|j|☆XZzhang
|j|☆MMisty
|inactive|Battle timer is ON: inactive players will automatically lose when time's up.
|t:|1636466762
|gametype|singles
|player|p1|XZzhang|falkner|
|player|p2|MMisty|blackbelt-gen4dp|
|teamsize|p1|6
|teamsize|p2|6
|gen|8
|tier|[Gen 8] UU
|rated|Tournament battle
|rule|Sleep Clause Mod: Limit one foe put to sleep
|rule|Species Clause: Limit one of each Pokémon
|rule|OHKO Clause: OHKO moves are banned
|rule|Evasion Moves Clause: Evasion moves are banned
|rule|Endless Battle Clause: Forcing endless battles is banned
|rule|HP Percentage Mod: HP is shown in percentages
|rule|Dynamax Clause: You cannot dynamax
|clearpoke
|poke|p1|Krookodile, M|
|poke|p1|Froslass, F|
|poke|p1|Mimikyu, F|
|poke|p1|Jirachi|
|poke|p1|Lycanroc-Dusk, M|
|poke|p1|Salamence, F|
|poke|p2|Azelf|
|poke|p2|Roserade, M|
|poke|p2|Rotom-Wash|
|poke|p2|Kommo-o, F|
|poke|p2|Mamoswine, F|
|poke|p2|Celesteela|
|teampreview
|inactive|XZzhang also wants the timer to be on.
|j| yinfoxfreak
|
|t:|1636466783
|start
|switch|p1a: Krookodile|Krookodile, M|100/100
|switch|p2a: Celesteela|Celesteela|100/100
|-ability|p1a: Krookodile|Intimidate|boost
|-unboost|p2a: Celesteela|atk|1
|turn|1
|j|+SeaRabbit
|
|t:|1636466788
|switch|p2a: Kommo-o|Kommo-o, F|100/100
|move|p1a: Krookodile|Taunt|p2a: Kommo-o
|-start|p2a: Kommo-o|move: Taunt
|
|upkeep
|turn|2
|
|t:|1636466801
|move|p1a: Krookodile|Stealth Rock|p2a: Kommo-o
|-sidestart|p2: MMisty|move: Stealth Rock
|move|p2a: Kommo-o|Body Press|p1a: Krookodile
|-supereffective|p1a: Krookodile
|-enditem|p1a: Krookodile|Focus Sash
|-damage|p1a: Krookodile|1/100
|
|upkeep
|turn|3
|
|t:|1636466808
|move|p1a: Krookodile|Earthquake|p2a: Kommo-o
|-damage|p2a: Kommo-o|71/100
|move|p2a: Kommo-o|Flamethrower|p1a: Krookodile
|-damage|p1a: Krookodile|0 fnt
|faint|p1a: Krookodile
|
|-end|p2a: Kommo-o|move: Taunt
|upkeep
|
|t:|1636466811
|switch|p1a: Froslass|Froslass, F|100/100
|turn|4
|
|t:|1636466817
|switch|p2a: Rotom|Rotom-Wash|100/100
|-damage|p2a: Rotom|88/100|[from] Stealth Rock
|move|p1a: Froslass|Icy Wind|p2a: Rotom
|-resisted|p2a: Rotom
|-damage|p2a: Rotom|77/100
|-unboost|p2a: Rotom|spe|1
|
|upkeep
|turn|5
|
|t:|1636466826
|move|p1a: Froslass|Taunt|p2a: Rotom
|-start|p2a: Rotom|move: Taunt
|move|p2a: Rotom|Volt Switch|p1a: Froslass
|-damage|p1a: Froslass|61/100
|-start|p2a: Rotom|Disable|Volt Switch|[from] ability: Cursed Body|[of] p1a: Froslass
|
|t:|1636466832
|switch|p2a: Azelf|Azelf|100/100|[from]move: Volt Switch
|
|upkeep
|turn|6
|l|+SeaRabbit
|
|t:|1636466838
|move|p2a: Azelf|Flamethrower|p1a: Froslass
|-supereffective|p1a: Froslass
|-damage|p1a: Froslass|0 fnt
|faint|p1a: Froslass
|
|upkeep
|
|t:|1636466851
|switch|p1a: Jirachi|Jirachi|100/100
|turn|7
|
|t:|1636466859
|switch|p2a: Celesteela|Celesteela|100/100
|-damage|p2a: Celesteela|88/100|[from] Stealth Rock
|move|p1a: Jirachi|Iron Head|p2a: Celesteela
|-resisted|p2a: Celesteela
|-crit|p2a: Celesteela
|-damage|p2a: Celesteela|65/100
|
|-heal|p2a: Celesteela|71/100|[from] item: Leftovers
|upkeep
|turn|8
|
|t:|1636466871
|move|p1a: Jirachi|Iron Head|p2a: Celesteela
|-resisted|p2a: Celesteela
|-damage|p2a: Celesteela|57/100
|move|p2a: Celesteela|Leech Seed|p1a: Jirachi
|-start|p1a: Jirachi|move: Leech Seed
|
|-heal|p2a: Celesteela|63/100|[from] item: Leftovers
|-damage|p1a: Jirachi|88/100|[from] Leech Seed|[of] p2a: Celesteela
|-heal|p2a: Celesteela|74/100|[silent]
|upkeep
|turn|9
|j|♚Allen-xia
|
|t:|1636466897
|move|p1a: Jirachi|Iron Head|p2a: Celesteela
|-resisted|p2a: Celesteela
|-damage|p2a: Celesteela|59/100
|move|p2a: Celesteela|Heavy Slam|p1a: Jirachi
|-resisted|p1a: Jirachi
|-damage|p1a: Jirachi|69/100
|
|-heal|p2a: Celesteela|65/100|[from] item: Leftovers
|-damage|p1a: Jirachi|57/100|[from] Leech Seed|[of] p2a: Celesteela
|-heal|p2a: Celesteela|76/100|[silent]
|upkeep
|turn|10
|
|t:|1636466902
|switch|p1a: Lycanroc|Lycanroc-Dusk, M|100/100
|move|p2a: Celesteela|Protect||[still]
|-fail|p2a: Celesteela
|
|-heal|p2a: Celesteela|82/100|[from] item: Leftovers
|upkeep
|turn|11
|
|t:|1636466911
|move|p1a: Lycanroc|Stone Edge|p2a: Celesteela
|-damage|p2a: Celesteela|33/100
|-damage|p1a: Lycanroc|91/100|[from] item: Life Orb
|move|p2a: Celesteela|Heavy Slam|p1a: Lycanroc
|-supereffective|p1a: Lycanroc
|-damage|p1a: Lycanroc|0 fnt
|faint|p1a: Lycanroc
|-ability|p2a: Celesteela|Beast Boost|boost
|-boost|p2a: Celesteela|spd|1
|
|-heal|p2a: Celesteela|39/100|[from] item: Leftovers
|upkeep
|j| cbz狗123
|
|t:|1636466922
|switch|p1a: Mimikyu|Mimikyu, F|100/100
|turn|12
|
|t:|1636466927
|move|p1a: Mimikyu|Swords Dance|p1a: Mimikyu
|-boost|p1a: Mimikyu|atk|2
|move|p2a: Celesteela|Heavy Slam|p1a: Mimikyu
|-activate|p1a: Mimikyu|ability: Disguise
|-damage|p1a: Mimikyu|100/100
|detailschange|p1a: Mimikyu|Mimikyu-Busted, F
|-damage|p1a: Mimikyu|88/100|[from] pokemon: Mimikyu-Busted
|
|-heal|p2a: Celesteela|45/100|[from] item: Leftovers
|upkeep
|turn|13
|
|t:|1636466946
|switch|p2a: Kommo-o|Kommo-o, F|71/100
|-damage|p2a: Kommo-o|65/100|[from] Stealth Rock
|move|p1a: Mimikyu|Shadow Sneak|p2a: Kommo-o
|-damage|p2a: Kommo-o|38/100
|-damage|p1a: Mimikyu|72/100|[from] item: Rocky Helmet|[of] p2a: Kommo-o
|-damage|p1a: Mimikyu|62/100|[from] item: Life Orb
|
|upkeep
|turn|14
|
|t:|1636466953
|move|p1a: Mimikyu|Play Rough|p2a: Kommo-o
|-supereffective|p2a: Kommo-o
|-damage|p2a: Kommo-o|0 fnt
|-damage|p1a: Mimikyu|46/100|[from] item: Rocky Helmet|[of] p2a: Kommo-o
|faint|p2a: Kommo-o
|-damage|p1a: Mimikyu|36/100|[from] item: Life Orb
|
|upkeep
|
|t:|1636466957
|switch|p2a: Rotom|Rotom-Wash|77/100
|-damage|p2a: Rotom|65/100|[from] Stealth Rock
|turn|15
|
|t:|1636466962
|move|p2a: Rotom|Volt Switch|p1a: Mimikyu
|-damage|p1a: Mimikyu|3/100
|
|t:|1636466974
|switch|p2a: Roserade|Roserade, M|100/100|[from]move: Volt Switch
|move|p1a: Mimikyu|Play Rough|p2a: Roserade
|-resisted|p2a: Roserade
|-damage|p2a: Roserade|48/100
|-damage|p1a: Mimikyu|0 fnt|[from] item: Life Orb
|faint|p1a: Mimikyu
|
|upkeep
|
|t:|1636466982
|switch|p1a: Salamence|Salamence, F|100/100
|turn|16
|
|t:|1636466987
|move|p1a: Salamence|Dragon Dance|p1a: Salamence
|-boost|p1a: Salamence|atk|1
|-boost|p1a: Salamence|spe|1
|move|p2a: Roserade|Sleep Powder|p1a: Salamence
|-status|p1a: Salamence|slp|[from] move: Sleep Powder
|-enditem|p1a: Salamence|Lum Berry|[eat]
|-curestatus|p1a: Salamence|slp|[msg]
|
|upkeep
|turn|17
|
|t:|1636466991
|move|p1a: Salamence|Dual Wingbeat|p2a: Roserade|[miss]
|-miss|p1a: Salamence|p2a: Roserade
|move|p2a: Roserade|Sleep Powder|p1a: Salamence
|-status|p1a: Salamence|slp|[from] move: Sleep Powder
|
|upkeep
|turn|18
|
|t:|1636467000
|cant|p1a: Salamence|slp
|move|p2a: Roserade|Sludge Bomb|p1a: Salamence
|-damage|p1a: Salamence|58/100 slp
|
|upkeep
|turn|19
|
|t:|1636467004
|cant|p1a: Salamence|slp
|move|p2a: Roserade|Sludge Bomb|p1a: Salamence
|-damage|p1a: Salamence|9/100 slp
|
|upkeep
|turn|20
|
|t:|1636467005
|cant|p1a: Salamence|slp
|move|p2a: Roserade|Sludge Bomb|p1a: Salamence
|-crit|p1a: Salamence
|-damage|p1a: Salamence|0 fnt
|faint|p1a: Salamence
|
|upkeep
|
|t:|1636467008
|switch|p1a: Jirachi|Jirachi|57/100
|turn|21
|j| rffI23
|
|t:|1636467013
|move|p1a: Jirachi|Iron Head|p2a: Roserade
|-damage|p2a: Roserade|7/100
|cant|p2a: Roserade|flinch
|
|upkeep
|turn|22
|
|t:|1636467016
|move|p1a: Jirachi|Iron Head|p2a: Roserade
|-damage|p2a: Roserade|0 fnt
|faint|p2a: Roserade
|
|upkeep
|
|t:|1636467021
|switch|p2a: Rotom|Rotom-Wash|65/100
|-damage|p2a: Rotom|52/100|[from] Stealth Rock
|turn|23
|
|t:|1636467026
|move|p1a: Jirachi|Iron Head|p2a: Rotom
|-resisted|p2a: Rotom
|-damage|p2a: Rotom|44/100
|cant|p2a: Rotom|flinch
|
|upkeep
|turn|24
|
|t:|1636467031
|move|p1a: Jirachi|Iron Head|p2a: Rotom
|-resisted|p2a: Rotom
|-damage|p2a: Rotom|35/100
|cant|p2a: Rotom|flinch
|
|upkeep
|turn|25
|
|t:|1636467035
|move|p1a: Jirachi|Iron Head|p2a: Rotom
|-resisted|p2a: Rotom
|-damage|p2a: Rotom|25/100
|move|p2a: Rotom|Volt Switch|p1a: Jirachi
|-damage|p1a: Jirachi|33/100
|
|t:|1636467037
|switch|p2a: Celesteela|Celesteela|45/100|[from]move: Volt Switch
|-damage|p2a: Celesteela|33/100|[from] Stealth Rock
|
|-heal|p2a: Celesteela|39/100|[from] item: Leftovers
|upkeep
|turn|26
|
|t:|1636467040
|move|p2a: Celesteela|Protect|p2a: Celesteela
|-singleturn|p2a: Celesteela|Protect
|move|p1a: Jirachi|Iron Head|p2a: Celesteela
|-activate|p2a: Celesteela|move: Protect
|
|-heal|p2a: Celesteela|45/100|[from] item: Leftovers
|upkeep
|turn|27
|
|t:|1636467043
|move|p1a: Jirachi|Iron Head|p2a: Celesteela
|-resisted|p2a: Celesteela
|-damage|p2a: Celesteela|31/100
|move|p2a: Celesteela|Flamethrower|p1a: Jirachi
|-supereffective|p1a: Jirachi
|-damage|p1a: Jirachi|0 fnt
|faint|p1a: Jirachi
|
|win|MMisty
|n|☆XZzhang|xzzhang
|n|☆MMisty|mmisty
|n| yinfoxfreak|yinfoxfreak
|n|♚Allen-xia|allenxia
|n| cbz狗123|cbz123
|n| rffI23|rffi23
