|uhtml|report-battle|<b>将对战链接公开到:</b> <button class="button" name="send" value="/reportto skypillar">Sky Pillar</button><button class="button" name="send" value="/reportto shinx">Shinx</button>
|j|☆ban123456
|j|☆b冰葑Bing_Feng
|inactive|Battle timer is ON: inactive players will automatically lose when time's up.
|t:|1666415181
|gametype|singles
|player|p1|ban123456|worker|
|player|p2|b冰葑Bing_Feng|nyar202210.png|
|teamsize|p1|6
|teamsize|p2|6
|gen|8
|tier|[Gen 8] UU
|rated|Tournament battle
|rule|Sleep Clause Mod: Limit one foe put to sleep
|rule|Species Clause: Limit one of each Pokémon
|rule|OHKO Clause: OHKO moves are banned
|rule|Evasion Items Clause: Evasion items are banned
|rule|Evasion Moves Clause: Evasion moves are banned
|rule|Endless Battle Clause: Forcing endless battles is banned
|rule|HP Percentage Mod: HP is shown in percentages
|rule|Dynamax Clause: You cannot dynamax
|clearpoke
|poke|p1|Slowbro-Galar, M|
|poke|p1|Torkoal, F|
|poke|p1|Darmanitan, F|
|poke|p1|Venusaur, M|
|poke|p1|Celesteela|
|poke|p1|Nidoking, M|
|poke|p2|Keldeo-Resolute|
|poke|p2|Nidoking, M|
|poke|p2|Azelf|
|poke|p2|Nihilego|
|poke|p2|Zarude-Dada|
|poke|p2|Cloyster, F|
|teampreview
|inactive|b冰葑Bing_Feng also wants the timer to be on.
|
|t:|1666415197
|start
|switch|p1a: Slowbro|Slowbro-Galar, M|100/100
|switch|p2a: Azelf|Azelf|100/100
|turn|1
|
|t:|1666415203
|switch|p1a: Torkoal|Torkoal, F|100/100
|-weather|SunnyDay|[from] ability: Drought|[of] p1a: Torkoal
|move|p2a: Azelf|Thunder Wave|p1a: Torkoal
|-status|p1a: Torkoal|par
|
|-weather|SunnyDay|[upkeep]
|upkeep
|turn|2
|
|t:|1666415212
|move|p2a: Azelf|Stealth Rock|p1a: Torkoal
|-sidestart|p1: ban123456|move: Stealth Rock
|move|p1a: Torkoal|Lava Plume|p2a: Azelf
|-damage|p2a: Azelf|57/100
|
|-weather|SunnyDay|[upkeep]
|upkeep
|turn|3
|
|t:|1666415216
|move|p2a: Azelf|Taunt|p1a: Torkoal
|-start|p1a: Torkoal|move: Taunt
|cant|p1a: Torkoal|par
|
|-weather|SunnyDay|[upkeep]
|upkeep
|turn|4
|
|t:|1666415220
|move|p2a: Azelf|Explosion|p1a: Torkoal
|-damage|p1a: Torkoal|52/100 par
|faint|p2a: Azelf
|move|p1a: Torkoal|Rapid Spin|p2: Azelf|[notarget]
|-fail|p1a: Torkoal
|
|-weather|SunnyDay|[upkeep]
|upkeep
|j| czcyf
|
|t:|1666415231
|switch|p2a: Nidoking|Nidoking, M|100/100
|turn|5
|
|t:|1666415242
|move|p2a: Nidoking|Thunderbolt|p1a: Torkoal
|-damage|p1a: Torkoal|16/100 par
|move|p1a: Torkoal|Rapid Spin|p2a: Nidoking
|-damage|p2a: Nidoking|87/100
|-boost|p1a: Torkoal|spe|1
|-sideend|p1: ban123456|Stealth Rock|[from] move: Rapid Spin|[of] p1a: Torkoal
|
|-weather|SunnyDay|[upkeep]
|-end|p1a: Torkoal|move: Taunt
|upkeep
|turn|6
|
|t:|1666415252
|switch|p1a: Nidoking|Nidoking, M|100/100
|move|p2a: Nidoking|Earth Power|p1a: Nidoking
|-supereffective|p1a: Nidoking
|-damage|p1a: Nidoking|0 fnt
|faint|p1a: Nidoking
|
|-weather|SunnyDay|[upkeep]
|upkeep
|
|t:|1666415257
|switch|p1a: Slowbro|Slowbro-Galar, M|100/100
|turn|7
|-activate|p1a: Slowbro|ability: Quick Draw
|
|t:|1666415260
|move|p1a: Slowbro|Ice Beam|p2a: Nidoking
|-supereffective|p2a: Nidoking
|-damage|p2a: Nidoking|0 fnt
|faint|p2a: Nidoking
|
|-weather|SunnyDay|[upkeep]
|upkeep
|
|t:|1666415264
|switch|p2a: Zarude|Zarude-Dada|100/100
|turn|8
|
|t:|1666415275
|move|p2a: Zarude|U-turn|p1a: Slowbro
|-damage|p1a: Slowbro|79/100
|
|t:|1666415282
|switch|p2a: Keldeo|Keldeo-Resolute|100/100|[from]move: U-turn
|move|p1a: Slowbro|Focus Blast|p2a: Keldeo|[miss]
|-miss|p1a: Slowbro|p2a: Keldeo
|
|-weather|none
|upkeep
|turn|9
|-activate|p1a: Slowbro|item: Quick Claw
|
|t:|1666415291
|move|p1a: Slowbro|Nasty Plot|p1a: Slowbro
|-boost|p1a: Slowbro|spa|2
|move|p2a: Keldeo|Air Slash|p1a: Slowbro
|-damage|p1a: Slowbro|50/100
|
|upkeep
|turn|10
|
|t:|1666415298
|move|p2a: Keldeo|Air Slash|p1a: Slowbro
|-damage|p1a: Slowbro|18/100
|move|p1a: Slowbro|Psyshock|p2a: Keldeo
|-supereffective|p2a: Keldeo
|-damage|p2a: Keldeo|0 fnt
|faint|p2a: Keldeo
|
|upkeep
|
|t:|1666415307
|switch|p2a: Cloyster|Cloyster, F|100/100
|turn|11
|
|t:|1666415312
|move|p2a: Cloyster|Icicle Spear|p1a: Slowbro
|-damage|p1a: Slowbro|7/100
|-damage|p1a: Slowbro|0 fnt
|faint|p1a: Slowbro
|-hitcount|p1: Slowbro|2
|
|upkeep
|c|☆ban123456|。‘
|
|t:|1666415319
|switch|p1a: Celesteela|Celesteela|100/100
|turn|12
|
|t:|1666415324
|move|p1a: Celesteela|Autotomize|p1a: Celesteela
|-boost|p1a: Celesteela|spe|2
|-start|p1a: Celesteela|Autotomize
|move|p2a: Cloyster|Icicle Spear|p1a: Celesteela
|-damage|p1a: Celesteela|88/100
|-damage|p1a: Celesteela|75/100
|-damage|p1a: Celesteela|63/100
|-damage|p1a: Celesteela|50/100
|-damage|p1a: Celesteela|39/100
|-hitcount|p1a: Celesteela|5
|
|upkeep
|turn|13
|
|t:|1666415334
|move|p1a: Celesteela|Meteor Beam||[still]
|-prepare|p1a: Celesteela|Meteor Beam
|-boost|p1a: Celesteela|spa|1
|-enditem|p1a: Celesteela|Power Herb
|-anim|p1a: Celesteela|Meteor Beam|p2a: Cloyster
|-supereffective|p2a: Cloyster
|-enditem|p2a: Cloyster|Focus Sash
|-damage|p2a: Cloyster|1/100
|move|p2a: Cloyster|Icicle Spear|p1a: Celesteela
|-damage|p1a: Celesteela|28/100
|-damage|p1a: Celesteela|16/100
|-damage|p1a: Celesteela|4/100
|-damage|p1a: Celesteela|0 fnt
|faint|p1a: Celesteela
|-hitcount|p1: Celesteela|4
|
|upkeep
|c|☆ban123456|6
|
|t:|1666415342
|switch|p1a: Darmanitan|Darmanitan, F|100/100
|turn|14
|
|t:|1666415346
|move|p1a: Darmanitan|U-turn|p2a: Cloyster
|-damage|p2a: Cloyster|0 fnt
|faint|p2a: Cloyster
|
|t:|1666415347
|switch|p1a: Torkoal|Torkoal, F|16/100 par|[from]move: U-turn
|-weather|SunnyDay|[from] ability: Drought|[of] p1a: Torkoal
|
|-weather|SunnyDay|[upkeep]
|upkeep
|
|t:|1666415350
|switch|p2a: Nihilego|Nihilego|100/100
|turn|15
|
|t:|1666415356
|move|p2a: Nihilego|Power Gem|p1a: Torkoal
|-supereffective|p1a: Torkoal
|-damage|p1a: Torkoal|0 fnt
|faint|p1a: Torkoal
|-ability|p2a: Nihilego|Beast Boost|boost
|-boost|p2a: Nihilego|spa|1
|
|-weather|SunnyDay|[upkeep]
|upkeep
|
|t:|1666415357
|switch|p1a: Darmanitan|Darmanitan, F|100/100
|turn|16
|
|t:|1666415363
|switch|p2a: Zarude|Zarude-Dada|100/100
|move|p1a: Darmanitan|Earthquake|p2a: Zarude
|-resisted|p2a: Zarude
|-damage|p2a: Zarude|83/100
|
|-weather|SunnyDay|[upkeep]
|upkeep
|turn|17
|
|t:|1666415370
|switch|p1a: Venusaur|Venusaur, M|100/100
|move|p2a: Zarude|Close Combat|p1a: Venusaur
|-resisted|p1a: Venusaur
|-damage|p1a: Venusaur|74/100
|-unboost|p2a: Zarude|def|1
|-unboost|p2a: Zarude|spd|1
|
|-weather|SunnyDay|[upkeep]
|upkeep
|turn|18
|
|t:|1666415374
|switch|p2a: Nihilego|Nihilego|100/100
|move|p1a: Venusaur|Growth|p1a: Venusaur
|-boost|p1a: Venusaur|atk|2
|-boost|p1a: Venusaur|spa|2
|
|-weather|SunnyDay|[upkeep]
|upkeep
|turn|19
|
|t:|1666415376
|move|p1a: Venusaur|Earth Power|p2a: Nihilego
|-supereffective|p2a: Nihilego
|-damage|p2a: Nihilego|0 fnt
|faint|p2a: Nihilego
|-damage|p1a: Venusaur|64/100|[from] item: Life Orb
|
|-weather|SunnyDay|[upkeep]
|upkeep
|
|t:|1666415378
|switch|p2a: Zarude|Zarude-Dada|83/100
|turn|20
|c|☆ban123456|gg
|
|t:|1666415381
|move|p1a: Venusaur|Weather Ball|p2a: Zarude
|-supereffective|p2a: Zarude
|-damage|p2a: Zarude|0 fnt
|faint|p2a: Zarude
|-damage|p1a: Venusaur|54/100|[from] item: Life Orb
|
|win|ban123456
|n|☆ban123456|ban123456
|n|☆b冰葑Bing_Feng|bbingfeng
|n| czcyf|czcyf
