|uhtml|report-battle|<b>将对战链接公开到:</b> <button class="button" name="send" value="/reportto skypillar">Sky Pillar</button><button class="button" name="send" value="/reportto shinx">Shinx</button>
|j|☆b冰葑Bing_Feng
|j|☆Dragon Messenger
|t:|1666964605
|gametype|singles
|player|p1|b冰葑Bing_Feng|bbingfeng.png|
|player|p2|Dragon Messenger|lance|
|teamsize|p1|6
|teamsize|p2|6
|gen|8
|tier|[Gen 8] UU
|rule|Sleep Clause Mod: Limit one foe put to sleep
|rule|Species Clause: Limit one of each Pokémon
|rule|OHKO Clause: OHKO moves are banned
|rule|Evasion Items Clause: Evasion items are banned
|rule|Evasion Moves Clause: Evasion moves are banned
|rule|Endless Battle Clause: Forcing endless battles is banned
|rule|HP Percentage Mod: HP is shown in percentages
|rule|Dynamax Clause: You cannot dynamax
|clearpoke
|poke|p1|Excadrill, M|
|poke|p1|Celesteela|
|poke|p1|Gyarados, M|
|poke|p1|Scizor, M|
|poke|p1|Azelf|
|poke|p1|Keldeo-Resolute|
|poke|p2|Politoed, M|
|poke|p2|Skarmory, M|
|poke|p2|Kingdra, F|
|poke|p2|Rotom-Wash|
|poke|p2|Swampert, F|
|poke|p2|Scizor, F|
|teampreview
|inactive|Battle timer is ON: inactive players will automatically lose when time's up. (requested by b冰葑Bing_Feng)
|
|t:|1666964619
|start
|switch|p1a: Excadrill|Excadrill, M, shiny|100/100
|switch|p2a: Politoed|Politoed, M, shiny|100/100
|-ability|p1a: Excadrill|Mold Breaker
|-weather|RainDance|[from] ability: Drizzle|[of] p2a: Politoed
|turn|1
|
|t:|1666964634
|move|p1a: Excadrill|Stealth Rock|p2a: Politoed
|-sidestart|p2: Dragon Messenger|move: Stealth Rock
|move|p2a: Politoed|Scald|p1a: Excadrill
|-supereffective|p1a: Excadrill
|-damage|p1a: Excadrill|4/100
|
|-weather|RainDance|[upkeep]
|upkeep
|turn|2
|
|t:|1666964640
|move|p1a: Excadrill|Earthquake|p2a: Politoed
|-damage|p2a: Politoed|36/100
|move|p2a: Politoed|Scald|p1a: Excadrill
|-supereffective|p1a: Excadrill
|-damage|p1a: Excadrill|0 fnt
|faint|p1a: Excadrill
|
|-weather|RainDance|[upkeep]
|-heal|p2a: Politoed|42/100|[from] item: Leftovers
|upkeep
|
|t:|1666964655
|switch|p1a: Gyarados|Gyarados, M, shiny|100/100
|turn|3
|
|t:|1666964662
|switch|p2a: Skarmory|Skarmory, M, shiny|100/100
|-damage|p2a: Skarmory|88/100|[from] Stealth Rock
|move|p1a: Gyarados|Dragon Dance|p1a: Gyarados
|-boost|p1a: Gyarados|atk|1
|-boost|p1a: Gyarados|spe|1
|
|-weather|RainDance|[upkeep]
|-heal|p2a: Skarmory|94/100|[from] item: Leftovers
|upkeep
|turn|4
|
|t:|1666964668
|move|p1a: Gyarados|Dragon Dance|p1a: Gyarados
|-boost|p1a: Gyarados|atk|1
|-boost|p1a: Gyarados|spe|1
|move|p2a: Skarmory|Defog|p1a: Gyarados
|-unboost|p1a: Gyarados|evasion|1
|-sideend|p2: Dragon Messenger|Stealth Rock|[from] move: Defog|[of] p2a: Skarmory
|
|-weather|RainDance|[upkeep]
|-heal|p2a: Skarmory|99/100|[from] item: Leftovers
|upkeep
|turn|5
|c|☆Dragon Messenger|FK
|
|t:|1666964688
|move|p1a: Gyarados|Waterfall|p2a: Skarmory
|-damage|p2a: Skarmory|1/100
|move|p2a: Skarmory|Brave Bird|p1a: Gyarados
|-damage|p1a: Gyarados|54/100
|-damage|p2a: Skarmory|0 fnt|[from] Recoil
|faint|p2a: Skarmory
|
|-weather|none
|upkeep
|inactive|Dragon Messenger has 270 seconds left.
|
|t:|1666964711
|switch|p2a: Rotom|Rotom-Wash, shiny|100/100
|turn|6
|
|t:|1666964714
|move|p1a: Gyarados|Power Whip|p2a: Rotom
|-supereffective|p2a: Rotom
|-damage|p2a: Rotom|0 fnt
|faint|p2a: Rotom
|-ability|p1a: Gyarados|Moxie|boost
|-boost|p1a: Gyarados|atk|1
|
|upkeep
|
|t:|1666964717
|switch|p2a: Politoed|Politoed, M, shiny|42/100
|-weather|RainDance|[from] ability: Drizzle|[of] p2a: Politoed
|turn|7
|
|t:|1666964722
|move|p1a: Gyarados|Power Whip|p2a: Politoed
|-supereffective|p2a: Politoed
|-crit|p2a: Politoed
|-damage|p2a: Politoed|0 fnt
|faint|p2a: Politoed
|-ability|p1a: Gyarados|Moxie|boost
|-boost|p1a: Gyarados|atk|1
|
|-weather|RainDance|[upkeep]
|upkeep
|
|t:|1666964724
|switch|p2a: Kingdra|Kingdra, F|100/100
|turn|8
|
|t:|1666964727
|move|p2a: Kingdra|Draco Meteor|p1a: Gyarados
|-damage|p1a: Gyarados|0 fnt
|-unboost|p2a: Kingdra|spa|2
|faint|p1a: Gyarados
|
|-weather|RainDance|[upkeep]
|upkeep
|
|t:|1666964736
|switch|p1a: Keldeo|Keldeo-Resolute|100/100
|turn|9
|
|t:|1666964742
|move|p2a: Kingdra|Draco Meteor|p1a: Keldeo
|-crit|p1a: Keldeo
|-damage|p1a: Keldeo|0 fnt
|-unboost|p2a: Kingdra|spa|2
|faint|p1a: Keldeo
|
|-weather|RainDance|[upkeep]
|upkeep
|c|☆Dragon Messenger|我去CT
|
|t:|1666964753
|switch|p1a: Azelf|Azelf, shiny|100/100
|turn|10
|
|t:|1666964761
|switch|p2a: Swampert|Swampert, F|100/100
|move|p1a: Azelf|Dazzling Gleam|p2a: Swampert
|-damage|p2a: Swampert|75/100
|
|-weather|RainDance|[upkeep]
|upkeep
|turn|11
|
|t:|1666964768
|move|p1a: Azelf|Psyshock|p2a: Swampert
|-damage|p2a: Swampert|40/100
|move|p2a: Swampert|Waterfall|p1a: Azelf
|-damage|p1a: Azelf|0 fnt
|faint|p1a: Azelf
|
|-weather|none
|upkeep
|
|t:|1666964772
|switch|p1a: Celesteela|Celesteela, shiny|100/100
|turn|12
|
|t:|1666964776
|switch|p2a: Kingdra|Kingdra, F|100/100
|move|p1a: Celesteela|Autotomize|p1a: Celesteela
|-boost|p1a: Celesteela|spe|2
|-start|p1a: Celesteela|Autotomize
|
|upkeep
|turn|13
|
|t:|1666964778
|move|p1a: Celesteela|Meteor Beam||[still]
|-prepare|p1a: Celesteela|Meteor Beam
|-boost|p1a: Celesteela|spa|1
|-enditem|p1a: Celesteela|Power Herb
|-anim|p1a: Celesteela|Meteor Beam|p2a: Kingdra
|-damage|p2a: Kingdra|29/100
|move|p2a: Kingdra|Ice Beam|p1a: Celesteela
|-damage|p1a: Celesteela|62/100
|
|upkeep
|turn|14
|
|t:|1666964786
|move|p1a: Celesteela|Air Slash|p2a: Kingdra
|-damage|p2a: Kingdra|0 fnt
|faint|p2a: Kingdra
|-ability|p1a: Celesteela|Beast Boost|boost
|-boost|p1a: Celesteela|spa|1
|
|upkeep
|
|t:|1666964789
|switch|p2a: Scizor|Scizor, F|100/100
|turn|15
|
|t:|1666964790
|move|p1a: Celesteela|Flamethrower|p2a: Scizor
|-supereffective|p2a: Scizor
|-damage|p2a: Scizor|0 fnt
|faint|p2a: Scizor
|-ability|p1a: Celesteela|Beast Boost|boost
|-boost|p1a: Celesteela|spa|1
|
|upkeep
|
|t:|1666964792
|switch|p2a: Swampert|Swampert, F|40/100
|turn|16
|
|t:|1666964800
|move|p1a: Celesteela|Air Slash|p2a: Swampert
|-damage|p2a: Swampert|0 fnt
|faint|p2a: Swampert
|
|win|b冰葑Bing_Feng
|c|☆Dragon Messenger|GG
|c|☆Dragon Messenger|再来？
|c|☆b冰葑Bing_Feng|gg
|c|☆b冰葑Bing_Feng|再打g2
|l|☆Dragon Messenger
