|uhtml|report-battle|<b>将对战链接公开到:</b> <button class="button" name="send" value="/reportto skypillar">Sky Pillar</button><button class="button" name="send" value="/reportto shinx">Shinx</button>
|j|☆ban123456
|j|☆b冰葑Bing_Feng
|inactive|Battle timer is ON: inactive players will automatically lose when time's up.
|t:|1666501881
|gametype|singles
|player|p1|ban123456|worker|
|player|p2|b冰葑Bing_Feng|nyar202210.png|
|teamsize|p1|6
|teamsize|p2|6
|gen|8
|tier|[Gen 8] UU
|rated|Tournament battle
|rule|Sleep Clause Mod: Limit one foe put to sleep
|rule|Species Clause: Limit one of each Pokémon
|rule|OHKO Clause: OHKO moves are banned
|rule|Evasion Items Clause: Evasion items are banned
|rule|Evasion Moves Clause: Evasion moves are banned
|rule|Endless Battle Clause: Forcing endless battles is banned
|rule|HP Percentage Mod: HP is shown in percentages
|rule|Dynamax Clause: You cannot dynamax
|clearpoke
|poke|p1|Slowbro-Galar, F|
|poke|p1|Torkoal, M|
|poke|p1|Darmanitan, M|
|poke|p1|Venusaur, M|
|poke|p1|Celesteela|
|poke|p1|Nidoking, M|
|poke|p2|Excadrill, M|
|poke|p2|Celesteela|
|poke|p2|Gyarados, M|
|poke|p2|Scizor, M|
|poke|p2|Azelf|
|poke|p2|Keldeo-Resolute|
|teampreview
|inactive|b冰葑Bing_Feng also wants the timer to be on.
|j| ZeLiu
|j| czcyf
|
|t:|1666501892
|start
|switch|p1a: Torkoal|Torkoal, M|100/100
|switch|p2a: Excadrill|Excadrill, M, shiny|100/100
|-ability|p2a: Excadrill|Mold Breaker
|-weather|SunnyDay|[from] ability: Drought|[of] p1a: Torkoal
|turn|1
|l| ZeLiu
|
|t:|1666501901
|move|p2a: Excadrill|Earthquake|p1a: Torkoal
|-supereffective|p1a: Torkoal
|-damage|p1a: Torkoal|15/100
|move|p1a: Torkoal|Lava Plume|p2a: Excadrill
|-supereffective|p2a: Excadrill
|-enditem|p2a: Excadrill|Focus Sash
|-damage|p2a: Excadrill|1/100
|
|-weather|SunnyDay|[upkeep]
|upkeep
|turn|2
|
|t:|1666501911
|move|p2a: Excadrill|Rapid Spin|p1a: Torkoal
|-damage|p1a: Torkoal|2/100
|-boost|p2a: Excadrill|spe|1
|move|p1a: Torkoal|Rapid Spin|p2a: Excadrill
|-resisted|p2a: Excadrill
|-damage|p2a: Excadrill|0 fnt
|-boost|p1a: Torkoal|spe|1
|faint|p2a: Excadrill
|
|-weather|SunnyDay|[upkeep]
|upkeep
|c|☆ban123456|6
|
|t:|1666501927
|switch|p2a: Gyarados|Gyarados, M, shiny|100/100
|turn|3
|
|t:|1666501932
|switch|p1a: Celesteela|Celesteela|100/100
|move|p2a: Gyarados|Dragon Dance|p2a: Gyarados
|-boost|p2a: Gyarados|atk|1
|-boost|p2a: Gyarados|spe|1
|
|-weather|SunnyDay|[upkeep]
|upkeep
|turn|4
|c| czcyf|我来学学
|
|t:|1666501942
|move|p2a: Gyarados|Ice Fang|p1a: Celesteela
|-damage|p1a: Celesteela|66/100
|move|p1a: Celesteela|Autotomize|p1a: Celesteela
|-boost|p1a: Celesteela|spe|2
|-start|p1a: Celesteela|Autotomize
|
|-weather|SunnyDay|[upkeep]
|upkeep
|turn|5
|
|t:|1666501957
|switch|p2a: Scizor|Scizor, M, shiny|100/100
|move|p1a: Celesteela|Meteor Beam||[still]
|-prepare|p1a: Celesteela|Meteor Beam
|-boost|p1a: Celesteela|spa|1
|-enditem|p1a: Celesteela|Power Herb
|-anim|p1a: Celesteela|Meteor Beam|p2a: Scizor
|-damage|p2a: Scizor|18/100
|
|-weather|SunnyDay|[upkeep]
|upkeep
|turn|6
|
|t:|1666501964
|move|p2a: Scizor|Bullet Punch|p1a: Celesteela
|-resisted|p1a: Celesteela
|-damage|p1a: Celesteela|45/100
|-damage|p2a: Scizor|8/100|[from] item: Life Orb
|move|p1a: Celesteela|Air Slash|p2a: Scizor
|-damage|p2a: Scizor|0 fnt
|faint|p2a: Scizor
|-ability|p1a: Celesteela|Beast Boost|boost
|-boost|p1a: Celesteela|spa|1
|
|-weather|SunnyDay|[upkeep]
|upkeep
|
|t:|1666501967
|switch|p2a: Azelf|Azelf|100/100
|turn|7
|
|t:|1666501969
|move|p1a: Celesteela|Air Slash|p2a: Azelf
|-damage|p2a: Azelf|0 fnt
|faint|p2a: Azelf
|-ability|p1a: Celesteela|Beast Boost|boost
|-boost|p1a: Celesteela|spa|1
|
|-weather|SunnyDay|[upkeep]
|upkeep
|
|t:|1666501975
|switch|p2a: Celesteela|Celesteela, shiny|100/100
|turn|8
|c|☆ban123456|gg
|c|☆ban123456|投了吧
|
|t:|1666501981
|move|p1a: Celesteela|Flamethrower|p2a: Celesteela
|-supereffective|p2a: Celesteela
|-damage|p2a: Celesteela|0 fnt
|faint|p2a: Celesteela
|-ability|p1a: Celesteela|Beast Boost|boost
|-boost|p1a: Celesteela|spa|1
|
|-weather|none
|upkeep
|-message|b冰葑Bing_Feng forfeited.
|
|win|ban123456
|n|☆ban123456|ban123456
|n|☆b冰葑Bing_Feng|bbingfeng
|n| czcyf|czcyf
