|uhtml|report-battle|<b>将对战链接公开到:</b> <button class="button" name="send" value="/reportto skypillar">Sky Pillar</button><button class="button" name="send" value="/reportto shinx">Shinx</button>
|j|☆Bird of belief ❀
|j|☆b冰葑Bing_Feng
|inactive|Battle timer is ON: inactive players will automatically lose when time's up.
|t:|1667020842
|gametype|singles
|player|p1|Bird of belief ❀|birdofbelief.png|
|player|p2|b冰葑Bing_Feng|bbingfeng.png|
|teamsize|p1|6
|teamsize|p2|6
|gen|8
|tier|[Gen 8] UU
|rated|Tournament battle
|rule|Sleep Clause Mod: Limit one foe put to sleep
|rule|Species Clause: Limit one of each Pokémon
|rule|OHKO Clause: OHKO moves are banned
|rule|Evasion Items Clause: Evasion items are banned
|rule|Evasion Moves Clause: Evasion moves are banned
|rule|Endless Battle Clause: Forcing endless battles is banned
|rule|HP Percentage Mod: HP is shown in percentages
|rule|Dynamax Clause: You cannot dynamax
|clearpoke
|poke|p1|Ribombee, M|
|poke|p1|Thundurus-Therian, M|
|poke|p1|Celesteela|
|poke|p1|Azelf|
|poke|p1|Lucario, M|
|poke|p1|Gyarados, F|
|poke|p2|Cobalion|
|poke|p2|Hydreigon, M|
|poke|p2|Regieleki|
|poke|p2|Salamence, M|
|poke|p2|Zarude-Dada|
|poke|p2|Darmanitan, F|
|teampreview
|inactive|b冰葑Bing_Feng also wants the timer to be on.
|j| cbz123
|j| Ferrothornisevil
|l| Ferrothornisevil
|c|☆Bird of belief ❀|哦草电柱子
|
|t:|1667020853
|start
|switch|p1a: Ribombee|Ribombee, M|100/100
|switch|p2a: Regieleki|Regieleki|100/100
|turn|1
|
|t:|1667020858
|move|p2a: Regieleki|Thunderbolt|p1a: Ribombee
|-enditem|p1a: Ribombee|Focus Sash
|-damage|p1a: Ribombee|1/100
|move|p1a: Ribombee|Sticky Web|p2a: Regieleki
|-sidestart|p2: b冰葑Bing_Feng|move: Sticky Web
|
|upkeep
|turn|2
|
|t:|1667020863
|move|p2a: Regieleki|Rapid Spin|p1a: Ribombee
|-damage|p1a: Ribombee|0 fnt
|-boost|p2a: Regieleki|spe|1
|-sideend|p2: b冰葑Bing_Feng|Sticky Web|[from] move: Rapid Spin|[of] p2a: Regieleki
|faint|p1a: Ribombee
|
|upkeep
|
|t:|1667020866
|switch|p1a: Thundurus|Thundurus-Therian, M|100/100
|turn|3
|
|t:|1667020875
|switch|p2a: Darmanitan|Darmanitan, F|100/100
|move|p1a: Thundurus|Focus Blast|p2a: Darmanitan
|-damage|p2a: Darmanitan|36/100
|
|upkeep
|turn|4
|
|t:|1667020881
|switch|p1a: Gyarados|Gyarados, F|100/100
|move|p2a: Darmanitan|Flare Blitz|p1a: Gyarados
|-resisted|p1a: Gyarados
|-damage|p1a: Gyarados|44/100
|-damage|p2a: Darmanitan|18/100|[from] Recoil
|
|upkeep
|turn|5
|
|t:|1667020883
|move|p2a: Darmanitan|Flare Blitz|p1a: Gyarados
|-resisted|p1a: Gyarados
|-damage|p1a: Gyarados|0 fnt
|faint|p1a: Gyarados
|-damage|p2a: Darmanitan|4/100|[from] Recoil
|
|upkeep
|
|t:|1667020888
|switch|p1a: Lucario|Lucario, M|100/100
|turn|6
|
|t:|1667020891
|move|p1a: Lucario|Extreme Speed|p2a: Darmanitan
|-crit|p2a: Darmanitan
|-damage|p2a: Darmanitan|0 fnt
|faint|p2a: Darmanitan
|-damage|p1a: Lucario|91/100|[from] item: Life Orb
|
|upkeep
|j| jgjghj
|inactive|b冰葑Bing_Feng has 120 seconds left.
|l| jgjghj
|inactive|b冰葑Bing_Feng has 90 seconds left.
|
|t:|1667020972
|switch|p2a: Regieleki|Regieleki|100/100
|turn|7
|
|t:|1667020975
|switch|p2a: Hydreigon|Hydreigon, M|100/100
|move|p1a: Lucario|Extreme Speed|p2a: Hydreigon
|-damage|p2a: Hydreigon|60/100
|-damage|p1a: Lucario|81/100|[from] item: Life Orb
|
|upkeep
|turn|8
|
|t:|1667020980
|switch|p1a: Azelf|Azelf|100/100
|move|p2a: Hydreigon|Fire Blast|p1a: Azelf
|-damage|p1a: Azelf|39/100
|
|upkeep
|turn|9
|
|t:|1667020984
|move|p2a: Hydreigon|Fire Blast|p1a: Azelf
|-damage|p1a: Azelf|0 fnt
|faint|p1a: Azelf
|
|upkeep
|
|t:|1667020993
|switch|p1a: Celesteela|Celesteela|100/100
|turn|10
|
|t:|1667020995
|move|p2a: Hydreigon|Fire Blast|p1a: Celesteela
|-supereffective|p1a: Celesteela
|-damage|p1a: Celesteela|23/100
|move|p1a: Celesteela|Autotomize|p1a: Celesteela
|-boost|p1a: Celesteela|spe|2
|-start|p1a: Celesteela|Autotomize
|
|upkeep
|turn|11
|
|t:|1667020998
|move|p2a: Hydreigon|Fire Blast|p1a: Celesteela
|-supereffective|p1a: Celesteela
|-damage|p1a: Celesteela|0 fnt
|faint|p1a: Celesteela
|
|upkeep
|
|t:|1667021002
|switch|p1a: Thundurus|Thundurus-Therian, M|100/100
|turn|12
|
|t:|1667021004
|move|p2a: Hydreigon|Fire Blast|p1a: Thundurus|[miss]
|-miss|p2a: Hydreigon|p1a: Thundurus
|move|p1a: Thundurus|Focus Blast|p2a: Hydreigon
|-supereffective|p2a: Hydreigon
|-damage|p2a: Hydreigon|0 fnt
|faint|p2a: Hydreigon
|
|upkeep
|
|t:|1667021011
|switch|p2a: Salamence|Salamence, M|100/100
|turn|13
|
|t:|1667021014
|move|p1a: Thundurus|Nasty Plot|p1a: Thundurus
|-boost|p1a: Thundurus|spa|2
|move|p2a: Salamence|Dragon Dance|p2a: Salamence
|-boost|p2a: Salamence|atk|1
|-boost|p2a: Salamence|spe|1
|
|upkeep
|turn|14
|
|t:|1667021017
|move|p2a: Salamence|Outrage|p1a: Thundurus
|-damage|p1a: Thundurus|0 fnt
|faint|p1a: Thundurus
|-ability|p2a: Salamence|Moxie|boost
|-boost|p2a: Salamence|atk|1
|
|upkeep
|-message|Bird of belief ❀ forfeited.
|
|win|b冰葑Bing_Feng
|n|☆Bird of belief ❀|birdofbelief
|n|☆b冰葑Bing_Feng|bbingfeng
|n| cbz123|cbz123
