|uhtml|report-battle|<b>将对战链接公开到:</b> <button class="button" name="send" value="/reportto skypillar">Sky Pillar</button><button class="button" name="send" value="/reportto shinx">Shinx</button>
|j|☆Ferrothornisevil
|j|☆b冰葑Bing_Feng
|inactive|Battle timer is ON: inactive players will automatically lose when time's up.
|t:|1665897572
|gametype|singles
|player|p1|Ferrothornisevil|preschoolerf|
|player|p2|b冰葑Bing_Feng|nyar202210.png|
|teamsize|p1|6
|teamsize|p2|6
|gen|8
|tier|[Gen 8] UU
|rated|Tournament battle
|rule|Sleep Clause Mod: Limit one foe put to sleep
|rule|Species Clause: Limit one of each Pokémon
|rule|OHKO Clause: OHKO moves are banned
|rule|Evasion Items Clause: Evasion items are banned
|rule|Evasion Moves Clause: Evasion moves are banned
|rule|Endless Battle Clause: Forcing endless battles is banned
|rule|HP Percentage Mod: HP is shown in percentages
|rule|Dynamax Clause: You cannot dynamax
|clearpoke
|poke|p1|Azelf|
|poke|p1|Keldeo-Resolute|
|poke|p1|Nihilego|
|poke|p1|Nidoking, M|
|poke|p1|Zarude|
|poke|p1|Cloyster, F|
|poke|p2|Azelf|
|poke|p2|Celesteela|
|poke|p2|Gyarados, F|
|poke|p2|Excadrill, F|
|poke|p2|Keldeo-Resolute|
|poke|p2|Scizor, F|
|teampreview
|inactive|b冰葑Bing_Feng also wants the timer to be on.
|inactive|b冰葑Bing_Feng has 120 seconds left.
|
|t:|1665897608
|start
|switch|p1a: Cloyster|Cloyster, F|100/100
|switch|p2a: Excadrill|Excadrill, F, shiny|100/100
|-ability|p2a: Excadrill|Mold Breaker
|turn|1
|
|t:|1665897613
|move|p2a: Excadrill|Rock Tomb|p1a: Cloyster
|-supereffective|p1a: Cloyster
|-damage|p1a: Cloyster|66/100
|-unboost|p1a: Cloyster|spe|1
|move|p1a: Cloyster|Rapid Spin|p2a: Excadrill
|-resisted|p2a: Excadrill
|-damage|p2a: Excadrill|90/100
|-boost|p1a: Cloyster|spe|1
|
|upkeep
|turn|2
|
|t:|1665897618
|move|p2a: Excadrill|Rock Tomb|p1a: Cloyster
|-supereffective|p1a: Cloyster
|-damage|p1a: Cloyster|31/100
|-unboost|p1a: Cloyster|spe|1
|move|p1a: Cloyster|Rain Dance|p1a: Cloyster
|-weather|RainDance
|
|-weather|RainDance|[upkeep]
|upkeep
|turn|3
|
|t:|1665897625
|move|p2a: Excadrill|Rock Tomb|p1a: Cloyster
|-supereffective|p1a: Cloyster
|-damage|p1a: Cloyster|0 fnt
|faint|p1a: Cloyster
|
|-weather|RainDance|[upkeep]
|upkeep
|
|t:|1665897627
|switch|p1a: Keldeo|Keldeo-Resolute|100/100
|turn|4
|
|t:|1665897630
|move|p1a: Keldeo|Air Slash|p2a: Excadrill
|-resisted|p2a: Excadrill
|-damage|p2a: Excadrill|74/100
|move|p2a: Excadrill|Stealth Rock|p1a: Keldeo
|-sidestart|p1: Ferrothornisevil|move: Stealth Rock
|
|-weather|RainDance|[upkeep]
|upkeep
|turn|5
|
|t:|1665897635
|move|p1a: Keldeo|Scald|p2a: Excadrill
|-supereffective|p2a: Excadrill
|-damage|p2a: Excadrill|0 fnt
|faint|p2a: Excadrill
|
|-weather|RainDance|[upkeep]
|upkeep
|
|t:|1665897638
|switch|p2a: Azelf|Azelf, shiny|100/100
|turn|6
|
|t:|1665897647
|switch|p1a: Azelf|Azelf|100/100
|-damage|p1a: Azelf|88/100|[from] Stealth Rock
|move|p2a: Azelf|Nasty Plot|p2a: Azelf
|-boost|p2a: Azelf|spa|2
|
|-weather|none
|upkeep
|turn|7
|
|t:|1665897667
|switch|p2a: Scizor|Scizor, F, shiny|100/100
|move|p1a: Azelf|Explosion|p2a: Scizor
|-resisted|p2a: Scizor
|-damage|p2a: Scizor|57/100
|faint|p1a: Azelf
|
|upkeep
|
|t:|1665897672
|switch|p1a: Nidoking|Nidoking, M|100/100
|-damage|p1a: Nidoking|95/100|[from] Stealth Rock
|turn|8
|
|t:|1665897675
|move|p1a: Nidoking|Thunderbolt|p2a: Scizor
|-damage|p2a: Scizor|4/100
|move|p2a: Scizor|Dual Wingbeat|p1a: Nidoking
|-damage|p1a: Nidoking|51/100
|-damage|p1a: Nidoking|5/100
|-hitcount|p1a: Nidoking|2
|-damage|p2a: Scizor|0 fnt|[from] item: Life Orb
|faint|p2a: Scizor
|
|upkeep
|
|t:|1665897684
|switch|p2a: Azelf|Azelf, shiny|100/100
|turn|9
|
|t:|1665897687
|move|p2a: Azelf|Psychic|p1a: Nidoking
|-supereffective|p1a: Nidoking
|-damage|p1a: Nidoking|0 fnt
|faint|p1a: Nidoking
|
|upkeep
|
|t:|1665897691
|switch|p1a: Zarude|Zarude|100/100
|turn|10
|
|t:|1665897696
|move|p2a: Azelf|Flamethrower|p1a: Zarude
|-supereffective|p1a: Zarude
|-damage|p1a: Zarude|27/100
|move|p1a: Zarude|Darkest Lariat|p2a: Azelf
|-supereffective|p2a: Azelf
|-damage|p2a: Azelf|0 fnt
|faint|p2a: Azelf
|
|upkeep
|
|t:|1665897699
|switch|p2a: Celesteela|Celesteela, shiny|100/100
|turn|11
|
|t:|1665897702
|move|p1a: Zarude|U-turn|p2a: Celesteela
|-resisted|p2a: Celesteela
|-damage|p2a: Celesteela|95/100
|j| gewwge
|
|t:|1665897706
|switch|p1a: Nihilego|Nihilego|100/100|[from]move: U-turn
|-damage|p1a: Nihilego|88/100|[from] Stealth Rock
|move|p2a: Celesteela|Autotomize|p2a: Celesteela
|-boost|p2a: Celesteela|spe|2
|-start|p2a: Celesteela|Autotomize
|
|-heal|p1a: Nihilego|94/100|[from] item: Black Sludge
|upkeep
|turn|12
|
|t:|1665897708
|move|p2a: Celesteela|Meteor Beam||[still]
|-prepare|p2a: Celesteela|Meteor Beam
|-boost|p2a: Celesteela|spa|1
|-enditem|p2a: Celesteela|Power Herb
|-anim|p2a: Celesteela|Meteor Beam|p1a: Nihilego
|-damage|p1a: Nihilego|56/100
|move|p1a: Nihilego|Thunder Wave|p2a: Celesteela
|-status|p2a: Celesteela|par
|
|-heal|p1a: Nihilego|62/100|[from] item: Black Sludge
|upkeep
|turn|13
|
|t:|1665897713
|move|p1a: Nihilego|Power Gem|p2a: Celesteela
|-damage|p2a: Celesteela|56/100 par
|cant|p2a: Celesteela|par
|
|-heal|p1a: Nihilego|68/100|[from] item: Black Sludge
|upkeep
|turn|14
|
|t:|1665897717
|move|p1a: Nihilego|Power Gem|p2a: Celesteela
|-damage|p2a: Celesteela|14/100 par
|move|p2a: Celesteela|Autotomize|p2a: Celesteela
|-boost|p2a: Celesteela|spe|2
|-start|p2a: Celesteela|Autotomize
|
|-heal|p1a: Nihilego|74/100|[from] item: Black Sludge
|upkeep
|turn|15
|
|t:|1665897722
|move|p2a: Celesteela|Air Slash|p1a: Nihilego
|-resisted|p1a: Nihilego
|-damage|p1a: Nihilego|55/100
|move|p1a: Nihilego|Power Gem|p2a: Celesteela
|-damage|p2a: Celesteela|0 fnt
|faint|p2a: Celesteela
|-ability|p1a: Nihilego|Beast Boost|boost
|-boost|p1a: Nihilego|spe|1
|
|-heal|p1a: Nihilego|61/100|[from] item: Black Sludge
|upkeep
|
|t:|1665897724
|switch|p2a: Keldeo|Keldeo-Resolute|100/100
|turn|16
|
|t:|1665897729
|move|p1a: Nihilego|Thunder Wave|p2a: Keldeo
|-status|p2a: Keldeo|par
|cant|p2a: Keldeo|par
|
|-heal|p1a: Nihilego|67/100|[from] item: Black Sludge
|upkeep
|turn|17
|
|t:|1665897740
|switch|p1a: Keldeo|Keldeo-Resolute|100/100
|-damage|p1a: Keldeo|94/100|[from] Stealth Rock
|cant|p2a: Keldeo|par
|
|-heal|p1a: Keldeo|100/100|[from] item: Leftovers
|upkeep
|turn|18
|
|t:|1665897742
|move|p1a: Keldeo|Calm Mind|p1a: Keldeo
|-boost|p1a: Keldeo|spa|1
|-boost|p1a: Keldeo|spd|1
|move|p2a: Keldeo|Air Slash|p1a: Keldeo
|-supereffective|p1a: Keldeo
|-damage|p1a: Keldeo|63/100
|
|-heal|p1a: Keldeo|70/100|[from] item: Leftovers
|upkeep
|turn|19
|j| kaifengyyds
|
|t:|1665897758
|move|p1a: Keldeo|Secret Sword|p2a: Keldeo
|-damage|p2a: Keldeo|22/100 par
|cant|p2a: Keldeo|par
|
|-heal|p1a: Keldeo|76/100|[from] item: Leftovers
|-heal|p2a: Keldeo|28/100 par|[from] item: Leftovers
|upkeep
|turn|20
|
|t:|1665897762
|move|p1a: Keldeo|Calm Mind|p1a: Keldeo
|-boost|p1a: Keldeo|spa|1
|-boost|p1a: Keldeo|spd|1
|move|p2a: Keldeo|Air Slash|p1a: Keldeo
|-supereffective|p1a: Keldeo
|-crit|p1a: Keldeo
|-damage|p1a: Keldeo|0 fnt
|faint|p1a: Keldeo
|
|-heal|p2a: Keldeo|35/100 par|[from] item: Leftovers
|upkeep
|
|t:|1665897768
|switch|p1a: Nihilego|Nihilego|67/100
|-damage|p1a: Nihilego|55/100|[from] Stealth Rock
|turn|21
|
|t:|1665897770
|move|p1a: Nihilego|Sludge Bomb|p2a: Keldeo
|-damage|p2a: Keldeo|0 fnt
|faint|p2a: Keldeo
|-ability|p1a: Nihilego|Beast Boost|boost
|-boost|p1a: Nihilego|spe|1
|
|-heal|p1a: Nihilego|61/100|[from] item: Black Sludge
|upkeep
|
|t:|1665897772
|switch|p2a: Gyarados|Gyarados, F, shiny|100/100
|turn|22
|
|t:|1665897775
|move|p1a: Nihilego|Thunder Wave|p2a: Gyarados
|-status|p2a: Gyarados|par
|move|p2a: Gyarados|Waterfall|p1a: Nihilego
|-supereffective|p1a: Nihilego
|-damage|p1a: Nihilego|0 fnt
|faint|p1a: Nihilego
|-ability|p2a: Gyarados|Moxie|boost
|-boost|p2a: Gyarados|atk|1
|
|upkeep
|
|t:|1665897779
|switch|p1a: Zarude|Zarude|27/100
|turn|23
|
|t:|1665897782
|move|p1a: Zarude|Power Whip|p2a: Gyarados
|-damage|p2a: Gyarados|28/100 par
|cant|p2a: Gyarados|par
|
|upkeep
|turn|24
|
|t:|1665897786
|move|p1a: Zarude|Darkest Lariat|p2a: Gyarados
|-damage|p2a: Gyarados|0 fnt
|faint|p2a: Gyarados
|
|win|Ferrothornisevil
|n|☆Ferrothornisevil|ferrothornisevil
|n|☆b冰葑Bing_Feng|bbingfeng
|n| gewwge|gewwge
|n| kaifengyyds|kaifengyyds
