|uhtml|report-battle|<b>将对战链接公开到:</b> <button class="button" name="send" value="/reportto skypillar">Sky Pillar</button><button class="button" name="send" value="/reportto shinx">Shinx</button>
|j|☆b冰葑Bing_Feng
|j|☆Dragon Messenger
|t:|1666964838
|gametype|singles
|player|p1|b冰葑Bing_Feng|bbingfeng.png|
|player|p2|Dragon Messenger|lance|
|teamsize|p1|6
|teamsize|p2|6
|gen|8
|tier|[Gen 8] UU
|rule|Sleep Clause Mod: Limit one foe put to sleep
|rule|Species Clause: Limit one of each Pokémon
|rule|OHKO Clause: OHKO moves are banned
|rule|Evasion Items Clause: Evasion items are banned
|rule|Evasion Moves Clause: Evasion moves are banned
|rule|Endless Battle Clause: Forcing endless battles is banned
|rule|HP Percentage Mod: HP is shown in percentages
|rule|Dynamax Clause: You cannot dynamax
|clearpoke
|poke|p1|Cobalion|
|poke|p1|Hydreigon, F|
|poke|p1|Regieleki|
|poke|p1|Salamence, M|
|poke|p1|Zarude-Dada|
|poke|p1|Darmanitan, M|
|poke|p2|Torkoal, F|
|poke|p2|Moltres|
|poke|p2|Venusaur, F|
|poke|p2|Darmanitan, M|
|poke|p2|Rotom-Heat|
|poke|p2|Salamence, F|
|teampreview
|inactive|Battle timer is ON: inactive players will automatically lose when time's up. (requested by b冰葑Bing_Feng)
|
|t:|1666964860
|start
|switch|p1a: Darmanitan|Darmanitan, M|100/100
|switch|p2a: Torkoal|Torkoal, F|100/100
|-weather|SunnyDay|[from] ability: Drought|[of] p2a: Torkoal
|turn|1
|
|t:|1666964868
|move|p1a: Darmanitan|Earthquake|p2a: Torkoal
|-supereffective|p2a: Torkoal
|-damage|p2a: Torkoal|45/100
|move|p2a: Torkoal|Earth Power|p1a: Darmanitan
|-supereffective|p1a: Darmanitan
|-damage|p1a: Darmanitan|13/100
|
|-weather|SunnyDay|[upkeep]
|upkeep
|turn|2
|
|t:|1666964879
|switch|p2a: Venusaur|Venusaur, F|100/100
|move|p1a: Darmanitan|Earthquake|p2a: Venusaur
|-damage|p2a: Venusaur|50/100
|
|-weather|SunnyDay|[upkeep]
|upkeep
|turn|3
|
|t:|1666964883
|move|p2a: Venusaur|Sludge Bomb|p1a: Darmanitan
|-damage|p1a: Darmanitan|0 fnt
|faint|p1a: Darmanitan
|-damage|p2a: Venusaur|40/100|[from] item: Life Orb
|
|-weather|SunnyDay|[upkeep]
|upkeep
|
|t:|1666964899
|switch|p1a: Regieleki|Regieleki|100/100
|turn|4
|
|t:|1666964905
|move|p1a: Regieleki|Volt Switch|p2a: Venusaur
|-resisted|p2a: Venusaur
|-crit|p2a: Venusaur
|-damage|p2a: Venusaur|2/100
|
|t:|1666964910
|switch|p1a: Hydreigon|Hydreigon, F|100/100|[from]move: Volt Switch
|move|p2a: Venusaur|Sleep Powder|p1a: Hydreigon
|-status|p1a: Hydreigon|slp|[from] move: Sleep Powder
|
|-weather|SunnyDay|[upkeep]
|upkeep
|turn|5
|
|t:|1666964919
|switch|p1a: Salamence|Salamence, M|100/100
|move|p2a: Venusaur|Growth|p2a: Venusaur
|-boost|p2a: Venusaur|atk|2
|-boost|p2a: Venusaur|spa|2
|
|-weather|SunnyDay|[upkeep]
|upkeep
|turn|6
|
|t:|1666964929
|move|p2a: Venusaur|Sludge Bomb|p1a: Salamence
|-damage|p1a: Salamence|0 fnt
|faint|p1a: Salamence
|-damage|p2a: Venusaur|0 fnt|[from] item: Life Orb
|faint|p2a: Venusaur
|
|-weather|SunnyDay|[upkeep]
|upkeep
|
|t:|1666964937
|switch|p1a: Regieleki|Regieleki|100/100
|switch|p2a: Salamence|Salamence, F|100/100
|turn|7
|
|t:|1666964940
|move|p1a: Regieleki|Thunder Wave|p2a: Salamence
|-status|p2a: Salamence|par
|move|p2a: Salamence|Earthquake|p1a: Regieleki
|-supereffective|p1a: Regieleki
|-damage|p1a: Regieleki|0 fnt
|faint|p1a: Regieleki
|-ability|p2a: Salamence|Moxie|boost
|-boost|p2a: Salamence|atk|1
|-damage|p2a: Salamence|91/100 par|[from] item: Life Orb
|
|-weather|SunnyDay|[upkeep]
|upkeep
|
|t:|1666964947
|switch|p1a: Cobalion|Cobalion|100/100
|turn|8
|
|t:|1666964953
|move|p1a: Cobalion|Stealth Rock|p2a: Salamence
|-sidestart|p2: Dragon Messenger|move: Stealth Rock
|move|p2a: Salamence|Earthquake|p1a: Cobalion
|-supereffective|p1a: Cobalion
|-damage|p1a: Cobalion|0 fnt
|faint|p1a: Cobalion
|-ability|p2a: Salamence|Moxie|boost
|-boost|p2a: Salamence|atk|1
|-damage|p2a: Salamence|81/100 par|[from] item: Life Orb
|
|-weather|none
|upkeep
|
|t:|1666964958
|switch|p1a: Hydreigon|Hydreigon, F|100/100 slp
|turn|9
|
|t:|1666964962
|cant|p1a: Hydreigon|slp
|cant|p2a: Salamence|par
|
|upkeep
|turn|10
|
|t:|1666964966
|-curestatus|p1a: Hydreigon|slp|[msg]
|move|p1a: Hydreigon|Draco Meteor|p2a: Salamence
|-supereffective|p2a: Salamence
|-damage|p2a: Salamence|0 fnt
|-unboost|p1a: Hydreigon|spa|2
|faint|p2a: Salamence
|
|upkeep
|c|☆Dragon Messenger|我去
|c|☆Dragon Messenger|电马威
|
|t:|1666964984
|switch|p2a: Darmanitan|Darmanitan, M|100/100
|-damage|p2a: Darmanitan|75/100|[from] Stealth Rock
|turn|11
|
|t:|1666964988
|switch|p1a: Zarude|Zarude-Dada|100/100
|move|p2a: Darmanitan|U-turn|p1a: Zarude
|-supereffective|p1a: Zarude
|-damage|p1a: Zarude|0 fnt
|faint|p1a: Zarude
|
|t:|1666964997
|switch|p2a: Torkoal|Torkoal, F|45/100|[from]move: U-turn
|-damage|p2a: Torkoal|20/100|[from] Stealth Rock
|-weather|SunnyDay|[from] ability: Drought|[of] p2a: Torkoal
|
|-weather|SunnyDay|[upkeep]
|upkeep
|
|t:|1666964998
|switch|p1a: Hydreigon|Hydreigon, F|100/100
|turn|12
|
|t:|1666965005
|move|p1a: Hydreigon|Dark Pulse|p2a: Torkoal
|-damage|p2a: Torkoal|0 fnt
|faint|p2a: Torkoal
|
|-weather|SunnyDay|[upkeep]
|upkeep
|
|t:|1666965009
|switch|p2a: Moltres|Moltres|100/100
|-damage|p2a: Moltres|50/100|[from] Stealth Rock
|turn|13
|
|t:|1666965012
|move|p1a: Hydreigon|Dark Pulse|p2a: Moltres
|-damage|p2a: Moltres|0 fnt
|faint|p2a: Moltres
|
|-weather|SunnyDay|[upkeep]
|upkeep
|
|t:|1666965015
|switch|p2a: Darmanitan|Darmanitan, M|75/100
|-damage|p2a: Darmanitan|50/100|[from] Stealth Rock
|turn|14
|
|t:|1666965017
|move|p1a: Hydreigon|Dark Pulse|p2a: Darmanitan
|-damage|p2a: Darmanitan|0 fnt
|faint|p2a: Darmanitan
|
|-weather|SunnyDay|[upkeep]
|upkeep
|
|t:|1666965020
|switch|p2a: Rotom|Rotom-Heat|100/100
|-damage|p2a: Rotom|75/100|[from] Stealth Rock
|turn|15
|
|t:|1666965028
|move|p1a: Hydreigon|Dark Pulse|p2a: Rotom
|-damage|p2a: Rotom|36/100
|-enditem|p2a: Rotom|Sitrus Berry|[eat]
|-heal|p2a: Rotom|61/100|[from] item: Sitrus Berry
|move|p2a: Rotom|Overheat|p1a: Hydreigon
|-resisted|p1a: Hydreigon
|-damage|p1a: Hydreigon|49/100
|-unboost|p2a: Rotom|spa|2
|
|-weather|SunnyDay|[upkeep]
|upkeep
|turn|16
|
|t:|1666965040
|move|p1a: Hydreigon|Dark Pulse|p2a: Rotom
|-damage|p2a: Rotom|17/100
|move|p2a: Rotom|Thunderbolt|p1a: Hydreigon
|-resisted|p1a: Hydreigon
|-damage|p1a: Hydreigon|37/100
|
|-weather|SunnyDay|[upkeep]
|upkeep
|turn|17
|
|t:|1666965042
|move|p1a: Hydreigon|Dark Pulse|p2a: Rotom
|-damage|p2a: Rotom|0 fnt
|faint|p2a: Rotom
|
|win|b冰葑Bing_Feng
|c|☆b冰葑Bing_Feng|gg
|c|☆Dragon Messenger|QAQ
|l|☆Dragon Messenger
