|j|☆Boost Swoosh
|j|☆Moltracer
|t:|1603671389
|player|p1|Boost Swoosh|teamrocket|1589
|player|p2|Moltracer|elesa|1482
|teamsize|p1|6
|teamsize|p2|6
|gametype|singles
|gen|8
|tier|[Gen 8] UU
|rated|
|clearpoke
|poke|p1|Celebi|
|poke|p1|Polteageist|
|poke|p1|Druddigon, F|
|poke|p1|Rotom-Wash|
|poke|p1|Talonflame, M|
|poke|p1|Bisharp, F|
|poke|p2|Chansey, F|
|poke|p2|Quagsire, M|
|poke|p2|Bewear, M|
|poke|p2|Tentacruel, F|
|poke|p2|Sylveon, M|
|poke|p2|Escavalier, F|
|rule|Sleep Clause Mod: Limit one foe put to sleep
|rule|Species Clause: Limit one of each Pokémon
|rule|OHKO Clause: OHKO moves are banned
|rule|Evasion Moves Clause: Evasion moves are banned
|rule|Endless Battle Clause: Forcing endless battles is banned
|rule|HP Percentage Mod: HP is shown in percentages
|rule|Dynamax Clause: You cannot dynamax
|teampreview
|inactive|Battle timer is ON: inactive players will automatically lose when time's up. (requested by Moltracer)
|c|☆Boost Swoosh|bruh
|c|☆Moltracer|hm
|c|☆Boost Swoosh|idk if i wanna face this twice
|c|☆Moltracer|im ok with you ffing
|c|☆Moltracer|I wont be offended
|inactive|Boost Swoosh has 120 seconds left.
|
|t:|1603671432
|start
|switch|p1a: Bisharp|Bisharp, F|100/100
|switch|p2a: Chansey|Chansey, F|100/100
|turn|1
|
|t:|1603671436
|switch|p2a: Bewear|Bewear, M|100/100
|move|p1a: Bisharp|Knock Off|p2a: Bewear
|-resisted|p2a: Bewear
|-damage|p2a: Bewear|90/100
|-enditem|p2a: Bewear|Leftovers|[from] move: Knock Off|[of] p1a: Bisharp
|
|upkeep
|turn|2
|
|t:|1603671450
|switch|p1a: Druddigon|Druddigon, F|100/100
|move|p2a: Bewear|Drain Punch|p1a: Druddigon
|-damage|p1a: Druddigon|77/100
|-heal|p2a: Bewear|99/100|[from] drain|[of] p1a: Druddigon
|-damage|p2a: Bewear|87/100|[from] ability: Rough Skin|[of] p1a: Druddigon
|-damage|p2a: Bewear|71/100|[from] item: Rocky Helmet|[of] p1a: Druddigon
|
|upkeep
|turn|3
|
|t:|1603671458
|switch|p2a: Tentacruel|Tentacruel, F|100/100
|move|p1a: Druddigon|Stealth Rock|p2a: Tentacruel
|-sidestart|p2: Moltracer|move: Stealth Rock
|
|upkeep
|turn|4
|
|t:|1603671462
|move|p2a: Tentacruel|Rapid Spin|p1a: Druddigon
|-damage|p1a: Druddigon|72/100
|-boost|p2a: Tentacruel|spe|1
|-damage|p2a: Tentacruel|88/100|[from] ability: Rough Skin|[of] p1a: Druddigon
|-damage|p2a: Tentacruel|72/100|[from] item: Rocky Helmet|[of] p1a: Druddigon
|-sideend|p2: Moltracer|Stealth Rock|[from] move: Rapid Spin|[of] p2a: Tentacruel
|move|p1a: Druddigon|Glare|p2a: Tentacruel
|-status|p2a: Tentacruel|par
|
|upkeep
|turn|5
|
|t:|1603671467
|switch|p2a: Escavalier|Escavalier, F|100/100
|move|p1a: Druddigon|Stealth Rock|p2a: Escavalier
|-sidestart|p2: Moltracer|move: Stealth Rock
|
|upkeep
|turn|6
|
|t:|1603671471
|move|p1a: Druddigon|Glare|p2a: Escavalier
|-status|p2a: Escavalier|par
|move|p2a: Escavalier|Knock Off|p1a: Druddigon
|-damage|p1a: Druddigon|43/100
|-damage|p2a: Escavalier|88/100 par|[from] ability: Rough Skin|[of] p1a: Druddigon
|-damage|p2a: Escavalier|71/100 par|[from] item: Rocky Helmet|[of] p1a: Druddigon
|-enditem|p1a: Druddigon|Rocky Helmet|[from] move: Knock Off|[of] p2a: Escavalier
|
|upkeep
|turn|7
|
|t:|1603671482
|move|p1a: Druddigon|Gunk Shot|p2a: Escavalier
|-immune|p2a: Escavalier
|move|p2a: Escavalier|Megahorn|p1a: Druddigon|[miss]
|-miss|p2a: Escavalier|p1a: Druddigon
|
|upkeep
|turn|8
|
|t:|1603671490
|switch|p1a: Talonflame|Talonflame, M|100/100
|move|p2a: Escavalier|Megahorn|p1a: Talonflame|[miss]
|-miss|p2a: Escavalier|p1a: Talonflame
|
|upkeep
|turn|9
|
|t:|1603671499
|switch|p1a: Celebi|Celebi, shiny|100/100
|switch|p2a: Quagsire|Quagsire, M|100/100
|-damage|p2a: Quagsire|94/100|[from] Stealth Rock
|
|-heal|p2a: Quagsire|100/100|[from] item: Leftovers
|upkeep
|turn|10
|
|t:|1603671512
|switch|p2a: Chansey|Chansey, F|100/100
|-damage|p2a: Chansey|88/100|[from] Stealth Rock
|move|p1a: Celebi|Nasty Plot|p1a: Celebi
|-boost|p1a: Celebi|spa|2
|
|upkeep
|turn|11
|
|t:|1603671515
|move|p1a: Celebi|Nasty Plot|p1a: Celebi
|-boost|p1a: Celebi|spa|2
|move|p2a: Chansey|Toxic|p1a: Celebi
|-status|p1a: Celebi|tox
|
|-damage|p1a: Celebi|94/100 tox|[from] psn
|upkeep
|turn|12
|
|t:|1603671520
|move|p1a: Celebi|Nasty Plot|p1a: Celebi
|-boost|p1a: Celebi|spa|2
|move|p2a: Chansey|Soft-Boiled|p2a: Chansey
|-heal|p2a: Chansey|100/100
|
|-damage|p1a: Celebi|82/100 tox|[from] psn
|upkeep
|turn|13
|j| i just lose now
|
|t:|1603671526
|move|p1a: Celebi|Giga Drain|p2a: Chansey
|-damage|p2a: Chansey|47/100
|-heal|p1a: Celebi|100/100 tox|[from] drain|[of] p2a: Chansey
|-damage|p1a: Celebi|91/100 tox|[from] item: Life Orb
|move|p2a: Chansey|Soft-Boiled|p2a: Chansey
|-heal|p2a: Chansey|97/100
|
|-damage|p1a: Celebi|72/100 tox|[from] psn
|upkeep
|turn|14
|
|t:|1603671529
|move|p1a: Celebi|Giga Drain|p2a: Chansey
|-damage|p2a: Chansey|46/100
|-heal|p1a: Celebi|100/100 tox|[from] drain|[of] p2a: Chansey
|-damage|p1a: Celebi|91/100 tox|[from] item: Life Orb
|move|p2a: Chansey|Soft-Boiled|p2a: Chansey
|-heal|p2a: Chansey|96/100
|
|-damage|p1a: Celebi|66/100 tox|[from] psn
|upkeep
|turn|15
|
|t:|1603671532
|move|p1a: Celebi|Giga Drain|p2a: Chansey
|-damage|p2a: Chansey|42/100
|-heal|p1a: Celebi|100/100 tox|[from] drain|[of] p2a: Chansey
|-damage|p1a: Celebi|91/100 tox|[from] item: Life Orb
|move|p2a: Chansey|Soft-Boiled|p2a: Chansey
|-heal|p2a: Chansey|92/100
|
|-damage|p1a: Celebi|60/100 tox|[from] psn
|upkeep
|turn|16
|
|t:|1603671536
|move|p1a: Celebi|Giga Drain|p2a: Chansey
|-damage|p2a: Chansey|38/100
|-heal|p1a: Celebi|100/100 tox|[from] drain|[of] p2a: Chansey
|-damage|p1a: Celebi|91/100 tox|[from] item: Life Orb
|move|p2a: Chansey|Soft-Boiled|p2a: Chansey
|-heal|p2a: Chansey|88/100
|
|-damage|p1a: Celebi|54/100 tox|[from] psn
|upkeep
|turn|17
|
|t:|1603671540
|move|p1a: Celebi|Giga Drain|p2a: Chansey
|-damage|p2a: Chansey|34/100
|-heal|p1a: Celebi|100/100 tox|[from] drain|[of] p2a: Chansey
|-damage|p1a: Celebi|91/100 tox|[from] item: Life Orb
|move|p2a: Chansey|Soft-Boiled|p2a: Chansey
|-heal|p2a: Chansey|84/100
|
|-damage|p1a: Celebi|47/100 tox|[from] psn
|upkeep
|turn|18
|
|t:|1603671551
|move|p1a: Celebi|Psychic|p2a: Chansey
|-damage|p2a: Chansey|20/100
|-damage|p1a: Celebi|37/100 tox|[from] item: Life Orb
|move|p2a: Chansey|Soft-Boiled|p2a: Chansey
|-heal|p2a: Chansey|70/100
|
|-damage|p1a: Celebi|0 fnt|[from] psn
|faint|p1a: Celebi
|upkeep
|c|☆Boost Swoosh|celebi no zmove trash
|inactive|Boost Swoosh has 120 seconds left.
|c|☆Moltracer|yes
|c|☆Boost Swoosh|give this man psyshock
|c| i just lose now|its ok boostwoosh all this guy can do is press toxic and protect, you just got unlucky
|l| i just lose now
|c|☆Moltracer|I agree
|inactive|Boost Swoosh has 90 seconds left.
|c|☆Boost Swoosh|i expected him to go escav there
|c|☆Boost Swoosh|but he didnt
|
|t:|1603671626
|switch|p1a: Bisharp|Bisharp, F|100/100
|turn|19
|
|t:|1603671631
|switch|p1a: Rotom|Rotom-Wash|100/100
|switch|p2a: Bewear|Bewear, M|71/100
|-damage|p2a: Bewear|65/100|[from] Stealth Rock
|
|upkeep
|turn|20
|
|t:|1603671639
|switch|p2a: Quagsire|Quagsire, M|100/100
|-damage|p2a: Quagsire|94/100|[from] Stealth Rock
|move|p1a: Rotom|Volt Switch|p2a: Quagsire
|-immune|p2a: Quagsire
|
|-heal|p2a: Quagsire|100/100|[from] item: Leftovers
|upkeep
|turn|21
|inactive|Boost Swoosh has 90 seconds left.
|
|t:|1603671645
|switch|p1a: Bisharp|Bisharp, F|100/100
|move|p2a: Quagsire|Toxic|p1a: Bisharp
|-immune|p1a: Bisharp
|
|upkeep
|turn|22
|
|t:|1603671653
|switch|p1a: Rotom|Rotom-Wash|100/100
|move|p2a: Quagsire|Recover||[still]
|-fail|p2a: Quagsire|heal
|
|upkeep
|turn|23
|
|t:|1603671660
|switch|p1a: Bisharp|Bisharp, F|100/100
|switch|p2a: Chansey|Chansey, F|70/100
|-damage|p2a: Chansey|58/100|[from] Stealth Rock
|
|upkeep
|turn|24
|
|t:|1603671666
|switch|p1a: Rotom|Rotom-Wash|100/100
|switch|p2a: Bewear|Bewear, M|65/100
|-damage|p2a: Bewear|59/100|[from] Stealth Rock
|
|upkeep
|turn|25
|
|t:|1603671671
|switch|p2a: Chansey|Chansey, F|58/100
|-damage|p2a: Chansey|45/100|[from] Stealth Rock
|move|p1a: Rotom|Volt Switch|p2a: Chansey
|-damage|p2a: Chansey|38/100
|
|t:|1603671685
|switch|p1a: Bisharp|Bisharp, F|100/100|[from]move: Volt Switch
|
|upkeep
|turn|26
|
|t:|1603671688
|switch|p2a: Quagsire|Quagsire, M|100/100
|-damage|p2a: Quagsire|94/100|[from] Stealth Rock
|move|p1a: Bisharp|Knock Off|p2a: Quagsire
|-damage|p2a: Quagsire|55/100
|-enditem|p2a: Quagsire|Leftovers|[from] move: Knock Off|[of] p1a: Bisharp
|
|upkeep
|turn|27
|inactive|Boost Swoosh has 120 seconds left.
|inactive|Boost Swoosh has 90 seconds left.
|
|t:|1603671737
|switch|p1a: Rotom|Rotom-Wash|100/100
|move|p2a: Quagsire|Recover|p2a: Quagsire
|-heal|p2a: Quagsire|100/100
|
|upkeep
|turn|28
|inactive|Boost Swoosh has 90 seconds left.
|
|t:|1603671743
|move|p1a: Rotom|Hydro Pump|p2a: Quagsire
|-damage|p2a: Quagsire|56/100
|move|p2a: Quagsire|Toxic|p1a: Rotom
|-status|p1a: Rotom|tox
|
|-damage|p1a: Rotom|94/100 tox|[from] psn
|upkeep
|turn|29
|inactive|Boost Swoosh has 90 seconds left.
|inactive|Boost Swoosh has 60 seconds left.
|
|t:|1603671787
|switch|p1a: Polteageist|Polteageist, shiny|100/100
|move|p2a: Quagsire|Recover|p2a: Quagsire
|-heal|p2a: Quagsire|100/100
|
|upkeep
|turn|30
|
|t:|1603671793
|move|p1a: Polteageist|Shadow Ball|p2a: Quagsire
|-damage|p2a: Quagsire|38/100
|move|p2a: Quagsire|Earthquake|p1a: Polteageist
|-damage|p1a: Polteageist|52/100
|
|upkeep
|turn|31
|
|t:|1603671800
|switch|p2a: Sylveon|Sylveon, M|100/100
|-damage|p2a: Sylveon|88/100|[from] Stealth Rock
|move|p1a: Polteageist|Shadow Ball|p2a: Sylveon
|-damage|p2a: Sylveon|58/100
|-unboost|p2a: Sylveon|spd|1
|
|-heal|p2a: Sylveon|64/100|[from] item: Leftovers
|upkeep
|turn|32
|
|t:|1603671811
|move|p1a: Polteageist|Shell Smash|p1a: Polteageist
|-unboost|p1a: Polteageist|def|1
|-unboost|p1a: Polteageist|spd|1
|-boost|p1a: Polteageist|atk|2
|-boost|p1a: Polteageist|spa|2
|-boost|p1a: Polteageist|spe|2
|move|p2a: Sylveon|Hyper Voice|p1a: Polteageist
|-damage|p1a: Polteageist|0 fnt
|faint|p1a: Polteageist
|
|-heal|p2a: Sylveon|70/100|[from] item: Leftovers
|upkeep
|
|t:|1603671818
|switch|p1a: Talonflame|Talonflame, M|100/100
|turn|33
|
|t:|1603671823
|move|p1a: Talonflame|Swords Dance|p1a: Talonflame
|-boost|p1a: Talonflame|atk|2
|move|p2a: Sylveon|Wish|p2a: Sylveon
|
|-heal|p2a: Sylveon|76/100|[from] item: Leftovers
|upkeep
|turn|34
|
|t:|1603671847
|switch|p2a: Quagsire|Quagsire, M|38/100
|-damage|p2a: Quagsire|32/100|[from] Stealth Rock
|move|p1a: Talonflame|Brave Bird|p2a: Quagsire
|-damage|p2a: Quagsire|0 fnt
|-damage|p1a: Talonflame|87/100|[from] Recoil
|faint|p2a: Quagsire
|
|upkeep
|c|☆Moltracer|thats a sad role
|
|t:|1603671857
|switch|p2a: Bewear|Bewear, M|59/100
|-damage|p2a: Bewear|53/100|[from] Stealth Rock
|turn|35
|
|t:|1603671863
|move|p1a: Talonflame|Brave Bird|p2a: Bewear
|-supereffective|p2a: Bewear
|-damage|p2a: Bewear|0 fnt
|-damage|p1a: Talonflame|61/100|[from] Recoil
|faint|p2a: Bewear
|
|upkeep
|
|t:|1603671868
|switch|p2a: Sylveon|Sylveon, M|76/100
|-damage|p2a: Sylveon|64/100|[from] Stealth Rock
|turn|36
|
|t:|1603671872
|move|p1a: Talonflame|Roost|p1a: Talonflame
|-heal|p1a: Talonflame|100/100
|-singleturn|p1a: Talonflame|move: Roost
|move|p2a: Sylveon|Wish|p2a: Sylveon
|
|-heal|p2a: Sylveon|70/100|[from] item: Leftovers
|upkeep
|turn|37
|
|t:|1603671879
|move|p1a: Talonflame|Brave Bird|p2a: Sylveon
|-damage|p2a: Sylveon|0 fnt
|-damage|p1a: Talonflame|70/100|[from] Recoil
|faint|p2a: Sylveon
|
|upkeep
|-message|Moltracer forfeited.
|
|win|Boost Swoosh
|l|☆Moltracer
|c|☆Boost Swoosh|revenge
