|j|☆predator145
|j|☆Anatafu
|player|p1|predator145|49|1510
|player|p2|Anatafu|blaine|1363
|teamsize|p1|6
|teamsize|p2|6
|gametype|singles
|gen|8
|tier|[Gen 8] UU
|rated|
|rule|Sleep Clause Mod: Limit one foe put to sleep
|rule|Species Clause: Limit one of each Pokémon
|rule|OHKO Clause: OHKO moves are banned
|rule|Evasion Moves Clause: Evasion moves are banned
|rule|Endless Battle Clause: Forcing endless battles is banned
|rule|HP Percentage Mod: HP is shown in percentages
|clearpoke
|poke|p1|Aromatisse, F|
|poke|p1|Coalossal, F|
|poke|p1|Hippowdon, M|
|poke|p1|Umbreon, M|
|poke|p1|Jellicent, M|
|poke|p1|Bronzong|
|poke|p2|Hitmonlee, M|
|poke|p2|Mantine, F|
|poke|p2|Espeon, M|
|poke|p2|Chandelure, F|
|poke|p2|Obstagoon, M|
|poke|p2|Claydol|
|rule|Dynamax Clause: You cannot dynamax
|teampreview
|
|start
|switch|p1a: Jellicent|Jellicent, M|100/100
|switch|p2a: Obstagoon|Obstagoon, M|100/100
|turn|1
|
|move|p2a: Obstagoon|Knock Off|p1a: Jellicent
|-supereffective|p1a: Jellicent
|-enditem|p1a: Jellicent|Colbur Berry|[eat]
|-enditem|p1a: Jellicent|Colbur Berry|[weaken]
|-damage|p1a: Jellicent|72/100
|move|p1a: Jellicent|Scald|p2a: Obstagoon
|-damage|p2a: Obstagoon|73/100
|-status|p2a: Obstagoon|brn
|
|-damage|p2a: Obstagoon|67/100 brn|[from] brn
|upkeep
|turn|2
|
|switch|p1a: Aromatisse|Aromatisse, F|100/100
|move|p2a: Obstagoon|Knock Off|p1a: Aromatisse
|-resisted|p1a: Aromatisse
|-damage|p1a: Aromatisse|78/100
|-enditem|p1a: Aromatisse|Leftovers|[from] move: Knock Off|[of] p2a: Obstagoon
|
|-damage|p2a: Obstagoon|60/100 brn|[from] brn
|upkeep
|turn|3
|
|move|p1a: Aromatisse|Protect|p1a: Aromatisse
|-singleturn|p1a: Aromatisse|Protect
|move|p2a: Obstagoon|Facade|p1a: Aromatisse
|-activate|p1a: Aromatisse|move: Protect
|
|-damage|p2a: Obstagoon|54/100 brn|[from] brn
|upkeep
|turn|4
|
|switch|p1a: Jellicent|Jellicent, M|72/100
|move|p2a: Obstagoon|Facade|p1a: Jellicent
|-immune|p1a: Jellicent
|
|-damage|p2a: Obstagoon|48/100 brn|[from] brn
|upkeep
|turn|5
|
|switch|p2a: Mantine|Mantine, F|100/100
|switch|p1a: Bronzong|Bronzong|100/100
|
|upkeep
|turn|6
|
|move|p2a: Mantine|Scald|p1a: Bronzong
|-crit|p1a: Bronzong
|-damage|p1a: Bronzong|72/100
|-status|p1a: Bronzong|brn
|move|p1a: Bronzong|Psychic|p2a: Mantine
|-damage|p2a: Mantine|84/100
|
|-heal|p1a: Bronzong|78/100 brn|[from] item: Leftovers
|-damage|p1a: Bronzong|72/100 brn|[from] brn
|upkeep
|turn|7
|
|move|p2a: Mantine|Scald|p1a: Bronzong
|-damage|p1a: Bronzong|50/100 brn
|move|p1a: Bronzong|Psychic|p2a: Mantine
|-damage|p2a: Mantine|68/100
|
|-heal|p1a: Bronzong|57/100 brn|[from] item: Leftovers
|-damage|p1a: Bronzong|50/100 brn|[from] brn
|upkeep
|turn|8
|
|move|p2a: Mantine|Roost|p2a: Mantine
|-heal|p2a: Mantine|100/100
|-singleturn|p2a: Mantine|move: Roost
|move|p1a: Bronzong|Rest|p1a: Bronzong
|-status|p1a: Bronzong|slp|[from] move: Rest
|-heal|p1a: Bronzong|100/100 slp|[silent]
|
|upkeep
|turn|9
|
|switch|p1a: Jellicent|Jellicent, M|72/100
|move|p2a: Mantine|Air Slash|p1a: Jellicent
|-damage|p1a: Jellicent|48/100
|
|upkeep
|turn|10
|
|move|p2a: Mantine|Air Slash|p1a: Jellicent
|-damage|p1a: Jellicent|24/100
|cant|p1a: Jellicent|flinch
|
|upkeep
|turn|11
|
|move|p2a: Mantine|Air Slash|p1a: Jellicent
|-damage|p1a: Jellicent|0 fnt
|faint|p1a: Jellicent
|
|upkeep
|
|switch|p1a: Umbreon|Umbreon, M|100/100
|turn|12
|
|move|p2a: Mantine|Scald|p1a: Umbreon
|-damage|p1a: Umbreon|86/100
|-status|p1a: Umbreon|brn
|-activate|p1a: Umbreon|ability: Synchronize
|-status|p2a: Mantine|brn
|move|p1a: Umbreon|Foul Play|p2a: Mantine
|-damage|p2a: Mantine|93/100 brn
|
|-heal|p1a: Umbreon|92/100 brn|[from] item: Leftovers
|-damage|p2a: Mantine|87/100 brn|[from] brn
|-damage|p1a: Umbreon|86/100 brn|[from] brn
|upkeep
|turn|13
|
|move|p2a: Mantine|Air Slash|p1a: Umbreon
|-damage|p1a: Umbreon|72/100 brn
|move|p1a: Umbreon|Wish|p1a: Umbreon
|
|-heal|p1a: Umbreon|78/100 brn|[from] item: Leftovers
|-damage|p2a: Mantine|81/100 brn|[from] brn
|-damage|p1a: Umbreon|72/100 brn|[from] brn
|upkeep
|turn|14
|
|switch|p2a: Espeon|Espeon, M|100/100
|switch|p1a: Aromatisse|Aromatisse, F|78/100
|
|-heal|p1a: Aromatisse|100/100|[from] move: Wish|[wisher] Umbreon
|upkeep
|turn|15
|
|move|p2a: Espeon|Psychic|p1a: Aromatisse
|-damage|p1a: Aromatisse|56/100
|move|p1a: Aromatisse|Moonblast|p2a: Espeon
|-damage|p2a: Espeon|56/100
|
|upkeep
|turn|16
|
|move|p2a: Espeon|Psychic|p1a: Aromatisse
|-damage|p1a: Aromatisse|15/100
|move|p1a: Aromatisse|Wish|p1a: Aromatisse
|
|upkeep
|turn|17
|
|move|p1a: Aromatisse|Protect|p1a: Aromatisse
|-singleturn|p1a: Aromatisse|Protect
|move|p2a: Espeon|Psychic|p1a: Aromatisse
|-activate|p1a: Aromatisse|move: Protect
|
|-heal|p1a: Aromatisse|65/100|[from] move: Wish|[wisher] Aromatisse
|upkeep
|turn|18
|
|switch|p1a: Bronzong|Bronzong|100/100 slp
|move|p2a: Espeon|Psychic|p1a: Bronzong
|-resisted|p1a: Bronzong
|-damage|p1a: Bronzong|92/100 slp
|
|-heal|p1a: Bronzong|98/100 slp|[from] item: Leftovers
|upkeep
|turn|19
|
|switch|p2a: Obstagoon|Obstagoon, M|48/100 brn
|cant|p1a: Bronzong|slp
|
|-heal|p1a: Bronzong|100/100 slp|[from] item: Leftovers
|-damage|p2a: Obstagoon|42/100 brn|[from] brn
|upkeep
|turn|20
|
|move|p2a: Obstagoon|Facade|p1a: Bronzong
|-resisted|p1a: Bronzong
|-damage|p1a: Bronzong|60/100 slp
|cant|p1a: Bronzong|slp
|
|-heal|p1a: Bronzong|66/100 slp|[from] item: Leftovers
|-damage|p2a: Obstagoon|36/100 brn|[from] brn
|upkeep
|turn|21
|
|switch|p1a: Aromatisse|Aromatisse, F|65/100
|move|p2a: Obstagoon|Knock Off|p1a: Aromatisse
|-resisted|p1a: Aromatisse
|-damage|p1a: Aromatisse|49/100
|
|-damage|p2a: Obstagoon|30/100 brn|[from] brn
|upkeep
|turn|22
|
|switch|p2a: Espeon|Espeon, M|56/100
|move|p1a: Aromatisse|Protect||[still]
|-fail|p1a: Aromatisse
|
|upkeep
|turn|23
|
|switch|p1a: Coalossal|Coalossal, F|100/100
|move|p2a: Espeon|Dazzling Gleam|p1a: Coalossal
|-resisted|p1a: Coalossal
|-damage|p1a: Coalossal|91/100
|
|upkeep
|turn|24
|
|switch|p2a: Claydol|Claydol|100/100
|move|p1a: Coalossal|Spikes|p2a: Claydol
|-sidestart|p2: Anatafu|Spikes
|
|upkeep
|turn|25
|
|move|p2a: Claydol|Earthquake|p1a: Coalossal
|-supereffective|p1a: Coalossal
|-damage|p1a: Coalossal|19/100
|move|p1a: Coalossal|Will-O-Wisp|p2a: Claydol|[miss]
|-miss|p1a: Coalossal|p2a: Claydol
|
|upkeep
|turn|26
|
|switch|p1a: Aromatisse|Aromatisse, F|49/100
|move|p2a: Claydol|Earthquake|p1a: Aromatisse
|-damage|p1a: Aromatisse|29/100
|
|upkeep
|turn|27
|
|move|p2a: Claydol|Rapid Spin|p1a: Aromatisse
|-damage|p1a: Aromatisse|23/100
|-sideend|p2: Anatafu|Spikes|[from] move: Rapid Spin|[of] p2a: Claydol
|-boost|p2a: Claydol|spe|1
|move|p1a: Aromatisse|Wish|p1a: Aromatisse
|
|upkeep
|turn|28
|
|move|p2a: Claydol|Earthquake|p1a: Aromatisse
|-damage|p1a: Aromatisse|4/100
|move|p1a: Aromatisse|Aromatherapy|p1a: Aromatisse
|-activate|p1a: Aromatisse|move: Aromatherapy
|-curestatus|p1: Umbreon|brn|[msg]
|-curestatus|p1: Bronzong|slp|[msg]
|
|-heal|p1a: Aromatisse|54/100|[from] move: Wish|[wisher] Aromatisse
|upkeep
|turn|29
|
|switch|p2a: Chandelure|Chandelure, F|100/100
|move|p1a: Aromatisse|Wish|p1a: Aromatisse
|
|upkeep
|turn|30
|
|move|p1a: Aromatisse|Protect|p1a: Aromatisse
|-singleturn|p1a: Aromatisse|Protect
|move|p2a: Chandelure|Shadow Ball|p1a: Aromatisse
|-activate|p1a: Aromatisse|move: Protect
|
|-heal|p1a: Aromatisse|100/100|[from] move: Wish|[wisher] Aromatisse
|upkeep
|turn|31
|
|switch|p2a: Obstagoon|Obstagoon, M|30/100 brn
|switch|p1a: Umbreon|Umbreon, M|72/100
|
|-heal|p1a: Umbreon|78/100|[from] item: Leftovers
|-damage|p2a: Obstagoon|24/100 brn|[from] brn
|upkeep
|turn|32
|
|move|p1a: Umbreon|Protect|p1a: Umbreon
|-singleturn|p1a: Umbreon|Protect
|move|p2a: Obstagoon|Facade|p1a: Umbreon
|-activate|p1a: Umbreon|move: Protect
|
|-heal|p1a: Umbreon|84/100|[from] item: Leftovers
|-damage|p2a: Obstagoon|18/100 brn|[from] brn
|upkeep
|turn|33
|
|switch|p1a: Hippowdon|Hippowdon, M|100/100
|-weather|Sandstorm|[from] ability: Sand Stream|[of] p1a: Hippowdon
|move|p2a: Obstagoon|Facade|p1a: Hippowdon
|-damage|p1a: Hippowdon|53/100
|
|-weather|Sandstorm|[upkeep]
|-damage|p2a: Obstagoon|12/100 brn|[from] Sandstorm
|-heal|p1a: Hippowdon|60/100|[from] item: Leftovers
|-damage|p2a: Obstagoon|5/100 brn|[from] brn
|upkeep
|turn|34
|
|move|p2a: Obstagoon|Facade|p1a: Hippowdon
|-damage|p1a: Hippowdon|14/100
|move|p1a: Hippowdon|Slack Off|p1a: Hippowdon
|-heal|p1a: Hippowdon|64/100
|
|-weather|Sandstorm|[upkeep]
|-damage|p2a: Obstagoon|0 fnt|[from] Sandstorm
|faint|p2a: Obstagoon
|-heal|p1a: Hippowdon|70/100|[from] item: Leftovers
|upkeep
|
|switch|p2a: Mantine|Mantine, F|81/100 brn
|turn|35
|
|switch|p1a: Aromatisse|Aromatisse, F|100/100
|move|p2a: Mantine|Scald|p1a: Aromatisse
|-damage|p1a: Aromatisse|72/100
|-status|p1a: Aromatisse|brn
|
|-weather|Sandstorm|[upkeep]
|-damage|p2a: Mantine|75/100 brn|[from] Sandstorm
|-damage|p1a: Aromatisse|66/100 brn|[from] Sandstorm
|-damage|p2a: Mantine|69/100 brn|[from] brn
|-damage|p1a: Aromatisse|60/100 brn|[from] brn
|upkeep
|turn|36
|
|switch|p2a: Chandelure|Chandelure, F|100/100
|move|p1a: Aromatisse|Wish|p1a: Aromatisse
|
|-weather|Sandstorm|[upkeep]
|-damage|p2a: Chandelure|94/100|[from] Sandstorm
|-damage|p1a: Aromatisse|54/100 brn|[from] Sandstorm
|-damage|p1a: Aromatisse|48/100 brn|[from] brn
|upkeep
|turn|37
|
|move|p1a: Aromatisse|Protect|p1a: Aromatisse
|-singleturn|p1a: Aromatisse|Protect
|move|p2a: Chandelure|Shadow Ball|p1a: Aromatisse
|-activate|p1a: Aromatisse|move: Protect
|
|-weather|none
|-heal|p1a: Aromatisse|98/100 brn|[from] move: Wish|[wisher] Aromatisse
|-damage|p1a: Aromatisse|91/100 brn|[from] brn
|upkeep
|turn|38
|
|switch|p1a: Umbreon|Umbreon, M|84/100
|move|p2a: Chandelure|Shadow Ball|p1a: Umbreon
|-resisted|p1a: Umbreon
|-damage|p1a: Umbreon|72/100
|-unboost|p1a: Umbreon|spd|1
|
|-heal|p1a: Umbreon|78/100|[from] item: Leftovers
|upkeep
|turn|39
|
|move|p2a: Chandelure|Shadow Ball|p1a: Umbreon
|-resisted|p1a: Umbreon
|-damage|p1a: Umbreon|62/100
|move|p1a: Umbreon|Wish|p1a: Umbreon
|
|-heal|p1a: Umbreon|68/100|[from] item: Leftovers
|upkeep
|turn|40
|
|switch|p2a: Claydol|Claydol|100/100
|move|p1a: Umbreon|Foul Play|p2a: Claydol
|-supereffective|p2a: Claydol
|-damage|p2a: Claydol|65/100
|
|-heal|p1a: Umbreon|100/100|[from] move: Wish|[wisher] Umbreon
|-heal|p2a: Claydol|71/100|[from] item: Leftovers
|upkeep
|turn|41
|
|switch|p2a: Mantine|Mantine, F|69/100 brn
|move|p1a: Umbreon|Foul Play|p2a: Mantine
|-damage|p2a: Mantine|57/100 brn
|
|-damage|p2a: Mantine|51/100 brn|[from] brn
|upkeep
|turn|42
|
|switch|p1a: Aromatisse|Aromatisse, F|91/100 brn
|move|p2a: Mantine|Roost|p2a: Mantine
|-heal|p2a: Mantine|100/100 brn
|-singleturn|p2a: Mantine|move: Roost
|
|-damage|p2a: Mantine|94/100 brn|[from] brn
|-damage|p1a: Aromatisse|85/100 brn|[from] brn
|upkeep
|turn|43
|
|switch|p2a: Chandelure|Chandelure, F|94/100
|move|p1a: Aromatisse|Wish|p1a: Aromatisse
|
|-damage|p1a: Aromatisse|79/100 brn|[from] brn
|upkeep
|turn|44
|
|switch|p1a: Umbreon|Umbreon, M|100/100
|move|p2a: Chandelure|Shadow Ball|p1a: Umbreon
|-resisted|p1a: Umbreon
|-crit|p1a: Umbreon
|-damage|p1a: Umbreon|83/100
|
|-heal|p1a: Umbreon|100/100|[from] move: Wish|[wisher] Aromatisse
|upkeep
|turn|45
|
|switch|p2a: Mantine|Mantine, F|94/100 brn
|move|p1a: Umbreon|Foul Play|p2a: Mantine
|-damage|p2a: Mantine|81/100 brn
|
|-damage|p2a: Mantine|75/100 brn|[from] brn
|upkeep
|turn|46
|
|move|p2a: Mantine|Air Slash|p1a: Umbreon|[miss]
|-miss|p2a: Mantine|p1a: Umbreon
|move|p1a: Umbreon|Foul Play|p2a: Mantine
|-damage|p2a: Mantine|62/100 brn
|
|-damage|p2a: Mantine|56/100 brn|[from] brn
|upkeep
|turn|47
|
|move|p2a: Mantine|Roost|p2a: Mantine
|-heal|p2a: Mantine|100/100 brn
|-singleturn|p2a: Mantine|move: Roost
|move|p1a: Umbreon|Wish|p1a: Umbreon
|
|-damage|p2a: Mantine|94/100 brn|[from] brn
|upkeep
|turn|48
|
|switch|p2a: Chandelure|Chandelure, F|94/100
|switch|p1a: Aromatisse|Aromatisse, F|79/100 brn
|
|-heal|p1a: Aromatisse|100/100 brn|[from] move: Wish|[wisher] Umbreon
|-damage|p1a: Aromatisse|94/100 brn|[from] brn
|upkeep
|turn|49
|
|switch|p1a: Umbreon|Umbreon, M|100/100
|move|p2a: Chandelure|Trick|p1a: Umbreon
|-activate|p2a: Chandelure|move: Trick|[of] p1a: Umbreon
|-item|p1a: Umbreon|Choice Scarf|[from] move: Trick
|-item|p2a: Chandelure|Leftovers|[from] move: Trick
|
|-heal|p2a: Chandelure|100/100|[from] item: Leftovers
|upkeep
|turn|50
|c|☆predator145|gg
|-message|predator145 forfeited.
|
|win|Anatafu
|l|☆predator145
