|html|<div class="broadcast-blue"><strong>[Gen 8] UU is currently suspecting Terrakion! For information on how to participate check out the <a href="https://www.smogon.com/forums/threads/np-ss-uu-stage-8-3-rack-city.3678591/">suspect thread</a>.</strong></div>
|j|☆Pudistor Black
|j|☆EliotEnRetar
|t:|1614691333
|player|p1|Pudistor Black|veteran|1438
|player|p2|EliotEnRetar|falkner|1415
|teamsize|p1|6
|teamsize|p2|6
|gametype|singles
|gen|8
|tier|[Gen 8] UU
|rated|
|clearpoke
|poke|p1|Amoonguss, M|
|poke|p1|Chansey, F|
|poke|p1|Skarmory, M|
|poke|p1|Pyukumuku, M|
|poke|p1|Sylveon, F|
|poke|p1|Salazzle, F|
|poke|p2|Porygon-Z|
|poke|p2|Krookodile, F|
|poke|p2|Rotom-Wash|
|poke|p2|Scizor, F|
|poke|p2|Talonflame, M|
|poke|p2|Sylveon, F|
|rule|Sleep Clause Mod: Limit one foe put to sleep
|rule|Species Clause: Limit one of each Pokémon
|rule|OHKO Clause: OHKO moves are banned
|rule|Evasion Moves Clause: Evasion moves are banned
|rule|Endless Battle Clause: Forcing endless battles is banned
|rule|HP Percentage Mod: HP is shown in percentages
|rule|Dynamax Clause: You cannot dynamax
|teampreview
|
|t:|1614691359
|start
|switch|p1a: Salazzle|Salazzle, F|100/100
|switch|p2a: CauetBurger|Rotom-Wash|100/100
|turn|1
|
|t:|1614691367
|move|p1a: Salazzle|Substitute|p1a: Salazzle
|-start|p1a: Salazzle|Substitute
|-damage|p1a: Salazzle|75/100
|move|p2a: CauetBurger|Hydro Pump|p1a: Salazzle
|-supereffective|p1a: Salazzle
|-end|p1a: Salazzle|Substitute
|
|-heal|p1a: Salazzle|82/100|[from] item: Black Sludge
|upkeep
|turn|2
|
|t:|1614691374
|move|p1a: Salazzle|Protect|p1a: Salazzle
|-singleturn|p1a: Salazzle|Protect
|move|p2a: CauetBurger|Hydro Pump|p1a: Salazzle
|-activate|p1a: Salazzle|move: Protect
|
|-heal|p1a: Salazzle|88/100|[from] item: Black Sludge
|upkeep
|turn|3
|
|t:|1614691382
|move|p1a: Salazzle|Substitute|p1a: Salazzle
|-start|p1a: Salazzle|Substitute
|-damage|p1a: Salazzle|63/100
|move|p2a: CauetBurger|Hydro Pump|p1a: Salazzle
|-supereffective|p1a: Salazzle
|-end|p1a: Salazzle|Substitute
|
|-heal|p1a: Salazzle|69/100|[from] item: Black Sludge
|upkeep
|turn|4
|
|t:|1614691390
|move|p1a: Salazzle|Protect|p1a: Salazzle
|-singleturn|p1a: Salazzle|Protect
|move|p2a: CauetBurger|Volt Switch|p1a: Salazzle
|-activate|p1a: Salazzle|move: Protect
|
|-heal|p1a: Salazzle|75/100|[from] item: Black Sludge
|upkeep
|turn|5
|
|t:|1614691399
|switch|p1a: Amoonguss|Amoonguss, M|100/100
|move|p2a: CauetBurger|Volt Switch|p1a: Amoonguss
|-resisted|p1a: Amoonguss
|-damage|p1a: Amoonguss|88/100
|
|t:|1614691410
|switch|p2a: Schlass|Scizor, F|100/100|[from]move: Volt Switch
|
|upkeep
|turn|6
|
|t:|1614691418
|switch|p1a: Skarmory|Skarmory, M|100/100
|move|p2a: Schlass|Dual Wingbeat|p1a: Skarmory
|-resisted|p1a: Skarmory
|-damage|p1a: Skarmory|94/100
|-damage|p2a: Schlass|84/100|[from] item: Rocky Helmet|[of] p1a: Skarmory
|-resisted|p1a: Skarmory
|-damage|p1a: Skarmory|88/100
|-damage|p2a: Schlass|68/100|[from] item: Rocky Helmet|[of] p1a: Skarmory
|-hitcount|p1a: Skarmory|2
|
|upkeep
|turn|7
|
|t:|1614691429
|switch|p2a: CauetBurger|Rotom-Wash|100/100
|move|p1a: Skarmory|Spikes|p2a: CauetBurger
|-sidestart|p2: EliotEnRetar|Spikes
|
|upkeep
|turn|8
|
|t:|1614691435
|switch|p1a: Chansey|Chansey, F|100/100
|move|p2a: CauetBurger|Defog|p1a: Chansey
|-unboost|p1a: Chansey|evasion|1
|-sideend|p2: EliotEnRetar|Spikes|[from] move: Defog|[of] p2a: CauetBurger
|
|upkeep
|turn|9
|
|t:|1614691442
|move|p2a: CauetBurger|Volt Switch|p1a: Chansey
|-damage|p1a: Chansey|94/100
|
|t:|1614691446
|switch|p2a: Krookodile|Krookodile, F|100/100|[from]move: Volt Switch
|-ability|p2a: Krookodile|Intimidate|boost
|-unboost|p1a: Chansey|atk|1
|move|p1a: Chansey|Stealth Rock|p2a: Krookodile
|-sidestart|p2: EliotEnRetar|move: Stealth Rock
|
|upkeep
|turn|10
|
|t:|1614691456
|switch|p1a: Skarmory|Skarmory, M|88/100
|move|p2a: Krookodile|Knock Off|p1a: Skarmory
|-damage|p1a: Skarmory|61/100
|-damage|p2a: Krookodile|84/100|[from] item: Rocky Helmet|[of] p1a: Skarmory
|-enditem|p1a: Skarmory|Rocky Helmet|[from] move: Knock Off|[of] p2a: Krookodile
|
|upkeep
|turn|11
|
|t:|1614691463
|switch|p2a: CauetBurger|Rotom-Wash|100/100
|-damage|p2a: CauetBurger|88/100|[from] Stealth Rock
|move|p1a: Skarmory|Roost|p1a: Skarmory
|-heal|p1a: Skarmory|100/100
|-singleturn|p1a: Skarmory|move: Roost
|
|-heal|p2a: CauetBurger|94/100|[from] item: Leftovers
|upkeep
|turn|12
|
|t:|1614691474
|switch|p1a: Chansey|Chansey, F|94/100
|move|p2a: CauetBurger|Defog|p1a: Chansey
|-unboost|p1a: Chansey|evasion|1
|-sideend|p2: EliotEnRetar|Stealth Rock|[from] move: Defog|[of] p2a: CauetBurger
|
|-heal|p2a: CauetBurger|100/100|[from] item: Leftovers
|upkeep
|turn|13
|
|t:|1614691483
|move|p2a: CauetBurger|Volt Switch|p1a: Chansey
|-damage|p1a: Chansey|88/100
|
|t:|1614691486
|switch|p2a: Schlass|Scizor, F|68/100|[from]move: Volt Switch
|move|p1a: Chansey|Stealth Rock|p2a: Schlass
|-sidestart|p2: EliotEnRetar|move: Stealth Rock
|
|upkeep
|turn|14
|
|t:|1614691493
|switch|p1a: Skarmory|Skarmory, M|100/100
|move|p2a: Schlass|U-turn|p1a: Skarmory
|-resisted|p1a: Skarmory
|-damage|p1a: Skarmory|95/100
|
|t:|1614691498
|switch|p2a: CauetBurger|Rotom-Wash|100/100|[from]move: U-turn
|-damage|p2a: CauetBurger|88/100|[from] Stealth Rock
|
|-heal|p2a: CauetBurger|94/100|[from] item: Leftovers
|upkeep
|turn|15
|
|t:|1614691509
|move|p2a: CauetBurger|Defog|p1a: Skarmory
|-unboost|p1a: Skarmory|evasion|1
|-sideend|p2: EliotEnRetar|Stealth Rock|[from] move: Defog|[of] p2a: CauetBurger
|move|p1a: Skarmory|Spikes|p2a: CauetBurger
|-sidestart|p2: EliotEnRetar|Spikes
|
|-heal|p2a: CauetBurger|100/100|[from] item: Leftovers
|upkeep
|turn|16
|
|t:|1614691516
|switch|p1a: Chansey|Chansey, F|88/100
|move|p2a: CauetBurger|Defog|p1a: Chansey
|-unboost|p1a: Chansey|evasion|1
|-sideend|p2: EliotEnRetar|Spikes|[from] move: Defog|[of] p2a: CauetBurger
|
|upkeep
|turn|17
|
|t:|1614691523
|move|p2a: CauetBurger|Volt Switch|p1a: Chansey
|-damage|p1a: Chansey|83/100
|
|t:|1614691527
|switch|p2a: Schlass|Scizor, F|68/100|[from]move: Volt Switch
|move|p1a: Chansey|Stealth Rock|p2a: Schlass
|-sidestart|p2: EliotEnRetar|move: Stealth Rock
|
|upkeep
|turn|18
|
|t:|1614691537
|switch|p1a: Skarmory|Skarmory, M|95/100
|move|p2a: Schlass|U-turn|p1a: Skarmory
|-resisted|p1a: Skarmory
|-damage|p1a: Skarmory|89/100
|
|t:|1614691542
|switch|p2a: CauetBurger|Rotom-Wash|100/100|[from]move: U-turn
|-damage|p2a: CauetBurger|88/100|[from] Stealth Rock
|
|-heal|p2a: CauetBurger|94/100|[from] item: Leftovers
|upkeep
|turn|19
|
|t:|1614691549
|switch|p1a: Chansey|Chansey, F|83/100
|move|p2a: CauetBurger|Volt Switch|p1a: Chansey
|-damage|p1a: Chansey|77/100
|
|t:|1614691554
|switch|p2a: Krookodile|Krookodile, F|84/100|[from]move: Volt Switch
|-damage|p2a: Krookodile|78/100|[from] Stealth Rock
|-ability|p2a: Krookodile|Intimidate|boost
|-unboost|p1a: Chansey|atk|1
|
|upkeep
|turn|20
|
|t:|1614691562
|switch|p2a: CauetBurger|Rotom-Wash|94/100
|-damage|p2a: CauetBurger|82/100|[from] Stealth Rock
|switch|p1a: Skarmory|Skarmory, M|89/100
|
|-heal|p2a: CauetBurger|88/100|[from] item: Leftovers
|upkeep
|turn|21
|
|t:|1614691571
|switch|p1a: Chansey|Chansey, F|77/100
|move|p2a: CauetBurger|Defog|p1a: Chansey
|-unboost|p1a: Chansey|evasion|1
|-sideend|p2: EliotEnRetar|Stealth Rock|[from] move: Defog|[of] p2a: CauetBurger
|
|-heal|p2a: CauetBurger|94/100|[from] item: Leftovers
|upkeep
|turn|22
|
|t:|1614691579
|move|p2a: CauetBurger|Volt Switch|p1a: Chansey
|-damage|p1a: Chansey|71/100
|
|t:|1614691582
|switch|p2a: Schlass|Scizor, F|68/100|[from]move: Volt Switch
|move|p1a: Chansey|Stealth Rock|p2a: Schlass
|-sidestart|p2: EliotEnRetar|move: Stealth Rock
|
|upkeep
|turn|23
|
|t:|1614691590
|switch|p1a: Skarmory|Skarmory, M|89/100
|move|p2a: Schlass|U-turn|p1a: Skarmory
|-resisted|p1a: Skarmory
|-damage|p1a: Skarmory|83/100
|
|t:|1614691597
|switch|p2a: CauetBurger|Rotom-Wash|94/100|[from]move: U-turn
|-damage|p2a: CauetBurger|82/100|[from] Stealth Rock
|
|-heal|p2a: CauetBurger|88/100|[from] item: Leftovers
|upkeep
|turn|24
|
|t:|1614691604
|switch|p1a: Chansey|Chansey, F|71/100
|move|p2a: CauetBurger|Defog|p1a: Chansey
|-unboost|p1a: Chansey|evasion|1
|-sideend|p2: EliotEnRetar|Stealth Rock|[from] move: Defog|[of] p2a: CauetBurger
|
|-heal|p2a: CauetBurger|94/100|[from] item: Leftovers
|upkeep
|turn|25
|
|t:|1614691612
|move|p2a: CauetBurger|Volt Switch|p1a: Chansey
|-damage|p1a: Chansey|66/100
|
|t:|1614691620
|switch|p2a: Schlass|Scizor, F|68/100|[from]move: Volt Switch
|move|p1a: Chansey|Stealth Rock|p2a: Schlass
|-sidestart|p2: EliotEnRetar|move: Stealth Rock
|
|upkeep
|turn|26
|
|t:|1614691625
|switch|p1a: Skarmory|Skarmory, M|83/100
|move|p2a: Schlass|U-turn|p1a: Skarmory
|-resisted|p1a: Skarmory
|-damage|p1a: Skarmory|77/100
|
|t:|1614691630
|switch|p2a: CauetBurger|Rotom-Wash|94/100|[from]move: U-turn
|-damage|p2a: CauetBurger|82/100|[from] Stealth Rock
|
|-heal|p2a: CauetBurger|88/100|[from] item: Leftovers
|upkeep
|turn|27
|
|t:|1614691636
|switch|p1a: Chansey|Chansey, F|66/100
|move|p2a: CauetBurger|Defog|p1a: Chansey
|-unboost|p1a: Chansey|evasion|1
|-sideend|p2: EliotEnRetar|Stealth Rock|[from] move: Defog|[of] p2a: CauetBurger
|
|-heal|p2a: CauetBurger|94/100|[from] item: Leftovers
|upkeep
|turn|28
|
|t:|1614691645
|move|p2a: CauetBurger|Volt Switch|p1a: Chansey
|-damage|p1a: Chansey|60/100
|
|t:|1614691651
|switch|p2a: Krookodile|Krookodile, F|78/100|[from]move: Volt Switch
|-ability|p2a: Krookodile|Intimidate|boost
|-unboost|p1a: Chansey|atk|1
|move|p1a: Chansey|Stealth Rock|p2a: Krookodile
|-sidestart|p2: EliotEnRetar|move: Stealth Rock
|
|upkeep
|turn|29
|
|t:|1614691671
|switch|p1a: Skarmory|Skarmory, M|77/100
|move|p2a: Krookodile|Stealth Rock|p1a: Skarmory
|-sidestart|p1: Pudistor Black|move: Stealth Rock
|
|upkeep
|turn|30
|
|t:|1614691685
|switch|p2a: CauetBurger|Rotom-Wash|94/100
|-damage|p2a: CauetBurger|82/100|[from] Stealth Rock
|switch|p1a: Amoonguss|Amoonguss, M|100/100
|-damage|p1a: Amoonguss|88/100|[from] Stealth Rock
|
|-heal|p2a: CauetBurger|88/100|[from] item: Leftovers
|upkeep
|turn|31
|
|t:|1614691696
|move|p2a: CauetBurger|Volt Switch|p1a: Amoonguss
|-resisted|p1a: Amoonguss
|-damage|p1a: Amoonguss|75/100
|
|t:|1614691702
|switch|p2a: BizouJeManvol|Talonflame, M|100/100|[from]move: Volt Switch
|move|p1a: Amoonguss|Spore|p2a: BizouJeManvol
|-status|p2a: BizouJeManvol|slp|[from] move: Spore
|
|upkeep
|turn|32
|
|t:|1614691726
|switch|p2a: Porygon-NUBL|Porygon-Z|100/100
|-damage|p2a: Porygon-NUBL|88/100|[from] Stealth Rock
|move|p1a: Amoonguss|Foul Play|p2a: Porygon-NUBL
|-damage|p2a: Porygon-NUBL|69/100
|
|upkeep
|turn|33
|
|t:|1614691736
|move|p2a: Porygon-NUBL|Tri Attack|p1a: Amoonguss
|-damage|p1a: Amoonguss|0 fnt
|faint|p1a: Amoonguss
|
|upkeep
|
|t:|1614691742
|switch|p1a: Sylveon|Sylveon, F|100/100
|-damage|p1a: Sylveon|88/100|[from] Stealth Rock
|turn|34
|
|t:|1614691746
|move|p2a: Porygon-NUBL|Tri Attack|p1a: Sylveon
|-damage|p1a: Sylveon|46/100
|move|p1a: Sylveon|Hyper Voice|p2a: Porygon-NUBL
|-damage|p2a: Porygon-NUBL|14/100
|
|-heal|p1a: Sylveon|53/100|[from] item: Leftovers
|upkeep
|turn|35
|
|t:|1614691757
|switch|p2a: Ouais|Sylveon, F|100/100
|-damage|p2a: Ouais|88/100|[from] Stealth Rock
|move|p1a: Sylveon|Protect||[still]
|-fail|p1a: Sylveon
|
|-heal|p1a: Sylveon|59/100|[from] item: Leftovers
|-heal|p2a: Ouais|94/100|[from] item: Leftovers
|upkeep
|turn|36
|
|t:|1614691767
|move|p2a: Ouais|Wish|p2a: Ouais
|move|p1a: Sylveon|Wish|p1a: Sylveon
|
|-heal|p1a: Sylveon|65/100|[from] item: Leftovers
|-heal|p2a: Ouais|99/100|[from] item: Leftovers
|upkeep
|turn|37
|
|t:|1614691778
|switch|p2a: CauetBurger|Rotom-Wash|88/100
|-damage|p2a: CauetBurger|75/100|[from] Stealth Rock
|move|p1a: Sylveon|Hyper Voice|p2a: CauetBurger
|-damage|p2a: CauetBurger|33/100
|
|-heal|p2a: CauetBurger|98/100|[from] move: Wish|[wisher] Ouais
|-heal|p1a: Sylveon|100/100|[from] move: Wish|[wisher] Sylveon
|-heal|p2a: CauetBurger|100/100|[from] item: Leftovers
|upkeep
|turn|38
|
|t:|1614691789
|move|p2a: CauetBurger|Defog|p1a: Sylveon
|-unboost|p1a: Sylveon|evasion|1
|-sideend|p1: Pudistor Black|Stealth Rock|[from] move: Defog|[of] p2a: CauetBurger
|-sideend|p2: EliotEnRetar|Stealth Rock|[from] move: Defog|[of] p2a: CauetBurger
|move|p1a: Sylveon|Hyper Voice|p2a: CauetBurger
|-damage|p2a: CauetBurger|55/100
|
|-heal|p2a: CauetBurger|61/100|[from] item: Leftovers
|upkeep
|turn|39
|
|t:|1614691801
|move|p2a: CauetBurger|Volt Switch|p1a: Sylveon
|-damage|p1a: Sylveon|87/100
|
|t:|1614691806
|switch|p2a: Ouais|Sylveon, F|99/100|[from]move: Volt Switch
|move|p1a: Sylveon|Wish|p1a: Sylveon
|
|-heal|p1a: Sylveon|93/100|[from] item: Leftovers
|-heal|p2a: Ouais|100/100|[from] item: Leftovers
|upkeep
|turn|40
|
|t:|1614691816
|switch|p1a: Chansey|Chansey, F|60/100
|move|p2a: Ouais|Wish|p2a: Ouais
|
|-heal|p1a: Chansey|88/100|[from] move: Wish|[wisher] Sylveon
|upkeep
|turn|41
|
|t:|1614691834
|move|p2a: Ouais|Heal Bell|p2a: Ouais
|-activate|p2a: Ouais|move: Heal Bell
|-curestatus|p2: BizouJeManvol|slp|[msg]
|move|p1a: Chansey|Stealth Rock|p2a: Ouais
|-sidestart|p2: EliotEnRetar|move: Stealth Rock
|
|upkeep
|turn|42
|
|t:|1614691841
|switch|p1a: Salazzle|Salazzle, F|75/100
|move|p2a: Ouais|Wish|p2a: Ouais
|
|-heal|p1a: Salazzle|81/100|[from] item: Black Sludge
|upkeep
|turn|43
|
|t:|1614691847
|switch|p2a: CauetBurger|Rotom-Wash|61/100
|-damage|p2a: CauetBurger|49/100|[from] Stealth Rock
|move|p1a: Salazzle|Toxic|p2a: CauetBurger
|-status|p2a: CauetBurger|tox
|
|-heal|p2a: CauetBurger|100/100 tox|[from] move: Wish|[wisher] Ouais
|-heal|p1a: Salazzle|88/100|[from] item: Black Sludge
|-damage|p2a: CauetBurger|94/100 tox|[from] psn
|upkeep
|turn|44
|
|t:|1614691857
|move|p1a: Salazzle|Protect|p1a: Salazzle
|-singleturn|p1a: Salazzle|Protect
|move|p2a: CauetBurger|Defog|p1a: Salazzle
|-activate|p1a: Salazzle|move: Protect
|
|-heal|p1a: Salazzle|94/100|[from] item: Black Sludge
|-heal|p2a: CauetBurger|100/100 tox|[from] item: Leftovers
|-damage|p2a: CauetBurger|88/100 tox|[from] psn
|upkeep
|turn|45
|
|t:|1614691867
|move|p1a: Salazzle|Substitute|p1a: Salazzle
|-start|p1a: Salazzle|Substitute
|-damage|p1a: Salazzle|69/100
|move|p2a: CauetBurger|Defog|p1a: Salazzle
|-sideend|p2: EliotEnRetar|Stealth Rock|[from] move: Defog|[of] p2a: CauetBurger
|
|-heal|p1a: Salazzle|75/100|[from] item: Black Sludge
|-heal|p2a: CauetBurger|94/100 tox|[from] item: Leftovers
|-damage|p2a: CauetBurger|75/100 tox|[from] psn
|upkeep
|turn|46
|
|t:|1614691881
|switch|p2a: BizouJeManvol|Talonflame, M|100/100
|move|p1a: Salazzle|Protect||[still]
|-fail|p1a: Salazzle
|
|-heal|p1a: Salazzle|81/100|[from] item: Black Sludge
|upkeep
|turn|47
|
|t:|1614691889
|move|p1a: Salazzle|Toxic|p2a: BizouJeManvol
|-status|p2a: BizouJeManvol|tox
|move|p2a: BizouJeManvol|U-turn|p1a: Salazzle
|-resisted|p1a: Salazzle
|-activate|p1a: Salazzle|move: Substitute|[damage]
|
|t:|1614691899
|switch|p2a: Krookodile|Krookodile, F|78/100|[from]move: U-turn
|-ability|p2a: Krookodile|Intimidate|boost
|-immune|p1a: Salazzle
|
|-heal|p1a: Salazzle|87/100|[from] item: Black Sludge
|upkeep
|turn|48
|
|t:|1614691906
|move|p2a: Krookodile|Earthquake|p1a: Salazzle
|-supereffective|p1a: Salazzle
|-end|p1a: Salazzle|Substitute
|move|p1a: Salazzle|Fire Blast|p2a: Krookodile
|-damage|p2a: Krookodile|19/100
|
|-heal|p1a: Salazzle|93/100|[from] item: Black Sludge
|upkeep
|turn|49
|
|t:|1614691920
|move|p1a: Salazzle|Protect|p1a: Salazzle
|-singleturn|p1a: Salazzle|Protect
|move|p2a: Krookodile|Earthquake|p1a: Salazzle
|-activate|p1a: Salazzle|move: Protect
|
|-heal|p1a: Salazzle|99/100|[from] item: Black Sludge
|upkeep
|turn|50
|
|t:|1614691930
|switch|p2a: CauetBurger|Rotom-Wash|75/100 tox
|switch|p1a: Pyukumuku|Pyukumuku, M|100/100
|
|-heal|p2a: CauetBurger|82/100 tox|[from] item: Leftovers
|-damage|p2a: CauetBurger|75/100 tox|[from] psn
|upkeep
|turn|51
|
|t:|1614691939
|move|p2a: CauetBurger|Volt Switch|p1a: Pyukumuku
|-supereffective|p1a: Pyukumuku
|-damage|p1a: Pyukumuku|57/100
|
|t:|1614691943
|switch|p2a: Schlass|Scizor, F|68/100|[from]move: Volt Switch
|move|p1a: Pyukumuku|Recover|p1a: Pyukumuku
|-heal|p1a: Pyukumuku|100/100
|
|upkeep
|turn|52
|
|t:|1614691958
|move|p2a: Schlass|U-turn|p1a: Pyukumuku
|-damage|p1a: Pyukumuku|73/100
|
|t:|1614691961
|switch|p2a: BizouJeManvol|Talonflame, M|100/100 tox|[from]move: U-turn
|move|p1a: Pyukumuku|Soak|p2a: BizouJeManvol
|-start|p2a: BizouJeManvol|typechange|Water
|
|-heal|p1a: Pyukumuku|79/100|[from] item: Leftovers
|-damage|p2a: BizouJeManvol|94/100 tox|[from] psn
|upkeep
|turn|53
|
|t:|1614691970
|move|p2a: BizouJeManvol|U-turn|p1a: Pyukumuku
|-damage|p1a: Pyukumuku|66/100
|
|t:|1614691973
|switch|p2a: CauetBurger|Rotom-Wash|75/100 tox|[from]move: U-turn
|move|p1a: Pyukumuku|Recover|p1a: Pyukumuku
|-heal|p1a: Pyukumuku|100/100
|
|-heal|p2a: CauetBurger|82/100 tox|[from] item: Leftovers
|-damage|p2a: CauetBurger|75/100 tox|[from] psn
|upkeep
|turn|54
|
|t:|1614691981
|switch|p1a: Chansey|Chansey, F|88/100
|move|p2a: CauetBurger|Volt Switch|p1a: Chansey
|-damage|p1a: Chansey|82/100
|
|t:|1614691988
|switch|p2a: Ouais|Sylveon, F|100/100|[from]move: Volt Switch
|
|upkeep
|turn|55
|
|t:|1614691995
|switch|p1a: Salazzle|Salazzle, F|99/100
|move|p2a: Ouais|Heal Bell|p2a: Ouais
|-activate|p2a: Ouais|move: Heal Bell
|-curestatus|p2: BizouJeManvol|tox|[msg]
|-curestatus|p2: CauetBurger|tox|[msg]
|
|-heal|p1a: Salazzle|100/100|[from] item: Black Sludge
|upkeep
|turn|56
|
|t:|1614692007
|move|p1a: Salazzle|Toxic|p2a: Ouais
|-status|p2a: Ouais|tox
|move|p2a: Ouais|Wish|p2a: Ouais
|
|-damage|p2a: Ouais|94/100 tox|[from] psn
|upkeep
|turn|57
|
|t:|1614692014
|move|p1a: Salazzle|Substitute|p1a: Salazzle
|-start|p1a: Salazzle|Substitute
|-damage|p1a: Salazzle|75/100
|move|p2a: Ouais|Yawn||[still]
|-fail|p2a: Ouais
|
|-heal|p2a: Ouais|100/100 tox|[from] move: Wish|[wisher] Ouais
|-heal|p1a: Salazzle|82/100|[from] item: Black Sludge
|-damage|p2a: Ouais|88/100 tox|[from] psn
|upkeep
|turn|58
|
|t:|1614692025
|switch|p2a: CauetBurger|Rotom-Wash|75/100
|move|p1a: Salazzle|Fire Blast|p2a: CauetBurger
|-resisted|p2a: CauetBurger
|-damage|p2a: CauetBurger|53/100
|
|-heal|p1a: Salazzle|88/100|[from] item: Black Sludge
|-heal|p2a: CauetBurger|59/100|[from] item: Leftovers
|upkeep
|turn|59
|
|t:|1614692035
|move|p1a: Salazzle|Protect|p1a: Salazzle
|-singleturn|p1a: Salazzle|Protect
|move|p2a: CauetBurger|Volt Switch|p1a: Salazzle
|-activate|p1a: Salazzle|move: Protect
|
|-heal|p1a: Salazzle|94/100|[from] item: Black Sludge
|-heal|p2a: CauetBurger|65/100|[from] item: Leftovers
|upkeep
|turn|60
|
|t:|1614692043
|move|p1a: Salazzle|Toxic|p2a: CauetBurger
|-status|p2a: CauetBurger|tox
|move|p2a: CauetBurger|Volt Switch|p1a: Salazzle
|-end|p1a: Salazzle|Substitute
|
|t:|1614692051
|switch|p2a: Krookodile|Krookodile, F|19/100|[from]move: Volt Switch
|-ability|p2a: Krookodile|Intimidate|boost
|-unboost|p1a: Salazzle|atk|1
|
|-heal|p1a: Salazzle|99/100|[from] item: Black Sludge
|upkeep
|turn|61
|
|t:|1614692092
|move|p1a: Salazzle|Protect|p1a: Salazzle
|-singleturn|p1a: Salazzle|Protect
|move|p2a: Krookodile|Earthquake|p1a: Salazzle
|-activate|p1a: Salazzle|move: Protect
|
|-heal|p1a: Salazzle|100/100|[from] item: Black Sludge
|upkeep
|turn|62
|
|t:|1614692100
|switch|p1a: Skarmory|Skarmory, M|77/100
|move|p2a: Krookodile|Earthquake|p1a: Skarmory
|-immune|p1a: Skarmory
|
|upkeep
|turn|63
|
|t:|1614692110
|switch|p2a: CauetBurger|Rotom-Wash|65/100 tox
|switch|p1a: Chansey|Chansey, F|82/100
|
|-heal|p2a: CauetBurger|72/100 tox|[from] item: Leftovers
|-damage|p2a: CauetBurger|65/100 tox|[from] psn
|upkeep
|turn|64
|
|t:|1614692118
|move|p2a: CauetBurger|Volt Switch|p1a: Chansey
|-damage|p1a: Chansey|76/100
|
|t:|1614692128
|switch|p2a: Schlass|Scizor, F|68/100|[from]move: Volt Switch
|move|p1a: Chansey|Stealth Rock|p2a: Schlass
|-sidestart|p2: EliotEnRetar|move: Stealth Rock
|
|upkeep
|turn|65
|
|t:|1614692135
|switch|p1a: Skarmory|Skarmory, M|77/100
|move|p2a: Schlass|U-turn|p1a: Skarmory
|-resisted|p1a: Skarmory
|-damage|p1a: Skarmory|71/100
|
|t:|1614692143
|switch|p2a: CauetBurger|Rotom-Wash|65/100 tox|[from]move: U-turn
|-damage|p2a: CauetBurger|53/100 tox|[from] Stealth Rock
|
|-heal|p2a: CauetBurger|59/100 tox|[from] item: Leftovers
|-damage|p2a: CauetBurger|53/100 tox|[from] psn
|upkeep
|turn|66
|
|t:|1614692150
|switch|p1a: Chansey|Chansey, F|76/100
|move|p2a: CauetBurger|Defog|p1a: Chansey
|-unboost|p1a: Chansey|evasion|1
|-sideend|p2: EliotEnRetar|Stealth Rock|[from] move: Defog|[of] p2a: CauetBurger
|
|-heal|p2a: CauetBurger|59/100 tox|[from] item: Leftovers
|-damage|p2a: CauetBurger|47/100 tox|[from] psn
|upkeep
|turn|67
|
|t:|1614692159
|move|p2a: CauetBurger|Volt Switch|p1a: Chansey
|-damage|p1a: Chansey|70/100
|
|t:|1614692162
|switch|p2a: Ouais|Sylveon, F|88/100 tox|[from]move: Volt Switch
|move|p1a: Chansey|Stealth Rock|p2a: Ouais
|-sidestart|p2: EliotEnRetar|move: Stealth Rock
|
|-heal|p2a: Ouais|94/100 tox|[from] item: Leftovers
|-damage|p2a: Ouais|88/100 tox|[from] psn
|upkeep
|turn|68
|
|t:|1614692175
|move|p2a: Ouais|Heal Bell|p2a: Ouais
|-activate|p2a: Ouais|move: Heal Bell
|-curestatus|p2a: Ouais|tox|[msg]
|-curestatus|p2: CauetBurger|tox|[msg]
|move|p1a: Chansey|Seismic Toss|p2a: Ouais
|-damage|p2a: Ouais|63/100
|
|-heal|p2a: Ouais|69/100|[from] item: Leftovers
|upkeep
|turn|69
|
|t:|1614692185
|move|p2a: Ouais|Wish|p2a: Ouais
|move|p1a: Chansey|Seismic Toss|p2a: Ouais
|-damage|p2a: Ouais|44/100
|
|-heal|p2a: Ouais|50/100|[from] item: Leftovers
|upkeep
|turn|70
|
|t:|1614692196
|move|p2a: Ouais|Yawn|p1a: Chansey
|-start|p1a: Chansey|move: Yawn|[of] p2a: Ouais
|move|p1a: Chansey|Seismic Toss|p2a: Ouais
|-damage|p2a: Ouais|24/100
|
|-heal|p2a: Ouais|74/100|[from] move: Wish|[wisher] Ouais
|-heal|p2a: Ouais|80/100|[from] item: Leftovers
|upkeep
|turn|71
|
|t:|1614692205
|switch|p1a: Salazzle|Salazzle, F|100/100
|move|p2a: Ouais|Wish|p2a: Ouais
|
|-heal|p2a: Ouais|87/100|[from] item: Leftovers
|upkeep
|turn|72
|
|t:|1614692211
|switch|p2a: CauetBurger|Rotom-Wash|47/100
|-damage|p2a: CauetBurger|34/100|[from] Stealth Rock
|move|p1a: Salazzle|Substitute|p1a: Salazzle
|-start|p1a: Salazzle|Substitute
|-damage|p1a: Salazzle|75/100
|
|-heal|p2a: CauetBurger|99/100|[from] move: Wish|[wisher] Ouais
|-heal|p1a: Salazzle|82/100|[from] item: Black Sludge
|-heal|p2a: CauetBurger|100/100|[from] item: Leftovers
|upkeep
|turn|73
|
|t:|1614692223
|move|p1a: Salazzle|Protect|p1a: Salazzle
|-singleturn|p1a: Salazzle|Protect
|move|p2a: CauetBurger|Defog|p1a: Salazzle
|-activate|p1a: Salazzle|move: Protect
|
|-heal|p1a: Salazzle|88/100|[from] item: Black Sludge
|upkeep
|turn|74
|
|t:|1614692230
|move|p1a: Salazzle|Toxic|p2a: CauetBurger
|-status|p2a: CauetBurger|tox
|move|p2a: CauetBurger|Defog|p1a: Salazzle
|-sideend|p2: EliotEnRetar|Stealth Rock|[from] move: Defog|[of] p2a: CauetBurger
|
|-heal|p1a: Salazzle|94/100|[from] item: Black Sludge
|-damage|p2a: CauetBurger|94/100 tox|[from] psn
|upkeep
|turn|75
|
|t:|1614692240
|switch|p2a: Ouais|Sylveon, F|87/100
|move|p1a: Salazzle|Protect||[still]
|-fail|p1a: Salazzle
|
|-heal|p1a: Salazzle|99/100|[from] item: Black Sludge
|-heal|p2a: Ouais|93/100|[from] item: Leftovers
|upkeep
|turn|76
|
|t:|1614692255
|move|p1a: Salazzle|Toxic|p2a: Ouais
|-status|p2a: Ouais|tox
|move|p2a: Ouais|Wish|p2a: Ouais
|
|-heal|p1a: Salazzle|100/100|[from] item: Black Sludge
|-heal|p2a: Ouais|99/100 tox|[from] item: Leftovers
|-damage|p2a: Ouais|93/100 tox|[from] psn
|upkeep
|turn|77
|
|t:|1614692280
|move|p1a: Salazzle|Substitute|p1a: Salazzle
|-fail|p1a: Salazzle|move: Substitute
|move|p2a: Ouais|Hyper Voice|p1a: Salazzle
|-resisted|p1a: Salazzle
|-damage|p1a: Salazzle|85/100
|
|-heal|p2a: Ouais|100/100 tox|[from] move: Wish|[wisher] Ouais
|-heal|p1a: Salazzle|91/100|[from] item: Black Sludge
|-damage|p2a: Ouais|88/100 tox|[from] psn
|upkeep
|turn|78
|
|t:|1614692291
|move|p1a: Salazzle|Substitute|p1a: Salazzle
|-fail|p1a: Salazzle|move: Substitute
|move|p2a: Ouais|Heal Bell|p2a: Ouais
|-activate|p2a: Ouais|move: Heal Bell
|-curestatus|p2a: Ouais|tox|[msg]
|-curestatus|p2: CauetBurger|tox|[msg]
|
|-heal|p1a: Salazzle|97/100|[from] item: Black Sludge
|-heal|p2a: Ouais|94/100|[from] item: Leftovers
|upkeep
|turn|79
|
|t:|1614692301
|move|p1a: Salazzle|Toxic|p2a: Ouais
|-status|p2a: Ouais|tox
|move|p2a: Ouais|Wish|p2a: Ouais
|
|-heal|p1a: Salazzle|100/100|[from] item: Black Sludge
|-heal|p2a: Ouais|100/100 tox|[from] item: Leftovers
|-damage|p2a: Ouais|94/100 tox|[from] psn
|upkeep
|turn|80
|
|t:|1614692309
|switch|p2a: Porygon-NUBL|Porygon-Z|14/100
|move|p1a: Salazzle|Substitute|p1a: Salazzle
|-fail|p1a: Salazzle|move: Substitute
|
|-heal|p2a: Porygon-NUBL|77/100|[from] move: Wish|[wisher] Ouais
|upkeep
|turn|81
|
|t:|1614692318
|switch|p2a: Ouais|Sylveon, F|94/100 tox
|move|p1a: Salazzle|Toxic|p2a: Ouais
|-fail|p2a: Ouais|tox
|
|-heal|p2a: Ouais|100/100 tox|[from] item: Leftovers
|-damage|p2a: Ouais|94/100 tox|[from] psn
|upkeep
|turn|82
|
|t:|1614692329
|switch|p2a: CauetBurger|Rotom-Wash|94/100
|move|p1a: Salazzle|Substitute|p1a: Salazzle
|-fail|p1a: Salazzle|move: Substitute
|
|-heal|p2a: CauetBurger|100/100|[from] item: Leftovers
|upkeep
|turn|83
|
|t:|1614692341
|switch|p1a: Chansey|Chansey, F|70/100
|move|p2a: CauetBurger|Volt Switch|p1a: Chansey
|-damage|p1a: Chansey|63/100
|
|t:|1614692347
|switch|p2a: Schlass|Scizor, F|68/100|[from]move: Volt Switch
|
|upkeep
|turn|84
|
|t:|1614692353
|switch|p1a: Skarmory|Skarmory, M|71/100
|move|p2a: Schlass|U-turn|p1a: Skarmory
|-resisted|p1a: Skarmory
|-damage|p1a: Skarmory|65/100
|
|t:|1614692358
|switch|p2a: CauetBurger|Rotom-Wash|100/100|[from]move: U-turn
|
|upkeep
|turn|85
|
|t:|1614692364
|switch|p1a: Chansey|Chansey, F|63/100
|move|p2a: CauetBurger|Volt Switch|p1a: Chansey
|-damage|p1a: Chansey|57/100
|
|t:|1614692372
|switch|p2a: Schlass|Scizor, F|68/100|[from]move: Volt Switch
|
|upkeep
|turn|86
|
|t:|1614692377
|switch|p1a: Skarmory|Skarmory, M|65/100
|move|p2a: Schlass|U-turn|p1a: Skarmory
|-resisted|p1a: Skarmory
|-damage|p1a: Skarmory|60/100
|
|t:|1614692388
|switch|p2a: BizouJeManvol|Talonflame, M|94/100|[from]move: U-turn
|
|upkeep
|turn|87
|
|t:|1614692397
|switch|p1a: Pyukumuku|Pyukumuku, M|100/100
|move|p2a: BizouJeManvol|Flare Blitz|p1a: Pyukumuku
|-resisted|p1a: Pyukumuku
|-damage|p1a: Pyukumuku|84/100
|-damage|p2a: BizouJeManvol|89/100|[from] Recoil
|
|-heal|p1a: Pyukumuku|90/100|[from] item: Leftovers
|upkeep
|turn|88
|
|t:|1614692405
|move|p2a: BizouJeManvol|U-turn|p1a: Pyukumuku
|-damage|p1a: Pyukumuku|76/100
|
|t:|1614692409
|switch|p2a: CauetBurger|Rotom-Wash|100/100|[from]move: U-turn
|move|p1a: Pyukumuku|Toxic|p2a: CauetBurger
|-status|p2a: CauetBurger|tox
|
|-heal|p1a: Pyukumuku|82/100|[from] item: Leftovers
|-damage|p2a: CauetBurger|94/100 tox|[from] psn
|upkeep
|turn|89
|
|t:|1614692418
|move|p2a: CauetBurger|Volt Switch|p1a: Pyukumuku
|-supereffective|p1a: Pyukumuku
|-damage|p1a: Pyukumuku|36/100
|
|t:|1614692425
|switch|p2a: Porygon-NUBL|Porygon-Z|77/100|[from]move: Volt Switch
|move|p1a: Pyukumuku|Recover|p1a: Pyukumuku
|-heal|p1a: Pyukumuku|86/100
|
|-heal|p1a: Pyukumuku|93/100|[from] item: Leftovers
|upkeep
|turn|90
|
|t:|1614692432
|switch|p1a: Chansey|Chansey, F|57/100
|move|p2a: Porygon-NUBL|Tri Attack|p1a: Chansey
|-damage|p1a: Chansey|38/100
|
|upkeep
|turn|91
|
|t:|1614692438
|move|p2a: Porygon-NUBL|Tri Attack|p1a: Chansey
|-damage|p1a: Chansey|19/100
|move|p1a: Chansey|Soft-Boiled|p1a: Chansey
|-heal|p1a: Chansey|69/100
|
|upkeep
|turn|92
|
|t:|1614692445
|switch|p2a: Schlass|Scizor, F|68/100
|move|p1a: Chansey|Stealth Rock|p2a: Schlass
|-sidestart|p2: EliotEnRetar|move: Stealth Rock
|
|upkeep
|turn|93
|
|t:|1614692453
|switch|p1a: Skarmory|Skarmory, M|60/100
|move|p2a: Schlass|U-turn|p1a: Skarmory
|-resisted|p1a: Skarmory
|-damage|p1a: Skarmory|54/100
|
|t:|1614692462
|switch|p2a: BizouJeManvol|Talonflame, M|89/100|[from]move: U-turn
|
|upkeep
|turn|94
|
|t:|1614692472
|switch|p1a: Pyukumuku|Pyukumuku, M|93/100
|move|p2a: BizouJeManvol|U-turn|p1a: Pyukumuku
|-damage|p1a: Pyukumuku|79/100
|
|t:|1614692476
|switch|p2a: Porygon-NUBL|Porygon-Z|77/100|[from]move: U-turn
|-damage|p2a: Porygon-NUBL|65/100|[from] Stealth Rock
|
|-heal|p1a: Pyukumuku|86/100|[from] item: Leftovers
|upkeep
|turn|95
|
|t:|1614692487
|switch|p1a: Sylveon|Sylveon, F|93/100
|move|p2a: Porygon-NUBL|Trick|p1a: Sylveon
|-activate|p2a: Porygon-NUBL|move: Trick|[of] p1a: Sylveon
|-item|p1a: Sylveon|Choice Specs|[from] move: Trick
|-item|p2a: Porygon-NUBL|Leftovers|[from] move: Trick
|
|-heal|p2a: Porygon-NUBL|71/100|[from] item: Leftovers
|upkeep
|turn|96
|
|t:|1614692501
|switch|p2a: Ouais|Sylveon, F|94/100 tox
|-damage|p2a: Ouais|82/100 tox|[from] Stealth Rock
|move|p1a: Sylveon|Hyper Voice|p2a: Ouais
|-damage|p2a: Ouais|48/100 tox
|
|-heal|p2a: Ouais|54/100 tox|[from] item: Leftovers
|-damage|p2a: Ouais|48/100 tox|[from] psn
|upkeep
|turn|97
|
|t:|1614692510
|move|p2a: Ouais|Wish|p2a: Ouais
|move|p1a: Sylveon|Hyper Voice|p2a: Ouais
|-damage|p2a: Ouais|13/100 tox
|
|-heal|p2a: Ouais|19/100 tox|[from] item: Leftovers
|-damage|p2a: Ouais|7/100 tox|[from] psn
|upkeep
|turn|98
|
|t:|1614692517
|switch|p2a: Schlass|Scizor, F|68/100
|-damage|p2a: Schlass|55/100|[from] Stealth Rock
|move|p1a: Sylveon|Hyper Voice|p2a: Schlass
|-resisted|p2a: Schlass
|-damage|p2a: Schlass|13/100
|
|-heal|p2a: Schlass|77/100|[from] move: Wish|[wisher] Ouais
|upkeep
|turn|99
|
|t:|1614692535
|move|p2a: Schlass|U-turn|p1a: Sylveon
|-resisted|p1a: Sylveon
|-damage|p1a: Sylveon|67/100
|
|t:|1614692537
|switch|p2a: BizouJeManvol|Talonflame, M|89/100|[from]move: U-turn
|move|p1a: Sylveon|Hyper Voice|p2a: BizouJeManvol
|-resisted|p2a: BizouJeManvol
|-damage|p2a: BizouJeManvol|42/100
|
|upkeep
|turn|100
|
|t:|1614692545
|switch|p1a: Pyukumuku|Pyukumuku, M|86/100
|move|p2a: BizouJeManvol|Roost|p2a: BizouJeManvol
|-heal|p2a: BizouJeManvol|92/100
|-singleturn|p2a: BizouJeManvol|move: Roost
|
|-heal|p1a: Pyukumuku|92/100|[from] item: Leftovers
|upkeep
|turn|101
|
|t:|1614692567
|move|p2a: BizouJeManvol|U-turn|p1a: Pyukumuku
|-damage|p1a: Pyukumuku|78/100
|
|t:|1614692575
|switch|p2a: CauetBurger|Rotom-Wash|94/100 tox|[from]move: U-turn
|-damage|p2a: CauetBurger|82/100 tox|[from] Stealth Rock
|move|p1a: Pyukumuku|Soak|p2a: CauetBurger
|-start|p2a: CauetBurger|typechange|Water
|
|-heal|p2a: CauetBurger|88/100 tox|[from] item: Leftovers
|-heal|p1a: Pyukumuku|84/100|[from] item: Leftovers
|-damage|p2a: CauetBurger|82/100 tox|[from] psn
|upkeep
|turn|102
|
|t:|1614692586
|switch|p1a: Chansey|Chansey, F|69/100
|move|p2a: CauetBurger|Defog|p1a: Chansey
|-unboost|p1a: Chansey|evasion|1
|-sideend|p2: EliotEnRetar|Stealth Rock|[from] move: Defog|[of] p2a: CauetBurger
|
|-heal|p2a: CauetBurger|88/100 tox|[from] item: Leftovers
|-damage|p2a: CauetBurger|75/100 tox|[from] psn
|upkeep
|turn|103
|
|t:|1614692594
|move|p2a: CauetBurger|Volt Switch|p1a: Chansey
|-damage|p1a: Chansey|65/100
|
|t:|1614692601
|switch|p2a: Porygon-NUBL|Porygon-Z|71/100|[from]move: Volt Switch
|move|p1a: Chansey|Stealth Rock|p2a: Porygon-NUBL
|-sidestart|p2: EliotEnRetar|move: Stealth Rock
|
|-heal|p2a: Porygon-NUBL|77/100|[from] item: Leftovers
|upkeep
|turn|104
|
|t:|1614692610
|move|p2a: Porygon-NUBL|Trick|p1a: Chansey
|-activate|p2a: Porygon-NUBL|move: Trick|[of] p1a: Chansey
|-item|p1a: Chansey|Leftovers|[from] move: Trick
|-item|p2a: Porygon-NUBL|Eviolite|[from] move: Trick
|move|p1a: Chansey|Soft-Boiled|p1a: Chansey
|-heal|p1a: Chansey|100/100
|
|upkeep
|turn|105
|
|t:|1614692617
|move|p2a: Porygon-NUBL|Tri Attack|p1a: Chansey
|-damage|p1a: Chansey|80/100
|move|p1a: Chansey|Seismic Toss|p2a: Porygon-NUBL
|-damage|p2a: Porygon-NUBL|45/100
|
|-heal|p1a: Chansey|86/100|[from] item: Leftovers
|upkeep
|turn|106
|
|t:|1614692626
|move|p2a: Porygon-NUBL|Tri Attack|p1a: Chansey
|-damage|p1a: Chansey|65/100
|-status|p1a: Chansey|brn
|move|p1a: Chansey|Seismic Toss|p2a: Porygon-NUBL
|-damage|p2a: Porygon-NUBL|13/100
|
|-heal|p1a: Chansey|71/100 brn|[from] item: Leftovers
|-damage|p1a: Chansey|65/100 brn|[from] brn
|upkeep
|turn|107
|
|t:|1614692638
|switch|p2a: BizouJeManvol|Talonflame, M|92/100
|move|p1a: Chansey|Soft-Boiled|p1a: Chansey
|-heal|p1a: Chansey|100/100 brn
|
|-damage|p1a: Chansey|94/100 brn|[from] brn
|upkeep
|turn|108
|
|t:|1614692648
|switch|p1a: Pyukumuku|Pyukumuku, M|84/100
|move|p2a: BizouJeManvol|Brave Bird|p1a: Pyukumuku
|-damage|p1a: Pyukumuku|51/100
|-damage|p2a: BizouJeManvol|80/100|[from] Recoil
|
|-heal|p1a: Pyukumuku|58/100|[from] item: Leftovers
|upkeep
|turn|109
|
|t:|1614692656
|move|p2a: BizouJeManvol|Roost|p2a: BizouJeManvol
|-heal|p2a: BizouJeManvol|100/100
|-singleturn|p2a: BizouJeManvol|move: Roost
|move|p1a: Pyukumuku|Recover|p1a: Pyukumuku
|-heal|p1a: Pyukumuku|100/100
|
|upkeep
|turn|110
|
|t:|1614692669
|move|p2a: BizouJeManvol|U-turn|p1a: Pyukumuku
|-damage|p1a: Pyukumuku|88/100
|
|t:|1614692672
|switch|p2a: CauetBurger|Rotom-Wash|75/100 tox|[from]move: U-turn
|-damage|p2a: CauetBurger|63/100 tox|[from] Stealth Rock
|move|p1a: Pyukumuku|Toxic|p2a: CauetBurger
|-fail|p2a: CauetBurger|tox
|
|-heal|p2a: CauetBurger|69/100 tox|[from] item: Leftovers
|-heal|p1a: Pyukumuku|94/100|[from] item: Leftovers
|-damage|p2a: CauetBurger|63/100 tox|[from] psn
|upkeep
|turn|111
|
|t:|1614692682
|switch|p1a: Chansey|Chansey, F|94/100
|move|p2a: CauetBurger|Defog|p1a: Chansey
|-unboost|p1a: Chansey|evasion|1
|-sideend|p2: EliotEnRetar|Stealth Rock|[from] move: Defog|[of] p2a: CauetBurger
|
|-heal|p2a: CauetBurger|69/100 tox|[from] item: Leftovers
|-heal|p1a: Chansey|100/100|[from] item: Leftovers
|-damage|p2a: CauetBurger|57/100 tox|[from] psn
|upkeep
|turn|112
|
|t:|1614692692
|move|p2a: CauetBurger|Volt Switch|p1a: Chansey
|-damage|p1a: Chansey|92/100
|
|t:|1614692696
|switch|p2a: Ouais|Sylveon, F|7/100 tox|[from]move: Volt Switch
|move|p1a: Chansey|Stealth Rock|p2a: Ouais
|-sidestart|p2: EliotEnRetar|move: Stealth Rock
|
|-heal|p2a: Ouais|13/100 tox|[from] item: Leftovers
|-heal|p1a: Chansey|98/100|[from] item: Leftovers
|-damage|p2a: Ouais|7/100 tox|[from] psn
|upkeep
|turn|113
|
|t:|1614692705
|move|p2a: Ouais|Heal Bell|p2a: Ouais
|-activate|p2a: Ouais|move: Heal Bell
|-curestatus|p2a: Ouais|tox|[msg]
|-curestatus|p2: CauetBurger|tox|[msg]
|move|p1a: Chansey|Seismic Toss|p2a: Ouais
|-damage|p2a: Ouais|0 fnt
|faint|p2a: Ouais
|
|-heal|p1a: Chansey|100/100|[from] item: Leftovers
|upkeep
|
|t:|1614692721
|switch|p2a: Krookodile|Krookodile, F|19/100
|-damage|p2a: Krookodile|13/100|[from] Stealth Rock
|-ability|p2a: Krookodile|Intimidate|boost
|-unboost|p1a: Chansey|atk|1
|turn|114
|
|t:|1614692726
|switch|p1a: Skarmory|Skarmory, M|54/100
|move|p2a: Krookodile|Close Combat|p1a: Skarmory
|-damage|p1a: Skarmory|33/100
|-unboost|p2a: Krookodile|def|1
|-unboost|p2a: Krookodile|spd|1
|
|upkeep
|turn|115
|
|t:|1614692739
|switch|p2a: CauetBurger|Rotom-Wash|57/100
|-damage|p2a: CauetBurger|44/100|[from] Stealth Rock
|move|p1a: Skarmory|Roost|p1a: Skarmory
|-heal|p1a: Skarmory|83/100
|-singleturn|p1a: Skarmory|move: Roost
|
|-heal|p2a: CauetBurger|50/100|[from] item: Leftovers
|upkeep
|turn|116
|
|t:|1614692749
|switch|p1a: Chansey|Chansey, F|100/100
|move|p2a: CauetBurger|Defog|p1a: Chansey
|-unboost|p1a: Chansey|evasion|1
|-sideend|p2: EliotEnRetar|Stealth Rock|[from] move: Defog|[of] p2a: CauetBurger
|
|-heal|p2a: CauetBurger|57/100|[from] item: Leftovers
|upkeep
|turn|117
|
|t:|1614692760
|move|p2a: CauetBurger|Volt Switch|p1a: Chansey
|-crit|p1a: Chansey
|-damage|p1a: Chansey|88/100
|
|t:|1614692763
|switch|p2a: Schlass|Scizor, F|77/100|[from]move: Volt Switch
|move|p1a: Chansey|Stealth Rock|p2a: Schlass
|-sidestart|p2: EliotEnRetar|move: Stealth Rock
|
|-heal|p1a: Chansey|94/100|[from] item: Leftovers
|upkeep
|turn|118
|
|t:|1614692770
|switch|p1a: Skarmory|Skarmory, M|83/100
|move|p2a: Schlass|U-turn|p1a: Skarmory
|-resisted|p1a: Skarmory
|-damage|p1a: Skarmory|77/100
|
|t:|1614692775
|switch|p2a: CauetBurger|Rotom-Wash|57/100|[from]move: U-turn
|-damage|p2a: CauetBurger|44/100|[from] Stealth Rock
|
|-heal|p2a: CauetBurger|50/100|[from] item: Leftovers
|upkeep
|turn|119
|
|t:|1614692782
|switch|p1a: Chansey|Chansey, F|94/100
|move|p2a: CauetBurger|Defog|p1a: Chansey
|-unboost|p1a: Chansey|evasion|1
|-sideend|p2: EliotEnRetar|Stealth Rock|[from] move: Defog|[of] p2a: CauetBurger
|
|-heal|p2a: CauetBurger|57/100|[from] item: Leftovers
|-heal|p1a: Chansey|99/100|[from] item: Leftovers
|upkeep
|turn|120
|
|t:|1614692790
|move|p2a: CauetBurger|Volt Switch|p1a: Chansey
|-damage|p1a: Chansey|92/100
|
|t:|1614692794
|switch|p2a: Schlass|Scizor, F|77/100|[from]move: Volt Switch
|move|p1a: Chansey|Stealth Rock|p2a: Schlass
|-sidestart|p2: EliotEnRetar|move: Stealth Rock
|
|-heal|p1a: Chansey|98/100|[from] item: Leftovers
|upkeep
|turn|121
|
|t:|1614692801
|switch|p1a: Skarmory|Skarmory, M|77/100
|move|p2a: Schlass|U-turn|p1a: Skarmory
|-resisted|p1a: Skarmory
|-damage|p1a: Skarmory|72/100
|
|t:|1614692806
|switch|p2a: CauetBurger|Rotom-Wash|57/100|[from]move: U-turn
|-damage|p2a: CauetBurger|44/100|[from] Stealth Rock
|
|-heal|p2a: CauetBurger|50/100|[from] item: Leftovers
|upkeep
|turn|122
|
|t:|1614692813
|switch|p1a: Chansey|Chansey, F|98/100
|move|p2a: CauetBurger|Defog|p1a: Chansey
|-unboost|p1a: Chansey|evasion|1
|-sideend|p2: EliotEnRetar|Stealth Rock|[from] move: Defog|[of] p2a: CauetBurger
|
|-heal|p2a: CauetBurger|57/100|[from] item: Leftovers
|-heal|p1a: Chansey|100/100|[from] item: Leftovers
|upkeep
|turn|123
|
|t:|1614692824
|move|p2a: CauetBurger|Volt Switch|p1a: Chansey
|-damage|p1a: Chansey|91/100
|
|t:|1614692828
|switch|p2a: Schlass|Scizor, F|77/100|[from]move: Volt Switch
|move|p1a: Chansey|Stealth Rock|p2a: Schlass
|-sidestart|p2: EliotEnRetar|move: Stealth Rock
|
|-heal|p1a: Chansey|97/100|[from] item: Leftovers
|upkeep
|turn|124
|
|t:|1614692835
|switch|p1a: Skarmory|Skarmory, M|72/100
|move|p2a: Schlass|U-turn|p1a: Skarmory
|-resisted|p1a: Skarmory
|-damage|p1a: Skarmory|66/100
|
|t:|1614692840
|switch|p2a: CauetBurger|Rotom-Wash|57/100|[from]move: U-turn
|-damage|p2a: CauetBurger|44/100|[from] Stealth Rock
|
|-heal|p2a: CauetBurger|50/100|[from] item: Leftovers
|upkeep
|turn|125
|
|t:|1614692846
|switch|p1a: Chansey|Chansey, F|97/100
|move|p2a: CauetBurger|Defog|p1a: Chansey
|-unboost|p1a: Chansey|evasion|1
|-sideend|p2: EliotEnRetar|Stealth Rock|[from] move: Defog|[of] p2a: CauetBurger
|
|-heal|p2a: CauetBurger|57/100|[from] item: Leftovers
|-heal|p1a: Chansey|100/100|[from] item: Leftovers
|upkeep
|turn|126
|
|t:|1614692863
|switch|p2a: Schlass|Scizor, F|77/100
|move|p1a: Chansey|Stealth Rock|p2a: Schlass
|-sidestart|p2: EliotEnRetar|move: Stealth Rock
|
|upkeep
|turn|127
|
|t:|1614692869
|switch|p1a: Skarmory|Skarmory, M|66/100
|move|p2a: Schlass|U-turn|p1a: Skarmory
|-resisted|p1a: Skarmory
|-damage|p1a: Skarmory|60/100
|
|t:|1614692874
|switch|p2a: CauetBurger|Rotom-Wash|57/100|[from]move: U-turn
|-damage|p2a: CauetBurger|44/100|[from] Stealth Rock
|
|-heal|p2a: CauetBurger|50/100|[from] item: Leftovers
|upkeep
|turn|128
|
|t:|1614692894
|switch|p1a: Chansey|Chansey, F|100/100
|move|p2a: CauetBurger|Defog|p1a: Chansey
|-unboost|p1a: Chansey|evasion|1
|-sideend|p2: EliotEnRetar|Stealth Rock|[from] move: Defog|[of] p2a: CauetBurger
|
|-heal|p2a: CauetBurger|57/100|[from] item: Leftovers
|upkeep
|turn|129
|
|t:|1614692901
|move|p2a: CauetBurger|Volt Switch|p1a: Chansey
|-damage|p1a: Chansey|92/100
|
|t:|1614692904
|switch|p2a: Schlass|Scizor, F|77/100|[from]move: Volt Switch
|move|p1a: Chansey|Stealth Rock|p2a: Schlass
|-sidestart|p2: EliotEnRetar|move: Stealth Rock
|
|-heal|p1a: Chansey|98/100|[from] item: Leftovers
|upkeep
|turn|130
|
|t:|1614692911
|switch|p1a: Skarmory|Skarmory, M|60/100
|move|p2a: Schlass|Swords Dance|p2a: Schlass
|-boost|p2a: Schlass|atk|2
|
|upkeep
|turn|131
|
|t:|1614692918
|switch|p1a: Pyukumuku|Pyukumuku, M|94/100
|move|p2a: Schlass|U-turn|p1a: Pyukumuku
|-damage|p1a: Pyukumuku|69/100
|
|t:|1614692926
|switch|p2a: CauetBurger|Rotom-Wash|57/100|[from]move: U-turn
|-damage|p2a: CauetBurger|44/100|[from] Stealth Rock
|
|-heal|p2a: CauetBurger|50/100|[from] item: Leftovers
|-heal|p1a: Pyukumuku|75/100|[from] item: Leftovers
|upkeep
|turn|132
|
|t:|1614692938
|move|p2a: CauetBurger|Volt Switch|p1a: Pyukumuku
|-supereffective|p1a: Pyukumuku
|-damage|p1a: Pyukumuku|31/100
|
|t:|1614692941
|switch|p2a: Schlass|Scizor, F|77/100|[from]move: Volt Switch
|-damage|p2a: Schlass|64/100|[from] Stealth Rock
|move|p1a: Pyukumuku|Toxic|p2a: Schlass
|-immune|p2a: Schlass
|
|-heal|p1a: Pyukumuku|37/100|[from] item: Leftovers
|upkeep
|turn|133
|
|t:|1614692952
|move|p2a: Schlass|U-turn|p1a: Pyukumuku
|-damage|p1a: Pyukumuku|12/100
|
|t:|1614692959
|switch|p2a: CauetBurger|Rotom-Wash|50/100|[from]move: U-turn
|-damage|p2a: CauetBurger|38/100|[from] Stealth Rock
|move|p1a: Pyukumuku|Recover|p1a: Pyukumuku
|-heal|p1a: Pyukumuku|62/100
|
|-heal|p2a: CauetBurger|44/100|[from] item: Leftovers
|-heal|p1a: Pyukumuku|68/100|[from] item: Leftovers
|upkeep
|turn|134
|
|t:|1614692977
|switch|p1a: Chansey|Chansey, F|98/100
|move|p2a: CauetBurger|Defog|p1a: Chansey
|-unboost|p1a: Chansey|evasion|1
|-sideend|p2: EliotEnRetar|Stealth Rock|[from] move: Defog|[of] p2a: CauetBurger
|
|-heal|p2a: CauetBurger|50/100|[from] item: Leftovers
|-heal|p1a: Chansey|100/100|[from] item: Leftovers
|upkeep
|turn|135
|
|t:|1614692991
|move|p2a: CauetBurger|Volt Switch|p1a: Chansey
|-damage|p1a: Chansey|91/100
|
|t:|1614692994
|switch|p2a: Schlass|Scizor, F|64/100|[from]move: Volt Switch
|move|p1a: Chansey|Stealth Rock|p2a: Schlass
|-sidestart|p2: EliotEnRetar|move: Stealth Rock
|
|-heal|p1a: Chansey|97/100|[from] item: Leftovers
|upkeep
|turn|136
|
|t:|1614693001
|switch|p1a: Salazzle|Salazzle, F|100/100
|move|p2a: Schlass|Swords Dance|p2a: Schlass
|-boost|p2a: Schlass|atk|2
|
|upkeep
|turn|137
|
|t:|1614693012
|move|p1a: Salazzle|Fire Blast|p2a: Schlass|[miss]
|-miss|p1a: Salazzle|p2a: Schlass
|move|p2a: Schlass|Dual Wingbeat|p1a: Salazzle
|-damage|p1a: Salazzle|33/100
|-damage|p1a: Salazzle|0 fnt
|-hitcount|p1a: Salazzle|2
|faint|p1a: Salazzle
|
|upkeep
|
|t:|1614693020
|switch|p1a: Pyukumuku|Pyukumuku, M|68/100
|turn|138
|
|t:|1614693024
|move|p2a: Schlass|Dual Wingbeat|p1a: Pyukumuku
|-damage|p1a: Pyukumuku|53/100
|-crit|p1a: Pyukumuku
|-damage|p1a: Pyukumuku|31/100
|-hitcount|p1a: Pyukumuku|2
|move|p1a: Pyukumuku|Recover|p1a: Pyukumuku
|-heal|p1a: Pyukumuku|81/100
|
|-heal|p1a: Pyukumuku|87/100|[from] item: Leftovers
|upkeep
|turn|139
|
|t:|1614693033
|move|p2a: Schlass|Dual Wingbeat|p1a: Pyukumuku
|-damage|p1a: Pyukumuku|71/100
|-damage|p1a: Pyukumuku|55/100
|-hitcount|p1a: Pyukumuku|2
|move|p1a: Pyukumuku|Toxic|p2a: Schlass
|-immune|p2a: Schlass
|
|-heal|p1a: Pyukumuku|61/100|[from] item: Leftovers
|upkeep
|turn|140
|
|t:|1614693042
|move|p2a: Schlass|Dual Wingbeat|p1a: Pyukumuku
|-damage|p1a: Pyukumuku|46/100
|-damage|p1a: Pyukumuku|31/100
|-hitcount|p1a: Pyukumuku|2
|move|p1a: Pyukumuku|Recover|p1a: Pyukumuku
|-heal|p1a: Pyukumuku|81/100
|
|-heal|p1a: Pyukumuku|87/100|[from] item: Leftovers
|upkeep
|turn|141
|
|t:|1614693055
|move|p2a: Schlass|Dual Wingbeat|p1a: Pyukumuku
|-damage|p1a: Pyukumuku|71/100
|-damage|p1a: Pyukumuku|56/100
|-hitcount|p1a: Pyukumuku|2
|move|p1a: Pyukumuku|Soak|p2a: Schlass
|-start|p2a: Schlass|typechange|Water
|
|-heal|p1a: Pyukumuku|62/100|[from] item: Leftovers
|upkeep
|turn|142
|
|t:|1614693067
|move|p2a: Schlass|U-turn|p1a: Pyukumuku
|-damage|p1a: Pyukumuku|43/100
|
|t:|1614693069
|switch|p2a: BizouJeManvol|Talonflame, M|100/100|[from]move: U-turn
|move|p1a: Pyukumuku|Toxic|p2a: BizouJeManvol
|-status|p2a: BizouJeManvol|tox
|
|-heal|p1a: Pyukumuku|49/100|[from] item: Leftovers
|-damage|p2a: BizouJeManvol|94/100 tox|[from] psn
|upkeep
|turn|143
|
|t:|1614693078
|move|p2a: BizouJeManvol|Brave Bird|p1a: Pyukumuku
|-damage|p1a: Pyukumuku|18/100
|-damage|p2a: BizouJeManvol|84/100 tox|[from] Recoil
|move|p1a: Pyukumuku|Recover|p1a: Pyukumuku
|-heal|p1a: Pyukumuku|68/100
|
|-heal|p1a: Pyukumuku|74/100|[from] item: Leftovers
|-damage|p2a: BizouJeManvol|72/100 tox|[from] psn
|upkeep
|turn|144
|
|t:|1614693089
|move|p2a: BizouJeManvol|Roost|p2a: BizouJeManvol
|-heal|p2a: BizouJeManvol|100/100 tox
|-singleturn|p2a: BizouJeManvol|move: Roost
|move|p1a: Pyukumuku|Soak|p2a: BizouJeManvol
|-start|p2a: BizouJeManvol|typechange|Water
|
|-heal|p1a: Pyukumuku|80/100|[from] item: Leftovers
|-damage|p2a: BizouJeManvol|82/100 tox|[from] psn
|upkeep
|turn|145
|
|t:|1614693104
|move|p2a: BizouJeManvol|U-turn|p1a: Pyukumuku
|-damage|p1a: Pyukumuku|67/100
|
|t:|1614693107
|switch|p2a: Krookodile|Krookodile, F|13/100|[from]move: U-turn
|-damage|p2a: Krookodile|7/100|[from] Stealth Rock
|-ability|p2a: Krookodile|Intimidate|boost
|-unboost|p1a: Pyukumuku|atk|1
|move|p1a: Pyukumuku|Toxic|p2a: Krookodile|[miss]
|-miss|p1a: Pyukumuku|p2a: Krookodile
|
|-heal|p1a: Pyukumuku|73/100|[from] item: Leftovers
|upkeep
|turn|146
|
|t:|1614693118
|switch|p1a: Skarmory|Skarmory, M|60/100
|move|p2a: Krookodile|Knock Off|p1a: Skarmory
|-damage|p1a: Skarmory|43/100
|
|upkeep
|turn|147
|
|t:|1614693126
|switch|p2a: CauetBurger|Rotom-Wash|50/100
|-damage|p2a: CauetBurger|38/100|[from] Stealth Rock
|move|p1a: Skarmory|Roost|p1a: Skarmory
|-heal|p1a: Skarmory|93/100
|-singleturn|p1a: Skarmory|move: Roost
|
|-heal|p2a: CauetBurger|44/100|[from] item: Leftovers
|upkeep
|turn|148
|
|t:|1614693136
|switch|p1a: Chansey|Chansey, F|97/100
|move|p2a: CauetBurger|Defog|p1a: Chansey
|-unboost|p1a: Chansey|evasion|1
|-sideend|p2: EliotEnRetar|Stealth Rock|[from] move: Defog|[of] p2a: CauetBurger
|
|-heal|p2a: CauetBurger|50/100|[from] item: Leftovers
|-heal|p1a: Chansey|100/100|[from] item: Leftovers
|upkeep
|turn|149
|
|t:|1614693150
|move|p2a: CauetBurger|Volt Switch|p1a: Chansey
|-damage|p1a: Chansey|92/100
|
|t:|1614693154
|switch|p2a: Schlass|Scizor, F|64/100|[from]move: Volt Switch
|move|p1a: Chansey|Stealth Rock|p2a: Schlass
|-sidestart|p2: EliotEnRetar|move: Stealth Rock
|
|-heal|p1a: Chansey|99/100|[from] item: Leftovers
|upkeep
|turn|150
|
|t:|1614693166
|switch|p1a: Skarmory|Skarmory, M|93/100
|move|p2a: Schlass|U-turn|p1a: Skarmory
|-resisted|p1a: Skarmory
|-damage|p1a: Skarmory|88/100
|
|t:|1614693171
|switch|p2a: CauetBurger|Rotom-Wash|50/100|[from]move: U-turn
|-damage|p2a: CauetBurger|38/100|[from] Stealth Rock
|
|-heal|p2a: CauetBurger|44/100|[from] item: Leftovers
|upkeep
|turn|151
|
|t:|1614693180
|switch|p1a: Chansey|Chansey, F|99/100
|move|p2a: CauetBurger|Defog|p1a: Chansey
|-unboost|p1a: Chansey|evasion|1
|-sideend|p2: EliotEnRetar|Stealth Rock|[from] move: Defog|[of] p2a: CauetBurger
|
|-heal|p2a: CauetBurger|50/100|[from] item: Leftovers
|-heal|p1a: Chansey|100/100|[from] item: Leftovers
|upkeep
|turn|152
|
|t:|1614693189
|move|p2a: CauetBurger|Volt Switch|p1a: Chansey
|-damage|p1a: Chansey|91/100
|
|t:|1614693196
|switch|p2a: Krookodile|Krookodile, F|7/100|[from]move: Volt Switch
|-ability|p2a: Krookodile|Intimidate|boost
|-unboost|p1a: Chansey|atk|1
|move|p1a: Chansey|Stealth Rock|p2a: Krookodile
|-sidestart|p2: EliotEnRetar|move: Stealth Rock
|
|-heal|p1a: Chansey|98/100|[from] item: Leftovers
|upkeep
|turn|153
|
|t:|1614693223
|switch|p1a: Skarmory|Skarmory, M|88/100
|move|p2a: Krookodile|Stealth Rock|p1a: Skarmory
|-sidestart|p1: Pudistor Black|move: Stealth Rock
|
|upkeep
|turn|154
|
|t:|1614693236
|switch|p2a: CauetBurger|Rotom-Wash|50/100
|-damage|p2a: CauetBurger|38/100|[from] Stealth Rock
|move|p1a: Skarmory|Defog|p2a: CauetBurger
|-unboost|p2a: CauetBurger|evasion|1
|-sideend|p2: EliotEnRetar|Stealth Rock|[from] move: Defog|[of] p1a: Skarmory
|-sideend|p1: Pudistor Black|Stealth Rock|[from] move: Defog|[of] p1a: Skarmory
|
|-heal|p2a: CauetBurger|44/100|[from] item: Leftovers
|upkeep
|turn|155
|
|t:|1614693246
|switch|p1a: Chansey|Chansey, F|98/100
|move|p2a: CauetBurger|Volt Switch|p1a: Chansey
|-damage|p1a: Chansey|89/100
|
|t:|1614693253
|switch|p2a: Krookodile|Krookodile, F|7/100|[from]move: Volt Switch
|-ability|p2a: Krookodile|Intimidate|boost
|-unboost|p1a: Chansey|atk|1
|
|-heal|p1a: Chansey|95/100|[from] item: Leftovers
|upkeep
|turn|156
|
|t:|1614693259
|switch|p1a: Skarmory|Skarmory, M|88/100
|move|p2a: Krookodile|Close Combat|p1a: Skarmory
|-damage|p1a: Skarmory|66/100
|-unboost|p2a: Krookodile|def|1
|-unboost|p2a: Krookodile|spd|1
|
|upkeep
|turn|157
|
|t:|1614693267
|switch|p2a: CauetBurger|Rotom-Wash|44/100
|move|p1a: Skarmory|Spikes|p2a: CauetBurger
|-sidestart|p2: EliotEnRetar|Spikes
|
|-heal|p2a: CauetBurger|50/100|[from] item: Leftovers
|upkeep
|turn|158
|
|t:|1614693277
|switch|p1a: Chansey|Chansey, F|95/100
|move|p2a: CauetBurger|Volt Switch|p1a: Chansey
|-damage|p1a: Chansey|86/100
|
|t:|1614693284
|switch|p2a: Schlass|Scizor, F|64/100|[from]move: Volt Switch
|-damage|p2a: Schlass|52/100|[from] Spikes
|
|-heal|p1a: Chansey|93/100|[from] item: Leftovers
|upkeep
|turn|159
|
|t:|1614693297
|switch|p1a: Skarmory|Skarmory, M|66/100
|move|p2a: Schlass|Swords Dance|p2a: Schlass
|-boost|p2a: Schlass|atk|2
|
|upkeep
|turn|160
|
|t:|1614693311
|move|p2a: Schlass|Dual Wingbeat|p1a: Skarmory
|-resisted|p1a: Skarmory
|-damage|p1a: Skarmory|53/100
|-resisted|p1a: Skarmory
|-damage|p1a: Skarmory|40/100
|-hitcount|p1a: Skarmory|2
|move|p1a: Skarmory|Roost|p1a: Skarmory
|-heal|p1a: Skarmory|90/100
|-singleturn|p1a: Skarmory|move: Roost
|
|upkeep
|turn|161
|
|t:|1614693324
|switch|p1a: Pyukumuku|Pyukumuku, M|73/100
|move|p2a: Schlass|Swords Dance|p2a: Schlass
|-boost|p2a: Schlass|atk|2
|
|-heal|p1a: Pyukumuku|79/100|[from] item: Leftovers
|upkeep
|turn|162
|
|t:|1614693333
|move|p2a: Schlass|Dual Wingbeat|p1a: Pyukumuku
|-damage|p1a: Pyukumuku|64/100
|-damage|p1a: Pyukumuku|49/100
|-hitcount|p1a: Pyukumuku|2
|move|p1a: Pyukumuku|Recover|p1a: Pyukumuku
|-heal|p1a: Pyukumuku|99/100
|
|-heal|p1a: Pyukumuku|100/100|[from] item: Leftovers
|upkeep
|turn|163
|
|t:|1614693344
|move|p2a: Schlass|Dual Wingbeat|p1a: Pyukumuku
|-damage|p1a: Pyukumuku|86/100
|-damage|p1a: Pyukumuku|72/100
|-hitcount|p1a: Pyukumuku|2
|move|p1a: Pyukumuku|Soak|p2a: Schlass
|-start|p2a: Schlass|typechange|Water
|
|-heal|p1a: Pyukumuku|78/100|[from] item: Leftovers
|upkeep
|turn|164
|
|t:|1614693353
|move|p2a: Schlass|U-turn|p1a: Pyukumuku
|-damage|p1a: Pyukumuku|61/100
|
|t:|1614693356
|switch|p2a: BizouJeManvol|Talonflame, M|82/100 tox|[from]move: U-turn
|move|p1a: Pyukumuku|Toxic|p2a: BizouJeManvol|[miss]
|-miss|p1a: Pyukumuku|p2a: BizouJeManvol
|
|-heal|p1a: Pyukumuku|67/100|[from] item: Leftovers
|-damage|p2a: BizouJeManvol|76/100 tox|[from] psn
|upkeep
|turn|165
|
|t:|1614693365
|move|p2a: BizouJeManvol|U-turn|p1a: Pyukumuku
|-damage|p1a: Pyukumuku|53/100
|
|t:|1614693368
|switch|p2a: CauetBurger|Rotom-Wash|50/100|[from]move: U-turn
|move|p1a: Pyukumuku|Soak|p2a: CauetBurger
|-start|p2a: CauetBurger|typechange|Water
|
|-heal|p2a: CauetBurger|57/100|[from] item: Leftovers
|-heal|p1a: Pyukumuku|59/100|[from] item: Leftovers
|upkeep
|turn|166
|
|t:|1614693383
|switch|p1a: Chansey|Chansey, F|93/100
|move|p2a: CauetBurger|Defog|p1a: Chansey
|-unboost|p1a: Chansey|evasion|1
|-sideend|p2: EliotEnRetar|Spikes|[from] move: Defog|[of] p2a: CauetBurger
|
|-heal|p2a: CauetBurger|63/100|[from] item: Leftovers
|-heal|p1a: Chansey|99/100|[from] item: Leftovers
|upkeep
|turn|167
|
|t:|1614693399
|switch|p2a: Porygon-NUBL|Porygon-Z|13/100
|move|p1a: Chansey|Stealth Rock|p2a: Porygon-NUBL
|-sidestart|p2: EliotEnRetar|move: Stealth Rock
|
|-heal|p1a: Chansey|100/100|[from] item: Leftovers
|upkeep
|turn|168
|
|t:|1614693415
|move|p2a: Porygon-NUBL|Ice Beam|p1a: Chansey
|-damage|p1a: Chansey|90/100
|move|p1a: Chansey|Seismic Toss|p2a: Porygon-NUBL
|-damage|p2a: Porygon-NUBL|0 fnt
|faint|p2a: Porygon-NUBL
|
|-heal|p1a: Chansey|96/100|[from] item: Leftovers
|upkeep
|
|t:|1614693440
|switch|p2a: Schlass|Scizor, F|52/100
|-damage|p2a: Schlass|40/100|[from] Stealth Rock
|turn|169
|
|t:|1614693451
|switch|p1a: Skarmory|Skarmory, M|90/100
|move|p2a: Schlass|U-turn|p1a: Skarmory
|-resisted|p1a: Skarmory
|-damage|p1a: Skarmory|85/100
|
|t:|1614693456
|switch|p2a: CauetBurger|Rotom-Wash|63/100|[from]move: U-turn
|-damage|p2a: CauetBurger|50/100|[from] Stealth Rock
|
|-heal|p2a: CauetBurger|57/100|[from] item: Leftovers
|upkeep
|turn|170
|
|t:|1614693476
|switch|p1a: Sylveon|Sylveon, F|67/100
|move|p2a: CauetBurger|Will-O-Wisp|p1a: Sylveon
|-status|p1a: Sylveon|brn
|
|-heal|p2a: CauetBurger|63/100|[from] item: Leftovers
|-damage|p1a: Sylveon|61/100 brn|[from] brn
|upkeep
|turn|171
|
|t:|1614693493
|move|p2a: CauetBurger|Hydro Pump|p1a: Sylveon|[miss]
|-miss|p2a: CauetBurger|p1a: Sylveon
|move|p1a: Sylveon|Hyper Voice|p2a: CauetBurger
|-damage|p2a: CauetBurger|0 fnt
|faint|p2a: CauetBurger
|
|-damage|p1a: Sylveon|55/100 brn|[from] brn
|upkeep
|
|t:|1614693501
|switch|p2a: Schlass|Scizor, F|40/100
|-damage|p2a: Schlass|28/100|[from] Stealth Rock
|turn|172
|
|t:|1614693507
|switch|p1a: Skarmory|Skarmory, M|85/100
|move|p2a: Schlass|Bullet Punch|p1a: Skarmory
|-resisted|p1a: Skarmory
|-damage|p1a: Skarmory|75/100
|
|upkeep
|turn|173
|
|t:|1614693514
|move|p2a: Schlass|U-turn|p1a: Skarmory
|-resisted|p1a: Skarmory
|-damage|p1a: Skarmory|69/100
|
|t:|1614693517
|switch|p2a: BizouJeManvol|Talonflame, M|76/100 tox|[from]move: U-turn
|move|p1a: Skarmory|Spikes|p2a: BizouJeManvol
|-sidestart|p2: EliotEnRetar|Spikes
|
|-damage|p2a: BizouJeManvol|70/100 tox|[from] psn
|upkeep
|turn|174
|
|t:|1614693535
|switch|p1a: Chansey|Chansey, F|96/100
|move|p2a: BizouJeManvol|Brave Bird|p1a: Chansey
|-damage|p1a: Chansey|0 fnt
|-damage|p2a: BizouJeManvol|0 fnt|[from] Recoil
|faint|p1a: Chansey
|faint|p2a: BizouJeManvol
|
|upkeep
|
|t:|1614693546
|switch|p2a: Schlass|Scizor, F|28/100
|switch|p1a: Skarmory|Skarmory, M|69/100
|-damage|p2a: Schlass|16/100|[from] Stealth Rock
|-damage|p2a: Schlass|3/100|[from] Spikes
|turn|175
|
|t:|1614693552
|move|p2a: Schlass|Swords Dance|p2a: Schlass
|-boost|p2a: Schlass|atk|2
|move|p1a: Skarmory|Brave Bird|p2a: Schlass
|-damage|p2a: Schlass|0 fnt
|-damage|p1a: Skarmory|68/100|[from] Recoil
|faint|p2a: Schlass
|
|upkeep
|
|t:|1614693560
|switch|p2a: Krookodile|Krookodile, F|7/100
|-damage|p2a: Krookodile|0 fnt|[from] Spikes
|faint|p2a: Krookodile
|
|win|Pudistor Black
|l|☆EliotEnRetar
||Ladder (probably) updated, but score could not be retrieved (Request timeout).
