|j|☆White Robin
|j|☆lukasjoel1
|player|p1|White Robin|138|1427
|player|p2|lukasjoel1|ghetsis|1229
|teamsize|p1|6
|teamsize|p2|6
|gametype|singles
|gen|8
|tier|[Gen 8] UU
|rated|
|clearpoke
|poke|p1|Barraskewda, F|
|poke|p1|Reuniclus, F|
|poke|p1|Obstagoon, M|
|poke|p1|Mamoswine, M|
|poke|p1|Indeedee, M|
|poke|p1|Weezing-Galar, F|
|poke|p2|Obstagoon, F|
|poke|p2|Bronzong|
|poke|p2|Flygon, M|
|poke|p2|Weezing-Galar, F|
|poke|p2|Inteleon, M|
|poke|p2|Dhelmise|
|rule|Sleep Clause Mod: Limit one foe put to sleep
|rule|Species Clause: Limit one of each Pokémon
|rule|OHKO Clause: OHKO moves are banned
|rule|Evasion Moves Clause: Evasion moves are banned
|rule|Endless Battle Clause: Forcing endless battles is banned
|rule|HP Percentage Mod: HP is shown in percentages
|rule|Dynamax Clause: You cannot dynamax
|teampreview
|
|start
|switch|p1a: Mamoswine|Mamoswine, M|100/100
|switch|p2a: Dhelmise|Dhelmise|100/100
|turn|1
|
|move|p1a: Mamoswine|Icicle Crash|p2a: Dhelmise
|-supereffective|p2a: Dhelmise
|-damage|p2a: Dhelmise|4/100
|move|p2a: Dhelmise|Anchor Shot|p1a: Mamoswine
|-supereffective|p1a: Mamoswine
|-enditem|p1a: Mamoswine|Focus Sash
|-damage|p1a: Mamoswine|1/100
|-activate|p1a: Mamoswine|trapped
|
|upkeep
|turn|2
|
|move|p1a: Mamoswine|Ice Shard|p2a: Dhelmise
|-supereffective|p2a: Dhelmise
|-damage|p2a: Dhelmise|0 fnt
|faint|p2a: Dhelmise
|
|upkeep
|
|switch|p2a: Inteleon|Inteleon, M|100/100
|turn|3
|
|switch|p1a: Indeedee|Indeedee, M|100/100
|-fieldstart|move: Psychic Terrain|[from] ability: Psychic Surge|[of] p1a: Indeedee
|move|p2a: Inteleon|U-turn|p1a: Indeedee
|-supereffective|p1a: Indeedee
|-damage|p1a: Indeedee|48/100
|inactive|Battle timer is ON: inactive players will automatically lose when time's up. (requested by White Robin)
|
|switch|p2a: Flygon|Flygon, M|100/100|[from]move: U-turn
|
|upkeep
|turn|4
|
|move|p2a: Flygon|U-turn|p1a: Indeedee
|-supereffective|p1a: Indeedee
|-damage|p1a: Indeedee|0 fnt
|faint|p1a: Indeedee
|
|switch|p2a: Inteleon|Inteleon, M|100/100|[from]move: U-turn
|
|upkeep
|
|switch|p1a: Barraskewda|Barraskewda, F|100/100
|turn|5
|
|move|p2a: Inteleon|Hydro Pump|p1a: Barraskewda|[miss]
|-miss|p2a: Inteleon|p1a: Barraskewda
|move|p1a: Barraskewda|Psychic Fangs|p2a: Inteleon
|-damage|p2a: Inteleon|0 fnt
|faint|p2a: Inteleon
|
|upkeep
|
|switch|p2a: Flygon|Flygon, M|100/100
|turn|6
|
|move|p2a: Flygon|Earthquake|p1a: Barraskewda
|-damage|p1a: Barraskewda|20/100
|move|p1a: Barraskewda|Psychic Fangs|p2a: Flygon
|-crit|p2a: Flygon
|-damage|p2a: Flygon|0 fnt
|faint|p2a: Flygon
|
|upkeep
|
|switch|p2a: Obstagoon|Obstagoon, F|100/100
|turn|7
|
|switch|p1a: Weezing|Weezing-Galar, F|100/100
|move|p2a: Obstagoon|Knock Off|p1a: Weezing
|-resisted|p1a: Weezing
|-damage|p1a: Weezing|89/100
|-enditem|p1a: Weezing|Black Sludge|[from] move: Knock Off|[of] p2a: Obstagoon
|
|-fieldend|move: Psychic Terrain
|-status|p2a: Obstagoon|brn|[from] item: Flame Orb
|upkeep
|turn|8
|
|switch|p2a: Bronzong|Bronzong|100/100
|move|p1a: Weezing|Strange Steam|p2a: Bronzong
|-resisted|p2a: Bronzong
|-damage|p2a: Bronzong|92/100
|
|-heal|p2a: Bronzong|98/100|[from] item: Leftovers
|upkeep
|turn|9
|
|switch|p1a: Mamoswine|Mamoswine, M|1/100
|move|p2a: Bronzong|Stealth Rock|p1a: Mamoswine
|-sidestart|p1: White Robin|move: Stealth Rock
|
|-heal|p2a: Bronzong|100/100|[from] item: Leftovers
|upkeep
|turn|10
|
|move|p1a: Mamoswine|Stealth Rock|p2a: Bronzong
|-sidestart|p2: lukasjoel1|move: Stealth Rock
|move|p2a: Bronzong|Heavy Slam|p1a: Mamoswine
|-supereffective|p1a: Mamoswine
|-damage|p1a: Mamoswine|0 fnt
|faint|p1a: Mamoswine
|
|upkeep
|
|switch|p1a: Weezing|Weezing-Galar, F|89/100
|-damage|p1a: Weezing|76/100|[from] Stealth Rock
|turn|11
|
|move|p1a: Weezing|Will-O-Wisp|p2a: Bronzong
|-status|p2a: Bronzong|brn
|move|p2a: Bronzong|Heavy Slam|p1a: Weezing
|-supereffective|p1a: Weezing
|-damage|p1a: Weezing|50/100
|
|-damage|p2a: Bronzong|94/100 brn|[from] brn
|upkeep
|turn|12
|
|move|p1a: Weezing|Pain Split|p2a: Bronzong
|-sethp|p2a: Bronzong|72/100 brn|[from] move: Pain Split|[silent]
|-sethp|p1a: Weezing|73/100|[from] move: Pain Split
|move|p2a: Bronzong|Heavy Slam|p1a: Weezing
|-supereffective|p1a: Weezing
|-damage|p1a: Weezing|48/100
|
|-heal|p2a: Bronzong|78/100 brn|[from] item: Leftovers
|-damage|p2a: Bronzong|72/100 brn|[from] brn
|upkeep
|turn|13
|
|switch|p1a: Obstagoon|Obstagoon, M|100/100
|-damage|p1a: Obstagoon|88/100|[from] Stealth Rock
|move|p2a: Bronzong|Heavy Slam|p1a: Obstagoon
|-damage|p1a: Obstagoon|73/100
|
|-heal|p2a: Bronzong|78/100 brn|[from] item: Leftovers
|-damage|p2a: Bronzong|72/100 brn|[from] brn
|-status|p1a: Obstagoon|brn|[from] item: Flame Orb
|upkeep
|turn|14
|
|move|p1a: Obstagoon|Knock Off|p2a: Bronzong
|-supereffective|p2a: Bronzong
|-damage|p2a: Bronzong|0 fnt
|-enditem|p2a: Bronzong|Leftovers|[from] move: Knock Off|[of] p1a: Obstagoon
|faint|p2a: Bronzong
|
|-damage|p1a: Obstagoon|67/100 brn|[from] brn
|upkeep
|
|switch|p2a: Weezing|Weezing-Galar, F|100/100
|-damage|p2a: Weezing|88/100|[from] Stealth Rock
|turn|15
|
|move|p1a: Obstagoon|Facade|p2a: Weezing
|-damage|p2a: Weezing|13/100
|move|p2a: Weezing|Strange Steam|p1a: Obstagoon
|-supereffective|p1a: Obstagoon
|-damage|p1a: Obstagoon|0 fnt
|faint|p1a: Obstagoon
|
|upkeep
|
|switch|p1a: Reuniclus|Reuniclus, F|100/100
|turn|16
|
|move|p2a: Weezing|Toxic Spikes|p1a: Reuniclus
|-sidestart|p1: White Robin|move: Toxic Spikes
|move|p1a: Reuniclus|Psyshock|p2a: Weezing
|-supereffective|p2a: Weezing
|-damage|p2a: Weezing|0 fnt
|faint|p2a: Weezing
|
|upkeep
|
|switch|p2a: Obstagoon|Obstagoon, F|100/100 brn
|-damage|p2a: Obstagoon|88/100 brn|[from] Stealth Rock
|turn|17
|
|move|p2a: Obstagoon|Knock Off|p1a: Reuniclus
|-supereffective|p1a: Reuniclus
|-damage|p1a: Reuniclus|0 fnt
|-enditem|p1a: Reuniclus|Life Orb|[from] move: Knock Off|[of] p2a: Obstagoon
|faint|p1a: Reuniclus
|
|-damage|p2a: Obstagoon|82/100 brn|[from] brn
|upkeep
|
|switch|p1a: Weezing|Weezing-Galar, F|48/100
|-damage|p1a: Weezing|36/100|[from] Stealth Rock
|turn|18
|
|move|p2a: Obstagoon|Facade|p1a: Weezing
|-damage|p1a: Weezing|0 fnt
|faint|p1a: Weezing
|
|-damage|p2a: Obstagoon|76/100 brn|[from] brn
|upkeep
|
|switch|p1a: Barraskewda|Barraskewda, F|20/100
|-status|p1a: Barraskewda|psn
|-damage|p1a: Barraskewda|8/100 psn|[from] Stealth Rock
|turn|19
|
|move|p2a: Obstagoon|Obstruct|p2a: Obstagoon
|-singleturn|p2a: Obstagoon|Protect
|move|p1a: Barraskewda|Close Combat|p2a: Obstagoon
|-activate|p2a: Obstagoon|move: Protect
|-unboost|p1a: Barraskewda|def|2
|
|-damage|p1a: Barraskewda|0 fnt|[from] psn
|faint|p1a: Barraskewda
|
|win|lukasjoel1
|upkeep
|l|☆White Robin
|raw|White Robin's rating: 1427 &rarr; <strong>1397</strong><br />(-30 for losing)
|raw|lukasjoel1's rating: 1246 &rarr; <strong>1282</strong><br />(+36 for winning)
