|raw|<div class="broadcast-blue"><strong>This battle is required to be public due to a player having a name starting with 'uult91w'.</div>
|j|☆UULT91w Adaam
|j|☆UULT91w Toto
|t:|1651860416
|gametype|singles
|player|p1|UULT91w Adaam|101|1569
|player|p2|UULT91w Toto|fantina|1607
|teamsize|p1|6
|teamsize|p2|6
|gen|8
|tier|[Gen 8] UU
|rated|
|rule|Sleep Clause Mod: Limit one foe put to sleep
|rule|Species Clause: Limit one of each Pokémon
|rule|OHKO Clause: OHKO moves are banned
|rule|Evasion Moves Clause: Evasion moves are banned
|rule|Endless Battle Clause: Forcing endless battles is banned
|rule|HP Percentage Mod: HP is shown in percentages
|rule|Dynamax Clause: You cannot dynamax
|clearpoke
|poke|p1|Togekiss, M|
|poke|p1|Nidoking, M|
|poke|p1|Hydreigon, M|
|poke|p1|Rotom-Heat|
|poke|p1|Scizor, F|
|poke|p1|Tangrowth, F|
|poke|p2|Chansey, F|
|poke|p2|Rotom-Wash|
|poke|p2|Mandibuzz, F|
|poke|p2|Chandelure, M|
|poke|p2|Scizor, M|
|poke|p2|Zygarde-10%|
|teampreview
|j| UULT91w Micciu
|c|☆UULT91w Toto|glhf
|c|☆UULT91w Adaam|u2
|j| PKMNTrainerJacob
|j|+avarice
|
|t:|1651860462
|start
|switch|p1a: Tangrowth|Tangrowth, F|100/100
|switch|p2a: Chansey|Chansey, F|100/100
|turn|1
|c| PKMNTrainerJacob|UU Later Testing? What's being tested.
|inactive|Battle timer is ON: inactive players will automatically lose when time's up. (requested by UULT91w Adaam)
|
|t:|1651860486
|switch|p2a: Scizor|Scizor, M|100/100
|move|p1a: Tangrowth|Knock Off|p2a: Scizor
|-damage|p2a: Scizor|82/100
|-damage|p1a: Tangrowth|84/100|[from] item: Rocky Helmet|[of] p2a: Scizor
|-enditem|p2a: Scizor|Rocky Helmet|[from] move: Knock Off|[of] p1a: Tangrowth
|
|upkeep
|turn|2
|j| ulky
|
|t:|1651860492
|move|p2a: Scizor|Knock Off|p1a: Tangrowth
|-damage|p1a: Tangrowth|66/100
|-damage|p2a: Scizor|65/100|[from] item: Rocky Helmet|[of] p1a: Tangrowth
|-enditem|p1a: Tangrowth|Rocky Helmet|[from] move: Knock Off|[of] p2a: Scizor
|move|p1a: Tangrowth|Sleep Powder|p2a: Scizor
|-status|p2a: Scizor|slp|[from] move: Sleep Powder
|
|upkeep
|turn|3
|
|t:|1651860506
|switch|p2a: Zygarde|Zygarde-10%|100/100
|-ability|p2a: Zygarde|Aura Break
|switch|p1a: Nidoking|Nidoking, M|100/100
|
|upkeep
|turn|4
|
|t:|1651860510
|switch|p1a: Tangrowth|Tangrowth, F|99/100
|move|p2a: Zygarde|Toxic|p1a: Tangrowth
|-status|p1a: Tangrowth|tox
|
|-damage|p1a: Tangrowth|93/100 tox|[from] psn
|upkeep
|turn|5
|
|t:|1651860520
|switch|p2a: Chansey|Chansey, F|100/100
|switch|p1a: Nidoking|Nidoking, M|100/100
|
|upkeep
|turn|6
|
|t:|1651860524
|move|p1a: Nidoking|Stealth Rock|p2a: Chansey
|-sidestart|p2: UULT91w Toto|move: Stealth Rock
|move|p2a: Chansey|Stealth Rock|p1a: Nidoking
|-sidestart|p1: UULT91w Adaam|move: Stealth Rock
|
|upkeep
|turn|7
|
|t:|1651860529
|move|p1a: Nidoking|Sludge Wave|p2a: Chansey
|-crit|p2a: Chansey
|-damage|p2a: Chansey|68/100
|move|p2a: Chansey|Teleport|p2a: Chansey
|
|t:|1651860535
|switch|p2a: Zygarde|Zygarde-10%|100/100|[from]move: Teleport
|-damage|p2a: Zygarde|94/100|[from] Stealth Rock
|-ability|p2a: Zygarde|Aura Break
|
|upkeep
|turn|8
|
|t:|1651860546
|switch|p1a: Tangrowth|Tangrowth, F|100/100 tox
|-damage|p1a: Tangrowth|88/100 tox|[from] Stealth Rock
|move|p2a: Zygarde|Thousand Arrows|p1a: Tangrowth
|-resisted|p1a: Tangrowth
|-damage|p1a: Tangrowth|71/100 tox
|
|-damage|p1a: Tangrowth|65/100 tox|[from] psn
|upkeep
|turn|9
|j| turtledoggo1
|
|t:|1651860559
|switch|p2a: Chansey|Chansey, F|68/100
|-damage|p2a: Chansey|55/100|[from] Stealth Rock
|move|p1a: Tangrowth|Knock Off|p2a: Chansey
|-damage|p2a: Chansey|42/100
|-enditem|p2a: Chansey|Eviolite|[from] move: Knock Off|[of] p1a: Tangrowth
|
|-damage|p1a: Tangrowth|52/100 tox|[from] psn
|upkeep
|turn|10
|
|t:|1651860574
|switch|p1a: Scizor|Scizor, F|100/100
|-damage|p1a: Scizor|88/100|[from] Stealth Rock
|move|p2a: Chansey|Soft-Boiled|p2a: Chansey
|-heal|p2a: Chansey|92/100
|
|upkeep
|turn|11
|
|t:|1651860581
|switch|p2a: Mandibuzz|Mandibuzz, F|100/100
|move|p1a: Scizor|Bullet Punch|p2a: Mandibuzz
|-damage|p2a: Mandibuzz|77/100
|
|upkeep
|turn|12
|
|t:|1651860599
|switch|p2a: Rotom|Rotom-Wash|100/100
|-damage|p2a: Rotom|88/100|[from] Stealth Rock
|move|p1a: Scizor|Knock Off|p2a: Rotom
|-damage|p2a: Rotom|53/100
|-enditem|p2a: Rotom|Leftovers|[from] move: Knock Off|[of] p1a: Scizor
|
|upkeep
|turn|13
|
|t:|1651860612
|move|p2a: Rotom|Pain Split|p1a: Scizor
|-sethp|p1a: Scizor|68/100|[from] move: Pain Split|[silent]
|-sethp|p2a: Rotom|75/100|[from] move: Pain Split
|move|p1a: Scizor|Roost|p1a: Scizor
|-heal|p1a: Scizor|100/100
|-singleturn|p1a: Scizor|move: Roost
|
|upkeep
|turn|14
|
|t:|1651860619
|switch|p1a: Tangrowth|Tangrowth, F|86/100 tox
|-damage|p1a: Tangrowth|73/100 tox|[from] Stealth Rock
|move|p2a: Rotom|Will-O-Wisp||[still]
|-fail|p2a: Rotom
|
|-damage|p1a: Tangrowth|67/100 tox|[from] psn
|upkeep
|turn|15
|
|t:|1651860624
|move|p2a: Rotom|Volt Switch|p1a: Tangrowth
|-resisted|p1a: Tangrowth
|-damage|p1a: Tangrowth|52/100 tox
|
|t:|1651860629
|switch|p2a: Chansey|Chansey, F|92/100|[from]move: Volt Switch
|-damage|p2a: Chansey|79/100|[from] Stealth Rock
|move|p1a: Tangrowth|Giga Drain|p2a: Chansey
|-crit|p2a: Chansey
|-damage|p2a: Chansey|60/100
|-heal|p1a: Tangrowth|69/100 tox|[from] drain|[of] p2a: Chansey
|
|-damage|p1a: Tangrowth|56/100 tox|[from] psn
|upkeep
|turn|16
|
|t:|1651860637
|switch|p1a: Scizor|Scizor, F|100/100
|-damage|p1a: Scizor|88/100|[from] Stealth Rock
|move|p2a: Chansey|Teleport|p2a: Chansey
|
|t:|1651860642
|switch|p2a: Chandelure|Chandelure, M|100/100|[from]move: Teleport
|
|upkeep
|turn|17
|
|t:|1651860648
|switch|p1a: Rotom|Rotom-Heat|100/100
|move|p2a: Chandelure|Will-O-Wisp|p1a: Rotom
|-immune|p1a: Rotom
|
|upkeep
|turn|18
|
|t:|1651860657
|switch|p1a: deino triple|Hydreigon, M|100/100
|-damage|p1a: deino triple|88/100|[from] Stealth Rock
|switch|p2a: Chansey|Chansey, F|60/100
|-damage|p2a: Chansey|48/100|[from] Stealth Rock
|
|upkeep
|turn|19
|
|t:|1651860663
|move|p1a: deino triple|U-turn|p2a: Chansey
|-damage|p2a: Chansey|34/100
|
|t:|1651860673
|switch|p1a: Togekiss|Togekiss, M|100/100|[from]move: U-turn
|move|p2a: Chansey|Soft-Boiled|p2a: Chansey
|-heal|p2a: Chansey|84/100
|
|upkeep
|turn|20
|
|t:|1651860691
|switch|p2a: Rotom|Rotom-Wash|75/100
|-damage|p2a: Rotom|62/100|[from] Stealth Rock
|move|p1a: Togekiss|Nasty Plot|p1a: Togekiss
|-boost|p1a: Togekiss|spa|2
|
|upkeep
|turn|21
|
|t:|1651860711
|switch|p1a: Tangrowth|Tangrowth, F|90/100 tox
|-damage|p1a: Tangrowth|77/100 tox|[from] Stealth Rock
|move|p2a: Rotom|Pain Split|p1a: Tangrowth
|-sethp|p1a: Tangrowth|62/100 tox|[from] move: Pain Split|[silent]
|-sethp|p2a: Rotom|82/100|[from] move: Pain Split
|
|-damage|p1a: Tangrowth|56/100 tox|[from] psn
|upkeep
|turn|22
|
|t:|1651860716
|move|p2a: Rotom|Volt Switch|p1a: Tangrowth
|-resisted|p1a: Tangrowth
|-damage|p1a: Tangrowth|43/100 tox
|
|t:|1651860720
|switch|p2a: Chandelure|Chandelure, M|100/100|[from]move: Volt Switch
|move|p1a: Tangrowth|Giga Drain|p2a: Chandelure
|-resisted|p2a: Chandelure
|-damage|p2a: Chandelure|79/100
|-heal|p1a: Tangrowth|50/100 tox|[from] drain|[of] p2a: Chandelure
|
|-damage|p1a: Tangrowth|37/100 tox|[from] psn
|upkeep
|turn|23
|j| Parpar
|
|t:|1651860736
|switch|p2a: Zygarde|Zygarde-10%|94/100
|-damage|p2a: Zygarde|88/100|[from] Stealth Rock
|-ability|p2a: Zygarde|Aura Break
|switch|p1a: Rotom|Rotom-Heat|100/100
|
|upkeep
|turn|24
|
|t:|1651860748
|switch|p1a: Tangrowth|Tangrowth, F|71/100 tox
|-damage|p1a: Tangrowth|58/100 tox|[from] Stealth Rock
|move|p2a: Zygarde|Thousand Arrows|p1a: Tangrowth
|-resisted|p1a: Tangrowth
|-damage|p1a: Tangrowth|40/100 tox
|
|-damage|p1a: Tangrowth|34/100 tox|[from] psn
|upkeep
|turn|25
|
|t:|1651860754
|move|p2a: Zygarde|Thousand Arrows|p1a: Tangrowth
|-resisted|p1a: Tangrowth
|-damage|p1a: Tangrowth|17/100 tox
|move|p1a: Tangrowth|Giga Drain|p2a: Zygarde
|-damage|p2a: Zygarde|46/100
|-heal|p1a: Tangrowth|30/100 tox|[from] drain|[of] p2a: Zygarde
|
|-damage|p1a: Tangrowth|18/100 tox|[from] psn
|upkeep
|turn|26
|
|t:|1651860771
|move|p2a: Zygarde|Thousand Arrows|p1a: Tangrowth
|-resisted|p1a: Tangrowth
|-damage|p1a: Tangrowth|0 fnt
|faint|p1a: Tangrowth
|
|upkeep
|j| UULT91w St3ve
|
|t:|1651860790
|switch|p1a: deino triple|Hydreigon, M|88/100
|-damage|p1a: deino triple|76/100|[from] Stealth Rock
|turn|27
|
|t:|1651860800
|switch|p2a: Mandibuzz|Mandibuzz, F|77/100
|move|p1a: deino triple|U-turn|p2a: Mandibuzz
|-damage|p2a: Mandibuzz|68/100
|
|t:|1651860804
|switch|p1a: Nidoking|Nidoking, M|100/100|[from]move: U-turn
|-damage|p1a: Nidoking|95/100|[from] Stealth Rock
|
|upkeep
|turn|28
|
|t:|1651860811
|switch|p2a: Chansey|Chansey, F|84/100
|-damage|p2a: Chansey|71/100|[from] Stealth Rock
|move|p1a: Nidoking|Ice Beam|p2a: Chansey
|-damage|p2a: Chansey|50/100
|
|upkeep
|turn|29
|
|t:|1651860818
|switch|p1a: Togekiss|Togekiss, M|100/100
|move|p2a: Chansey|Soft-Boiled|p2a: Chansey
|-heal|p2a: Chansey|99/100
|
|upkeep
|turn|30
|
|t:|1651860821
|switch|p2a: Rotom|Rotom-Wash|82/100
|-damage|p2a: Rotom|70/100|[from] Stealth Rock
|move|p1a: Togekiss|Nasty Plot|p1a: Togekiss
|-boost|p1a: Togekiss|spa|2
|
|upkeep
|turn|31
|
|t:|1651860833
|move|p1a: Togekiss|Air Slash|p2a: Rotom
|-resisted|p2a: Rotom
|-damage|p2a: Rotom|35/100
|cant|p2a: Rotom|flinch
|
|upkeep
|turn|32
|
|t:|1651860838
|move|p1a: Togekiss|Air Slash|p2a: Rotom
|-resisted|p2a: Rotom
|-damage|p2a: Rotom|0 fnt
|faint|p2a: Rotom
|
|upkeep
|
|t:|1651860847
|switch|p2a: Chandelure|Chandelure, M|79/100
|turn|33
|
|t:|1651860851
|move|p2a: Chandelure|Flamethrower|p1a: Togekiss
|-damage|p1a: Togekiss|53/100
|move|p1a: Togekiss|Air Slash|p2a: Chandelure
|-damage|p2a: Chandelure|0 fnt
|faint|p2a: Chandelure
|
|upkeep
|
|t:|1651860854
|switch|p2a: Zygarde|Zygarde-10%|46/100
|-damage|p2a: Zygarde|40/100|[from] Stealth Rock
|-ability|p2a: Zygarde|Aura Break
|turn|34
|
|t:|1651860864
|switch|p1a: Nidoking|Nidoking, M|95/100
|-damage|p1a: Nidoking|89/100|[from] Stealth Rock
|move|p2a: Zygarde|Thousand Arrows|p1a: Nidoking
|-supereffective|p1a: Nidoking
|-damage|p1a: Nidoking|0 fnt
|faint|p1a: Nidoking
|
|upkeep
|
|t:|1651860876
|switch|p1a: Scizor|Scizor, F|88/100
|-damage|p1a: Scizor|75/100|[from] Stealth Rock
|turn|35
|
|t:|1651860886
|switch|p2a: Mandibuzz|Mandibuzz, F|68/100
|move|p1a: Scizor|Knock Off|p2a: Mandibuzz
|-resisted|p2a: Mandibuzz
|-damage|p2a: Mandibuzz|57/100
|-enditem|p2a: Mandibuzz|Heavy-Duty Boots|[from] move: Knock Off|[of] p1a: Scizor
|
|upkeep
|turn|36
|
|t:|1651860892
|switch|p1a: Togekiss|Togekiss, M|53/100
|move|p2a: Mandibuzz|Defog|p1a: Togekiss
|-unboost|p1a: Togekiss|evasion|1
|-sideend|p1: UULT91w Adaam|Stealth Rock|[from] move: Defog|[of] p2a: Mandibuzz
|-sideend|p2: UULT91w Toto|Stealth Rock|[from] move: Defog|[of] p2a: Mandibuzz
|
|upkeep
|turn|37
|
|t:|1651860898
|move|p1a: Togekiss|Roost|p1a: Togekiss
|-heal|p1a: Togekiss|100/100
|-singleturn|p1a: Togekiss|move: Roost
|move|p2a: Mandibuzz|Toxic|p1a: Togekiss
|-status|p1a: Togekiss|tox
|
|-damage|p1a: Togekiss|94/100 tox|[from] psn
|upkeep
|turn|38
|
|t:|1651860907
|switch|p2a: Zygarde|Zygarde-10%|40/100
|-ability|p2a: Zygarde|Aura Break
|move|p1a: Togekiss|Air Slash|p2a: Zygarde
|-damage|p2a: Zygarde|0 fnt
|faint|p2a: Zygarde
|
|-damage|p1a: Togekiss|82/100 tox|[from] psn
|upkeep
|j| Mimilucha
|c|☆UULT91w Toto|gg
|c|☆UULT91w Adaam|gg
|-message|UULT91w Toto forfeited.
|
|win|UULT91w Adaam
|raw|UULT91w Adaam's rating: 1569 &rarr; <strong>1590</strong><br />(+21 for winning)
|raw|UULT91w Toto's rating: 1587 &rarr; <strong>1566</strong><br />(-21 for losing)
|l|☆UULT91w Toto
|l|☆UULT91w Adaam
|l|+avarice
|l| PKMNTrainerJacob
|l| Mimilucha
|l| UULT91w Micciu
||Ladder isn't responding, score probably updated but might not have (Request timeout).
|l| UULT91w St3ve
|j| joey milktank
|l| turtledoggo1
|l| joey milktank
|j| joey milktank
|l| joey milktank
