|j|☆Lnua
|j|☆tuRk.exe
|player|p1|Lnua|misty-gen2|1441
|player|p2|tuRk.exe|184|1511
|teamsize|p1|6
|teamsize|p2|6
|gametype|singles
|gen|8
|tier|[Gen 8] UU
|rated|
|clearpoke
|poke|p1|Noivern, M|
|poke|p1|Rhyperior, F|
|poke|p1|Sylveon, M|
|poke|p1|Reuniclus, F|
|poke|p1|Milotic, F|
|poke|p1|Cobalion|
|poke|p2|Noivern, M|
|poke|p2|Gardevoir, F|
|poke|p2|Necrozma|
|poke|p2|Cobalion|
|poke|p2|Golisopod, M|
|poke|p2|Barbaracle, M|
|rule|Sleep Clause Mod: Limit one foe put to sleep
|rule|Species Clause: Limit one of each Pokémon
|rule|OHKO Clause: OHKO moves are banned
|rule|Evasion Moves Clause: Evasion moves are banned
|rule|Endless Battle Clause: Forcing endless battles is banned
|rule|HP Percentage Mod: HP is shown in percentages
|rule|Dynamax Clause: You cannot dynamax
|teampreview
|c|☆Lnua|hello again xD
|c|☆tuRk.exe|:)
|
|start
|switch|p1a: yawn|Sylveon, M|100/100
|switch|p2a: Noivern|Noivern, M|100/100
|turn|1
|
|move|p2a: Noivern|Hurricane|p1a: yawn|[miss]
|-miss|p2a: Noivern|p1a: yawn
|move|p1a: yawn|Calm Mind|p1a: yawn
|-boost|p1a: yawn|spa|1
|-boost|p1a: yawn|spd|1
|
|upkeep
|turn|2
|c|☆tuRk.exe|uh oh
|c|☆Lnua|oh
|c|☆Lnua|sorry
|
|move|p2a: Noivern|Hurricane|p1a: yawn
|-damage|p1a: yawn|80/100
|-start|p1a: yawn|confusion
|-activate|p1a: yawn|confusion
|move|p1a: yawn|Hyper Voice|p2a: Noivern
|-supereffective|p2a: Noivern
|-damage|p2a: Noivern|0 fnt
|faint|p2a: Noivern
|
|-heal|p1a: yawn|87/100|[from] item: Leftovers
|upkeep
|
|switch|p2a: Cobalion|Cobalion|100/100
|turn|3
|
|move|p2a: Cobalion|Iron Head|p1a: yawn
|-supereffective|p1a: yawn
|-damage|p1a: yawn|33/100
|-activate|p1a: yawn|confusion
|-damage|p1a: yawn|29/100|[from] confusion
|
|-heal|p1a: yawn|35/100|[from] item: Leftovers
|upkeep
|turn|4
|c|☆Lnua|D:
|j| warzoid
|
|move|p2a: Cobalion|Swords Dance|p2a: Cobalion
|-boost|p2a: Cobalion|atk|2
|-activate|p1a: yawn|confusion
|move|p1a: yawn|Hyper Voice|p2a: Cobalion
|-damage|p2a: Cobalion|22/100
|
|-heal|p2a: Cobalion|28/100|[from] item: Leftovers
|-heal|p1a: yawn|41/100|[from] item: Leftovers
|upkeep
|turn|5
|
|switch|p1a: Cobalion|Cobalion|100/100
|move|p2a: Cobalion|Iron Head|p1a: Cobalion
|-resisted|p1a: Cobalion
|-damage|p1a: Cobalion|75/100
|
|-heal|p2a: Cobalion|34/100|[from] item: Leftovers
|upkeep
|turn|6
|
|move|p1a: Cobalion|Close Combat|p2a: Cobalion
|-supereffective|p2a: Cobalion
|-damage|p2a: Cobalion|0 fnt
|-unboost|p1a: Cobalion|def|1
|-unboost|p1a: Cobalion|spd|1
|faint|p2a: Cobalion
|
|upkeep
|
|switch|p2a: Necrozma|Necrozma|100/100
|turn|7
|
|switch|p2a: Gardevoir|Gardevoir, F|100/100
|-ability|p2a: Gardevoir|Justified|[from] ability: Trace|[of] p1a: Cobalion
|move|p1a: Cobalion|Iron Head|p2a: Gardevoir
|-supereffective|p2a: Gardevoir
|-damage|p2a: Gardevoir|0 fnt
|faint|p2a: Gardevoir
|
|upkeep
|c|☆tuRk.exe|:(
|c|☆Lnua|omg
|
|switch|p2a: Necrozma|Necrozma|100/100
|turn|8
|
|switch|p1a: Milotic|Milotic, F|100/100
|move|p2a: Necrozma|Calm Mind|p2a: Necrozma
|-boost|p2a: Necrozma|spa|1
|-boost|p2a: Necrozma|spd|1
|
|upkeep
|turn|9
|
|move|p2a: Necrozma|Calm Mind|p2a: Necrozma
|-boost|p2a: Necrozma|spa|1
|-boost|p2a: Necrozma|spd|1
|move|p1a: Milotic|Haze|p1a: Milotic
|-clearallboost
|
|upkeep
|turn|10
|
|move|p2a: Necrozma|Calm Mind|p2a: Necrozma
|-boost|p2a: Necrozma|spa|1
|-boost|p2a: Necrozma|spd|1
|move|p1a: Milotic|Toxic|p2a: Necrozma|[miss]
|-miss|p1a: Milotic|p2a: Necrozma
|
|upkeep
|turn|11
|
|move|p2a: Necrozma|Stored Power|p1a: Milotic
|-damage|p1a: Milotic|68/100
|move|p1a: Milotic|Haze|p1a: Milotic
|-clearallboost
|
|-heal|p1a: Milotic|74/100|[from] item: Leftovers
|upkeep
|turn|12
|
|move|p2a: Necrozma|Calm Mind|p2a: Necrozma
|-boost|p2a: Necrozma|spa|1
|-boost|p2a: Necrozma|spd|1
|move|p1a: Milotic|Toxic|p2a: Necrozma
|-status|p2a: Necrozma|tox
|
|-heal|p1a: Milotic|80/100|[from] item: Leftovers
|-damage|p2a: Necrozma|94/100 tox|[from] psn
|upkeep
|turn|13
|
|move|p2a: Necrozma|Stored Power|p1a: Milotic
|-damage|p1a: Milotic|47/100
|move|p1a: Milotic|Haze|p1a: Milotic
|-clearallboost
|
|-heal|p2a: Necrozma|100/100 tox|[from] item: Leftovers
|-heal|p1a: Milotic|54/100|[from] item: Leftovers
|-damage|p2a: Necrozma|88/100 tox|[from] psn
|upkeep
|turn|14
|
|switch|p2a: Barbaracle|Barbaracle, M|100/100
|move|p1a: Milotic|Recover|p1a: Milotic
|-heal|p1a: Milotic|100/100
|
|upkeep
|turn|15
|
|move|p2a: Barbaracle|Stone Edge|p1a: Milotic
|-damage|p1a: Milotic|63/100
|move|p1a: Milotic|Haze|p1a: Milotic
|-clearallboost
|
|-heal|p1a: Milotic|69/100|[from] item: Leftovers
|upkeep
|turn|16
|
|move|p2a: Barbaracle|Shell Smash|p2a: Barbaracle
|-unboost|p2a: Barbaracle|def|1
|-unboost|p2a: Barbaracle|spd|1
|-boost|p2a: Barbaracle|atk|2
|-boost|p2a: Barbaracle|spa|2
|-boost|p2a: Barbaracle|spe|2
|-enditem|p2a: Barbaracle|White Herb
|-clearnegativeboost|p2a: Barbaracle|[silent]
|move|p1a: Milotic|Recover|p1a: Milotic
|-heal|p1a: Milotic|100/100
|
|upkeep
|turn|17
|c|☆Lnua|wp
|c|☆tuRk.exe|plz crit
|
|move|p2a: Barbaracle|Stone Edge|p1a: Milotic|[miss]
|-miss|p2a: Barbaracle|p1a: Milotic
|move|p1a: Milotic|Haze|p1a: Milotic
|-clearallboost
|
|upkeep
|turn|18
|c|☆Lnua|...
|c|☆tuRk.exe|or that lol
|c|☆Lnua|I'm sorry about the hax
|c|☆tuRk.exe|haha nah all good
|
|move|p2a: Barbaracle|Shell Smash|p2a: Barbaracle
|-unboost|p2a: Barbaracle|def|1
|-unboost|p2a: Barbaracle|spd|1
|-boost|p2a: Barbaracle|atk|2
|-boost|p2a: Barbaracle|spa|2
|-boost|p2a: Barbaracle|spe|2
|move|p1a: Milotic|Scald|p2a: Barbaracle
|-damage|p2a: Barbaracle|49/100
|
|upkeep
|turn|19
|
|move|p2a: Barbaracle|Stone Edge|p1a: Milotic
|-damage|p1a: Milotic|15/100
|move|p1a: Milotic|Scald|p2a: Barbaracle
|-damage|p2a: Barbaracle|0 fnt
|faint|p2a: Barbaracle
|
|-heal|p1a: Milotic|21/100|[from] item: Leftovers
|upkeep
|
|switch|p2a: Golisopod|Golisopod, M|100/100
|turn|20
|
|switch|p1a: Cobalion|Cobalion|75/100
|move|p2a: Golisopod|First Impression|p1a: Cobalion
|-resisted|p1a: Cobalion
|-damage|p1a: Cobalion|65/100
|
|upkeep
|turn|21
|
|move|p1a: Cobalion|Swords Dance|p1a: Cobalion
|-boost|p1a: Cobalion|atk|2
|move|p2a: Golisopod|Liquidation|p1a: Cobalion
|-damage|p1a: Cobalion|23/100
|
|upkeep
|turn|22
|
|move|p2a: Golisopod|Aqua Jet|p1a: Cobalion
|-damage|p1a: Cobalion|4/100
|move|p1a: Cobalion|Stone Edge|p2a: Golisopod|[miss]
|-miss|p1a: Cobalion|p2a: Golisopod
|
|upkeep
|turn|23
|c|☆Lnua|ok it's even
|c|☆tuRk.exe|:/
|
|move|p2a: Golisopod|Aqua Jet|p1a: Cobalion
|-damage|p1a: Cobalion|0 fnt
|faint|p1a: Cobalion
|
|upkeep
|
|switch|p1a: yawn|Sylveon, M|41/100
|turn|24
|
|move|p1a: yawn|Rest|p1a: yawn
|-status|p1a: yawn|slp|[from] move: Rest
|-heal|p1a: yawn|100/100 slp|[silent]
|move|p2a: Golisopod|Liquidation|p1a: yawn
|-damage|p1a: yawn|64/100 slp
|
|-heal|p1a: yawn|70/100 slp|[from] item: Leftovers
|upkeep
|turn|25
|
|switch|p1a: Milotic|Milotic, F|21/100
|move|p2a: Golisopod|Liquidation|p1a: Milotic
|-resisted|p1a: Milotic
|-damage|p1a: Milotic|3/100
|
|-heal|p1a: Milotic|9/100|[from] item: Leftovers
|upkeep
|turn|26
|c|☆Lnua|oh
|c|☆Lnua|oh no
|
|switch|p1a: Noivern|Noivern, M|100/100
|-item|p2a: Golisopod|Heavy-Duty Boots|[from] ability: Frisk|[of] p1a: Noivern|[identify]
|move|p2a: Golisopod|Aqua Jet|p1a: Noivern
|-resisted|p1a: Noivern
|-damage|p1a: Noivern|85/100
|
|upkeep
|turn|27
|
|move|p1a: Noivern|Draco Meteor|p2a: Golisopod
|-damage|p2a: Golisopod|38/100
|-unboost|p1a: Noivern|spa|2
|-activate|p2a: Golisopod|ability: Emergency Exit
|
|switch|p2a: Necrozma|Necrozma|88/100 tox
|
|-heal|p2a: Necrozma|94/100 tox|[from] item: Leftovers
|-damage|p2a: Necrozma|88/100 tox|[from] psn
|upkeep
|turn|28
|
|switch|p1a: Rhyperior|Rhyperior, F|100/100
|move|p2a: Necrozma|Calm Mind|p2a: Necrozma
|-boost|p2a: Necrozma|spa|1
|-boost|p2a: Necrozma|spd|1
|
|-heal|p2a: Necrozma|94/100 tox|[from] item: Leftovers
|-damage|p2a: Necrozma|82/100 tox|[from] psn
|upkeep
|turn|29
|
|move|p2a: Necrozma|Earth Power|p1a: Rhyperior
|-supereffective|p1a: Rhyperior
|-damage|p1a: Rhyperior|40/100
|move|p1a: Rhyperior|Earthquake|p2a: Necrozma
|-damage|p2a: Necrozma|44/100 tox
|
|-heal|p2a: Necrozma|51/100 tox|[from] item: Leftovers
|-heal|p1a: Rhyperior|47/100|[from] item: Leftovers
|-damage|p2a: Necrozma|32/100 tox|[from] psn
|upkeep
|turn|30
|
|switch|p1a: Noivern|Noivern, M|85/100
|-item|p2a: Necrozma|Leftovers|[from] ability: Frisk|[of] p1a: Noivern|[identify]
|move|p2a: Necrozma|Stored Power|p1a: Noivern
|-damage|p1a: Noivern|22/100
|
|-heal|p2a: Necrozma|38/100 tox|[from] item: Leftovers
|-damage|p2a: Necrozma|14/100 tox|[from] psn
|upkeep
|turn|31
|
|move|p1a: Noivern|Flamethrower|p2a: Necrozma
|-damage|p2a: Necrozma|0 fnt
|faint|p2a: Necrozma
|
|upkeep
|
|switch|p2a: Golisopod|Golisopod, M|38/100
|turn|32
|
|move|p1a: Noivern|Draco Meteor|p2a: Golisopod
|-damage|p2a: Golisopod|0 fnt
|-unboost|p1a: Noivern|spa|2
|faint|p2a: Golisopod
|
|win|Lnua
|c|☆tuRk.exe|gg
|raw|Lnua's rating: 1441 &rarr; <strong>1465</strong><br />(+24 for winning)
|raw|tuRk.exe's rating: 1511 &rarr; <strong>1487</strong><br />(-24 for losing)
|c|☆Lnua|gg
