|j|☆Y1theking100
|j|☆467 11 11p
|t:|1641353599
|gametype|singles
|player|p1|Y1theking100|battlegirl-gen4|
|player|p2|467 11 11p|ariana|
|teamsize|p1|6
|teamsize|p2|6
|gen|8
|tier|[Gen 8] UU
|rated|Tournament battle
|rule|Sleep Clause Mod: Limit one foe put to sleep
|rule|Species Clause: Limit one of each Pokémon
|rule|OHKO Clause: OHKO moves are banned
|rule|Evasion Moves Clause: Evasion moves are banned
|rule|Endless Battle Clause: Forcing endless battles is banned
|rule|HP Percentage Mod: HP is shown in percentages
|rule|Dynamax Clause: You cannot dynamax
|clearpoke
|poke|p1|Thundurus-Therian, M|
|poke|p1|Golisopod, F|
|poke|p1|Gardevoir, F|
|poke|p1|Aegislash, F|
|poke|p1|Tsareena, F|
|poke|p1|Pangoro, F|
|poke|p2|Amoonguss, F|
|poke|p2|Swampert, F|
|poke|p2|Jirachi|
|poke|p2|Salamence, F|
|poke|p2|Mamoswine, M|
|poke|p2|Moltres-Galar|
|teampreview
|c|☆Y1theking100|hf
|c|☆467 11 11p|hv
|c|☆467 11 11p|hc
|c|☆467 11 11p|hf
|
|t:|1641353624
|start
|switch|p1a: Tsareena|Tsareena, F|100/100
|switch|p2a: Swampert|Swampert, F|100/100
|turn|1
|
|t:|1641353630
|move|p1a: Tsareena|Knock Off|p2a: Swampert
|-damage|p2a: Swampert|70/100
|-enditem|p2a: Swampert|Leftovers|[from] move: Knock Off|[of] p1a: Tsareena
|move|p2a: Swampert|Stealth Rock|p1a: Tsareena
|-sidestart|p1: Y1theking100|move: Stealth Rock
|
|upkeep
|turn|2
|
|t:|1641353643
|switch|p2a: Jirachi|Jirachi|100/100
|move|p1a: Tsareena|Rapid Spin|p2a: Jirachi
|-resisted|p2a: Jirachi
|-damage|p2a: Jirachi|93/100
|-boost|p1a: Tsareena|spe|1
|-sideend|p1: Y1theking100|Stealth Rock|[from] move: Rapid Spin|[of] p1a: Tsareena
|
|-heal|p2a: Jirachi|99/100|[from] item: Leftovers
|upkeep
|turn|3
|j| ShwiftyShiftry
|
|t:|1641353676
|switch|p2a: Salamence|Salamence, F|100/100
|-ability|p2a: Salamence|Intimidate|boost
|-unboost|p1a: Tsareena|atk|1
|move|p1a: Tsareena|Knock Off|p2a: Salamence
|-damage|p2a: Salamence|77/100
|-enditem|p2a: Salamence|Heavy-Duty Boots|[from] move: Knock Off|[of] p1a: Tsareena
|
|upkeep
|turn|4
|
|t:|1641353703
|switch|p1a: Aegislash|Aegislash, F|100/100
|switch|p2a: Jirachi|Jirachi|99/100
|
|-heal|p2a: Jirachi|100/100|[from] item: Leftovers
|upkeep
|turn|5
|
|t:|1641353719
|switch|p2a: Moltres|Moltres-Galar|100/100
|move|p1a: Aegislash|King's Shield||[still]
|-fail|p1a: Aegislash
|
|upkeep
|turn|6
|
|t:|1641353729
|switch|p1a: Pangoro|Pangoro, F|100/100
|move|p2a: Moltres|Hurricane|p1a: Pangoro|[miss]
|-miss|p2a: Moltres|p1a: Pangoro
|
|upkeep
|turn|7
|
|t:|1641353739
|switch|p1a: Thundurus|Thundurus-Therian, M|100/100
|move|p2a: Moltres|Hurricane|p1a: Thundurus
|-resisted|p1a: Thundurus
|-damage|p1a: Thundurus|69/100
|
|upkeep
|turn|8
|
|t:|1641353747
|switch|p2a: Jirachi|Jirachi|100/100
|move|p1a: Thundurus|Focus Blast|p2a: Jirachi|[miss]
|-miss|p1a: Thundurus|p2a: Jirachi
|
|upkeep
|turn|9
|
|t:|1641353754
|switch|p1a: Pangoro|Pangoro, F|100/100
|move|p2a: Jirachi|U-turn|p1a: Pangoro
|-damage|p1a: Pangoro|79/100
|
|t:|1641353760
|switch|p2a: Moltres|Moltres-Galar|100/100|[from]move: U-turn
|
|upkeep
|turn|10
|
|t:|1641353764
|move|p2a: Moltres|Hurricane|p1a: Pangoro|[miss]
|-miss|p2a: Moltres|p1a: Pangoro
|move|p1a: Pangoro|Close Combat|p2a: Moltres
|-damage|p2a: Moltres|9/100
|-unboost|p1a: Pangoro|def|1
|-unboost|p1a: Pangoro|spd|1
|-ability|p2a: Moltres|Berserk|boost
|-boost|p2a: Moltres|spa|1
|
|upkeep
|turn|11
|
|t:|1641353770
|switch|p1a: Aegislash|Aegislash, F|100/100
|move|p2a: Moltres|Hurricane|p1a: Aegislash
|-resisted|p1a: Aegislash
|-damage|p1a: Aegislash|73/100
|
|upkeep
|turn|12
|
|t:|1641353779
|move|p2a: Moltres|Rest|p2a: Moltres
|-status|p2a: Moltres|slp|[from] move: Rest
|-heal|p2a: Moltres|100/100 slp|[silent]
|-formechange|p1a: Aegislash|Aegislash-Blade||[from] ability: Stance Change
|move|p1a: Aegislash|Flash Cannon|p2a: Moltres
|-damage|p2a: Moltres|64/100 slp
|
|upkeep
|turn|13
|
|t:|1641353786
|cant|p2a: Moltres|slp
|move|p2a: Moltres|Sleep Talk|p2a: Moltres
|move|p2a: Moltres|Fiery Wrath|p1a: Aegislash|[from]move: Sleep Talk
|-supereffective|p1a: Aegislash
|-enditem|p1a: Aegislash|Colbur Berry|[eat]
|-enditem|p1a: Aegislash|Colbur Berry|[weaken]
|-damage|p1a: Aegislash|0 fnt
|faint|p1a: Aegislash
|
|upkeep
|
|t:|1641353795
|switch|p1a: Thundurus|Thundurus-Therian, M|69/100
|turn|14
|
|t:|1641353799
|switch|p2a: Swampert|Swampert, F|70/100
|move|p1a: Thundurus|Nasty Plot|p1a: Thundurus
|-boost|p1a: Thundurus|spa|2
|
|upkeep
|turn|15
|j| SuloTheBoi!❄
|
|t:|1641353806
|move|p1a: Thundurus|Focus Blast|p2a: Swampert
|-damage|p2a: Swampert|8/100
|move|p2a: Swampert|Toxic|p1a: Thundurus
|-status|p1a: Thundurus|tox
|
|-damage|p1a: Thundurus|63/100 tox|[from] psn
|upkeep
|turn|16
|
|t:|1641353810
|move|p1a: Thundurus|Psychic|p2a: Swampert
|-damage|p2a: Swampert|0 fnt
|faint|p2a: Swampert
|
|-damage|p1a: Thundurus|51/100 tox|[from] psn
|upkeep
|
|t:|1641353813
|switch|p2a: Mamoswine|Mamoswine, M|100/100
|turn|17
|
|t:|1641353815
|switch|p1a: Golisopod|Golisopod, F|100/100
|move|p2a: Mamoswine|Ice Shard|p1a: Golisopod
|-resisted|p1a: Golisopod
|-damage|p1a: Golisopod|91/100
|
|upkeep
|turn|18
|j| 7MM (Reformed)
|
|t:|1641353822
|switch|p2a: Salamence|Salamence, F|77/100
|-ability|p2a: Salamence|Intimidate|boost
|-unboost|p1a: Golisopod|atk|1
|move|p1a: Golisopod|Spikes|p2a: Salamence
|-sidestart|p2: 467 11 11p|Spikes
|
|upkeep
|turn|19
|
|t:|1641353831
|switch|p1a: Gardevoir|Gardevoir, F|100/100
|-ability|p1a: Gardevoir|Intimidate|[from] ability: Trace|[of] p2a: Salamence
|-ability|p1a: Gardevoir|Intimidate|boost
|-unboost|p2a: Salamence|atk|1
|move|p2a: Salamence|Air Slash|p1a: Gardevoir
|-damage|p1a: Gardevoir|68/100
|
|upkeep
|turn|20
|c| 7MM (Reformed)|wow danny actually playing mons lol
|
|t:|1641353837
|switch|p2a: Jirachi|Jirachi|100/100
|-damage|p2a: Jirachi|88/100|[from] Spikes
|move|p1a: Gardevoir|Psychic|p2a: Jirachi
|-resisted|p2a: Jirachi
|-damage|p2a: Jirachi|78/100
|
|-heal|p2a: Jirachi|85/100|[from] item: Leftovers
|upkeep
|turn|21
|c|☆467 11 11p|LOL
|c|☆467 11 11p|look blame ata
|
|t:|1641353849
|switch|p1a: Golisopod|Golisopod, F|91/100
|move|p2a: Jirachi|U-turn|p1a: Golisopod
|-damage|p1a: Golisopod|78/100
|
|t:|1641353853
|switch|p2a: Salamence|Salamence, F|77/100|[from]move: U-turn
|-ability|p2a: Salamence|Intimidate|boost
|-unboost|p1a: Golisopod|atk|1
|
|upkeep
|turn|22
|c| 7MM (Reformed)|whos ata
|c|☆467 11 11p|ara
|c| 7MM (Reformed)|oh
|
|t:|1641353864
|switch|p1a: Thundurus|Thundurus-Therian, M|51/100 tox
|move|p2a: Salamence|Defog|p1a: Thundurus
|-unboost|p1a: Thundurus|evasion|1
|-sideend|p2: 467 11 11p|Spikes|[from] move: Defog|[of] p2a: Salamence
|
|-damage|p1a: Thundurus|45/100 tox|[from] psn
|upkeep
|turn|23
|
|t:|1641353877
|switch|p2a: Amoonguss|Amoonguss, F|100/100
|move|p1a: Thundurus|Psychic|p2a: Amoonguss
|-supereffective|p2a: Amoonguss
|-damage|p2a: Amoonguss|34/100
|
|-damage|p1a: Thundurus|33/100 tox|[from] psn
|upkeep
|turn|24
|
|t:|1641353882
|switch|p2a: Jirachi|Jirachi|85/100
|move|p1a: Thundurus|Psychic|p2a: Jirachi
|-resisted|p2a: Jirachi
|-crit|p2a: Jirachi
|-damage|p2a: Jirachi|74/100
|
|-heal|p2a: Jirachi|80/100|[from] item: Leftovers
|-damage|p1a: Thundurus|15/100 tox|[from] psn
|upkeep
|turn|25
|l| ShwiftyShiftry
|
|t:|1641353892
|switch|p1a: Golisopod|Golisopod, F|78/100
|move|p2a: Jirachi|Protect||[still]
|-fail|p2a: Jirachi
|
|-heal|p2a: Jirachi|86/100|[from] item: Leftovers
|upkeep
|turn|26
|
|t:|1641353898
|move|p2a: Jirachi|U-turn|p1a: Golisopod
|-crit|p1a: Golisopod
|-damage|p1a: Golisopod|61/100
|
|t:|1641353902
|switch|p2a: Salamence|Salamence, F|77/100|[from]move: U-turn
|-ability|p2a: Salamence|Intimidate|boost
|-unboost|p1a: Golisopod|atk|1
|move|p1a: Golisopod|Spikes|p2a: Salamence
|-sidestart|p2: 467 11 11p|Spikes
|
|upkeep
|turn|27
|j| Adrift and Alone
|
|t:|1641353909
|switch|p1a: Gardevoir|Gardevoir, F|68/100
|-ability|p1a: Gardevoir|Intimidate|[from] ability: Trace|[of] p2a: Salamence
|-ability|p1a: Gardevoir|Intimidate|boost
|-unboost|p2a: Salamence|atk|1
|move|p2a: Salamence|Air Slash|p1a: Gardevoir
|-damage|p1a: Gardevoir|34/100
|
|upkeep
|turn|28
|
|t:|1641353915
|switch|p2a: Jirachi|Jirachi|86/100
|-damage|p2a: Jirachi|74/100|[from] Spikes
|move|p1a: Gardevoir|Mystical Fire|p2a: Jirachi
|-supereffective|p2a: Jirachi
|-damage|p2a: Jirachi|33/100
|-unboost|p2a: Jirachi|spa|1
|
|-heal|p2a: Jirachi|40/100|[from] item: Leftovers
|upkeep
|turn|29
|
|t:|1641353920
|move|p2a: Jirachi|Protect|p2a: Jirachi
|-singleturn|p2a: Jirachi|Protect
|move|p1a: Gardevoir|Mystical Fire|p2a: Jirachi
|-activate|p2a: Jirachi|move: Protect
|
|-heal|p2a: Jirachi|46/100|[from] item: Leftovers
|upkeep
|turn|30
|
|t:|1641353942
|switch|p2a: Salamence|Salamence, F|77/100
|-ability|p2a: Salamence|Intimidate|boost
|-unboost|p1a: Gardevoir|atk|1
|move|p1a: Gardevoir|Mystical Fire|p2a: Salamence
|-resisted|p2a: Salamence
|-damage|p2a: Salamence|63/100
|-unboost|p2a: Salamence|spa|1
|
|upkeep
|turn|31
|
|t:|1641353952
|switch|p1a: Tsareena|Tsareena, F|100/100
|move|p2a: Salamence|Air Slash|p1a: Tsareena|[miss]
|-miss|p2a: Salamence|p1a: Tsareena
|
|upkeep
|turn|32
|
|t:|1641353957
|switch|p2a: Amoonguss|Amoonguss, F|67/100
|-damage|p2a: Amoonguss|55/100|[from] Spikes
|move|p1a: Tsareena|Triple Axel|p2a: Amoonguss
|-supereffective|p2a: Amoonguss
|-damage|p2a: Amoonguss|44/100
|-damage|p1a: Tsareena|84/100|[from] item: Rocky Helmet|[of] p2a: Amoonguss
|-supereffective|p2a: Amoonguss
|-damage|p2a: Amoonguss|21/100
|-damage|p1a: Tsareena|68/100|[from] item: Rocky Helmet|[of] p2a: Amoonguss
|-supereffective|p2a: Amoonguss
|-damage|p2a: Amoonguss|0 fnt
|-damage|p1a: Tsareena|51/100|[from] item: Rocky Helmet|[of] p2a: Amoonguss
|faint|p2a: Amoonguss
|-hitcount|p2: Amoonguss|3
|
|upkeep
|
|t:|1641353966
|switch|p2a: Mamoswine|Mamoswine, M|100/100
|-damage|p2a: Mamoswine|88/100|[from] Spikes
|turn|33
|
|t:|1641353985
|switch|p1a: Thundurus|Thundurus-Therian, M|15/100 tox
|move|p2a: Mamoswine|Knock Off|p1a: Thundurus
|-damage|p1a: Thundurus|0 fnt
|-enditem|p1a: Thundurus|Heavy-Duty Boots|[from] move: Knock Off|[of] p2a: Mamoswine
|faint|p1a: Thundurus
|
|upkeep
|
|t:|1641353988
|switch|p1a: Golisopod|Golisopod, F|61/100
|turn|34
|
|t:|1641353994
|switch|p2a: Salamence|Salamence, F|63/100
|-ability|p2a: Salamence|Intimidate|boost
|-unboost|p1a: Golisopod|atk|1
|move|p1a: Golisopod|Aqua Jet|p2a: Salamence
|-resisted|p2a: Salamence
|-damage|p2a: Salamence|55/100
|
|upkeep
|turn|35
|
|t:|1641354000
|switch|p1a: Gardevoir|Gardevoir, F|34/100
|-ability|p1a: Gardevoir|Intimidate|[from] ability: Trace|[of] p2a: Salamence
|-ability|p1a: Gardevoir|Intimidate|boost
|-unboost|p2a: Salamence|atk|1
|move|p2a: Salamence|Air Slash|p1a: Gardevoir
|-damage|p1a: Gardevoir|3/100
|
|upkeep
|turn|36
|
|t:|1641354008
|switch|p2a: Jirachi|Jirachi|46/100
|-damage|p2a: Jirachi|33/100|[from] Spikes
|move|p1a: Gardevoir|Moonblast|p2a: Jirachi
|-resisted|p2a: Jirachi
|-damage|p2a: Jirachi|12/100
|
|-heal|p2a: Jirachi|18/100|[from] item: Leftovers
|upkeep
|turn|37
|
|t:|1641354012
|move|p2a: Jirachi|Protect|p2a: Jirachi
|-singleturn|p2a: Jirachi|Protect
|move|p1a: Gardevoir|Moonblast|p2a: Jirachi
|-activate|p2a: Jirachi|move: Protect
|
|-heal|p2a: Jirachi|25/100|[from] item: Leftovers
|upkeep
|turn|38
|
|t:|1641354020
|move|p1a: Gardevoir|Moonblast|p2a: Jirachi
|-resisted|p2a: Jirachi
|-damage|p2a: Jirachi|6/100
|-unboost|p2a: Jirachi|spa|1
|move|p2a: Jirachi|Wish|p2a: Jirachi
|
|-heal|p2a: Jirachi|12/100|[from] item: Leftovers
|upkeep
|turn|39
|
|t:|1641354024
|switch|p1a: Golisopod|Golisopod, F|61/100
|move|p2a: Jirachi|Protect||[still]
|-fail|p2a: Jirachi
|
|-heal|p2a: Jirachi|62/100|[from] move: Wish|[wisher] Jirachi
|-heal|p2a: Jirachi|68/100|[from] item: Leftovers
|upkeep
|turn|40
|
|t:|1641354032
|move|p2a: Jirachi|U-turn|p1a: Golisopod
|-damage|p1a: Golisopod|47/100
|-activate|p1a: Golisopod|ability: Emergency Exit
|
|t:|1641354035
|switch|p1a: Pangoro|Pangoro, F|79/100
|
|-heal|p2a: Jirachi|74/100|[from] item: Leftovers
|upkeep
|turn|41
|
|t:|1641354042
|move|p2a: Jirachi|Iron Head|p1a: Pangoro
|-damage|p1a: Pangoro|43/100
|move|p1a: Pangoro|Close Combat|p2a: Jirachi
|-damage|p2a: Jirachi|0 fnt
|-unboost|p1a: Pangoro|def|1
|-unboost|p1a: Pangoro|spd|1
|faint|p2a: Jirachi
|
|upkeep
|c| 7MM (Reformed)|danny u high
|
|t:|1641354053
|switch|p2a: Salamence|Salamence, F|55/100
|-ability|p2a: Salamence|Intimidate|boost
|-fail|p1a: Pangoro|unboost|Attack|[from] ability: Scrappy|[of] p1a: Pangoro
|turn|42
|c|☆467 11 11p|i missed
|c|☆467 11 11p|2 whole hurricanes
|c|☆467 11 11p|i thought i could atleast get
|c| 7MM (Reformed)|hmm i think u still got it
|c|☆467 11 11p|2 flinches
|
|t:|1641354081
|move|p2a: Salamence|Air Slash|p1a: Pangoro
|-supereffective|p1a: Pangoro
|-damage|p1a: Pangoro|0 fnt
|faint|p1a: Pangoro
|
|upkeep
|
|t:|1641354083
|switch|p1a: Gardevoir|Gardevoir, F|3/100
|-ability|p1a: Gardevoir|Intimidate|[from] ability: Trace|[of] p2a: Salamence
|-ability|p1a: Gardevoir|Intimidate|boost
|-unboost|p2a: Salamence|atk|1
|turn|43
|c|☆467 11 11p|with a jirachi
|
|t:|1641354093
|switch|p2a: Moltres|Moltres-Galar|64/100 slp
|move|p1a: Gardevoir|Moonblast|p2a: Moltres
|-supereffective|p2a: Moltres
|-damage|p2a: Moltres|0 fnt
|faint|p2a: Moltres
|
|upkeep
|
|t:|1641354095
|switch|p2a: Mamoswine|Mamoswine, M|88/100
|-damage|p2a: Mamoswine|76/100|[from] Spikes
|turn|44
|
|t:|1641354098
|switch|p1a: Tsareena|Tsareena, F|51/100
|move|p2a: Mamoswine|Ice Shard||[still]
|cant|p1a: Tsareena|ability: Queenly Majesty|Ice Shard|[of] p2a: Mamoswine
|
|upkeep
|turn|45
|
|t:|1641354106
|switch|p1a: Golisopod|Golisopod, F|47/100
|move|p2a: Mamoswine|Knock Off|p1a: Golisopod
|-damage|p1a: Golisopod|19/100
|-enditem|p1a: Golisopod|Heavy-Duty Boots|[from] move: Knock Off|[of] p2a: Mamoswine
|
|upkeep
|turn|46
|
|t:|1641354116
|switch|p2a: Salamence|Salamence, F|55/100
|-ability|p2a: Salamence|Intimidate|boost
|-unboost|p1a: Golisopod|atk|1
|move|p1a: Golisopod|Aqua Jet|p2a: Salamence
|-resisted|p2a: Salamence
|-damage|p2a: Salamence|47/100
|
|upkeep
|turn|47
|
|t:|1641354126
|move|p2a: Salamence|Roost|p2a: Salamence
|-heal|p2a: Salamence|97/100
|-singleturn|p2a: Salamence|move: Roost
|move|p1a: Golisopod|Liquidation|p2a: Salamence
|-resisted|p2a: Salamence
|-damage|p2a: Salamence|80/100
|
|upkeep
|turn|48
|
|t:|1641354133
|move|p2a: Salamence|Air Slash|p1a: Golisopod
|-supereffective|p1a: Golisopod
|-damage|p1a: Golisopod|0 fnt
|faint|p1a: Golisopod
|
|upkeep
|
|t:|1641354135
|switch|p1a: Gardevoir|Gardevoir, F|3/100
|-ability|p1a: Gardevoir|Intimidate|[from] ability: Trace|[of] p2a: Salamence
|-ability|p1a: Gardevoir|Intimidate|boost
|-unboost|p2a: Salamence|atk|1
|turn|49
|
|t:|1641354143
|switch|p2a: Mamoswine|Mamoswine, M|76/100
|-damage|p2a: Mamoswine|63/100|[from] Spikes
|move|p1a: Gardevoir|Moonblast|p2a: Mamoswine
|-damage|p2a: Mamoswine|0 fnt
|faint|p2a: Mamoswine
|
|upkeep
|
|t:|1641354146
|switch|p2a: Salamence|Salamence, F|80/100
|-ability|p2a: Salamence|Intimidate|boost
|-unboost|p1a: Gardevoir|atk|1
|turn|50
|
|t:|1641354149
|move|p1a: Gardevoir|Moonblast|p2a: Salamence
|-supereffective|p2a: Salamence
|-damage|p2a: Salamence|0 fnt
|faint|p2a: Salamence
|
|win|Y1theking100
|n|☆Y1theking100|y1theking100
|n|☆467 11 11p|4671111p
|n| SuloTheBoi!❄|sulotheboi
|n| 7MM (Reformed)|7mmreformed
|n| Adrift and Alone|adriftandalone
|c| 7MM (Reformed)|hello??
|c|☆Y1theking100|gg
|c|☆467 11 11p|gg
|j| kklklkllkl
|l|☆467 11 11p
|l|☆Y1theking100
|c| kklklkllkl|best throw of the year
|l| kklklkllkl
|l| Adrift and Alone
