|j|☆Forcemew2
|j|☆SSRW25 Swoosh
|t:|1608488681
|player|p1|Forcemew2|2|1339
|player|p2|SSRW25 Swoosh|korrina|1420
|teamsize|p1|6
|teamsize|p2|6
|gametype|singles
|gen|8
|tier|[Gen 8] UU
|rated|
|clearpoke
|poke|p1|Azelf|
|poke|p1|Kommo-o, M|
|poke|p1|Zeraora|
|poke|p1|Mamoswine, F|
|poke|p1|Blaziken, F|
|poke|p1|Blastoise, F|
|poke|p2|Regieleki|
|poke|p2|Kyurem|
|poke|p2|Slowking, M|
|poke|p2|Rotom-Heat|
|poke|p2|Nidoqueen, F|
|poke|p2|Zarude|
|rule|Sleep Clause Mod: Limit one foe put to sleep
|rule|Species Clause: Limit one of each Pokémon
|rule|OHKO Clause: OHKO moves are banned
|rule|Evasion Moves Clause: Evasion moves are banned
|rule|Endless Battle Clause: Forcing endless battles is banned
|rule|HP Percentage Mod: HP is shown in percentages
|rule|Dynamax Clause: You cannot dynamax
|teampreview
|inactive|Battle timer is ON: inactive players will automatically lose when time's up. (requested by SSRW25 Swoosh)
|
|t:|1608488700
|start
|switch|p1a: Azelf|Azelf|100/100
|switch|p2a: Rotom|Rotom-Heat|100/100
|turn|1
|
|t:|1608488706
|move|p1a: Azelf|Stealth Rock|p2a: Rotom
|-sidestart|p2: SSRW25 Swoosh|move: Stealth Rock
|move|p2a: Rotom|Volt Switch|p1a: Azelf
|-damage|p1a: Azelf|60/100
|
|t:|1608488712
|switch|p2a: Regieleki|Regieleki, shiny|100/100|[from]move: Volt Switch
|-damage|p2a: Regieleki|88/100|[from] Stealth Rock
|
|upkeep
|turn|2
|
|t:|1608488719
|move|p2a: Regieleki|Volt Switch|p1a: Azelf
|-damage|p1a: Azelf|0 fnt
|faint|p1a: Azelf
|
|t:|1608488736
|switch|p2a: Kyurem|Kyurem, shiny|100/100|[from]move: Volt Switch
|-ability|p2a: Kyurem|Pressure
|
|upkeep
|
|t:|1608488745
|switch|p1a: Blaziken|Blaziken, F|100/100
|turn|3
|
|t:|1608488749
|move|p1a: Blaziken|Protect|p1a: Blaziken
|-singleturn|p1a: Blaziken|Protect
|move|p2a: Kyurem|Substitute|p2a: Kyurem
|-start|p2a: Kyurem|Substitute
|-damage|p2a: Kyurem|75/100
|
|-ability|p1a: Blaziken|Speed Boost|boost
|-boost|p1a: Blaziken|spe|1
|upkeep
|turn|4
|
|t:|1608488764
|switch|p1a: Mamoswine|Mamoswine, F|100/100
|move|p2a: Kyurem|Earth Power|p1a: Mamoswine
|-damage|p1a: Mamoswine|58/100
|
|upkeep
|turn|5
|
|t:|1608488779
|move|p2a: Kyurem|Earth Power|p1a: Mamoswine
|-damage|p1a: Mamoswine|16/100
|move|p1a: Mamoswine|Earthquake|p2a: Kyurem
|-end|p2a: Kyurem|Substitute
|-damage|p1a: Mamoswine|6/100|[from] item: Life Orb
|
|upkeep
|turn|6
|
|t:|1608488787
|move|p2a: Kyurem|Roost|p2a: Kyurem
|-heal|p2a: Kyurem|100/100
|-singleturn|p2a: Kyurem|move: Roost
|move|p1a: Mamoswine|Icicle Crash|p2a: Kyurem
|-damage|p2a: Kyurem|45/100
|-damage|p1a: Mamoswine|0 fnt|[from] item: Life Orb
|faint|p1a: Mamoswine
|
|upkeep
|
|t:|1608488797
|switch|p1a: Zeraora|Zeraora|100/100
|turn|7
|
|t:|1608488806
|move|p1a: Zeraora|Play Rough|p2a: Kyurem
|-supereffective|p2a: Kyurem
|-damage|p2a: Kyurem|0 fnt
|faint|p2a: Kyurem
|
|upkeep
|
|t:|1608488813
|switch|p2a: Nidoqueen|Nidoqueen, F, shiny|100/100
|-damage|p2a: Nidoqueen|94/100|[from] Stealth Rock
|turn|8
|
|t:|1608488827
|move|p1a: Zeraora|Knock Off|p2a: Nidoqueen
|-damage|p2a: Nidoqueen|62/100
|-enditem|p2a: Nidoqueen|Life Orb|[from] move: Knock Off|[of] p1a: Zeraora
|move|p2a: Nidoqueen|Earth Power|p1a: Zeraora
|-supereffective|p1a: Zeraora
|-damage|p1a: Zeraora|0 fnt
|faint|p1a: Zeraora
|
|upkeep
|
|t:|1608488851
|switch|p1a: Blastoise|Blastoise, F|100/100
|turn|9
|
|t:|1608488859
|move|p2a: Nidoqueen|Sludge Wave|p1a: Blastoise
|-damage|p1a: Blastoise|56/100
|move|p1a: Blastoise|Scald|p2a: Nidoqueen
|-supereffective|p2a: Nidoqueen
|-damage|p2a: Nidoqueen|14/100
|
|-heal|p1a: Blastoise|62/100|[from] item: Leftovers
|upkeep
|turn|10
|
|t:|1608488869
|switch|p2a: Slowking|Slowking, M|100/100
|-damage|p2a: Slowking|88/100|[from] Stealth Rock
|move|p1a: Blastoise|Flip Turn|p2a: Slowking
|-resisted|p2a: Slowking
|-damage|p2a: Slowking|81/100
|
|t:|1608488878
|switch|p1a: Kommo-o|Kommo-o, M|100/100|[from]move: Flip Turn
|
|upkeep
|turn|11
|
|t:|1608488885
|move|p1a: Kommo-o|Clangorous Soul|p1a: Kommo-o
|-boost|p1a: Kommo-o|atk|1
|-boost|p1a: Kommo-o|def|1
|-boost|p1a: Kommo-o|spa|1
|-boost|p1a: Kommo-o|spd|1
|-boost|p1a: Kommo-o|spe|1
|-damage|p1a: Kommo-o|68/100
|-enditem|p1a: Kommo-o|Throat Spray
|-boost|p1a: Kommo-o|spa|1|[from] item: Throat Spray
|move|p2a: Slowking|Future Sight|p1a: Kommo-o
|-start|p2a: Slowking|move: Future Sight
|
|upkeep
|turn|12
|
|t:|1608488898
|switch|p2a: Nidoqueen|Nidoqueen, F, shiny|14/100
|-damage|p2a: Nidoqueen|7/100|[from] Stealth Rock
|move|p1a: Kommo-o|Clanging Scales|p2a: Nidoqueen
|-damage|p2a: Nidoqueen|0 fnt
|-unboost|p1a: Kommo-o|def|1
|faint|p2a: Nidoqueen
|
|upkeep
|
|t:|1608488912
|switch|p2a: Regieleki|Regieleki, shiny|88/100
|-damage|p2a: Regieleki|76/100|[from] Stealth Rock
|turn|13
|
|t:|1608488915
|move|p2a: Regieleki|Volt Switch|p1a: Kommo-o
|-resisted|p1a: Kommo-o
|-damage|p1a: Kommo-o|42/100
|
|t:|1608488918
|switch|p2a: Zarude|Zarude|100/100|[from]move: Volt Switch
|-damage|p2a: Zarude|88/100|[from] Stealth Rock
|move|p1a: Kommo-o|Clanging Scales|p2a: Zarude
|-damage|p2a: Zarude|0 fnt
|-unboost|p1a: Kommo-o|def|1
|faint|p2a: Zarude
|
|-end|p1a: Kommo-o|move: Future Sight
|-supereffective|p1a: Kommo-o
|-damage|p1a: Kommo-o|0 fnt
|upkeep
|faint|p1a: Kommo-o
|
|t:|1608488931
|switch|p2a: Regieleki|Regieleki, shiny|76/100
|switch|p1a: Blaziken|Blaziken, F|100/100
|-damage|p2a: Regieleki|64/100|[from] Stealth Rock
|turn|14
|
|t:|1608488937
|move|p1a: Blaziken|Protect|p1a: Blaziken
|-singleturn|p1a: Blaziken|Protect
|move|p2a: Regieleki|Thunderbolt|p1a: Blaziken
|-activate|p1a: Blaziken|move: Protect
|
|-ability|p1a: Blaziken|Speed Boost|boost
|-boost|p1a: Blaziken|spe|1
|upkeep
|turn|15
|
|t:|1608488946
|move|p2a: Regieleki|Thunderbolt|p1a: Blaziken
|-damage|p1a: Blaziken|0 fnt
|faint|p1a: Blaziken
|
|upkeep
|-message|Forcemew2 forfeited.
|
|win|SSRW25 Swoosh
|l|☆Forcemew2
