|j|☆Bsuuuu
|j|☆shtcrazy
|t:|1606112634
|player|p1|Bsuuuu|swimmer-gen4dp|
|player|p2|shtcrazy|chili|
|teamsize|p1|6
|teamsize|p2|6
|gametype|singles
|gen|8
|tier|[Gen 8] UU
|rated|Tournament battle
|clearpoke
|poke|p1|Nihilego|
|poke|p1|Volcarona, F|
|poke|p1|Magnezone|
|poke|p1|Keldeo-Resolute|
|poke|p1|Tangrowth, M|
|poke|p1|Krookodile, M|
|poke|p2|Zeraora|
|poke|p2|Darmanitan, F|
|poke|p2|Skarmory, M|
|poke|p2|Chansey, F|
|poke|p2|Hatterene, F|
|poke|p2|Flygon, M|
|rule|Sleep Clause Mod: Limit one foe put to sleep
|rule|Species Clause: Limit one of each Pokémon
|rule|OHKO Clause: OHKO moves are banned
|rule|Evasion Moves Clause: Evasion moves are banned
|rule|Endless Battle Clause: Forcing endless battles is banned
|rule|HP Percentage Mod: HP is shown in percentages
|rule|Dynamax Clause: You cannot dynamax
|teampreview
|j| Bobob31
|c|☆shtcrazy|hf
|
|t:|1606112663
|start
|switch|p1a: Keldeo|Keldeo-Resolute|100/100
|switch|p2a: Darmanitan|Darmanitan, F, shiny|100/100
|turn|1
|c| Bobob31|good luck guys
|c|☆Bsuuuu|u2
|
|t:|1606112679
|switch|p2a: Chansey|Chansey, F|100/100
|move|p1a: Keldeo|Scald|p2a: Chansey
|-damage|p2a: Chansey|81/100
|
|upkeep
|turn|2
|
|t:|1606112686
|switch|p1a: Krookodile|Krookodile, M|100/100
|-ability|p1a: Krookodile|Intimidate|boost
|-unboost|p2a: Chansey|atk|1
|move|p2a: Chansey|Toxic|p1a: Krookodile
|-status|p1a: Krookodile|tox
|
|-damage|p1a: Krookodile|94/100 tox|[from] psn
|upkeep
|turn|3
|j| soup in my pants
|inactive|Battle timer is ON: inactive players will automatically lose when time's up. (requested by shtcrazy)
|
|t:|1606112735
|switch|p2a: Hatterene|Hatterene, F|100/100
|move|p1a: Krookodile|Stealth Rock|p2a: Hatterene
|move|p2a: Hatterene|Stealth Rock|p1a: Krookodile|[from]ability: Magic Bounce
|-sidestart|p1: Bsuuuu|move: Stealth Rock
|
|-damage|p1a: Krookodile|82/100 tox|[from] psn
|upkeep
|turn|4
|
|t:|1606112747
|switch|p1a: Magnezone|Magnezone|100/100
|-damage|p1a: Magnezone|94/100|[from] Stealth Rock
|switch|p2a: Skarmory|Skarmory, M|100/100
|
|upkeep
|turn|5
|
|t:|1606112754
|move|p1a: Magnezone|Thunderbolt|p2a: Skarmory
|-supereffective|p2a: Skarmory
|-ability|p2a: Skarmory|Sturdy
|-damage|p2a: Skarmory|1/100
|move|p2a: Skarmory|Spikes|p1a: Magnezone
|-sidestart|p1: Bsuuuu|Spikes
|
|-heal|p2a: Skarmory|7/100|[from] item: Leftovers
|upkeep
|turn|6
|
|t:|1606112757
|move|p1a: Magnezone|Thunderbolt|p2a: Skarmory
|-supereffective|p2a: Skarmory
|-damage|p2a: Skarmory|0 fnt
|faint|p2a: Skarmory
|
|upkeep
|
|t:|1606112761
|switch|p2a: Darmanitan|Darmanitan, F, shiny|100/100
|turn|7
|
|t:|1606112787
|switch|p1a: Keldeo|Keldeo-Resolute|100/100
|-damage|p1a: Keldeo|88/100|[from] Spikes
|-damage|p1a: Keldeo|82/100|[from] Stealth Rock
|move|p2a: Darmanitan|Flare Blitz|p1a: Keldeo
|-resisted|p1a: Keldeo
|-damage|p1a: Keldeo|30/100
|-damage|p2a: Darmanitan|85/100|[from] Recoil
|
|upkeep
|turn|8
|
|t:|1606112791
|switch|p2a: Chansey|Chansey, F|81/100
|move|p1a: Keldeo|Secret Sword|p2a: Chansey
|-supereffective|p2a: Chansey
|-damage|p2a: Chansey|2/100
|
|upkeep
|turn|9
|
|t:|1606112797
|move|p1a: Keldeo|Secret Sword|p2a: Chansey
|-supereffective|p2a: Chansey
|-damage|p2a: Chansey|0 fnt
|faint|p2a: Chansey
|
|upkeep
|
|t:|1606112808
|switch|p2a: Hatterene|Hatterene, F|100/100
|turn|10
|
|t:|1606112816
|switch|p1a: Magnezone|Magnezone|94/100
|-damage|p1a: Magnezone|88/100|[from] Stealth Rock
|-damage|p1a: Magnezone|76/100|[from] Spikes
|move|p2a: Hatterene|Calm Mind|p2a: Hatterene
|-boost|p2a: Hatterene|spa|1
|-boost|p2a: Hatterene|spd|1
|
|upkeep
|turn|11
|
|t:|1606112820
|move|p1a: Magnezone|Flash Cannon|p2a: Hatterene
|-supereffective|p2a: Hatterene
|-damage|p2a: Hatterene|11/100
|move|p2a: Hatterene|Mystical Fire|p1a: Magnezone
|-supereffective|p1a: Magnezone
|-damage|p1a: Magnezone|0 fnt
|faint|p1a: Magnezone
|
|-heal|p2a: Hatterene|17/100|[from] item: Leftovers
|upkeep
|
|t:|1606112850
|switch|p1a: Nihilego|Nihilego|100/100
|-damage|p1a: Nihilego|88/100|[from] Stealth Rock
|-damage|p1a: Nihilego|76/100|[from] Spikes
|turn|12
|l| soup in my pants
|
|t:|1606112859
|move|p1a: Nihilego|Meteor Beam||[still]
|-prepare|p1a: Nihilego|Meteor Beam
|-boost|p1a: Nihilego|spa|1
|-enditem|p1a: Nihilego|Power Herb
|-anim|p1a: Nihilego|Meteor Beam|p2a: Hatterene
|-damage|p2a: Hatterene|0 fnt
|faint|p2a: Hatterene
|-ability|p1a: Nihilego|Beast Boost|boost
|-boost|p1a: Nihilego|spe|1
|
|upkeep
|
|t:|1606112872
|switch|p2a: Darmanitan|Darmanitan, F, shiny|85/100
|turn|13
|j| ivehadenoughshit
|
|t:|1606112901
|move|p1a: Nihilego|Sludge Wave|p2a: Darmanitan
|-damage|p2a: Darmanitan|0 fnt
|faint|p2a: Darmanitan
|-ability|p1a: Nihilego|Beast Boost|boost
|-boost|p1a: Nihilego|spe|1
|
|upkeep
|c|☆shtcrazy|gg
|
|t:|1606112912
|switch|p2a: Flygon|Flygon, M|100/100
|turn|14
|
|t:|1606112924
|move|p1a: Nihilego|Grass Knot|p2a: Flygon
|-damage|p2a: Flygon|48/100
|move|p2a: Flygon|Earthquake|p1a: Nihilego
|-supereffective|p1a: Nihilego
|-damage|p1a: Nihilego|0 fnt
|-damage|p2a: Flygon|38/100|[from] item: Life Orb
|faint|p1a: Nihilego
|
|upkeep
|
|t:|1606112931
|switch|p1a: Keldeo|Keldeo-Resolute|30/100
|-damage|p1a: Keldeo|24/100|[from] Stealth Rock
|-damage|p1a: Keldeo|12/100|[from] Spikes
|turn|15
|c| Bobob31|Speed beast boost nihilego is pretty fire
|
|t:|1606112937
|move|p1a: Keldeo|Scald|p2a: Flygon
|-damage|p2a: Flygon|0 fnt
|faint|p2a: Flygon
|
|upkeep
|
|t:|1606112939
|switch|p2a: Zeraora|Zeraora|100/100
|turn|16
|
|t:|1606112943
|move|p2a: Zeraora|Knock Off|p1a: Keldeo
|-resisted|p1a: Keldeo
|-damage|p1a: Keldeo|0 fnt
|-enditem|p1a: Keldeo|Choice Specs|[from] move: Knock Off|[of] p2a: Zeraora
|faint|p1a: Keldeo
|
|upkeep
|
|t:|1606112947
|switch|p1a: Tangrowth|Tangrowth, M|100/100
|-damage|p1a: Tangrowth|88/100|[from] Stealth Rock
|-damage|p1a: Tangrowth|76/100|[from] Spikes
|turn|17
|
|t:|1606112950
|move|p2a: Zeraora|Knock Off|p1a: Tangrowth
|-damage|p1a: Tangrowth|59/100
|-damage|p2a: Zeraora|84/100|[from] item: Rocky Helmet|[of] p1a: Tangrowth
|-enditem|p1a: Tangrowth|Rocky Helmet|[from] move: Knock Off|[of] p2a: Zeraora
|move|p1a: Tangrowth|Sleep Powder|p2a: Zeraora
|-status|p2a: Zeraora|slp|[from] move: Sleep Powder
|
|upkeep
|turn|18
|
|t:|1606112956
|cant|p2a: Zeraora|slp
|move|p1a: Tangrowth|Giga Drain|p2a: Zeraora
|-damage|p2a: Zeraora|50/100 slp
|-heal|p1a: Tangrowth|73/100|[from] drain|[of] p2a: Zeraora
|
|upkeep
|turn|19
|
|t:|1606112958
|-curestatus|p2a: Zeraora|slp|[msg]
|move|p2a: Zeraora|Plasma Fists|p1a: Tangrowth
|-resisted|p1a: Tangrowth
|-damage|p1a: Tangrowth|62/100
|-fieldactivate|move: Ion Deluge
|move|p1a: Tangrowth|Giga Drain|p2a: Zeraora
|-damage|p2a: Zeraora|16/100
|-heal|p1a: Tangrowth|75/100|[from] drain|[of] p2a: Zeraora
|
|upkeep
|turn|20
|c|☆Bsuuuu|gg
|
|t:|1606112962
|move|p2a: Zeraora|Knock Off|p1a: Tangrowth
|-damage|p1a: Tangrowth|64/100
|move|p1a: Tangrowth|Giga Drain|p2a: Zeraora
|-damage|p2a: Zeraora|0 fnt
|-heal|p1a: Tangrowth|70/100|[from] drain|[of] p2a: Zeraora
|faint|p2a: Zeraora
|
|win|Bsuuuu
