|j|☆congelateur-sama
|j|☆jeza.p
|t:|1632170278
|gametype|singles
|player|p1|congelateur-sama|#fcpl4raichicheurs|
|player|p2|jeza.p|lusamine|
|teamsize|p1|6
|teamsize|p2|6
|gen|8
|tier|[Gen 8] UU
|rule|Sleep Clause Mod: Limit one foe put to sleep
|rule|Species Clause: Limit one of each Pokémon
|rule|OHKO Clause: OHKO moves are banned
|rule|Evasion Moves Clause: Evasion moves are banned
|rule|Endless Battle Clause: Forcing endless battles is banned
|rule|HP Percentage Mod: HP is shown in percentages
|rule|Dynamax Clause: You cannot dynamax
|clearpoke
|poke|p1|Slowbro-Galar, F|
|poke|p1|Krookodile, M|
|poke|p1|Thundurus-Therian, M|
|poke|p1|Buzzwole|
|poke|p1|Celesteela|
|poke|p1|Mienshao, F|
|poke|p2|Tapu Bulu|
|poke|p2|Nihilego|
|poke|p2|Krookodile, F|
|poke|p2|Azumarill, M|
|poke|p2|Aegislash, M|
|poke|p2|Rotom-Wash|
|teampreview
|c|☆congelateur-sama|hf
|c|☆jeza.p|c'est une team WC ca non ?
|c|☆congelateur-sama|nn
|c|☆congelateur-sama|scl
|c|☆congelateur-sama|je suis dans la team TMs
|c|☆jeza.p|j'crois y a un mec qui l'a joue en demi finale
|c|☆jeza.p|ou je dis peut etre de la merde idk
|c|☆congelateur-sama|c'est umbry
|c|☆jeza.p|hf
|c|☆congelateur-sama|elle joue les teams build pour la scl
|inactive|Battle timer is ON: inactive players will automatically lose when time's up. (requested by congelateur-sama)
|j| imagine tu lose ?
|inactive|jeza.p has 270 seconds left.
|
|t:|1632170408
|start
|switch|p1a: Krookodile|Krookodile, M|100/100
|switch|p2a: Rotom|Rotom-Wash|100/100
|-ability|p1a: Krookodile|Intimidate|boost
|-unboost|p2a: Rotom|atk|1
|turn|1
|j| Lokifan
|
|t:|1632170422
|switch|p1a: Slowbro|Slowbro-Galar, F|100/100
|move|p2a: Rotom|Hydro Pump|p1a: Slowbro
|-damage|p1a: Slowbro|73/100
|
|upkeep
|turn|2
|
|t:|1632170428
|switch|p2a: Krookodile|Krookodile, F|100/100
|-ability|p2a: Krookodile|Intimidate|boost
|-unboost|p1a: Slowbro|atk|1
|move|p1a: Slowbro|Future Sight|p2a: Krookodile
|-start|p1a: Slowbro|move: Future Sight
|
|upkeep
|turn|3
|
|t:|1632170438
|switch|p1a: Buzzwole|Buzzwole|100/100
|move|p2a: Krookodile|Stealth Rock|p1a: Buzzwole
|-sidestart|p1: congelateur-sama|move: Stealth Rock
|
|upkeep
|turn|4
|inactive|jeza.p has 270 seconds left.
|c|☆congelateur-sama|je pick, tu pick il pick
|c|☆jeza.p|je ne sais pas a quoi tu te referes
|inactive|congelateur-sama has 270 seconds left.
|inactive|jeza.p has 240 seconds left.
|c|☆congelateur-sama|ah mon buzz qui va click
|
|t:|1632170510
|switch|p2a: Rotom|Rotom-Wash|100/100
|move|p1a: Buzzwole|Earthquake|p2a: Rotom
|-immune|p2a: Rotom|[from] ability: Levitate
|
|-end|p2a: Rotom|move: Future Sight
|-damage|p2a: Rotom|48/100
|-heal|p2a: Rotom|54/100|[from] item: Leftovers
|upkeep
|turn|5
|inactive|congelateur-sama has 270 seconds left.
|inactive|jeza.p has 240 seconds left.
|c| imagine tu lose ?|nous pickons, vous pickez ils pick
|c|☆congelateur-sama|rah nul
|
|t:|1632170534
|switch|p2a: Aegislash|Aegislash, M|100/100
|switch|p1a: Slowbro|Slowbro-Galar, F|100/100
|-damage|p1a: Slowbro|88/100|[from] Stealth Rock
|
|upkeep
|turn|6
|
|t:|1632170554
|switch|p1a: Celesteela|Celesteela|100/100
|-damage|p1a: Celesteela|88/100|[from] Stealth Rock
|-formechange|p2a: Aegislash|Aegislash-Blade||[from] ability: Stance Change
|move|p2a: Aegislash|Shadow Ball|p1a: Celesteela
|-damage|p1a: Celesteela|64/100
|
|-heal|p1a: Celesteela|70/100|[from] item: Leftovers
|upkeep
|turn|7
|
|t:|1632170575
|move|p2a: Aegislash|Substitute|p2a: Aegislash
|-start|p2a: Aegislash|Substitute
|-damage|p2a: Aegislash|76/100
|move|p1a: Celesteela|Leech Seed||[still]
|-fail|p1a: Celesteela
|
|-heal|p2a: Aegislash|82/100|[from] item: Leftovers
|-heal|p1a: Celesteela|76/100|[from] item: Leftovers
|upkeep
|turn|8
|j| CHADESM
|
|t:|1632170585
|move|p2a: Aegislash|Shadow Ball|p1a: Celesteela
|-damage|p1a: Celesteela|54/100
|-unboost|p1a: Celesteela|spd|1
|move|p1a: Celesteela|Flamethrower|p2a: Aegislash
|-supereffective|p2a: Aegislash
|-end|p2a: Aegislash|Substitute
|
|-heal|p2a: Aegislash|88/100|[from] item: Leftovers
|-heal|p1a: Celesteela|60/100|[from] item: Leftovers
|upkeep
|turn|9
|inactive|jeza.p has 210 seconds left.
|
|t:|1632170615
|switch|p2a: Rotom|Rotom-Wash|54/100
|move|p1a: Celesteela|Leech Seed|p2a: Rotom
|-start|p2a: Rotom|move: Leech Seed
|
|-heal|p2a: Rotom|60/100|[from] item: Leftovers
|-heal|p1a: Celesteela|66/100|[from] item: Leftovers
|-damage|p2a: Rotom|48/100|[from] Leech Seed|[of] p1a: Celesteela
|-heal|p1a: Celesteela|76/100|[silent]
|upkeep
|turn|10
|inactive|jeza.p has 210 seconds left.
|
|t:|1632170638
|switch|p2a: Tapu Bulu|Tapu Bulu|100/100
|-fieldstart|move: Grassy Terrain|[from] ability: Grassy Surge|[of] p2a: Tapu Bulu
|switch|p1a: Thundurus|Thundurus-Therian, M|100/100
|
|upkeep
|turn|11
|
|t:|1632170659
|switch|p1a: Buzzwole|Buzzwole|100/100
|move|p2a: Tapu Bulu|Stone Edge|p1a: Buzzwole
|-damage|p1a: Buzzwole|69/100
|-damage|p2a: Tapu Bulu|91/100|[from] item: Life Orb
|
|-heal|p2a: Tapu Bulu|97/100|[from] Grassy Terrain
|-heal|p1a: Buzzwole|75/100|[from] Grassy Terrain
|upkeep
|turn|12
|
|t:|1632170673
|switch|p2a: Aegislash|Aegislash, M|88/100
|switch|p1a: Krookodile|Krookodile, M|100/100
|-damage|p1a: Krookodile|94/100|[from] Stealth Rock
|-ability|p1a: Krookodile|Intimidate|boost
|-unboost|p2a: Aegislash|atk|1
|
|-heal|p1a: Krookodile|100/100|[from] Grassy Terrain
|-heal|p2a: Aegislash|94/100|[from] Grassy Terrain
|-heal|p2a: Aegislash|100/100|[from] item: Leftovers
|upkeep
|turn|13
|
|t:|1632170681
|move|p2a: Aegislash|King's Shield|p2a: Aegislash
|-singleturn|p2a: Aegislash|Protect
|move|p1a: Krookodile|Knock Off|p2a: Aegislash
|-activate|p2a: Aegislash|move: Protect
|-unboost|p1a: Krookodile|atk|1
|
|upkeep
|turn|14
|inactive|congelateur-sama has 270 seconds left.
|inactive|jeza.p has 180 seconds left.
|
|t:|1632170711
|switch|p2a: Krookodile|Krookodile, F|100/100
|-ability|p2a: Krookodile|Intimidate|boost
|-unboost|p1a: Krookodile|atk|1
|move|p1a: Krookodile|Stealth Rock|p2a: Krookodile
|-sidestart|p2: jeza.p|move: Stealth Rock
|
|-fieldend|move: Grassy Terrain
|upkeep
|turn|15
|inactive|congelateur-sama has 270 seconds left.
|j| LORD MALAGAR
|inactive|jeza.p has 180 seconds left.
|
|t:|1632170722
|switch|p1a: Buzzwole|Buzzwole|75/100
|move|p2a: Krookodile|Knock Off|p1a: Buzzwole
|-resisted|p1a: Buzzwole
|-damage|p1a: Buzzwole|60/100
|-enditem|p1a: Buzzwole|Heavy-Duty Boots|[from] move: Knock Off|[of] p2a: Krookodile
|
|upkeep
|turn|16
|inactive|jeza.p has 180 seconds left.
|c| LORD MALAGAR|Jeza.p UwU
|c| LORD MALAGAR|congelateur-sama UwU
|c|☆jeza.p|je ne sais pas qui tu es mdr
|c|☆congelateur-sama|same mdr
|inactive|jeza.p has 150 seconds left.
|c|☆jeza.p|ah si c'est don ?
|c|☆congelateur-sama|mais uwu
|c| LORD MALAGAR|Le Don encore et tjrs sous alt
|
|t:|1632170785
|switch|p2a: Rotom|Rotom-Wash|48/100
|-damage|p2a: Rotom|35/100|[from] Stealth Rock
|move|p1a: Buzzwole|Roost|p1a: Buzzwole
|-heal|p1a: Buzzwole|100/100
|-singleturn|p1a: Buzzwole|move: Roost
|
|-heal|p2a: Rotom|41/100|[from] item: Leftovers
|upkeep
|turn|17
|inactive|congelateur-sama has 270 seconds left.
|
|t:|1632170817
|switch|p1a: Slowbro|Slowbro-Galar, F|100/100
|-damage|p1a: Slowbro|88/100|[from] Stealth Rock
|move|p2a: Rotom|Defog|p1a: Slowbro
|-unboost|p1a: Slowbro|evasion|1
|-sideend|p1: congelateur-sama|Stealth Rock|[from] move: Defog|[of] p2a: Rotom
|-sideend|p2: jeza.p|Stealth Rock|[from] move: Defog|[of] p2a: Rotom
|
|-heal|p2a: Rotom|47/100|[from] item: Leftovers
|upkeep
|turn|18
|
|t:|1632170827
|switch|p2a: Azumarill|Azumarill, M|100/100
|move|p1a: Slowbro|Future Sight|p2a: Azumarill
|-start|p1a: Slowbro|move: Future Sight
|
|upkeep
|turn|19
|
|t:|1632170835
|move|p2a: Azumarill|Whirlpool|p1a: Slowbro
|-damage|p1a: Slowbro|82/100
|-activate|p1a: Slowbro|move: Whirlpool|[of] p2a: Azumarill
|move|p1a: Slowbro|Shell Side Arm|p2a: Azumarill|[anim] Shell Side Arm Physical
|-supereffective|p2a: Azumarill
|-damage|p2a: Azumarill|47/100
|-hint|Physical Shell Side Arm
|
|-heal|p2a: Azumarill|53/100|[from] item: Leftovers
|-damage|p1a: Slowbro|70/100|[from] move: Whirlpool|[partiallytrapped]
|upkeep
|turn|20
|inactive|congelateur-sama has 270 seconds left.
|inactive|jeza.p has 150 seconds left.
|
|t:|1632170851
|move|p2a: Azumarill|Protect|p2a: Azumarill
|-singleturn|p2a: Azumarill|Protect
|move|p1a: Slowbro|Shell Side Arm|p2a: Azumarill|[anim] Shell Side Arm Physical
|-activate|p2a: Azumarill|move: Protect
|
|-end|p2a: Azumarill|move: Future Sight
|-damage|p2a: Azumarill|21/100
|-heal|p2a: Azumarill|27/100|[from] item: Leftovers
|-damage|p1a: Slowbro|57/100|[from] move: Whirlpool|[partiallytrapped]
|upkeep
|turn|21
|inactive|jeza.p has 150 seconds left.
|
|t:|1632170867
|switch|p2a: Aegislash|Aegislash, M|100/100
|move|p1a: Slowbro|Shell Side Arm|p2a: Aegislash|[anim] Shell Side Arm Physical
|-immune|p2a: Aegislash
|
|-end|p1a: Slowbro|Whirlpool|[partiallytrapped]|[silent]
|upkeep
|turn|22
|
|t:|1632170887
|-formechange|p2a: Aegislash|Aegislash-Blade||[from] ability: Stance Change
|move|p2a: Aegislash|Shadow Ball|p1a: Slowbro
|-supereffective|p1a: Slowbro
|-damage|p1a: Slowbro|2/100
|move|p1a: Slowbro|Flamethrower|p2a: Aegislash
|-supereffective|p2a: Aegislash
|-damage|p2a: Aegislash|47/100
|
|-heal|p2a: Aegislash|53/100|[from] item: Leftovers
|upkeep
|turn|23
|
|t:|1632170909
|switch|p1a: Krookodile|Krookodile, M|100/100
|-ability|p1a: Krookodile|Intimidate|boost
|-unboost|p2a: Aegislash|atk|1
|move|p2a: Aegislash|Shadow Ball|p1a: Krookodile
|-resisted|p1a: Krookodile
|-damage|p1a: Krookodile|80/100
|
|-heal|p1a: Krookodile|86/100|[from] item: Leftovers
|-heal|p2a: Aegislash|59/100|[from] item: Leftovers
|upkeep
|turn|24
|inactive|jeza.p has 120 seconds left.
|
|t:|1632170953
|switch|p2a: Tapu Bulu|Tapu Bulu|97/100
|-fieldstart|move: Grassy Terrain|[from] ability: Grassy Surge|[of] p2a: Tapu Bulu
|move|p1a: Krookodile|Knock Off|p2a: Tapu Bulu
|-resisted|p2a: Tapu Bulu
|-damage|p2a: Tapu Bulu|76/100
|-enditem|p2a: Tapu Bulu|Life Orb|[from] move: Knock Off|[of] p1a: Krookodile
|
|-heal|p1a: Krookodile|92/100|[from] Grassy Terrain
|-heal|p1a: Krookodile|98/100|[from] item: Leftovers
|-heal|p2a: Tapu Bulu|82/100|[from] Grassy Terrain
|upkeep
|turn|25
|
|t:|1632170970
|switch|p1a: Buzzwole|Buzzwole|100/100
|move|p2a: Tapu Bulu|Swords Dance|p2a: Tapu Bulu
|-boost|p2a: Tapu Bulu|atk|2
|
|-heal|p2a: Tapu Bulu|88/100|[from] Grassy Terrain
|upkeep
|turn|26
|
|t:|1632170981
|move|p2a: Tapu Bulu|Stone Edge|p1a: Buzzwole
|-damage|p1a: Buzzwole|50/100
|move|p1a: Buzzwole|Dual Wingbeat|p2a: Tapu Bulu
|-supereffective|p2a: Tapu Bulu
|-damage|p2a: Tapu Bulu|57/100
|-supereffective|p2a: Tapu Bulu
|-damage|p2a: Tapu Bulu|25/100
|-hitcount|p2a: Tapu Bulu|2
|
|-heal|p2a: Tapu Bulu|31/100|[from] Grassy Terrain
|-heal|p1a: Buzzwole|57/100|[from] Grassy Terrain
|upkeep
|turn|27
|
|t:|1632171003
|move|p2a: Tapu Bulu|Stone Edge|p1a: Buzzwole|[miss]
|-miss|p2a: Tapu Bulu|p1a: Buzzwole
|move|p1a: Buzzwole|Dual Wingbeat|p2a: Tapu Bulu
|-supereffective|p2a: Tapu Bulu
|-damage|p2a: Tapu Bulu|0 fnt
|faint|p2a: Tapu Bulu
|-ability|p1a: Buzzwole|Beast Boost|boost
|-boost|p1a: Buzzwole|atk|1
|-hitcount|p2: Tapu Bulu|1
|
|-heal|p1a: Buzzwole|63/100|[from] Grassy Terrain
|upkeep
|
|t:|1632171006
|switch|p2a: Nihilego|Nihilego|100/100
|turn|28
|inactive|congelateur-sama has 270 seconds left.
|
|t:|1632171032
|switch|p1a: Mienshao|Mienshao, F|100/100
|move|p2a: Nihilego|Meteor Beam||[still]
|-prepare|p2a: Nihilego|Meteor Beam
|-boost|p2a: Nihilego|spa|1
|-enditem|p2a: Nihilego|Power Herb
|-anim|p2a: Nihilego|Meteor Beam|p1a: Mienshao
|-resisted|p1a: Mienshao
|-damage|p1a: Mienshao|22/100
|
|-heal|p1a: Mienshao|28/100|[from] Grassy Terrain
|-fieldend|move: Grassy Terrain
|upkeep
|turn|29
|inactive|jeza.p has 90 seconds left.
|j| Dunoks
|inactive|congelateur-sama has 240 seconds left.
|inactive|jeza.p has 60 seconds left.
|c| Dunoks|Bande de rats unijambiste ça a jouer sans ping
|inactive|congelateur-sama has 210 seconds left.
|c|☆jeza.p|j'ai link
|
|t:|1632171104
|move|p1a: Mienshao|Close Combat|p2a: Nihilego
|-damage|p2a: Nihilego|0 fnt
|-unboost|p1a: Mienshao|def|1
|-unboost|p1a: Mienshao|spd|1
|faint|p2a: Nihilego
|
|upkeep
|
|t:|1632171124
|switch|p2a: Aegislash|Aegislash, M|59/100
|turn|30
|
|t:|1632171132
|switch|p1a: Krookodile|Krookodile, M|98/100
|-ability|p1a: Krookodile|Intimidate|boost
|-unboost|p2a: Aegislash|atk|1
|-formechange|p2a: Aegislash|Aegislash-Blade||[from] ability: Stance Change
|move|p2a: Aegislash|Shadow Ball|p1a: Krookodile
|-resisted|p1a: Krookodile
|-damage|p1a: Krookodile|77/100
|
|-heal|p1a: Krookodile|83/100|[from] item: Leftovers
|-heal|p2a: Aegislash|65/100|[from] item: Leftovers
|upkeep
|turn|31
|c| Dunoks|Lgi frigo !
|inactive|jeza.p has 30 seconds left.
|inactive|jeza.p has 20 seconds left.
|inactive|jeza.p has 15 seconds left.
|inactive|jeza.p has 10 seconds left.
|inactive|jeza.p has 5 seconds left.
|inactiveoff|Battle timer is now OFF.
|
|t:|1632171178
|switch|p2a: Krookodile|Krookodile, F|100/100
|-ability|p2a: Krookodile|Intimidate|boost
|-unboost|p1a: Krookodile|atk|1
|move|p1a: Krookodile|Knock Off|p2a: Krookodile
|-resisted|p2a: Krookodile
|-damage|p2a: Krookodile|86/100
|-enditem|p2a: Krookodile|Choice Scarf|[from] move: Knock Off|[of] p1a: Krookodile
|
|-heal|p1a: Krookodile|89/100|[from] item: Leftovers
|upkeep
|turn|32
|c|☆congelateur-sama|je retire
|c|☆congelateur-sama|le timer
|
|t:|1632171198
|move|p2a: Krookodile|Stone Edge|p1a: Krookodile
|-resisted|p1a: Krookodile
|-crit|p1a: Krookodile
|-damage|p1a: Krookodile|64/100
|move|p1a: Krookodile|Toxic|p2a: Krookodile
|-status|p2a: Krookodile|tox
|
|-heal|p1a: Krookodile|70/100|[from] item: Leftovers
|-damage|p2a: Krookodile|80/100 tox|[from] psn
|upkeep
|turn|33
|c| Dunoks|Zzzzz pas savoir gérer son timer :paz:
|c|☆jeza.p|ca change pas grand chose facon
|
|t:|1632171245
|move|p1a: Krookodile|Stealth Rock|p2a: Krookodile
|-sidestart|p2: jeza.p|move: Stealth Rock
|move|p2a: Krookodile|High Horsepower|p1a: Krookodile
|-damage|p1a: Krookodile|26/100
|
|-heal|p1a: Krookodile|32/100|[from] item: Leftovers
|-damage|p2a: Krookodile|68/100 tox|[from] psn
|upkeep
|turn|34
|
|t:|1632171255
|switch|p2a: Rotom|Rotom-Wash|47/100
|-damage|p2a: Rotom|35/100|[from] Stealth Rock
|switch|p1a: Buzzwole|Buzzwole|63/100
|
|-heal|p2a: Rotom|41/100|[from] item: Leftovers
|upkeep
|turn|35
|
|t:|1632171263
|move|p2a: Rotom|Hydro Pump|p1a: Buzzwole
|-damage|p1a: Buzzwole|18/100
|move|p1a: Buzzwole|Close Combat|p2a: Rotom
|-crit|p2a: Rotom
|-damage|p2a: Rotom|0 fnt
|-unboost|p1a: Buzzwole|def|1
|-unboost|p1a: Buzzwole|spd|1
|faint|p2a: Rotom
|-ability|p1a: Buzzwole|Beast Boost|boost
|-boost|p1a: Buzzwole|atk|1
|
|upkeep
|l| Dunoks
|c|☆jeza.p|hein ?
|c|☆congelateur-sama|je suis spdef ada
|j| Dunoks
|c|☆congelateur-sama|(oui la spread est giga chad)
|c|☆jeza.p|trop fort mdr
|
|t:|1632171313
|switch|p2a: Krookodile|Krookodile, F|68/100 tox
|-damage|p2a: Krookodile|62/100 tox|[from] Stealth Rock
|-ability|p2a: Krookodile|Intimidate|boost
|-unboost|p1a: Buzzwole|atk|1
|turn|36
|
|t:|1632171354
|switch|p1a: Krookodile|Krookodile, M|32/100
|-ability|p1a: Krookodile|Intimidate|boost
|-unboost|p2a: Krookodile|atk|1
|move|p2a: Krookodile|High Horsepower|p1a: Krookodile
|-damage|p1a: Krookodile|0 fnt
|faint|p1a: Krookodile
|
|-damage|p2a: Krookodile|55/100 tox|[from] psn
|upkeep
|
|t:|1632171370
|switch|p1a: Buzzwole|Buzzwole|18/100
|turn|37
|
|t:|1632171376
|move|p2a: Krookodile|Stone Edge|p1a: Buzzwole
|-damage|p1a: Buzzwole|4/100
|move|p1a: Buzzwole|Roost|p1a: Buzzwole
|-heal|p1a: Buzzwole|54/100
|-singleturn|p1a: Buzzwole|move: Roost
|
|-damage|p2a: Krookodile|43/100 tox|[from] psn
|upkeep
|turn|38
|
|t:|1632171383
|switch|p2a: Azumarill|Azumarill, M|27/100
|-damage|p2a: Azumarill|15/100|[from] Stealth Rock
|move|p1a: Buzzwole|Earthquake|p2a: Azumarill
|-damage|p2a: Azumarill|0 fnt
|faint|p2a: Azumarill
|-ability|p1a: Buzzwole|Beast Boost|boost
|-boost|p1a: Buzzwole|atk|1
|
|upkeep
|c| Lokifan|14
|
|t:|1632171393
|switch|p2a: Aegislash|Aegislash, M|65/100
|-damage|p2a: Aegislash|59/100|[from] Stealth Rock
|turn|39
|
|t:|1632171396
|move|p1a: Buzzwole|Earthquake|p2a: Aegislash
|-supereffective|p2a: Aegislash
|-damage|p2a: Aegislash|0 fnt
|faint|p2a: Aegislash
|-ability|p1a: Buzzwole|Beast Boost|boost
|-boost|p1a: Buzzwole|atk|1
|
|upkeep
|c|☆jeza.p|gg
|c|☆congelateur-sama|gg
|c|☆jeza.p|c'est quoi ta pread de buzz ?
|
|t:|1632171412
|switch|p2a: Krookodile|Krookodile, F|43/100 tox
|-damage|p2a: Krookodile|37/100 tox|[from] Stealth Rock
|-ability|p2a: Krookodile|Intimidate|boost
|-unboost|p1a: Buzzwole|atk|1
|turn|40
|c|☆congelateur-sama|je te passe la team en pm
|l| Lokifan
|c|☆jeza.p|thx
|c|☆congelateur-sama|np
|
|t:|1632171427
|move|p2a: Krookodile|Stealth Rock|p1a: Buzzwole
|-sidestart|p1: congelateur-sama|move: Stealth Rock
|move|p1a: Buzzwole|Close Combat|p2a: Krookodile
|-supereffective|p2a: Krookodile
|-damage|p2a: Krookodile|0 fnt
|-unboost|p1a: Buzzwole|def|1
|-unboost|p1a: Buzzwole|spd|1
|faint|p2a: Krookodile
|
|win|congelateur-sama
