|j|☆ninjadouche
|j|☆TMM Alt
|t:|1663605070
|gametype|singles
|player|p1|ninjadouche|burglar|1358
|player|p2|TMM Alt|will-gen2|1324
|teamsize|p1|6
|teamsize|p2|6
|gen|8
|tier|[Gen 8] UU
|rated|
|rule|Sleep Clause Mod: Limit one foe put to sleep
|rule|Species Clause: Limit one of each Pokémon
|rule|OHKO Clause: OHKO moves are banned
|rule|Evasion Items Clause: Evasion items are banned
|rule|Evasion Moves Clause: Evasion moves are banned
|rule|Endless Battle Clause: Forcing endless battles is banned
|rule|HP Percentage Mod: HP is shown in percentages
|rule|Dynamax Clause: You cannot dynamax
|clearpoke
|poke|p1|Marowak-Alola, F|
|poke|p1|Ninetales, F|
|poke|p1|Rotom-Wash|
|poke|p1|Snorlax, M|
|poke|p1|Shiftry, F|
|poke|p1|Aggron, F|
|poke|p2|Tapu Bulu|
|poke|p2|Tentacruel, M|
|poke|p2|Celesteela|
|poke|p2|Druddigon, F|
|poke|p2|Lycanroc-Dusk, M|
|poke|p2|Chansey, F|
|teampreview
|inactive|Battle timer is ON: inactive players will automatically lose when time's up. (requested by TMM Alt)
|inactive|TMM Alt has 120 seconds left.
|
|t:|1663605112
|start
|switch|p1a: Rotom|Rotom-Wash|100/100
|switch|p2a: Lycanroc|Lycanroc-Dusk, M|100/100
|turn|1
|
|t:|1663605118
|switch|p2a: Chansey|Chansey, F|100/100
|move|p1a: Rotom|Will-O-Wisp|p2a: Chansey
|-status|p2a: Chansey|brn
|
|-damage|p2a: Chansey|94/100 brn|[from] brn
|upkeep
|turn|2
|
|t:|1663605125
|move|p1a: Rotom|Volt Switch|p2a: Chansey
|-damage|p2a: Chansey|87/100 brn
|
|t:|1663605129
|switch|p1a: Snorlax|Snorlax, M|100/100|[from]move: Volt Switch
|move|p2a: Chansey|Toxic|p1a: Snorlax
|-status|p1a: Snorlax|tox
|
|-damage|p1a: Snorlax|94/100 tox|[from] psn
|-damage|p2a: Chansey|80/100 brn|[from] brn
|upkeep
|turn|3
|
|t:|1663605135
|move|p1a: Snorlax|Double-Edge|p2a: Chansey
|-crit|p2a: Chansey
|-damage|p2a: Chansey|0 fnt
|faint|p2a: Chansey
|-damage|p1a: Snorlax|54/100 tox|[from] Recoil
|
|-damage|p1a: Snorlax|42/100 tox|[from] psn
|upkeep
|
|t:|1663605156
|switch|p2a: Tapu Bulu|Tapu Bulu, shiny|100/100
|-fieldstart|move: Grassy Terrain|[from] ability: Grassy Surge|[of] p2a: Tapu Bulu
|turn|4
|
|t:|1663605169
|move|p2a: Tapu Bulu|Rock Slide|p1a: Snorlax
|-damage|p1a: Snorlax|17/100 tox
|move|p1a: Snorlax|Double-Edge|p2a: Tapu Bulu
|-damage|p2a: Tapu Bulu|2/100
|-damage|p1a: Snorlax|0 fnt|[from] Recoil
|faint|p1a: Snorlax
|
|-heal|p2a: Tapu Bulu|8/100|[from] Grassy Terrain
|upkeep
|
|t:|1663605181
|switch|p1a: Ninetales|Ninetales, F, shiny|100/100
|-weather|SunnyDay|[from] ability: Drought|[of] p1a: Ninetales
|turn|5
|
|t:|1663605190
|switch|p2a: Tentacruel|Tentacruel, M|100/100
|move|p1a: Ninetales|Solar Beam||[still]
|-prepare|p1a: Ninetales|Solar Beam
|-anim|p1a: Ninetales|Solar Beam|p2a: Tentacruel
|-damage|p2a: Tentacruel|56/100
|
|-weather|SunnyDay|[upkeep]
|-heal|p2a: Tentacruel|62/100|[from] Grassy Terrain
|-heal|p2a: Tentacruel|68/100|[from] item: Black Sludge
|upkeep
|turn|6
|
|t:|1663605198
|switch|p1a: Marowak|Marowak-Alola, F|100/100
|move|p2a: Tentacruel|Knock Off|p1a: Marowak
|-supereffective|p1a: Marowak
|-damage|p1a: Marowak|65/100
|-enditem|p1a: Marowak|Thick Club|[from] move: Knock Off|[of] p2a: Tentacruel
|
|-weather|SunnyDay|[upkeep]
|-heal|p2a: Tentacruel|74/100|[from] Grassy Terrain
|-heal|p2a: Tentacruel|80/100|[from] item: Black Sludge
|-heal|p1a: Marowak|71/100|[from] Grassy Terrain
|upkeep
|turn|7
|
|t:|1663605204
|move|p2a: Tentacruel|Scald|p1a: Marowak
|-supereffective|p1a: Marowak
|-damage|p1a: Marowak|42/100
|move|p1a: Marowak|Poltergeist|p2a: Tentacruel
|-activate|p2a: Tentacruel|move: Poltergeist|Black Sludge
|-damage|p2a: Tentacruel|38/100
|
|-weather|SunnyDay|[upkeep]
|-heal|p2a: Tentacruel|44/100|[from] Grassy Terrain
|-heal|p2a: Tentacruel|50/100|[from] item: Black Sludge
|-heal|p1a: Marowak|48/100|[from] Grassy Terrain
|upkeep
|turn|8
|
|t:|1663605216
|move|p2a: Tentacruel|Knock Off|p1a: Marowak
|-supereffective|p1a: Marowak
|-damage|p1a: Marowak|26/100
|move|p1a: Marowak|Poltergeist|p2a: Tentacruel
|-activate|p2a: Tentacruel|move: Poltergeist|Black Sludge
|-damage|p2a: Tentacruel|8/100
|
|-weather|SunnyDay|[upkeep]
|-heal|p2a: Tentacruel|14/100|[from] Grassy Terrain
|-heal|p2a: Tentacruel|20/100|[from] item: Black Sludge
|-heal|p1a: Marowak|32/100|[from] Grassy Terrain
|-fieldend|move: Grassy Terrain
|upkeep
|turn|9
|
|t:|1663605222
|move|p2a: Tentacruel|Knock Off|p1a: Marowak
|-supereffective|p1a: Marowak
|-damage|p1a: Marowak|9/100
|move|p1a: Marowak|Poltergeist|p2a: Tentacruel
|-activate|p2a: Tentacruel|move: Poltergeist|Black Sludge
|-damage|p2a: Tentacruel|0 fnt
|faint|p2a: Tentacruel
|
|-weather|none
|upkeep
|
|t:|1663605229
|switch|p2a: Celesteela|Celesteela, shiny|100/100
|turn|10
|
|t:|1663605236
|move|p2a: Celesteela|Flash Cannon|p1a: Marowak
|-resisted|p1a: Marowak
|-damage|p1a: Marowak|0 fnt
|faint|p1a: Marowak
|-ability|p2a: Celesteela|Beast Boost|boost
|-boost|p2a: Celesteela|spa|1
|
|upkeep
|
|t:|1663605241
|switch|p1a: Ninetales|Ninetales, F, shiny|100/100
|-weather|SunnyDay|[from] ability: Drought|[of] p1a: Ninetales
|turn|11
|
|t:|1663605255
|move|p1a: Ninetales|Overheat|p2a: Celesteela
|-supereffective|p2a: Celesteela
|-damage|p2a: Celesteela|0 fnt
|-unboost|p1a: Ninetales|spa|2
|faint|p2a: Celesteela
|
|-weather|SunnyDay|[upkeep]
|upkeep
|
|t:|1663605261
|switch|p2a: Lycanroc|Lycanroc-Dusk, M|100/100
|turn|12
|
|t:|1663605268
|switch|p1a: Rotom|Rotom-Wash|100/100
|move|p2a: Lycanroc|Stone Edge|p1a: Rotom
|-damage|p1a: Rotom|43/100
|-damage|p2a: Lycanroc|91/100|[from] item: Life Orb
|
|-weather|SunnyDay|[upkeep]
|-heal|p1a: Rotom|49/100|[from] item: Leftovers
|upkeep
|turn|13
|
|t:|1663605273
|move|p2a: Lycanroc|Close Combat|p1a: Rotom
|-damage|p1a: Rotom|0 fnt
|-unboost|p2a: Lycanroc|def|1
|-unboost|p2a: Lycanroc|spd|1
|faint|p1a: Rotom
|-damage|p2a: Lycanroc|81/100|[from] item: Life Orb
|
|-weather|SunnyDay|[upkeep]
|upkeep
|
|t:|1663605279
|switch|p1a: Shiftry|Shiftry, F|100/100
|turn|14
|
|t:|1663605283
|switch|p2a: Druddigon|Druddigon, F|100/100
|move|p1a: Shiftry|Solar Blade||[still]
|-prepare|p1a: Shiftry|Solar Blade
|-anim|p1a: Shiftry|Solar Blade|p2a: Druddigon
|-resisted|p2a: Druddigon
|-crit|p2a: Druddigon
|-damage|p2a: Druddigon|48/100
|-damage|p1a: Shiftry|88/100|[from] ability: Rough Skin|[of] p2a: Druddigon
|-damage|p1a: Shiftry|72/100|[from] item: Rocky Helmet|[of] p2a: Druddigon
|-damage|p1a: Shiftry|62/100|[from] item: Life Orb
|
|-weather|SunnyDay|[upkeep]
|upkeep
|turn|15
|
|t:|1663605288
|move|p1a: Shiftry|Knock Off|p2a: Druddigon
|-damage|p2a: Druddigon|0 fnt
|-damage|p1a: Shiftry|49/100|[from] ability: Rough Skin|[of] p2a: Druddigon
|-damage|p1a: Shiftry|33/100|[from] item: Rocky Helmet|[of] p2a: Druddigon
|-enditem|p2a: Druddigon|Rocky Helmet|[from] move: Knock Off|[of] p1a: Shiftry
|faint|p2a: Druddigon
|-damage|p1a: Shiftry|23/100|[from] item: Life Orb
|
|-weather|none
|upkeep
|
|t:|1663605296
|switch|p2a: Tapu Bulu|Tapu Bulu, shiny|8/100
|-fieldstart|move: Grassy Terrain|[from] ability: Grassy Surge|[of] p2a: Tapu Bulu
|turn|16
|
|t:|1663605302
|move|p2a: Tapu Bulu|Close Combat|p1a: Shiftry
|-supereffective|p1a: Shiftry
|-damage|p1a: Shiftry|0 fnt
|-unboost|p2a: Tapu Bulu|def|1
|-unboost|p2a: Tapu Bulu|spd|1
|faint|p1a: Shiftry
|
|-heal|p2a: Tapu Bulu|14/100|[from] Grassy Terrain
|upkeep
|
|t:|1663605317
|switch|p1a: Aggron|Aggron, F|100/100
|turn|17
|
|t:|1663605321
|move|p2a: Tapu Bulu|Close Combat|p1a: Aggron
|-supereffective|p1a: Aggron
|-ability|p1a: Aggron|Sturdy
|-damage|p1a: Aggron|1/100
|-unboost|p2a: Tapu Bulu|def|1
|-unboost|p2a: Tapu Bulu|spd|1
|move|p1a: Aggron|Metal Burst|p2a: Tapu Bulu
|-damage|p2a: Tapu Bulu|0 fnt
|faint|p2a: Tapu Bulu
|
|-heal|p1a: Aggron|7/100|[from] Grassy Terrain
|upkeep
|
|t:|1663605325
|switch|p2a: Lycanroc|Lycanroc-Dusk, M|81/100
|turn|18
|-enditem|p1a: Aggron|Custap Berry|[eat]
|-activate|p1a: Aggron|item: Custap Berry|[consumed]
|
|t:|1663605329
|move|p1a: Aggron|Head Smash|p2a: Lycanroc
|-crit|p2a: Lycanroc
|-damage|p2a: Lycanroc|0 fnt
|faint|p2a: Lycanroc
|-damage|p1a: Aggron|0 fnt|[from] Recoil
|faint|p1a: Aggron
|
|win|ninjadouche
|raw|ninjadouche's rating: 1358 &rarr; <strong>1376</strong><br />(+18 for winning)
|raw|TMM Alt's rating: 1324 &rarr; <strong>1306</strong><br />(-18 for losing)
|c|☆TMM Alt|gg
|l|☆TMM Alt
|c|☆ninjadouche|gg
||Ladder isn't responding, score probably updated but might not have (Request timeout).
