|j|☆Liz Angeles
|j|☆Chloe
|t:|1664103590
|gametype|singles
|player|p1|Liz Angeles|marley|
|player|p2|Chloe|#chlo|
|teamsize|p1|6
|teamsize|p2|6
|gen|8
|tier|[Gen 8] UU
|rule|Sleep Clause Mod: Limit one foe put to sleep
|rule|Species Clause: Limit one of each Pokémon
|rule|OHKO Clause: OHKO moves are banned
|rule|Evasion Items Clause: Evasion items are banned
|rule|Evasion Moves Clause: Evasion moves are banned
|rule|Endless Battle Clause: Forcing endless battles is banned
|rule|HP Percentage Mod: HP is shown in percentages
|rule|Dynamax Clause: You cannot dynamax
|clearpoke
|poke|p1|Nidoqueen, F|
|poke|p1|Scizor, F|
|poke|p1|Azelf|
|poke|p1|Noivern, M|
|poke|p1|Cobalion|
|poke|p1|Rotom-Wash|
|poke|p2|Skarmory, M|
|poke|p2|Nihilego|
|poke|p2|Zygarde-10%|
|poke|p2|Tangrowth, M|
|poke|p2|Primarina, F|
|poke|p2|Thundurus-Therian, M|
|teampreview
|
|t:|1664103622
|start
|switch|p1a: Avoid Heaven|Noivern, M|100/100
|switch|p2a: Zygarde|Zygarde-10%|100/100
|-item|p2a: Zygarde|Choice Band|[from] ability: Frisk|[of] p1a: Avoid Heaven|[identify]
|-ability|p2a: Zygarde|Aura Break
|turn|1
|
|t:|1664103630
|switch|p2a: Nihilego|Nihilego|100/100
|move|p1a: Avoid Heaven|U-turn|p2a: Nihilego
|-resisted|p2a: Nihilego
|-damage|p2a: Nihilego|92/100
|
|t:|1664103636
|switch|p1a: Nidoqueen|Nidoqueen, F|100/100|[from]move: U-turn
|
|-heal|p2a: Nihilego|98/100|[from] item: Black Sludge
|upkeep
|turn|2
|c|☆Chloe|hf btw
|c|☆Liz Angeles|hf
|
|t:|1664103687
|move|p2a: Nihilego|Stealth Rock|p1a: Nidoqueen
|-sidestart|p1: Liz Angeles|move: Stealth Rock
|move|p1a: Nidoqueen|Stealth Rock|p2a: Nihilego
|-sidestart|p2: Chloe|move: Stealth Rock
|
|-heal|p2a: Nihilego|100/100|[from] item: Black Sludge
|upkeep
|turn|3
|
|t:|1664103693
|switch|p2a: Skarmory|Skarmory, M|100/100
|-damage|p2a: Skarmory|88/100|[from] Stealth Rock
|move|p1a: Nidoqueen|Sludge Wave|p2a: Skarmory
|-immune|p2a: Skarmory
|
|upkeep
|turn|4
|
|t:|1664103705
|move|p1a: Nidoqueen|Flamethrower|p2a: Skarmory
|-supereffective|p2a: Skarmory
|-damage|p2a: Skarmory|0 fnt
|faint|p2a: Skarmory
|
|upkeep
|
|t:|1664103710
|switch|p2a: Zygarde|Zygarde-10%|100/100
|-damage|p2a: Zygarde|94/100|[from] Stealth Rock
|-ability|p2a: Zygarde|Aura Break
|turn|5
|j| drphdbj
|inactive|Battle timer is ON: inactive players will automatically lose when time's up. (requested by Chloe)
|
|t:|1664103796
|switch|p1a: Absolute Power|Scizor, F|100/100
|move|p2a: Zygarde|Thousand Arrows|p1a: Absolute Power
|-damage|p1a: Absolute Power|53/100
|
|upkeep
|turn|6
|
|t:|1664103810
|switch|p2a: Thundurus|Thundurus-Therian, M|100/100
|move|p1a: Absolute Power|U-turn|p2a: Thundurus
|-resisted|p2a: Thundurus
|-damage|p2a: Thundurus|77/100
|
|t:|1664103837
|switch|p1a: Cobalion|Cobalion|100/100|[from]move: U-turn
|-damage|p1a: Cobalion|97/100|[from] Stealth Rock
|
|upkeep
|turn|7
|
|t:|1664103850
|switch|p2a: Tangrowth|Tangrowth, M|100/100
|-damage|p2a: Tangrowth|88/100|[from] Stealth Rock
|move|p1a: Cobalion|Stone Edge|p2a: Tangrowth
|-damage|p2a: Tangrowth|74/100
|
|upkeep
|turn|8
|inactive|Liz Angeles has 270 seconds left.
|
|t:|1664103871
|switch|p1a: Avoid Heaven|Noivern, M|100/100
|-item|p2a: Tangrowth|Rocky Helmet|[from] ability: Frisk|[of] p1a: Avoid Heaven|[identify]
|move|p2a: Tangrowth|Sleep Powder|p1a: Avoid Heaven
|-status|p1a: Avoid Heaven|slp|[from] move: Sleep Powder
|
|upkeep
|turn|9
|inactive|Liz Angeles has 270 seconds left.
|
|t:|1664103890
|switch|p2a: Primarina|Primarina, F|100/100
|-damage|p2a: Primarina|88/100|[from] Stealth Rock
|cant|p1a: Avoid Heaven|slp
|
|-heal|p2a: Primarina|94/100|[from] item: Leftovers
|upkeep
|turn|10
|
|t:|1664103896
|switch|p1a: Wheel Of Fortune|Rotom-Wash|100/100
|-damage|p1a: Wheel Of Fortune|88/100|[from] Stealth Rock
|move|p2a: Primarina|Moonblast|p1a: Wheel Of Fortune
|-damage|p1a: Wheel Of Fortune|26/100
|
|-heal|p1a: Wheel Of Fortune|33/100|[from] item: Leftovers
|-heal|p2a: Primarina|100/100|[from] item: Leftovers
|upkeep
|turn|11
|inactive|Liz Angeles has 270 seconds left.
|l| drphdbj
|
|t:|1664103926
|move|p2a: Primarina|Protect|p2a: Primarina
|-singleturn|p2a: Primarina|Protect
|move|p1a: Wheel Of Fortune|Volt Switch|p2a: Primarina
|-activate|p2a: Primarina|move: Protect
|
|-heal|p1a: Wheel Of Fortune|39/100|[from] item: Leftovers
|upkeep
|turn|12
|
|t:|1664103932
|move|p1a: Wheel Of Fortune|Volt Switch|p2a: Primarina
|-supereffective|p2a: Primarina
|-damage|p2a: Primarina|57/100
|inactive|Liz Angeles has 270 seconds left.
|
|t:|1664103966
|switch|p1a: Cobalion|Cobalion|97/100|[from]move: Volt Switch
|-damage|p1a: Cobalion|94/100|[from] Stealth Rock
|move|p2a: Primarina|Scald|p1a: Cobalion
|-damage|p1a: Cobalion|36/100
|
|-heal|p2a: Primarina|64/100|[from] item: Leftovers
|upkeep
|turn|13
|
|t:|1664103980
|move|p1a: Cobalion|Iron Head|p2a: Primarina
|-damage|p2a: Primarina|22/100
|move|p2a: Primarina|Scald|p1a: Cobalion
|-damage|p1a: Cobalion|0 fnt
|faint|p1a: Cobalion
|
|-heal|p2a: Primarina|28/100|[from] item: Leftovers
|upkeep
|
|t:|1664103988
|switch|p1a: Nidoqueen|Nidoqueen, F|100/100
|-damage|p1a: Nidoqueen|94/100|[from] Stealth Rock
|turn|14
|
|t:|1664103994
|move|p1a: Nidoqueen|Earth Power|p2a: Primarina
|-damage|p2a: Primarina|0 fnt
|faint|p2a: Primarina
|
|upkeep
|
|t:|1664103996
|switch|p2a: Zygarde|Zygarde-10%|94/100
|-damage|p2a: Zygarde|88/100|[from] Stealth Rock
|-ability|p2a: Zygarde|Aura Break
|turn|15
|
|t:|1664104001
|switch|p1a: Wheel Of Fortune|Rotom-Wash|39/100
|-damage|p1a: Wheel Of Fortune|26/100|[from] Stealth Rock
|move|p2a: Zygarde|Thousand Arrows|p1a: Wheel Of Fortune
|-supereffective|p1a: Wheel Of Fortune
|-damage|p1a: Wheel Of Fortune|0 fnt
|faint|p1a: Wheel Of Fortune
|
|upkeep
|
|t:|1664104007
|switch|p1a: Absolute Power|Scizor, F|53/100
|turn|16
|inactive|Liz Angeles has 270 seconds left.
|
|t:|1664104034
|move|p2a: Zygarde|Thousand Arrows|p1a: Absolute Power
|-damage|p1a: Absolute Power|6/100
|move|p1a: Absolute Power|U-turn|p2a: Zygarde
|-damage|p2a: Zygarde|25/100
|inactive|Liz Angeles has 270 seconds left.
|
|t:|1664104055
|switch|p1a: Earth Girls|Azelf|100/100|[from]move: U-turn
|
|upkeep
|turn|17
|
|t:|1664104065
|move|p1a: Earth Girls|Psychic|p2a: Zygarde
|-damage|p2a: Zygarde|0 fnt
|faint|p2a: Zygarde
|
|upkeep
|
|t:|1664104067
|switch|p2a: Tangrowth|Tangrowth, M|100/100
|-damage|p2a: Tangrowth|88/100|[from] Stealth Rock
|turn|18
|
|t:|1664104074
|move|p1a: Earth Girls|Flamethrower|p2a: Tangrowth
|-supereffective|p2a: Tangrowth
|-damage|p2a: Tangrowth|1/100
|move|p2a: Tangrowth|Knock Off|p1a: Earth Girls
|-supereffective|p1a: Earth Girls
|-damage|p1a: Earth Girls|26/100
|-enditem|p1a: Earth Girls|Heavy-Duty Boots|[from] move: Knock Off|[of] p2a: Tangrowth
|
|upkeep
|turn|19
|inactive|Chloe has 270 seconds left.
|
|t:|1664104111
|switch|p2a: Nihilego|Nihilego|100/100
|-damage|p2a: Nihilego|88/100|[from] Stealth Rock
|move|p1a: Earth Girls|Psychic|p2a: Nihilego
|-supereffective|p2a: Nihilego
|-crit|p2a: Nihilego
|-damage|p2a: Nihilego|0 fnt
|faint|p2a: Nihilego
|
|upkeep
|
|t:|1664104117
|switch|p2a: Thundurus|Thundurus-Therian, M|77/100
|turn|20
|inactive|Chloe has 270 seconds left.
|
|t:|1664104143
|move|p1a: Earth Girls|U-turn|p2a: Thundurus
|-resisted|p2a: Thundurus
|-damage|p2a: Thundurus|63/100
|
|t:|1664104146
|switch|p1a: Avoid Heaven|Noivern, M|100/100 slp|[from]move: U-turn
|-item|p2a: Thundurus|Heavy-Duty Boots|[from] ability: Frisk|[of] p1a: Avoid Heaven|[identify]
|move|p2a: Thundurus|Incinerate|p1a: Avoid Heaven
|-resisted|p1a: Avoid Heaven
|-damage|p1a: Avoid Heaven|87/100 slp
|
|upkeep
|turn|21
|inactive|Chloe has 270 seconds left.
|
|t:|1664104156
|-curestatus|p1a: Avoid Heaven|slp|[msg]
|move|p1a: Avoid Heaven|Flamethrower|p2a: Thundurus
|-damage|p2a: Thundurus|36/100
|move|p2a: Thundurus|Psychic|p1a: Avoid Heaven
|-damage|p1a: Avoid Heaven|50/100
|-unboost|p1a: Avoid Heaven|spd|1
|
|upkeep
|turn|22
|
|t:|1664104164
|move|p1a: Avoid Heaven|Draco Meteor|p2a: Thundurus
|-damage|p2a: Thundurus|0 fnt
|-unboost|p1a: Avoid Heaven|spa|2
|faint|p2a: Thundurus
|
|upkeep
|
|t:|1664104166
|switch|p2a: Tangrowth|Tangrowth, M|34/100
|-damage|p2a: Tangrowth|22/100|[from] Stealth Rock
|turn|23
|c|☆Chloe|gg
|-message|Chloe forfeited.
|
|win|Liz Angeles
|c|☆Liz Angeles|gg
