|j|☆LilOu
|j|☆Liz Angeles
|t:|1665096785
|gametype|singles
|player|p1|LilOu|lucas-gen4pt|1387
|player|p2|Liz Angeles|marley|1461
|teamsize|p1|6
|teamsize|p2|6
|gen|8
|tier|[Gen 8] UU
|rated|
|rule|Sleep Clause Mod: Limit one foe put to sleep
|rule|Species Clause: Limit one of each Pokémon
|rule|OHKO Clause: OHKO moves are banned
|rule|Evasion Items Clause: Evasion items are banned
|rule|Evasion Moves Clause: Evasion moves are banned
|rule|Endless Battle Clause: Forcing endless battles is banned
|rule|HP Percentage Mod: HP is shown in percentages
|rule|Dynamax Clause: You cannot dynamax
|clearpoke
|poke|p1|Scizor, M|
|poke|p1|Hydreigon, M|
|poke|p1|Jellicent, F|
|poke|p1|Hippowdon, F|
|poke|p1|Sylveon, M|
|poke|p1|Articuno|
|poke|p2|Tangrowth, M|
|poke|p2|Slowking, F|
|poke|p2|Cobalion|
|poke|p2|Zygarde-10%|
|poke|p2|Skarmory, F|
|poke|p2|Regieleki|
|teampreview
|
|t:|1665096813
|start
|switch|p1a: Hippowdon|Hippowdon, F|100/100
|switch|p2a: Tangrowth|Tangrowth, M|100/100
|-weather|Sandstorm|[from] ability: Sand Stream|[of] p1a: Hippowdon
|turn|1
|
|t:|1665096820
|move|p2a: Tangrowth|Knock Off|p1a: Hippowdon
|-damage|p1a: Hippowdon|85/100
|-enditem|p1a: Hippowdon|Leftovers|[from] move: Knock Off|[of] p2a: Tangrowth
|move|p1a: Hippowdon|Stealth Rock|p2a: Tangrowth
|-sidestart|p2: Liz Angeles|move: Stealth Rock
|
|-weather|Sandstorm|[upkeep]
|-damage|p2a: Tangrowth|94/100|[from] Sandstorm
|upkeep
|turn|2
|
|t:|1665096831
|move|p2a: Tangrowth|Power Whip|p1a: Hippowdon
|-supereffective|p1a: Hippowdon
|-damage|p1a: Hippowdon|34/100
|move|p1a: Hippowdon|Toxic|p2a: Tangrowth
|-status|p2a: Tangrowth|tox
|
|-weather|Sandstorm|[upkeep]
|-damage|p2a: Tangrowth|88/100 tox|[from] Sandstorm
|-damage|p2a: Tangrowth|82/100 tox|[from] psn
|upkeep
|turn|3
|
|t:|1665096844
|switch|p1a: supreme|Scizor, M|100/100
|move|p2a: Tangrowth|Power Whip|p1a: supreme
|-resisted|p1a: supreme
|-damage|p1a: supreme|92/100
|
|-weather|Sandstorm|[upkeep]
|-damage|p2a: Tangrowth|76/100 tox|[from] Sandstorm
|-heal|p1a: supreme|98/100|[from] item: Leftovers
|-damage|p2a: Tangrowth|63/100 tox|[from] psn
|upkeep
|turn|4
|
|t:|1665096857
|switch|p2a: Cobalion|Cobalion|100/100
|-damage|p2a: Cobalion|97/100|[from] Stealth Rock
|move|p1a: supreme|Knock Off|p2a: Cobalion
|-resisted|p2a: Cobalion
|-damage|p2a: Cobalion|84/100
|-ability|p2a: Cobalion|Justified|boost
|-boost|p2a: Cobalion|atk|1
|-enditem|p2a: Cobalion|Leftovers|[from] move: Knock Off|[of] p1a: supreme
|
|-weather|Sandstorm|[upkeep]
|-heal|p1a: supreme|100/100|[from] item: Leftovers
|upkeep
|turn|5
|
|t:|1665096869
|switch|p1a: whats a keldeo|Jellicent, F|100/100
|move|p2a: Cobalion|Stealth Rock|p1a: whats a keldeo
|-sidestart|p1: LilOu|move: Stealth Rock
|
|-weather|none
|upkeep
|turn|6
|
|t:|1665096878
|move|p2a: Cobalion|Volt Switch|p1a: whats a keldeo
|-supereffective|p1a: whats a keldeo
|-damage|p1a: whats a keldeo|78/100
|
|t:|1665096880
|switch|p2a: Tangrowth|Tangrowth, M|97/100 tox|[from]move: Volt Switch
|-damage|p2a: Tangrowth|84/100 tox|[from] Stealth Rock
|move|p1a: whats a keldeo|Will-O-Wisp||[still]
|-fail|p1a: whats a keldeo
|
|-heal|p1a: whats a keldeo|84/100|[from] item: Leftovers
|-damage|p2a: Tangrowth|78/100 tox|[from] psn
|upkeep
|turn|7
|
|t:|1665096889
|move|p1a: whats a keldeo|Hex|p2a: Tangrowth
|-damage|p2a: Tangrowth|49/100 tox
|move|p2a: Tangrowth|Knock Off|p1a: whats a keldeo
|-supereffective|p1a: whats a keldeo
|-damage|p1a: whats a keldeo|40/100
|-enditem|p1a: whats a keldeo|Leftovers|[from] move: Knock Off|[of] p2a: Tangrowth
|
|-damage|p2a: Tangrowth|36/100 tox|[from] psn
|upkeep
|turn|8
|
|t:|1665096900
|switch|p2a: Regijesus|Regieleki|100/100
|move|p1a: whats a keldeo|Recover|p1a: whats a keldeo
|-heal|p1a: whats a keldeo|90/100
|
|upkeep
|turn|9
|
|t:|1665096920
|switch|p2a: Tangrowth|Tangrowth, M|70/100 tox
|-damage|p2a: Tangrowth|57/100 tox|[from] Stealth Rock
|move|p1a: whats a keldeo|Will-O-Wisp||[still]
|-fail|p1a: whats a keldeo
|
|-damage|p2a: Tangrowth|51/100 tox|[from] psn
|upkeep
|turn|10
|
|t:|1665096928
|switch|p1a: supreme|Scizor, M|100/100
|-damage|p1a: supreme|88/100|[from] Stealth Rock
|move|p2a: Tangrowth|Power Whip|p1a: supreme|[miss]
|-miss|p2a: Tangrowth|p1a: supreme
|
|-heal|p1a: supreme|94/100|[from] item: Leftovers
|-damage|p2a: Tangrowth|39/100 tox|[from] psn
|upkeep
|turn|11
|
|t:|1665096940
|switch|p2a: Cobalion|Cobalion|84/100
|-damage|p2a: Cobalion|81/100|[from] Stealth Rock
|move|p1a: supreme|Knock Off|p2a: Cobalion
|-resisted|p2a: Cobalion
|-damage|p2a: Cobalion|72/100
|-ability|p2a: Cobalion|Justified|boost
|-boost|p2a: Cobalion|atk|1
|
|-heal|p1a: supreme|100/100|[from] item: Leftovers
|upkeep
|turn|12
|
|t:|1665096952
|move|p2a: Cobalion|Toxic|p1a: supreme
|-immune|p1a: supreme
|move|p1a: supreme|Knock Off|p2a: Cobalion
|-resisted|p2a: Cobalion
|-damage|p2a: Cobalion|62/100
|-ability|p2a: Cobalion|Justified|boost
|-boost|p2a: Cobalion|atk|1
|
|upkeep
|turn|13
|
|t:|1665096962
|switch|p1a: whats a keldeo|Jellicent, F|90/100
|-damage|p1a: whats a keldeo|77/100|[from] Stealth Rock
|move|p2a: Cobalion|Close Combat|p1a: whats a keldeo
|-immune|p1a: whats a keldeo
|
|upkeep
|turn|14
|
|t:|1665096971
|move|p2a: Cobalion|Toxic|p1a: whats a keldeo
|-status|p1a: whats a keldeo|tox
|move|p1a: whats a keldeo|Will-O-Wisp|p2a: Cobalion
|-status|p2a: Cobalion|brn
|
|-damage|p1a: whats a keldeo|71/100 tox|[from] psn
|-damage|p2a: Cobalion|56/100 brn|[from] brn
|upkeep
|turn|15
|
|t:|1665096979
|move|p2a: Cobalion|Volt Switch|p1a: whats a keldeo
|-supereffective|p1a: whats a keldeo
|-damage|p1a: whats a keldeo|49/100 tox
|
|t:|1665096981
|switch|p2a: Slowking|Slowking, F|100/100|[from]move: Volt Switch
|-damage|p2a: Slowking|88/100|[from] Stealth Rock
|move|p1a: whats a keldeo|Recover|p1a: whats a keldeo
|-heal|p1a: whats a keldeo|99/100 tox
|
|-heal|p2a: Slowking|94/100|[from] item: Leftovers
|-damage|p1a: whats a keldeo|87/100 tox|[from] psn
|upkeep
|turn|16
|
|t:|1665096990
|switch|p1a: Articuno|Articuno|100/100
|-ability|p1a: Articuno|Pressure
|move|p2a: Slowking|Teleport|p2a: Slowking
|
|t:|1665097009
|switch|p2a: Regijesus|Regieleki|100/100|[from]move: Teleport
|
|upkeep
|turn|17
|
|t:|1665097024
|switch|p2a: Zygarde|Zygarde-10%|100/100
|-damage|p2a: Zygarde|94/100|[from] Stealth Rock
|-ability|p2a: Zygarde|Aura Break
|switch|p1a: Hippowdon|Hippowdon, F|34/100
|-damage|p1a: Hippowdon|28/100|[from] Stealth Rock
|-weather|Sandstorm|[from] ability: Sand Stream|[of] p1a: Hippowdon
|
|-weather|Sandstorm|[upkeep]
|upkeep
|turn|18
|
|t:|1665097043
|switch|p1a: supreme|Scizor, M|100/100
|-damage|p1a: supreme|88/100|[from] Stealth Rock
|move|p2a: Zygarde|Thousand Arrows|p1a: supreme
|-damage|p1a: supreme|40/100
|
|-weather|Sandstorm|[upkeep]
|-heal|p1a: supreme|46/100|[from] item: Leftovers
|upkeep
|turn|19
|
|t:|1665097052
|move|p2a: Zygarde|Thousand Arrows|p1a: supreme
|-damage|p1a: supreme|3/100
|move|p1a: supreme|Roost|p1a: supreme
|-heal|p1a: supreme|53/100
|-singleturn|p1a: supreme|move: Roost
|
|-weather|Sandstorm|[upkeep]
|-heal|p1a: supreme|59/100|[from] item: Leftovers
|upkeep
|turn|20
|
|t:|1665097063
|switch|p2a: Skarmory|Skarmory, F|100/100
|-damage|p2a: Skarmory|88/100|[from] Stealth Rock
|move|p1a: supreme|Roost|p1a: supreme
|-heal|p1a: supreme|100/100
|-singleturn|p1a: supreme|move: Roost
|
|-weather|Sandstorm|[upkeep]
|upkeep
|turn|21
|
|t:|1665097070
|switch|p1a: Hippowdon|Hippowdon, F|28/100
|-damage|p1a: Hippowdon|22/100|[from] Stealth Rock
|move|p2a: Skarmory|Spikes|p1a: Hippowdon
|-sidestart|p1: LilOu|Spikes
|
|-weather|none
|upkeep
|turn|22
|
|t:|1665097076
|move|p2a: Skarmory|Body Press|p1a: Hippowdon
|-damage|p1a: Hippowdon|1/100
|move|p1a: Hippowdon|Slack Off|p1a: Hippowdon
|-heal|p1a: Hippowdon|51/100
|
|upkeep
|turn|23
|
|t:|1665097082
|move|p2a: Skarmory|Iron Defense|p2a: Skarmory
|-boost|p2a: Skarmory|def|2
|move|p1a: Hippowdon|Slack Off|p1a: Hippowdon
|-heal|p1a: Hippowdon|100/100
|
|upkeep
|turn|24
|
|t:|1665097095
|switch|p1a: whats a keldeo|Jellicent, F|87/100 tox
|-damage|p1a: whats a keldeo|74/100 tox|[from] Stealth Rock
|-damage|p1a: whats a keldeo|62/100 tox|[from] Spikes
|move|p2a: Skarmory|Spikes|p1a: whats a keldeo
|-sidestart|p1: LilOu|Spikes
|
|-damage|p1a: whats a keldeo|56/100 tox|[from] psn
|upkeep
|turn|25
|
|t:|1665097103
|switch|p2a: Slowking|Slowking, F|100/100
|-damage|p2a: Slowking|88/100|[from] Stealth Rock
|move|p1a: whats a keldeo|Will-O-Wisp|p2a: Slowking
|-status|p2a: Slowking|brn
|
|-heal|p2a: Slowking|94/100 brn|[from] item: Leftovers
|-damage|p1a: whats a keldeo|43/100 tox|[from] psn
|-damage|p2a: Slowking|88/100 brn|[from] brn
|upkeep
|turn|26
|
|t:|1665097114
|move|p1a: whats a keldeo|Recover|p1a: whats a keldeo
|-heal|p1a: whats a keldeo|93/100 tox
|move|p2a: Slowking|Teleport|p2a: Slowking
|
|t:|1665097119
|switch|p2a: Regijesus|Regieleki|100/100|[from]move: Teleport
|
|-damage|p1a: whats a keldeo|75/100 tox|[from] psn
|upkeep
|turn|27
|
|t:|1665097127
|switch|p1a: Hippowdon|Hippowdon, F|100/100
|-damage|p1a: Hippowdon|94/100|[from] Stealth Rock
|-damage|p1a: Hippowdon|78/100|[from] Spikes
|-weather|Sandstorm|[from] ability: Sand Stream|[of] p1a: Hippowdon
|move|p2a: Regijesus|Thunderbolt|p1a: Hippowdon
|-immune|p1a: Hippowdon
|
|-weather|Sandstorm|[upkeep]
|-damage|p2a: Regijesus|95/100|[from] Sandstorm
|upkeep
|turn|28
|
|t:|1665097145
|switch|p2a: Skarmory|Skarmory, F|88/100
|-damage|p2a: Skarmory|76/100|[from] Stealth Rock
|switch|p1a: Articuno|Articuno|100/100
|-ability|p1a: Articuno|Pressure
|
|-weather|Sandstorm|[upkeep]
|-damage|p1a: Articuno|94/100|[from] Sandstorm
|upkeep
|turn|29
|
|t:|1665097154
|move|p1a: Articuno|Defog|p2a: Skarmory
|-unboost|p2a: Skarmory|evasion|1
|-sideend|p2: Liz Angeles|Stealth Rock|[from] move: Defog|[of] p1a: Articuno
|-sideend|p1: LilOu|Spikes|[from] move: Defog|[of] p1a: Articuno
|-sideend|p1: LilOu|Stealth Rock|[from] move: Defog|[of] p1a: Articuno
|move|p2a: Skarmory|Body Press|p1a: Articuno
|-damage|p1a: Articuno|65/100
|
|-weather|Sandstorm|[upkeep]
|-damage|p1a: Articuno|59/100|[from] Sandstorm
|upkeep
|turn|30
|
|t:|1665097164
|switch|p2a: Cobalion|Cobalion|56/100 brn
|move|p1a: Articuno|Heal Bell|p1a: Articuno
|-activate|p1a: Articuno|move: Heal Bell
|-curestatus|p1: whats a keldeo|tox|[msg]
|
|-weather|Sandstorm|[upkeep]
|-damage|p1a: Articuno|53/100|[from] Sandstorm
|-damage|p2a: Cobalion|50/100 brn|[from] brn
|upkeep
|turn|31
|
|t:|1665097173
|move|p2a: Cobalion|Stealth Rock|p1a: Articuno
|-sidestart|p1: LilOu|move: Stealth Rock
|move|p1a: Articuno|Roost|p1a: Articuno
|-heal|p1a: Articuno|100/100
|-singleturn|p1a: Articuno|move: Roost
|
|-weather|none
|-damage|p2a: Cobalion|44/100 brn|[from] brn
|upkeep
|turn|32
|
|t:|1665097185
|move|p2a: Cobalion|Volt Switch|p1a: Articuno
|-supereffective|p1a: Articuno
|-damage|p1a: Articuno|86/100
|
|t:|1665097188
|switch|p2a: Regijesus|Regieleki|95/100|[from]move: Volt Switch
|move|p1a: Articuno|Defog|p2a: Regijesus
|-unboost|p2a: Regijesus|evasion|1
|-sideend|p1: LilOu|Stealth Rock|[from] move: Defog|[of] p1a: Articuno
|
|upkeep
|turn|33
|
|t:|1665097199
|switch|p2a: Slowking|Slowking, F|100/100 brn
|switch|p1a: Hippowdon|Hippowdon, F|78/100
|-weather|Sandstorm|[from] ability: Sand Stream|[of] p1a: Hippowdon
|
|-weather|Sandstorm|[upkeep]
|-damage|p2a: Slowking|94/100 brn|[from] Sandstorm
|-heal|p2a: Slowking|100/100 brn|[from] item: Leftovers
|-damage|p2a: Slowking|94/100 brn|[from] brn
|upkeep
|turn|34
|
|t:|1665097216
|switch|p1a: whats a keldeo|Jellicent, F|75/100
|move|p2a: Slowking|Scald|p1a: whats a keldeo
|-heal|p1a: whats a keldeo|99/100|[from] ability: Water Absorb|[of] p2a: Slowking
|
|-weather|Sandstorm|[upkeep]
|-damage|p1a: whats a keldeo|94/100|[from] Sandstorm
|-damage|p2a: Slowking|88/100 brn|[from] Sandstorm
|-heal|p2a: Slowking|94/100 brn|[from] item: Leftovers
|-damage|p2a: Slowking|88/100 brn|[from] brn
|upkeep
|turn|35
|
|t:|1665097231
|move|p1a: whats a keldeo|Taunt|p2a: Slowking
|-start|p2a: Slowking|move: Taunt
|cant|p2a: Slowking|move: Taunt|Teleport
|
|-weather|Sandstorm|[upkeep]
|-damage|p1a: whats a keldeo|87/100|[from] Sandstorm
|-damage|p2a: Slowking|82/100 brn|[from] Sandstorm
|-heal|p2a: Slowking|88/100 brn|[from] item: Leftovers
|-damage|p2a: Slowking|82/100 brn|[from] brn
|upkeep
|turn|36
|j| Queen of Bean ✿
|
|t:|1665097269
|switch|p2a: Regijesus|Regieleki|95/100
|move|p1a: whats a keldeo|Hex|p2a: Regijesus
|-damage|p2a: Regijesus|59/100
|
|-weather|Sandstorm|[upkeep]
|-damage|p2a: Regijesus|53/100|[from] Sandstorm
|-damage|p1a: whats a keldeo|81/100|[from] Sandstorm
|upkeep
|turn|37
|
|t:|1665097277
|switch|p1a: Hippowdon|Hippowdon, F|78/100
|move|p2a: Regijesus|Thunderbolt|p1a: Hippowdon
|-immune|p1a: Hippowdon
|
|-weather|none
|upkeep
|turn|38
|
|t:|1665097284
|switch|p2a: Skarmory|Skarmory, F|76/100
|move|p1a: Hippowdon|Stealth Rock|p2a: Skarmory
|-sidestart|p2: Liz Angeles|move: Stealth Rock
|
|upkeep
|turn|39
|
|t:|1665097297
|switch|p1a: whats a keldeo|Jellicent, F|81/100
|move|p2a: Skarmory|Spikes|p1a: whats a keldeo
|-sidestart|p1: LilOu|Spikes
|
|upkeep
|turn|40
|
|t:|1665097306
|switch|p2a: Tangrowth|Tangrowth, M|72/100 tox
|-damage|p2a: Tangrowth|59/100 tox|[from] Stealth Rock
|move|p1a: whats a keldeo|Taunt|p2a: Tangrowth
|-start|p2a: Tangrowth|move: Taunt
|
|-damage|p2a: Tangrowth|53/100 tox|[from] psn
|upkeep
|turn|41
|
|t:|1665097317
|switch|p1a: supreme|Scizor, M|100/100
|-damage|p1a: supreme|88/100|[from] Spikes
|move|p2a: Tangrowth|Power Whip|p1a: supreme
|-resisted|p1a: supreme
|-crit|p1a: supreme
|-damage|p1a: supreme|75/100
|
|-heal|p1a: supreme|82/100|[from] item: Leftovers
|-damage|p2a: Tangrowth|41/100 tox|[from] psn
|upkeep
|turn|42
|
|t:|1665097331
|switch|p2a: Cobalion|Cobalion|44/100 brn
|-damage|p2a: Cobalion|40/100 brn|[from] Stealth Rock
|move|p1a: supreme|Knock Off|p2a: Cobalion
|-resisted|p2a: Cobalion
|-damage|p2a: Cobalion|31/100 brn
|-ability|p2a: Cobalion|Justified|boost
|-boost|p2a: Cobalion|atk|1
|
|-heal|p1a: supreme|88/100|[from] item: Leftovers
|-damage|p2a: Cobalion|25/100 brn|[from] brn
|upkeep
|turn|43
|
|t:|1665097343
|switch|p1a: Articuno|Articuno|86/100
|-ability|p1a: Articuno|Pressure
|move|p2a: Cobalion|Stealth Rock|p1a: Articuno
|-sidestart|p1: LilOu|move: Stealth Rock
|
|-damage|p2a: Cobalion|19/100 brn|[from] brn
|upkeep
|turn|44
|
|t:|1665097350
|move|p2a: Cobalion|Toxic|p1a: Articuno|[miss]
|-miss|p2a: Cobalion|p1a: Articuno
|move|p1a: Articuno|Defog|p2a: Cobalion
|-unboost|p2a: Cobalion|evasion|1
|-sideend|p2: Liz Angeles|Stealth Rock|[from] move: Defog|[of] p1a: Articuno
|-sideend|p1: LilOu|Spikes|[from] move: Defog|[of] p1a: Articuno
|-sideend|p1: LilOu|Stealth Rock|[from] move: Defog|[of] p1a: Articuno
|
|-damage|p2a: Cobalion|13/100 brn|[from] brn
|upkeep
|turn|45
|
|t:|1665097369
|switch|p2a: Skarmory|Skarmory, F|76/100
|move|p1a: Articuno|Defog|p2a: Skarmory
|-unboost|p2a: Skarmory|evasion|1
|
|upkeep
|turn|46
|
|t:|1665097378
|switch|p1a: whats a keldeo|Jellicent, F|81/100
|switch|p2a: Slowking|Slowking, F|100/100 brn
|
|-damage|p2a: Slowking|94/100 brn|[from] brn
|upkeep
|turn|47
|
|t:|1665097387
|move|p1a: whats a keldeo|Hex|p2a: Slowking
|-supereffective|p2a: Slowking
|-damage|p2a: Slowking|37/100 brn
|move|p2a: Slowking|Future Sight|p1a: whats a keldeo
|-start|p2a: Slowking|move: Future Sight
|
|-heal|p2a: Slowking|43/100 brn|[from] item: Leftovers
|-damage|p2a: Slowking|37/100 brn|[from] brn
|upkeep
|turn|48
|
|t:|1665097394
|switch|p2a: Tangrowth|Tangrowth, M|74/100 tox
|move|p1a: whats a keldeo|Hex|p2a: Tangrowth
|-damage|p2a: Tangrowth|45/100 tox
|
|-damage|p2a: Tangrowth|39/100 tox|[from] psn
|upkeep
|turn|49
|
|t:|1665097405
|switch|p1a: gold n white|Hydreigon, M|100/100
|move|p2a: Tangrowth|Knock Off|p1a: gold n white
|-resisted|p1a: gold n white
|-damage|p1a: gold n white|89/100
|-enditem|p1a: gold n white|Leftovers|[from] move: Knock Off|[of] p2a: Tangrowth
|
|-end|p1a: gold n white|move: Future Sight
|-immune|p1a: gold n white
|-damage|p2a: Tangrowth|26/100 tox|[from] psn
|upkeep
|turn|50
|
|t:|1665097417
|switch|p2a: Zygarde|Zygarde-10%|94/100
|-ability|p2a: Zygarde|Aura Break
|move|p1a: gold n white|Dark Pulse|p2a: Zygarde
|-damage|p2a: Zygarde|45/100
|
|upkeep
|turn|51
|
|t:|1665097431
|switch|p1a: daki|Sylveon, M|100/100
|move|p2a: Zygarde|Toxic|p1a: daki
|-status|p1a: daki|tox
|
|-damage|p1a: daki|94/100 tox|[from] psn
|upkeep
|turn|52
|c|☆LilOu|lmfao
|c|☆LilOu|everything has toxic
|c|☆LilOu|the ground-phobia is evident
|
|t:|1665097456
|switch|p2a: Tangrowth|Tangrowth, M|59/100 tox
|move|p1a: daki|Wish|p1a: daki
|
|-heal|p1a: daki|100/100 tox|[from] item: Leftovers
|-damage|p1a: daki|88/100 tox|[from] psn
|-damage|p2a: Tangrowth|53/100 tox|[from] psn
|upkeep
|turn|53
|
|t:|1665097472
|move|p1a: daki|Hyper Voice|p2a: Tangrowth
|-damage|p2a: Tangrowth|22/100 tox
|move|p2a: Tangrowth|Knock Off|p1a: daki
|-resisted|p1a: daki
|-damage|p1a: daki|79/100 tox
|-enditem|p1a: daki|Leftovers|[from] move: Knock Off|[of] p2a: Tangrowth
|
|-heal|p1a: daki|100/100 tox|[from] move: Wish|[wisher] daki
|-damage|p1a: daki|82/100 tox|[from] psn
|-damage|p2a: Tangrowth|10/100 tox|[from] psn
|upkeep
|turn|54
|l| Queen of Bean ✿
|
|t:|1665097485
|switch|p1a: Articuno|Articuno|86/100
|-ability|p1a: Articuno|Pressure
|switch|p2a: Slowking|Slowking, F|70/100 brn
|
|-heal|p2a: Slowking|76/100 brn|[from] item: Leftovers
|-damage|p2a: Slowking|70/100 brn|[from] brn
|upkeep
|turn|55
|
|t:|1665097495
|move|p1a: Articuno|Heal Bell|p1a: Articuno
|-activate|p1a: Articuno|move: Heal Bell
|-curestatus|p1: daki|tox|[msg]
|move|p2a: Slowking|Scald|p1a: Articuno
|-damage|p1a: Articuno|71/100
|
|-heal|p2a: Slowking|76/100 brn|[from] item: Leftovers
|-damage|p2a: Slowking|70/100 brn|[from] brn
|upkeep
|turn|56
|
|t:|1665097510
|move|p1a: Articuno|Freeze-Dry|p2a: Slowking
|-supereffective|p2a: Slowking
|-damage|p2a: Slowking|35/100 brn
|move|p2a: Slowking|Teleport|p2a: Slowking
|
|t:|1665097513
|switch|p2a: Regijesus|Regieleki|53/100|[from]move: Teleport
|
|upkeep
|turn|57
|
|t:|1665097518
|switch|p2a: Slowking|Slowking, F|68/100 brn
|switch|p1a: Hippowdon|Hippowdon, F|78/100
|-weather|Sandstorm|[from] ability: Sand Stream|[of] p1a: Hippowdon
|
|-weather|Sandstorm|[upkeep]
|-damage|p2a: Slowking|62/100 brn|[from] Sandstorm
|-heal|p2a: Slowking|68/100 brn|[from] item: Leftovers
|-damage|p2a: Slowking|62/100 brn|[from] brn
|upkeep
|turn|58
|
|t:|1665097528
|move|p1a: Hippowdon|Stealth Rock|p2a: Slowking
|-sidestart|p2: Liz Angeles|move: Stealth Rock
|move|p2a: Slowking|Scald|p1a: Hippowdon
|-supereffective|p1a: Hippowdon
|-damage|p1a: Hippowdon|31/100
|
|-weather|Sandstorm|[upkeep]
|-damage|p2a: Slowking|56/100 brn|[from] Sandstorm
|-heal|p2a: Slowking|62/100 brn|[from] item: Leftovers
|-damage|p2a: Slowking|56/100 brn|[from] brn
|upkeep
|turn|59
|
|t:|1665097546
|switch|p1a: whats a keldeo|Jellicent, F|81/100
|move|p2a: Slowking|Scald|p1a: whats a keldeo
|-heal|p1a: whats a keldeo|100/100|[from] ability: Water Absorb|[of] p2a: Slowking
|
|-weather|Sandstorm|[upkeep]
|-damage|p1a: whats a keldeo|94/100|[from] Sandstorm
|-damage|p2a: Slowking|50/100 brn|[from] Sandstorm
|-heal|p2a: Slowking|56/100 brn|[from] item: Leftovers
|-damage|p2a: Slowking|50/100 brn|[from] brn
|upkeep
|turn|60
|
|t:|1665097562
|switch|p2a: Regijesus|Regieleki|53/100
|move|p1a: whats a keldeo|Hex|p2a: Regijesus
|-damage|p2a: Regijesus|15/100
|
|-weather|Sandstorm|[upkeep]
|-damage|p2a: Regijesus|9/100|[from] Sandstorm
|-damage|p1a: whats a keldeo|88/100|[from] Sandstorm
|upkeep
|turn|61
|
|t:|1665097570
|switch|p1a: Hippowdon|Hippowdon, F|31/100
|move|p2a: Regijesus|Thunderbolt|p1a: Hippowdon
|-immune|p1a: Hippowdon
|
|-weather|none
|upkeep
|turn|62
|
|t:|1665097576
|switch|p2a: Skarmory|Skarmory, F|76/100
|-damage|p2a: Skarmory|64/100|[from] Stealth Rock
|move|p1a: Hippowdon|Slack Off|p1a: Hippowdon
|-heal|p1a: Hippowdon|81/100
|
|upkeep
|turn|63
|
|t:|1665097593
|switch|p1a: whats a keldeo|Jellicent, F|88/100
|move|p2a: Skarmory|Spikes|p1a: whats a keldeo
|-sidestart|p1: LilOu|Spikes
|
|upkeep
|turn|64
|
|t:|1665097600
|move|p1a: whats a keldeo|Taunt|p2a: Skarmory
|-start|p2a: Skarmory|move: Taunt
|cant|p2a: Skarmory|move: Taunt|Spikes
|
|upkeep
|turn|65
|
|t:|1665097606
|switch|p2a: Cobalion|Cobalion|13/100 brn
|-damage|p2a: Cobalion|9/100 brn|[from] Stealth Rock
|move|p1a: whats a keldeo|Hex|p2a: Cobalion
|-damage|p2a: Cobalion|0 fnt
|faint|p2a: Cobalion
|
|upkeep
|
|t:|1665097607
|switch|p2a: Tangrowth|Tangrowth, M|43/100 tox
|-damage|p2a: Tangrowth|31/100 tox|[from] Stealth Rock
|turn|66
|
|t:|1665097615
|switch|p2a: Zygarde|Zygarde-10%|45/100
|-damage|p2a: Zygarde|39/100|[from] Stealth Rock
|-ability|p2a: Zygarde|Aura Break
|move|p1a: whats a keldeo|Hex|p2a: Zygarde
|-damage|p2a: Zygarde|7/100
|
|upkeep
|turn|67
|-message|Liz Angeles forfeited.
|
|win|LilOu
|raw|LilOu's rating: 1387 &rarr; <strong>1411</strong><br />(+24 for winning)
|raw|Liz Angeles's rating: 1461 &rarr; <strong>1437</strong><br />(-24 for losing)
|l|☆Liz Angeles
