|raw|<div class="broadcast-blue"><strong>This battle is required to be public due to a player having a name starting with 'uult91w'.</div>
|j|☆Bad Feeling
|j|☆UULT91w udon
|t:|1651824856
|gametype|singles
|player|p1|Bad Feeling|workerice|1520
|player|p2|UULT91w udon|dawn|1610
|teamsize|p1|6
|teamsize|p2|6
|gen|8
|tier|[Gen 8] UU
|rated|
|rule|Sleep Clause Mod: Limit one foe put to sleep
|rule|Species Clause: Limit one of each Pokémon
|rule|OHKO Clause: OHKO moves are banned
|rule|Evasion Moves Clause: Evasion moves are banned
|rule|Endless Battle Clause: Forcing endless battles is banned
|rule|HP Percentage Mod: HP is shown in percentages
|rule|Dynamax Clause: You cannot dynamax
|clearpoke
|poke|p1|Magneton|
|poke|p1|Comfey, M|
|poke|p1|Decidueye, F|
|poke|p1|Skarmory, M|
|poke|p1|Swampert, M|
|poke|p1|Hydreigon, F|
|poke|p2|Togekiss, F|
|poke|p2|Slowking, M|
|poke|p2|Excadrill, M|
|poke|p2|Scizor, M|
|poke|p2|Zygarde-10%|
|poke|p2|Salamence, M|
|teampreview
|c|☆Bad Feeling|hf
|j| Takingnoteskinda
|c|☆UULT91w udon|u2
|
|t:|1651824904
|start
|switch|p1a: Swampert|Swampert, M|100/100
|switch|p2a: Togekiss|Togekiss, F|100/100
|turn|1
|
|t:|1651824911
|move|p2a: Togekiss|Air Slash|p1a: Swampert
|-damage|p1a: Swampert|62/100
|move|p1a: Swampert|Toxic|p2a: Togekiss
|-status|p2a: Togekiss|tox
|
|-heal|p1a: Swampert|68/100|[from] item: Leftovers
|-damage|p2a: Togekiss|94/100 tox|[from] psn
|upkeep
|turn|2
|
|t:|1651824918
|switch|p1a: Magneton|Magneton|100/100
|move|p2a: Togekiss|Air Slash|p1a: Magneton
|-resisted|p1a: Magneton
|-damage|p1a: Magneton|70/100
|
|-damage|p2a: Togekiss|82/100 tox|[from] psn
|upkeep
|turn|3
|
|t:|1651824922
|switch|p2a: Excadrill|Excadrill, M|100/100
|-ability|p2a: Excadrill|Mold Breaker
|move|p1a: Magneton|Flash Cannon|p2a: Excadrill
|-resisted|p2a: Excadrill
|-damage|p2a: Excadrill|61/100
|
|-heal|p2a: Excadrill|67/100|[from] item: Leftovers
|upkeep
|turn|4
|
|t:|1651824926
|switch|p1a: Skarmory|Skarmory, M|100/100
|move|p2a: Excadrill|Stealth Rock|p1a: Skarmory
|-sidestart|p1: Bad Feeling|move: Stealth Rock
|
|-heal|p2a: Excadrill|73/100|[from] item: Leftovers
|upkeep
|turn|5
|
|t:|1651824934
|switch|p2a: Togekiss|Togekiss, F|82/100 tox
|move|p1a: Skarmory|Spikes|p2a: Togekiss
|-sidestart|p2: UULT91w udon|Spikes
|
|-damage|p2a: Togekiss|76/100 tox|[from] psn
|upkeep
|turn|6
|
|t:|1651824939
|switch|p1a: Swampert|Swampert, M|68/100
|-damage|p1a: Swampert|62/100|[from] Stealth Rock
|move|p2a: Togekiss|Air Slash|p1a: Swampert
|-crit|p1a: Swampert
|-damage|p1a: Swampert|3/100
|
|-heal|p1a: Swampert|9/100|[from] item: Leftovers
|-damage|p2a: Togekiss|64/100 tox|[from] psn
|upkeep
|turn|7
|
|t:|1651824943
|switch|p1a: Magneton|Magneton|70/100
|-damage|p1a: Magneton|64/100|[from] Stealth Rock
|move|p2a: Togekiss|Air Slash|p1a: Magneton
|-resisted|p1a: Magneton
|-crit|p1a: Magneton
|-damage|p1a: Magneton|22/100
|
|-damage|p2a: Togekiss|46/100 tox|[from] psn
|upkeep
|turn|8
|c|☆Bad Feeling|ok
|
|t:|1651824954
|switch|p1a: Skarmory|Skarmory, M|100/100
|-damage|p1a: Skarmory|88/100|[from] Stealth Rock
|switch|p2a: Excadrill|Excadrill, M|73/100
|-damage|p2a: Excadrill|61/100|[from] Spikes
|-ability|p2a: Excadrill|Mold Breaker
|
|-heal|p2a: Excadrill|67/100|[from] item: Leftovers
|upkeep
|turn|9
|
|t:|1651824960
|switch|p2a: Togekiss|Togekiss, F|46/100 tox
|move|p1a: Skarmory|Body Press|p2a: Togekiss
|-resisted|p2a: Togekiss
|-damage|p2a: Togekiss|37/100 tox
|
|-damage|p2a: Togekiss|31/100 tox|[from] psn
|upkeep
|turn|10
|
|t:|1651824968
|switch|p1a: Swampert|Swampert, M|9/100
|-damage|p1a: Swampert|3/100|[from] Stealth Rock
|move|p2a: Togekiss|Air Slash|p1a: Swampert
|-damage|p1a: Swampert|0 fnt
|faint|p1a: Swampert
|
|-damage|p2a: Togekiss|19/100 tox|[from] psn
|upkeep
|
|t:|1651824978
|switch|p1a: Hydreigon|Hydreigon, F|100/100
|-damage|p1a: Hydreigon|88/100|[from] Stealth Rock
|turn|11
|
|t:|1651824983
|move|p1a: Hydreigon|Dark Pulse|p2a: Togekiss
|-resisted|p2a: Togekiss
|-damage|p2a: Togekiss|0 fnt
|faint|p2a: Togekiss
|
|upkeep
|
|t:|1651824989
|switch|p2a: Scizor|Scizor, M|100/100
|turn|12
|
|t:|1651824993
|move|p1a: Hydreigon|Dark Pulse|p2a: Scizor
|-damage|p2a: Scizor|38/100
|move|p2a: Scizor|U-turn|p1a: Hydreigon
|-supereffective|p1a: Hydreigon
|-damage|p1a: Hydreigon|23/100
|
|t:|1651825012
|switch|p2a: Zygarde|Zygarde-10%|100/100|[from]move: U-turn
|-damage|p2a: Zygarde|88/100|[from] Spikes
|-ability|p2a: Zygarde|Aura Break
|
|upkeep
|turn|13
|
|t:|1651825021
|switch|p1a: Decidueye|Decidueye, F|100/100
|-damage|p1a: Decidueye|88/100|[from] Stealth Rock
|move|p2a: Zygarde|Thousand Arrows|p1a: Decidueye
|-resisted|p1a: Decidueye
|-damage|p1a: Decidueye|43/100
|
|upkeep
|turn|14
|
|t:|1651825025
|move|p1a: Decidueye|Shadow Sneak|p2a: Zygarde
|-damage|p2a: Zygarde|43/100
|move|p2a: Zygarde|Thousand Arrows|p1a: Decidueye
|-resisted|p1a: Decidueye
|-damage|p1a: Decidueye|0 fnt
|faint|p1a: Decidueye
|
|upkeep
|
|t:|1651825028
|switch|p1a: Comfey|Comfey, M|100/100
|-damage|p1a: Comfey|88/100|[from] Stealth Rock
|turn|15
|
|t:|1651825034
|switch|p2a: Excadrill|Excadrill, M|67/100
|-damage|p2a: Excadrill|54/100|[from] Spikes
|-ability|p2a: Excadrill|Mold Breaker
|switch|p1a: Skarmory|Skarmory, M|88/100
|-damage|p1a: Skarmory|76/100|[from] Stealth Rock
|
|-heal|p2a: Excadrill|60/100|[from] item: Leftovers
|upkeep
|turn|16
|
|t:|1651825045
|switch|p2a: Salamence|Salamence, M|100/100
|-ability|p2a: Salamence|Intimidate|boost
|-unboost|p1a: Skarmory|atk|1
|move|p1a: Skarmory|Spikes|p2a: Salamence
|-sidestart|p2: UULT91w udon|Spikes
|
|upkeep
|turn|17
|
|t:|1651825050
|switch|p1a: Comfey|Comfey, M|88/100
|-damage|p1a: Comfey|75/100|[from] Stealth Rock
|move|p2a: Salamence|Defog|p1a: Comfey
|-unboost|p1a: Comfey|evasion|1
|-sideend|p1: Bad Feeling|Stealth Rock|[from] move: Defog|[of] p2a: Salamence
|-sideend|p2: UULT91w udon|Spikes|[from] move: Defog|[of] p2a: Salamence
|
|upkeep
|turn|18
|
|t:|1651825056
|switch|p2a: Scizor|Scizor, M|38/100
|move|p1a: Comfey|Draining Kiss|p2a: Scizor
|-resisted|p2a: Scizor
|-damage|p2a: Scizor|23/100
|-heal|p1a: Comfey|88/100|[from] drain|[of] p2a: Scizor
|
|upkeep
|turn|19
|
|t:|1651825059
|move|p1a: Comfey|Taunt|p2a: Scizor
|-start|p2a: Scizor|move: Taunt
|cant|p2a: Scizor|move: Taunt|Roost
|
|upkeep
|turn|20
|
|t:|1651825067
|switch|p1a: Skarmory|Skarmory, M|76/100
|move|p2a: Scizor|Knock Off|p1a: Skarmory
|-damage|p1a: Skarmory|60/100
|-damage|p2a: Scizor|7/100|[from] item: Rocky Helmet|[of] p1a: Skarmory
|-enditem|p1a: Skarmory|Rocky Helmet|[from] move: Knock Off|[of] p2a: Scizor
|
|upkeep
|turn|21
|
|t:|1651825072
|switch|p2a: Salamence|Salamence, M|100/100
|-ability|p2a: Salamence|Intimidate|boost
|-unboost|p1a: Skarmory|atk|1
|move|p1a: Skarmory|Spikes|p2a: Salamence
|-sidestart|p2: UULT91w udon|Spikes
|
|upkeep
|turn|22
|
|t:|1651825085
|switch|p1a: Comfey|Comfey, M|88/100
|move|p2a: Salamence|Flamethrower|p1a: Comfey
|-damage|p1a: Comfey|61/100
|
|upkeep
|turn|23
|
|t:|1651825096
|switch|p2a: Excadrill|Excadrill, M|60/100
|-damage|p2a: Excadrill|48/100|[from] Spikes
|-ability|p2a: Excadrill|Mold Breaker
|move|p1a: Comfey|Draining Kiss|p2a: Excadrill
|-resisted|p2a: Excadrill
|-damage|p2a: Excadrill|31/100
|-heal|p1a: Comfey|76/100|[from] drain|[of] p2a: Excadrill
|
|-heal|p2a: Excadrill|37/100|[from] item: Leftovers
|upkeep
|turn|24
|
|t:|1651825103
|switch|p1a: Skarmory|Skarmory, M|60/100
|move|p2a: Excadrill|Stealth Rock|p1a: Skarmory
|-sidestart|p1: Bad Feeling|move: Stealth Rock
|
|-heal|p2a: Excadrill|43/100|[from] item: Leftovers
|upkeep
|turn|25
|
|t:|1651825111
|move|p2a: Excadrill|Rapid Spin|p1a: Skarmory
|-resisted|p1a: Skarmory
|-damage|p1a: Skarmory|55/100
|-boost|p2a: Excadrill|spe|1
|-sideend|p2: UULT91w udon|Spikes|[from] move: Rapid Spin|[of] p2a: Excadrill
|move|p1a: Skarmory|Spikes|p2a: Excadrill
|-sidestart|p2: UULT91w udon|Spikes
|
|-heal|p2a: Excadrill|50/100|[from] item: Leftovers
|upkeep
|turn|26
|
|t:|1651825116
|move|p2a: Excadrill|Rapid Spin|p1a: Skarmory
|-resisted|p1a: Skarmory
|-damage|p1a: Skarmory|49/100
|-boost|p2a: Excadrill|spe|1
|-sideend|p2: UULT91w udon|Spikes|[from] move: Rapid Spin|[of] p2a: Excadrill
|move|p1a: Skarmory|Body Press|p2a: Excadrill
|-supereffective|p2a: Excadrill
|-damage|p2a: Excadrill|0 fnt
|faint|p2a: Excadrill
|
|upkeep
|
|t:|1651825122
|switch|p2a: Salamence|Salamence, M|100/100
|-ability|p2a: Salamence|Intimidate|boost
|-unboost|p1a: Skarmory|atk|1
|turn|27
|
|t:|1651825136
|move|p2a: Salamence|Flamethrower|p1a: Skarmory
|-supereffective|p1a: Skarmory
|-damage|p1a: Skarmory|0 fnt
|faint|p1a: Skarmory
|
|upkeep
|
|t:|1651825138
|switch|p1a: Comfey|Comfey, M|76/100
|-damage|p1a: Comfey|64/100|[from] Stealth Rock
|turn|28
|
|t:|1651825142
|move|p2a: Salamence|Flamethrower|p1a: Comfey
|-damage|p1a: Comfey|34/100
|move|p1a: Comfey|Calm Mind|p1a: Comfey
|-boost|p1a: Comfey|spa|1
|-boost|p1a: Comfey|spd|1
|
|upkeep
|turn|29
|
|t:|1651825149
|switch|p2a: Scizor|Scizor, M|7/100
|move|p1a: Comfey|Synthesis|p1a: Comfey
|-heal|p1a: Comfey|84/100
|
|upkeep
|turn|30
|
|t:|1651825152
|move|p1a: Comfey|Draining Kiss|p2a: Scizor
|-resisted|p2a: Scizor
|-damage|p2a: Scizor|0 fnt
|-heal|p1a: Comfey|90/100|[from] drain|[of] p2a: Scizor
|faint|p2a: Scizor
|
|upkeep
|
|t:|1651825155
|switch|p2a: Zygarde|Zygarde-10%|43/100
|-ability|p2a: Zygarde|Aura Break
|turn|31
|
|t:|1651825157
|move|p1a: Comfey|Draining Kiss|p2a: Zygarde
|-supereffective|p2a: Zygarde
|-damage|p2a: Zygarde|0 fnt
|-heal|p1a: Comfey|100/100|[from] drain|[of] p2a: Zygarde
|faint|p2a: Zygarde
|
|upkeep
|-message|UULT91w udon forfeited.
|
|win|Bad Feeling
|raw|Bad Feeling's rating: 1520 &rarr; <strong>1545</strong><br />(+25 for winning)
|raw|UULT91w udon's rating: 1610 &rarr; <strong>1585</strong><br />(-25 for losing)
|l|☆UULT91w udon
