|j|☆Shades438
|j|☆kulebeans
|t:|1662310365
|gametype|singles
|player|p1|Shades438|brendan-gen3rs|1354
|player|p2|kulebeans|nate|1279
|teamsize|p1|6
|teamsize|p2|6
|gen|8
|tier|[Gen 8] UU
|rated|
|rule|Sleep Clause Mod: Limit one foe put to sleep
|rule|Species Clause: Limit one of each Pokémon
|rule|OHKO Clause: OHKO moves are banned
|rule|Evasion Items Clause: Evasion items are banned
|rule|Evasion Moves Clause: Evasion moves are banned
|rule|Endless Battle Clause: Forcing endless battles is banned
|rule|HP Percentage Mod: HP is shown in percentages
|rule|Dynamax Clause: You cannot dynamax
|clearpoke
|poke|p1|Politoed, F|
|poke|p1|Kingdra, M|
|poke|p1|Azumarill, M|
|poke|p1|Tornadus, M|
|poke|p1|Salamence, M|
|poke|p1|Chansey, F|
|poke|p2|Rotom-Heat|
|poke|p2|Crawdaunt, F|
|poke|p2|Darmanitan, F|
|poke|p2|Moltres|
|poke|p2|Torkoal, F|
|poke|p2|Venusaur, M|
|teampreview
|
|t:|1662310375
|start
|switch|p1a: Politoed|Politoed, F|100/100
|switch|p2a: Venusaur|Venusaur, M|100/100
|-weather|RainDance|[from] ability: Drizzle|[of] p1a: Politoed
|turn|1
|inactive|Battle timer is ON: inactive players will automatically lose when time's up. (requested by kulebeans)
|
|t:|1662310391
|switch|p1a: Salamence|Salamence, M|100/100
|-ability|p1a: Salamence|Intimidate|boost
|-unboost|p2a: Venusaur|atk|1
|move|p2a: Venusaur|Giga Drain|p1a: Salamence
|-resisted|p1a: Salamence
|-damage|p1a: Salamence|88/100
|-damage|p2a: Venusaur|91/100|[from] item: Life Orb
|
|-weather|RainDance|[upkeep]
|upkeep
|turn|2
|
|t:|1662310401
|switch|p2a: Torkoal|Torkoal, F|100/100
|-weather|SunnyDay|[from] ability: Drought|[of] p2a: Torkoal
|move|p1a: Salamence|Hurricane|p2a: Torkoal
|-damage|p2a: Torkoal|45/100
|
|-weather|SunnyDay|[upkeep]
|upkeep
|turn|3
|
|t:|1662310410
|switch|p2a: Crawdaunt|Crawdaunt, F|100/100
|move|p1a: Salamence|Draco Meteor|p2a: Crawdaunt|[miss]
|-miss|p1a: Salamence|p2a: Crawdaunt
|
|-weather|SunnyDay|[upkeep]
|upkeep
|turn|4
|
|t:|1662310427
|move|p1a: Salamence|Draco Meteor|p2a: Crawdaunt|[miss]
|-miss|p1a: Salamence|p2a: Crawdaunt
|move|p2a: Crawdaunt|Knock Off|p1a: Salamence
|-damage|p1a: Salamence|0 fnt
|-enditem|p1a: Salamence|Heavy-Duty Boots|[from] move: Knock Off|[of] p2a: Crawdaunt
|faint|p1a: Salamence
|
|-weather|SunnyDay|[upkeep]
|upkeep
|
|t:|1662310438
|switch|p1a: Politoed|Politoed, F|100/100
|-weather|RainDance|[from] ability: Drizzle|[of] p1a: Politoed
|turn|5
|
|t:|1662310453
|switch|p1a: Chansey|Chansey, F|100/100
|move|p2a: Crawdaunt|Knock Off|p1a: Chansey
|-damage|p1a: Chansey|32/100
|-enditem|p1a: Chansey|Eviolite|[from] move: Knock Off|[of] p2a: Crawdaunt
|
|-weather|RainDance|[upkeep]
|upkeep
|turn|6
|
|t:|1662310460
|move|p2a: Crawdaunt|Knock Off|p1a: Chansey
|-damage|p1a: Chansey|0 fnt
|faint|p1a: Chansey
|
|-weather|RainDance|[upkeep]
|upkeep
|
|t:|1662310466
|switch|p1a: Kingdra|Kingdra, M|100/100
|turn|7
|
|t:|1662310475
|move|p1a: Kingdra|Draco Meteor|p2a: Crawdaunt
|-damage|p2a: Crawdaunt|0 fnt
|-unboost|p1a: Kingdra|spa|2
|faint|p2a: Crawdaunt
|
|-weather|RainDance|[upkeep]
|upkeep
|
|t:|1662310481
|switch|p2a: Torkoal|Torkoal, F|45/100
|-weather|SunnyDay|[from] ability: Drought|[of] p2a: Torkoal
|turn|8
|
|t:|1662310487
|switch|p2a: Venusaur|Venusaur, M|91/100
|move|p1a: Kingdra|Draco Meteor|p2a: Venusaur
|-damage|p2a: Venusaur|38/100
|-unboost|p1a: Kingdra|spa|2
|
|-weather|SunnyDay|[upkeep]
|upkeep
|turn|9
|
|t:|1662310504
|switch|p1a: Politoed|Politoed, F|100/100
|-weather|RainDance|[from] ability: Drizzle|[of] p1a: Politoed
|move|p2a: Venusaur|Giga Drain|p1a: Politoed
|-supereffective|p1a: Politoed
|-damage|p1a: Politoed|12/100
|-heal|p2a: Venusaur|94/100|[from] drain|[of] p1a: Politoed
|-damage|p2a: Venusaur|84/100|[from] item: Life Orb
|
|-weather|RainDance|[upkeep]
|upkeep
|turn|10
|
|t:|1662310516
|switch|p1a: Tornadus|Tornadus, M|100/100
|move|p2a: Venusaur|Sludge Bomb|p1a: Tornadus
|-damage|p1a: Tornadus|31/100
|-damage|p2a: Venusaur|74/100|[from] item: Life Orb
|
|-weather|RainDance|[upkeep]
|upkeep
|turn|11
|
|t:|1662310525
|switch|p2a: Rotom|Rotom-Heat|100/100
|move|p1a: Tornadus|Hurricane|p2a: Rotom
|-resisted|p2a: Rotom
|-damage|p2a: Rotom|55/100
|
|-weather|RainDance|[upkeep]
|upkeep
|turn|12
|
|t:|1662310532
|switch|p1a: Kingdra|Kingdra, M|100/100
|move|p2a: Rotom|Volt Switch|p1a: Kingdra
|-damage|p1a: Kingdra|70/100
|
|t:|1662310537
|switch|p2a: Torkoal|Torkoal, F|45/100|[from]move: Volt Switch
|-weather|SunnyDay|[from] ability: Drought|[of] p2a: Torkoal
|
|-weather|SunnyDay|[upkeep]
|upkeep
|turn|13
|
|t:|1662310545
|switch|p2a: Moltres|Moltres|100/100
|move|p1a: Kingdra|Draco Meteor|p2a: Moltres
|-damage|p2a: Moltres|0 fnt
|-unboost|p1a: Kingdra|spa|2
|faint|p2a: Moltres
|
|-weather|SunnyDay|[upkeep]
|upkeep
|
|t:|1662310552
|switch|p2a: Venusaur|Venusaur, M|74/100
|turn|14
|
|t:|1662310561
|switch|p1a: Politoed|Politoed, F|12/100
|-weather|RainDance|[from] ability: Drizzle|[of] p1a: Politoed
|move|p2a: Venusaur|Growth|p2a: Venusaur
|-boost|p2a: Venusaur|atk|1
|-boost|p2a: Venusaur|spa|1
|
|-weather|RainDance|[upkeep]
|upkeep
|turn|15
|inactive|Shades438 has 120 seconds left.
|
|t:|1662310621
|switch|p1a: Tornadus|Tornadus, M|31/100
|move|p2a: Venusaur|Sludge Bomb|p1a: Tornadus
|-damage|p1a: Tornadus|0 fnt
|faint|p1a: Tornadus
|-damage|p2a: Venusaur|64/100|[from] item: Life Orb
|
|-weather|RainDance|[upkeep]
|upkeep
|inactive|Shades438 has 90 seconds left.
|
|t:|1662310632
|switch|p1a: Kingdra|Kingdra, M|70/100
|turn|16
|inactive|Shades438 has 90 seconds left.
|
|t:|1662310659
|switch|p2a: Rotom|Rotom-Heat|55/100
|move|p1a: Kingdra|Hurricane|p2a: Rotom
|-resisted|p2a: Rotom
|-damage|p2a: Rotom|28/100
|
|-weather|RainDance|[upkeep]
|upkeep
|turn|17
|
|t:|1662310666
|move|p1a: Kingdra|Hurricane|p2a: Rotom
|-resisted|p2a: Rotom
|-damage|p2a: Rotom|3/100
|move|p2a: Rotom|Pain Split|p1a: Kingdra
|-sethp|p1a: Kingdra|37/100|[from] move: Pain Split|[silent]
|-sethp|p2a: Rotom|35/100|[from] move: Pain Split
|
|-weather|RainDance|[upkeep]
|upkeep
|turn|18
|inactive|Shades438 has 90 seconds left.
|
|t:|1662310675
|move|p1a: Kingdra|Hurricane|p2a: Rotom
|-resisted|p2a: Rotom
|-crit|p2a: Rotom
|-damage|p2a: Rotom|0 fnt
|faint|p2a: Rotom
|
|-weather|RainDance|[upkeep]
|upkeep
|
|t:|1662310681
|switch|p2a: Torkoal|Torkoal, F|45/100
|-weather|SunnyDay|[from] ability: Drought|[of] p2a: Torkoal
|turn|19
|
|t:|1662310687
|move|p1a: Kingdra|Hurricane|p2a: Torkoal
|-damage|p2a: Torkoal|0 fnt
|faint|p2a: Torkoal
|
|-weather|SunnyDay|[upkeep]
|upkeep
|c|☆Shades438|gg
|
|t:|1662310691
|switch|p2a: Venusaur|Venusaur, M|64/100
|turn|20
|
|t:|1662310695
|switch|p1a: Politoed|Politoed, F|12/100
|-weather|RainDance|[from] ability: Drizzle|[of] p1a: Politoed
|move|p2a: Venusaur|Giga Drain|p1a: Politoed
|-supereffective|p1a: Politoed
|-damage|p1a: Politoed|0 fnt
|-heal|p2a: Venusaur|72/100|[from] drain|[of] p1a: Politoed
|faint|p1a: Politoed
|-damage|p2a: Venusaur|62/100|[from] item: Life Orb
|
|-weather|RainDance|[upkeep]
|upkeep
|inactive|Shades438 has 120 seconds left.
|
|t:|1662310702
|switch|p1a: Kingdra|Kingdra, M|37/100
|turn|21
|
|t:|1662310709
|switch|p2a: Darmanitan|Darmanitan, F|100/100
|move|p1a: Kingdra|Hurricane|p2a: Darmanitan
|-damage|p2a: Darmanitan|26/100
|-start|p2a: Darmanitan|confusion
|
|-weather|RainDance|[upkeep]
|upkeep
|turn|22
|
|t:|1662310717
|move|p1a: Kingdra|Hurricane|p2a: Darmanitan
|-damage|p2a: Darmanitan|0 fnt
|faint|p2a: Darmanitan
|
|-weather|RainDance|[upkeep]
|upkeep
|
|t:|1662310722
|switch|p2a: Venusaur|Venusaur, M|62/100
|turn|23
|
|t:|1662310725
|move|p1a: Kingdra|Hurricane|p2a: Venusaur
|-supereffective|p2a: Venusaur
|-damage|p2a: Venusaur|0 fnt
|faint|p2a: Venusaur
|
|win|Shades438
|raw|Shades438's rating: 1354 &rarr; <strong>1370</strong><br />(+16 for winning)
|raw|kulebeans's rating: 1279 &rarr; <strong>1259</strong><br />(-20 for losing)
|l|☆kulebeans
