|j|☆d01ph1ne
|j|☆alphasecrettesting
|t:|1665183388
|gametype|singles
|player|p1|d01ph1ne|170|1509
|player|p2|alphasecrettesting|erika-gen2|1378
|teamsize|p1|6
|teamsize|p2|6
|gen|8
|tier|[Gen 8] UU
|rated|
|rule|Sleep Clause Mod: Limit one foe put to sleep
|rule|Species Clause: Limit one of each Pokémon
|rule|OHKO Clause: OHKO moves are banned
|rule|Evasion Items Clause: Evasion items are banned
|rule|Evasion Moves Clause: Evasion moves are banned
|rule|Endless Battle Clause: Forcing endless battles is banned
|rule|HP Percentage Mod: HP is shown in percentages
|rule|Dynamax Clause: You cannot dynamax
|clearpoke
|poke|p1|Scizor, F|
|poke|p1|Hydreigon, M|
|poke|p1|Thundurus-Therian, M|
|poke|p1|Starmie|
|poke|p1|Hippowdon, F|
|poke|p1|Amoonguss, M|
|poke|p2|Vanilluxe, F|
|poke|p2|Cobalion|
|poke|p2|Rotom-Wash|
|poke|p2|Zarude|
|poke|p2|Hatterene, F|
|poke|p2|Flygon, F|
|teampreview
|
|t:|1665183396
|start
|switch|p1a: Scizor|Scizor, F|100/100
|switch|p2a: Flygon|Flygon, F|100/100
|turn|1
|
|t:|1665183406
|move|p2a: Flygon|Fire Punch|p1a: Scizor
|-supereffective|p1a: Scizor
|-damage|p1a: Scizor|9/100
|move|p1a: Scizor|Knock Off|p2a: Flygon
|-damage|p2a: Flygon|50/100
|-enditem|p2a: Flygon|Choice Scarf|[from] move: Knock Off|[of] p1a: Scizor
|
|upkeep
|turn|2
|
|t:|1665183413
|switch|p1a: Amoonguss|Amoonguss, M|100/100
|move|p2a: Flygon|U-turn|p1a: Amoonguss
|-damage|p1a: Amoonguss|83/100
|-damage|p2a: Flygon|33/100|[from] item: Rocky Helmet|[of] p1a: Amoonguss
|
|t:|1665183416
|switch|p2a: Vanilluxe|Vanilluxe, F|100/100|[from]move: U-turn
|-weather|Hail|[from] ability: Snow Warning|[of] p2a: Vanilluxe
|
|-weather|Hail|[upkeep]
|-damage|p1a: Amoonguss|77/100|[from] Hail
|upkeep
|turn|3
|
|t:|1665183446
|switch|p1a: Scizor|Scizor, F|9/100
|move|p2a: Vanilluxe|Freeze-Dry|p1a: Scizor
|-resisted|p1a: Scizor
|-damage|p1a: Scizor|0 fnt
|faint|p1a: Scizor
|
|-weather|Hail|[upkeep]
|upkeep
|
|t:|1665183452
|switch|p1a: Thundurus|Thundurus-Therian, M|100/100
|turn|4
|
|t:|1665183458
|switch|p2a: Flygon|Flygon, F|33/100
|move|p1a: Thundurus|Focus Blast|p2a: Flygon|[miss]
|-miss|p1a: Thundurus|p2a: Flygon
|
|-weather|Hail|[upkeep]
|-damage|p1a: Thundurus|94/100|[from] Hail
|-damage|p2a: Flygon|27/100|[from] Hail
|upkeep
|turn|5
|
|t:|1665183467
|move|p1a: Thundurus|Psychic|p2a: Flygon
|-damage|p2a: Flygon|0 fnt
|faint|p2a: Flygon
|
|-weather|Hail|[upkeep]
|-damage|p1a: Thundurus|88/100|[from] Hail
|upkeep
|
|t:|1665183470
|switch|p2a: Zarude|Zarude|100/100
|turn|6
|
|t:|1665183477
|switch|p1a: Amoonguss|Amoonguss, M|100/100
|move|p2a: Zarude|U-turn|p1a: Amoonguss
|-damage|p1a: Amoonguss|82/100
|-damage|p2a: Zarude|84/100|[from] item: Rocky Helmet|[of] p1a: Amoonguss
|
|t:|1665183479
|switch|p2a: Vanilluxe|Vanilluxe, F|100/100|[from]move: U-turn
|
|-weather|none
|upkeep
|turn|7
|
|t:|1665183486
|switch|p1a: Starmie|Starmie|100/100
|move|p2a: Vanilluxe|Freeze-Dry|p1a: Starmie
|-supereffective|p1a: Starmie
|-damage|p1a: Starmie|0 fnt
|faint|p1a: Starmie
|
|upkeep
|
|t:|1665183491
|switch|p1a: Thundurus|Thundurus-Therian, M|88/100
|turn|8
|
|t:|1665183499
|switch|p2a: Rotom|Rotom-Wash|100/100
|move|p1a: Thundurus|Volt Switch|p2a: Rotom
|-damage|p2a: Rotom|56/100
|
|t:|1665183502
|switch|p1a: Hydreigon|Hydreigon, M|100/100|[from]move: Volt Switch
|
|-heal|p2a: Rotom|62/100|[from] item: Leftovers
|upkeep
|turn|9
|
|t:|1665183509
|move|p1a: Hydreigon|U-turn|p2a: Rotom
|-damage|p2a: Rotom|47/100
|
|t:|1665183511
|switch|p1a: Thundurus|Thundurus-Therian, M|88/100|[from]move: U-turn
|move|p2a: Rotom|Pain Split|p1a: Thundurus
|-sethp|p1a: Thundurus|68/100|[from] move: Pain Split|[silent]
|-sethp|p2a: Rotom|67/100|[from] move: Pain Split
|
|-heal|p2a: Rotom|73/100|[from] item: Leftovers
|upkeep
|turn|10
|
|t:|1665183515
|move|p1a: Thundurus|Volt Switch|p2a: Rotom
|-damage|p2a: Rotom|34/100
|
|t:|1665183517
|switch|p1a: Hydreigon|Hydreigon, M|100/100|[from]move: Volt Switch
|move|p2a: Rotom|Hydro Pump|p1a: Hydreigon
|-resisted|p1a: Hydreigon
|-damage|p1a: Hydreigon|78/100
|
|-heal|p2a: Rotom|40/100|[from] item: Leftovers
|upkeep
|turn|11
|
|t:|1665183521
|move|p1a: Hydreigon|Dark Pulse|p2a: Rotom
|-damage|p2a: Rotom|0 fnt
|faint|p2a: Rotom
|
|upkeep
|
|t:|1665183529
|switch|p2a: Hatterene|Hatterene, F|100/100
|turn|12
|
|t:|1665183534
|switch|p1a: Amoonguss|Amoonguss, M|100/100
|move|p2a: Hatterene|Calm Mind|p2a: Hatterene
|-boost|p2a: Hatterene|spa|1
|-boost|p2a: Hatterene|spd|1
|
|upkeep
|turn|13
|
|t:|1665183540
|move|p2a: Hatterene|Mystical Fire|p1a: Amoonguss
|-supereffective|p1a: Amoonguss
|-damage|p1a: Amoonguss|42/100
|-unboost|p1a: Amoonguss|spa|1
|move|p1a: Amoonguss|Sludge Bomb|p2a: Hatterene
|-supereffective|p2a: Hatterene
|-damage|p2a: Hatterene|73/100
|
|-heal|p2a: Hatterene|79/100|[from] item: Leftovers
|upkeep
|turn|14
|
|t:|1665183546
|switch|p1a: Hydreigon|Hydreigon, M|78/100
|move|p2a: Hatterene|Mystical Fire|p1a: Hydreigon
|-resisted|p1a: Hydreigon
|-damage|p1a: Hydreigon|60/100
|-unboost|p1a: Hydreigon|spa|1
|
|-heal|p2a: Hatterene|85/100|[from] item: Leftovers
|upkeep
|turn|15
|
|t:|1665183550
|move|p1a: Hydreigon|U-turn|p2a: Hatterene
|-damage|p2a: Hatterene|72/100
|
|t:|1665183552
|switch|p1a: Hippowdon|Hippowdon, F|100/100|[from]move: U-turn
|-weather|Sandstorm|[from] ability: Sand Stream|[of] p1a: Hippowdon
|move|p2a: Hatterene|Draining Kiss|p1a: Hippowdon
|-damage|p1a: Hippowdon|73/100
|-heal|p2a: Hatterene|99/100|[from] drain|[of] p1a: Hippowdon
|
|-weather|Sandstorm|[upkeep]
|-damage|p2a: Hatterene|93/100|[from] Sandstorm
|-heal|p1a: Hippowdon|80/100|[from] item: Leftovers
|-heal|p2a: Hatterene|99/100|[from] item: Leftovers
|upkeep
|turn|16
|
|t:|1665183555
|move|p1a: Hippowdon|Earthquake|p2a: Hatterene
|-damage|p2a: Hatterene|67/100
|move|p2a: Hatterene|Calm Mind|p2a: Hatterene
|-boost|p2a: Hatterene|spa|1
|-boost|p2a: Hatterene|spd|1
|
|-weather|Sandstorm|[upkeep]
|-damage|p2a: Hatterene|61/100|[from] Sandstorm
|-heal|p1a: Hippowdon|86/100|[from] item: Leftovers
|-heal|p2a: Hatterene|67/100|[from] item: Leftovers
|upkeep
|turn|17
|
|t:|1665183560
|move|p1a: Hippowdon|Earthquake|p2a: Hatterene
|-damage|p2a: Hatterene|37/100
|move|p2a: Hatterene|Draining Kiss|p1a: Hippowdon
|-damage|p1a: Hippowdon|51/100
|-heal|p2a: Hatterene|71/100|[from] drain|[of] p1a: Hippowdon
|
|-weather|Sandstorm|[upkeep]
|-damage|p2a: Hatterene|65/100|[from] Sandstorm
|-heal|p1a: Hippowdon|57/100|[from] item: Leftovers
|-heal|p2a: Hatterene|71/100|[from] item: Leftovers
|upkeep
|turn|18
|
|t:|1665183566
|switch|p1a: Amoonguss|Amoonguss, M|75/100
|move|p2a: Hatterene|Draining Kiss|p1a: Amoonguss
|-resisted|p1a: Amoonguss
|-damage|p1a: Amoonguss|56/100
|-heal|p2a: Hatterene|91/100|[from] drain|[of] p1a: Amoonguss
|-damage|p2a: Hatterene|74/100|[from] item: Rocky Helmet|[of] p1a: Amoonguss
|
|-weather|Sandstorm|[upkeep]
|-damage|p2a: Hatterene|68/100|[from] Sandstorm
|-damage|p1a: Amoonguss|50/100|[from] Sandstorm
|-heal|p2a: Hatterene|74/100|[from] item: Leftovers
|upkeep
|turn|19
|
|t:|1665183570
|move|p2a: Hatterene|Mystical Fire|p1a: Amoonguss
|-supereffective|p1a: Amoonguss
|-damage|p1a: Amoonguss|0 fnt
|faint|p1a: Amoonguss
|
|-weather|none
|-heal|p2a: Hatterene|80/100|[from] item: Leftovers
|upkeep
|
|t:|1665183572
|switch|p1a: Hydreigon|Hydreigon, M|60/100
|turn|20
|
|t:|1665183574
|move|p1a: Hydreigon|Dark Pulse|p2a: Hatterene
|-damage|p2a: Hatterene|56/100
|move|p2a: Hatterene|Draining Kiss|p1a: Hydreigon
|-supereffective|p1a: Hydreigon
|-damage|p1a: Hydreigon|0 fnt
|-heal|p2a: Hatterene|100/100|[from] drain|[of] p1a: Hydreigon
|faint|p1a: Hydreigon
|
|upkeep
|-message|d01ph1ne forfeited.
|
|win|alphasecrettesting
|raw|d01ph1ne's rating: 1528 &rarr; <strong>1500</strong><br />(-28 for losing)
|raw|alphasecrettesting's rating: 1378 &rarr; <strong>1406</strong><br />(+28 for winning)
|l|☆d01ph1ne
||Ladder isn't responding, score probably updated but might not have (Request timeout).
