|j|☆theidkshow
|j|☆Fousfull
|t:|1664315438
|gametype|singles
|player|p1|theidkshow|unknown|1420
|player|p2|Fousfull|blackbelt-gen4|1653
|teamsize|p1|6
|teamsize|p2|6
|gen|8
|tier|[Gen 8] UU
|rated|
|rule|Sleep Clause Mod: Limit one foe put to sleep
|rule|Species Clause: Limit one of each Pokémon
|rule|OHKO Clause: OHKO moves are banned
|rule|Evasion Items Clause: Evasion items are banned
|rule|Evasion Moves Clause: Evasion moves are banned
|rule|Endless Battle Clause: Forcing endless battles is banned
|rule|HP Percentage Mod: HP is shown in percentages
|rule|Dynamax Clause: You cannot dynamax
|clearpoke
|poke|p1|Obstagoon, M|
|poke|p1|Scolipede, M|
|poke|p1|Mamoswine, F|
|poke|p1|Azelf|
|poke|p1|Rotom-Wash|
|poke|p1|Celesteela|
|poke|p2|Chansey, F|
|poke|p2|Nidoqueen, F|
|poke|p2|Conkeldurr, F|
|poke|p2|Scizor, F|
|poke|p2|Zarude|
|poke|p2|Salamence, M|
|teampreview
|
|t:|1664315458
|start
|switch|p1a: Scolipede|Scolipede, M|100/100
|switch|p2a: Zarude|Zarude|100/100
|turn|1
|j| pikachumederic
|
|t:|1664315481
|move|p2a: Zarude|U-turn|p1a: Scolipede
|-resisted|p1a: Scolipede
|-damage|p1a: Scolipede|85/100
|
|t:|1664315483
|switch|p2a: Scizor|Scizor, F|100/100|[from]move: U-turn
|move|p1a: Scolipede|Spikes|p2a: Scizor
|-sidestart|p2: Fousfull|Spikes
|
|-ability|p1a: Scolipede|Speed Boost|boost
|-boost|p1a: Scolipede|spe|1
|upkeep
|turn|2
|
|t:|1664315514
|switch|p1a: Celesteela|Celesteela|100/100
|move|p2a: Scizor|Knock Off|p1a: Celesteela
|-damage|p1a: Celesteela|67/100
|-enditem|p1a: Celesteela|Power Herb|[from] move: Knock Off|[of] p2a: Scizor
|
|upkeep
|turn|3
|
|t:|1664315544
|switch|p2a: Chansey|Chansey, F|100/100
|-damage|p2a: Chansey|88/100|[from] Spikes
|move|p1a: Celesteela|Fire Blast|p2a: Chansey
|-damage|p2a: Chansey|77/100
|
|upkeep
|turn|4
|
|t:|1664315556
|switch|p1a: Scolipede|Scolipede, M|85/100
|move|p2a: Chansey|Seismic Toss|p1a: Scolipede
|-damage|p1a: Scolipede|47/100
|
|upkeep
|turn|5
|
|t:|1664315580
|switch|p2a: Scizor|Scizor, F|100/100
|move|p1a: Scolipede|Endeavor|p2a: Scizor
|-damage|p2a: Scizor|36/100
|
|-ability|p1a: Scolipede|Speed Boost|boost
|-boost|p1a: Scolipede|spe|1
|upkeep
|turn|6
|
|t:|1664315588
|switch|p1a: Celesteela|Celesteela|67/100
|move|p2a: Scizor|Roost|p2a: Scizor
|-heal|p2a: Scizor|86/100
|-singleturn|p2a: Scizor|move: Roost
|
|upkeep
|turn|7
|
|t:|1664315595
|switch|p2a: Chansey|Chansey, F|77/100
|-damage|p2a: Chansey|65/100|[from] Spikes
|move|p1a: Celesteela|Fire Blast|p2a: Chansey
|-damage|p2a: Chansey|52/100
|
|upkeep
|turn|8
|
|t:|1664315608
|switch|p1a: Obstagoon|Obstagoon, M|100/100
|move|p2a: Chansey|Thunder Wave|p1a: Obstagoon
|-status|p1a: Obstagoon|par
|
|upkeep
|turn|9
|
|t:|1664315617
|switch|p2a: Salamence|Salamence, M|100/100
|-ability|p2a: Salamence|Intimidate|boost
|-unboost|p1a: Obstagoon|atk|1
|move|p1a: Obstagoon|Knock Off|p2a: Salamence
|-damage|p2a: Salamence|67/100
|-enditem|p2a: Salamence|Heavy-Duty Boots|[from] move: Knock Off|[of] p1a: Obstagoon
|
|upkeep
|turn|10
|
|t:|1664315629
|switch|p1a: Celesteela|Celesteela|67/100
|move|p2a: Salamence|Dual Wingbeat|p1a: Celesteela
|-resisted|p1a: Celesteela
|-damage|p1a: Celesteela|58/100
|-resisted|p1a: Celesteela
|-damage|p1a: Celesteela|50/100
|-hitcount|p1a: Celesteela|2
|
|upkeep
|turn|11
|
|t:|1664315642
|move|p2a: Salamence|Flamethrower|p1a: Celesteela
|-supereffective|p1a: Celesteela
|-damage|p1a: Celesteela|6/100
|move|p1a: Celesteela|Air Slash|p2a: Salamence
|-damage|p2a: Salamence|27/100
|
|upkeep
|turn|12
|
|t:|1664315655
|move|p2a: Salamence|Roost|p2a: Salamence
|-heal|p2a: Salamence|77/100
|-singleturn|p2a: Salamence|move: Roost
|move|p1a: Celesteela|Autotomize|p1a: Celesteela
|-boost|p1a: Celesteela|spe|2
|-start|p1a: Celesteela|Autotomize
|
|upkeep
|turn|13
|
|t:|1664315660
|switch|p2a: Scizor|Scizor, F|86/100
|move|p1a: Celesteela|Air Slash|p2a: Scizor
|-damage|p2a: Scizor|45/100
|
|upkeep
|turn|14
|
|t:|1664315688
|move|p2a: Scizor|Bullet Punch|p1a: Celesteela
|-resisted|p1a: Celesteela
|-damage|p1a: Celesteela|0 fnt
|faint|p1a: Celesteela
|
|upkeep
|
|t:|1664315691
|switch|p1a: Azelf|Azelf|100/100
|turn|15
|
|t:|1664315711
|move|p2a: Scizor|Bullet Punch|p1a: Azelf
|-damage|p1a: Azelf|56/100
|move|p1a: Azelf|Fire Blast|p2a: Scizor
|-supereffective|p2a: Scizor
|-damage|p2a: Scizor|0 fnt
|faint|p2a: Scizor
|
|upkeep
|
|t:|1664315716
|switch|p2a: Zarude|Zarude|100/100
|-damage|p2a: Zarude|88/100|[from] Spikes
|turn|16
|
|t:|1664315734
|switch|p1a: Scolipede|Scolipede, M|47/100
|move|p2a: Zarude|U-turn|p1a: Scolipede
|-resisted|p1a: Scolipede
|-damage|p1a: Scolipede|32/100
|
|t:|1664315739
|switch|p2a: Salamence|Salamence, M|77/100|[from]move: U-turn
|-ability|p2a: Salamence|Intimidate|boost
|-unboost|p1a: Scolipede|atk|1
|
|upkeep
|turn|17
|
|t:|1664315757
|move|p1a: Scolipede|Spikes|p2a: Salamence
|-sidestart|p2: Fousfull|Spikes
|move|p2a: Salamence|Dual Wingbeat|p1a: Scolipede
|-supereffective|p1a: Scolipede
|-damage|p1a: Scolipede|0 fnt
|faint|p1a: Scolipede
|-hitcount|p1: Scolipede|1
|
|upkeep
|
|t:|1664315764
|switch|p1a: Mamoswine|Mamoswine, F|100/100
|turn|18
|
|t:|1664315775
|move|p1a: Mamoswine|Ice Shard|p2a: Salamence
|-supereffective|p2a: Salamence
|-damage|p2a: Salamence|0 fnt
|faint|p2a: Salamence
|-damage|p1a: Mamoswine|91/100|[from] item: Life Orb
|
|upkeep
|
|t:|1664315780
|switch|p2a: Conkeldurr|Conkeldurr, F|100/100
|-damage|p2a: Conkeldurr|84/100|[from] Spikes
|turn|19
|j| Swagmoar Esquire
|
|t:|1664315803
|move|p1a: Mamoswine|Earthquake|p2a: Conkeldurr
|-crit|p2a: Conkeldurr
|-damage|p2a: Conkeldurr|0 fnt
|faint|p2a: Conkeldurr
|-damage|p1a: Mamoswine|81/100|[from] item: Life Orb
|
|upkeep
|c|☆Fousfull|:/
|
|t:|1664315813
|switch|p2a: Zarude|Zarude|88/100
|-damage|p2a: Zarude|72/100|[from] Spikes
|turn|20
|
|t:|1664315828
|switch|p1a: Obstagoon|Obstagoon, M|100/100 par
|move|p2a: Zarude|Power Whip|p1a: Obstagoon
|-damage|p1a: Obstagoon|42/100 par
|
|upkeep
|turn|21
|l| Swagmoar Esquire
|
|t:|1664315850
|move|p2a: Zarude|Power Whip|p1a: Obstagoon
|-damage|p1a: Obstagoon|0 fnt
|faint|p1a: Obstagoon
|
|upkeep
|
|t:|1664315865
|switch|p1a: Mamoswine|Mamoswine, F|81/100
|turn|22
|
|t:|1664315868
|move|p1a: Mamoswine|Ice Shard|p2a: Zarude
|-supereffective|p2a: Zarude
|-damage|p2a: Zarude|21/100
|-damage|p1a: Mamoswine|71/100|[from] item: Life Orb
|move|p2a: Zarude|Power Whip|p1a: Mamoswine
|-supereffective|p1a: Mamoswine
|-damage|p1a: Mamoswine|0 fnt
|faint|p1a: Mamoswine
|
|upkeep
|
|t:|1664315875
|switch|p1a: Azelf|Azelf|56/100
|turn|23
|
|t:|1664315879
|move|p2a: Zarude|Power Whip|p1a: Azelf
|-damage|p1a: Azelf|0 fnt
|faint|p1a: Azelf
|
|upkeep
|
|t:|1664315881
|switch|p1a: Rotom|Rotom-Wash|100/100
|turn|24
|
|t:|1664315883
|move|p2a: Zarude|Power Whip|p1a: Rotom
|-supereffective|p1a: Rotom
|-damage|p1a: Rotom|0 fnt
|faint|p1a: Rotom
|
|win|Fousfull
|raw|theidkshow's rating: 1420 &rarr; <strong>1412</strong><br />(-8 for losing)
|raw|Fousfull's rating: 1663 &rarr; <strong>1671</strong><br />(+8 for winning)
|l|☆theidkshow
|l|☆Fousfull
