|j|☆braden13579
|j|☆Pks CliTauros
|t:|1604420248
|player|p1|braden13579|190|1467
|player|p2|Pks CliTauros|266|1400
|teamsize|p1|6
|teamsize|p2|6
|gametype|singles
|gen|8
|tier|[Gen 8] UU
|rated|
|clearpoke
|poke|p1|Volcarona, M|
|poke|p1|Azelf|
|poke|p1|Buzzwole|
|poke|p1|Tapu Lele|
|poke|p1|Dracozolt|
|poke|p1|Aegislash, M|
|poke|p2|Klefki, M|
|poke|p2|Blacephalon|
|poke|p2|Kommo-o, M|
|poke|p2|Articuno-Galar|
|poke|p2|Tapu Lele|
|poke|p2|Krookodile, M|
|rule|Sleep Clause Mod: Limit one foe put to sleep
|rule|Species Clause: Limit one of each Pokémon
|rule|OHKO Clause: OHKO moves are banned
|rule|Evasion Moves Clause: Evasion moves are banned
|rule|Endless Battle Clause: Forcing endless battles is banned
|rule|HP Percentage Mod: HP is shown in percentages
|rule|Dynamax Clause: You cannot dynamax
|teampreview
|inactive|Battle timer is ON: inactive players will automatically lose when time's up. (requested by Pks CliTauros)
|
|t:|1604420270
|start
|switch|p1a: Azelf|Azelf|100/100
|switch|p2a: Krookodile|Krookodile, M|100/100
|turn|1
|
|t:|1604420274
|move|p2a: Krookodile|Knock Off|p1a: Azelf
|-supereffective|p1a: Azelf
|-enditem|p1a: Azelf|Focus Sash
|-damage|p1a: Azelf|1/100
|move|p1a: Azelf|Taunt|p2a: Krookodile
|-start|p2a: Krookodile|move: Taunt
|
|upkeep
|turn|2
|
|t:|1604420286
|move|p2a: Krookodile|Knock Off|p1a: Azelf
|-supereffective|p1a: Azelf
|-damage|p1a: Azelf|0 fnt
|faint|p1a: Azelf
|-ability|p2a: Krookodile|Moxie|boost
|-boost|p2a: Krookodile|atk|1
|
|upkeep
|
|t:|1604420292
|switch|p1a: Buzzwole|Buzzwole|100/100
|turn|3
|
|t:|1604420295
|switch|p2a: Klefki|Klefki, M|100/100
|move|p1a: Buzzwole|Substitute|p1a: Buzzwole
|-start|p1a: Buzzwole|Substitute
|-damage|p1a: Buzzwole|76/100
|
|-heal|p1a: Buzzwole|82/100|[from] item: Leftovers
|upkeep
|turn|4
|
|t:|1604420302
|move|p2a: Klefki|Reflect|p2a: Klefki
|-sidestart|p2: Pks CliTauros|Reflect
|move|p1a: Buzzwole|Bulk Up|p1a: Buzzwole
|-boost|p1a: Buzzwole|atk|1
|-boost|p1a: Buzzwole|def|1
|
|-heal|p1a: Buzzwole|88/100|[from] item: Leftovers
|upkeep
|turn|5
|
|t:|1604420309
|switch|p2a: Tapu Lele|Tapu Lele|100/100
|-fieldstart|move: Psychic Terrain|[from] ability: Psychic Surge|[of] p2a: Tapu Lele
|move|p1a: Buzzwole|Bulk Up|p1a: Buzzwole
|-boost|p1a: Buzzwole|atk|1
|-boost|p1a: Buzzwole|def|1
|
|-heal|p1a: Buzzwole|94/100|[from] item: Leftovers
|upkeep
|turn|6
|
|t:|1604420317
|move|p2a: Tapu Lele|Moonblast|p1a: Buzzwole
|-supereffective|p1a: Buzzwole
|-end|p1a: Buzzwole|Substitute
|move|p1a: Buzzwole|Darkest Lariat|p2a: Tapu Lele
|-damage|p2a: Tapu Lele|59/100
|
|-heal|p1a: Buzzwole|100/100|[from] item: Leftovers
|upkeep
|turn|7
|
|t:|1604420325
|switch|p1a: Volcarona|Volcarona, M|100/100
|move|p2a: Tapu Lele|Moonblast|p1a: Volcarona
|-resisted|p1a: Volcarona
|-damage|p1a: Volcarona|77/100
|
|upkeep
|turn|8
|
|t:|1604420330
|switch|p2a: Klefki|Klefki, M|100/100
|move|p1a: Volcarona|Quiver Dance|p1a: Volcarona
|-boost|p1a: Volcarona|spa|1
|-boost|p1a: Volcarona|spd|1
|-boost|p1a: Volcarona|spe|1
|
|upkeep
|turn|9
|
|t:|1604420336
|move|p2a: Klefki|Light Screen|p2a: Klefki
|-sidestart|p2: Pks CliTauros|move: Light Screen
|move|p1a: Volcarona|Quiver Dance|p1a: Volcarona
|-boost|p1a: Volcarona|spa|1
|-boost|p1a: Volcarona|spd|1
|-boost|p1a: Volcarona|spe|1
|
|-fieldend|move: Psychic Terrain
|upkeep
|turn|10
|
|t:|1604420342
|move|p2a: Klefki|Thunder Wave|p1a: Volcarona
|-status|p1a: Volcarona|par
|move|p1a: Volcarona|Quiver Dance|p1a: Volcarona
|-boost|p1a: Volcarona|spa|1
|-boost|p1a: Volcarona|spd|1
|-boost|p1a: Volcarona|spe|1
|
|upkeep
|turn|11
|
|t:|1604420349
|move|p2a: Klefki|Spikes|p1a: Volcarona
|-sidestart|p1: braden13579|Spikes
|move|p1a: Volcarona|Quiver Dance|p1a: Volcarona
|-boost|p1a: Volcarona|spa|1
|-boost|p1a: Volcarona|spd|1
|-boost|p1a: Volcarona|spe|1
|
|-sideend|p2: Pks CliTauros|Reflect
|upkeep
|turn|12
|
|t:|1604420359
|switch|p2a: Tapu Lele|Tapu Lele|59/100
|-fieldstart|move: Psychic Terrain|[from] ability: Psychic Surge|[of] p2a: Tapu Lele
|move|p1a: Volcarona|Quiver Dance|p1a: Volcarona
|-boost|p1a: Volcarona|spa|1
|-boost|p1a: Volcarona|spd|1
|-boost|p1a: Volcarona|spe|1
|
|upkeep
|turn|13
|
|t:|1604420366
|move|p2a: Tapu Lele|Psyshock|p1a: Volcarona
|-damage|p1a: Volcarona|27/100 par
|move|p1a: Volcarona|Flamethrower|p2a: Tapu Lele
|-damage|p2a: Tapu Lele|0 fnt
|faint|p2a: Tapu Lele
|
|upkeep
|
|t:|1604420372
|switch|p2a: Krookodile|Krookodile, M|100/100
|turn|14
|
|t:|1604420382
|switch|p1a: Buzzwole|Buzzwole|100/100
|-damage|p1a: Buzzwole|88/100|[from] Spikes
|move|p2a: Krookodile|Earthquake|p1a: Buzzwole
|-resisted|p1a: Buzzwole
|-damage|p1a: Buzzwole|72/100
|
|-heal|p1a: Buzzwole|78/100|[from] item: Leftovers
|upkeep
|turn|15
|
|t:|1604420390
|switch|p2a: Blacephalon|Blacephalon|100/100
|move|p1a: Buzzwole|Substitute|p1a: Buzzwole
|-start|p1a: Buzzwole|Substitute
|-damage|p1a: Buzzwole|53/100
|
|-heal|p1a: Buzzwole|60/100|[from] item: Leftovers
|upkeep
|turn|16
|
|t:|1604420397
|switch|p2a: Klefki|Klefki, M|100/100
|move|p1a: Buzzwole|Darkest Lariat|p2a: Klefki
|-resisted|p2a: Klefki
|-damage|p2a: Klefki|89/100
|
|-heal|p1a: Buzzwole|66/100|[from] item: Leftovers
|-sideend|p2: Pks CliTauros|move: Light Screen
|-fieldend|move: Psychic Terrain
|upkeep
|turn|17
|
|t:|1604420406
|move|p2a: Klefki|Reflect|p2a: Klefki
|-sidestart|p2: Pks CliTauros|Reflect
|move|p1a: Buzzwole|Bulk Up|p1a: Buzzwole
|-boost|p1a: Buzzwole|atk|1
|-boost|p1a: Buzzwole|def|1
|
|-heal|p1a: Buzzwole|72/100|[from] item: Leftovers
|upkeep
|turn|18
|
|t:|1604420413
|switch|p2a: Articuno|Articuno-Galar|100/100
|move|p1a: Buzzwole|Bulk Up|p1a: Buzzwole
|-boost|p1a: Buzzwole|atk|1
|-boost|p1a: Buzzwole|def|1
|
|-heal|p1a: Buzzwole|78/100|[from] item: Leftovers
|upkeep
|turn|19
|
|t:|1604420421
|move|p2a: Articuno|Air Slash|p1a: Buzzwole
|-supereffective|p1a: Buzzwole
|-end|p1a: Buzzwole|Substitute
|move|p1a: Buzzwole|Darkest Lariat|p2a: Articuno
|-supereffective|p2a: Articuno
|-damage|p2a: Articuno|41/100
|
|-heal|p1a: Buzzwole|85/100|[from] item: Leftovers
|upkeep
|turn|20
|
|t:|1604420430
|switch|p1a: Aegislash|Aegislash, M|100/100
|-damage|p1a: Aegislash|88/100|[from] Spikes
|move|p2a: Articuno|Air Slash|p1a: Aegislash
|-resisted|p1a: Aegislash
|-damage|p1a: Aegislash|68/100
|
|upkeep
|turn|21
|
|t:|1604420436
|switch|p2a: Klefki|Klefki, M|89/100
|-formechange|p1a: Aegislash|Aegislash-Blade||[from] ability: Stance Change
|move|p1a: Aegislash|Flash Cannon|p2a: Klefki
|-damage|p2a: Klefki|0 fnt
|faint|p2a: Klefki
|
|upkeep
|
|t:|1604420446
|switch|p2a: Blacephalon|Blacephalon|100/100
|turn|22
|
|t:|1604420456
|switch|p1a: Volcarona|Volcarona, M|27/100 par
|move|p2a: Blacephalon|Shadow Ball|p1a: Volcarona
|-damage|p1a: Volcarona|0 fnt
|faint|p1a: Volcarona
|-ability|p2a: Blacephalon|Beast Boost|boost
|-boost|p2a: Blacephalon|spe|1
|
|upkeep
|
|t:|1604420470
|switch|p1a: Dracozolt|Dracozolt|100/100
|-damage|p1a: Dracozolt|88/100|[from] Spikes
|turn|23
|
|t:|1604420475
|move|p2a: Blacephalon|Shadow Ball|p1a: Dracozolt
|-damage|p1a: Dracozolt|34/100
|-unboost|p1a: Dracozolt|spd|1
|move|p1a: Dracozolt|Earthquake|p2a: Blacephalon
|-supereffective|p2a: Blacephalon
|-damage|p2a: Blacephalon|20/100
|
|-heal|p2a: Blacephalon|26/100|[from] item: Leftovers
|upkeep
|turn|24
|
|t:|1604420483
|move|p2a: Blacephalon|Shadow Ball|p1a: Dracozolt
|-damage|p1a: Dracozolt|0 fnt
|faint|p1a: Dracozolt
|-ability|p2a: Blacephalon|Beast Boost|boost
|-boost|p2a: Blacephalon|spe|1
|
|-heal|p2a: Blacephalon|33/100|[from] item: Leftovers
|-sideend|p2: Pks CliTauros|Reflect
|upkeep
|
|t:|1604420490
|switch|p1a: Buzzwole|Buzzwole|85/100
|-damage|p1a: Buzzwole|72/100|[from] Spikes
|turn|25
|
|t:|1604420494
|move|p2a: Blacephalon|Flamethrower|p1a: Buzzwole
|-supereffective|p1a: Buzzwole
|-damage|p1a: Buzzwole|0 fnt
|faint|p1a: Buzzwole
|-ability|p2a: Blacephalon|Beast Boost|boost
|-boost|p2a: Blacephalon|spe|1
|
|-heal|p2a: Blacephalon|39/100|[from] item: Leftovers
|upkeep
|
|t:|1604420502
|switch|p1a: Aegislash|Aegislash, M|68/100
|-damage|p1a: Aegislash|56/100|[from] Spikes
|turn|26
|
|t:|1604420507
|-formechange|p1a: Aegislash|Aegislash-Blade||[from] ability: Stance Change
|move|p1a: Aegislash|Shadow Sneak|p2a: Blacephalon
|-supereffective|p2a: Blacephalon
|-damage|p2a: Blacephalon|0 fnt
|faint|p2a: Blacephalon
|
|upkeep
|
|t:|1604420512
|switch|p2a: Krookodile|Krookodile, M|100/100
|turn|27
|
|t:|1604420515
|move|p1a: Aegislash|Shadow Sneak|p2a: Krookodile
|-resisted|p2a: Krookodile
|-damage|p2a: Krookodile|90/100
|move|p2a: Krookodile|Earthquake|p1a: Aegislash
|-supereffective|p1a: Aegislash
|-damage|p1a: Aegislash|0 fnt
|faint|p1a: Aegislash
|-ability|p2a: Krookodile|Moxie|boost
|-boost|p2a: Krookodile|atk|1
|
|upkeep
|
|t:|1604420523
|switch|p1a: Tapu Lele|Tapu Lele|100/100
|-damage|p1a: Tapu Lele|88/100|[from] Spikes
|-fieldstart|move: Psychic Terrain|[from] ability: Psychic Surge|[of] p1a: Tapu Lele
|turn|28
|
|t:|1604420533
|move|p2a: Krookodile|Earthquake|p1a: Tapu Lele
|-damage|p1a: Tapu Lele|25/100
|move|p1a: Tapu Lele|Iron Defense|p1a: Tapu Lele
|-boost|p1a: Tapu Lele|def|2
|
|-heal|p1a: Tapu Lele|31/100|[from] item: Leftovers
|upkeep
|turn|29
|
|t:|1604420540
|move|p2a: Krookodile|Earthquake|p1a: Tapu Lele
|-damage|p1a: Tapu Lele|0 fnt
|faint|p1a: Tapu Lele
|
|win|Pks CliTauros
|l|☆braden13579
||Ladder (probably) updated, but score could not be retrieved (Request timeout).
