|j|☆Cena26
|j|☆gref123
|player|p1|Cena26|101|1629
|player|p2|gref123|pokemonranger|1413
|teamsize|p1|6
|teamsize|p2|6
|gametype|singles
|gen|8
|tier|[Gen 8] UU
|rated|
|clearpoke
|poke|p1|Froslass, F|
|poke|p1|Rotom-Frost|
|poke|p1|Haxorus, M|
|poke|p1|Barbaracle, M|
|poke|p1|Polteageist|
|poke|p1|Indeedee, M|
|poke|p2|Torkoal, M|
|poke|p2|Venusaur, M|
|poke|p2|Darmanitan, M|
|poke|p2|Gardevoir, F|
|poke|p2|Haxorus, F|
|poke|p2|Rhyperior, F|
|rule|Sleep Clause Mod: Limit one foe put to sleep
|rule|Species Clause: Limit one of each Pokémon
|rule|OHKO Clause: OHKO moves are banned
|rule|Evasion Moves Clause: Evasion moves are banned
|rule|Endless Battle Clause: Forcing endless battles is banned
|rule|HP Percentage Mod: HP is shown in percentages
|rule|Dynamax Clause: You cannot dynamax
|teampreview
|
|start
|switch|p1a: Froslass|Froslass, F|100/100
|switch|p2a: Haxorus|Haxorus, F|100/100
|-ability|p2a: Haxorus|Mold Breaker
|turn|1
|inactive|Battle timer is ON: inactive players will automatically lose when time's up. (requested by gref123)
|
|switch|p2a: Torkoal|Torkoal, M|100/100
|-weather|SunnyDay|[from] ability: Drought|[of] p2a: Torkoal
|move|p1a: Froslass|Spikes|p2a: Torkoal
|-sidestart|p2: gref123|Spikes
|
|-weather|SunnyDay|[upkeep]
|upkeep
|turn|2
|
|move|p1a: Froslass|Taunt|p2a: Torkoal
|-start|p2a: Torkoal|move: Taunt
|move|p2a: Torkoal|Lava Plume|p1a: Froslass
|-supereffective|p1a: Froslass
|-enditem|p1a: Froslass|Focus Sash
|-damage|p1a: Froslass|1/100
|
|-weather|SunnyDay|[upkeep]
|upkeep
|turn|3
|
|move|p1a: Froslass|Spikes|p2a: Torkoal
|-sidestart|p2: gref123|Spikes
|move|p2a: Torkoal|Lava Plume|p1a: Froslass
|-supereffective|p1a: Froslass
|-damage|p1a: Froslass|0 fnt
|-start|p2a: Torkoal|Disable|Lava Plume|[from] ability: Cursed Body|[of] p1a: Froslass
|faint|p1a: Froslass
|
|-weather|SunnyDay|[upkeep]
|upkeep
|
|switch|p1a: Rotom|Rotom-Frost|100/100
|turn|4
|
|move|p1a: Rotom|Substitute|p1a: Rotom
|-start|p1a: Rotom|Substitute
|-damage|p1a: Rotom|75/100
|move|p2a: Torkoal|Rapid Spin|p1a: Rotom
|-activate|p1a: Rotom|move: Substitute|[damage]
|-sideend|p2: gref123|Spikes|[from] move: Rapid Spin|[of] p2a: Torkoal
|-boost|p2a: Torkoal|spe|1
|
|-weather|SunnyDay|[upkeep]
|-end|p2a: Torkoal|move: Taunt
|upkeep
|turn|5
|
|move|p1a: Rotom|Nasty Plot|p1a: Rotom
|-boost|p1a: Rotom|spa|2
|move|p2a: Torkoal|Stealth Rock|p1a: Rotom
|-sidestart|p1: Cena26|move: Stealth Rock
|
|-weather|SunnyDay|[upkeep]
|upkeep
|turn|6
|
|switch|p2a: Rhyperior|Rhyperior, F|100/100
|move|p1a: Rotom|Thunderbolt|p2a: Rhyperior
|-immune|p2a: Rhyperior
|
|-weather|SunnyDay|[upkeep]
|upkeep
|turn|7
|
|move|p1a: Rotom|Blizzard|p2a: Rhyperior
|-supereffective|p2a: Rhyperior
|-damage|p2a: Rhyperior|0 fnt
|faint|p2a: Rhyperior
|
|-weather|SunnyDay|[upkeep]
|upkeep
|
|switch|p2a: Darmanitan|Darmanitan, M|100/100
|turn|8
|
|move|p2a: Darmanitan|U-turn|p1a: Rotom
|-end|p1a: Rotom|Substitute
|
|switch|p2a: Torkoal|Torkoal, M|100/100|[from]move: U-turn
|move|p1a: Rotom|Substitute|p1a: Rotom
|-start|p1a: Rotom|Substitute
|-damage|p1a: Rotom|50/100
|
|-weather|none
|upkeep
|turn|9
|
|move|p1a: Rotom|Thunderbolt|p2a: Torkoal
|-damage|p2a: Torkoal|0 fnt
|faint|p2a: Torkoal
|
|upkeep
|
|switch|p2a: Haxorus|Haxorus, F|100/100
|-ability|p2a: Haxorus|Mold Breaker
|turn|10
|
|move|p2a: Haxorus|Outrage|p1a: Rotom
|-end|p1a: Rotom|Substitute
|move|p1a: Rotom|Substitute|p1a: Rotom
|-start|p1a: Rotom|Substitute
|-damage|p1a: Rotom|25/100
|-enditem|p1a: Rotom|Salac Berry|[eat]
|-boost|p1a: Rotom|spe|1|[from] item: Salac Berry
|
|upkeep
|turn|11
|
|move|p1a: Rotom|Blizzard|p2a: Haxorus
|-supereffective|p2a: Haxorus
|-damage|p2a: Haxorus|0 fnt
|faint|p2a: Haxorus
|
|upkeep
|
|switch|p2a: Gardevoir|Gardevoir, F|100/100
|-ability|p2a: Gardevoir|Levitate|[from] ability: Trace|[of] p1a: Rotom
|turn|12
|
|move|p1a: Rotom|Thunderbolt|p2a: Gardevoir
|-damage|p2a: Gardevoir|16/100
|move|p2a: Gardevoir|Moonblast|p1a: Rotom
|-end|p1a: Rotom|Substitute
|
|upkeep
|turn|13
|
|move|p1a: Rotom|Thunderbolt|p2a: Gardevoir
|-damage|p2a: Gardevoir|0 fnt
|faint|p2a: Gardevoir
|
|upkeep
|
|switch|p2a: Venusaur|Venusaur, M|100/100
|turn|14
|
|move|p1a: Rotom|Blizzard|p2a: Venusaur|[miss]
|-miss|p1a: Rotom|p2a: Venusaur
|move|p2a: Venusaur|Sludge Bomb|p1a: Rotom
|-damage|p1a: Rotom|0 fnt
|-damage|p2a: Venusaur|91/100|[from] item: Life Orb
|faint|p1a: Rotom
|
|upkeep
|
|switch|p1a: Indeedee|Indeedee, M|100/100
|-damage|p1a: Indeedee|88/100|[from] Stealth Rock
|-fieldstart|move: Psychic Terrain|[from] ability: Psychic Surge|[of] p1a: Indeedee
|turn|15
|
|move|p1a: Indeedee|Psychic|p2a: Venusaur
|-supereffective|p2a: Venusaur
|-damage|p2a: Venusaur|0 fnt
|faint|p2a: Venusaur
|
|upkeep
|
|switch|p2a: Darmanitan|Darmanitan, M|100/100
|turn|16
|
|move|p2a: Darmanitan|Flare Blitz|p1a: Indeedee
|-damage|p1a: Indeedee|0 fnt
|-damage|p2a: Darmanitan|79/100|[from] Recoil
|faint|p1a: Indeedee
|
|upkeep
|
|switch|p1a: Barbaracle|Barbaracle, M|100/100
|-damage|p1a: Barbaracle|88/100|[from] Stealth Rock
|turn|17
|
|move|p2a: Darmanitan|Flare Blitz|p1a: Barbaracle
|-resisted|p1a: Barbaracle
|-crit|p1a: Barbaracle
|-damage|p1a: Barbaracle|37/100
|-damage|p2a: Darmanitan|65/100|[from] Recoil
|move|p1a: Barbaracle|Liquidation|p2a: Darmanitan
|-supereffective|p2a: Darmanitan
|-damage|p2a: Darmanitan|0 fnt
|faint|p2a: Darmanitan
|
|win|Cena26
|l|☆gref123
