|j|☆Madayoshi
|j|☆KiloTotomon
|t:|1665810249
|gametype|singles
|player|p1|Madayoshi|gambler|1468
|player|p2|KiloTotomon|fantina|1634
|teamsize|p1|6
|teamsize|p2|6
|gen|8
|tier|[Gen 8] UU
|rated|
|rule|Sleep Clause Mod: Limit one foe put to sleep
|rule|Species Clause: Limit one of each Pokémon
|rule|OHKO Clause: OHKO moves are banned
|rule|Evasion Items Clause: Evasion items are banned
|rule|Evasion Moves Clause: Evasion moves are banned
|rule|Endless Battle Clause: Forcing endless battles is banned
|rule|HP Percentage Mod: HP is shown in percentages
|rule|Dynamax Clause: You cannot dynamax
|clearpoke
|poke|p1|Hippowdon, F|
|poke|p1|Excadrill, M|
|poke|p1|Tangrowth, M|
|poke|p1|Rotom-Wash|
|poke|p1|Salamence, M|
|poke|p1|Keldeo-Resolute|
|poke|p2|Seismitoad, F|
|poke|p2|Amoonguss, M|
|poke|p2|Togekiss, M|
|poke|p2|Lycanroc-Dusk, F|
|poke|p2|Scizor, M|
|poke|p2|Necrozma|
|teampreview
|inactive|Battle timer is ON: inactive players will automatically lose when time's up. (requested by Madayoshi)
|
|t:|1665810259
|start
|switch|p1a: Infinity Chasers|Keldeo-Resolute|100/100
|switch|p2a: Seismitoad|Seismitoad, F|100/100
|turn|1
|
|t:|1665810267
|switch|p2a: Amoonguss|Amoonguss, M|100/100
|move|p1a: Infinity Chasers|Icy Wind|p2a: Amoonguss
|-supereffective|p2a: Amoonguss
|-damage|p2a: Amoonguss|50/100
|-unboost|p2a: Amoonguss|spe|1
|
|upkeep
|turn|2
|
|t:|1665810273
|switch|p1a: Fortuna Redux|Salamence, M|100/100
|-ability|p1a: Fortuna Redux|Intimidate|boost
|-unboost|p2a: Amoonguss|atk|1
|switch|p2a: Scizor|Scizor, M|100/100
|
|upkeep
|turn|3
|
|t:|1665810278
|switch|p2a: Seismitoad|Seismitoad, F|100/100
|move|p1a: Fortuna Redux|Hurricane|p2a: Seismitoad
|-damage|p2a: Seismitoad|46/100
|
|-heal|p2a: Seismitoad|52/100|[from] item: Leftovers
|upkeep
|turn|4
|
|t:|1665810284
|switch|p2a: Togekiss|Togekiss, M|100/100
|move|p1a: Fortuna Redux|Hurricane|p2a: Togekiss
|-damage|p2a: Togekiss|59/100
|
|upkeep
|turn|5
|
|t:|1665810290
|switch|p1a: Fractal Dreamers|Rotom-Wash|100/100
|move|p2a: Togekiss|Roost|p2a: Togekiss
|-heal|p2a: Togekiss|100/100
|-singleturn|p2a: Togekiss|move: Roost
|
|upkeep
|turn|6
|
|t:|1665810294
|switch|p2a: Seismitoad|Seismitoad, F|52/100
|move|p1a: Fractal Dreamers|Volt Switch|p2a: Seismitoad
|-immune|p2a: Seismitoad
|
|-heal|p2a: Seismitoad|58/100|[from] item: Leftovers
|upkeep
|turn|7
|
|t:|1665810298
|move|p1a: Fractal Dreamers|Will-O-Wisp|p2a: Seismitoad
|-status|p2a: Seismitoad|brn
|move|p2a: Seismitoad|Toxic|p1a: Fractal Dreamers
|-status|p1a: Fractal Dreamers|tox
|
|-heal|p2a: Seismitoad|64/100 brn|[from] item: Leftovers
|-damage|p1a: Fractal Dreamers|94/100 tox|[from] psn
|-damage|p2a: Seismitoad|58/100 brn|[from] brn
|upkeep
|turn|8
|
|t:|1665810306
|switch|p1a: Clarum Somnium|Tangrowth, M|100/100
|move|p2a: Seismitoad|Stealth Rock|p1a: Clarum Somnium
|-sidestart|p1: Madayoshi|move: Stealth Rock
|
|-heal|p2a: Seismitoad|64/100 brn|[from] item: Leftovers
|-damage|p2a: Seismitoad|58/100 brn|[from] brn
|upkeep
|turn|9
|
|t:|1665810310
|switch|p2a: Amoonguss|Amoonguss, M|83/100
|switch|p1a: Fortuna Redux|Salamence, M|100/100
|-ability|p1a: Fortuna Redux|Intimidate|boost
|-unboost|p2a: Amoonguss|atk|1
|
|upkeep
|turn|10
|
|t:|1665810315
|move|p1a: Fortuna Redux|Hurricane|p2a: Amoonguss
|-supereffective|p2a: Amoonguss
|-damage|p2a: Amoonguss|0 fnt
|faint|p2a: Amoonguss
|
|upkeep
|
|t:|1665810317
|switch|p2a: Lycanroc|Lycanroc-Dusk, F|100/100
|turn|11
|
|t:|1665810321
|switch|p1a: Monolithia|Hippowdon, F|100/100
|-damage|p1a: Monolithia|94/100|[from] Stealth Rock
|-weather|Sandstorm|[from] ability: Sand Stream|[of] p1a: Monolithia
|move|p2a: Lycanroc|Close Combat|p1a: Monolithia
|-damage|p1a: Monolithia|45/100
|-unboost|p2a: Lycanroc|def|1
|-unboost|p2a: Lycanroc|spd|1
|-damage|p2a: Lycanroc|84/100|[from] item: Rocky Helmet|[of] p1a: Monolithia
|
|-weather|Sandstorm|[upkeep]
|upkeep
|turn|12
|
|t:|1665810333
|switch|p2a: Togekiss|Togekiss, M|100/100
|move|p1a: Monolithia|Slack Off|p1a: Monolithia
|-heal|p1a: Monolithia|95/100
|
|-weather|Sandstorm|[upkeep]
|-damage|p2a: Togekiss|94/100|[from] Sandstorm
|upkeep
|turn|13
|
|t:|1665810339
|switch|p2a: Seismitoad|Seismitoad, F|58/100 brn
|move|p1a: Monolithia|Toxic||[still]
|-fail|p1a: Monolithia
|
|-weather|Sandstorm|[upkeep]
|-heal|p2a: Seismitoad|64/100 brn|[from] item: Leftovers
|-damage|p2a: Seismitoad|58/100 brn|[from] brn
|upkeep
|turn|14
|
|t:|1665810351
|switch|p1a: Fractal Dreamers|Rotom-Wash|94/100 tox
|-damage|p1a: Fractal Dreamers|82/100 tox|[from] Stealth Rock
|move|p2a: Seismitoad|Toxic|p1a: Fractal Dreamers
|-fail|p1a: Fractal Dreamers|tox
|
|-weather|Sandstorm|[upkeep]
|-damage|p1a: Fractal Dreamers|75/100 tox|[from] Sandstorm
|-heal|p1a: Fractal Dreamers|82/100 tox|[from] item: Leftovers
|-heal|p2a: Seismitoad|64/100 brn|[from] item: Leftovers
|-damage|p1a: Fractal Dreamers|75/100 tox|[from] psn
|-damage|p2a: Seismitoad|58/100 brn|[from] brn
|upkeep
|turn|15
|
|t:|1665810358
|move|p1a: Fractal Dreamers|Hydro Pump|p2a: Seismitoad
|-heal|p2a: Seismitoad|83/100 brn|[from] ability: Water Absorb|[of] p1a: Fractal Dreamers
|move|p2a: Seismitoad|Knock Off|p1a: Fractal Dreamers
|-damage|p1a: Fractal Dreamers|66/100 tox
|-enditem|p1a: Fractal Dreamers|Leftovers|[from] move: Knock Off|[of] p2a: Seismitoad
|
|-weather|none
|-heal|p2a: Seismitoad|89/100 brn|[from] item: Leftovers
|-damage|p1a: Fractal Dreamers|53/100 tox|[from] psn
|-damage|p2a: Seismitoad|83/100 brn|[from] brn
|upkeep
|turn|16
|
|t:|1665810364
|move|p1a: Fractal Dreamers|Pain Split|p2a: Seismitoad
|-sethp|p2a: Seismitoad|61/100 brn|[from] move: Pain Split|[silent]
|-sethp|p1a: Fractal Dreamers|83/100 tox|[from] move: Pain Split
|move|p2a: Seismitoad|Scald|p1a: Fractal Dreamers
|-resisted|p1a: Fractal Dreamers
|-damage|p1a: Fractal Dreamers|72/100 tox
|
|-heal|p2a: Seismitoad|67/100 brn|[from] item: Leftovers
|-damage|p1a: Fractal Dreamers|53/100 tox|[from] psn
|-damage|p2a: Seismitoad|61/100 brn|[from] brn
|upkeep
|turn|17
|
|t:|1665810372
|switch|p1a: Clarum Somnium|Tangrowth, M|100/100
|-damage|p1a: Clarum Somnium|88/100|[from] Stealth Rock
|move|p2a: Seismitoad|Toxic|p1a: Clarum Somnium
|-status|p1a: Clarum Somnium|tox
|
|-heal|p2a: Seismitoad|67/100 brn|[from] item: Leftovers
|-damage|p1a: Clarum Somnium|82/100 tox|[from] psn
|-damage|p2a: Seismitoad|61/100 brn|[from] brn
|upkeep
|turn|18
|
|t:|1665810381
|switch|p2a: Scizor|Scizor, M|100/100
|move|p1a: Clarum Somnium|Knock Off|p2a: Scizor
|-damage|p2a: Scizor|80/100
|-enditem|p2a: Scizor|Heavy-Duty Boots|[from] move: Knock Off|[of] p1a: Clarum Somnium
|
|-damage|p1a: Clarum Somnium|69/100 tox|[from] psn
|upkeep
|turn|19
|
|t:|1665810384
|switch|p1a: Fortuna Redux|Salamence, M|100/100
|-ability|p1a: Fortuna Redux|Intimidate|boost
|-unboost|p2a: Scizor|atk|1
|move|p2a: Scizor|U-turn|p1a: Fortuna Redux
|-resisted|p1a: Fortuna Redux
|-damage|p1a: Fortuna Redux|87/100
|
|t:|1665810387
|switch|p2a: Lycanroc|Lycanroc-Dusk, F|84/100|[from]move: U-turn
|
|upkeep
|turn|20
|
|t:|1665810402
|switch|p1a: Monolithia|Hippowdon, F|95/100
|-damage|p1a: Monolithia|89/100|[from] Stealth Rock
|-weather|Sandstorm|[from] ability: Sand Stream|[of] p1a: Monolithia
|move|p2a: Lycanroc|Stone Edge|p1a: Monolithia
|-resisted|p1a: Monolithia
|-damage|p1a: Monolithia|66/100
|
|-weather|Sandstorm|[upkeep]
|upkeep
|turn|21
|
|t:|1665810409
|switch|p2a: Seismitoad|Seismitoad, F|61/100 brn
|move|p1a: Monolithia|Slack Off|p1a: Monolithia
|-heal|p1a: Monolithia|100/100
|
|-weather|Sandstorm|[upkeep]
|-heal|p2a: Seismitoad|67/100 brn|[from] item: Leftovers
|-damage|p2a: Seismitoad|61/100 brn|[from] brn
|upkeep
|turn|22
|
|t:|1665810419
|switch|p1a: Clarum Somnium|Tangrowth, M|100/100 tox
|-damage|p1a: Clarum Somnium|88/100 tox|[from] Stealth Rock
|move|p2a: Seismitoad|Scald|p1a: Clarum Somnium
|-resisted|p1a: Clarum Somnium
|-damage|p1a: Clarum Somnium|79/100 tox
|
|-weather|Sandstorm|[upkeep]
|-damage|p1a: Clarum Somnium|73/100 tox|[from] Sandstorm
|-heal|p2a: Seismitoad|67/100 brn|[from] item: Leftovers
|-damage|p1a: Clarum Somnium|67/100 tox|[from] psn
|-damage|p2a: Seismitoad|61/100 brn|[from] brn
|upkeep
|turn|23
|
|t:|1665810431
|move|p2a: Seismitoad|Knock Off|p1a: Clarum Somnium
|-damage|p1a: Clarum Somnium|61/100 tox
|-enditem|p1a: Clarum Somnium|Assault Vest|[from] move: Knock Off|[of] p2a: Seismitoad
|move|p1a: Clarum Somnium|Knock Off|p2a: Seismitoad
|-damage|p2a: Seismitoad|44/100 brn
|-enditem|p2a: Seismitoad|Leftovers|[from] move: Knock Off|[of] p1a: Clarum Somnium
|
|-weather|Sandstorm|[upkeep]
|-damage|p1a: Clarum Somnium|54/100 tox|[from] Sandstorm
|-damage|p1a: Clarum Somnium|42/100 tox|[from] psn
|-damage|p2a: Seismitoad|38/100 brn|[from] brn
|upkeep
|turn|24
|
|t:|1665810447
|switch|p2a: Scizor|Scizor, M|80/100
|move|p1a: Clarum Somnium|Power Whip|p2a: Scizor
|-resisted|p2a: Scizor
|-damage|p2a: Scizor|70/100
|
|-weather|none
|-damage|p1a: Clarum Somnium|23/100 tox|[from] psn
|upkeep
|turn|25
|
|t:|1665810452
|switch|p1a: Fortuna Redux|Salamence, M|87/100
|-ability|p1a: Fortuna Redux|Intimidate|boost
|-unboost|p2a: Scizor|atk|1
|move|p2a: Scizor|U-turn|p1a: Fortuna Redux
|-resisted|p1a: Fortuna Redux
|-damage|p1a: Fortuna Redux|71/100
|
|t:|1665810454
|switch|p2a: Lycanroc|Lycanroc-Dusk, F|84/100|[from]move: U-turn
|
|upkeep
|turn|26
|
|t:|1665810458
|move|p2a: Lycanroc|Close Combat|p1a: Fortuna Redux
|-resisted|p1a: Fortuna Redux
|-damage|p1a: Fortuna Redux|21/100
|-unboost|p2a: Lycanroc|def|1
|-unboost|p2a: Lycanroc|spd|1
|move|p1a: Fortuna Redux|Roost|p1a: Fortuna Redux
|-heal|p1a: Fortuna Redux|71/100
|-singleturn|p1a: Fortuna Redux|move: Roost
|
|upkeep
|turn|27
|
|t:|1665810463
|switch|p2a: Togekiss|Togekiss, M|94/100
|switch|p1a: Monolithia|Hippowdon, F|100/100
|-damage|p1a: Monolithia|94/100|[from] Stealth Rock
|-weather|Sandstorm|[from] ability: Sand Stream|[of] p1a: Monolithia
|
|-weather|Sandstorm|[upkeep]
|-damage|p2a: Togekiss|88/100|[from] Sandstorm
|upkeep
|turn|28
|
|t:|1665810467
|move|p2a: Togekiss|Nasty Plot|p2a: Togekiss
|-boost|p2a: Togekiss|spa|2
|move|p1a: Monolithia|Stealth Rock|p2a: Togekiss
|-sidestart|p2: KiloTotomon|move: Stealth Rock
|
|-weather|Sandstorm|[upkeep]
|-damage|p2a: Togekiss|82/100|[from] Sandstorm
|upkeep
|turn|29
|
|t:|1665810470
|move|p2a: Togekiss|Air Slash|p1a: Monolithia
|-damage|p1a: Monolithia|47/100
|cant|p1a: Monolithia|flinch
|
|-weather|Sandstorm|[upkeep]
|-damage|p2a: Togekiss|76/100|[from] Sandstorm
|upkeep
|turn|30
|
|t:|1665810474
|switch|p1a: Fractal Dreamers|Rotom-Wash|53/100 tox
|-damage|p1a: Fractal Dreamers|41/100 tox|[from] Stealth Rock
|move|p2a: Togekiss|Air Slash|p1a: Fractal Dreamers
|-resisted|p1a: Fractal Dreamers
|-damage|p1a: Fractal Dreamers|10/100 tox
|
|-weather|Sandstorm|[upkeep]
|-damage|p1a: Fractal Dreamers|4/100 tox|[from] Sandstorm
|-damage|p2a: Togekiss|70/100|[from] Sandstorm
|-damage|p1a: Fractal Dreamers|0 fnt|[from] psn
|faint|p1a: Fractal Dreamers
|upkeep
|
|t:|1665810476
|switch|p1a: Paradigm Shift|Excadrill, M|100/100
|-damage|p1a: Paradigm Shift|97/100|[from] Stealth Rock
|turn|31
|
|t:|1665810484
|switch|p2a: Seismitoad|Seismitoad, F|38/100 brn
|-damage|p2a: Seismitoad|32/100 brn|[from] Stealth Rock
|move|p1a: Paradigm Shift|Iron Head|p2a: Seismitoad
|-resisted|p2a: Seismitoad
|-damage|p2a: Seismitoad|16/100 brn
|
|-weather|none
|-heal|p1a: Paradigm Shift|100/100|[from] item: Leftovers
|-damage|p2a: Seismitoad|10/100 brn|[from] brn
|upkeep
|turn|32
|
|t:|1665810489
|move|p1a: Paradigm Shift|Rapid Spin|p2a: Seismitoad
|-damage|p2a: Seismitoad|0 fnt
|-boost|p1a: Paradigm Shift|spe|1
|-sideend|p1: Madayoshi|Stealth Rock|[from] move: Rapid Spin|[of] p1a: Paradigm Shift
|faint|p2a: Seismitoad
|
|upkeep
|
|t:|1665810491
|switch|p2a: Necrozma|Necrozma|100/100
|-damage|p2a: Necrozma|88/100|[from] Stealth Rock
|turn|33
|
|t:|1665810495
|move|p1a: Paradigm Shift|Swords Dance|p1a: Paradigm Shift
|-boost|p1a: Paradigm Shift|atk|2
|move|p2a: Necrozma|Heat Wave|p1a: Paradigm Shift
|-supereffective|p1a: Paradigm Shift
|-damage|p1a: Paradigm Shift|21/100
|-status|p1a: Paradigm Shift|brn
|
|-heal|p1a: Paradigm Shift|27/100 brn|[from] item: Leftovers
|-damage|p1a: Paradigm Shift|21/100 brn|[from] brn
|upkeep
|turn|34
|
|t:|1665810502
|move|p1a: Paradigm Shift|Earthquake|p2a: Necrozma
|-damage|p2a: Necrozma|52/100
|move|p2a: Necrozma|Calm Mind|p2a: Necrozma
|-boost|p2a: Necrozma|spa|1
|-boost|p2a: Necrozma|spd|1
|
|-heal|p1a: Paradigm Shift|27/100 brn|[from] item: Leftovers
|-damage|p1a: Paradigm Shift|21/100 brn|[from] brn
|upkeep
|turn|35
|
|t:|1665810505
|move|p1a: Paradigm Shift|Earthquake|p2a: Necrozma
|-crit|p2a: Necrozma
|-damage|p2a: Necrozma|0 fnt
|faint|p2a: Necrozma
|
|-heal|p1a: Paradigm Shift|27/100 brn|[from] item: Leftovers
|-damage|p1a: Paradigm Shift|21/100 brn|[from] brn
|upkeep
|
|t:|1665810512
|switch|p2a: Scizor|Scizor, M|70/100
|-damage|p2a: Scizor|58/100|[from] Stealth Rock
|turn|36
|
|t:|1665810516
|move|p2a: Scizor|Bullet Punch|p1a: Paradigm Shift
|-resisted|p1a: Paradigm Shift
|-damage|p1a: Paradigm Shift|0 fnt
|faint|p1a: Paradigm Shift
|
|upkeep
|
|t:|1665810518
|switch|p1a: Monolithia|Hippowdon, F|47/100
|-weather|Sandstorm|[from] ability: Sand Stream|[of] p1a: Monolithia
|turn|37
|
|t:|1665810523
|move|p2a: Scizor|Roost|p2a: Scizor
|-heal|p2a: Scizor|100/100
|-singleturn|p2a: Scizor|move: Roost
|move|p1a: Monolithia|Slack Off|p1a: Monolithia
|-heal|p1a: Monolithia|97/100
|
|-weather|Sandstorm|[upkeep]
|upkeep
|turn|38
|
|t:|1665810526
|move|p2a: Scizor|Defog|p1a: Monolithia
|-unboost|p1a: Monolithia|evasion|1
|-sideend|p2: KiloTotomon|Stealth Rock|[from] move: Defog|[of] p2a: Scizor
|move|p1a: Monolithia|Earthquake|p2a: Scizor
|-damage|p2a: Scizor|65/100
|
|-weather|Sandstorm|[upkeep]
|upkeep
|turn|39
|
|t:|1665810530
|switch|p2a: Togekiss|Togekiss, M|70/100
|move|p1a: Monolithia|Stealth Rock|p2a: Togekiss
|-sidestart|p2: KiloTotomon|move: Stealth Rock
|
|-weather|Sandstorm|[upkeep]
|-damage|p2a: Togekiss|64/100|[from] Sandstorm
|upkeep
|turn|40
|
|t:|1665810533
|move|p2a: Togekiss|Roost|p2a: Togekiss
|-heal|p2a: Togekiss|100/100
|-singleturn|p2a: Togekiss|move: Roost
|move|p1a: Monolithia|Toxic|p2a: Togekiss
|-status|p2a: Togekiss|tox
|
|-weather|Sandstorm|[upkeep]
|-damage|p2a: Togekiss|94/100 tox|[from] Sandstorm
|-damage|p2a: Togekiss|88/100 tox|[from] psn
|upkeep
|turn|41
|
|t:|1665810538
|switch|p1a: Clarum Somnium|Tangrowth, M|57/100 tox
|move|p2a: Togekiss|Nasty Plot|p2a: Togekiss
|-boost|p2a: Togekiss|spa|2
|
|-weather|none
|-damage|p2a: Togekiss|76/100 tox|[from] psn
|-damage|p1a: Clarum Somnium|50/100 tox|[from] psn
|upkeep
|turn|42
|
|t:|1665810545
|move|p2a: Togekiss|Air Slash|p1a: Clarum Somnium
|-supereffective|p1a: Clarum Somnium
|-damage|p1a: Clarum Somnium|0 fnt
|faint|p1a: Clarum Somnium
|
|-damage|p2a: Togekiss|57/100 tox|[from] psn
|upkeep
|
|t:|1665810548
|switch|p1a: Infinity Chasers|Keldeo-Resolute|100/100
|turn|43
|
|t:|1665810553
|move|p1a: Infinity Chasers|Hydro Pump|p2a: Togekiss|[miss]
|-miss|p1a: Infinity Chasers|p2a: Togekiss
|move|p2a: Togekiss|Air Slash|p1a: Infinity Chasers
|-supereffective|p1a: Infinity Chasers
|-damage|p1a: Infinity Chasers|0 fnt
|faint|p1a: Infinity Chasers
|
|-damage|p2a: Togekiss|33/100 tox|[from] psn
|upkeep
|
|t:|1665810564
|switch|p1a: Fortuna Redux|Salamence, M|71/100
|-ability|p1a: Fortuna Redux|Intimidate|boost
|-unboost|p2a: Togekiss|atk|1
|turn|44
|
|t:|1665810568
|move|p1a: Fortuna Redux|Hurricane|p2a: Togekiss
|-damage|p2a: Togekiss|0 fnt
|faint|p2a: Togekiss
|
|upkeep
|
|t:|1665810570
|switch|p2a: Lycanroc|Lycanroc-Dusk, F|84/100
|-damage|p2a: Lycanroc|72/100|[from] Stealth Rock
|turn|45
|
|t:|1665810574
|switch|p1a: Monolithia|Hippowdon, F|97/100
|-weather|Sandstorm|[from] ability: Sand Stream|[of] p1a: Monolithia
|move|p2a: Lycanroc|Close Combat|p1a: Monolithia
|-damage|p1a: Monolithia|49/100
|-unboost|p2a: Lycanroc|def|1
|-unboost|p2a: Lycanroc|spd|1
|-damage|p2a: Lycanroc|55/100|[from] item: Rocky Helmet|[of] p1a: Monolithia
|
|-weather|Sandstorm|[upkeep]
|upkeep
|turn|46
|
|t:|1665810582
|move|p2a: Lycanroc|Close Combat|p1a: Monolithia
|-damage|p1a: Monolithia|5/100
|-unboost|p2a: Lycanroc|def|1
|-unboost|p2a: Lycanroc|spd|1
|-damage|p2a: Lycanroc|39/100|[from] item: Rocky Helmet|[of] p1a: Monolithia
|move|p1a: Monolithia|Slack Off|p1a: Monolithia
|-heal|p1a: Monolithia|55/100
|
|-weather|Sandstorm|[upkeep]
|upkeep
|turn|47
|
|t:|1665810589
|switch|p2a: Scizor|Scizor, M|65/100
|-damage|p2a: Scizor|52/100|[from] Stealth Rock
|move|p1a: Monolithia|Slack Off|p1a: Monolithia
|-heal|p1a: Monolithia|100/100
|
|-weather|Sandstorm|[upkeep]
|upkeep
|turn|48
|
|t:|1665810594
|move|p2a: Scizor|U-turn|p1a: Monolithia
|-damage|p1a: Monolithia|79/100
|-damage|p2a: Scizor|36/100|[from] item: Rocky Helmet|[of] p1a: Monolithia
|-message|KiloTotomon forfeited.
|
|win|Madayoshi
|raw|Madayoshi's rating: 1468 &rarr; <strong>1497</strong><br />(+29 for winning)
|raw|KiloTotomon's rating: 1634 &rarr; <strong>1605</strong><br />(-29 for losing)
|l|☆KiloTotomon
