|j|☆gijion chilli
|j|☆hax 3
|player|p1|gijion chilli|twins-gen4dp|1624
|player|p2|hax 3|101|1417
|teamsize|p1|6
|teamsize|p2|6
|gametype|singles
|gen|8
|tier|[Gen 8] UU
|rated|
|clearpoke
|poke|p1|Machamp, F|
|poke|p1|Weavile, M|
|poke|p1|Duraludon, M|
|poke|p1|Weezing-Galar, F|
|poke|p1|Doublade, F|
|poke|p1|Gardevoir, F|
|poke|p2|Weavile, M|
|poke|p2|Espeon, M|
|poke|p2|Araquanid, M|
|poke|p2|Mamoswine, F|
|poke|p2|Drapion, F|
|poke|p2|Dhelmise|
|rule|Sleep Clause Mod: Limit one foe put to sleep
|rule|Species Clause: Limit one of each Pokémon
|rule|OHKO Clause: OHKO moves are banned
|rule|Evasion Moves Clause: Evasion moves are banned
|rule|Endless Battle Clause: Forcing endless battles is banned
|rule|HP Percentage Mod: HP is shown in percentages
|rule|Dynamax Clause: You cannot dynamax
|teampreview
|j| gijion relish
|inactive|Battle timer is ON: inactive players will automatically lose when time's up. (requested by gijion chilli)
|
|start
|switch|p1a: Duraludon|Duraludon, M|100/100
|switch|p2a: Drapion|Drapion, F|100/100
|turn|1
|
|move|p2a: Drapion|Taunt|p1a: Duraludon
|-start|p1a: Duraludon|move: Taunt
|cant|p1a: Duraludon|move: Taunt|Stealth Rock
|
|upkeep
|turn|2
|
|move|p2a: Drapion|Knock Off|p1a: Duraludon
|-damage|p1a: Duraludon|55/100
|-enditem|p1a: Duraludon|Focus Sash|[from] move: Knock Off|[of] p2a: Drapion
|move|p1a: Duraludon|Flash Cannon|p2a: Drapion
|-damage|p2a: Drapion|39/100
|
|-heal|p2a: Drapion|45/100|[from] item: Black Sludge
|upkeep
|turn|3
|
|switch|p2a: Araquanid|Araquanid, M|100/100
|move|p1a: Duraludon|Flash Cannon|p2a: Araquanid
|-resisted|p2a: Araquanid
|-damage|p2a: Araquanid|84/100
|
|-heal|p2a: Araquanid|90/100|[from] item: Leftovers
|-end|p1a: Duraludon|move: Taunt
|upkeep
|turn|4
|
|switch|p2a: Espeon|Espeon, M|100/100
|move|p1a: Duraludon|Thunderbolt|p2a: Espeon
|-damage|p2a: Espeon|63/100
|
|upkeep
|turn|5
|
|move|p2a: Espeon|Dazzling Gleam|p1a: Duraludon
|-damage|p1a: Duraludon|0 fnt
|faint|p1a: Duraludon
|
|upkeep
|
|switch|p1a: Weezing|Weezing-Galar, F|100/100
|turn|6
|
|switch|p2a: Drapion|Drapion, F|45/100
|move|p1a: Weezing|Strange Steam|p2a: Drapion
|-damage|p2a: Drapion|0 fnt
|faint|p2a: Drapion
|
|upkeep
|
|switch|p2a: Espeon|Espeon, M|63/100
|turn|7
|
|move|p2a: Espeon|Trick|p1a: Weezing
|-activate|p2a: Espeon|move: Trick|[of] p1a: Weezing
|-item|p1a: Weezing|Choice Scarf|[from] move: Trick
|-item|p2a: Espeon|Black Sludge|[from] move: Trick
|move|p1a: Weezing|Sludge Bomb|p2a: Espeon
|-damage|p2a: Espeon|14/100
|
|-damage|p2a: Espeon|2/100|[from] item: Black Sludge
|upkeep
|turn|8
|
|switch|p1a: Doublade|Doublade, F|100/100
|move|p2a: Espeon|Psychic|p1a: Doublade
|-resisted|p1a: Doublade
|-damage|p1a: Doublade|69/100
|
|-damage|p2a: Espeon|0 fnt|[from] item: Black Sludge
|faint|p2a: Espeon
|upkeep
|
|switch|p2a: Weavile|Weavile, M|100/100
|-ability|p2a: Weavile|Pressure
|turn|9
|
|move|p2a: Weavile|Knock Off|p1a: Doublade
|-supereffective|p1a: Doublade
|-damage|p1a: Doublade|0 fnt
|-enditem|p1a: Doublade|Eviolite|[from] move: Knock Off|[of] p2a: Weavile
|faint|p1a: Doublade
|
|upkeep
|
|switch|p1a: Machamp|Machamp, F|100/100
|turn|10
|
|switch|p2a: Araquanid|Araquanid, M|90/100
|move|p1a: Machamp|Knock Off|p2a: Araquanid
|-damage|p2a: Araquanid|52/100
|-enditem|p2a: Araquanid|Leftovers|[from] move: Knock Off|[of] p1a: Machamp
|
|-status|p1a: Machamp|brn|[from] item: Flame Orb
|upkeep
|turn|11
|
|move|p1a: Machamp|Facade|p2a: Araquanid
|-damage|p2a: Araquanid|0 fnt
|faint|p2a: Araquanid
|
|-damage|p1a: Machamp|94/100 brn|[from] brn
|upkeep
|
|switch|p2a: Mamoswine|Mamoswine, F|100/100
|turn|12
|
|move|p2a: Mamoswine|Earthquake|p1a: Machamp
|-damage|p1a: Machamp|5/100 brn
|-damage|p2a: Mamoswine|91/100|[from] item: Life Orb
|move|p1a: Machamp|Close Combat|p2a: Mamoswine
|-supereffective|p2a: Mamoswine
|-damage|p2a: Mamoswine|0 fnt
|-unboost|p1a: Machamp|def|1
|-unboost|p1a: Machamp|spd|1
|faint|p2a: Mamoswine
|
|-damage|p1a: Machamp|0 fnt|[from] brn
|faint|p1a: Machamp
|upkeep
|
|switch|p2a: Weavile|Weavile, M|100/100
|switch|p1a: Weezing|Weezing-Galar, F|100/100
|-ability|p2a: Weavile|Pressure
|turn|13
|
|move|p2a: Weavile|Icicle Crash|p1a: Weezing
|-damage|p1a: Weezing|36/100
|cant|p1a: Weezing|flinch
|
|upkeep
|turn|14
|
|move|p2a: Weavile|Icicle Crash|p1a: Weezing
|-damage|p1a: Weezing|0 fnt
|faint|p1a: Weezing
|
|upkeep
|
|switch|p1a: Weavile|Weavile, M|100/100
|-ability|p1a: Weavile|Pressure
|turn|15
|
|move|p1a: Weavile|Low Kick|p2a: Weavile
|-supereffective|p2a: Weavile
|-damage|p2a: Weavile|0 fnt
|-damage|p1a: Weavile|91/100|[from] item: Life Orb
|faint|p2a: Weavile
|
|upkeep
|
|switch|p2a: Dhelmise|Dhelmise|100/100
|turn|16
|
|move|p1a: Weavile|Knock Off|p2a: Dhelmise
|-supereffective|p2a: Dhelmise
|-damage|p2a: Dhelmise|0 fnt
|-enditem|p2a: Dhelmise|Life Orb|[from] move: Knock Off|[of] p1a: Weavile
|-damage|p1a: Weavile|81/100|[from] item: Life Orb
|faint|p2a: Dhelmise
|
|win|gijion chilli
|l|☆hax 3
|c|☆gijion chilli|Gg
|raw|gijion chilli's rating: 1624 &rarr; <strong>1634</strong><br />(+10 for winning)
|raw|hax 3's rating: 1418 &rarr; <strong>1409</strong><br />(-9 for losing)
