|j|☆uult1 shoot
|j|☆Oceanborn
|player|p1|uult1 shoot|silver-gen2|1342
|player|p2|Oceanborn|crasherwake|1250
|teamsize|p1|6
|teamsize|p2|6
|gametype|singles
|gen|8
|tier|[Gen 8] UU
|rated|
|clearpoke
|poke|p1|Slurpuff, M|
|poke|p1|Espeon, F|
|poke|p1|Duraludon, F|
|poke|p1|Pangoro, M|
|poke|p1|Toxtricity, F|
|poke|p1|Barbaracle, M|
|poke|p2|Umbreon, F|
|poke|p2|Haxorus, M|
|poke|p2|Escavalier, M|
|poke|p2|Weezing-Galar, M|
|poke|p2|Gastrodon-East, F|
|poke|p2|Gigalith, F|
|rule|Sleep Clause Mod: Limit one foe put to sleep
|rule|Species Clause: Limit one of each Pokémon
|rule|OHKO Clause: OHKO moves are banned
|rule|Evasion Moves Clause: Evasion moves are banned
|rule|Endless Battle Clause: Forcing endless battles is banned
|rule|HP Percentage Mod: HP is shown in percentages
|rule|Dynamax Clause: You cannot dynamax
|teampreview
|
|start
|switch|p1a: Vah Rudania|Duraludon, F|100/100
|switch|p2a: Varian|Escavalier, M|100/100
|turn|1
|
|move|p1a: Vah Rudania|Stealth Rock|p2a: Varian
|-sidestart|p2: Oceanborn|move: Stealth Rock
|move|p2a: Varian|Close Combat|p1a: Vah Rudania
|-supereffective|p1a: Vah Rudania
|-crit|p1a: Vah Rudania
|-enditem|p1a: Vah Rudania|Focus Sash
|-damage|p1a: Vah Rudania|1/100
|-unboost|p2a: Varian|def|1
|-unboost|p2a: Varian|spd|1
|
|upkeep
|turn|2
|
|move|p1a: Vah Rudania|Steel Beam|p2a: Varian
|-resisted|p2a: Varian
|-damage|p2a: Varian|66/100
|-damage|p1a: Vah Rudania|0 fnt|[from] mindblown
|faint|p1a: Vah Rudania
|move|p2a: Varian|Close Combat|p1: Vah Rudania|[notarget]
|-fail|p2a: Varian
|
|-heal|p2a: Varian|72/100|[from] item: Leftovers
|upkeep
|
|switch|p1a: Ganon|Pangoro, M|100/100
|turn|3
|
|move|p1a: Ganon|Knock Off|p2a: Varian
|-damage|p2a: Varian|0 fnt
|-enditem|p2a: Varian|Leftovers|[from] move: Knock Off|[of] p1a: Ganon
|-damage|p1a: Ganon|91/100|[from] item: Life Orb
|faint|p2a: Varian
|
|upkeep
|
|switch|p2a: Mal'Ganis|Weezing-Galar, M|100/100
|-damage|p2a: Mal'Ganis|88/100|[from] Stealth Rock
|turn|4
|
|switch|p1a: Moblin|Toxtricity, F|100/100
|move|p2a: Mal'Ganis|Defog|p1a: Moblin
|-unboost|p1a: Moblin|evasion|1
|-sideend|p2: Oceanborn|Stealth Rock|[from] move: Defog|[of] p2a: Mal'Ganis
|
|-heal|p2a: Mal'Ganis|94/100|[from] item: Black Sludge
|upkeep
|turn|5
|
|switch|p1a: Zelda|Espeon, F|100/100
|switch|p2a: Therazane|Gigalith, F, shiny|100/100
|-weather|Sandstorm|[from] ability: Sand Stream|[of] p2a: Therazane
|
|-weather|Sandstorm|[upkeep]
|-damage|p1a: Zelda|94/100|[from] Sandstorm
|upkeep
|turn|6
|
|move|p1a: Zelda|Reflect|p1a: Zelda
|-sidestart|p1: uult1 shoot|Reflect
|move|p2a: Therazane|Rock Blast|p1a: Zelda
|-damage|p1a: Zelda|84/100
|-damage|p1a: Zelda|74/100
|-hitcount|p1a: Zelda|2
|
|-weather|Sandstorm|[upkeep]
|-damage|p1a: Zelda|68/100|[from] Sandstorm
|upkeep
|turn|7
|
|switch|p2a: Nozdormu|Haxorus, M|100/100
|-ability|p2a: Nozdormu|Mold Breaker
|move|p1a: Zelda|Light Screen|p1a: Zelda
|-sidestart|p1: uult1 shoot|move: Light Screen
|
|-weather|Sandstorm|[upkeep]
|-damage|p1a: Zelda|62/100|[from] Sandstorm
|-damage|p2a: Nozdormu|94/100|[from] Sandstorm
|upkeep
|turn|8
|
|move|p1a: Zelda|Psychic|p2a: Nozdormu
|-damage|p2a: Nozdormu|23/100
|move|p2a: Nozdormu|Poison Jab|p1a: Zelda
|-damage|p1a: Zelda|20/100
|
|-weather|Sandstorm|[upkeep]
|-damage|p1a: Zelda|14/100|[from] Sandstorm
|-damage|p2a: Nozdormu|17/100|[from] Sandstorm
|upkeep
|turn|9
|l|☆Oceanborn
|player|p2|
|inactive|Battle timer is ON: inactive players will automatically lose when time's up. (requested by uult1 shoot)
|j|☆Oceanborn
|inactive|Oceanborn reconnected and has 150 seconds left.
|player|p2|Oceanborn|crasherwake
|
|switch|p2a: Elune|Umbreon, F, shiny|100/100
|move|p1a: Zelda|Psychic|p2a: Elune
|-immune|p2a: Elune
|
|-weather|none
|upkeep
|turn|10
|inactive|uult1 shoot has 120 seconds left.
|
|switch|p1a: Ganon|Pangoro, M|91/100
|move|p2a: Elune|Wish|p2a: Elune
|
|upkeep
|turn|11
|
|switch|p2a: Mal'Ganis|Weezing-Galar, M|94/100
|move|p1a: Ganon|Swords Dance|p1a: Ganon
|-boost|p1a: Ganon|atk|2
|
|-heal|p2a: Mal'Ganis|100/100|[from] move: Wish|[wisher] Elune
|upkeep
|turn|12
|
|move|p1a: Ganon|Bullet Punch|p2a: Mal'Ganis
|-supereffective|p2a: Mal'Ganis
|-damage|p2a: Mal'Ganis|51/100
|-damage|p1a: Ganon|81/100|[from] item: Life Orb
|move|p2a: Mal'Ganis|Will-O-Wisp|p1a: Ganon
|-status|p1a: Ganon|brn
|
|-heal|p2a: Mal'Ganis|57/100|[from] item: Black Sludge
|-damage|p1a: Ganon|75/100 brn|[from] brn
|upkeep
|turn|13
|inactive|uult1 shoot has 120 seconds left.
|
|move|p1a: Ganon|Knock Off|p2a: Mal'Ganis
|-resisted|p2a: Mal'Ganis
|-damage|p2a: Mal'Ganis|36/100
|-enditem|p2a: Mal'Ganis|Black Sludge|[from] move: Knock Off|[of] p1a: Ganon
|-damage|p1a: Ganon|65/100 brn|[from] item: Life Orb
|move|p2a: Mal'Ganis|Strange Steam|p1a: Ganon
|-supereffective|p1a: Ganon
|-damage|p1a: Ganon|0 fnt
|faint|p1a: Ganon
|
|-sideend|p1: uult1 shoot|Reflect
|upkeep
|inactive|uult1 shoot has 120 seconds left.
|
|switch|p1a: Zelda|Espeon, F|14/100
|turn|14
|inactive|Oceanborn has 120 seconds left.
|
|move|p1a: Zelda|Reflect|p1a: Zelda
|-sidestart|p1: uult1 shoot|Reflect
|move|p2a: Mal'Ganis|Strange Steam|p1a: Zelda
|-damage|p1a: Zelda|0 fnt
|faint|p1a: Zelda
|
|-sideend|p1: uult1 shoot|move: Light Screen
|upkeep
|inactive|uult1 shoot has 120 seconds left.
|
|switch|p1a: Moblin|Toxtricity, F|100/100
|turn|15
|inactive|Oceanborn has 120 seconds left.
|
|switch|p2a: Therazane|Gigalith, F, shiny|100/100
|-weather|Sandstorm|[from] ability: Sand Stream|[of] p2a: Therazane
|move|p1a: Moblin|Overdrive|p2a: Therazane
|-damage|p2a: Therazane|74/100
|-enditem|p1a: Moblin|Throat Spray
|-boost|p1a: Moblin|spa|1|[from] item: Throat Spray
|
|-weather|Sandstorm|[upkeep]
|-damage|p1a: Moblin|94/100|[from] Sandstorm
|-heal|p2a: Therazane|80/100|[from] item: Leftovers
|upkeep
|turn|16
|inactive|Oceanborn has 120 seconds left.
|inactive|uult1 shoot has 90 seconds left.
|
|move|p1a: Moblin|Boomburst|p2a: Therazane
|-resisted|p2a: Therazane
|-damage|p2a: Therazane|55/100
|move|p2a: Therazane|Rock Blast|p1a: Moblin
|-damage|p1a: Moblin|86/100
|-damage|p1a: Moblin|77/100
|-damage|p1a: Moblin|68/100
|-hitcount|p1a: Moblin|3
|
|-weather|Sandstorm|[upkeep]
|-damage|p1a: Moblin|61/100|[from] Sandstorm
|-heal|p2a: Therazane|61/100|[from] item: Leftovers
|upkeep
|turn|17
|inactive|uult1 shoot has 90 seconds left.
|inactive|Oceanborn has 90 seconds left.
|
|move|p1a: Moblin|Overdrive|p2a: Therazane
|-damage|p2a: Therazane|22/100
|move|p2a: Therazane|Rock Blast|p1a: Moblin
|-damage|p1a: Moblin|53/100
|-damage|p1a: Moblin|45/100
|-damage|p1a: Moblin|36/100
|-hitcount|p1a: Moblin|3
|
|-weather|Sandstorm|[upkeep]
|-damage|p1a: Moblin|30/100|[from] Sandstorm
|-heal|p2a: Therazane|28/100|[from] item: Leftovers
|upkeep
|turn|18
|inactive|Oceanborn has 90 seconds left.
|inactive|Oceanborn has 60 seconds left.
|
|move|p1a: Moblin|Overdrive|p2a: Therazane
|-damage|p2a: Therazane|0 fnt
|faint|p2a: Therazane
|
|-weather|Sandstorm|[upkeep]
|-damage|p1a: Moblin|24/100|[from] Sandstorm
|upkeep
|
|switch|p2a: Nozdormu|Haxorus, M|17/100
|-ability|p2a: Nozdormu|Mold Breaker
|turn|19
|inactive|uult1 shoot has 90 seconds left.
|
|move|p2a: Nozdormu|Earthquake|p1a: Moblin
|-supereffective|p1a: Moblin
|-damage|p1a: Moblin|0 fnt
|faint|p1a: Moblin
|
|-weather|none
|upkeep
|
|switch|p1a: Link|Slurpuff, M|100/100
|turn|20
|
|move|p2a: Nozdormu|Earthquake|p1a: Link
|-damage|p1a: Link|66/100
|move|p1a: Link|Belly Drum|p1a: Link
|-damage|p1a: Link|16/100
|-setboost|p1a: Link|atk|6|[from] move: Belly Drum
|-enditem|p1a: Link|Sitrus Berry|[eat]
|-heal|p1a: Link|41/100|[from] item: Sitrus Berry
|
|upkeep
|turn|21
|
|move|p1a: Link|Drain Punch|p2a: Nozdormu
|-damage|p2a: Nozdormu|0 fnt
|-heal|p1a: Link|49/100|[from] drain|[of] p2a: Nozdormu
|faint|p2a: Nozdormu
|
|-sideend|p1: uult1 shoot|Reflect
|upkeep
|
|switch|p2a: Vashj|Gastrodon-East, F|100/100
|turn|22
|
|move|p1a: Link|Play Rough|p2a: Vashj
|-damage|p2a: Vashj|0 fnt
|faint|p2a: Vashj
|
|upkeep
|c|☆Oceanborn|I forgot about Unburden
|c|☆Oceanborn|Damn it
|
|switch|p2a: Mal'Ganis|Weezing-Galar, M|36/100
|turn|23
|
|move|p1a: Link|Facade|p2a: Mal'Ganis
|-damage|p2a: Mal'Ganis|0 fnt
|faint|p2a: Mal'Ganis
|
|upkeep
|
|switch|p2a: Elune|Umbreon, F, shiny|100/100
|turn|24
|c|☆uult1 shoot|gg
|
|move|p1a: Link|Drain Punch|p2a: Elune
|-supereffective|p2a: Elune
|-damage|p2a: Elune|10/100
|-heal|p1a: Link|100/100|[from] drain|[of] p2a: Elune
|move|p2a: Elune|Foul Play|p1a: Link
|-resisted|p1a: Link
|-damage|p1a: Link|8/100
|
|-heal|p2a: Elune|16/100|[from] item: Leftovers
|upkeep
|turn|25
|
|move|p1a: Link|Drain Punch|p2a: Elune
|-supereffective|p2a: Elune
|-crit|p2a: Elune
|-damage|p2a: Elune|0 fnt
|-heal|p1a: Link|18/100|[from] drain|[of] p2a: Elune
|faint|p2a: Elune
|
|win|uult1 shoot
