|j|☆Zephyyyr
|j|☆Seraphz
|t:|1631062424
|gametype|singles
|player|p1|Zephyyyr|richboy|1599
|player|p2|Seraphz|winona|1545
|teamsize|p1|6
|teamsize|p2|6
|gen|8
|tier|[Gen 8] UU
|rated|
|rule|Sleep Clause Mod: Limit one foe put to sleep
|rule|Species Clause: Limit one of each Pokémon
|rule|OHKO Clause: OHKO moves are banned
|rule|Evasion Moves Clause: Evasion moves are banned
|rule|Endless Battle Clause: Forcing endless battles is banned
|rule|HP Percentage Mod: HP is shown in percentages
|rule|Dynamax Clause: You cannot dynamax
|clearpoke
|poke|p1|Venusaur, M|
|poke|p1|Torkoal, M|
|poke|p1|Chansey, F|
|poke|p1|Hatterene, F|
|poke|p1|Krookodile, F|
|poke|p1|Darmanitan, F|
|poke|p2|Sharpedo, M|
|poke|p2|Mamoswine, M|
|poke|p2|Nihilego|
|poke|p2|Buzzwole|
|poke|p2|Chansey, F|
|poke|p2|Salamence, M|
|teampreview
|c|☆Seraphz|glhf
|
|t:|1631062449
|start
|switch|p1a: Torkoal|Torkoal, M|100/100
|switch|p2a: Mamoswine|Mamoswine, M|100/100
|-weather|SunnyDay|[from] ability: Drought|[of] p1a: Torkoal
|turn|1
|
|t:|1631062455
|move|p2a: Mamoswine|Stealth Rock|p1a: Torkoal
|-sidestart|p1: Zephyyyr|move: Stealth Rock
|move|p1a: Torkoal|Lava Plume|p2a: Mamoswine
|-supereffective|p2a: Mamoswine
|-damage|p2a: Mamoswine|47/100
|
|-weather|SunnyDay|[upkeep]
|upkeep
|turn|2
|c|☆Zephyyyr|Hf
|j| Boulicrok
|
|t:|1631062464
|move|p2a: Mamoswine|Earthquake|p1a: Torkoal
|-supereffective|p1a: Torkoal
|-damage|p1a: Torkoal|19/100
|-damage|p2a: Mamoswine|37/100|[from] item: Life Orb
|move|p1a: Torkoal|Rapid Spin|p2a: Mamoswine
|-damage|p2a: Mamoswine|27/100
|-boost|p1a: Torkoal|spe|1
|-sideend|p1: Zephyyyr|Stealth Rock|[from] move: Rapid Spin|[of] p1a: Torkoal
|
|-weather|SunnyDay|[upkeep]
|upkeep
|turn|3
|
|t:|1631062469
|switch|p1a: Chansey|Chansey, F|100/100
|move|p2a: Mamoswine|Earthquake|p1a: Chansey
|-damage|p1a: Chansey|56/100
|-damage|p2a: Mamoswine|17/100|[from] item: Life Orb
|
|-weather|SunnyDay|[upkeep]
|upkeep
|turn|4
|
|t:|1631062476
|switch|p1a: Hatterene|Hatterene, F|100/100
|move|p2a: Mamoswine|Stealth Rock|p1a: Hatterene
|move|p1a: Hatterene|Stealth Rock|p2a: Mamoswine|[from]ability: Magic Bounce
|-sidestart|p2: Seraphz|move: Stealth Rock
|
|-weather|SunnyDay|[upkeep]
|upkeep
|turn|5
|
|t:|1631062482
|move|p2a: Mamoswine|Earthquake|p1a: Hatterene
|-damage|p1a: Hatterene|38/100
|-damage|p2a: Mamoswine|7/100|[from] item: Life Orb
|move|p1a: Hatterene|Draining Kiss|p2a: Mamoswine
|-damage|p2a: Mamoswine|0 fnt
|-heal|p1a: Hatterene|43/100|[from] drain|[of] p2a: Mamoswine
|faint|p2a: Mamoswine
|
|-weather|SunnyDay|[upkeep]
|-heal|p1a: Hatterene|49/100|[from] item: Leftovers
|upkeep
|
|t:|1631062487
|switch|p2a: Nihilego|Nihilego|100/100
|-damage|p2a: Nihilego|88/100|[from] Stealth Rock
|turn|6
|
|t:|1631062504
|switch|p1a: Chansey|Chansey, F|56/100
|move|p2a: Nihilego|Sludge Wave|p1a: Chansey
|-damage|p1a: Chansey|40/100
|
|-weather|SunnyDay|[upkeep]
|upkeep
|turn|7
|
|t:|1631062513
|switch|p2a: Salamence|Salamence, M|100/100
|-ability|p2a: Salamence|Intimidate|boost
|-unboost|p1a: Chansey|atk|1
|move|p1a: Chansey|Teleport|p1a: Chansey
|
|t:|1631062517
|switch|p1a: Hatterene|Hatterene, F|49/100|[from]move: Teleport
|
|-weather|SunnyDay|[upkeep]
|-heal|p1a: Hatterene|55/100|[from] item: Leftovers
|upkeep
|turn|8
|
|t:|1631062522
|switch|p2a: Chansey|Chansey, F|100/100
|-damage|p2a: Chansey|88/100|[from] Stealth Rock
|move|p1a: Hatterene|Draining Kiss|p2a: Chansey
|-damage|p2a: Chansey|82/100
|-heal|p1a: Hatterene|66/100|[from] drain|[of] p2a: Chansey
|
|-weather|none
|-heal|p1a: Hatterene|72/100|[from] item: Leftovers
|upkeep
|turn|9
|
|t:|1631062528
|switch|p1a: Torkoal|Torkoal, M|19/100
|-weather|SunnyDay|[from] ability: Drought|[of] p1a: Torkoal
|move|p2a: Chansey|Teleport|p2a: Chansey
|
|t:|1631062531
|switch|p2a: Salamence|Salamence, M|100/100|[from]move: Teleport
|-ability|p2a: Salamence|Intimidate|boost
|-unboost|p1a: Torkoal|atk|1
|
|-weather|SunnyDay|[upkeep]
|upkeep
|turn|10
|
|t:|1631062546
|switch|p1a: Krookodile|Krookodile, F|100/100
|-ability|p1a: Krookodile|Intimidate|boost
|-unboost|p2a: Salamence|atk|1
|move|p2a: Salamence|Defog|p1a: Krookodile
|-unboost|p1a: Krookodile|evasion|1
|-sideend|p2: Seraphz|Stealth Rock|[from] move: Defog|[of] p2a: Salamence
|
|-weather|SunnyDay|[upkeep]
|upkeep
|turn|11
|inactive|Battle timer is ON: inactive players will automatically lose when time's up. (requested by Seraphz)
|
|t:|1631062554
|move|p1a: Krookodile|Knock Off|p2a: Salamence
|-damage|p2a: Salamence|40/100
|-enditem|p2a: Salamence|Heavy-Duty Boots|[from] move: Knock Off|[of] p1a: Krookodile
|move|p2a: Salamence|Flamethrower|p1a: Krookodile
|-damage|p1a: Krookodile|42/100
|
|-weather|SunnyDay|[upkeep]
|upkeep
|turn|12
|
|t:|1631062564
|switch|p1a: Chansey|Chansey, F|40/100
|move|p2a: Salamence|Roost|p2a: Salamence
|-heal|p2a: Salamence|90/100
|-singleturn|p2a: Salamence|move: Roost
|
|-weather|SunnyDay|[upkeep]
|upkeep
|turn|13
|
|t:|1631062572
|switch|p2a: Sharpedo|Sharpedo, M, shiny|100/100
|move|p1a: Chansey|Soft-Boiled|p1a: Chansey
|-heal|p1a: Chansey|90/100
|
|-weather|SunnyDay|[upkeep]
|upkeep
|turn|14
|
|t:|1631062592
|move|p2a: Sharpedo|Crunch|p1a: Chansey
|-damage|p1a: Chansey|55/100
|-damage|p2a: Sharpedo|91/100|[from] item: Life Orb
|move|p1a: Chansey|Teleport|p1a: Chansey
|
|t:|1631062595
|switch|p1a: Venusaur|Venusaur, M|100/100|[from]move: Teleport
|
|-weather|SunnyDay|[upkeep]
|-ability|p2a: Sharpedo|Speed Boost|boost
|-boost|p2a: Sharpedo|spe|1
|upkeep
|turn|15
|
|t:|1631062601
|move|p2a: Sharpedo|Protect|p2a: Sharpedo
|-singleturn|p2a: Sharpedo|Protect
|move|p1a: Venusaur|Giga Drain|p2a: Sharpedo
|-activate|p2a: Sharpedo|move: Protect
|
|-weather|SunnyDay|[upkeep]
|-ability|p2a: Sharpedo|Speed Boost|boost
|-boost|p2a: Sharpedo|spe|1
|upkeep
|turn|16
|
|t:|1631062617
|switch|p2a: Chansey|Chansey, F|82/100
|move|p1a: Venusaur|Giga Drain|p2a: Chansey
|-damage|p2a: Chansey|69/100
|-damage|p1a: Venusaur|91/100|[from] item: Life Orb
|
|-weather|none
|upkeep
|turn|17
|
|t:|1631062621
|switch|p1a: Torkoal|Torkoal, M|19/100
|-weather|SunnyDay|[from] ability: Drought|[of] p1a: Torkoal
|move|p2a: Chansey|Teleport|p2a: Chansey
|
|t:|1631062625
|switch|p2a: Nihilego|Nihilego|88/100|[from]move: Teleport
|
|-weather|SunnyDay|[upkeep]
|upkeep
|turn|18
|
|t:|1631062630
|switch|p1a: Chansey|Chansey, F|55/100
|move|p2a: Nihilego|Power Gem|p1a: Chansey
|-damage|p1a: Chansey|43/100
|
|-weather|SunnyDay|[upkeep]
|upkeep
|turn|19
|
|t:|1631062634
|move|p2a: Nihilego|Meteor Beam||[still]
|-prepare|p2a: Nihilego|Meteor Beam
|-boost|p2a: Nihilego|spa|1
|-enditem|p2a: Nihilego|Power Herb
|-anim|p2a: Nihilego|Meteor Beam|p1a: Chansey
|-damage|p1a: Chansey|13/100
|move|p1a: Chansey|Teleport|p1a: Chansey
|
|t:|1631062638
|switch|p1a: Krookodile|Krookodile, F|42/100|[from]move: Teleport
|-ability|p1a: Krookodile|Intimidate|boost
|-unboost|p2a: Nihilego|atk|1
|
|-weather|SunnyDay|[upkeep]
|upkeep
|turn|20
|
|t:|1631062643
|switch|p1a: Darmanitan|Darmanitan, F|100/100
|switch|p2a: Buzzwole|Buzzwole|100/100
|
|-weather|SunnyDay|[upkeep]
|upkeep
|turn|21
|
|t:|1631062647
|switch|p2a: Salamence|Salamence, M|90/100
|-ability|p2a: Salamence|Intimidate|boost
|-unboost|p1a: Darmanitan|atk|1
|move|p1a: Darmanitan|Flare Blitz|p2a: Salamence
|-resisted|p2a: Salamence
|-damage|p2a: Salamence|37/100
|-damage|p1a: Darmanitan|84/100|[from] Recoil
|
|-weather|SunnyDay|[upkeep]
|upkeep
|turn|22
|
|t:|1631062654
|move|p2a: Salamence|Roost|p2a: Salamence
|-heal|p2a: Salamence|88/100
|-singleturn|p2a: Salamence|move: Roost
|move|p1a: Darmanitan|U-turn|p2a: Salamence
|-damage|p2a: Salamence|65/100
|
|t:|1631062656
|switch|p1a: Hatterene|Hatterene, F|72/100|[from]move: U-turn
|
|-weather|SunnyDay|[upkeep]
|-heal|p1a: Hatterene|78/100|[from] item: Leftovers
|upkeep
|turn|23
|
|t:|1631062659
|switch|p2a: Nihilego|Nihilego|88/100
|move|p1a: Hatterene|Calm Mind|p1a: Hatterene
|-boost|p1a: Hatterene|spa|1
|-boost|p1a: Hatterene|spd|1
|
|-weather|SunnyDay|[upkeep]
|-heal|p1a: Hatterene|84/100|[from] item: Leftovers
|upkeep
|turn|24
|
|t:|1631062664
|move|p2a: Nihilego|Sludge Wave|p1a: Hatterene
|-supereffective|p1a: Hatterene
|-damage|p1a: Hatterene|10/100
|move|p1a: Hatterene|Psyshock|p2a: Nihilego
|-supereffective|p2a: Nihilego
|-damage|p2a: Nihilego|0 fnt
|faint|p2a: Nihilego
|
|-weather|none
|-heal|p1a: Hatterene|16/100|[from] item: Leftovers
|upkeep
|
|t:|1631062668
|switch|p2a: Sharpedo|Sharpedo, M, shiny|91/100
|turn|25
|
|t:|1631062674
|switch|p1a: Torkoal|Torkoal, M|19/100
|-weather|SunnyDay|[from] ability: Drought|[of] p1a: Torkoal
|move|p2a: Sharpedo|Crunch|p1a: Torkoal
|-damage|p1a: Torkoal|0 fnt
|faint|p1a: Torkoal
|-damage|p2a: Sharpedo|81/100|[from] item: Life Orb
|
|-weather|SunnyDay|[upkeep]
|-ability|p2a: Sharpedo|Speed Boost|boost
|-boost|p2a: Sharpedo|spe|1
|upkeep
|
|t:|1631062676
|switch|p1a: Venusaur|Venusaur, M|91/100
|turn|26
|j| Adrift & Rising
|
|t:|1631062695
|move|p1a: Venusaur|Growth|p1a: Venusaur
|-boost|p1a: Venusaur|atk|2
|-boost|p1a: Venusaur|spa|2
|move|p2a: Sharpedo|Crunch|p1a: Venusaur
|-damage|p1a: Venusaur|12/100
|-unboost|p1a: Venusaur|def|1
|-damage|p2a: Sharpedo|71/100|[from] item: Life Orb
|
|-weather|SunnyDay|[upkeep]
|-ability|p2a: Sharpedo|Speed Boost|boost
|-boost|p2a: Sharpedo|spe|1
|upkeep
|turn|27
|
|t:|1631062709
|move|p2a: Sharpedo|Crunch|p1a: Venusaur
|-damage|p1a: Venusaur|0 fnt
|faint|p1a: Venusaur
|-damage|p2a: Sharpedo|61/100|[from] item: Life Orb
|
|-weather|SunnyDay|[upkeep]
|-ability|p2a: Sharpedo|Speed Boost|boost
|-boost|p2a: Sharpedo|spe|1
|upkeep
|c|☆Zephyyyr|Gg
|c|☆Seraphz|gg
|-message|Zephyyyr forfeited.
|
|win|Seraphz
|raw|Zephyyyr's rating: 1599 &rarr; <strong>1576</strong><br />(-23 for losing)
|raw|Seraphz's rating: 1545 &rarr; <strong>1568</strong><br />(+23 for winning)
|l|☆Zephyyyr
