|j|☆Dysipius
|j|☆Springerk
|t:|1663169680
|gametype|singles
|player|p1|Dysipius|riley|1395
|player|p2|Springerk|lance-masters|1498
|teamsize|p1|6
|teamsize|p2|6
|gen|8
|tier|[Gen 8] UU
|rated|
|rule|Sleep Clause Mod: Limit one foe put to sleep
|rule|Species Clause: Limit one of each Pokémon
|rule|OHKO Clause: OHKO moves are banned
|rule|Evasion Items Clause: Evasion items are banned
|rule|Evasion Moves Clause: Evasion moves are banned
|rule|Endless Battle Clause: Forcing endless battles is banned
|rule|HP Percentage Mod: HP is shown in percentages
|rule|Dynamax Clause: You cannot dynamax
|clearpoke
|poke|p1|Exploud, M|
|poke|p1|Skarmory, M|
|poke|p1|Excadrill, M|
|poke|p1|Darmanitan, F|
|poke|p1|Chansey, F|
|poke|p1|Suicune|
|poke|p2|Regice|
|poke|p2|Hippowdon, M|
|poke|p2|Jirachi|
|poke|p2|Tentacruel, F|
|poke|p2|Conkeldurr, M|
|poke|p2|Hydreigon, M|
|teampreview
|inactive|Battle timer is ON: inactive players will automatically lose when time's up. (requested by Dysipius)
|inactive|Springerk has 120 seconds left.
|
|t:|1663169728
|start
|switch|p1a: Darmanitan|Darmanitan, F|100/100
|switch|p2a: Conkeldurr|Conkeldurr, M|100/100
|turn|1
|
|t:|1663169736
|switch|p2a: Tentacruel|Tentacruel, F|100/100
|move|p1a: Darmanitan|Flare Blitz|p2a: Tentacruel
|-resisted|p2a: Tentacruel
|-damage|p2a: Tentacruel|47/100
|-damage|p1a: Darmanitan|82/100|[from] Recoil
|
|-heal|p2a: Tentacruel|53/100|[from] item: Black Sludge
|upkeep
|turn|2
|
|t:|1663169749
|switch|p1a: Chansey|Chansey, F|100/100
|move|p2a: Tentacruel|Knock Off|p1a: Chansey
|-damage|p1a: Chansey|91/100
|-enditem|p1a: Chansey|Eviolite|[from] move: Knock Off|[of] p2a: Tentacruel
|
|-heal|p2a: Tentacruel|59/100|[from] item: Black Sludge
|upkeep
|turn|3
|
|t:|1663169759
|switch|p2a: Conkeldurr|Conkeldurr, M|100/100
|move|p1a: Chansey|Stealth Rock|p2a: Conkeldurr
|-sidestart|p2: Springerk|move: Stealth Rock
|
|-status|p2a: Conkeldurr|brn|[from] item: Flame Orb
|upkeep
|turn|4
|
|t:|1663169772
|switch|p1a: Skarmory|Skarmory, M|100/100
|move|p2a: Conkeldurr|Knock Off|p1a: Skarmory
|-damage|p1a: Skarmory|64/100
|-damage|p2a: Conkeldurr|84/100 brn|[from] item: Rocky Helmet|[of] p1a: Skarmory
|-enditem|p1a: Skarmory|Rocky Helmet|[from] move: Knock Off|[of] p2a: Conkeldurr
|
|-damage|p2a: Conkeldurr|78/100 brn|[from] brn
|upkeep
|turn|5
|
|t:|1663169783
|move|p2a: Conkeldurr|Drain Punch|p1a: Skarmory
|-damage|p1a: Skarmory|24/100
|-heal|p2a: Conkeldurr|97/100 brn|[from] drain|[of] p1a: Skarmory
|move|p1a: Skarmory|Brave Bird|p2a: Conkeldurr
|-supereffective|p2a: Conkeldurr
|-damage|p2a: Conkeldurr|23/100 brn
|-damage|p1a: Skarmory|0 fnt|[from] Recoil
|faint|p1a: Skarmory
|
|-damage|p2a: Conkeldurr|17/100 brn|[from] brn
|upkeep
|
|t:|1663169800
|switch|p1a: Darmanitan|Darmanitan, F|82/100
|turn|6
|
|t:|1663169823
|move|p2a: Conkeldurr|Mach Punch|p1a: Darmanitan
|-damage|p1a: Darmanitan|21/100
|move|p1a: Darmanitan|U-turn|p2a: Conkeldurr
|-resisted|p2a: Conkeldurr
|-damage|p2a: Conkeldurr|4/100 brn
|
|t:|1663169832
|switch|p1a: Exploud|Exploud, M|100/100|[from]move: U-turn
|
|-damage|p2a: Conkeldurr|0 fnt|[from] brn
|faint|p2a: Conkeldurr
|upkeep
|
|t:|1663169847
|switch|p2a: Jirachi|Jirachi|100/100
|-damage|p2a: Jirachi|94/100|[from] Stealth Rock
|turn|7
|
|t:|1663169857
|move|p2a: Jirachi|Iron Head|p1a: Exploud
|-damage|p1a: Exploud|60/100
|move|p1a: Exploud|Flamethrower|p2a: Jirachi
|-supereffective|p2a: Jirachi
|-damage|p2a: Jirachi|30/100
|
|-heal|p2a: Jirachi|36/100|[from] item: Leftovers
|upkeep
|turn|8
|
|t:|1663169866
|move|p2a: Jirachi|Protect|p2a: Jirachi
|-singleturn|p2a: Jirachi|Protect
|move|p1a: Exploud|Flamethrower|p2a: Jirachi
|-activate|p2a: Jirachi|move: Protect
|
|-heal|p2a: Jirachi|42/100|[from] item: Leftovers
|upkeep
|turn|9
|
|t:|1663169877
|switch|p1a: Suicune|Suicune|100/100
|-ability|p1a: Suicune|Pressure
|move|p2a: Jirachi|U-turn|p1a: Suicune
|-damage|p1a: Suicune|92/100
|
|t:|1663169892
|switch|p2a: Tentacruel|Tentacruel, F|59/100|[from]move: U-turn
|-damage|p2a: Tentacruel|47/100|[from] Stealth Rock
|
|-heal|p2a: Tentacruel|53/100|[from] item: Black Sludge
|-heal|p1a: Suicune|98/100|[from] item: Leftovers
|upkeep
|turn|10
|
|t:|1663169903
|move|p2a: Tentacruel|Rapid Spin|p1a: Suicune
|-damage|p1a: Suicune|94/100
|-boost|p2a: Tentacruel|spe|1
|-sideend|p2: Springerk|Stealth Rock|[from] move: Rapid Spin|[of] p2a: Tentacruel
|move|p1a: Suicune|Substitute|p1a: Suicune
|-start|p1a: Suicune|Substitute
|-damage|p1a: Suicune|69/100
|
|-heal|p2a: Tentacruel|59/100|[from] item: Black Sludge
|-heal|p1a: Suicune|75/100|[from] item: Leftovers
|upkeep
|turn|11
|
|t:|1663169928
|move|p2a: Tentacruel|Knock Off|p1a: Suicune
|-activate|p1a: Suicune|move: Substitute|[damage]
|move|p1a: Suicune|Calm Mind|p1a: Suicune
|-boost|p1a: Suicune|spa|1
|-boost|p1a: Suicune|spd|1
|
|-heal|p2a: Tentacruel|65/100|[from] item: Black Sludge
|-heal|p1a: Suicune|81/100|[from] item: Leftovers
|upkeep
|turn|12
|
|t:|1663169939
|move|p2a: Tentacruel|Knock Off|p1a: Suicune
|-activate|p1a: Suicune|move: Substitute|[damage]
|move|p1a: Suicune|Substitute|p1a: Suicune
|-fail|p1a: Suicune|move: Substitute
|
|-heal|p2a: Tentacruel|71/100|[from] item: Black Sludge
|-heal|p1a: Suicune|87/100|[from] item: Leftovers
|upkeep
|turn|13
|
|t:|1663169955
|move|p2a: Tentacruel|Haze|p2a: Tentacruel
|-clearallboost
|move|p1a: Suicune|Substitute|p1a: Suicune
|-fail|p1a: Suicune|move: Substitute
|
|-heal|p2a: Tentacruel|77/100|[from] item: Black Sludge
|-heal|p1a: Suicune|93/100|[from] item: Leftovers
|upkeep
|turn|14
|
|t:|1663169965
|move|p2a: Tentacruel|Knock Off|p1a: Suicune
|-end|p1a: Suicune|Substitute
|move|p1a: Suicune|Scald|p2a: Tentacruel
|-resisted|p2a: Tentacruel
|-damage|p2a: Tentacruel|66/100
|-status|p2a: Tentacruel|brn
|
|-heal|p2a: Tentacruel|72/100 brn|[from] item: Black Sludge
|-heal|p1a: Suicune|99/100|[from] item: Leftovers
|-damage|p2a: Tentacruel|66/100 brn|[from] brn
|upkeep
|turn|15
|
|t:|1663169977
|switch|p1a: Chansey|Chansey, F|91/100
|move|p2a: Tentacruel|Knock Off|p1a: Chansey
|-damage|p1a: Chansey|87/100
|
|-heal|p2a: Tentacruel|72/100 brn|[from] item: Black Sludge
|-damage|p2a: Tentacruel|66/100 brn|[from] brn
|upkeep
|turn|16
|
|t:|1663169987
|switch|p2a: Hippowdon|Hippowdon, M|100/100
|-weather|Sandstorm|[from] ability: Sand Stream|[of] p2a: Hippowdon
|move|p1a: Chansey|Stealth Rock|p2a: Hippowdon
|-sidestart|p2: Springerk|move: Stealth Rock
|
|-weather|Sandstorm|[upkeep]
|-damage|p1a: Chansey|81/100|[from] Sandstorm
|upkeep
|turn|17
|
|t:|1663169997
|move|p1a: Chansey|Toxic|p2a: Hippowdon
|-status|p2a: Hippowdon|tox
|move|p2a: Hippowdon|Stealth Rock|p1a: Chansey
|-sidestart|p1: Dysipius|move: Stealth Rock
|
|-weather|Sandstorm|[upkeep]
|-damage|p1a: Chansey|74/100|[from] Sandstorm
|-damage|p2a: Hippowdon|94/100 tox|[from] psn
|upkeep
|turn|18
|
|t:|1663170008
|switch|p2a: Jirachi|Jirachi|42/100
|-damage|p2a: Jirachi|36/100|[from] Stealth Rock
|move|p1a: Chansey|Seismic Toss|p2a: Jirachi
|-damage|p2a: Jirachi|11/100
|
|-weather|Sandstorm|[upkeep]
|-damage|p1a: Chansey|68/100|[from] Sandstorm
|-heal|p2a: Jirachi|18/100|[from] item: Leftovers
|upkeep
|turn|19
|
|t:|1663170020
|switch|p1a: Excadrill|Excadrill, M|100/100
|-damage|p1a: Excadrill|97/100|[from] Stealth Rock
|-ability|p1a: Excadrill|Mold Breaker
|move|p2a: Jirachi|Iron Head|p1a: Excadrill
|-resisted|p1a: Excadrill
|-damage|p1a: Excadrill|78/100
|
|-weather|Sandstorm|[upkeep]
|-heal|p2a: Jirachi|24/100|[from] item: Leftovers
|-heal|p1a: Excadrill|84/100|[from] item: Leftovers
|upkeep
|turn|20
|
|t:|1663170032
|move|p2a: Jirachi|Protect|p2a: Jirachi
|-singleturn|p2a: Jirachi|Protect
|move|p1a: Excadrill|Rapid Spin|p2a: Jirachi
|-activate|p2a: Jirachi|move: Protect
|
|-weather|none
|-heal|p2a: Jirachi|30/100|[from] item: Leftovers
|-heal|p1a: Excadrill|91/100|[from] item: Leftovers
|upkeep
|turn|21
|
|t:|1663170043
|move|p2a: Jirachi|U-turn|p1a: Excadrill
|-resisted|p1a: Excadrill
|-damage|p1a: Excadrill|78/100
|
|t:|1663170046
|switch|p2a: Hippowdon|Hippowdon, M|94/100 tox|[from]move: U-turn
|-damage|p2a: Hippowdon|88/100 tox|[from] Stealth Rock
|-weather|Sandstorm|[from] ability: Sand Stream|[of] p2a: Hippowdon
|move|p1a: Excadrill|Rapid Spin|p2a: Hippowdon
|-damage|p2a: Hippowdon|76/100 tox
|-boost|p1a: Excadrill|spe|1
|-sideend|p1: Dysipius|Stealth Rock|[from] move: Rapid Spin|[of] p1a: Excadrill
|
|-weather|Sandstorm|[upkeep]
|-heal|p1a: Excadrill|84/100|[from] item: Leftovers
|-heal|p2a: Hippowdon|82/100 tox|[from] item: Leftovers
|-damage|p2a: Hippowdon|76/100 tox|[from] psn
|upkeep
|turn|22
|
|t:|1663170069
|switch|p1a: Exploud|Exploud, M|60/100
|move|p2a: Hippowdon|Earthquake|p1a: Exploud
|-damage|p1a: Exploud|1/100
|
|-weather|Sandstorm|[upkeep]
|-damage|p1a: Exploud|0 fnt|[from] Sandstorm
|faint|p1a: Exploud
|-heal|p2a: Hippowdon|82/100 tox|[from] item: Leftovers
|-damage|p2a: Hippowdon|70/100 tox|[from] psn
|upkeep
|
|t:|1663170080
|switch|p1a: Suicune|Suicune|99/100
|-ability|p1a: Suicune|Pressure
|turn|23
|
|t:|1663170087
|move|p1a: Suicune|Substitute|p1a: Suicune
|-start|p1a: Suicune|Substitute
|-damage|p1a: Suicune|75/100
|move|p2a: Hippowdon|Earthquake|p1a: Suicune
|-activate|p1a: Suicune|move: Substitute|[damage]
|
|-weather|Sandstorm|[upkeep]
|-damage|p1a: Suicune|68/100|[from] Sandstorm
|-heal|p1a: Suicune|75/100|[from] item: Leftovers
|-heal|p2a: Hippowdon|76/100 tox|[from] item: Leftovers
|-damage|p2a: Hippowdon|58/100 tox|[from] psn
|upkeep
|turn|24
|
|t:|1663170099
|switch|p2a: Regice|Regice|100/100
|move|p1a: Suicune|Calm Mind|p1a: Suicune
|-boost|p1a: Suicune|spa|1
|-boost|p1a: Suicune|spd|1
|
|-weather|Sandstorm|[upkeep]
|-damage|p1a: Suicune|68/100|[from] Sandstorm
|-damage|p2a: Regice|94/100|[from] Sandstorm
|-heal|p1a: Suicune|75/100|[from] item: Leftovers
|upkeep
|turn|25
|
|t:|1663170110
|move|p1a: Suicune|Calm Mind|p1a: Suicune
|-boost|p1a: Suicune|spa|1
|-boost|p1a: Suicune|spd|1
|move|p2a: Regice|Thunderbolt|p1a: Suicune
|-supereffective|p1a: Suicune
|-end|p1a: Suicune|Substitute
|
|-weather|none
|-heal|p1a: Suicune|81/100|[from] item: Leftovers
|upkeep
|turn|26
|
|t:|1663170119
|move|p1a: Suicune|Substitute|p1a: Suicune
|-start|p1a: Suicune|Substitute
|-damage|p1a: Suicune|56/100
|move|p2a: Regice|Thunderbolt|p1a: Suicune
|-supereffective|p1a: Suicune
|-activate|p1a: Suicune|move: Substitute|[damage]
|
|-heal|p1a: Suicune|62/100|[from] item: Leftovers
|upkeep
|turn|27
|
|t:|1663170128
|move|p1a: Suicune|Calm Mind|p1a: Suicune
|-boost|p1a: Suicune|spa|1
|-boost|p1a: Suicune|spd|1
|move|p2a: Regice|Thunderbolt|p1a: Suicune
|-supereffective|p1a: Suicune
|-end|p1a: Suicune|Substitute
|
|-heal|p1a: Suicune|68/100|[from] item: Leftovers
|upkeep
|turn|28
|
|t:|1663170137
|move|p1a: Suicune|Substitute|p1a: Suicune
|-start|p1a: Suicune|Substitute
|-damage|p1a: Suicune|43/100
|move|p2a: Regice|Thunderbolt|p1a: Suicune
|-supereffective|p1a: Suicune
|-activate|p1a: Suicune|move: Substitute|[damage]
|
|-heal|p1a: Suicune|49/100|[from] item: Leftovers
|upkeep
|turn|29
|
|t:|1663170146
|move|p1a: Suicune|Calm Mind|p1a: Suicune
|-boost|p1a: Suicune|spa|1
|-boost|p1a: Suicune|spd|1
|move|p2a: Regice|Thunderbolt|p1a: Suicune
|-supereffective|p1a: Suicune
|-crit|p1a: Suicune
|-end|p1a: Suicune|Substitute
|
|-heal|p1a: Suicune|55/100|[from] item: Leftovers
|upkeep
|turn|30
|
|t:|1663170156
|switch|p2a: Tentacruel|Tentacruel, F|66/100 brn
|-damage|p2a: Tentacruel|54/100 brn|[from] Stealth Rock
|move|p1a: Suicune|Substitute|p1a: Suicune
|-start|p1a: Suicune|Substitute
|-damage|p1a: Suicune|30/100
|
|-heal|p2a: Tentacruel|60/100 brn|[from] item: Black Sludge
|-heal|p1a: Suicune|37/100|[from] item: Leftovers
|-damage|p2a: Tentacruel|54/100 brn|[from] brn
|upkeep
|turn|31
|
|t:|1663170168
|move|p2a: Tentacruel|Haze|p2a: Tentacruel
|-clearallboost
|move|p1a: Suicune|Scald|p2a: Tentacruel
|-resisted|p2a: Tentacruel
|-damage|p2a: Tentacruel|43/100 brn
|
|-heal|p2a: Tentacruel|49/100 brn|[from] item: Black Sludge
|-heal|p1a: Suicune|43/100|[from] item: Leftovers
|-damage|p2a: Tentacruel|43/100 brn|[from] brn
|upkeep
|turn|32
|
|t:|1663170181
|switch|p2a: Jirachi|Jirachi|30/100
|-damage|p2a: Jirachi|24/100|[from] Stealth Rock
|move|p1a: Suicune|Scald|p2a: Jirachi
|-damage|p2a: Jirachi|3/100
|
|-heal|p2a: Jirachi|10/100|[from] item: Leftovers
|-heal|p1a: Suicune|49/100|[from] item: Leftovers
|upkeep
|turn|33
|
|t:|1663170193
|move|p2a: Jirachi|Protect|p2a: Jirachi
|-singleturn|p2a: Jirachi|Protect
|move|p1a: Suicune|Calm Mind|p1a: Suicune
|-boost|p1a: Suicune|spa|1
|-boost|p1a: Suicune|spd|1
|
|-heal|p2a: Jirachi|16/100|[from] item: Leftovers
|-heal|p1a: Suicune|55/100|[from] item: Leftovers
|upkeep
|turn|34
|
|t:|1663170205
|move|p2a: Jirachi|U-turn|p1a: Suicune
|-activate|p1a: Suicune|move: Substitute|[damage]
|
|t:|1663170217
|switch|p2a: Regice|Regice|94/100|[from]move: U-turn
|move|p1a: Suicune|Scald|p2a: Regice
|-damage|p2a: Regice|76/100
|-status|p2a: Regice|brn
|
|-heal|p1a: Suicune|61/100|[from] item: Leftovers
|-damage|p2a: Regice|70/100 brn|[from] brn
|upkeep
|turn|35
|
|t:|1663170229
|move|p1a: Suicune|Calm Mind|p1a: Suicune
|-boost|p1a: Suicune|spa|1
|-boost|p1a: Suicune|spd|1
|move|p2a: Regice|Rest|p2a: Regice
|-status|p2a: Regice|slp|[from] move: Rest
|-heal|p2a: Regice|100/100 slp|[silent]
|
|-heal|p1a: Suicune|68/100|[from] item: Leftovers
|upkeep
|turn|36
|
|t:|1663170239
|switch|p2a: Tentacruel|Tentacruel, F|43/100 brn
|-damage|p2a: Tentacruel|31/100 brn|[from] Stealth Rock
|move|p1a: Suicune|Calm Mind|p1a: Suicune
|-boost|p1a: Suicune|spa|1
|-boost|p1a: Suicune|spd|1
|
|-heal|p2a: Tentacruel|37/100 brn|[from] item: Black Sludge
|-heal|p1a: Suicune|74/100|[from] item: Leftovers
|-damage|p2a: Tentacruel|31/100 brn|[from] brn
|upkeep
|turn|37
|
|t:|1663170251
|move|p2a: Tentacruel|Haze|p2a: Tentacruel
|-clearallboost
|move|p1a: Suicune|Scald|p2a: Tentacruel
|-resisted|p2a: Tentacruel
|-damage|p2a: Tentacruel|21/100 brn
|
|-heal|p2a: Tentacruel|27/100 brn|[from] item: Black Sludge
|-heal|p1a: Suicune|80/100|[from] item: Leftovers
|-damage|p2a: Tentacruel|21/100 brn|[from] brn
|upkeep
|turn|38
|
|t:|1663170262
|move|p2a: Tentacruel|Rapid Spin|p1a: Suicune
|-activate|p1a: Suicune|move: Substitute|[damage]
|-sideend|p2: Springerk|Stealth Rock|[from] move: Rapid Spin|[of] p2a: Tentacruel
|-boost|p2a: Tentacruel|spe|1
|move|p1a: Suicune|Scald|p2a: Tentacruel
|-resisted|p2a: Tentacruel
|-damage|p2a: Tentacruel|10/100 brn
|
|-heal|p2a: Tentacruel|16/100 brn|[from] item: Black Sludge
|-heal|p1a: Suicune|86/100|[from] item: Leftovers
|-damage|p2a: Tentacruel|10/100 brn|[from] brn
|upkeep
|turn|39
|
|t:|1663170274
|switch|p2a: Regice|Regice|100/100 slp
|move|p1a: Suicune|Scald|p2a: Regice
|-crit|p2a: Regice
|-damage|p2a: Regice|82/100 slp
|
|-heal|p1a: Suicune|92/100|[from] item: Leftovers
|upkeep
|turn|40
|
|t:|1663170287
|move|p1a: Suicune|Calm Mind|p1a: Suicune
|-boost|p1a: Suicune|spa|1
|-boost|p1a: Suicune|spd|1
|cant|p2a: Regice|slp
|move|p2a: Regice|Sleep Talk|p2a: Regice
|move|p2a: Regice|Ice Beam|p1a: Suicune|[from]move: Sleep Talk
|-resisted|p1a: Suicune
|-activate|p1a: Suicune|move: Substitute|[damage]
|
|-heal|p1a: Suicune|99/100|[from] item: Leftovers
|upkeep
|turn|41
|
|t:|1663170299
|move|p1a: Suicune|Calm Mind|p1a: Suicune
|-boost|p1a: Suicune|spa|1
|-boost|p1a: Suicune|spd|1
|cant|p2a: Regice|slp
|move|p2a: Regice|Sleep Talk|p2a: Regice
|move|p2a: Regice|Ice Beam|p1a: Suicune|[from]move: Sleep Talk
|-resisted|p1a: Suicune
|-end|p1a: Suicune|Substitute
|
|-heal|p1a: Suicune|100/100|[from] item: Leftovers
|upkeep
|turn|42
|
|t:|1663170312
|move|p1a: Suicune|Substitute|p1a: Suicune
|-start|p1a: Suicune|Substitute
|-damage|p1a: Suicune|75/100
|-curestatus|p2a: Regice|slp|[msg]
|move|p2a: Regice|Thunderbolt|p1a: Suicune
|-supereffective|p1a: Suicune
|-activate|p1a: Suicune|move: Substitute|[damage]
|
|-heal|p1a: Suicune|82/100|[from] item: Leftovers
|upkeep
|turn|43
|
|t:|1663170322
|move|p1a: Suicune|Calm Mind|p1a: Suicune
|-boost|p1a: Suicune|spa|1
|-boost|p1a: Suicune|spd|1
|move|p2a: Regice|Thunderbolt|p1a: Suicune
|-supereffective|p1a: Suicune
|-end|p1a: Suicune|Substitute
|
|-heal|p1a: Suicune|88/100|[from] item: Leftovers
|upkeep
|turn|44
|inactive|Springerk has 120 seconds left.
|
|t:|1663170356
|move|p1a: Suicune|Substitute|p1a: Suicune
|-start|p1a: Suicune|Substitute
|-damage|p1a: Suicune|63/100
|move|p2a: Regice|Thunderbolt|p1a: Suicune
|-supereffective|p1a: Suicune
|-activate|p1a: Suicune|move: Substitute|[damage]
|
|-heal|p1a: Suicune|69/100|[from] item: Leftovers
|upkeep
|turn|45
|
|t:|1663170364
|move|p1a: Suicune|Calm Mind|p1a: Suicune
|-boost|p1a: Suicune|spa|1
|-boost|p1a: Suicune|spd|1
|move|p2a: Regice|Thunderbolt|p1a: Suicune
|-supereffective|p1a: Suicune
|-end|p1a: Suicune|Substitute
|
|-heal|p1a: Suicune|75/100|[from] item: Leftovers
|upkeep
|turn|46
|
|t:|1663170386
|switch|p2a: Tentacruel|Tentacruel, F|10/100 brn
|move|p1a: Suicune|Substitute|p1a: Suicune
|-start|p1a: Suicune|Substitute
|-damage|p1a: Suicune|50/100
|
|-heal|p2a: Tentacruel|16/100 brn|[from] item: Black Sludge
|-heal|p1a: Suicune|56/100|[from] item: Leftovers
|-damage|p2a: Tentacruel|10/100 brn|[from] brn
|upkeep
|turn|47
|inactive|Springerk has 120 seconds left.
|
|t:|1663170402
|switch|p2a: Regice|Regice|82/100
|move|p1a: Suicune|Scald|p2a: Regice
|-damage|p2a: Regice|46/100
|
|-heal|p1a: Suicune|63/100|[from] item: Leftovers
|upkeep
|turn|48
|inactive|Springerk has 120 seconds left.
|
|t:|1663170414
|move|p1a: Suicune|Scald|p2a: Regice
|-damage|p2a: Regice|8/100
|move|p2a: Regice|Rest|p2a: Regice
|-status|p2a: Regice|slp|[from] move: Rest
|-heal|p2a: Regice|100/100 slp|[silent]
|
|-heal|p1a: Suicune|69/100|[from] item: Leftovers
|upkeep
|turn|49
|
|t:|1663170424
|move|p1a: Suicune|Calm Mind|p1a: Suicune
|-boost|p1a: Suicune|spa|1
|-boost|p1a: Suicune|spd|1
|cant|p2a: Regice|slp
|move|p2a: Regice|Sleep Talk|p2a: Regice
|move|p2a: Regice|Rest||[from]move: Sleep Talk|[still]
|-fail|p2a: Regice
|
|-heal|p1a: Suicune|75/100|[from] item: Leftovers
|upkeep
|turn|50
|inactive|Springerk has 120 seconds left.
|
|t:|1663170463
|move|p1a: Suicune|Calm Mind|p1a: Suicune
|-boost|p1a: Suicune|spa|1
|-boost|p1a: Suicune|spd|1
|cant|p2a: Regice|slp
|
|-heal|p1a: Suicune|81/100|[from] item: Leftovers
|upkeep
|turn|51
|
|t:|1663170472
|move|p1a: Suicune|Scald|p2a: Regice
|-damage|p2a: Regice|51/100 slp
|-curestatus|p2a: Regice|slp|[msg]
|move|p2a: Regice|Thunderbolt|p1a: Suicune
|-supereffective|p1a: Suicune
|-activate|p1a: Suicune|move: Substitute|[damage]
|
|-heal|p1a: Suicune|87/100|[from] item: Leftovers
|upkeep
|turn|52
|
|t:|1663170483
|move|p1a: Suicune|Scald|p2a: Regice
|-damage|p2a: Regice|0 fnt
|faint|p2a: Regice
|
|-heal|p1a: Suicune|94/100|[from] item: Leftovers
|upkeep
|
|t:|1663170489
|switch|p2a: Tentacruel|Tentacruel, F|10/100 brn
|turn|53
|
|t:|1663170494
|move|p2a: Tentacruel|Haze|p2a: Tentacruel
|-clearallboost
|move|p1a: Suicune|Scald|p2a: Tentacruel
|-resisted|p2a: Tentacruel
|-damage|p2a: Tentacruel|1/100 brn
|
|-heal|p2a: Tentacruel|7/100 brn|[from] item: Black Sludge
|-heal|p1a: Suicune|99/100|[from] item: Leftovers
|-damage|p2a: Tentacruel|1/100 brn|[from] brn
|upkeep
|turn|54
|-message|Springerk forfeited.
|
|win|Dysipius
|raw|Dysipius's rating: 1395 &rarr; <strong>1421</strong><br />(+26 for winning)
|raw|Springerk's rating: 1498 &rarr; <strong>1472</strong><br />(-26 for losing)
|l|☆Springerk
