|j|☆Skepticism
|j|☆predator145
|player|p1|Skepticism|167|1392
|player|p2|predator145|49|1449
|teamsize|p1|6
|teamsize|p2|6
|gametype|singles
|gen|8
|tier|[Gen 8] UU
|rated|
|rule|Sleep Clause Mod: Limit one foe put to sleep
|rule|Species Clause: Limit one of each Pokémon
|rule|OHKO Clause: OHKO moves are banned
|rule|Evasion Moves Clause: Evasion moves are banned
|rule|Endless Battle Clause: Forcing endless battles is banned
|rule|HP Percentage Mod: HP is shown in percentages
|clearpoke
|poke|p1|Froslass, F|
|poke|p1|Runerigus, F|
|poke|p1|Milotic, F|
|poke|p1|Drapion, F|
|poke|p1|Lucario, F|
|poke|p1|Passimian, F|
|poke|p2|Diggersby, F|
|poke|p2|Durant, F|
|poke|p2|Obstagoon, F|
|poke|p2|Araquanid, F|
|poke|p2|Claydol|
|poke|p2|Vaporeon, F|
|rule|Dynamax Clause: You cannot dynamax
|teampreview
|
|start
|switch|p1a: Froslass|Froslass, F|100/100
|switch|p2a: Diggersby|Diggersby, F|100/100
|turn|1
|inactive|Battle timer is ON: inactive players will automatically lose when time's up. (requested by Skepticism)
|
|move|p2a: Diggersby|U-turn|p1a: Froslass
|-resisted|p1a: Froslass
|-damage|p1a: Froslass|73/100
|j| Bear bear shadow
|
|switch|p2a: Araquanid|Araquanid, F|100/100|[from]move: U-turn
|move|p1a: Froslass|Will-O-Wisp|p2a: Araquanid
|-immune|p2a: Araquanid|[from] ability: Water Bubble
|
|upkeep
|turn|2
|
|move|p1a: Froslass|Spikes|p2a: Araquanid
|-sidestart|p2: predator145|Spikes
|move|p2a: Araquanid|Sticky Web|p1a: Froslass
|-sidestart|p1: Skepticism|move: Sticky Web
|
|upkeep
|turn|3
|
|move|p1a: Froslass|Spikes|p2a: Araquanid
|-sidestart|p2: predator145|Spikes
|move|p2a: Araquanid|Liquidation|p1a: Froslass
|-damage|p1a: Froslass|0 fnt
|faint|p1a: Froslass
|
|upkeep
|
|switch|p1a: Passimian|Passimian, F|100/100
|-activate|p1a: Passimian|move: Sticky Web
|-unboost|p1a: Passimian|spe|1
|-ability|p1a: Passimian|Defiant
|-boost|p1a: Passimian|atk|2
|turn|4
|
|move|p1a: Passimian|Rock Slide|p2a: Araquanid
|-supereffective|p2a: Araquanid
|-damage|p2a: Araquanid|0 fnt
|faint|p2a: Araquanid
|
|upkeep
|inactive|predator145 has 120 seconds left.
|
|switch|p2a: Claydol|Claydol|100/100
|turn|5
|inactive|predator145 has 120 seconds left.
|
|switch|p1a: Runerigus|Runerigus, F|100/100
|-activate|p1a: Runerigus|move: Sticky Web
|-unboost|p1a: Runerigus|spe|1
|move|p2a: Claydol|Rapid Spin|p1a: Runerigus
|-immune|p1a: Runerigus
|
|upkeep
|turn|6
|
|switch|p2a: Obstagoon|Obstagoon, F|100/100
|-damage|p2a: Obstagoon|84/100|[from] Spikes
|move|p1a: Runerigus|Stealth Rock|p2a: Obstagoon
|-sidestart|p2: predator145|move: Stealth Rock
|
|-status|p2a: Obstagoon|brn|[from] item: Flame Orb
|upkeep
|turn|7
|
|switch|p1a: Drapion|Drapion, F|100/100
|-activate|p1a: Drapion|move: Sticky Web
|-unboost|p1a: Drapion|spe|1
|move|p2a: Obstagoon|Knock Off|p1a: Drapion
|-resisted|p1a: Drapion
|-damage|p1a: Drapion|73/100
|-enditem|p1a: Drapion|Black Sludge|[from] move: Knock Off|[of] p2a: Obstagoon
|
|-damage|p2a: Obstagoon|78/100 brn|[from] brn
|upkeep
|turn|8
|inactive|predator145 has 120 seconds left.
|
|move|p2a: Obstagoon|Facade|p1a: Drapion
|-damage|p1a: Drapion|0 fnt
|faint|p1a: Drapion
|
|-damage|p2a: Obstagoon|72/100 brn|[from] brn
|upkeep
|
|switch|p1a: Passimian|Passimian, F|100/100
|-activate|p1a: Passimian|move: Sticky Web
|-unboost|p1a: Passimian|spe|1
|-ability|p1a: Passimian|Defiant
|-boost|p1a: Passimian|atk|2
|turn|9
|l| Bear bear shadow
|inactive|predator145 has 90 seconds left.
|
|move|p2a: Obstagoon|Facade|p1a: Passimian
|-damage|p1a: Passimian|6/100
|move|p1a: Passimian|U-turn|p2a: Obstagoon
|-supereffective|p2a: Obstagoon
|-damage|p2a: Obstagoon|0 fnt
|faint|p2a: Obstagoon
|
|switch|p1a: Runerigus|Runerigus, F|100/100|[from]move: U-turn
|-activate|p1a: Runerigus|move: Sticky Web
|-unboost|p1a: Runerigus|spe|1
|
|upkeep
|
|switch|p2a: Vaporeon|Vaporeon, F|100/100
|-damage|p2a: Vaporeon|84/100|[from] Spikes
|-damage|p2a: Vaporeon|71/100|[from] Stealth Rock
|turn|10
|
|move|p2a: Vaporeon|Wish|p2a: Vaporeon
|move|p1a: Runerigus|Toxic Spikes|p2a: Vaporeon
|-sidestart|p2: predator145|move: Toxic Spikes
|
|-heal|p2a: Vaporeon|78/100|[from] item: Leftovers
|upkeep
|turn|11
|
|switch|p2a: Durant|Durant, F|100/100
|-damage|p2a: Durant|88/100|[from] Stealth Rock
|-damage|p2a: Durant|72/100|[from] Spikes
|move|p1a: Runerigus|Toxic Spikes|p2a: Durant
|-sidestart|p2: predator145|move: Toxic Spikes
|
|-heal|p2a: Durant|100/100|[from] move: Wish|[wisher] Vaporeon
|upkeep
|turn|12
|
|move|p2a: Durant|Iron Head|p1a: Runerigus
|-damage|p1a: Runerigus|57/100
|-activate|p2a: Durant|ability: Wandering Spirit|Wandering Spirit|Hustle|[of] p1a: Runerigus
|-damage|p2a: Durant|91/100|[from] item: Life Orb
|move|p1a: Runerigus|Will-O-Wisp|p2a: Durant
|-status|p2a: Durant|brn
|
|-heal|p1a: Runerigus|63/100|[from] item: Leftovers
|-damage|p2a: Durant|85/100 brn|[from] brn
|upkeep
|turn|13
|inactive|predator145 has 90 seconds left.
|
|move|p2a: Durant|Iron Head|p1a: Runerigus
|-damage|p1a: Runerigus|50/100
|-damage|p2a: Durant|75/100 brn|[from] item: Life Orb
|move|p1a: Runerigus|Night Shade|p2a: Durant
|-damage|p2a: Durant|36/100 brn
|
|-heal|p1a: Runerigus|56/100|[from] item: Leftovers
|-damage|p2a: Durant|30/100 brn|[from] brn
|upkeep
|turn|14
|inactive|predator145 has 90 seconds left.
|
|move|p2a: Durant|Iron Head|p1a: Runerigus
|-damage|p1a: Runerigus|41/100
|-damage|p2a: Durant|20/100 brn|[from] item: Life Orb
|move|p1a: Runerigus|Night Shade|p2a: Durant
|-damage|p2a: Durant|0 fnt
|faint|p2a: Durant
|
|-heal|p1a: Runerigus|47/100|[from] item: Leftovers
|upkeep
|inactive|predator145 has 90 seconds left.
|
|switch|p2a: Claydol|Claydol|100/100
|-damage|p2a: Claydol|94/100|[from] Stealth Rock
|turn|15
|inactive|predator145 has 90 seconds left.
|
|move|p2a: Claydol|Earth Power|p1a: Runerigus
|-damage|p1a: Runerigus|25/100
|-unboost|p1a: Runerigus|spd|1
|move|p1a: Runerigus|Will-O-Wisp|p2a: Claydol
|-status|p2a: Claydol|brn
|
|-heal|p1a: Runerigus|31/100|[from] item: Leftovers
|-damage|p2a: Claydol|88/100 brn|[from] brn
|upkeep
|turn|16
|inactive|predator145 has 90 seconds left.
|
|switch|p1a: Passimian|Passimian, F|6/100
|-activate|p1a: Passimian|move: Sticky Web
|-unboost|p1a: Passimian|spe|1
|-ability|p1a: Passimian|Defiant
|-boost|p1a: Passimian|atk|2
|move|p2a: Claydol|Earth Power|p1a: Passimian
|-damage|p1a: Passimian|0 fnt
|faint|p1a: Passimian
|
|-damage|p2a: Claydol|82/100 brn|[from] brn
|upkeep
|
|switch|p1a: Runerigus|Runerigus, F|31/100
|-activate|p1a: Runerigus|move: Sticky Web
|-unboost|p1a: Runerigus|spe|1
|turn|17
|
|move|p2a: Claydol|Earth Power|p1a: Runerigus
|-damage|p1a: Runerigus|8/100
|move|p1a: Runerigus|Night Shade|p2a: Claydol
|-damage|p2a: Claydol|51/100 brn
|
|-heal|p1a: Runerigus|14/100|[from] item: Leftovers
|-damage|p2a: Claydol|45/100 brn|[from] brn
|upkeep
|turn|18
|
|move|p2a: Claydol|Earth Power|p1a: Runerigus
|-damage|p1a: Runerigus|0 fnt
|faint|p1a: Runerigus
|
|-damage|p2a: Claydol|39/100 brn|[from] brn
|upkeep
|
|switch|p1a: Lucario|Lucario, F|100/100
|-activate|p1a: Lucario|move: Sticky Web
|-unboost|p1a: Lucario|spe|1
|turn|19
|
|move|p1a: Lucario|Dark Pulse|p2a: Claydol
|-supereffective|p2a: Claydol
|-enditem|p2a: Claydol|Colbur Berry|[eat]
|-enditem|p2a: Claydol|Colbur Berry|[weaken]
|-damage|p2a: Claydol|10/100 brn
|-damage|p1a: Lucario|91/100|[from] item: Life Orb
|move|p2a: Claydol|Earth Power|p1a: Lucario
|-supereffective|p1a: Lucario
|-damage|p1a: Lucario|9/100
|
|-damage|p2a: Claydol|4/100 brn|[from] brn
|upkeep
|turn|20
|
|move|p1a: Lucario|Dark Pulse|p2a: Claydol
|-supereffective|p2a: Claydol
|-damage|p2a: Claydol|0 fnt
|-damage|p1a: Lucario|0 fnt|[from] item: Life Orb
|faint|p2a: Claydol
|faint|p1a: Lucario
|
|upkeep
|inactive|predator145 has 120 seconds left.
|
|switch|p1a: Milotic|Milotic, F|100/100
|switch|p2a: Vaporeon|Vaporeon, F|78/100
|-activate|p1a: Milotic|move: Sticky Web
|-unboost|p1a: Milotic|spe|1
|-ability|p1a: Milotic|Competitive
|-boost|p1a: Milotic|spa|2
|-status|p2a: Vaporeon|tox
|-damage|p2a: Vaporeon|65/100 tox|[from] Stealth Rock
|-damage|p2a: Vaporeon|49/100 tox|[from] Spikes
|turn|21
|
|move|p2a: Vaporeon|Scald|p1a: Milotic
|-resisted|p1a: Milotic
|-damage|p1a: Milotic|91/100
|move|p1a: Milotic|Ice Beam|p2a: Vaporeon
|-resisted|p2a: Vaporeon
|-damage|p2a: Vaporeon|36/100 tox
|
|-heal|p2a: Vaporeon|43/100 tox|[from] item: Leftovers
|-heal|p1a: Milotic|97/100|[from] item: Leftovers
|-damage|p2a: Vaporeon|36/100 tox|[from] psn
|upkeep
|turn|22
|
|move|p2a: Vaporeon|Wish|p2a: Vaporeon
|move|p1a: Milotic|Ice Beam|p2a: Vaporeon
|-resisted|p2a: Vaporeon
|-damage|p2a: Vaporeon|24/100 tox
|
|-heal|p2a: Vaporeon|30/100 tox|[from] item: Leftovers
|-heal|p1a: Milotic|100/100|[from] item: Leftovers
|-damage|p2a: Vaporeon|18/100 tox|[from] psn
|upkeep
|turn|23
|
|move|p2a: Vaporeon|Protect|p2a: Vaporeon
|-singleturn|p2a: Vaporeon|Protect
|move|p1a: Milotic|Ice Beam|p2a: Vaporeon
|-activate|p2a: Vaporeon|move: Protect
|
|-heal|p2a: Vaporeon|68/100 tox|[from] move: Wish|[wisher] Vaporeon
|-heal|p2a: Vaporeon|74/100 tox|[from] item: Leftovers
|-damage|p2a: Vaporeon|55/100 tox|[from] psn
|upkeep
|turn|24
|
|move|p2a: Vaporeon|Scald|p1a: Milotic
|-resisted|p1a: Milotic
|-damage|p1a: Milotic|91/100
|-status|p1a: Milotic|brn
|move|p1a: Milotic|Ice Beam|p2a: Vaporeon
|-resisted|p2a: Vaporeon
|-damage|p2a: Vaporeon|44/100 tox
|
|-heal|p2a: Vaporeon|50/100 tox|[from] item: Leftovers
|-heal|p1a: Milotic|97/100 brn|[from] item: Leftovers
|-damage|p2a: Vaporeon|25/100 tox|[from] psn
|-damage|p1a: Milotic|91/100 brn|[from] brn
|upkeep
|turn|25
|
|move|p2a: Vaporeon|Scald|p1a: Milotic
|-resisted|p1a: Milotic
|-damage|p1a: Milotic|83/100 brn
|move|p1a: Milotic|Ice Beam|p2a: Vaporeon
|-resisted|p2a: Vaporeon
|-damage|p2a: Vaporeon|13/100 tox
|
|-heal|p2a: Vaporeon|19/100 tox|[from] item: Leftovers
|-heal|p1a: Milotic|89/100 brn|[from] item: Leftovers
|-damage|p2a: Vaporeon|0 fnt|[from] psn
|faint|p2a: Vaporeon
|-damage|p1a: Milotic|83/100 brn|[from] brn
|upkeep
|
|switch|p2a: Diggersby|Diggersby, F|100/100
|-status|p2a: Diggersby|tox
|-damage|p2a: Diggersby|84/100 tox|[from] Spikes
|-damage|p2a: Diggersby|78/100 tox|[from] Stealth Rock
|turn|26
|
|move|p2a: Diggersby|Earthquake|p1a: Milotic
|-damage|p1a: Milotic|24/100 brn
|move|p1a: Milotic|Scald|p2a: Diggersby
|-supereffective|p2a: Diggersby
|-damage|p2a: Diggersby|0 fnt
|faint|p2a: Diggersby
|
|win|Skepticism
|c|☆predator145|gg
|l|☆predator145
|c|☆Skepticism|gg
|raw|Skepticism's rating: 1386 &rarr; <strong>1410</strong><br />(+24 for winning)
|raw|predator145's rating: 1449 &rarr; <strong>1426</strong><br />(-23 for losing)
