|j|☆The SD sweep
|j|☆pokemonisfun
|t:|1667142058
|gametype|singles
|player|p1|The SD sweep|red|1521
|player|p2|pokemonisfun|#uutrio2ladder|1711
|teamsize|p1|6
|teamsize|p2|6
|gen|8
|tier|[Gen 8] UU
|rated|
|rule|Sleep Clause Mod: Limit one foe put to sleep
|rule|Species Clause: Limit one of each Pokémon
|rule|OHKO Clause: OHKO moves are banned
|rule|Evasion Items Clause: Evasion items are banned
|rule|Evasion Moves Clause: Evasion moves are banned
|rule|Endless Battle Clause: Forcing endless battles is banned
|rule|HP Percentage Mod: HP is shown in percentages
|rule|Dynamax Clause: You cannot dynamax
|clearpoke
|poke|p1|Hippowdon, F|
|poke|p1|Cobalion|
|poke|p1|Keldeo-Resolute|
|poke|p1|Slowking, M|
|poke|p1|Mamoswine, M|
|poke|p1|Scizor, F|
|poke|p2|Regice|
|poke|p2|Jirachi|
|poke|p2|Swampert, M|
|poke|p2|Salamence, F|
|poke|p2|Hydreigon, F|
|poke|p2|Conkeldurr, M|
|teampreview
|inactive|Battle timer is ON: inactive players will automatically lose when time's up. (requested by The SD sweep)
|inactive|pokemonisfun has 120 seconds left.
|
|t:|1667142093
|start
|switch|p1a: Keldeo|Keldeo-Resolute|100/100
|switch|p2a: jim's pet|Swampert, M|100/100
|turn|1
|
|t:|1667142107
|move|p1a: Keldeo|Surf|p2a: jim's pet
|-damage|p2a: jim's pet|42/100
|move|p2a: jim's pet|Stealth Rock|p1a: Keldeo
|-sidestart|p1: The SD sweep|move: Stealth Rock
|
|-heal|p2a: jim's pet|48/100|[from] item: Leftovers
|upkeep
|turn|2
|
|t:|1667142114
|switch|p1a: Slowking|Slowking, M, shiny|100/100
|-damage|p1a: Slowking|88/100|[from] Stealth Rock
|switch|p2a: jim's ride|Salamence, F|100/100
|-ability|p2a: jim's ride|Intimidate|boost
|-unboost|p1a: Slowking|atk|1
|
|upkeep
|turn|3
|
|t:|1667142119
|switch|p2a: jim's pillow|Jirachi|100/100
|move|p1a: Slowking|Teleport|p1a: Slowking
|
|t:|1667142141
|switch|p1a: Cobalion|Cobalion, shiny|100/100|[from]move: Teleport
|-damage|p1a: Cobalion|97/100|[from] Stealth Rock
|
|-heal|p1a: Cobalion|100/100|[from] item: Leftovers
|upkeep
|turn|4
|
|t:|1667142149
|move|p1a: Cobalion|Swords Dance|p1a: Cobalion
|-boost|p1a: Cobalion|atk|2
|move|p2a: jim's pillow|U-turn|p1a: Cobalion
|-resisted|p1a: Cobalion
|-damage|p1a: Cobalion|97/100
|
|t:|1667142155
|switch|p2a: jim's madness|Hydreigon, F|100/100|[from]move: U-turn
|
|-heal|p1a: Cobalion|100/100|[from] item: Leftovers
|upkeep
|turn|5
|
|t:|1667142161
|switch|p1a: Slowking|Slowking, M, shiny|100/100
|-damage|p1a: Slowking|88/100|[from] Stealth Rock
|move|p2a: jim's madness|Fire Blast|p1a: Slowking
|-resisted|p1a: Slowking
|-damage|p1a: Slowking|74/100
|
|upkeep
|turn|6
|
|t:|1667142165
|switch|p2a: jim's pillow|Jirachi|100/100
|move|p1a: Slowking|Teleport|p1a: Slowking
|
|t:|1667142171
|switch|p1a: Cobalion|Cobalion, shiny|100/100|[from]move: Teleport
|-damage|p1a: Cobalion|97/100|[from] Stealth Rock
|
|-heal|p1a: Cobalion|100/100|[from] item: Leftovers
|upkeep
|turn|7
|
|t:|1667142174
|move|p1a: Cobalion|Swords Dance|p1a: Cobalion
|-boost|p1a: Cobalion|atk|2
|move|p2a: jim's pillow|U-turn|p1a: Cobalion
|-resisted|p1a: Cobalion
|-damage|p1a: Cobalion|97/100
|
|t:|1667142178
|switch|p2a: jim's madness|Hydreigon, F|100/100|[from]move: U-turn
|
|-heal|p1a: Cobalion|100/100|[from] item: Leftovers
|upkeep
|turn|8
|
|t:|1667142182
|switch|p1a: Hippowdon|Hippowdon, F|100/100
|-damage|p1a: Hippowdon|94/100|[from] Stealth Rock
|-weather|Sandstorm|[from] ability: Sand Stream|[of] p1a: Hippowdon
|move|p2a: jim's madness|U-turn|p1a: Hippowdon
|-damage|p1a: Hippowdon|85/100
|
|t:|1667142186
|switch|p2a: jim's guard|Conkeldurr, M|100/100|[from]move: U-turn
|
|-weather|Sandstorm|[upkeep]
|-damage|p2a: jim's guard|94/100|[from] Sandstorm
|-heal|p1a: Hippowdon|91/100|[from] item: Leftovers
|-status|p2a: jim's guard|brn|[from] item: Flame Orb
|upkeep
|turn|9
|
|t:|1667142194
|move|p2a: jim's guard|Knock Off|p1a: Hippowdon
|-damage|p1a: Hippowdon|54/100
|-enditem|p1a: Hippowdon|Leftovers|[from] move: Knock Off|[of] p2a: jim's guard
|move|p1a: Hippowdon|Slack Off|p1a: Hippowdon
|-heal|p1a: Hippowdon|100/100
|
|-weather|Sandstorm|[upkeep]
|-damage|p2a: jim's guard|88/100 brn|[from] Sandstorm
|-damage|p2a: jim's guard|82/100 brn|[from] brn
|upkeep
|turn|10
|
|t:|1667142199
|move|p2a: jim's guard|Facade|p1a: Hippowdon
|-damage|p1a: Hippowdon|47/100
|move|p1a: Hippowdon|Slack Off|p1a: Hippowdon
|-heal|p1a: Hippowdon|97/100
|
|-weather|Sandstorm|[upkeep]
|-damage|p2a: jim's guard|76/100 brn|[from] Sandstorm
|-damage|p2a: jim's guard|70/100 brn|[from] brn
|upkeep
|turn|11
|
|t:|1667142206
|move|p2a: jim's guard|Facade|p1a: Hippowdon
|-damage|p1a: Hippowdon|40/100
|move|p1a: Hippowdon|Stealth Rock|p2a: jim's guard
|-sidestart|p2: pokemonisfun|move: Stealth Rock
|
|-weather|Sandstorm|[upkeep]
|-damage|p2a: jim's guard|64/100 brn|[from] Sandstorm
|-damage|p2a: jim's guard|57/100 brn|[from] brn
|upkeep
|turn|12
|
|t:|1667142211
|move|p2a: jim's guard|Close Combat|p1a: Hippowdon
|-damage|p1a: Hippowdon|0 fnt
|-unboost|p2a: jim's guard|def|1
|-unboost|p2a: jim's guard|spd|1
|faint|p1a: Hippowdon
|
|-weather|none
|-damage|p2a: jim's guard|51/100 brn|[from] brn
|upkeep
|
|t:|1667142214
|switch|p1a: Keldeo|Keldeo-Resolute|100/100
|-damage|p1a: Keldeo|94/100|[from] Stealth Rock
|turn|13
|
|t:|1667142223
|switch|p2a: jim's pet|Swampert, M|48/100
|-damage|p2a: jim's pet|42/100|[from] Stealth Rock
|move|p1a: Keldeo|Secret Sword|p2a: jim's pet
|-damage|p2a: jim's pet|0 fnt
|faint|p2a: jim's pet
|
|upkeep
|
|t:|1667142237
|switch|p2a: jim's ride|Salamence, F|100/100
|-ability|p2a: jim's ride|Intimidate|boost
|-unboost|p1a: Keldeo|atk|1
|turn|14
|
|t:|1667142243
|switch|p1a: Slowking|Slowking, M, shiny|100/100
|-damage|p1a: Slowking|88/100|[from] Stealth Rock
|switch|p2a: jim's pillow|Jirachi|100/100
|-damage|p2a: jim's pillow|94/100|[from] Stealth Rock
|
|-heal|p2a: jim's pillow|100/100|[from] item: Leftovers
|upkeep
|turn|15
|
|t:|1667142245
|move|p2a: jim's pillow|Wish|p2a: jim's pillow
|move|p1a: Slowking|Scald|p2a: jim's pillow
|-damage|p2a: jim's pillow|79/100
|-status|p2a: jim's pillow|brn
|
|-heal|p2a: jim's pillow|85/100 brn|[from] item: Leftovers
|-damage|p2a: jim's pillow|79/100 brn|[from] brn
|upkeep
|turn|16
|
|t:|1667142250
|move|p2a: jim's pillow|U-turn|p1a: Slowking
|-supereffective|p1a: Slowking
|-damage|p1a: Slowking|76/100
|
|t:|1667142255
|switch|p2a: jim's madness|Hydreigon, F|100/100|[from]move: U-turn
|-damage|p2a: jim's madness|88/100|[from] Stealth Rock
|move|p1a: Slowking|Psychic|p2a: jim's madness
|-immune|p2a: jim's madness
|
|-heal|p2a: jim's madness|100/100|[from] move: Wish|[wisher] jim's pillow
|upkeep
|turn|17
|
|t:|1667142263
|move|p2a: jim's madness|Dark Pulse|p1a: Slowking
|-supereffective|p1a: Slowking
|-enditem|p1a: Slowking|Colbur Berry|[eat]
|-enditem|p1a: Slowking|Colbur Berry|[weaken]
|-damage|p1a: Slowking|42/100
|move|p1a: Slowking|Teleport|p1a: Slowking
|
|t:|1667142267
|switch|p1a: Keldeo|Keldeo-Resolute|94/100|[from]move: Teleport
|-damage|p1a: Keldeo|88/100|[from] Stealth Rock
|
|upkeep
|turn|18
|
|t:|1667142273
|switch|p2a: jim's pillow|Jirachi|79/100 brn
|-damage|p2a: jim's pillow|73/100 brn|[from] Stealth Rock
|move|p1a: Keldeo|Icy Wind|p2a: jim's pillow
|-resisted|p2a: jim's pillow
|-damage|p2a: jim's pillow|61/100 brn
|-unboost|p2a: jim's pillow|spe|1
|
|-heal|p2a: jim's pillow|67/100 brn|[from] item: Leftovers
|-damage|p2a: jim's pillow|61/100 brn|[from] brn
|upkeep
|turn|19
|
|t:|1667142278
|switch|p1a: Cobalion|Cobalion, shiny|100/100
|-damage|p1a: Cobalion|97/100|[from] Stealth Rock
|move|p2a: jim's pillow|U-turn|p1a: Cobalion
|-resisted|p1a: Cobalion
|-damage|p1a: Cobalion|96/100
|
|t:|1667142286
|switch|p2a: jim's madness|Hydreigon, F|100/100|[from]move: U-turn
|-damage|p2a: jim's madness|88/100|[from] Stealth Rock
|
|-heal|p1a: Cobalion|100/100|[from] item: Leftovers
|upkeep
|turn|20
|
|t:|1667142292
|switch|p1a: Keldeo|Keldeo-Resolute|88/100
|-damage|p1a: Keldeo|82/100|[from] Stealth Rock
|move|p2a: jim's madness|U-turn|p1a: Keldeo
|-resisted|p1a: Keldeo
|-damage|p1a: Keldeo|73/100
|
|t:|1667142298
|switch|p2a: jim's pillow|Jirachi|61/100 brn|[from]move: U-turn
|-damage|p2a: jim's pillow|55/100 brn|[from] Stealth Rock
|
|-heal|p2a: jim's pillow|61/100 brn|[from] item: Leftovers
|-damage|p2a: jim's pillow|55/100 brn|[from] brn
|upkeep
|turn|21
|
|t:|1667142301
|switch|p2a: jim's ride|Salamence, F|100/100
|-ability|p2a: jim's ride|Intimidate|boost
|-unboost|p1a: Keldeo|atk|1
|move|p1a: Keldeo|Secret Sword|p2a: jim's ride
|-resisted|p2a: jim's ride
|-damage|p2a: jim's ride|76/100
|
|upkeep
|turn|22
|
|t:|1667142304
|switch|p1a: Slowking|Slowking, M, shiny|75/100
|-damage|p1a: Slowking|63/100|[from] Stealth Rock
|switch|p2a: jim's pillow|Jirachi|55/100 brn
|-damage|p2a: jim's pillow|49/100 brn|[from] Stealth Rock
|
|-heal|p2a: jim's pillow|55/100 brn|[from] item: Leftovers
|-damage|p2a: jim's pillow|49/100 brn|[from] brn
|upkeep
|turn|23
|
|t:|1667142312
|move|p2a: jim's pillow|Wish|p2a: jim's pillow
|move|p1a: Slowking|Teleport|p1a: Slowking
|
|t:|1667142315
|switch|p1a: Cobalion|Cobalion, shiny|100/100|[from]move: Teleport
|-damage|p1a: Cobalion|97/100|[from] Stealth Rock
|
|-heal|p1a: Cobalion|100/100|[from] item: Leftovers
|-heal|p2a: jim's pillow|55/100 brn|[from] item: Leftovers
|-damage|p2a: jim's pillow|49/100 brn|[from] brn
|upkeep
|turn|24
|
|t:|1667142319
|move|p1a: Cobalion|Swords Dance|p1a: Cobalion
|-boost|p1a: Cobalion|atk|2
|move|p2a: jim's pillow|U-turn|p1a: Cobalion
|-resisted|p1a: Cobalion
|-damage|p1a: Cobalion|99/100
|
|t:|1667142322
|switch|p2a: jim's madness|Hydreigon, F|88/100|[from]move: U-turn
|-damage|p2a: jim's madness|76/100|[from] Stealth Rock
|
|-heal|p2a: jim's madness|100/100|[from] move: Wish|[wisher] jim's pillow
|-heal|p1a: Cobalion|100/100|[from] item: Leftovers
|upkeep
|turn|25
|
|t:|1667142327
|switch|p1a: Slowking|Slowking, M, shiny|96/100
|-damage|p1a: Slowking|84/100|[from] Stealth Rock
|move|p2a: jim's madness|U-turn|p1a: Slowking
|-supereffective|p1a: Slowking
|-damage|p1a: Slowking|63/100
|
|t:|1667142340
|switch|p2a: jim's guard|Conkeldurr, M|51/100 brn|[from]move: U-turn
|-damage|p2a: jim's guard|45/100 brn|[from] Stealth Rock
|
|-damage|p2a: jim's guard|39/100 brn|[from] brn
|upkeep
|turn|26
|
|t:|1667142342
|move|p2a: jim's guard|Facade|p1a: Slowking
|-damage|p1a: Slowking|7/100
|move|p1a: Slowking|Psychic|p2a: jim's guard
|-supereffective|p2a: jim's guard
|-damage|p2a: jim's guard|0 fnt
|faint|p2a: jim's guard
|
|upkeep
|
|t:|1667142353
|switch|p2a: jim's ride|Salamence, F|76/100
|-ability|p2a: jim's ride|Intimidate|boost
|-unboost|p1a: Slowking|atk|1
|turn|27
|
|t:|1667142357
|switch|p1a: Mamoswine|Mamoswine, M|100/100
|-damage|p1a: Mamoswine|88/100|[from] Stealth Rock
|move|p2a: jim's ride|Dual Wingbeat|p1a: Mamoswine|[miss]
|-miss|p2a: jim's ride|p1a: Mamoswine
|
|upkeep
|turn|28
|
|t:|1667142367
|switch|p2a: jim's pillow|Jirachi|49/100 brn
|-damage|p2a: jim's pillow|42/100 brn|[from] Stealth Rock
|move|p1a: Mamoswine|Icicle Crash|p2a: jim's pillow
|-resisted|p2a: jim's pillow
|-damage|p2a: jim's pillow|14/100 brn
|-damage|p1a: Mamoswine|78/100|[from] item: Life Orb
|
|-heal|p2a: jim's pillow|20/100 brn|[from] item: Leftovers
|-damage|p2a: jim's pillow|14/100 brn|[from] brn
|upkeep
|turn|29
|
|t:|1667142370
|switch|p1a: Cobalion|Cobalion, shiny|100/100
|-damage|p1a: Cobalion|97/100|[from] Stealth Rock
|move|p2a: jim's pillow|U-turn|p1a: Cobalion
|-resisted|p1a: Cobalion
|-damage|p1a: Cobalion|96/100
|
|t:|1667142373
|switch|p2a: jim's ride|Salamence, F|76/100|[from]move: U-turn
|-ability|p2a: jim's ride|Intimidate|boost
|-unboost|p1a: Cobalion|atk|1
|
|-heal|p1a: Cobalion|100/100|[from] item: Leftovers
|upkeep
|turn|30
|
|t:|1667142381
|move|p1a: Cobalion|Swords Dance|p1a: Cobalion
|-boost|p1a: Cobalion|atk|2
|move|p2a: jim's ride|Dual Wingbeat|p1a: Cobalion
|-damage|p1a: Cobalion|85/100
|-damage|p1a: Cobalion|70/100
|-hitcount|p1a: Cobalion|2
|
|-heal|p1a: Cobalion|76/100|[from] item: Leftovers
|upkeep
|turn|31
|
|t:|1667142384
|move|p1a: Cobalion|Stone Edge|p2a: jim's ride|[miss]
|-miss|p1a: Cobalion|p2a: jim's ride
|move|p2a: jim's ride|Flamethrower|p1a: Cobalion
|-supereffective|p1a: Cobalion
|-damage|p1a: Cobalion|22/100
|
|-heal|p1a: Cobalion|29/100|[from] item: Leftovers
|upkeep
|turn|32
|
|t:|1667142387
|move|p1a: Cobalion|Stone Edge|p2a: jim's ride
|-supereffective|p2a: jim's ride
|-damage|p2a: jim's ride|10/100
|move|p2a: jim's ride|Flamethrower|p1a: Cobalion
|-supereffective|p1a: Cobalion
|-damage|p1a: Cobalion|0 fnt
|faint|p1a: Cobalion
|
|upkeep
|
|t:|1667142396
|switch|p1a: Keldeo|Keldeo-Resolute|73/100
|-damage|p1a: Keldeo|66/100|[from] Stealth Rock
|turn|33
|
|t:|1667142400
|switch|p2a: jim's pillow|Jirachi|14/100 brn
|-damage|p2a: jim's pillow|8/100 brn|[from] Stealth Rock
|move|p1a: Keldeo|Secret Sword|p2a: jim's pillow
|-damage|p2a: jim's pillow|0 fnt
|faint|p2a: jim's pillow
|
|upkeep
|
|t:|1667142403
|switch|p2a: jim's madness|Hydreigon, F|100/100
|-damage|p2a: jim's madness|88/100|[from] Stealth Rock
|turn|34
|
|t:|1667142408
|switch|p1a: Scizor|Scizor, F|100/100
|-damage|p1a: Scizor|88/100|[from] Stealth Rock
|move|p2a: jim's madness|Dark Pulse|p1a: Scizor
|-damage|p1a: Scizor|28/100
|
|upkeep
|turn|35
|
|t:|1667142414
|move|p1a: Scizor|Bullet Punch|p2a: jim's madness
|-damage|p2a: jim's madness|32/100
|move|p2a: jim's madness|Dark Pulse|p1a: Scizor
|-damage|p1a: Scizor|0 fnt
|faint|p1a: Scizor
|
|upkeep
|
|t:|1667142421
|switch|p1a: Keldeo|Keldeo-Resolute|66/100
|-damage|p1a: Keldeo|60/100|[from] Stealth Rock
|turn|36
|
|t:|1667142424
|switch|p2a: jim's ride|Salamence, F|10/100
|-ability|p2a: jim's ride|Intimidate|boost
|-unboost|p1a: Keldeo|atk|1
|move|p1a: Keldeo|Secret Sword|p2a: jim's ride
|-resisted|p2a: jim's ride
|-damage|p2a: jim's ride|0 fnt
|faint|p2a: jim's ride
|
|upkeep
|
|t:|1667142427
|switch|p2a: jim's madness|Hydreigon, F|32/100
|-damage|p2a: jim's madness|19/100|[from] Stealth Rock
|turn|37
|
|t:|1667142432
|switch|p1a: Slowking|Slowking, M, shiny|40/100
|-damage|p1a: Slowking|27/100|[from] Stealth Rock
|move|p2a: jim's madness|Draco Meteor|p1a: Slowking
|-damage|p1a: Slowking|0 fnt
|-unboost|p2a: jim's madness|spa|2
|faint|p1a: Slowking
|
|upkeep
|
|t:|1667142435
|switch|p1a: Keldeo|Keldeo-Resolute|60/100
|-damage|p1a: Keldeo|54/100|[from] Stealth Rock
|turn|38
|
|t:|1667142445
|move|p2a: jim's madness|Draco Meteor|p1a: Keldeo
|-damage|p1a: Keldeo|19/100
|-unboost|p2a: jim's madness|spa|2
|move|p1a: Keldeo|Secret Sword|p2a: jim's madness
|-supereffective|p2a: jim's madness
|-damage|p2a: jim's madness|0 fnt
|faint|p2a: jim's madness
|
|upkeep
|
|t:|1667142450
|switch|p2a: jim|Regice|100/100
|turn|39
|c|☆The SD sweep|Maybe if you used Regijesus more
|c|☆The SD sweep|you would have won
|
|t:|1667142471
|move|p1a: Keldeo|Secret Sword|p2a: jim
|-supereffective|p2a: jim
|-damage|p2a: jim|2/100
|move|p2a: jim|Thunderbolt|p1a: Keldeo
|-supereffective|p1a: Keldeo
|-damage|p1a: Keldeo|0 fnt
|faint|p1a: Keldeo
|
|upkeep
|
|t:|1667142475
|switch|p1a: Mamoswine|Mamoswine, M|78/100
|-damage|p1a: Mamoswine|66/100|[from] Stealth Rock
|turn|40
|c|☆The SD sweep|ggs
|
|t:|1667142482
|move|p1a: Mamoswine|Earthquake|p2a: jim
|-damage|p2a: jim|0 fnt
|faint|p2a: jim
|-damage|p1a: Mamoswine|56/100|[from] item: Life Orb
|
|win|The SD sweep
|raw|The SD sweep's rating: 1496 &rarr; <strong>1527</strong><br />(+31 for winning)
|raw|pokemonisfun's rating: 1711 &rarr; <strong>1680</strong><br />(-31 for losing)
|c|☆pokemonisfun|gg
|c|☆The SD sweep|Well played on your part
|l|☆pokemonisfun
|l|☆The SD sweep
|j|☆The SD sweep
|player|p1|The SD sweep|red
