|j|☆UUH4 aus
|j|☆Start Fresh 4
|player|p1|UUH4 aus|anabel|1417
|player|p2|Start Fresh 4|gentleman|1295
|teamsize|p1|6
|teamsize|p2|6
|gametype|singles
|gen|8
|tier|[Gen 8] UU
|rated|
|html|<div class="broadcast-blue"><strong>UU is currently suspecting Haxorus! For information on how to participate check out the <a href="https://www.smogon.com/forums/threads/3664575/">suspect thread</a>.</strong></div>
|clearpoke
|poke|p1|Reuniclus, F|
|poke|p1|Incineroar, M|
|poke|p1|Haxorus, M|
|poke|p1|Cobalion|
|poke|p1|Golisopod, M|
|poke|p1|Weezing-Galar, M|
|poke|p2|Umbreon, F|
|poke|p2|Escavalier, F|
|poke|p2|Sirfetch’d, F|
|poke|p2|Weezing-Galar, M|
|poke|p2|Necrozma|
|poke|p2|Noivern, M|
|rule|Sleep Clause Mod: Limit one foe put to sleep
|rule|Species Clause: Limit one of each Pokémon
|rule|OHKO Clause: OHKO moves are banned
|rule|Evasion Moves Clause: Evasion moves are banned
|rule|Endless Battle Clause: Forcing endless battles is banned
|rule|HP Percentage Mod: HP is shown in percentages
|rule|Dynamax Clause: You cannot dynamax
|teampreview
|c|☆UUH4 aus|hf
|
|start
|switch|p1a: Strange Steam|Weezing-Galar, M|100/100
|switch|p2a: Noivern|Noivern, M|100/100
|turn|1
|
|move|p2a: Noivern|Hurricane|p1a: Strange Steam
|-crit|p1a: Strange Steam
|-damage|p1a: Strange Steam|0 fnt
|faint|p1a: Strange Steam
|
|upkeep
|
|switch|p1a: Reuniclus|Reuniclus, F, shiny|100/100
|turn|2
|c|☆UUH4 aus|why
|
|switch|p2a: Escavalier|Escavalier, F|100/100
|move|p1a: Reuniclus|Future Sight|p2a: Escavalier
|-start|p1a: Reuniclus|move: Future Sight
|
|upkeep
|turn|3
|
|switch|p1a: Cobalion|Cobalion|100/100
|move|p2a: Escavalier|Knock Off|p1a: Cobalion
|-resisted|p1a: Cobalion
|-damage|p1a: Cobalion|89/100
|-ability|p1a: Cobalion|Justified|boost
|-boost|p1a: Cobalion|atk|1
|-enditem|p1a: Cobalion|Chople Berry|[from] move: Knock Off|[of] p2a: Escavalier
|
|upkeep
|turn|4
|
|switch|p2a: Necrozma|Necrozma|100/100
|move|p1a: Cobalion|Stealth Rock|p2a: Necrozma
|-sidestart|p2: Start Fresh 4|move: Stealth Rock
|
|-end|p2a: Necrozma|move: Future Sight
|-resisted|p2a: Necrozma
|-damage|p2a: Necrozma|69/100
|-heal|p2a: Necrozma|75/100|[from] item: Leftovers
|upkeep
|turn|5
|
|move|p1a: Cobalion|Iron Head|p2a: Necrozma
|-damage|p2a: Necrozma|22/100
|move|p2a: Necrozma|Stealth Rock|p1a: Cobalion
|-sidestart|p1: UUH4 aus|move: Stealth Rock
|
|-heal|p2a: Necrozma|28/100|[from] item: Leftovers
|upkeep
|turn|6
|c|☆Start Fresh 4|oh sorry and hf
|c|☆Start Fresh 4|sorry im multitasking
|
|move|p1a: Cobalion|Iron Head|p2a: Necrozma
|-damage|p2a: Necrozma|0 fnt
|faint|p2a: Necrozma
|
|upkeep
|
|switch|p2a: Noivern|Noivern, M|100/100
|turn|7
|
|switch|p1a: Reuniclus|Reuniclus, F, shiny|100/100
|-damage|p1a: Reuniclus|88/100|[from] Stealth Rock
|move|p2a: Noivern|Flamethrower|p1a: Reuniclus
|-damage|p1a: Reuniclus|74/100
|-status|p1a: Reuniclus|brn
|
|-damage|p1a: Reuniclus|68/100 brn|[from] brn
|upkeep
|turn|8
|
|switch|p2a: Escavalier|Escavalier, F|100/100
|-damage|p2a: Escavalier|88/100|[from] Stealth Rock
|move|p1a: Reuniclus|Future Sight|p2a: Escavalier
|-start|p1a: Reuniclus|move: Future Sight
|
|-heal|p2a: Escavalier|94/100|[from] item: Leftovers
|-damage|p1a: Reuniclus|62/100 brn|[from] brn
|upkeep
|turn|9
|
|switch|p1a: Cobalion|Cobalion|89/100
|-damage|p1a: Cobalion|86/100|[from] Stealth Rock
|move|p2a: Escavalier|Iron Head|p1a: Cobalion
|-resisted|p1a: Cobalion
|-damage|p1a: Cobalion|70/100
|
|-heal|p2a: Escavalier|99/100|[from] item: Leftovers
|upkeep
|turn|10
|
|move|p2a: Escavalier|Protect|p2a: Escavalier
|-singleturn|p2a: Escavalier|Protect
|move|p1a: Cobalion|Thunder Wave|p2a: Escavalier
|-activate|p2a: Escavalier|move: Protect
|
|-end|p2a: Escavalier|move: Future Sight
|-resisted|p2a: Escavalier
|-damage|p2a: Escavalier|80/100
|-heal|p2a: Escavalier|86/100|[from] item: Leftovers
|upkeep
|turn|11
|
|move|p1a: Cobalion|Thunder Wave|p2a: Escavalier|[miss]
|-miss|p1a: Cobalion|p2a: Escavalier
|move|p2a: Escavalier|Iron Head|p1a: Cobalion
|-resisted|p1a: Cobalion
|-damage|p1a: Cobalion|56/100
|
|-heal|p2a: Escavalier|92/100|[from] item: Leftovers
|upkeep
|turn|12
|c|☆UUH4 aus|im
|c|☆UUH4 aus|a noob
|inactive|Battle timer is ON: inactive players will automatically lose when time's up. (requested by UUH4 aus)
|c|☆Start Fresh 4|no lie i sacked my counter lol
|
|move|p1a: Cobalion|Thunder Wave|p2a: Escavalier
|-status|p2a: Escavalier|par
|move|p2a: Escavalier|Iron Head|p1a: Cobalion
|-resisted|p1a: Cobalion
|-damage|p1a: Cobalion|42/100
|
|-heal|p2a: Escavalier|98/100 par|[from] item: Leftovers
|upkeep
|turn|13
|
|switch|p1a: Incineroar|Incineroar, M, shiny|100/100
|-ability|p1a: Incineroar|Intimidate|boost
|-unboost|p2a: Escavalier|atk|1
|move|p2a: Escavalier|Iron Head|p1a: Incineroar
|-resisted|p1a: Incineroar
|-damage|p1a: Incineroar|86/100
|
|-heal|p2a: Escavalier|100/100 par|[from] item: Leftovers
|upkeep
|turn|14
|
|switch|p2a: Weezing|Weezing-Galar, M|100/100
|-damage|p2a: Weezing|88/100|[from] Stealth Rock
|move|p1a: Incineroar|Swords Dance|p1a: Incineroar
|-boost|p1a: Incineroar|atk|2
|
|-heal|p2a: Weezing|94/100|[from] item: Black Sludge
|upkeep
|turn|15
|
|switch|p1a: Reuniclus|Reuniclus, F, shiny|96/100 brn
|-damage|p1a: Reuniclus|83/100 brn|[from] Stealth Rock
|move|p2a: Weezing|Sludge Bomb|p1a: Reuniclus
|-damage|p1a: Reuniclus|65/100 brn
|
|-heal|p2a: Weezing|100/100|[from] item: Black Sludge
|-damage|p1a: Reuniclus|59/100 brn|[from] brn
|upkeep
|turn|16
|
|switch|p2a: Umbreon|Umbreon, F|100/100
|-damage|p2a: Umbreon|88/100|[from] Stealth Rock
|move|p1a: Reuniclus|Psychic|p2a: Umbreon
|-immune|p2a: Umbreon
|
|-heal|p2a: Umbreon|94/100|[from] item: Leftovers
|-damage|p1a: Reuniclus|53/100 brn|[from] brn
|upkeep
|turn|17
|
|switch|p1a: Incineroar|Incineroar, M, shiny|86/100
|-ability|p1a: Incineroar|Intimidate|boost
|-unboost|p2a: Umbreon|atk|1
|move|p2a: Umbreon|Wish|p2a: Umbreon
|
|-heal|p2a: Umbreon|99/100|[from] item: Leftovers
|upkeep
|turn|18
|
|switch|p2a: Weezing|Weezing-Galar, M|100/100
|-damage|p2a: Weezing|88/100|[from] Stealth Rock
|move|p1a: Incineroar|Knock Off|p2a: Weezing
|-resisted|p2a: Weezing
|-damage|p2a: Weezing|67/100
|-enditem|p2a: Weezing|Black Sludge|[from] move: Knock Off|[of] p1a: Incineroar
|
|-heal|p2a: Weezing|100/100|[from] move: Wish|[wisher] Umbreon
|upkeep
|turn|19
|
|switch|p1a: Reuniclus|Reuniclus, F, shiny|86/100 brn
|-damage|p1a: Reuniclus|74/100 brn|[from] Stealth Rock
|move|p2a: Weezing|Toxic Spikes|p1a: Reuniclus
|-sidestart|p1: UUH4 aus|move: Toxic Spikes
|
|-damage|p1a: Reuniclus|67/100 brn|[from] brn
|upkeep
|turn|20
|
|switch|p2a: Umbreon|Umbreon, F|99/100
|-damage|p2a: Umbreon|88/100|[from] Stealth Rock
|move|p1a: Reuniclus|Future Sight|p2a: Umbreon
|-start|p1a: Reuniclus|move: Future Sight
|
|-heal|p2a: Umbreon|94/100|[from] item: Leftovers
|-damage|p1a: Reuniclus|61/100 brn|[from] brn
|upkeep
|turn|21
|
|switch|p1a: Cobalion|Cobalion|42/100
|-damage|p1a: Cobalion|39/100|[from] Stealth Rock
|move|p2a: Umbreon|Wish|p2a: Umbreon
|
|-heal|p2a: Umbreon|99/100|[from] item: Leftovers
|upkeep
|turn|22
|
|switch|p2a: Escavalier|Escavalier, F|100/100 par
|-damage|p2a: Escavalier|88/100 par|[from] Stealth Rock
|move|p1a: Cobalion|Iron Head|p2a: Escavalier
|-resisted|p2a: Escavalier
|-damage|p2a: Escavalier|73/100 par
|
|-end|p2a: Escavalier|move: Future Sight
|-resisted|p2a: Escavalier
|-damage|p2a: Escavalier|51/100 par
|-heal|p2a: Escavalier|100/100 par|[from] move: Wish|[wisher] Umbreon
|upkeep
|turn|23
|
|switch|p1a: Incineroar|Incineroar, M, shiny|86/100
|-ability|p1a: Incineroar|Intimidate|boost
|-unboost|p2a: Escavalier|atk|1
|move|p2a: Escavalier|Megahorn|p1a: Incineroar
|-damage|p1a: Incineroar|49/100
|
|upkeep
|turn|24
|
|switch|p2a: Weezing|Weezing-Galar, M|100/100
|-damage|p2a: Weezing|88/100|[from] Stealth Rock
|move|p1a: Incineroar|Flame Charge|p2a: Weezing
|-damage|p2a: Weezing|68/100
|-boost|p1a: Incineroar|spe|1
|
|upkeep
|turn|25
|
|switch|p1a: Reuniclus|Reuniclus, F, shiny|95/100 brn
|-damage|p1a: Reuniclus|82/100 brn|[from] Stealth Rock
|move|p2a: Weezing|Sludge Bomb|p1a: Reuniclus
|-damage|p1a: Reuniclus|61/100 brn
|
|-damage|p1a: Reuniclus|55/100 brn|[from] brn
|upkeep
|turn|26
|
|switch|p2a: Umbreon|Umbreon, F|99/100
|-damage|p2a: Umbreon|88/100|[from] Stealth Rock
|move|p1a: Reuniclus|Psychic|p2a: Umbreon
|-immune|p2a: Umbreon
|
|-heal|p2a: Umbreon|94/100|[from] item: Leftovers
|-damage|p1a: Reuniclus|49/100 brn|[from] brn
|upkeep
|turn|27
|
|switch|p1a: Cobalion|Cobalion|39/100
|-damage|p1a: Cobalion|35/100|[from] Stealth Rock
|move|p2a: Umbreon|Foul Play|p1a: Cobalion
|-resisted|p1a: Cobalion
|-damage|p1a: Cobalion|19/100
|-ability|p1a: Cobalion|Justified|boost
|-boost|p1a: Cobalion|atk|1
|
|-heal|p2a: Umbreon|99/100|[from] item: Leftovers
|upkeep
|turn|28
|
|switch|p2a: Escavalier|Escavalier, F|100/100 par
|-damage|p2a: Escavalier|88/100 par|[from] Stealth Rock
|move|p1a: Cobalion|Close Combat|p2a: Escavalier
|-damage|p2a: Escavalier|17/100 par
|-unboost|p1a: Cobalion|def|1
|-unboost|p1a: Cobalion|spd|1
|
|-heal|p2a: Escavalier|23/100 par|[from] item: Leftovers
|upkeep
|turn|29
|
|move|p1a: Cobalion|Close Combat|p2a: Escavalier
|-damage|p2a: Escavalier|0 fnt
|-unboost|p1a: Cobalion|def|1
|-unboost|p1a: Cobalion|spd|1
|faint|p2a: Escavalier
|
|upkeep
|
|switch|p2a: Noivern|Noivern, M|100/100
|turn|30
|
|switch|p1a: Reuniclus|Reuniclus, F, shiny|82/100 brn
|-damage|p1a: Reuniclus|70/100 brn|[from] Stealth Rock
|move|p2a: Noivern|Flamethrower|p1a: Reuniclus
|-damage|p1a: Reuniclus|58/100 brn
|
|-damage|p1a: Reuniclus|52/100 brn|[from] brn
|upkeep
|turn|31
|
|switch|p1a: Cobalion|Cobalion|19/100
|-damage|p1a: Cobalion|16/100|[from] Stealth Rock
|move|p2a: Noivern|Draco Meteor|p1a: Cobalion|[miss]
|-miss|p2a: Noivern|p1a: Cobalion
|
|upkeep
|turn|32
|
|switch|p1a: Reuniclus|Reuniclus, F, shiny|85/100 brn
|-damage|p1a: Reuniclus|73/100 brn|[from] Stealth Rock
|move|p2a: Noivern|Flamethrower|p1a: Reuniclus
|-damage|p1a: Reuniclus|59/100 brn
|
|-damage|p1a: Reuniclus|53/100 brn|[from] brn
|upkeep
|turn|33
|
|switch|p2a: Umbreon|Umbreon, F|99/100
|-damage|p2a: Umbreon|87/100|[from] Stealth Rock
|move|p1a: Reuniclus|Knock Off|p2a: Umbreon
|-resisted|p2a: Umbreon
|-damage|p2a: Umbreon|85/100
|-enditem|p2a: Umbreon|Leftovers|[from] move: Knock Off|[of] p1a: Reuniclus
|
|-damage|p1a: Reuniclus|47/100 brn|[from] brn
|upkeep
|turn|34
|
|switch|p1a: Cobalion|Cobalion|16/100
|-damage|p1a: Cobalion|13/100|[from] Stealth Rock
|move|p2a: Umbreon|Foul Play|p1a: Cobalion
|-resisted|p1a: Cobalion
|-damage|p1a: Cobalion|0 fnt
|faint|p1a: Cobalion
|
|upkeep
|
|switch|p1a: First Impression|Golisopod, M|100/100
|turn|35
|
|switch|p2a: Weezing|Weezing-Galar, M|68/100
|-damage|p2a: Weezing|55/100|[from] Stealth Rock
|move|p1a: First Impression|First Impression|p2a: Weezing
|-resisted|p2a: Weezing
|-damage|p2a: Weezing|44/100
|
|upkeep
|turn|36
|
|switch|p2a: Umbreon|Umbreon, F|85/100
|-damage|p2a: Umbreon|72/100|[from] Stealth Rock
|switch|p1a: Reuniclus|Reuniclus, F, shiny|80/100 brn
|-damage|p1a: Reuniclus|68/100 brn|[from] Stealth Rock
|
|-damage|p1a: Reuniclus|62/100 brn|[from] brn
|upkeep
|turn|37
|
|switch|p1a: Incineroar|Incineroar, M, shiny|49/100
|-ability|p1a: Incineroar|Intimidate|boost
|-unboost|p2a: Umbreon|atk|1
|move|p2a: Umbreon|Wish|p2a: Umbreon
|
|upkeep
|turn|38
|
|switch|p2a: Weezing|Weezing-Galar, M|44/100
|-damage|p2a: Weezing|32/100|[from] Stealth Rock
|move|p1a: Incineroar|Close Combat|p2a: Weezing
|-resisted|p2a: Weezing
|-damage|p2a: Weezing|23/100
|-unboost|p1a: Incineroar|def|1
|-unboost|p1a: Incineroar|spd|1
|
|-heal|p2a: Weezing|84/100|[from] move: Wish|[wisher] Umbreon
|upkeep
|turn|39
|
|switch|p1a: Reuniclus|Reuniclus, F, shiny|95/100 brn
|-damage|p1a: Reuniclus|83/100 brn|[from] Stealth Rock
|switch|p2a: Sirfetch’d|Sirfetch’d, F|100/100
|-damage|p2a: Sirfetch’d|94/100|[from] Stealth Rock
|
|-damage|p1a: Reuniclus|77/100 brn|[from] brn
|upkeep
|turn|40
|
|switch|p1a: First Impression|Golisopod, M|100/100
|move|p2a: Sirfetch’d|Knock Off|p1a: First Impression
|-damage|p1a: First Impression|57/100
|-enditem|p1a: First Impression|Heavy-Duty Boots|[from] move: Knock Off|[of] p2a: Sirfetch’d
|
|upkeep
|turn|41
|
|move|p2a: Sirfetch’d|Knock Off|p1a: First Impression
|-damage|p1a: First Impression|30/100
|-activate|p1a: First Impression|ability: Emergency Exit
|
|switch|p1a: Outrage|Haxorus, M, shiny|100/100
|-status|p1a: Outrage|psn
|-damage|p1a: Outrage|88/100 psn|[from] Stealth Rock
|-ability|p1a: Outrage|Mold Breaker
|
|-damage|p1a: Outrage|76/100 psn|[from] psn
|upkeep
|turn|42
|
|switch|p2a: Noivern|Noivern, M|100/100
|move|p1a: Outrage|Earthquake|p2a: Noivern
|-immune|p2a: Noivern
|
|-damage|p1a: Outrage|64/100 psn|[from] psn
|upkeep
|turn|43
|
|switch|p1a: Reuniclus|Reuniclus, F, shiny|100/100 brn
|-damage|p1a: Reuniclus|88/100 brn|[from] Stealth Rock
|move|p2a: Noivern|Hurricane|p1a: Reuniclus
|-damage|p1a: Reuniclus|63/100 brn
|
|-damage|p1a: Reuniclus|57/100 brn|[from] brn
|upkeep
|turn|44
|
|switch|p2a: Umbreon|Umbreon, F|72/100
|-damage|p2a: Umbreon|60/100|[from] Stealth Rock
|switch|p1a: Incineroar|Incineroar, M, shiny|49/100
|-ability|p1a: Incineroar|Intimidate|boost
|-unboost|p2a: Umbreon|atk|1
|
|upkeep
|turn|45
|
|switch|p2a: Weezing|Weezing-Galar, M|84/100
|-damage|p2a: Weezing|72/100|[from] Stealth Rock
|move|p1a: Incineroar|Close Combat|p2a: Weezing
|-resisted|p2a: Weezing
|-damage|p2a: Weezing|63/100
|-unboost|p1a: Incineroar|def|1
|-unboost|p1a: Incineroar|spd|1
|
|upkeep
|turn|46
|
|switch|p1a: Reuniclus|Reuniclus, F, shiny|91/100 brn
|-damage|p1a: Reuniclus|78/100 brn|[from] Stealth Rock
|switch|p2a: Sirfetch’d|Sirfetch’d, F|94/100
|-damage|p2a: Sirfetch’d|88/100|[from] Stealth Rock
|
|-damage|p1a: Reuniclus|72/100 brn|[from] brn
|upkeep
|turn|47
|
|move|p2a: Sirfetch’d|Knock Off|p1a: Reuniclus
|-supereffective|p1a: Reuniclus
|-damage|p1a: Reuniclus|0 fnt
|-enditem|p1a: Reuniclus|Assault Vest|[from] move: Knock Off|[of] p2a: Sirfetch’d
|faint|p1a: Reuniclus
|
|upkeep
|
|switch|p1a: Outrage|Haxorus, M, shiny|64/100 psn
|-damage|p1a: Outrage|51/100 psn|[from] Stealth Rock
|-ability|p1a: Outrage|Mold Breaker
|turn|48
|
|move|p1a: Outrage|Outrage|p2a: Sirfetch’d
|-damage|p2a: Sirfetch’d|0 fnt
|faint|p2a: Sirfetch’d
|
|-damage|p1a: Outrage|39/100 psn|[from] psn
|upkeep
|
|switch|p2a: Weezing|Weezing-Galar, M|63/100
|-damage|p2a: Weezing|50/100|[from] Stealth Rock
|turn|49
|
|move|p1a: Outrage|Outrage|p2a: Weezing|[from]lockedmove
|-immune|p2a: Weezing
|move|p2a: Weezing|Sludge Bomb|p1a: Outrage
|-damage|p1a: Outrage|0 fnt
|faint|p1a: Outrage
|
|upkeep
|
|switch|p1a: First Impression|Golisopod, M|30/100
|-status|p1a: First Impression|psn
|-damage|p1a: First Impression|5/100 psn|[from] Stealth Rock
|turn|50
|
|move|p2a: Weezing|Sludge Bomb|p1a: First Impression
|-damage|p1a: First Impression|0 fnt
|faint|p1a: First Impression
|
|upkeep
|
|switch|p1a: Incineroar|Incineroar, M, shiny|49/100
|-ability|p1a: Incineroar|Intimidate|boost
|-unboost|p2a: Weezing|atk|1
|turn|51
|c|☆UUH4 aus|gg
|
|move|p1a: Incineroar|Flame Charge|p2a: Weezing
|-damage|p2a: Weezing|28/100
|-boost|p1a: Incineroar|spe|1
|move|p2a: Weezing|Sludge Bomb|p1a: Incineroar
|-damage|p1a: Incineroar|8/100
|
|upkeep
|turn|52
|c|☆Start Fresh 4|gg
|
|move|p1a: Incineroar|Flame Charge|p2a: Weezing
|-damage|p2a: Weezing|7/100
|-boost|p1a: Incineroar|spe|1
|move|p2a: Weezing|Sludge Bomb|p1a: Incineroar
|-damage|p1a: Incineroar|0 fnt
|faint|p1a: Incineroar
|
|win|Start Fresh 4
|raw|UUH4 aus's rating: 1433 &rarr; <strong>1406</strong><br />(-27 for losing)
|raw|Start Fresh 4's rating: 1295 &rarr; <strong>1330</strong><br />(+35 for winning)
|l|☆UUH4 aus
