|j|☆Lumory
|j|☆Horsehead3
|inactive|Battle timer is ON: inactive players will automatically lose when time's up.
|t:|1663438703
|gametype|singles
|player|p1|Lumory|170|
|player|p2|Horsehead3|169|
|teamsize|p1|6
|teamsize|p2|6
|gen|8
|tier|[Gen 8] UU
|rated|Tournament battle
|rule|Sleep Clause Mod: Limit one foe put to sleep
|rule|Species Clause: Limit one of each Pokémon
|rule|OHKO Clause: OHKO moves are banned
|rule|Evasion Items Clause: Evasion items are banned
|rule|Evasion Moves Clause: Evasion moves are banned
|rule|Endless Battle Clause: Forcing endless battles is banned
|rule|HP Percentage Mod: HP is shown in percentages
|rule|Dynamax Clause: You cannot dynamax
|clearpoke
|poke|p1|Hydreigon, F|
|poke|p1|Togekiss, M|
|poke|p1|Scizor, M|
|poke|p1|Swampert, F|
|poke|p1|Chansey, F|
|poke|p1|Conkeldurr, M|
|poke|p2|Torkoal, M|
|poke|p2|Tangrowth, M|
|poke|p2|Slowking, F|
|poke|p2|Excadrill, F|
|poke|p2|Salamence, M|
|poke|p2|Weezing-Galar, F|
|teampreview
|j|*Lady Monita
|inactive|Lumory has 120 seconds left.
|
|t:|1663438738
|start
|switch|p1a: Hydreigon|Hydreigon, F|100/100
|switch|p2a: Tangy|Tangrowth, M|100/100
|turn|1
|
|t:|1663438747
|switch|p2a: Cougher|Weezing-Galar, F|100/100
|move|p1a: Hydreigon|Flamethrower|p2a: Cougher
|-damage|p2a: Cougher|64/100
|
|-heal|p2a: Cougher|70/100|[from] item: Black Sludge
|upkeep
|turn|2
|
|t:|1663438775
|switch|p1a: Swampert|Swampert, F|100/100
|move|p2a: Cougher|Will-O-Wisp|p1a: Swampert
|-status|p1a: Swampert|brn
|
|-heal|p2a: Cougher|76/100|[from] item: Black Sludge
|-damage|p1a: Swampert|94/100 brn|[from] brn
|upkeep
|turn|3
|
|t:|1663438783
|move|p2a: Cougher|Strange Steam|p1a: Swampert
|-damage|p1a: Swampert|75/100 brn
|move|p1a: Swampert|Stealth Rock|p2a: Cougher
|-sidestart|p2: Horsehead3|move: Stealth Rock
|
|-heal|p2a: Cougher|82/100|[from] item: Black Sludge
|-heal|p1a: Swampert|81/100 brn|[from] item: Leftovers
|-damage|p1a: Swampert|75/100 brn|[from] brn
|upkeep
|turn|4
|
|t:|1663438791
|move|p2a: Cougher|Strange Steam|p1a: Swampert
|-damage|p1a: Swampert|58/100 brn
|move|p1a: Swampert|Flip Turn|p2a: Cougher
|-damage|p2a: Cougher|72/100
|
|t:|1663438806
|switch|p1a: Scizor|Scizor, M|100/100|[from]move: Flip Turn
|
|-heal|p2a: Cougher|78/100|[from] item: Black Sludge
|upkeep
|turn|5
|
|t:|1663438814
|move|p1a: Scizor|Bullet Punch|p2a: Cougher
|-supereffective|p2a: Cougher
|-damage|p2a: Cougher|38/100
|move|p2a: Cougher|Will-O-Wisp|p1a: Scizor
|-status|p1a: Scizor|brn
|
|-heal|p2a: Cougher|44/100|[from] item: Black Sludge
|-damage|p1a: Scizor|94/100 brn|[from] brn
|upkeep
|turn|6
|
|t:|1663438820
|switch|p1a: Togekiss|Togekiss, M|100/100
|move|p2a: Cougher|Pain Split|p1a: Togekiss
|-sethp|p1a: Togekiss|70/100|[from] move: Pain Split|[silent]
|-sethp|p2a: Cougher|78/100|[from] move: Pain Split
|
|-heal|p2a: Cougher|84/100|[from] item: Black Sludge
|upkeep
|turn|7
|
|t:|1663438833
|switch|p2a: Fastking|Slowking, F|100/100
|-damage|p2a: Fastking|88/100|[from] Stealth Rock
|move|p1a: Togekiss|Heal Bell|p1a: Togekiss
|-activate|p1a: Togekiss|move: Heal Bell
|-curestatus|p1: Scizor|brn|[msg]
|-curestatus|p1: Swampert|brn|[msg]
|
|upkeep
|turn|8
|
|t:|1663438837
|move|p1a: Togekiss|Thunder Wave|p2a: Fastking
|-status|p2a: Fastking|par
|move|p2a: Fastking|Future Sight|p1a: Togekiss
|-start|p2a: Fastking|move: Future Sight
|
|upkeep
|turn|9
|
|t:|1663438841
|switch|p1a: Hydreigon|Hydreigon, F|100/100
|switch|p2a: Drilled|Excadrill, F|100/100
|-damage|p2a: Drilled|97/100|[from] Stealth Rock
|-ability|p2a: Drilled|Mold Breaker
|
|upkeep
|turn|10
|
|t:|1663438853
|move|p2a: Drilled|Earthquake|p1a: Hydreigon
|-damage|p1a: Hydreigon|38/100
|move|p1a: Hydreigon|Flamethrower|p2a: Drilled
|-supereffective|p2a: Drilled
|-damage|p2a: Drilled|2/100
|-status|p2a: Drilled|brn
|
|-end|p1a: Hydreigon|move: Future Sight
|-immune|p1a: Hydreigon
|-damage|p2a: Drilled|0 fnt|[from] brn
|faint|p2a: Drilled
|upkeep
|
|t:|1663438867
|switch|p2a: Heavy Smoke|Torkoal, M|100/100
|-weather|SunnyDay|[from] ability: Drought|[of] p2a: Heavy Smoke
|turn|11
|
|t:|1663438893
|switch|p1a: Swampert|Swampert, F|58/100
|move|p2a: Heavy Smoke|Rapid Spin|p1a: Swampert
|-damage|p1a: Swampert|50/100
|-boost|p2a: Heavy Smoke|spe|1
|-sideend|p2: Horsehead3|Stealth Rock|[from] move: Rapid Spin|[of] p2a: Heavy Smoke
|
|-weather|SunnyDay|[upkeep]
|-heal|p1a: Swampert|56/100|[from] item: Leftovers
|upkeep
|turn|12
|
|t:|1663438902
|move|p1a: Swampert|Toxic|p2a: Heavy Smoke
|-status|p2a: Heavy Smoke|tox
|move|p2a: Heavy Smoke|Stealth Rock|p1a: Swampert
|-sidestart|p1: Lumory|move: Stealth Rock
|
|-weather|SunnyDay|[upkeep]
|-heal|p1a: Swampert|62/100|[from] item: Leftovers
|-damage|p2a: Heavy Smoke|94/100 tox|[from] psn
|upkeep
|turn|13
|
|t:|1663438906
|switch|p2a: Tangy|Tangrowth, M|100/100
|move|p1a: Swampert|Stealth Rock|p2a: Tangy
|-sidestart|p2: Horsehead3|move: Stealth Rock
|
|-weather|SunnyDay|[upkeep]
|-heal|p1a: Swampert|68/100|[from] item: Leftovers
|upkeep
|turn|14
|
|t:|1663438912
|move|p2a: Tangy|Leaf Storm|p1a: Swampert
|-supereffective|p1a: Swampert
|-damage|p1a: Swampert|0 fnt
|-unboost|p2a: Tangy|spa|2
|faint|p1a: Swampert
|
|-weather|SunnyDay|[upkeep]
|upkeep
|
|t:|1663438924
|switch|p1a: Hydreigon|Hydreigon, F|38/100
|-damage|p1a: Hydreigon|25/100|[from] Stealth Rock
|turn|15
|
|t:|1663438929
|move|p1a: Hydreigon|Dark Pulse|p2a: Tangy
|-damage|p2a: Tangy|26/100
|cant|p2a: Tangy|flinch
|
|-weather|none
|upkeep
|turn|16
|
|t:|1663438937
|switch|p2a: Cougher|Weezing-Galar, F|84/100
|-damage|p2a: Cougher|72/100|[from] Stealth Rock
|move|p1a: Hydreigon|Dark Pulse|p2a: Cougher
|-resisted|p2a: Cougher
|-damage|p2a: Cougher|51/100
|
|-heal|p2a: Cougher|57/100|[from] item: Black Sludge
|upkeep
|turn|17
|
|t:|1663438949
|switch|p1a: Scizor|Scizor, M|94/100
|-damage|p1a: Scizor|82/100|[from] Stealth Rock
|move|p2a: Cougher|Will-O-Wisp|p1a: Scizor|[miss]
|-miss|p2a: Cougher|p1a: Scizor
|
|-heal|p2a: Cougher|63/100|[from] item: Black Sludge
|upkeep
|turn|18
|
|t:|1663438954
|move|p1a: Scizor|U-turn|p2a: Cougher
|-resisted|p2a: Cougher
|-damage|p2a: Cougher|57/100
|
|t:|1663438956
|switch|p1a: Togekiss|Togekiss, M|70/100|[from]move: U-turn
|move|p2a: Cougher|Will-O-Wisp|p1a: Togekiss
|-status|p1a: Togekiss|brn
|
|-heal|p2a: Cougher|63/100|[from] item: Black Sludge
|-damage|p1a: Togekiss|64/100 brn|[from] brn
|upkeep
|turn|19
|
|t:|1663438961
|move|p1a: Togekiss|Thunder Wave|p2a: Cougher
|-status|p2a: Cougher|par
|move|p2a: Cougher|Sludge Bomb|p1a: Togekiss
|-supereffective|p1a: Togekiss
|-damage|p1a: Togekiss|23/100 brn
|
|-heal|p2a: Cougher|69/100 par|[from] item: Black Sludge
|-damage|p1a: Togekiss|17/100 brn|[from] brn
|upkeep
|turn|20
|
|t:|1663438968
|move|p1a: Togekiss|Roost|p1a: Togekiss
|-heal|p1a: Togekiss|67/100 brn
|-singleturn|p1a: Togekiss|move: Roost
|move|p2a: Cougher|Sludge Bomb|p1a: Togekiss
|-supereffective|p1a: Togekiss
|-damage|p1a: Togekiss|20/100 brn
|
|-heal|p2a: Cougher|75/100 par|[from] item: Black Sludge
|-damage|p1a: Togekiss|14/100 brn|[from] brn
|upkeep
|turn|21
|
|t:|1663438982
|move|p1a: Togekiss|Roost|p1a: Togekiss
|-heal|p1a: Togekiss|64/100 brn
|-singleturn|p1a: Togekiss|move: Roost
|cant|p2a: Cougher|par
|
|-heal|p2a: Cougher|81/100 par|[from] item: Black Sludge
|-damage|p1a: Togekiss|58/100 brn|[from] brn
|upkeep
|turn|22
|
|t:|1663438996
|move|p1a: Togekiss|Roost|p1a: Togekiss
|-heal|p1a: Togekiss|100/100 brn
|-singleturn|p1a: Togekiss|move: Roost
|move|p2a: Cougher|Will-O-Wisp|p1a: Togekiss
|-fail|p1a: Togekiss|brn
|
|-heal|p2a: Cougher|87/100 par|[from] item: Black Sludge
|-damage|p1a: Togekiss|94/100 brn|[from] brn
|upkeep
|turn|23
|
|t:|1663439002
|move|p1a: Togekiss|Air Slash|p2a: Cougher
|-damage|p2a: Cougher|55/100 par
|cant|p2a: Cougher|par
|
|-heal|p2a: Cougher|61/100 par|[from] item: Black Sludge
|-damage|p1a: Togekiss|88/100 brn|[from] brn
|upkeep
|turn|24
|
|t:|1663439009
|switch|p2a: Fastking|Slowking, F|100/100 par
|-damage|p2a: Fastking|88/100 par|[from] Stealth Rock
|move|p1a: Togekiss|Air Slash|p2a: Fastking
|-damage|p2a: Fastking|74/100 par
|
|-damage|p1a: Togekiss|82/100 brn|[from] brn
|upkeep
|turn|25
|
|t:|1663439013
|move|p1a: Togekiss|Air Slash|p2a: Fastking
|-damage|p2a: Fastking|58/100 par
|cant|p2a: Fastking|flinch
|
|-damage|p1a: Togekiss|76/100 brn|[from] brn
|upkeep
|turn|26
|
|t:|1663439019
|move|p1a: Togekiss|Air Slash|p2a: Fastking
|-damage|p2a: Fastking|44/100 par
|cant|p2a: Fastking|flinch
|
|-damage|p1a: Togekiss|70/100 brn|[from] brn
|upkeep
|turn|27
|
|t:|1663439025
|switch|p2a: Heavy Smoke|Torkoal, M|94/100 tox
|-weather|SunnyDay|[from] ability: Drought|[of] p2a: Heavy Smoke
|move|p1a: Togekiss|Air Slash|p2a: Heavy Smoke
|-damage|p2a: Heavy Smoke|51/100 tox
|
|-weather|SunnyDay|[upkeep]
|-damage|p2a: Heavy Smoke|45/100 tox|[from] psn
|-damage|p1a: Togekiss|64/100 brn|[from] brn
|upkeep
|turn|28
|c|☆Horsehead3|sigh lucky and trash players these days
|
|t:|1663439035
|move|p1a: Togekiss|Air Slash|p2a: Heavy Smoke
|-damage|p2a: Heavy Smoke|2/100 tox
|move|p2a: Heavy Smoke|Lava Plume|p1a: Togekiss
|-damage|p1a: Togekiss|33/100 brn
|
|-weather|SunnyDay|[upkeep]
|-damage|p2a: Heavy Smoke|0 fnt|[from] psn
|faint|p2a: Heavy Smoke
|-damage|p1a: Togekiss|27/100 brn|[from] brn
|upkeep
|
|t:|1663439038
|switch|p2a: Mencetrate|Salamence, M|100/100
|-ability|p2a: Mencetrate|Intimidate|boost
|-unboost|p1a: Togekiss|atk|1
|turn|29
|
|t:|1663439048
|move|p2a: Mencetrate|Dual Wingbeat|p1a: Togekiss
|-damage|p1a: Togekiss|11/100 brn
|-damage|p1a: Togekiss|0 fnt
|faint|p1a: Togekiss
|-hitcount|p1: Togekiss|2
|
|-weather|SunnyDay|[upkeep]
|upkeep
|
|t:|1663439066
|switch|p1a: Hydreigon|Hydreigon, F|25/100
|-damage|p1a: Hydreigon|13/100|[from] Stealth Rock
|turn|30
|
|t:|1663439070
|switch|p2a: Tangy|Tangrowth, M|26/100
|-damage|p2a: Tangy|13/100|[from] Stealth Rock
|move|p1a: Hydreigon|Draco Meteor|p2a: Tangy
|-damage|p2a: Tangy|0 fnt
|-unboost|p1a: Hydreigon|spa|2
|faint|p2a: Tangy
|
|-weather|SunnyDay|[upkeep]
|upkeep
|
|t:|1663439079
|switch|p2a: Cougher|Weezing-Galar, F|61/100 par
|-damage|p2a: Cougher|48/100 par|[from] Stealth Rock
|turn|31
|
|t:|1663439083
|switch|p1a: Scizor|Scizor, M|82/100
|-damage|p1a: Scizor|69/100|[from] Stealth Rock
|move|p2a: Cougher|Will-O-Wisp|p1a: Scizor
|-status|p1a: Scizor|brn
|
|-weather|none
|-heal|p2a: Cougher|54/100 par|[from] item: Black Sludge
|-damage|p1a: Scizor|63/100 brn|[from] brn
|upkeep
|turn|32
|
|t:|1663439092
|move|p1a: Scizor|Defog|p2a: Cougher
|-unboost|p2a: Cougher|evasion|1
|-sideend|p2: Horsehead3|Stealth Rock|[from] move: Defog|[of] p1a: Scizor
|-sideend|p1: Lumory|Stealth Rock|[from] move: Defog|[of] p1a: Scizor
|move|p2a: Cougher|Strange Steam|p1a: Scizor
|-resisted|p1a: Scizor
|-damage|p1a: Scizor|46/100 brn
|
|-heal|p2a: Cougher|60/100 par|[from] item: Black Sludge
|-damage|p1a: Scizor|40/100 brn|[from] brn
|upkeep
|turn|33
|
|t:|1663439097
|switch|p2a: Mencetrate|Salamence, M|100/100
|-ability|p2a: Mencetrate|Intimidate|boost
|-unboost|p1a: Scizor|atk|1
|move|p1a: Scizor|Roost|p1a: Scizor
|-heal|p1a: Scizor|90/100 brn
|-singleturn|p1a: Scizor|move: Roost
|
|-damage|p1a: Scizor|84/100 brn|[from] brn
|upkeep
|turn|34
|
|t:|1663439101
|move|p2a: Mencetrate|Dragon Dance|p2a: Mencetrate
|-boost|p2a: Mencetrate|atk|1
|-boost|p2a: Mencetrate|spe|1
|move|p1a: Scizor|U-turn|p2a: Mencetrate
|-resisted|p2a: Mencetrate
|-damage|p2a: Mencetrate|95/100
|
|t:|1663439103
|switch|p1a: Hydreigon|Hydreigon, F|13/100|[from]move: U-turn
|
|upkeep
|turn|35
|
|t:|1663439109
|move|p2a: Mencetrate|Dual Wingbeat|p1a: Hydreigon
|-damage|p1a: Hydreigon|0 fnt
|faint|p1a: Hydreigon
|-hitcount|p1: Hydreigon|1
|
|upkeep
|
|t:|1663439119
|switch|p1a: Chansey|Chansey, F|100/100
|turn|36
|
|t:|1663439123
|move|p2a: Mencetrate|Outrage|p1a: Chansey
|-damage|p1a: Chansey|36/100
|move|p1a: Chansey|Toxic|p2a: Mencetrate
|-status|p2a: Mencetrate|tox
|
|-damage|p2a: Mencetrate|89/100 tox|[from] psn
|upkeep
|turn|37
|
|t:|1663439131
|switch|p1a: Scizor|Scizor, M|84/100 brn
|move|p2a: Mencetrate|Outrage|p1a: Scizor|[from]lockedmove
|-resisted|p1a: Scizor
|-damage|p1a: Scizor|47/100 brn
|-damage|p2a: Mencetrate|72/100 tox|[from] item: Rocky Helmet|[of] p1a: Scizor
|
|-damage|p2a: Mencetrate|60/100 tox|[from] psn
|-damage|p1a: Scizor|41/100 brn|[from] brn
|upkeep
|turn|38
|
|t:|1663439139
|move|p2a: Mencetrate|Outrage|p1a: Scizor|[from]lockedmove
|-resisted|p1a: Scizor
|-damage|p1a: Scizor|7/100 brn
|-damage|p2a: Mencetrate|43/100 tox|[from] item: Rocky Helmet|[of] p1a: Scizor
|-start|p2a: Mencetrate|confusion|[fatigue]
|move|p1a: Scizor|Roost|p1a: Scizor
|-heal|p1a: Scizor|57/100 brn
|-singleturn|p1a: Scizor|move: Roost
|
|-damage|p2a: Mencetrate|25/100 tox|[from] psn
|-damage|p1a: Scizor|50/100 brn|[from] brn
|upkeep
|turn|39
|
|t:|1663439144
|-activate|p2a: Mencetrate|confusion
|move|p2a: Mencetrate|Dual Wingbeat|p1a: Scizor
|-damage|p1a: Scizor|25/100 brn
|-damage|p2a: Mencetrate|9/100 tox|[from] item: Rocky Helmet|[of] p1a: Scizor
|-damage|p1a: Scizor|0 fnt
|-damage|p2a: Mencetrate|0 fnt|[from] item: Rocky Helmet|[of] p1a: Scizor
|faint|p1a: Scizor
|faint|p2a: Mencetrate
|-hitcount|p1: Scizor|2
|
|upkeep
|
|t:|1663439155
|switch|p2a: Cougher|Weezing-Galar, F|60/100 par
|switch|p1a: Chansey|Chansey, F|36/100
|turn|40
|inactive|Lumory has 120 seconds left.
|
|t:|1663439203
|move|p1a: Chansey|Soft-Boiled|p1a: Chansey
|-heal|p1a: Chansey|86/100
|move|p2a: Cougher|Strange Steam|p1a: Chansey
|-damage|p1a: Chansey|77/100
|
|-heal|p2a: Cougher|66/100 par|[from] item: Black Sludge
|upkeep
|turn|41
|
|t:|1663439207
|move|p1a: Chansey|Seismic Toss|p2a: Cougher
|-damage|p2a: Cougher|36/100 par
|cant|p2a: Cougher|par
|
|-heal|p2a: Cougher|42/100 par|[from] item: Black Sludge
|upkeep
|turn|42
|inactive|Lumory has 120 seconds left.
|
|t:|1663439213
|move|p1a: Chansey|Seismic Toss|p2a: Cougher
|-damage|p2a: Cougher|12/100 par
|cant|p2a: Cougher|par
|
|-heal|p2a: Cougher|18/100 par|[from] item: Black Sludge
|upkeep
|turn|43
|c|☆Horsehead3|lmao
|c|☆Horsehead3|i won like 5 times smh
|-message|Horsehead3 forfeited.
|
|win|Lumory
|n|☆Lumory|lumory
|n|☆Horsehead3|horsehead3
|n|*Lady Monita|ladymonita
|l|*Lady Monita
|l|☆Horsehead3
