|j|☆tay sachs
|j|☆pif
|player|p1|tay sachs|blue-gen7|1748
|player|p2|pif|preschooler|1827
|teamsize|p1|6
|teamsize|p2|6
|gametype|singles
|gen|8
|tier|[Gen 8] UU
|rated|
|clearpoke
|poke|p1|Incineroar, M|
|poke|p1|Golisopod, F|
|poke|p1|Celebi|
|poke|p1|Haxorus, M|
|poke|p1|Sylveon, M|
|poke|p1|Cobalion|
|poke|p2|Gastrodon, F|
|poke|p2|Weezing-Galar, M|
|poke|p2|Arcanine, F|
|poke|p2|Stunfisk-Galar, M|
|poke|p2|Umbreon, F|
|poke|p2|Escavalier, F|
|rule|Sleep Clause Mod: Limit one foe put to sleep
|rule|Species Clause: Limit one of each Pokémon
|rule|OHKO Clause: OHKO moves are banned
|rule|Evasion Moves Clause: Evasion moves are banned
|rule|Endless Battle Clause: Forcing endless battles is banned
|rule|HP Percentage Mod: HP is shown in percentages
|rule|Dynamax Clause: You cannot dynamax
|teampreview
|c|☆tay sachs|hf
|j| Angelborn
|c|☆pif|same
|
|start
|switch|p1a: Cobalion|Cobalion|100/100
|switch|p2a: chokey smokey|Weezing-Galar, M|100/100
|turn|1
|
|move|p1a: Cobalion|Stealth Rock|p2a: chokey smokey
|-sidestart|p2: pif|move: Stealth Rock
|move|p2a: chokey smokey|Strange Steam|p1a: Cobalion
|-damage|p1a: Cobalion|63/100
|
|upkeep
|turn|2
|
|switch|p2a: woof woof woof|Arcanine, F|100/100
|-ability|p2a: woof woof woof|Intimidate|boost
|-unboost|p1a: Cobalion|atk|1
|move|p1a: Cobalion|Iron Head|p2a: woof woof woof
|-resisted|p2a: woof woof woof
|-crit|p2a: woof woof woof
|-damage|p2a: woof woof woof|82/100
|
|upkeep
|turn|3
|
|switch|p1a: Incineroar|Incineroar, M|100/100
|-ability|p1a: Incineroar|Intimidate|boost
|-unboost|p2a: woof woof woof|atk|1
|move|p2a: woof woof woof|Toxic|p1a: Incineroar
|-status|p1a: Incineroar|tox
|
|-damage|p1a: Incineroar|94/100 tox|[from] psn
|upkeep
|turn|4
|
|switch|p2a: sluggy chuggy|Gastrodon, F|100/100
|-damage|p2a: sluggy chuggy|94/100|[from] Stealth Rock
|move|p1a: Incineroar|Parting Shot|p2a: sluggy chuggy
|-unboost|p2a: sluggy chuggy|atk|1
|-unboost|p2a: sluggy chuggy|spa|1
|
|switch|p1a: Sylveon|Sylveon, M|100/100|[from]move: Parting Shot
|
|-heal|p2a: sluggy chuggy|100/100|[from] item: Leftovers
|upkeep
|turn|5
|
|switch|p2a: stuntfisk|Stunfisk-Galar, M|100/100
|-damage|p2a: stuntfisk|97/100|[from] Stealth Rock
|move|p1a: Sylveon|Hyper Voice|p2a: stuntfisk
|-resisted|p2a: stuntfisk
|-damage|p2a: stuntfisk|72/100
|
|-heal|p2a: stuntfisk|78/100|[from] item: Leftovers
|upkeep
|turn|6
|c|☆tay sachs|god
|c|☆pif|im bad at calcs
|c|☆tay sachs|the fish is so darn fat
|c|☆pif|can you tell me if thats specs
|c|☆tay sachs|yeah
|c|☆pif|ok
|c|☆pif|head calc off for stunt
|c|☆pif|havent used him for a month or something
|c|☆pif|or a few weeks
|
|switch|p1a: Haxorus|Haxorus, M|100/100
|-ability|p1a: Haxorus|Mold Breaker
|move|p2a: stuntfisk|Stealth Rock|p1a: Haxorus
|-sidestart|p1: tay sachs|move: Stealth Rock
|
|-heal|p2a: stuntfisk|84/100|[from] item: Leftovers
|upkeep
|turn|7
|c| Angelborn|< 3 weeks
|c| Angelborn|or so
|c|☆pif|i was using him on that
|c|☆pif|stunfisk/milotic/roserade/sylveon/esca/noivern team
|c|☆tay sachs|the goat balance
|c|☆tay sachs|ye
|c| Angelborn|yeah
|c|☆pif|but i got bodied by pangoro
|c|☆pif|like 800 times
|c|☆pif|in a row
|c|☆pif|also its coba and jah weak
|
|switch|p2a: sluggy chuggy|Gastrodon, F|100/100
|-damage|p2a: sluggy chuggy|94/100|[from] Stealth Rock
|move|p1a: Haxorus|Earthquake|p2a: sluggy chuggy
|-damage|p2a: sluggy chuggy|51/100
|
|-heal|p2a: sluggy chuggy|57/100|[from] item: Leftovers
|upkeep
|turn|8
|c| Angelborn|the anti-bulk crew
|c|☆tay sachs|do i go for the crit
|c|☆pif|can you tell me if youre banded again
|c|☆tay sachs|yeah
|c|☆pif|ok
|c|☆pif|youre so nice
|c|☆pif|thanks
|c|☆pif|you should timer me
|c| Angelborn|lol
|inactive|Battle timer is ON: inactive players will automatically lose when time's up. (requested by pif)
|
|switch|p1a: Celebi|Celebi|100/100
|-damage|p1a: Celebi|88/100|[from] Stealth Rock
|move|p2a: sluggy chuggy|Recover|p2a: sluggy chuggy
|-heal|p2a: sluggy chuggy|100/100
|
|upkeep
|turn|9
|c| Angelborn|Yeah, that one is banded.
|c|☆pif|is this one banded too
|c| Angelborn|xD
|c|☆tay sachs|is it
|c| Angelborn|unlikely
|
|switch|p2a: jabby stabby|Escavalier, F|100/100
|-damage|p2a: jabby stabby|88/100|[from] Stealth Rock
|move|p1a: Celebi|U-turn|p2a: jabby stabby
|-resisted|p2a: jabby stabby
|-damage|p2a: jabby stabby|83/100
|c|☆pif|i can calc the uturn damage
|c|☆pif|if its banded
|inactive|tay sachs has 120 seconds left.
|
|switch|p1a: Sylveon|Sylveon, M|100/100|[from]move: U-turn
|-damage|p1a: Sylveon|88/100|[from] Stealth Rock
|
|-heal|p2a: jabby stabby|89/100|[from] item: Leftovers
|upkeep
|turn|10
|
|switch|p2a: woof woof woof|Arcanine, F|82/100
|-ability|p2a: woof woof woof|Intimidate|boost
|-unboost|p1a: Sylveon|atk|1
|move|p1a: Sylveon|Hyper Voice|p2a: woof woof woof
|-resisted|p2a: woof woof woof
|-damage|p2a: woof woof woof|35/100
|
|upkeep
|turn|11
|
|move|p2a: woof woof woof|Morning Sun|p2a: woof woof woof
|-heal|p2a: woof woof woof|85/100
|move|p1a: Sylveon|Hyper Voice|p2a: woof woof woof
|-resisted|p2a: woof woof woof
|-damage|p2a: woof woof woof|41/100
|
|upkeep
|turn|12
|
|move|p2a: woof woof woof|Morning Sun|p2a: woof woof woof
|-heal|p2a: woof woof woof|91/100
|move|p1a: Sylveon|Hyper Voice|p2a: woof woof woof
|-resisted|p2a: woof woof woof
|-damage|p2a: woof woof woof|50/100
|
|upkeep
|turn|13
|
|switch|p1a: Cobalion|Cobalion|63/100
|-damage|p1a: Cobalion|60/100|[from] Stealth Rock
|move|p2a: woof woof woof|Morning Sun|p2a: woof woof woof
|-heal|p2a: woof woof woof|99/100
|
|upkeep
|turn|14
|c|☆pif|what....
|
|switch|p1a: Incineroar|Incineroar, M|94/100 tox
|-ability|p1a: Incineroar|Intimidate|boost
|-unboost|p2a: woof woof woof|atk|1
|move|p2a: woof woof woof|Flamethrower|p1a: Incineroar
|-resisted|p1a: Incineroar
|-damage|p1a: Incineroar|84/100 tox
|
|-damage|p1a: Incineroar|78/100 tox|[from] psn
|upkeep
|turn|15
|
|switch|p2a: chokey smokey|Weezing-Galar, M|100/100
|-damage|p2a: chokey smokey|88/100|[from] Stealth Rock
|move|p1a: Incineroar|Knock Off|p2a: chokey smokey
|-resisted|p2a: chokey smokey
|-damage|p2a: chokey smokey|76/100
|-enditem|p2a: chokey smokey|Black Sludge|[from] move: Knock Off|[of] p1a: Incineroar
|
|-damage|p1a: Incineroar|66/100 tox|[from] psn
|upkeep
|turn|16
|
|move|p1a: Incineroar|Parting Shot|p2a: chokey smokey
|-unboost|p2a: chokey smokey|atk|1
|-unboost|p2a: chokey smokey|spa|1
|
|switch|p1a: Celebi|Celebi|88/100|[from]move: Parting Shot
|-damage|p1a: Celebi|76/100|[from] Stealth Rock
|move|p2a: chokey smokey|Strange Steam|p1a: Celebi
|-damage|p1a: Celebi|57/100
|-start|p1a: Celebi|confusion
|
|upkeep
|turn|17
|
|switch|p2a: umby wumby|Umbreon, F|100/100
|-damage|p2a: umby wumby|88/100|[from] Stealth Rock
|-activate|p1a: Celebi|confusion
|move|p1a: Celebi|U-turn|p2a: umby wumby
|-supereffective|p2a: umby wumby
|-damage|p2a: umby wumby|64/100
|
|switch|p1a: Cobalion|Cobalion|60/100|[from]move: U-turn
|-damage|p1a: Cobalion|57/100|[from] Stealth Rock
|
|-heal|p2a: umby wumby|70/100|[from] item: Leftovers
|upkeep
|turn|18
|
|switch|p2a: woof woof woof|Arcanine, F|99/100
|-ability|p2a: woof woof woof|Intimidate|boost
|-unboost|p1a: Cobalion|atk|1
|move|p1a: Cobalion|Close Combat|p2a: woof woof woof
|-damage|p2a: woof woof woof|77/100
|-unboost|p1a: Cobalion|def|1
|-unboost|p1a: Cobalion|spd|1
|
|upkeep
|turn|19
|
|move|p1a: Cobalion|Thunder Wave|p2a: woof woof woof
|-status|p2a: woof woof woof|par
|move|p2a: woof woof woof|Flamethrower|p1a: Cobalion
|-supereffective|p1a: Cobalion
|-damage|p1a: Cobalion|0 fnt
|faint|p1a: Cobalion
|
|upkeep
|
|switch|p1a: Haxorus|Haxorus, M|100/100
|-damage|p1a: Haxorus|88/100|[from] Stealth Rock
|-ability|p1a: Haxorus|Mold Breaker
|turn|20
|
|switch|p2a: sluggy chuggy|Gastrodon, F|100/100
|-damage|p2a: sluggy chuggy|94/100|[from] Stealth Rock
|move|p1a: Haxorus|Earthquake|p2a: sluggy chuggy
|-damage|p2a: sluggy chuggy|51/100
|
|-heal|p2a: sluggy chuggy|57/100|[from] item: Leftovers
|upkeep
|turn|21
|
|switch|p1a: Sylveon|Sylveon, M|88/100
|-damage|p1a: Sylveon|76/100|[from] Stealth Rock
|move|p2a: sluggy chuggy|Recover|p2a: sluggy chuggy
|-heal|p2a: sluggy chuggy|100/100
|
|upkeep
|turn|22
|
|move|p1a: Sylveon|Hyper Voice|p2a: sluggy chuggy
|-damage|p2a: sluggy chuggy|20/100
|move|p2a: sluggy chuggy|Recover|p2a: sluggy chuggy
|-heal|p2a: sluggy chuggy|70/100
|
|-heal|p2a: sluggy chuggy|76/100|[from] item: Leftovers
|upkeep
|turn|23
|j|+rosa
|
|switch|p2a: stuntfisk|Stunfisk-Galar, M|84/100
|-damage|p2a: stuntfisk|81/100|[from] Stealth Rock
|move|p1a: Sylveon|Hyper Voice|p2a: stuntfisk
|-resisted|p2a: stuntfisk
|-damage|p2a: stuntfisk|54/100
|
|-heal|p2a: stuntfisk|60/100|[from] item: Leftovers
|upkeep
|turn|24
|
|switch|p1a: Celebi|Celebi|57/100
|-damage|p1a: Celebi|45/100|[from] Stealth Rock
|move|p2a: stuntfisk|Yawn|p1a: Celebi
|-start|p1a: Celebi|move: Yawn|[of] p2a: stuntfisk
|
|-heal|p2a: stuntfisk|66/100|[from] item: Leftovers
|upkeep
|turn|25
|
|move|p1a: Celebi|U-turn|p2a: stuntfisk
|-resisted|p2a: stuntfisk
|-damage|p2a: stuntfisk|60/100
|
|switch|p1a: Haxorus|Haxorus, M|88/100|[from]move: U-turn
|-damage|p1a: Haxorus|76/100|[from] Stealth Rock
|-ability|p1a: Haxorus|Mold Breaker
|move|p2a: stuntfisk|Yawn|p1a: Haxorus
|-start|p1a: Haxorus|move: Yawn|[of] p2a: stuntfisk
|
|-heal|p2a: stuntfisk|67/100|[from] item: Leftovers
|upkeep
|turn|26
|inactive|pif has 120 seconds left.
|j| uult1 SOMALIA
|inactive|pif has 90 seconds left.
|
|switch|p1a: Golisopod|Golisopod, F|100/100
|move|p2a: stuntfisk|Protect||[still]
|-fail|p2a: stuntfisk
|
|-heal|p2a: stuntfisk|73/100|[from] item: Leftovers
|upkeep
|turn|27
|
|switch|p2a: chokey smokey|Weezing-Galar, M|76/100
|-damage|p2a: chokey smokey|64/100|[from] Stealth Rock
|move|p1a: Golisopod|First Impression|p2a: chokey smokey
|-resisted|p2a: chokey smokey
|-damage|p2a: chokey smokey|56/100
|
|upkeep
|turn|28
|
|switch|p1a: Incineroar|Incineroar, M|66/100 tox
|-ability|p1a: Incineroar|Intimidate|boost
|-unboost|p2a: chokey smokey|atk|1
|move|p2a: chokey smokey|Sludge Bomb|p1a: Incineroar
|-damage|p1a: Incineroar|48/100 tox
|
|-damage|p1a: Incineroar|42/100 tox|[from] psn
|upkeep
|turn|29
|inactive|pif has 90 seconds left.
|
|move|p1a: Incineroar|Flare Blitz|p2a: chokey smokey
|-damage|p2a: chokey smokey|24/100
|-damage|p1a: Incineroar|33/100 tox|[from] Recoil
|move|p2a: chokey smokey|Sludge Bomb|p1a: Incineroar
|-damage|p1a: Incineroar|13/100 tox
|
|-damage|p1a: Incineroar|1/100 tox|[from] psn
|upkeep
|turn|30
|inactive|pif has 90 seconds left.
|inactive|pif has 60 seconds left.
|
|move|p1a: Incineroar|Knock Off|p2a: chokey smokey
|-resisted|p2a: chokey smokey
|-damage|p2a: chokey smokey|16/100
|move|p2a: chokey smokey|Sludge Bomb|p1a: Incineroar
|-damage|p1a: Incineroar|0 fnt
|faint|p1a: Incineroar
|
|upkeep
|
|switch|p1a: Haxorus|Haxorus, M|76/100
|-damage|p1a: Haxorus|64/100|[from] Stealth Rock
|-ability|p1a: Haxorus|Mold Breaker
|turn|31
|
|move|p1a: Haxorus|Earthquake|p2a: chokey smokey
|-supereffective|p2a: chokey smokey
|-damage|p2a: chokey smokey|0 fnt
|faint|p2a: chokey smokey
|
|upkeep
|c|☆pif|why cant i be like adaam and use balloon weezing
|inactive|pif has 60 seconds left.
|
|switch|p2a: sluggy chuggy|Gastrodon, F|76/100
|-damage|p2a: sluggy chuggy|70/100|[from] Stealth Rock
|turn|32
|c|☆tay sachs|because ur pif
|c| Angelborn|Balloon NG Weezing?
|inactive|pif has 60 seconds left.
|c|☆pif|no just balloon levitate
|
|switch|p1a: Celebi|Celebi|45/100
|-damage|p1a: Celebi|32/100|[from] Stealth Rock
|move|p2a: sluggy chuggy|Recover|p2a: sluggy chuggy
|-heal|p2a: sluggy chuggy|100/100
|
|upkeep
|turn|33
|c| Angelborn|lol
|inactive|pif has 60 seconds left.
|
|switch|p2a: umby wumby|Umbreon, F|70/100
|-damage|p2a: umby wumby|58/100|[from] Stealth Rock
|move|p1a: Celebi|Leaf Storm|p2a: umby wumby
|-damage|p2a: umby wumby|29/100
|-unboost|p1a: Celebi|spa|2
|
|-heal|p2a: umby wumby|35/100|[from] item: Leftovers
|upkeep
|turn|34
|j| Osheaga
|inactive|pif has 60 seconds left.
|
|switch|p1a: Sylveon|Sylveon, M|76/100
|-damage|p1a: Sylveon|64/100|[from] Stealth Rock
|move|p2a: umby wumby|Heal Bell|p2a: umby wumby
|-activate|p2a: umby wumby|move: Heal Bell
|-curestatus|p2: woof woof woof|par|[msg]
|
|-heal|p2a: umby wumby|41/100|[from] item: Leftovers
|upkeep
|turn|35
|
|move|p2a: umby wumby|Protect|p2a: umby wumby
|-singleturn|p2a: umby wumby|Protect
|move|p1a: Sylveon|Hyper Voice|p2a: umby wumby
|-activate|p2a: umby wumby|move: Protect
|
|-heal|p2a: umby wumby|47/100|[from] item: Leftovers
|upkeep
|turn|36
|
|switch|p2a: stuntfisk|Stunfisk-Galar, M|73/100
|-damage|p2a: stuntfisk|70/100|[from] Stealth Rock
|move|p1a: Sylveon|Hyper Voice|p2a: stuntfisk
|-resisted|p2a: stuntfisk
|-damage|p2a: stuntfisk|45/100
|
|-heal|p2a: stuntfisk|51/100|[from] item: Leftovers
|upkeep
|turn|37
|
|switch|p1a: Golisopod|Golisopod, F|100/100
|move|p2a: stuntfisk|Earthquake|p1a: Golisopod
|-resisted|p1a: Golisopod
|-damage|p1a: Golisopod|90/100
|
|-heal|p2a: stuntfisk|57/100|[from] item: Leftovers
|upkeep
|turn|38
|j| SuperBacterie
|inactive|tay sachs has 120 seconds left.
|
|switch|p1a: Sylveon|Sylveon, M|64/100
|-damage|p1a: Sylveon|52/100|[from] Stealth Rock
|switch|p2a: sluggy chuggy|Gastrodon, F|100/100
|-damage|p2a: sluggy chuggy|94/100|[from] Stealth Rock
|
|-heal|p2a: sluggy chuggy|100/100|[from] item: Leftovers
|upkeep
|turn|39
|inactive|pif has 90 seconds left.
|
|switch|p2a: stuntfisk|Stunfisk-Galar, M|57/100
|-damage|p2a: stuntfisk|54/100|[from] Stealth Rock
|move|p1a: Sylveon|Hyper Voice|p2a: stuntfisk
|-resisted|p2a: stuntfisk
|-damage|p2a: stuntfisk|26/100
|
|-heal|p2a: stuntfisk|32/100|[from] item: Leftovers
|upkeep
|turn|40
|inactive|pif has 90 seconds left.
|
|move|p1a: Sylveon|Hyper Voice|p2a: stuntfisk
|-resisted|p2a: stuntfisk
|-damage|p2a: stuntfisk|5/100
|move|p2a: stuntfisk|Yawn|p1a: Sylveon
|-start|p1a: Sylveon|move: Yawn|[of] p2a: stuntfisk
|
|-heal|p2a: stuntfisk|11/100|[from] item: Leftovers
|upkeep
|turn|41
|
|switch|p1a: Celebi|Celebi|32/100
|-damage|p1a: Celebi|20/100|[from] Stealth Rock
|move|p2a: stuntfisk|Yawn|p1a: Celebi
|-start|p1a: Celebi|move: Yawn|[of] p2a: stuntfisk
|
|-heal|p2a: stuntfisk|17/100|[from] item: Leftovers
|upkeep
|turn|42
|
|move|p1a: Celebi|Leaf Storm|p2a: stuntfisk
|-damage|p2a: stuntfisk|0 fnt
|-unboost|p1a: Celebi|spa|2
|faint|p2a: stuntfisk
|
|-end|p1a: Celebi|move: Yawn|[silent]
|-status|p1a: Celebi|slp
|upkeep
|inactive|pif has 90 seconds left.
|c|☆pif|wheres my pursuit esca
|c|☆tay sachs|back in gen7
|inactive|pif has 60 seconds left.
|
|switch|p2a: woof woof woof|Arcanine, F|77/100
|-ability|p2a: woof woof woof|Intimidate|boost
|-unboost|p1a: Celebi|atk|1
|turn|43
|c| Angelborn|*borrows pif his FF dog
|inactive|tay sachs has 120 seconds left.
|c|☆pif|ff dog?
|l| SuperBacterie
|
|switch|p1a: Golisopod|Golisopod, F|90/100
|move|p2a: woof woof woof|Will-O-Wisp|p1a: Golisopod
|-status|p1a: Golisopod|brn
|
|-damage|p1a: Golisopod|84/100 brn|[from] brn
|upkeep
|turn|44
|c| Angelborn|the arcanine from last night
|inactive|pif has 60 seconds left.
|inactive|pif has 30 seconds left.
|c|☆tay sachs|timer
|c| Angelborn|Banded Flash Fire
|c| Angelborn|deactivate it
|inactive|pif has 20 seconds left.
|inactive|pif has 15 seconds left.
|inactive|pif has 10 seconds left.
|c|☆tay sachs|cant
|c|☆tay sachs|pif
|inactive|pif has 5 seconds left.
|
|switch|p2a: sluggy chuggy|Gastrodon, F|100/100
|-damage|p2a: sluggy chuggy|94/100|[from] Stealth Rock
|move|p1a: Golisopod|Liquidation|p2a: sluggy chuggy
|-ability|p2a: sluggy chuggy|Storm Drain|boost
|-boost|p2a: sluggy chuggy|spa|1
|
|-heal|p2a: sluggy chuggy|100/100|[from] item: Leftovers
|-damage|p1a: Golisopod|78/100 brn|[from] brn
|upkeep
|turn|45
|inactive|pif has 15 seconds left this turn.
|c|☆tay sachs|timer
|c|☆tay sachs|ok thank god
|inactive|pif has 10 seconds left.
|
|move|p1a: Golisopod|Leech Life|p2a: sluggy chuggy
|-damage|p2a: sluggy chuggy|85/100
|-heal|p1a: Golisopod|88/100 brn|[from] drain|[of] p2a: sluggy chuggy
|move|p2a: sluggy chuggy|Earth Power|p1a: Golisopod
|-resisted|p1a: Golisopod
|-damage|p1a: Golisopod|65/100 brn
|
|-heal|p2a: sluggy chuggy|91/100|[from] item: Leftovers
|-damage|p1a: Golisopod|59/100 brn|[from] brn
|upkeep
|turn|46
|inactive|pif has 20 seconds left this turn.
|c|☆pif|oh
|
|move|p1a: Golisopod|Leech Life|p2a: sluggy chuggy
|-damage|p2a: sluggy chuggy|76/100
|-heal|p1a: Golisopod|68/100 brn|[from] drain|[of] p2a: sluggy chuggy
|move|p2a: sluggy chuggy|Earth Power|p1a: Golisopod
|-resisted|p1a: Golisopod
|-damage|p1a: Golisopod|45/100 brn
|-activate|p1a: Golisopod|ability: Emergency Exit
|inactive|pif has 25 seconds left this turn.
|c|☆pif|my timer is low.
|
|switch|p1a: Sylveon|Sylveon, M|52/100
|-damage|p1a: Sylveon|39/100|[from] Stealth Rock
|
|-heal|p2a: sluggy chuggy|82/100|[from] item: Leftovers
|upkeep
|turn|47
|inactive|pif has 30 seconds left.
|
|move|p1a: Sylveon|Hyper Voice|p2a: sluggy chuggy
|-damage|p2a: sluggy chuggy|4/100
|move|p2a: sluggy chuggy|Earth Power|p1a: Sylveon
|-damage|p1a: Sylveon|7/100
|
|-heal|p2a: sluggy chuggy|11/100|[from] item: Leftovers
|upkeep
|turn|48
|
|move|p1a: Sylveon|Hyper Voice|p2a: sluggy chuggy
|-damage|p2a: sluggy chuggy|0 fnt
|faint|p2a: sluggy chuggy
|
|upkeep
|
|switch|p2a: woof woof woof|Arcanine, F|77/100
|-ability|p2a: woof woof woof|Intimidate|boost
|-unboost|p1a: Sylveon|atk|1
|turn|49
|inactive|pif has 30 seconds left.
|inactive|pif has 20 seconds left.
|inactive|pif has 15 seconds left.
|
|switch|p1a: Golisopod|Golisopod, F|45/100 brn
|move|p2a: woof woof woof|Morning Sun|p2a: woof woof woof
|-heal|p2a: woof woof woof|100/100
|
|-damage|p1a: Golisopod|39/100 brn|[from] brn
|upkeep
|turn|50
|inactive|pif has 25 seconds left this turn.
|inactive|pif has 20 seconds left.
|
|move|p2a: woof woof woof|Flamethrower|p1a: Golisopod
|-damage|p1a: Golisopod|6/100 brn
|move|p1a: Golisopod|Liquidation|p2a: woof woof woof
|-supereffective|p2a: woof woof woof
|-damage|p2a: woof woof woof|62/100
|
|-damage|p1a: Golisopod|0 fnt|[from] brn
|faint|p1a: Golisopod
|upkeep
|inactive|pif has 25 seconds left this turn.
|
|switch|p1a: Haxorus|Haxorus, M|64/100
|-damage|p1a: Haxorus|51/100|[from] Stealth Rock
|-ability|p1a: Haxorus|Mold Breaker
|turn|51
|inactive|pif has 30 seconds left.
|
|switch|p2a: umby wumby|Umbreon, F|47/100
|-damage|p2a: umby wumby|35/100|[from] Stealth Rock
|move|p1a: Haxorus|Earthquake|p2a: umby wumby
|-damage|p2a: umby wumby|0 fnt
|faint|p2a: umby wumby
|
|upkeep
|
|switch|p2a: jabby stabby|Escavalier, F|89/100
|-damage|p2a: jabby stabby|77/100|[from] Stealth Rock
|turn|52
|inactive|tay sachs has 120 seconds left.
|
|move|p1a: Haxorus|Earthquake|p2a: jabby stabby
|-damage|p2a: jabby stabby|29/100
|move|p2a: jabby stabby|Iron Head|p1a: Haxorus
|-damage|p1a: Haxorus|2/100
|
|-heal|p2a: jabby stabby|35/100|[from] item: Leftovers
|upkeep
|turn|53
|c|☆pif|;
|c|☆pif|good evs
|
|move|p1a: Haxorus|Earthquake|p2a: jabby stabby
|-damage|p2a: jabby stabby|0 fnt
|faint|p2a: jabby stabby
|
|upkeep
|
|switch|p2a: woof woof woof|Arcanine, F|62/100
|-ability|p2a: woof woof woof|Intimidate|boost
|-unboost|p1a: Haxorus|atk|1
|turn|54
|inactive|pif has 30 seconds left.
|l| Osheaga
|inactive|tay sachs has 90 seconds left.
|inactive|pif has 20 seconds left.
|
|move|p1a: Haxorus|Earthquake|p2a: woof woof woof
|-supereffective|p2a: woof woof woof
|-damage|p2a: woof woof woof|0 fnt
|faint|p2a: woof woof woof
|
|win|tay sachs
|inactive|pif has 25 seconds left this turn.
|c|☆tay sachs|gg
|c|☆pif|gg
|l|☆pif
|l|☆tay sachs
|l|+rosa
|raw|tay sachs's rating: 1748 &rarr; <strong>1773</strong><br />(+25 for winning)
|raw|pif's rating: 1828 &rarr; <strong>1803</strong><br />(-25 for losing)
|l| Angelborn
|j| Angelborn
