|j|☆NebbyGetInTheBag
|j|☆Ahegaogao
|player|p1|NebbyGetInTheBag|lillie|1027
|player|p2|Ahegaogao|clerkf|1046
|teamsize|p1|6
|teamsize|p2|6
|gametype|singles
|gen|8
|tier|[Gen 8] UU
|rated|
|rule|Sleep Clause Mod: Limit one foe put to sleep
|rule|Species Clause: Limit one of each Pokémon
|rule|OHKO Clause: OHKO moves are banned
|rule|Evasion Moves Clause: Evasion moves are banned
|rule|Endless Battle Clause: Forcing endless battles is banned
|rule|HP Percentage Mod: HP is shown in percentages
|clearpoke
|poke|p1|Cramorant, F|
|poke|p1|Durant, F|
|poke|p1|Shuckle, M|
|poke|p1|Tsareena, F|
|poke|p1|Heliolisk, M|
|poke|p1|Arcanine, M|
|poke|p2|Kommo-o, M|
|poke|p2|Silvally-*|
|poke|p2|Sigilyph, F|
|poke|p2|Basculin, F|
|poke|p2|Vikavolt, F|
|poke|p2|Cursola, M|
|rule|Dynamax Clause: You cannot dynamax
|teampreview
|
|start
|switch|p1a: Clifford|Arcanine, M|100/100
|switch|p2a: Cursola|Cursola, M|100/100
|-ability|p1a: Clifford|Intimidate|boost
|-unboost|p2a: Cursola|atk|1
|turn|1
|
|move|p1a: Clifford|Flare Blitz|p2a: Cursola
|-damage|p2a: Cursola|18/100
|-ability|p2a: Cursola|Weak Armor|boost
|-unboost|p2a: Cursola|def|1
|-boost|p2a: Cursola|spe|2
|-damage|p1a: Clifford|78/100|[from] Recoil
|move|p2a: Cursola|Strength Sap|p1a: Clifford
|-unboost|p1a: Clifford|atk|1
|-heal|p2a: Cursola|97/100
|
|-heal|p2a: Cursola|100/100|[from] item: Leftovers
|upkeep
|turn|2
|
|switch|p1a: Shuck Bees|Shuckle, M|100/100
|move|p2a: Cursola|Stealth Rock|p1a: Shuck Bees
|-sidestart|p1: NebbyGetInTheBag|move: Stealth Rock
|
|upkeep
|turn|3
|inactive|Battle timer is ON: inactive players will automatically lose when time's up. (requested by NebbyGetInTheBag)
|
|switch|p2a: Basculin|Basculin, F, shiny|100/100
|move|p1a: Shuck Bees|Sticky Web|p2a: Basculin
|-sidestart|p2: Ahegaogao|move: Sticky Web
|
|upkeep
|turn|4
|
|switch|p1a: Dimitri|Heliolisk, M|100/100
|-damage|p1a: Dimitri|88/100|[from] Stealth Rock
|move|p2a: Basculin|Liquidation|p1a: Dimitri
|-heal|p1a: Dimitri|100/100|[from] ability: Dry Skin|[of] p2a: Basculin
|
|upkeep
|turn|5
|
|switch|p2a: Vikavolt|Vikavolt, F|100/100
|move|p1a: Dimitri|Volt Switch|p2a: Vikavolt
|-resisted|p2a: Vikavolt
|-damage|p2a: Vikavolt|80/100
|
|switch|p1a: Flik|Durant, F|100/100|[from]move: Volt Switch
|-damage|p1a: Flik|88/100|[from] Stealth Rock
|
|upkeep
|turn|6
|inactive|Ahegaogao has 120 seconds left.
|
|switch|p2a: Kommo-o|Kommo-o, M, shiny|100/100
|-activate|p2a: Kommo-o|move: Sticky Web
|-unboost|p2a: Kommo-o|spe|1
|move|p1a: Flik|First Impression|p2a: Kommo-o
|-resisted|p2a: Kommo-o
|-damage|p2a: Kommo-o|60/100
|-damage|p1a: Flik|78/100|[from] item: Life Orb
|
|upkeep
|turn|7
|inactive|Ahegaogao has 120 seconds left.
|
|move|p1a: Flik|Iron Head|p2a: Kommo-o|[miss]
|-miss|p1a: Flik|p2a: Kommo-o
|move|p2a: Kommo-o|Flamethrower|p1a: Flik
|-supereffective|p1a: Flik
|-damage|p1a: Flik|0 fnt
|faint|p1a: Flik
|
|upkeep
|
|switch|p1a: TROLLEY EH?|Cramorant, F|100/100
|-damage|p1a: TROLLEY EH?|76/100|[from] Stealth Rock
|turn|8
|
|move|p1a: TROLLEY EH?|Surf|p2a: Kommo-o
|-resisted|p2a: Kommo-o
|-damage|p2a: Kommo-o|42/100
|-formechange|p1a: TROLLEY EH?|Cramorant-Gulping|
|move|p2a: Kommo-o|Clangorous Soul|p2a: Kommo-o
|-boost|p2a: Kommo-o|atk|1
|-boost|p2a: Kommo-o|def|1
|-boost|p2a: Kommo-o|spa|1
|-boost|p2a: Kommo-o|spd|1
|-boost|p2a: Kommo-o|spe|1
|-damage|p2a: Kommo-o|8/100
|-enditem|p2a: Kommo-o|Throat Spray
|-boost|p2a: Kommo-o|spa|1
|
|upkeep
|turn|9
|
|move|p1a: TROLLEY EH?|Surf|p2a: Kommo-o
|-resisted|p2a: Kommo-o
|-damage|p2a: Kommo-o|0 fnt
|faint|p2a: Kommo-o
|
|upkeep
|
|switch|p2a: Vikavolt|Vikavolt, F|80/100
|turn|10
|
|move|p1a: TROLLEY EH?|Endure|p1a: TROLLEY EH?
|-singleturn|p1a: TROLLEY EH?|move: Endure
|move|p2a: Vikavolt|Bug Buzz|p1a: TROLLEY EH?
|-resisted|p1a: TROLLEY EH?
|-crit|p1a: TROLLEY EH?
|-formechange|p1a: TROLLEY EH?|Cramorant|
|-damage|p2a: Vikavolt|55/100|[from] ability: Gulp Missile|[of] p1a: TROLLEY EH?
|-unboost|p2a: Vikavolt|def|1
|-activate|p1a: TROLLEY EH?|move: Endure
|-damage|p1a: TROLLEY EH?|1/100
|-enditem|p1a: TROLLEY EH?|Petaya Berry|[eat]
|-boost|p1a: TROLLEY EH?|spa|1
|
|upkeep
|turn|11
|inactive|Ahegaogao has 120 seconds left.
|
|switch|p2a: Basculin|Basculin, F, shiny|100/100
|-activate|p2a: Basculin|move: Sticky Web
|-unboost|p2a: Basculin|spe|1
|move|p1a: TROLLEY EH?|Surf|p2a: Basculin
|-resisted|p2a: Basculin
|-damage|p2a: Basculin|50/100
|-formechange|p1a: TROLLEY EH?|Cramorant-Gorging|
|
|upkeep
|turn|12
|inactive|Ahegaogao has 120 seconds left.
|
|move|p1a: TROLLEY EH?|Endure|p1a: TROLLEY EH?
|-singleturn|p1a: TROLLEY EH?|move: Endure
|move|p2a: Basculin|Aqua Jet|p1a: TROLLEY EH?
|-resisted|p1a: TROLLEY EH?
|-formechange|p1a: TROLLEY EH?|Cramorant|
|-damage|p2a: Basculin|25/100|[from] ability: Gulp Missile|[of] p1a: TROLLEY EH?
|-status|p2a: Basculin|par
|-activate|p1a: TROLLEY EH?|move: Endure
|-damage|p1a: TROLLEY EH?|1/100
|-damage|p2a: Basculin|15/100 par|[from] item: Life Orb
|
|upkeep
|turn|13
|inactive|Ahegaogao has 120 seconds left.
|c|☆Ahegaogao|wow that was fucking dumb
|c|☆NebbyGetInTheBag|LOL
|
|switch|p1a: Elastigirl|Tsareena, F|100/100
|-damage|p1a: Elastigirl|88/100|[from] Stealth Rock
|move|p2a: Basculin|Ice Beam|p1a: Elastigirl
|-supereffective|p1a: Elastigirl
|-damage|p1a: Elastigirl|49/100
|-damage|p2a: Basculin|5/100 par|[from] item: Life Orb
|
|upkeep
|turn|14
|
|switch|p2a: Sigilyph|Sigilyph, F, shiny|100/100
|move|p1a: Elastigirl|Rapid Spin|p2a: Sigilyph
|-damage|p2a: Sigilyph|75/100
|-sideend|p1: NebbyGetInTheBag|Stealth Rock|[from] move: Rapid Spin|[of] p1a: Elastigirl
|-boost|p1a: Elastigirl|spe|1
|
|upkeep
|turn|15
|
|move|p1a: Elastigirl|Power Whip|p2a: Sigilyph
|-resisted|p2a: Sigilyph
|-damage|p2a: Sigilyph|31/100
|move|p2a: Sigilyph|Air Slash|p1a: Elastigirl
|-supereffective|p1a: Elastigirl
|-damage|p1a: Elastigirl|0 fnt
|faint|p1a: Elastigirl
|
|upkeep
|
|switch|p1a: Dimitri|Heliolisk, M|100/100
|turn|16
|
|switch|p2a: Cursola|Cursola, M|100/100
|-activate|p2a: Cursola|move: Sticky Web
|-unboost|p2a: Cursola|spe|1
|move|p1a: Dimitri|Volt Switch|p2a: Cursola
|-damage|p2a: Cursola|78/100
|
|switch|p1a: Clifford|Arcanine, M|78/100|[from]move: Volt Switch
|-ability|p1a: Clifford|Intimidate|boost
|-unboost|p2a: Cursola|atk|1
|
|-heal|p2a: Cursola|84/100|[from] item: Leftovers
|upkeep
|turn|17
|
|move|p1a: Clifford|Flare Blitz|p2a: Cursola
|-damage|p2a: Cursola|1/100
|-ability|p2a: Cursola|Weak Armor|boost
|-unboost|p2a: Cursola|def|1
|-boost|p2a: Cursola|spe|2
|-status|p2a: Cursola|brn
|-damage|p1a: Clifford|55/100|[from] Recoil
|move|p2a: Cursola|Strength Sap|p1a: Clifford
|-unboost|p1a: Clifford|atk|1
|-heal|p2a: Cursola|80/100 brn
|
|-heal|p2a: Cursola|87/100 brn|[from] item: Leftovers
|-damage|p2a: Cursola|80/100 brn|[from] brn
|upkeep
|turn|18
|
|move|p1a: Clifford|Flare Blitz|p2a: Cursola
|-damage|p2a: Cursola|0 fnt
|-damage|p1a: Clifford|32/100|[from] Recoil
|faint|p2a: Cursola
|
|upkeep
|
|switch|p2a: Basculin|Basculin, F, shiny|5/100 par
|-activate|p2a: Basculin|move: Sticky Web
|-unboost|p2a: Basculin|spe|1
|turn|19
|
|move|p1a: Clifford|Extreme Speed|p2a: Basculin
|-crit|p2a: Basculin
|-damage|p2a: Basculin|0 fnt
|faint|p2a: Basculin
|
|upkeep
|
|switch|p2a: Sigilyph|Sigilyph, F, shiny|31/100
|turn|20
|
|switch|p1a: Dimitri|Heliolisk, M|100/100
|move|p2a: Sigilyph|Roost|p2a: Sigilyph
|-heal|p2a: Sigilyph|81/100
|-singleturn|p2a: Sigilyph|move: Roost
|
|upkeep
|turn|21
|inactive|Ahegaogao has 120 seconds left.
|
|switch|p2a: Vikavolt|Vikavolt, F|55/100
|move|p1a: Dimitri|Volt Switch|p2a: Vikavolt
|-resisted|p2a: Vikavolt
|-damage|p2a: Vikavolt|35/100
|
|switch|p1a: TROLLEY EH?|Cramorant, F|1/100|[from]move: Volt Switch
|
|upkeep
|turn|22
|inactive|Ahegaogao has 120 seconds left.
|c|☆Ahegaogao|if you endure again I will ff lmao
|c|☆NebbyGetInTheBag|ok
|
|move|p1a: TROLLEY EH?|Surf|p2a: Vikavolt
|-crit|p2a: Vikavolt
|-damage|p2a: Vikavolt|0 fnt
|-formechange|p1a: TROLLEY EH?|Cramorant-Gorging|
|faint|p2a: Vikavolt
|
|upkeep
|
|switch|p2a: Silvally|Silvally-Steel, shiny|100/100
|-activate|p2a: Silvally|move: Sticky Web
|-unboost|p2a: Silvally|spe|1
|turn|23
|inactive|Ahegaogao has 120 seconds left.
|c|☆Ahegaogao|aight
|c|☆Ahegaogao|thx
|
|move|p1a: TROLLEY EH?|Surf|p2a: Silvally
|-damage|p2a: Silvally|60/100
|move|p2a: Silvally|Swords Dance|p2a: Silvally
|-boost|p2a: Silvally|atk|2
|
|upkeep
|turn|24
|
|move|p1a: TROLLEY EH?|Endure|p1a: TROLLEY EH?
|-singleturn|p1a: TROLLEY EH?|move: Endure
|move|p2a: Silvally|Fire Fang|p1a: TROLLEY EH?
|-resisted|p1a: TROLLEY EH?
|-formechange|p1a: TROLLEY EH?|Cramorant|
|-damage|p2a: Silvally|35/100|[from] ability: Gulp Missile|[of] p1a: TROLLEY EH?
|-status|p2a: Silvally|par
|-activate|p1a: TROLLEY EH?|move: Endure
|-damage|p1a: TROLLEY EH?|1/100
|
|upkeep
|turn|25
|inactive|Ahegaogao has 120 seconds left.
|c|☆Ahegaogao|bruh
|c|☆Ahegaogao|what is this garbage lmao
|c|☆NebbyGetInTheBag|jebaited
|
|move|p1a: TROLLEY EH?|Surf|p2a: Silvally
|-damage|p2a: Silvally|0 fnt
|-formechange|p1a: TROLLEY EH?|Cramorant-Gorging|
|faint|p2a: Silvally
|
|upkeep
|c|☆Ahegaogao|gg
|-message|Ahegaogao forfeited.
|
|win|NebbyGetInTheBag
|l|☆Ahegaogao
