|j|☆LolzMachine
|j|☆pokemonisfun
|t:|1667142530
|gametype|singles
|player|p1|LolzMachine|102|1498
|player|p2|pokemonisfun|#uutrio2ladder|1680
|teamsize|p1|6
|teamsize|p2|6
|gen|8
|tier|[Gen 8] UU
|rated|
|rule|Sleep Clause Mod: Limit one foe put to sleep
|rule|Species Clause: Limit one of each Pokémon
|rule|OHKO Clause: OHKO moves are banned
|rule|Evasion Items Clause: Evasion items are banned
|rule|Evasion Moves Clause: Evasion moves are banned
|rule|Endless Battle Clause: Forcing endless battles is banned
|rule|HP Percentage Mod: HP is shown in percentages
|rule|Dynamax Clause: You cannot dynamax
|clearpoke
|poke|p1|Magneton|
|poke|p1|Regidrago|
|poke|p1|Haxorus, F|
|poke|p1|Jirachi|
|poke|p1|Excadrill, M|
|poke|p1|Salamence, M|
|poke|p2|Hippowdon, F|
|poke|p2|Regieleki|
|poke|p2|Sylveon, F|
|poke|p2|Scizor, M|
|poke|p2|Milotic, M|
|poke|p2|Thundurus-Therian, M|
|teampreview
|
|t:|1667142556
|start
|switch|p1a: Jirachi|Jirachi|100/100
|switch|p2a: snekkt snek|Milotic, M|100/100
|turn|1
|
|t:|1667142560
|move|p1a: Jirachi|Stealth Rock|p2a: snekkt snek
|-sidestart|p2: pokemonisfun|move: Stealth Rock
|move|p2a: snekkt snek|Scald|p1a: Jirachi
|-damage|p1a: Jirachi|78/100
|
|-heal|p1a: Jirachi|84/100|[from] item: Leftovers
|upkeep
|turn|2
|
|t:|1667142570
|move|p1a: Jirachi|U-turn|p2a: snekkt snek
|-damage|p2a: snekkt snek|88/100
|
|t:|1667142572
|switch|p1a: Magneton|Magneton|100/100|[from]move: U-turn
|move|p2a: snekkt snek|Scald|p1a: Magneton
|-damage|p1a: Magneton|48/100
|
|upkeep
|turn|3
|
|t:|1667142582
|switch|p1a: Haxorus|Haxorus, F|100/100
|-ability|p1a: Haxorus|Mold Breaker
|move|p2a: snekkt snek|Scald|p1a: Haxorus
|-resisted|p1a: Haxorus
|-damage|p1a: Haxorus|78/100
|
|upkeep
|turn|4
|
|t:|1667142589
|switch|p2a: Hip(pos) dont lie|Hippowdon, F|100/100
|-damage|p2a: Hip(pos) dont lie|94/100|[from] Stealth Rock
|-weather|Sandstorm|[from] ability: Sand Stream|[of] p2a: Hip(pos) dont lie
|move|p1a: Haxorus|Outrage|p2a: Hip(pos) dont lie
|-damage|p2a: Hip(pos) dont lie|35/100
|-damage|p1a: Haxorus|62/100|[from] item: Rocky Helmet|[of] p2a: Hip(pos) dont lie
|
|-weather|Sandstorm|[upkeep]
|-damage|p1a: Haxorus|55/100|[from] Sandstorm
|upkeep
|turn|5
|
|t:|1667142593
|switch|p2a: chuggy buggy|Scizor, M|100/100
|move|p1a: Haxorus|Outrage|p2a: chuggy buggy|[from]lockedmove
|-resisted|p2a: chuggy buggy
|-damage|p2a: chuggy buggy|63/100
|
|-weather|Sandstorm|[upkeep]
|-damage|p1a: Haxorus|49/100|[from] Sandstorm
|upkeep
|turn|6
|
|t:|1667142597
|move|p1a: Haxorus|Outrage|p2a: chuggy buggy|[from]lockedmove
|-resisted|p2a: chuggy buggy
|-damage|p2a: chuggy buggy|21/100
|-start|p1a: Haxorus|confusion|[fatigue]
|move|p2a: chuggy buggy|U-turn|p1a: Haxorus
|-damage|p1a: Haxorus|9/100
|
|t:|1667142612
|switch|p2a: zap and clap|Regieleki|100/100|[from]move: U-turn
|
|-weather|Sandstorm|[upkeep]
|-damage|p2a: zap and clap|95/100|[from] Sandstorm
|-damage|p1a: Haxorus|3/100|[from] Sandstorm
|upkeep
|turn|7
|j| dirtknock
|
|t:|1667142616
|switch|p1a: Excadrill|Excadrill, M|100/100
|-item|p1a: Excadrill|Air Balloon
|move|p2a: zap and clap|Rapid Spin|p1a: Excadrill
|-resisted|p1a: Excadrill
|-damage|p1a: Excadrill|92/100
|-boost|p2a: zap and clap|spe|1
|-enditem|p1a: Excadrill|Air Balloon
|-sideend|p2: pokemonisfun|Stealth Rock|[from] move: Rapid Spin|[of] p2a: zap and clap
|
|-weather|Sandstorm|[upkeep]
|-damage|p2a: zap and clap|89/100|[from] Sandstorm
|upkeep
|turn|8
|
|t:|1667142627
|switch|p2a: howdy mr cloudy|Thundurus-Therian, M|100/100
|move|p1a: Excadrill|Iron Head|p2a: howdy mr cloudy
|-resisted|p2a: howdy mr cloudy
|-damage|p2a: howdy mr cloudy|67/100
|
|-weather|none
|upkeep
|turn|9
|
|t:|1667142634
|switch|p1a: Jirachi|Jirachi|84/100
|move|p2a: howdy mr cloudy|Focus Blast|p1a: Jirachi
|-damage|p1a: Jirachi|48/100
|
|-heal|p1a: Jirachi|54/100|[from] item: Leftovers
|upkeep
|turn|10
|
|t:|1667142642
|move|p2a: howdy mr cloudy|Thunderbolt|p1a: Jirachi
|-damage|p1a: Jirachi|15/100
|move|p1a: Jirachi|Stealth Rock|p2a: howdy mr cloudy
|-sidestart|p2: pokemonisfun|move: Stealth Rock
|
|-heal|p1a: Jirachi|21/100|[from] item: Leftovers
|upkeep
|turn|11
|
|t:|1667142650
|switch|p1a: Excadrill|Excadrill, M|92/100
|move|p2a: howdy mr cloudy|Thunderbolt|p1a: Excadrill
|-immune|p1a: Excadrill
|
|upkeep
|turn|12
|
|t:|1667142652
|switch|p1a: Salamence|Salamence, M|100/100
|move|p2a: howdy mr cloudy|Focus Blast|p1a: Salamence
|-resisted|p1a: Salamence
|-damage|p1a: Salamence|71/100
|
|upkeep
|turn|13
|
|t:|1667142666
|switch|p2a: Hip(pos) dont lie|Hippowdon, F|35/100
|-damage|p2a: Hip(pos) dont lie|29/100|[from] Stealth Rock
|-weather|Sandstorm|[from] ability: Sand Stream|[of] p2a: Hip(pos) dont lie
|move|p1a: Salamence|Dual Wingbeat|p2a: Hip(pos) dont lie
|-damage|p2a: Hip(pos) dont lie|17/100
|-damage|p1a: Salamence|54/100|[from] item: Rocky Helmet|[of] p2a: Hip(pos) dont lie
|-crit|p2a: Hip(pos) dont lie
|-damage|p2a: Hip(pos) dont lie|0 fnt
|-damage|p1a: Salamence|37/100|[from] item: Rocky Helmet|[of] p2a: Hip(pos) dont lie
|faint|p2a: Hip(pos) dont lie
|-ability|p1a: Salamence|Moxie|boost
|-boost|p1a: Salamence|atk|1
|-hitcount|p2: Hip(pos) dont lie|2
|
|-weather|Sandstorm|[upkeep]
|-damage|p1a: Salamence|31/100|[from] Sandstorm
|upkeep
|
|t:|1667142682
|switch|p2a: zap and clap|Regieleki|89/100
|turn|14
|
|t:|1667142686
|switch|p1a: Excadrill|Excadrill, M|92/100
|move|p2a: zap and clap|Rapid Spin|p1a: Excadrill
|-resisted|p1a: Excadrill
|-damage|p1a: Excadrill|84/100
|-boost|p2a: zap and clap|spe|1
|-sideend|p2: pokemonisfun|Stealth Rock|[from] move: Rapid Spin|[of] p2a: zap and clap
|
|-weather|Sandstorm|[upkeep]
|-damage|p2a: zap and clap|83/100|[from] Sandstorm
|upkeep
|turn|15
|
|t:|1667142695
|switch|p2a: snekkt snek|Milotic, M|88/100
|move|p1a: Excadrill|Swords Dance|p1a: Excadrill
|-boost|p1a: Excadrill|atk|2
|
|-weather|Sandstorm|[upkeep]
|-damage|p2a: snekkt snek|82/100|[from] Sandstorm
|upkeep
|turn|16
|
|t:|1667142704
|move|p1a: Excadrill|Earthquake|p2a: snekkt snek
|-damage|p2a: snekkt snek|0 fnt
|faint|p2a: snekkt snek
|
|-weather|Sandstorm|[upkeep]
|upkeep
|
|t:|1667142707
|switch|p2a: howdy mr cloudy|Thundurus-Therian, M|67/100
|turn|17
|
|t:|1667142710
|move|p1a: Excadrill|Iron Head|p2a: howdy mr cloudy
|-resisted|p2a: howdy mr cloudy
|-damage|p2a: howdy mr cloudy|0 fnt
|faint|p2a: howdy mr cloudy
|
|-weather|none
|upkeep
|-message|pokemonisfun forfeited.
|
|win|LolzMachine
|raw|LolzMachine's rating: 1498 &rarr; <strong>1528</strong><br />(+30 for winning)
|raw|pokemonisfun's rating: 1680 &rarr; <strong>1650</strong><br />(-30 for losing)
|c|☆pokemonisfun|gg
|l|☆pokemonisfun
|c|☆LolzMachine|gg
||Ladder isn't responding, score probably updated but might not have (Request timeout).
