|raw|<div class="broadcast-blue"><strong>This battle is required to be public due to a player having a name starting with 'uult91w'.</div>
|j|☆shook and book
|j|☆UULT91w Adaam
|t:|1652026636
|gametype|singles
|player|p1|shook and book|pokekid|1623
|player|p2|UULT91w Adaam|102|1594
|teamsize|p1|6
|teamsize|p2|6
|gen|8
|tier|[Gen 8] UU
|rated|
|rule|Sleep Clause Mod: Limit one foe put to sleep
|rule|Species Clause: Limit one of each Pokémon
|rule|OHKO Clause: OHKO moves are banned
|rule|Evasion Moves Clause: Evasion moves are banned
|rule|Endless Battle Clause: Forcing endless battles is banned
|rule|HP Percentage Mod: HP is shown in percentages
|rule|Dynamax Clause: You cannot dynamax
|clearpoke
|poke|p1|Rhyperior, M|
|poke|p1|Cobalion|
|poke|p1|Amoonguss, M|
|poke|p1|Mandibuzz, F|
|poke|p1|Slowking, M|
|poke|p1|Azelf|
|poke|p2|Salamence, M|
|poke|p2|Magneton|
|poke|p2|Diggersby, M|
|poke|p2|Zarude-Dada|
|poke|p2|Slowking, F|
|poke|p2|Cobalion|
|teampreview
|c|☆shook and book|big fan
|j| UULT91W Lily
|j| UULT91W bulufan
|j|+mENGy ㋛
|j| Opela
|c|☆UULT91w Adaam|hf
|c|☆shook and book|i will have a ton of fun
|c|+mENGy ㋛|shook and book a few days ago I sat down and I wondered why I had been born. What purpose did I have? And today I realized. I was born to watch you play Pokemon.
|j| career ended
|c|☆shook and book|tyty
|
|t:|1652026676
|start
|switch|p1a: Mandibuzz|Mandibuzz, F|100/100
|switch|p2a: Slowking|Slowking, F|100/100
|turn|1
|j| Juno
|inactive|Battle timer is ON: inactive players will automatically lose when time's up. (requested by shook and book)
|
|t:|1652026692
|switch|p2a: Cobalion|Cobalion|100/100
|move|p1a: Mandibuzz|Knock Off|p2a: Cobalion
|-resisted|p2a: Cobalion
|-damage|p2a: Cobalion|90/100
|-damage|p1a: Mandibuzz|84/100|[from] item: Rocky Helmet|[of] p2a: Cobalion
|-ability|p2a: Cobalion|Justified|boost
|-boost|p2a: Cobalion|atk|1
|-enditem|p2a: Cobalion|Rocky Helmet|[from] move: Knock Off|[of] p1a: Mandibuzz
|
|upkeep
|turn|2
|
|t:|1652026705
|move|p2a: Cobalion|Stealth Rock|p1a: Mandibuzz
|-sidestart|p1: shook and book|move: Stealth Rock
|move|p1a: Mandibuzz|U-turn|p2a: Cobalion
|-resisted|p2a: Cobalion
|-damage|p2a: Cobalion|87/100
|
|t:|1652026712
|switch|p1a: Azelf|Azelf|100/100|[from]move: U-turn
|
|upkeep
|turn|3
|
|t:|1652026716
|switch|p2a: Slowking|Slowking, F|100/100
|move|p1a: Azelf|Energy Ball|p2a: Slowking
|-supereffective|p2a: Slowking
|-damage|p2a: Slowking|58/100
|-enditem|p2a: Slowking|Eject Button
|
|t:|1652026719
|switch|p2a: Diggersby|Diggersby, M|100/100
|
|upkeep
|turn|4
|
|t:|1652026728
|switch|p1a: Cobalion|Cobalion|100/100
|-damage|p1a: Cobalion|97/100|[from] Stealth Rock
|move|p2a: Diggersby|U-turn|p1a: Cobalion
|-resisted|p1a: Cobalion
|-damage|p1a: Cobalion|91/100
|-damage|p2a: Diggersby|84/100|[from] item: Rocky Helmet|[of] p1a: Cobalion
|
|t:|1652026742
|switch|p2a: Slowking|Slowking, F|91/100|[from]move: U-turn
|
|upkeep
|turn|5
|
|t:|1652026747
|move|p1a: Cobalion|Stealth Rock|p2a: Slowking
|-sidestart|p2: UULT91w Adaam|move: Stealth Rock
|move|p2a: Slowking|Scald|p1a: Cobalion
|-damage|p1a: Cobalion|53/100
|
|upkeep
|turn|6
|
|t:|1652026754
|switch|p1a: Slowking|Slowking, M|100/100
|-damage|p1a: Slowking|88/100|[from] Stealth Rock
|move|p2a: Slowking|Teleport|p2a: Slowking
|
|t:|1652026757
|switch|p2a: magnemite triple|Magneton|100/100|[from]move: Teleport
|-damage|p2a: magnemite triple|94/100|[from] Stealth Rock
|
|upkeep
|turn|7
|
|t:|1652026775
|switch|p1a: Amoonguss|Amoonguss, M|100/100
|-damage|p1a: Amoonguss|88/100|[from] Stealth Rock
|move|p2a: magnemite triple|Flash Cannon|p1a: Amoonguss
|-damage|p1a: Amoonguss|23/100
|-enditem|p1a: Amoonguss|Eject Button
|n|+Mengy ㋛|mengy
|
|t:|1652026801
|switch|p1a: Azelf|Azelf|100/100
|
|upkeep
|turn|8
|c|+Mengy ㋛|I had a dream that gen 9 introduced 4th stage evolutions, starting with dugquatro
|inactive|UULT91w Adaam has 120 seconds left.
|c|+Mengy ㋛|maybe you could have a magnemite quadruple the
|
|t:|1652026838
|move|p1a: Azelf|U-turn|p2a: magnemite triple
|-resisted|p2a: magnemite triple
|-crit|p2a: magnemite triple
|-damage|p2a: magnemite triple|73/100
|
|t:|1652026842
|switch|p1a: Slowking|Slowking, M|100/100|[from]move: U-turn
|-damage|p1a: Slowking|88/100|[from] Stealth Rock
|move|p2a: magnemite triple|Flash Cannon|p1a: Slowking
|-resisted|p1a: Slowking
|-damage|p1a: Slowking|60/100
|
|upkeep
|turn|9
|
|t:|1652026849
|switch|p2a: Slowking|Slowking, F|100/100
|-damage|p2a: Slowking|88/100|[from] Stealth Rock
|move|p1a: Slowking|Teleport|p1a: Slowking
|
|t:|1652026856
|switch|p1a: Rhyperior|Rhyperior, M|100/100|[from]move: Teleport
|-damage|p1a: Rhyperior|94/100|[from] Stealth Rock
|
|upkeep
|turn|10
|inactive|shook and book has 120 seconds left.
|inactive|UULT91w Adaam has 120 seconds left.
|
|t:|1652026890
|switch|p2a: Cobalion|Cobalion|87/100
|-damage|p2a: Cobalion|84/100|[from] Stealth Rock
|move|p1a: Rhyperior|Megahorn|p2a: Cobalion
|-resisted|p2a: Cobalion
|-damage|p2a: Cobalion|68/100
|
|upkeep
|turn|11
|j| youke
|
|t:|1652026897
|switch|p1a: Slowking|Slowking, M|93/100
|-damage|p1a: Slowking|81/100|[from] Stealth Rock
|move|p2a: Cobalion|Volt Switch|p1a: Slowking
|-supereffective|p1a: Slowking
|-damage|p1a: Slowking|58/100
|inactive|UULT91w Adaam has 120 seconds left.
|
|t:|1652026907
|switch|p2a: magnemite triple|Magneton|73/100|[from]move: Volt Switch
|-damage|p2a: magnemite triple|67/100|[from] Stealth Rock
|
|upkeep
|turn|12
|l| UULT91W bulufan
|
|t:|1652026924
|switch|p1a: Rhyperior|Rhyperior, M|94/100
|-damage|p1a: Rhyperior|88/100|[from] Stealth Rock
|move|p2a: magnemite triple|Volt Switch|p1a: Rhyperior
|-immune|p1a: Rhyperior
|
|upkeep
|turn|13
|inactive|shook and book has 120 seconds left.
|
|t:|1652026943
|switch|p2a: Cobalion|Cobalion|68/100
|-damage|p2a: Cobalion|65/100|[from] Stealth Rock
|move|p1a: Rhyperior|Earthquake|p2a: Cobalion
|-supereffective|p2a: Cobalion
|-damage|p2a: Cobalion|0 fnt
|faint|p2a: Cobalion
|
|upkeep
|
|t:|1652026950
|switch|p2a: Zarude|Zarude-Dada|100/100
|turn|14
|
|t:|1652026964
|switch|p1a: Amoonguss|Amoonguss, M|56/100
|-damage|p1a: Amoonguss|44/100|[from] Stealth Rock
|move|p2a: Zarude|U-turn|p1a: Amoonguss
|-damage|p1a: Amoonguss|28/100
|j| UULT91W ASK
|
|t:|1652026983
|switch|p2a: joey salami|Salamence, M|100/100|[from]move: U-turn
|
|upkeep
|turn|15
|
|t:|1652026996
|move|p2a: joey salami|Dual Wingbeat|p1a: Amoonguss
|-supereffective|p1a: Amoonguss
|-damage|p1a: Amoonguss|0 fnt
|faint|p1a: Amoonguss
|-ability|p2a: joey salami|Moxie|boost
|-boost|p2a: joey salami|atk|1
|-hitcount|p1: Amoonguss|1
|
|upkeep
|
|t:|1652027002
|switch|p1a: Mandibuzz|Mandibuzz, F|84/100
|turn|16
|
|t:|1652027008
|switch|p2a: Slowking|Slowking, F|100/100
|-damage|p2a: Slowking|88/100|[from] Stealth Rock
|move|p1a: Mandibuzz|Foul Play|p2a: Slowking
|-supereffective|p2a: Slowking
|-damage|p2a: Slowking|46/100
|
|upkeep
|turn|17
|
|t:|1652027015
|move|p1a: Mandibuzz|Foul Play|p2a: Slowking
|-supereffective|p2a: Slowking
|-damage|p2a: Slowking|4/100
|move|p2a: Slowking|Slack Off|p2a: Slowking
|-heal|p2a: Slowking|54/100
|
|upkeep
|turn|18
|
|t:|1652027033
|move|p1a: Mandibuzz|Foul Play|p2a: Slowking
|-supereffective|p2a: Slowking
|-damage|p2a: Slowking|16/100
|move|p2a: Slowking|Slack Off|p2a: Slowking
|-heal|p2a: Slowking|66/100
|
|upkeep
|turn|19
|
|t:|1652027039
|move|p1a: Mandibuzz|Foul Play|p2a: Slowking
|-supereffective|p2a: Slowking
|-damage|p2a: Slowking|27/100
|move|p2a: Slowking|Teleport|p2a: Slowking
|
|t:|1652027049
|switch|p2a: magnemite triple|Magneton|67/100|[from]move: Teleport
|-damage|p2a: magnemite triple|61/100|[from] Stealth Rock
|
|upkeep
|turn|20
|
|t:|1652027062
|switch|p1a: Cobalion|Cobalion|53/100
|-damage|p1a: Cobalion|49/100|[from] Stealth Rock
|move|p2a: magnemite triple|Volt Switch|p1a: Cobalion
|-damage|p1a: Cobalion|0 fnt
|faint|p1a: Cobalion
|
|t:|1652027075
|switch|p2a: Diggersby|Diggersby, M|84/100|[from]move: Volt Switch
|-damage|p2a: Diggersby|78/100|[from] Stealth Rock
|
|upkeep
|
|t:|1652027086
|switch|p1a: Slowking|Slowking, M|91/100
|-damage|p1a: Slowking|79/100|[from] Stealth Rock
|turn|21
|
|t:|1652027090
|move|p2a: Diggersby|U-turn|p1a: Slowking
|-supereffective|p1a: Slowking
|-damage|p1a: Slowking|29/100
|
|t:|1652027097
|switch|p2a: Slowking|Slowking, F|60/100|[from]move: U-turn
|-damage|p2a: Slowking|48/100|[from] Stealth Rock
|move|p1a: Slowking|Teleport|p1a: Slowking
|
|t:|1652027122
|switch|p1a: Rhyperior|Rhyperior, M|88/100|[from]move: Teleport
|-damage|p1a: Rhyperior|82/100|[from] Stealth Rock
|
|upkeep
|turn|22
|inactive|UULT91w Adaam has 120 seconds left.
|inactive|UULT91w Adaam has 90 seconds left.
|
|t:|1652027205
|move|p1a: Rhyperior|Stone Edge|p2a: Slowking
|-damage|p2a: Slowking|0 fnt
|faint|p2a: Slowking
|
|upkeep
|inactive|UULT91w Adaam has 60 seconds left.
|
|t:|1652027223
|switch|p2a: magnemite triple|Magneton|61/100
|-damage|p2a: magnemite triple|54/100|[from] Stealth Rock
|turn|23
|
|t:|1652027227
|move|p2a: magnemite triple|Flash Cannon|p1a: Rhyperior
|-supereffective|p1a: Rhyperior
|-damage|p1a: Rhyperior|0 fnt
|faint|p1a: Rhyperior
|
|upkeep
|
|t:|1652027234
|switch|p1a: Azelf|Azelf|100/100
|turn|24
|
|t:|1652027242
|switch|p2a: Zarude|Zarude-Dada|100/100
|move|p1a: Azelf|Flamethrower|p2a: Zarude
|-supereffective|p2a: Zarude
|-damage|p2a: Zarude|34/100
|
|upkeep
|turn|25
|
|t:|1652027250
|move|p1a: Azelf|Flamethrower|p2a: Zarude
|-supereffective|p2a: Zarude
|-damage|p2a: Zarude|0 fnt
|faint|p2a: Zarude
|
|upkeep
|
|t:|1652027254
|switch|p2a: Diggersby|Diggersby, M|78/100
|-damage|p2a: Diggersby|72/100|[from] Stealth Rock
|turn|26
|inactive|UULT91w Adaam has 90 seconds left.
|
|t:|1652027273
|move|p2a: Diggersby|Knock Off|p1a: Azelf
|-supereffective|p1a: Azelf
|-damage|p1a: Azelf|0 fnt
|-enditem|p1a: Azelf|Heavy-Duty Boots|[from] move: Knock Off|[of] p2a: Diggersby
|faint|p1a: Azelf
|
|upkeep
|
|t:|1652027287
|switch|p1a: Mandibuzz|Mandibuzz, F|84/100
|turn|27
|inactive|UULT91w Adaam has 90 seconds left.
|
|t:|1652027297
|move|p2a: Diggersby|Knock Off|p1a: Mandibuzz
|-resisted|p1a: Mandibuzz
|-damage|p1a: Mandibuzz|67/100
|-enditem|p1a: Mandibuzz|Heavy-Duty Boots|[from] move: Knock Off|[of] p2a: Diggersby
|move|p1a: Mandibuzz|Roost|p1a: Mandibuzz
|-heal|p1a: Mandibuzz|100/100
|-singleturn|p1a: Mandibuzz|move: Roost
|
|upkeep
|turn|28
|
|t:|1652027306
|move|p2a: Diggersby|Knock Off|p1a: Mandibuzz
|-resisted|p1a: Mandibuzz
|-damage|p1a: Mandibuzz|89/100
|move|p1a: Mandibuzz|Foul Play|p2a: Diggersby
|-damage|p2a: Diggersby|26/100
|
|upkeep
|turn|29
|
|t:|1652027311
|move|p2a: Diggersby|Knock Off|p1a: Mandibuzz
|-resisted|p1a: Mandibuzz
|-damage|p1a: Mandibuzz|78/100
|move|p1a: Mandibuzz|Roost|p1a: Mandibuzz
|-heal|p1a: Mandibuzz|100/100
|-singleturn|p1a: Mandibuzz|move: Roost
|
|upkeep
|turn|30
|
|t:|1652027315
|move|p2a: Diggersby|Knock Off|p1a: Mandibuzz
|-resisted|p1a: Mandibuzz
|-damage|p1a: Mandibuzz|90/100
|move|p1a: Mandibuzz|Foul Play|p2a: Diggersby
|-damage|p2a: Diggersby|0 fnt
|faint|p2a: Diggersby
|
|upkeep
|
|t:|1652027316
|switch|p2a: magnemite triple|Magneton|54/100
|-damage|p2a: magnemite triple|48/100|[from] Stealth Rock
|turn|31
|
|t:|1652027337
|move|p2a: magnemite triple|Thunderbolt|p1a: Mandibuzz
|-supereffective|p1a: Mandibuzz
|-damage|p1a: Mandibuzz|1/100
|-status|p1a: Mandibuzz|par
|move|p1a: Mandibuzz|Knock Off|p2a: magnemite triple
|-damage|p2a: magnemite triple|13/100
|-enditem|p2a: magnemite triple|Choice Specs|[from] move: Knock Off|[of] p1a: Mandibuzz
|
|upkeep
|turn|32
|
|t:|1652027344
|move|p2a: magnemite triple|Thunderbolt|p1a: Mandibuzz
|-supereffective|p1a: Mandibuzz
|-damage|p1a: Mandibuzz|0 fnt
|faint|p1a: Mandibuzz
|
|upkeep
|
|t:|1652027345
|switch|p1a: Slowking|Slowking, M|62/100
|-damage|p1a: Slowking|50/100|[from] Stealth Rock
|turn|33
|
|t:|1652027347
|move|p2a: magnemite triple|Thunderbolt|p1a: Slowking
|-supereffective|p1a: Slowking
|-damage|p1a: Slowking|0 fnt
|faint|p1a: Slowking
|
|win|UULT91w Adaam
|raw|shook and book's rating: 1623 &rarr; <strong>1601</strong><br />(-22 for losing)
|raw|UULT91w Adaam's rating: 1594 &rarr; <strong>1616</strong><br />(+22 for winning)
|c|☆shook and book|gg
|l| Juno
|c|☆UULT91w Adaam|gg
|l|☆UULT91w Adaam
|l|☆shook and book
|l| Opela
