|j|☆Kingbrick
|j|☆Totem skarm
|t:|1603221256
|player|p1|Kingbrick|medium|1590
|player|p2|Totem skarm|youngster-gen7|1529
|teamsize|p1|6
|teamsize|p2|6
|gametype|singles
|gen|8
|tier|[Gen 8] UU
|rated|
|clearpoke
|poke|p1|Zarude|
|poke|p1|Incineroar, F|
|poke|p1|Slowbro, F|
|poke|p1|Chansey, F|
|poke|p1|Scyther, F|
|poke|p1|Polteageist|
|poke|p2|Necrozma|
|poke|p2|Noivern, F|
|poke|p2|Decidueye, F|
|poke|p2|Sylveon, F|
|poke|p2|Cobalion|
|poke|p2|Keldeo-Resolute|
|rule|Sleep Clause Mod: Limit one foe put to sleep
|rule|Species Clause: Limit one of each Pokémon
|rule|OHKO Clause: OHKO moves are banned
|rule|Evasion Moves Clause: Evasion moves are banned
|rule|Endless Battle Clause: Forcing endless battles is banned
|rule|HP Percentage Mod: HP is shown in percentages
|rule|Dynamax Clause: You cannot dynamax
|teampreview
|c|☆Totem skarm|hf
|c|☆Kingbrick|gl
|
|t:|1603221280
|start
|switch|p1a: Incineroar|Incineroar, F|100/100
|switch|p2a: Cobalion|Cobalion|100/100
|-ability|p1a: Incineroar|Intimidate|boost
|-unboost|p2a: Cobalion|atk|1
|turn|1
|
|t:|1603221284
|move|p2a: Cobalion|Stealth Rock|p1a: Incineroar
|-sidestart|p1: Kingbrick|move: Stealth Rock
|move|p1a: Incineroar|Flare Blitz|p2a: Cobalion
|-supereffective|p2a: Cobalion
|-damage|p2a: Cobalion|1/100
|-damage|p1a: Incineroar|84/100|[from] item: Rocky Helmet|[of] p2a: Cobalion
|-damage|p1a: Incineroar|57/100|[from] Recoil
|
|upkeep
|turn|2
|
|t:|1603221292
|switch|p1a: Slowbro|Slowbro, F|100/100
|-damage|p1a: Slowbro|88/100|[from] Stealth Rock
|move|p2a: Cobalion|Close Combat|p1a: Slowbro
|-resisted|p1a: Slowbro
|-crit|p1a: Slowbro
|-damage|p1a: Slowbro|67/100
|-unboost|p2a: Cobalion|def|1
|-unboost|p2a: Cobalion|spd|1
|-damage|p2a: Cobalion|0 fnt|[from] item: Rocky Helmet|[of] p1a: Slowbro
|faint|p2a: Cobalion
|
|upkeep
|
|t:|1603221300
|switch|p2a: Noivern|Noivern, F|100/100
|turn|3
|
|t:|1603221307
|switch|p1a: Incineroar|Incineroar, F|57/100
|-ability|p1a: Incineroar|Intimidate|boost
|-unboost|p2a: Noivern|atk|1
|move|p2a: Noivern|Hurricane|p1a: Incineroar
|-damage|p1a: Incineroar|0 fnt
|-damage|p2a: Noivern|91/100|[from] item: Life Orb
|faint|p1a: Incineroar
|
|upkeep
|
|t:|1603221314
|switch|p1a: Chansey|Chansey, F|100/100
|-damage|p1a: Chansey|88/100|[from] Stealth Rock
|turn|4
|j| Chuerk
|
|t:|1603221319
|switch|p2a: Decidueye|Decidueye, F|100/100
|move|p1a: Chansey|Stealth Rock|p2a: Decidueye
|-sidestart|p2: Totem skarm|move: Stealth Rock
|
|upkeep
|turn|5
|j| steve77s
|
|t:|1603221325
|move|p2a: Decidueye|Leaf Blade|p1a: Chansey
|-damage|p1a: Chansey|55/100
|move|p1a: Chansey|Toxic|p2a: Decidueye
|-status|p2a: Decidueye|tox
|
|-damage|p2a: Decidueye|94/100 tox|[from] psn
|upkeep
|turn|6
|
|t:|1603221331
|switch|p2a: Keldeo|Keldeo-Resolute|100/100
|-damage|p2a: Keldeo|94/100|[from] Stealth Rock
|move|p1a: Chansey|Soft-Boiled|p1a: Chansey
|-heal|p1a: Chansey|100/100
|
|upkeep
|turn|7
|
|t:|1603221334
|switch|p1a: Slowbro|Slowbro, F|99/100
|-damage|p1a: Slowbro|88/100|[from] Stealth Rock
|move|p2a: Keldeo|Scald|p1a: Slowbro
|-resisted|p1a: Slowbro
|-damage|p1a: Slowbro|57/100
|-status|p1a: Slowbro|brn
|
|-damage|p1a: Slowbro|51/100 brn|[from] brn
|upkeep
|turn|8
|
|t:|1603221340
|switch|p2a: Sylveon|Sylveon, F|100/100
|-damage|p2a: Sylveon|88/100|[from] Stealth Rock
|move|p1a: Slowbro|Psyshock|p2a: Sylveon
|-damage|p2a: Sylveon|66/100
|
|-heal|p2a: Sylveon|72/100|[from] item: Leftovers
|-damage|p1a: Slowbro|45/100 brn|[from] brn
|upkeep
|turn|9
|
|t:|1603221345
|switch|p1a: Chansey|Chansey, F|100/100
|-damage|p1a: Chansey|88/100|[from] Stealth Rock
|move|p2a: Sylveon|Heal Bell|p2a: Sylveon
|-activate|p2a: Sylveon|move: Heal Bell
|-curestatus|p2: Decidueye|tox|[msg]
|
|-heal|p2a: Sylveon|78/100|[from] item: Leftovers
|upkeep
|turn|10
|
|t:|1603221352
|switch|p2a: Keldeo|Keldeo-Resolute|94/100
|-damage|p2a: Keldeo|88/100|[from] Stealth Rock
|move|p1a: Chansey|Toxic|p2a: Keldeo
|-status|p2a: Keldeo|tox
|
|-damage|p2a: Keldeo|82/100 tox|[from] psn
|upkeep
|turn|11
|
|t:|1603221357
|switch|p1a: Slowbro|Slowbro, F|78/100 brn
|-damage|p1a: Slowbro|66/100 brn|[from] Stealth Rock
|move|p2a: Keldeo|Secret Sword|p1a: Slowbro
|-resisted|p1a: Slowbro
|-crit|p1a: Slowbro
|-damage|p1a: Slowbro|35/100 brn
|
|-damage|p2a: Keldeo|70/100 tox|[from] psn
|-damage|p1a: Slowbro|28/100 brn|[from] brn
|upkeep
|turn|12
|c| steve77s|interesting tema totem
|c|☆Totem skarm|ty
|
|t:|1603221367
|switch|p2a: Sylveon|Sylveon, F|78/100
|-damage|p2a: Sylveon|66/100|[from] Stealth Rock
|switch|p1a: Chansey|Chansey, F|88/100
|-damage|p1a: Chansey|76/100|[from] Stealth Rock
|
|-heal|p2a: Sylveon|72/100|[from] item: Leftovers
|upkeep
|turn|13
|c|☆Totem skarm|this is the one i peaked 5 with
|
|t:|1603221374
|move|p2a: Sylveon|Heal Bell|p2a: Sylveon
|-activate|p2a: Sylveon|move: Heal Bell
|-curestatus|p2: Keldeo|tox|[msg]
|move|p1a: Chansey|Toxic|p2a: Sylveon
|-status|p2a: Sylveon|tox
|
|-heal|p2a: Sylveon|78/100 tox|[from] item: Leftovers
|-damage|p2a: Sylveon|72/100 tox|[from] psn
|upkeep
|turn|14
|
|t:|1603221377
|switch|p1a: Scyther|Scyther, F|100/100
|move|p2a: Sylveon|Wish|p2a: Sylveon
|
|-heal|p2a: Sylveon|78/100 tox|[from] item: Leftovers
|-damage|p2a: Sylveon|66/100 tox|[from] psn
|upkeep
|turn|15
|c| steve77s|I see respect
|
|t:|1603221383
|switch|p2a: Noivern|Noivern, F|91/100
|-damage|p2a: Noivern|66/100|[from] Stealth Rock
|move|p1a: Scyther|Defog|p2a: Noivern
|-unboost|p2a: Noivern|evasion|1
|-sideend|p2: Totem skarm|Stealth Rock|[from] move: Defog|[of] p1a: Scyther
|-sideend|p1: Kingbrick|Stealth Rock|[from] move: Defog|[of] p1a: Scyther
|
|-heal|p2a: Noivern|100/100|[from] move: Wish|[wisher] Sylveon
|upkeep
|turn|16
|
|t:|1603221390
|switch|p1a: Chansey|Chansey, F|76/100
|move|p2a: Noivern|Hurricane|p1a: Chansey
|-damage|p1a: Chansey|60/100
|-damage|p2a: Noivern|91/100|[from] item: Life Orb
|
|upkeep
|turn|17
|c| steve77s|king brick interesting
|
|t:|1603221400
|switch|p2a: Keldeo|Keldeo-Resolute|70/100
|move|p1a: Chansey|Stealth Rock|p2a: Keldeo
|-sidestart|p2: Totem skarm|move: Stealth Rock
|
|upkeep
|turn|18
|
|t:|1603221408
|switch|p1a: Slowbro|Slowbro, F|62/100 brn
|move|p2a: Keldeo|Scald|p1a: Slowbro
|-resisted|p1a: Slowbro
|-damage|p1a: Slowbro|30/100 brn
|
|-damage|p1a: Slowbro|24/100 brn|[from] brn
|upkeep
|turn|19
|
|t:|1603221417
|move|p2a: Keldeo|Scald|p1a: Slowbro
|-resisted|p1a: Slowbro
|-damage|p1a: Slowbro|0 fnt
|faint|p1a: Slowbro
|
|upkeep
|
|t:|1603221426
|switch|p1a: Scyther|Scyther, F|100/100
|turn|20
|
|t:|1603221431
|move|p2a: Keldeo|Scald|p1a: Scyther
|-damage|p1a: Scyther|2/100
|-status|p1a: Scyther|brn
|move|p1a: Scyther|Dual Wingbeat|p2a: Keldeo
|-supereffective|p2a: Keldeo
|-damage|p2a: Keldeo|39/100
|-supereffective|p2a: Keldeo
|-damage|p2a: Keldeo|8/100
|-hitcount|p2a: Keldeo|2
|
|-damage|p1a: Scyther|0 fnt|[from] brn
|faint|p1a: Scyther
|upkeep
|
|t:|1603221439
|switch|p1a: Chansey|Chansey, F|60/100
|turn|21
|
|t:|1603221444
|switch|p2a: Decidueye|Decidueye, F|94/100
|move|p1a: Chansey|Toxic|p2a: Decidueye
|-status|p2a: Decidueye|tox
|
|-damage|p2a: Decidueye|88/100 tox|[from] psn
|upkeep
|turn|22
|
|t:|1603221448
|switch|p2a: Sylveon|Sylveon, F|66/100 tox
|-damage|p2a: Sylveon|53/100 tox|[from] Stealth Rock
|switch|p1a: Zarude|Zarude|100/100
|
|-heal|p2a: Sylveon|59/100 tox|[from] item: Leftovers
|-damage|p2a: Sylveon|53/100 tox|[from] psn
|upkeep
|turn|23
|
|t:|1603221450
|move|p1a: Zarude|Power Whip|p2a: Sylveon
|-damage|p2a: Sylveon|0 fnt
|faint|p2a: Sylveon
|
|upkeep
|
|t:|1603221454
|switch|p2a: Noivern|Noivern, F|91/100
|-damage|p2a: Noivern|66/100|[from] Stealth Rock
|turn|24
|
|t:|1603221458
|switch|p2a: Necrozma|Necrozma|100/100
|-damage|p2a: Necrozma|88/100|[from] Stealth Rock
|switch|p1a: Chansey|Chansey, F|60/100
|
|upkeep
|turn|25
|
|t:|1603221460
|move|p2a: Necrozma|Dragon Dance|p2a: Necrozma
|-boost|p2a: Necrozma|atk|1
|-boost|p2a: Necrozma|spe|1
|move|p1a: Chansey|Toxic|p2a: Necrozma
|-status|p2a: Necrozma|tox
|-enditem|p2a: Necrozma|Lum Berry|[eat]
|-curestatus|p2a: Necrozma|tox|[msg]
|
|upkeep
|turn|26
|
|t:|1603221464
|move|p2a: Necrozma|Photon Geyser|p1a: Chansey
|-damage|p1a: Chansey|6/100
|move|p1a: Chansey|Toxic|p2a: Necrozma
|-status|p2a: Necrozma|tox
|
|-damage|p2a: Necrozma|82/100 tox|[from] psn
|upkeep
|turn|27
|c| steve77s|that is a sweep
|
|t:|1603221473
|move|p2a: Necrozma|X-Scissor|p1a: Chansey
|-damage|p1a: Chansey|0 fnt
|faint|p1a: Chansey
|
|-damage|p2a: Necrozma|70/100 tox|[from] psn
|upkeep
|c|☆Totem skarm|no
|
|t:|1603221478
|switch|p1a: Polteageist|Polteageist|100/100
|turn|28
|c|☆Totem skarm|polt
|c| steve77s|nm
|c| steve77s|sash
|
|t:|1603221485
|move|p2a: Necrozma|Photon Geyser|p1a: Polteageist
|-enditem|p1a: Polteageist|Focus Sash
|-damage|p1a: Polteageist|1/100
|-ability|p1a: Polteageist|Weak Armor|boost
|-unboost|p1a: Polteageist|def|1
|-boost|p1a: Polteageist|spe|2
|move|p1a: Polteageist|Shell Smash|p1a: Polteageist
|-unboost|p1a: Polteageist|def|1
|-unboost|p1a: Polteageist|spd|1
|-boost|p1a: Polteageist|atk|2
|-boost|p1a: Polteageist|spa|2
|-boost|p1a: Polteageist|spe|2
|
|-damage|p2a: Necrozma|52/100 tox|[from] psn
|upkeep
|turn|29
|
|t:|1603221489
|move|p1a: Polteageist|Shadow Ball|p2a: Necrozma
|-supereffective|p2a: Necrozma
|-damage|p2a: Necrozma|0 fnt
|faint|p2a: Necrozma
|
|upkeep
|c| steve77s|reverse sweep
|
|t:|1603221491
|switch|p2a: Decidueye|Decidueye, F|88/100 tox
|turn|30
|
|t:|1603221498
|switch|p1a: Zarude|Zarude|100/100
|move|p2a: Decidueye|Shadow Sneak|p1a: Zarude
|-resisted|p1a: Zarude
|-damage|p1a: Zarude|91/100
|
|-damage|p2a: Decidueye|82/100 tox|[from] psn
|upkeep
|turn|31
|
|t:|1603221507
|move|p1a: Zarude|Darkest Lariat|p2a: Decidueye
|-supereffective|p2a: Decidueye
|-damage|p2a: Decidueye|0 fnt
|faint|p2a: Decidueye
|
|upkeep
|
|t:|1603221511
|switch|p2a: Noivern|Noivern, F|66/100
|-damage|p2a: Noivern|41/100|[from] Stealth Rock
|turn|32
|c|☆Kingbrick|if you hit hurricane you win
|c|☆Totem skarm|im just gonna cal
|c| steve77s|yeah
|c|☆Totem skarm|calc
|c|☆Totem skarm|cant risk
|c| steve77s|unless scarf
|c|☆Kingbrick|maybe draco would be better
|c| steve77s|maybe
|c| steve77s|I am just a random steve
|c|☆Totem skarm|i have flamethrower
|
|t:|1603221585
|move|p2a: Noivern|Hurricane|p1a: Zarude
|-supereffective|p1a: Zarude
|-damage|p1a: Zarude|0 fnt
|-damage|p2a: Noivern|31/100|[from] item: Life Orb
|faint|p1a: Zarude
|
|upkeep
|c| steve77s|does it kill
|c|☆Kingbrick|gg
|c|☆Totem skarm|whew gg
|c| steve77s|nm
|c|☆Totem skarm|wp
|
|t:|1603221591
|switch|p1a: Polteageist|Polteageist|1/100
|turn|33
|c| steve77s|2-0
|
|t:|1603221595
|move|p2a: Noivern|Flamethrower|p1a: Polteageist
|-damage|p1a: Polteageist|0 fnt
|-damage|p2a: Noivern|21/100|[from] item: Life Orb
|faint|p1a: Polteageist
|
|win|Totem skarm
|c| Chuerk|75%
|c| steve77s|good respect both players
|c|☆Totem skarm|ty steve
|l|☆Kingbrick
|c| steve77s|who wants to battle
|l|☆Totem skarm
|c| steve77s|brick left
|l| Chuerk
||Ladder (probably) updated, but score could not be retrieved (Request timeout).
