|j|☆SwitchingIsGreat
|j|☆pokemonisfun
|t:|1661044159
|gametype|singles
|player|p1|SwitchingIsGreat|2|1486
|player|p2|pokemonisfun|#uutrio2ladder|1859
|teamsize|p1|6
|teamsize|p2|6
|gen|8
|tier|[Gen 8] UU
|rated|
|rule|Sleep Clause Mod: Limit one foe put to sleep
|rule|Species Clause: Limit one of each Pokémon
|rule|OHKO Clause: OHKO moves are banned
|rule|Evasion Items Clause: Evasion items are banned
|rule|Evasion Moves Clause: Evasion moves are banned
|rule|Endless Battle Clause: Forcing endless battles is banned
|rule|HP Percentage Mod: HP is shown in percentages
|rule|Dynamax Clause: You cannot dynamax
|clearpoke
|poke|p1|Reuniclus, F|
|poke|p1|Skarmory, F|
|poke|p1|Slowking, M|
|poke|p1|Salamence, M|
|poke|p1|Cobalion|
|poke|p1|Hippowdon, F|
|poke|p2|Slowbro-Galar, F|
|poke|p2|Tangrowth, F|
|poke|p2|Cobalion|
|poke|p2|Rotom-Wash|
|poke|p2|Hydreigon, F|
|poke|p2|Mamoswine, M|
|teampreview
|c|☆SwitchingIsGreat|Yo pif
|c|☆SwitchingIsGreat|How is it going?
|c|☆pokemonisfun|hiya
|c|☆pokemonisfun|going okay thanks glhf
|
|t:|1661044224
|start
|switch|p1a: Salamence|Salamence, M|100/100
|switch|p2a: tang his wang|Tangrowth, F|100/100
|-ability|p1a: Salamence|Intimidate|boost
|-unboost|p2a: tang his wang|atk|1
|turn|1
|
|t:|1661044231
|move|p1a: Salamence|Dual Wingbeat|p2a: tang his wang
|-supereffective|p2a: tang his wang
|-damage|p2a: tang his wang|73/100
|-supereffective|p2a: tang his wang
|-damage|p2a: tang his wang|49/100
|-hitcount|p2a: tang his wang|2
|move|p2a: tang his wang|Knock Off|p1a: Salamence
|-damage|p1a: Salamence|89/100
|-enditem|p1a: Salamence|Heavy-Duty Boots|[from] move: Knock Off|[of] p2a: tang his wang
|
|upkeep
|turn|2
|
|t:|1661044242
|switch|p1a: Hippowdon|Hippowdon, F|100/100
|-weather|Sandstorm|[from] ability: Sand Stream|[of] p1a: Hippowdon
|switch|p2a: pasty wasty|Slowbro-Galar, F|100/100
|
|-weather|Sandstorm|[upkeep]
|-damage|p2a: pasty wasty|94/100|[from] Sandstorm
|upkeep
|turn|3
|j| Maractus-4-UU
|
|t:|1661044249
|switch|p2a: wishy washy|Rotom-Wash|100/100
|move|p1a: Hippowdon|Stealth Rock|p2a: wishy washy
|-sidestart|p2: pokemonisfun|move: Stealth Rock
|
|-weather|Sandstorm|[upkeep]
|-damage|p2a: wishy washy|94/100|[from] Sandstorm
|-heal|p2a: wishy washy|100/100|[from] item: Leftovers
|upkeep
|turn|4
|
|t:|1661044252
|move|p2a: wishy washy|Hydro Pump|p1a: Hippowdon
|-supereffective|p1a: Hippowdon
|-damage|p1a: Hippowdon|40/100
|move|p1a: Hippowdon|Toxic|p2a: wishy washy
|-status|p2a: wishy washy|tox
|
|-weather|Sandstorm|[upkeep]
|-damage|p2a: wishy washy|94/100 tox|[from] Sandstorm
|-heal|p2a: wishy washy|100/100 tox|[from] item: Leftovers
|-heal|p1a: Hippowdon|47/100|[from] item: Leftovers
|-damage|p2a: wishy washy|94/100 tox|[from] psn
|upkeep
|turn|5
|
|t:|1661044264
|switch|p1a: Slowking|Slowking, M|100/100
|move|p2a: wishy washy|Defog|p1a: Slowking
|-unboost|p1a: Slowking|evasion|1
|-sideend|p2: pokemonisfun|Stealth Rock|[from] move: Defog|[of] p2a: wishy washy
|
|-weather|Sandstorm|[upkeep]
|-damage|p2a: wishy washy|88/100 tox|[from] Sandstorm
|-damage|p1a: Slowking|94/100|[from] Sandstorm
|-heal|p2a: wishy washy|94/100 tox|[from] item: Leftovers
|-damage|p2a: wishy washy|82/100 tox|[from] psn
|upkeep
|turn|6
|
|t:|1661044272
|switch|p2a: tang his wang|Tangrowth, F|82/100
|move|p1a: Slowking|Teleport|p1a: Slowking
|
|t:|1661044274
|switch|p1a: Salamence|Salamence, M|89/100|[from]move: Teleport
|-ability|p1a: Salamence|Intimidate|boost
|-unboost|p2a: tang his wang|atk|1
|
|-weather|none
|upkeep
|turn|7
|inactive|Battle timer is ON: inactive players will automatically lose when time's up. (requested by SwitchingIsGreat)
|
|t:|1661044285
|switch|p1a: Hippowdon|Hippowdon, F|47/100
|-weather|Sandstorm|[from] ability: Sand Stream|[of] p1a: Hippowdon
|switch|p2a: pasty wasty|Slowbro-Galar, F|100/100
|
|-weather|Sandstorm|[upkeep]
|-damage|p2a: pasty wasty|94/100|[from] Sandstorm
|-heal|p1a: Hippowdon|53/100|[from] item: Leftovers
|upkeep
|turn|8
|
|t:|1661044296
|switch|p2a: wishy washy|Rotom-Wash|82/100 tox
|move|p1a: Hippowdon|Slack Off|p1a: Hippowdon
|-heal|p1a: Hippowdon|100/100
|
|-weather|Sandstorm|[upkeep]
|-damage|p2a: wishy washy|75/100 tox|[from] Sandstorm
|-heal|p2a: wishy washy|82/100 tox|[from] item: Leftovers
|-damage|p2a: wishy washy|75/100 tox|[from] psn
|upkeep
|turn|9
|
|t:|1661044303
|move|p2a: wishy washy|Hydro Pump|p1a: Hippowdon
|-supereffective|p1a: Hippowdon
|-damage|p1a: Hippowdon|30/100
|move|p1a: Hippowdon|Slack Off|p1a: Hippowdon
|-heal|p1a: Hippowdon|80/100
|
|-weather|Sandstorm|[upkeep]
|-damage|p2a: wishy washy|69/100 tox|[from] Sandstorm
|-heal|p2a: wishy washy|75/100 tox|[from] item: Leftovers
|-heal|p1a: Hippowdon|87/100|[from] item: Leftovers
|-damage|p2a: wishy washy|63/100 tox|[from] psn
|upkeep
|turn|10
|
|t:|1661044312
|move|p2a: wishy washy|Hydro Pump|p1a: Hippowdon
|-supereffective|p1a: Hippowdon
|-damage|p1a: Hippowdon|21/100
|move|p1a: Hippowdon|Stealth Rock|p2a: wishy washy
|-sidestart|p2: pokemonisfun|move: Stealth Rock
|
|-weather|Sandstorm|[upkeep]
|-damage|p2a: wishy washy|57/100 tox|[from] Sandstorm
|-heal|p2a: wishy washy|63/100 tox|[from] item: Leftovers
|-heal|p1a: Hippowdon|27/100|[from] item: Leftovers
|-damage|p2a: wishy washy|44/100 tox|[from] psn
|upkeep
|turn|11
|
|t:|1661044331
|switch|p1a: Salamence|Salamence, M|89/100
|-ability|p1a: Salamence|Intimidate|boost
|-unboost|p2a: wishy washy|atk|1
|move|p2a: wishy washy|Volt Switch|p1a: Salamence
|-damage|p1a: Salamence|60/100
|inactive|pokemonisfun has 120 seconds left.
|
|t:|1661044353
|switch|p2a: husky tusky|Mamoswine, M|100/100|[from]move: Volt Switch
|-damage|p2a: husky tusky|88/100|[from] Stealth Rock
|
|-weather|none
|upkeep
|turn|12
|
|t:|1661044360
|switch|p1a: Slowking|Slowking, M|100/100
|move|p2a: husky tusky|Knock Off|p1a: Slowking
|-supereffective|p1a: Slowking
|-enditem|p1a: Slowking|Colbur Berry|[eat]
|-enditem|p1a: Slowking|Colbur Berry|[weaken]
|-damage|p1a: Slowking|63/100
|-damage|p2a: husky tusky|78/100|[from] item: Life Orb
|
|upkeep
|turn|13
|
|t:|1661044366
|switch|p2a: tang his wang|Tangrowth, F|100/100
|-damage|p2a: tang his wang|88/100|[from] Stealth Rock
|move|p1a: Slowking|Scald|p2a: tang his wang
|-resisted|p2a: tang his wang
|-damage|p2a: tang his wang|79/100
|
|upkeep
|turn|14
|
|t:|1661044374
|switch|p1a: Skarmory|Skarmory, F|100/100
|move|p2a: tang his wang|Sludge Bomb|p1a: Skarmory
|-immune|p1a: Skarmory
|
|upkeep
|turn|15
|
|t:|1661044380
|move|p1a: Skarmory|Body Press|p2a: tang his wang
|-damage|p2a: tang his wang|56/100
|move|p2a: tang his wang|Knock Off|p1a: Skarmory
|-damage|p1a: Skarmory|88/100
|-damage|p2a: tang his wang|40/100|[from] item: Rocky Helmet|[of] p1a: Skarmory
|-enditem|p1a: Skarmory|Rocky Helmet|[from] move: Knock Off|[of] p2a: tang his wang
|
|upkeep
|turn|16
|
|t:|1661044391
|switch|p2a: hoard the sword|Cobalion|100/100
|-damage|p2a: hoard the sword|97/100|[from] Stealth Rock
|move|p1a: Skarmory|Body Press|p2a: hoard the sword
|-supereffective|p2a: hoard the sword
|-crit|p2a: hoard the sword
|-damage|p2a: hoard the sword|24/100
|-damage|p1a: Skarmory|71/100|[from] item: Rocky Helmet|[of] p2a: hoard the sword
|
|upkeep
|turn|17
|
|t:|1661044405
|move|p2a: hoard the sword|Stealth Rock|p1a: Skarmory
|-sidestart|p1: SwitchingIsGreat|move: Stealth Rock
|move|p1a: Skarmory|Spikes|p2a: hoard the sword
|-sidestart|p2: pokemonisfun|Spikes
|
|upkeep
|turn|18
|
|t:|1661044411
|move|p2a: hoard the sword|Volt Switch|p1a: Skarmory
|-supereffective|p1a: Skarmory
|-damage|p1a: Skarmory|34/100
|
|t:|1661044414
|switch|p2a: pasty wasty|Slowbro-Galar, F|100/100|[from]move: Volt Switch
|-damage|p2a: pasty wasty|88/100|[from] Stealth Rock
|-damage|p2a: pasty wasty|76/100|[from] Spikes
|move|p1a: Skarmory|Roost|p1a: Skarmory
|-heal|p1a: Skarmory|84/100
|-singleturn|p1a: Skarmory|move: Roost
|
|upkeep
|turn|19
|
|t:|1661044432
|switch|p1a: Hippowdon|Hippowdon, F|27/100
|-damage|p1a: Hippowdon|21/100|[from] Stealth Rock
|-weather|Sandstorm|[from] ability: Sand Stream|[of] p1a: Hippowdon
|switch|p2a: tang his wang|Tangrowth, F|73/100
|-damage|p2a: tang his wang|61/100|[from] Stealth Rock
|-damage|p2a: tang his wang|48/100|[from] Spikes
|
|-weather|Sandstorm|[upkeep]
|-damage|p2a: tang his wang|42/100|[from] Sandstorm
|-heal|p1a: Hippowdon|27/100|[from] item: Leftovers
|upkeep
|turn|20
|
|t:|1661044448
|switch|p1a: Skarmory|Skarmory, F|84/100
|-damage|p1a: Skarmory|72/100|[from] Stealth Rock
|move|p2a: tang his wang|Power Whip|p1a: Skarmory
|-resisted|p1a: Skarmory
|-damage|p1a: Skarmory|65/100
|
|-weather|Sandstorm|[upkeep]
|-damage|p2a: tang his wang|36/100|[from] Sandstorm
|upkeep
|turn|21
|
|t:|1661044453
|switch|p2a: pasty wasty|Slowbro-Galar, F|100/100
|-damage|p2a: pasty wasty|88/100|[from] Stealth Rock
|-damage|p2a: pasty wasty|76/100|[from] Spikes
|move|p1a: Skarmory|Spikes|p2a: pasty wasty
|-sidestart|p2: pokemonisfun|Spikes
|
|-weather|Sandstorm|[upkeep]
|-damage|p2a: pasty wasty|70/100|[from] Sandstorm
|upkeep
|turn|22
|
|t:|1661044464
|switch|p1a: Slowking|Slowking, M|97/100
|-damage|p1a: Slowking|84/100|[from] Stealth Rock
|switch|p2a: wishy washy|Rotom-Wash|44/100 tox
|-damage|p2a: wishy washy|32/100 tox|[from] Stealth Rock
|
|-weather|Sandstorm|[upkeep]
|-damage|p2a: wishy washy|25/100 tox|[from] Sandstorm
|-damage|p1a: Slowking|78/100|[from] Sandstorm
|-heal|p2a: wishy washy|32/100 tox|[from] item: Leftovers
|-damage|p2a: wishy washy|25/100 tox|[from] psn
|upkeep
|turn|23
|
|t:|1661044471
|move|p2a: wishy washy|Pain Split|p1a: Slowking
|-sethp|p1a: Slowking|49/100|[from] move: Pain Split|[silent]
|-sethp|p2a: wishy washy|63/100 tox|[from] move: Pain Split
|move|p1a: Slowking|Scald|p2a: wishy washy
|-resisted|p2a: wishy washy
|-damage|p2a: wishy washy|47/100 tox
|
|-weather|none
|-heal|p2a: wishy washy|53/100 tox|[from] item: Leftovers
|-damage|p2a: wishy washy|41/100 tox|[from] psn
|upkeep
|turn|24
|
|t:|1661044475
|move|p2a: wishy washy|Defog|p1a: Slowking
|-unboost|p1a: Slowking|evasion|1
|-sideend|p1: SwitchingIsGreat|Stealth Rock|[from] move: Defog|[of] p2a: wishy washy
|-sideend|p2: pokemonisfun|Spikes|[from] move: Defog|[of] p2a: wishy washy
|-sideend|p2: pokemonisfun|Stealth Rock|[from] move: Defog|[of] p2a: wishy washy
|move|p1a: Slowking|Slack Off|p1a: Slowking
|-heal|p1a: Slowking|99/100
|
|-heal|p2a: wishy washy|47/100 tox|[from] item: Leftovers
|-damage|p2a: wishy washy|28/100 tox|[from] psn
|upkeep
|turn|25
|
|t:|1661044492
|switch|p2a: tang his wang|Tangrowth, F|69/100
|switch|p1a: Hippowdon|Hippowdon, F|27/100
|-weather|Sandstorm|[from] ability: Sand Stream|[of] p1a: Hippowdon
|
|-weather|Sandstorm|[upkeep]
|-damage|p2a: tang his wang|63/100|[from] Sandstorm
|-heal|p1a: Hippowdon|33/100|[from] item: Leftovers
|upkeep
|turn|26
|
|t:|1661044501
|switch|p2a: hoard the sword|Cobalion|24/100
|move|p1a: Hippowdon|Stealth Rock|p2a: hoard the sword
|-sidestart|p2: pokemonisfun|move: Stealth Rock
|
|-weather|Sandstorm|[upkeep]
|-heal|p1a: Hippowdon|39/100|[from] item: Leftovers
|upkeep
|turn|27
|
|t:|1661044510
|move|p2a: hoard the sword|Toxic|p1a: Hippowdon
|-status|p1a: Hippowdon|tox
|move|p1a: Hippowdon|Slack Off|p1a: Hippowdon
|-heal|p1a: Hippowdon|90/100 tox
|
|-weather|Sandstorm|[upkeep]
|-heal|p1a: Hippowdon|96/100 tox|[from] item: Leftovers
|-damage|p1a: Hippowdon|90/100 tox|[from] psn
|upkeep
|turn|28
|j| amogusroxyrrrr
|
|t:|1661044530
|switch|p1a: Slowking|Slowking, M|100/100
|move|p2a: hoard the sword|Stealth Rock|p1a: Slowking
|-sidestart|p1: SwitchingIsGreat|move: Stealth Rock
|
|-weather|Sandstorm|[upkeep]
|-damage|p1a: Slowking|94/100|[from] Sandstorm
|upkeep
|turn|29
|
|t:|1661044537
|move|p2a: hoard the sword|Volt Switch|p1a: Slowking
|-supereffective|p1a: Slowking
|-damage|p1a: Slowking|75/100
|
|t:|1661044541
|switch|p2a: tang his wang|Tangrowth, F|96/100|[from]move: Volt Switch
|-damage|p2a: tang his wang|84/100|[from] Stealth Rock
|move|p1a: Slowking|Future Sight|p2a: tang his wang
|-start|p1a: Slowking|move: Future Sight
|
|-weather|none
|upkeep
|turn|30
|
|t:|1661044549
|switch|p1a: Skarmory|Skarmory, F|65/100
|-damage|p1a: Skarmory|53/100|[from] Stealth Rock
|move|p2a: tang his wang|Power Whip|p1a: Skarmory|[miss]
|-miss|p2a: tang his wang|p1a: Skarmory
|
|upkeep
|turn|31
|
|t:|1661044555
|switch|p2a: pasty wasty|Slowbro-Galar, F|100/100
|-damage|p2a: pasty wasty|88/100|[from] Stealth Rock
|move|p1a: Skarmory|Spikes|p2a: pasty wasty
|-sidestart|p2: pokemonisfun|Spikes
|
|-end|p2a: pasty wasty|move: Future Sight
|-crit|p2a: pasty wasty
|-damage|p2a: pasty wasty|12/100
|upkeep
|turn|32
|
|t:|1661044561
|switch|p2a: tang his wang|Tangrowth, F|100/100
|-damage|p2a: tang his wang|88/100|[from] Stealth Rock
|-damage|p2a: tang his wang|76/100|[from] Spikes
|move|p1a: Skarmory|Roost|p1a: Skarmory
|-heal|p1a: Skarmory|100/100
|-singleturn|p1a: Skarmory|move: Roost
|
|upkeep
|turn|33
|
|t:|1661044568
|switch|p2a: pasty wasty|Slowbro-Galar, F|45/100
|-damage|p2a: pasty wasty|33/100|[from] Stealth Rock
|-damage|p2a: pasty wasty|20/100|[from] Spikes
|move|p1a: Skarmory|Body Press|p2a: pasty wasty
|-resisted|p2a: pasty wasty
|-damage|p2a: pasty wasty|15/100
|
|upkeep
|turn|34
|
|t:|1661044573
|move|p1a: Skarmory|Spikes|p2a: pasty wasty
|-sidestart|p2: pokemonisfun|Spikes
|move|p2a: pasty wasty|Slack Off|p2a: pasty wasty
|-heal|p2a: pasty wasty|65/100
|
|upkeep
|turn|35
|
|t:|1661044577
|switch|p1a: Hippowdon|Hippowdon, F|90/100 tox
|-damage|p1a: Hippowdon|83/100 tox|[from] Stealth Rock
|-weather|Sandstorm|[from] ability: Sand Stream|[of] p1a: Hippowdon
|move|p2a: pasty wasty|Slack Off|p2a: pasty wasty
|-heal|p2a: pasty wasty|100/100
|
|-weather|Sandstorm|[upkeep]
|-damage|p2a: pasty wasty|94/100|[from] Sandstorm
|-heal|p1a: Hippowdon|90/100 tox|[from] item: Leftovers
|-damage|p1a: Hippowdon|83/100 tox|[from] psn
|upkeep
|turn|36
|
|t:|1661044581
|switch|p1a: Cobalion|Cobalion|100/100
|-damage|p1a: Cobalion|97/100|[from] Stealth Rock
|move|p2a: pasty wasty|Slack Off|p2a: pasty wasty
|-heal|p2a: pasty wasty|100/100
|
|-weather|Sandstorm|[upkeep]
|-damage|p2a: pasty wasty|94/100|[from] Sandstorm
|upkeep
|turn|37
|
|t:|1661044586
|move|p1a: Cobalion|Volt Switch|p2a: pasty wasty
|-damage|p2a: pasty wasty|79/100
|
|t:|1661044587
|switch|p1a: Hippowdon|Hippowdon, F|83/100 tox|[from]move: Volt Switch
|-damage|p1a: Hippowdon|77/100 tox|[from] Stealth Rock
|move|p2a: pasty wasty|Flamethrower|p1a: Hippowdon
|-damage|p1a: Hippowdon|59/100 tox
|
|-weather|Sandstorm|[upkeep]
|-damage|p2a: pasty wasty|73/100|[from] Sandstorm
|-heal|p1a: Hippowdon|65/100 tox|[from] item: Leftovers
|-damage|p1a: Hippowdon|59/100 tox|[from] psn
|upkeep
|turn|38
|
|t:|1661044590
|move|p1a: Hippowdon|Slack Off|p1a: Hippowdon
|-heal|p1a: Hippowdon|100/100 tox
|move|p2a: pasty wasty|Slack Off|p2a: pasty wasty
|-heal|p2a: pasty wasty|100/100
|
|-weather|Sandstorm|[upkeep]
|-damage|p2a: pasty wasty|94/100|[from] Sandstorm
|-damage|p1a: Hippowdon|88/100 tox|[from] psn
|upkeep
|turn|39
|
|t:|1661044595
|switch|p1a: Cobalion|Cobalion|97/100
|-damage|p1a: Cobalion|94/100|[from] Stealth Rock
|move|p2a: pasty wasty|Slack Off|p2a: pasty wasty
|-heal|p2a: pasty wasty|100/100
|
|-weather|none
|upkeep
|turn|40
|
|t:|1661044601
|move|p1a: Cobalion|Swords Dance|p1a: Cobalion
|-boost|p1a: Cobalion|atk|2
|move|p2a: pasty wasty|Calm Mind|p2a: pasty wasty
|-boost|p2a: pasty wasty|spa|1
|-boost|p2a: pasty wasty|spd|1
|
|upkeep
|turn|41
|
|t:|1661044603
|move|p1a: Cobalion|Iron Head|p2a: pasty wasty
|-damage|p2a: pasty wasty|61/100
|cant|p2a: pasty wasty|flinch
|
|upkeep
|turn|42
|
|t:|1661044608
|move|p1a: Cobalion|Swords Dance|p1a: Cobalion
|-boost|p1a: Cobalion|atk|2
|move|p2a: pasty wasty|Slack Off|p2a: pasty wasty
|-heal|p2a: pasty wasty|100/100
|
|upkeep
|turn|43
|
|t:|1661044610
|move|p1a: Cobalion|Iron Head|p2a: pasty wasty
|-damage|p2a: pasty wasty|36/100
|move|p2a: pasty wasty|Flamethrower|p1a: Cobalion
|-supereffective|p1a: Cobalion
|-damage|p1a: Cobalion|8/100
|
|upkeep
|turn|44
|
|t:|1661044627
|switch|p2a: hoard the sword|Cobalion|24/100
|-damage|p2a: hoard the sword|21/100|[from] Stealth Rock
|-damage|p2a: hoard the sword|5/100|[from] Spikes
|move|p1a: Cobalion|Volt Switch|p2a: hoard the sword
|-damage|p2a: hoard the sword|0 fnt
|faint|p2a: hoard the sword
|
|t:|1661044632
|switch|p1a: Slowking|Slowking, M|100/100|[from]move: Volt Switch
|-damage|p1a: Slowking|88/100|[from] Stealth Rock
|
|upkeep
|
|t:|1661044641
|switch|p2a: hole breaker|Hydreigon, F|100/100
|-damage|p2a: hole breaker|88/100|[from] Stealth Rock
|turn|45
|
|t:|1661044654
|move|p2a: hole breaker|Dark Pulse|p1a: Slowking
|-supereffective|p1a: Slowking
|-damage|p1a: Slowking|26/100
|cant|p1a: Slowking|flinch
|
|upkeep
|turn|46
|
|t:|1661044665
|switch|p1a: Cobalion|Cobalion|8/100
|-damage|p1a: Cobalion|5/100|[from] Stealth Rock
|move|p2a: hole breaker|Dark Pulse|p1a: Cobalion
|-resisted|p1a: Cobalion
|-damage|p1a: Cobalion|0 fnt
|faint|p1a: Cobalion
|
|upkeep
|
|t:|1661044667
|switch|p1a: Hippowdon|Hippowdon, F|88/100 tox
|-damage|p1a: Hippowdon|82/100 tox|[from] Stealth Rock
|-weather|Sandstorm|[from] ability: Sand Stream|[of] p1a: Hippowdon
|turn|47
|
|t:|1661044685
|switch|p2a: tang his wang|Tangrowth, F|100/100
|-damage|p2a: tang his wang|88/100|[from] Stealth Rock
|-damage|p2a: tang his wang|72/100|[from] Spikes
|switch|p1a: Reuniclus|Reuniclus, F, shiny|100/100
|
|-weather|Sandstorm|[upkeep]
|-damage|p2a: tang his wang|65/100|[from] Sandstorm
|upkeep
|turn|48
|
|t:|1661044695
|switch|p1a: Skarmory|Skarmory, F|100/100
|-damage|p1a: Skarmory|88/100|[from] Stealth Rock
|move|p2a: tang his wang|Knock Off|p1a: Skarmory
|-damage|p1a: Skarmory|79/100
|
|-weather|Sandstorm|[upkeep]
|-damage|p2a: tang his wang|59/100|[from] Sandstorm
|upkeep
|turn|49
|
|t:|1661044698
|switch|p2a: pasty wasty|Slowbro-Galar, F|70/100
|-damage|p2a: pasty wasty|57/100|[from] Stealth Rock
|-damage|p2a: pasty wasty|41/100|[from] Spikes
|move|p1a: Skarmory|Body Press|p2a: pasty wasty
|-resisted|p2a: pasty wasty
|-damage|p2a: pasty wasty|36/100
|
|-weather|Sandstorm|[upkeep]
|-damage|p2a: pasty wasty|29/100|[from] Sandstorm
|upkeep
|turn|50
|
|t:|1661044707
|switch|p1a: Hippowdon|Hippowdon, F|82/100 tox
|-damage|p1a: Hippowdon|76/100 tox|[from] Stealth Rock
|move|p2a: pasty wasty|Slack Off|p2a: pasty wasty
|-heal|p2a: pasty wasty|79/100
|
|-weather|Sandstorm|[upkeep]
|-damage|p2a: pasty wasty|73/100|[from] Sandstorm
|-heal|p1a: Hippowdon|82/100 tox|[from] item: Leftovers
|-damage|p1a: Hippowdon|76/100 tox|[from] psn
|upkeep
|turn|51
|
|t:|1661044710
|move|p1a: Hippowdon|Earthquake|p2a: pasty wasty
|-supereffective|p2a: pasty wasty
|-damage|p2a: pasty wasty|20/100
|move|p2a: pasty wasty|Slack Off|p2a: pasty wasty
|-heal|p2a: pasty wasty|70/100
|
|-weather|none
|-heal|p1a: Hippowdon|82/100 tox|[from] item: Leftovers
|-damage|p1a: Hippowdon|69/100 tox|[from] psn
|upkeep
|turn|52
|
|t:|1661044714
|move|p1a: Hippowdon|Earthquake|p2a: pasty wasty
|-supereffective|p2a: pasty wasty
|-damage|p2a: pasty wasty|24/100
|move|p2a: pasty wasty|Slack Off|p2a: pasty wasty
|-heal|p2a: pasty wasty|74/100
|
|-heal|p1a: Hippowdon|76/100 tox|[from] item: Leftovers
|-damage|p1a: Hippowdon|57/100 tox|[from] psn
|upkeep
|turn|53
|
|t:|1661044717
|switch|p1a: Reuniclus|Reuniclus, F, shiny|100/100
|move|p2a: pasty wasty|Slack Off|p2a: pasty wasty
|-heal|p2a: pasty wasty|100/100
|
|upkeep
|turn|54
|
|t:|1661044721
|move|p1a: Reuniclus|Thunder|p2a: pasty wasty
|-damage|p2a: pasty wasty|45/100
|-status|p2a: pasty wasty|par
|move|p2a: pasty wasty|Sludge Bomb|p1a: Reuniclus
|-crit|p1a: Reuniclus
|-damage|p1a: Reuniclus|60/100
|
|upkeep
|turn|55
|
|t:|1661044734
|switch|p1a: Hippowdon|Hippowdon, F|57/100 tox
|-damage|p1a: Hippowdon|51/100 tox|[from] Stealth Rock
|-weather|Sandstorm|[from] ability: Sand Stream|[of] p1a: Hippowdon
|switch|p2a: wishy washy|Rotom-Wash|28/100 tox
|-damage|p2a: wishy washy|16/100 tox|[from] Stealth Rock
|
|-weather|Sandstorm|[upkeep]
|-damage|p2a: wishy washy|10/100 tox|[from] Sandstorm
|-heal|p2a: wishy washy|16/100 tox|[from] item: Leftovers
|-heal|p1a: Hippowdon|57/100 tox|[from] item: Leftovers
|-damage|p2a: wishy washy|10/100 tox|[from] psn
|-damage|p1a: Hippowdon|51/100 tox|[from] psn
|upkeep
|turn|56
|
|t:|1661044740
|move|p2a: wishy washy|Pain Split|p1a: Hippowdon
|-sethp|p1a: Hippowdon|29/100 tox|[from] move: Pain Split|[silent]
|-sethp|p2a: wishy washy|40/100 tox|[from] move: Pain Split
|move|p1a: Hippowdon|Stealth Rock||[still]
|-fail|p1a: Hippowdon
|
|-weather|Sandstorm|[upkeep]
|-damage|p2a: wishy washy|33/100 tox|[from] Sandstorm
|-heal|p2a: wishy washy|40/100 tox|[from] item: Leftovers
|-heal|p1a: Hippowdon|35/100 tox|[from] item: Leftovers
|-damage|p2a: wishy washy|27/100 tox|[from] psn
|-damage|p1a: Hippowdon|23/100 tox|[from] psn
|upkeep
|turn|57
|
|t:|1661044759
|switch|p1a: Reuniclus|Reuniclus, F, shiny|60/100
|move|p2a: wishy washy|Hydro Pump|p1a: Reuniclus
|-damage|p1a: Reuniclus|23/100
|
|-weather|Sandstorm|[upkeep]
|-damage|p2a: wishy washy|21/100 tox|[from] Sandstorm
|-heal|p2a: wishy washy|27/100 tox|[from] item: Leftovers
|-damage|p2a: wishy washy|8/100 tox|[from] psn
|upkeep
|turn|58
|
|t:|1661044765
|move|p2a: wishy washy|Hydro Pump|p1a: Reuniclus|[miss]
|-miss|p2a: wishy washy|p1a: Reuniclus
|move|p1a: Reuniclus|Recover|p1a: Reuniclus
|-heal|p1a: Reuniclus|73/100
|
|-weather|Sandstorm|[upkeep]
|-damage|p2a: wishy washy|2/100 tox|[from] Sandstorm
|-heal|p2a: wishy washy|8/100 tox|[from] item: Leftovers
|-damage|p2a: wishy washy|0 fnt|[from] psn
|faint|p2a: wishy washy
|upkeep
|
|t:|1661044769
|switch|p2a: hole breaker|Hydreigon, F|88/100
|-damage|p2a: hole breaker|76/100|[from] Stealth Rock
|turn|59
|
|t:|1661044786
|switch|p1a: Hippowdon|Hippowdon, F|23/100 tox
|-damage|p1a: Hippowdon|16/100 tox|[from] Stealth Rock
|move|p2a: hole breaker|Dark Pulse|p1a: Hippowdon
|-damage|p1a: Hippowdon|0 fnt
|faint|p1a: Hippowdon
|
|-weather|none
|upkeep
|
|t:|1661044788
|switch|p1a: Skarmory|Skarmory, F|79/100
|-damage|p1a: Skarmory|67/100|[from] Stealth Rock
|turn|60
|
|t:|1661044802
|switch|p2a: pasty wasty|Slowbro-Galar, F|78/100 par
|-damage|p2a: pasty wasty|66/100 par|[from] Stealth Rock
|-damage|p2a: pasty wasty|49/100 par|[from] Spikes
|move|p1a: Skarmory|Roost|p1a: Skarmory
|-heal|p1a: Skarmory|100/100
|-singleturn|p1a: Skarmory|move: Roost
|
|upkeep
|turn|61
|
|t:|1661044815
|switch|p1a: Reuniclus|Reuniclus, F, shiny|73/100
|move|p2a: pasty wasty|Flamethrower|p1a: Reuniclus
|-damage|p1a: Reuniclus|55/100
|
|upkeep
|turn|62
|
|t:|1661044828
|switch|p2a: husky tusky|Mamoswine, M|78/100
|-damage|p2a: husky tusky|66/100|[from] Stealth Rock
|-damage|p2a: husky tusky|49/100|[from] Spikes
|move|p1a: Reuniclus|Recover|p1a: Reuniclus
|-heal|p1a: Reuniclus|100/100
|
|upkeep
|turn|63
|
|t:|1661044836
|switch|p1a: Skarmory|Skarmory, F|100/100
|-damage|p1a: Skarmory|88/100|[from] Stealth Rock
|move|p2a: husky tusky|Icicle Crash|p1a: Skarmory
|-damage|p1a: Skarmory|47/100
|-damage|p2a: husky tusky|39/100|[from] item: Life Orb
|
|upkeep
|turn|64
|
|t:|1661044840
|move|p2a: husky tusky|Icicle Crash|p1a: Skarmory
|-damage|p1a: Skarmory|8/100
|-damage|p2a: husky tusky|29/100|[from] item: Life Orb
|move|p1a: Skarmory|Roost|p1a: Skarmory
|-heal|p1a: Skarmory|58/100
|-singleturn|p1a: Skarmory|move: Roost
|
|upkeep
|turn|65
|
|t:|1661044846
|switch|p1a: Slowking|Slowking, M|60/100
|-damage|p1a: Slowking|47/100|[from] Stealth Rock
|move|p2a: husky tusky|Icicle Crash|p1a: Slowking
|-resisted|p1a: Slowking
|-damage|p1a: Slowking|23/100
|-damage|p2a: husky tusky|19/100|[from] item: Life Orb
|
|upkeep
|turn|66
|
|t:|1661044856
|switch|p1a: Salamence|Salamence, M|60/100
|-damage|p1a: Salamence|35/100|[from] Stealth Rock
|-ability|p1a: Salamence|Intimidate|boost
|-unboost|p2a: husky tusky|atk|1
|move|p2a: husky tusky|Earthquake|p1a: Salamence
|-immune|p1a: Salamence
|
|upkeep
|turn|67
|
|t:|1661044862
|switch|p1a: Slowking|Slowking, M|57/100
|-damage|p1a: Slowking|44/100|[from] Stealth Rock
|move|p2a: husky tusky|Ice Shard|p1a: Slowking
|-resisted|p1a: Slowking
|-damage|p1a: Slowking|38/100
|-damage|p2a: husky tusky|9/100|[from] item: Life Orb
|
|upkeep
|turn|68
|
|t:|1661044867
|move|p2a: husky tusky|Earthquake|p1a: Slowking
|-damage|p1a: Slowking|0 fnt
|faint|p1a: Slowking
|-damage|p2a: husky tusky|0 fnt|[from] item: Life Orb
|faint|p2a: husky tusky
|
|upkeep
|
|t:|1661044876
|switch|p2a: hole breaker|Hydreigon, F|76/100
|switch|p1a: Salamence|Salamence, M|35/100
|-damage|p2a: hole breaker|64/100|[from] Stealth Rock
|-damage|p1a: Salamence|10/100|[from] Stealth Rock
|-ability|p1a: Salamence|Intimidate|boost
|-unboost|p2a: hole breaker|atk|1
|turn|69
|
|t:|1661044879
|move|p2a: hole breaker|Dark Pulse|p1a: Salamence
|-damage|p1a: Salamence|0 fnt
|faint|p1a: Salamence
|
|upkeep
|
|t:|1661044882
|switch|p1a: Skarmory|Skarmory, F|58/100
|-damage|p1a: Skarmory|46/100|[from] Stealth Rock
|turn|70
|
|t:|1661044884
|move|p2a: hole breaker|Dark Pulse|p1a: Skarmory
|-damage|p1a: Skarmory|0 fnt
|faint|p1a: Skarmory
|
|upkeep
|
|t:|1661044887
|switch|p1a: Reuniclus|Reuniclus, F, shiny|100/100
|turn|71
|
|t:|1661044890
|move|p2a: hole breaker|Dark Pulse|p1a: Reuniclus
|-supereffective|p1a: Reuniclus
|-damage|p1a: Reuniclus|34/100
|move|p1a: Reuniclus|Focus Blast|p2a: hole breaker
|-supereffective|p2a: hole breaker
|-damage|p2a: hole breaker|0 fnt
|faint|p2a: hole breaker
|
|upkeep
|
|t:|1661044893
|switch|p2a: tang his wang|Tangrowth, F|92/100
|-damage|p2a: tang his wang|80/100|[from] Stealth Rock
|-damage|p2a: tang his wang|63/100|[from] Spikes
|turn|72
|
|t:|1661044896
|move|p2a: tang his wang|Knock Off|p1a: Reuniclus
|-supereffective|p1a: Reuniclus
|-damage|p1a: Reuniclus|0 fnt
|-enditem|p1a: Reuniclus|Life Orb|[from] move: Knock Off|[of] p2a: tang his wang
|faint|p1a: Reuniclus
|
|win|pokemonisfun
|raw|SwitchingIsGreat's rating: 1486 &rarr; <strong>1482</strong><br />(-4 for losing)
|raw|pokemonisfun's rating: 1859 &rarr; <strong>1863</strong><br />(+4 for winning)
|c|☆SwitchingIsGreat|Gg
|c|☆pokemonisfun|gg
|l| Maractus-4-UU
|n| pif|pokemonisfun
|n| Meow Tse Tung|pif
||Ladder isn't responding, score probably updated but might not have (Request timeout).
