|html|<div class="broadcast-blue"><strong>[Gen 8] UU is currently suspecting Thundurus-T! For information on how to participate check out the <a href="https://www.smogon.com/forums/threads/np-ss-uu-stage-11-boom-clap.3696000/">suspect thread</a>.</strong></div>
|j|☆UU11 Te adoro
|j|☆pif
|t:|1642273934
|gametype|singles
|player|p1|UU11 Te adoro|winona|1458
|player|p2|pif|#uutrio2ladder|1762
|teamsize|p1|6
|teamsize|p2|6
|gen|8
|tier|[Gen 8] UU
|rated|
|rule|Sleep Clause Mod: Limit one foe put to sleep
|rule|Species Clause: Limit one of each Pokémon
|rule|OHKO Clause: OHKO moves are banned
|rule|Evasion Moves Clause: Evasion moves are banned
|rule|Endless Battle Clause: Forcing endless battles is banned
|rule|HP Percentage Mod: HP is shown in percentages
|rule|Dynamax Clause: You cannot dynamax
|clearpoke
|poke|p1|Chansey, F|
|poke|p1|Skarmory, M|
|poke|p1|Chandelure, M|
|poke|p1|Ditto|
|poke|p1|Amoonguss, F|
|poke|p1|Quagsire, M|
|poke|p2|Regidrago|
|poke|p2|Sirfetch’d, M|
|poke|p2|Jirachi|
|poke|p2|Krookodile, M|
|poke|p2|Salamence, F|
|poke|p2|Celebi|
|teampreview
|
|t:|1642273970
|start
|switch|p1a: Ditto|Ditto|100/100
|switch|p2a: inch by flinch|Jirachi|100/100
|-transform|p1a: Ditto|p2a: inch by flinch|[from] ability: Imposter
|turn|1
|
|t:|1642273983
|move|p1a: Ditto|U-turn|p2a: inch by flinch
|-damage|p2a: inch by flinch|86/100
|
|t:|1642273985
|switch|p1a: Skarmory|Skarmory, M|100/100|[from]move: U-turn
|move|p2a: inch by flinch|U-turn|p1a: Skarmory
|-resisted|p1a: Skarmory
|-damage|p1a: Skarmory|98/100
|-damage|p2a: inch by flinch|70/100|[from] item: Rocky Helmet|[of] p1a: Skarmory
|
|t:|1642273993
|switch|p2a: flier higher|Salamence, F|100/100|[from]move: U-turn
|-ability|p2a: flier higher|Intimidate|boost
|-unboost|p1a: Skarmory|atk|1
|
|upkeep
|turn|2
|
|t:|1642274077
|switch|p2a: snouty pouty|Krookodile, M|100/100
|-ability|p2a: snouty pouty|Intimidate|boost
|-unboost|p1a: Skarmory|atk|1
|switch|p1a: Chansey|Chansey, F|100/100
|
|upkeep
|turn|3
|
|t:|1642274115
|switch|p1a: Skarmory|Skarmory, M|98/100
|move|p2a: snouty pouty|Knock Off|p1a: Skarmory
|-damage|p1a: Skarmory|71/100
|-damage|p2a: snouty pouty|84/100|[from] item: Rocky Helmet|[of] p1a: Skarmory
|-enditem|p1a: Skarmory|Rocky Helmet|[from] move: Knock Off|[of] p2a: snouty pouty
|
|-heal|p2a: snouty pouty|90/100|[from] item: Leftovers
|upkeep
|turn|4
|
|t:|1642274127
|switch|p2a: inch by flinch|Jirachi|70/100
|move|p1a: Skarmory|Roost|p1a: Skarmory
|-heal|p1a: Skarmory|100/100
|-singleturn|p1a: Skarmory|move: Roost
|
|-heal|p2a: inch by flinch|76/100|[from] item: Leftovers
|upkeep
|turn|5
|
|t:|1642274152
|move|p2a: inch by flinch|U-turn|p1a: Skarmory
|-resisted|p1a: Skarmory
|-damage|p1a: Skarmory|98/100
|
|t:|1642274155
|switch|p2a: funion onion|Celebi|100/100|[from]move: U-turn
|move|p1a: Skarmory|Iron Defense|p1a: Skarmory
|-boost|p1a: Skarmory|def|2
|
|upkeep
|turn|6
|
|t:|1642274185
|switch|p1a: Ditto|Ditto|100/100
|-transform|p1a: Ditto|p2a: funion onion|[from] ability: Imposter
|move|p2a: funion onion|Thunder Wave|p1a: Ditto|[miss]
|-miss|p2a: funion onion|p1a: Ditto
|
|upkeep
|turn|7
|
|t:|1642274204
|move|p1a: Ditto|U-turn|p2a: funion onion
|-supereffective|p2a: funion onion
|-damage|p2a: funion onion|51/100
|
|t:|1642274232
|switch|p1a: Amoonguss|Amoonguss, F|100/100|[from]move: U-turn
|move|p2a: funion onion|Recover|p2a: funion onion
|-heal|p2a: funion onion|100/100
|
|upkeep
|turn|8
|
|t:|1642274303
|move|p2a: funion onion|U-turn|p1a: Amoonguss
|-damage|p1a: Amoonguss|90/100
|-damage|p2a: funion onion|84/100|[from] item: Rocky Helmet|[of] p1a: Amoonguss
|
|t:|1642274310
|switch|p2a: inch by flinch|Jirachi|76/100|[from]move: U-turn
|move|p1a: Amoonguss|Spore|p2a: inch by flinch
|-status|p2a: inch by flinch|slp|[from] move: Spore
|
|-heal|p2a: inch by flinch|82/100 slp|[from] item: Leftovers
|upkeep
|turn|9
|
|t:|1642274320
|switch|p2a: funion onion|Celebi|84/100
|move|p1a: Amoonguss|Giga Drain|p2a: funion onion
|-resisted|p2a: funion onion
|-damage|p2a: funion onion|77/100
|-heal|p1a: Amoonguss|94/100|[from] drain|[of] p2a: funion onion
|
|-heal|p2a: funion onion|83/100|[from] item: Leftovers
|upkeep
|turn|10
|
|t:|1642274332
|switch|p1a: Chansey|Chansey, F|100/100
|move|p2a: funion onion|U-turn|p1a: Chansey
|-damage|p1a: Chansey|90/100
|
|t:|1642274335
|switch|p2a: snouty pouty|Krookodile, M|90/100|[from]move: U-turn
|-ability|p2a: snouty pouty|Intimidate|boost
|-unboost|p1a: Chansey|atk|1
|
|-heal|p2a: snouty pouty|96/100|[from] item: Leftovers
|upkeep
|turn|11
|
|t:|1642274342
|switch|p1a: Skarmory|Skarmory, M|98/100
|move|p2a: snouty pouty|Stealth Rock|p1a: Skarmory
|-sidestart|p1: UU11 Te adoro|move: Stealth Rock
|
|-heal|p2a: snouty pouty|100/100|[from] item: Leftovers
|upkeep
|turn|12
|
|t:|1642274347
|switch|p2a: inch by flinch|Jirachi|82/100 slp
|move|p1a: Skarmory|Defog|p2a: inch by flinch
|-unboost|p2a: inch by flinch|evasion|1
|-sideend|p1: UU11 Te adoro|Stealth Rock|[from] move: Defog|[of] p1a: Skarmory
|
|-heal|p2a: inch by flinch|88/100 slp|[from] item: Leftovers
|upkeep
|turn|13
|
|t:|1642274349
|cant|p2a: inch by flinch|slp
|move|p1a: Skarmory|Iron Defense|p1a: Skarmory
|-boost|p1a: Skarmory|def|2
|
|-heal|p2a: inch by flinch|94/100 slp|[from] item: Leftovers
|upkeep
|turn|14
|
|t:|1642274356
|switch|p2a: funion onion|Celebi|83/100
|switch|p1a: Chandelure|Chandelure, M|100/100
|
|-heal|p2a: funion onion|90/100|[from] item: Leftovers
|upkeep
|turn|15
|
|t:|1642274368
|move|p1a: Chandelure|Toxic|p2a: funion onion
|-status|p2a: funion onion|tox
|move|p2a: funion onion|Thunder Wave|p1a: Chandelure
|-status|p1a: Chandelure|par
|
|-heal|p2a: funion onion|96/100 tox|[from] item: Leftovers
|-damage|p2a: funion onion|90/100 tox|[from] psn
|upkeep
|turn|16
|
|t:|1642274375
|move|p2a: funion onion|U-turn|p1a: Chandelure
|-resisted|p1a: Chandelure
|-damage|p1a: Chandelure|96/100 par
|
|t:|1642274402
|-curestatus|p2a: funion onion|tox|[from] ability: Natural Cure
|switch|p2a: QUACK ATTACK|Sirfetch’d, M|100/100|[from]move: U-turn
|move|p1a: Chandelure|Toxic|p2a: QUACK ATTACK
|-status|p2a: QUACK ATTACK|tox
|
|-damage|p2a: QUACK ATTACK|94/100 tox|[from] psn
|upkeep
|turn|17
|
|t:|1642274463
|switch|p2a: snouty pouty|Krookodile, M|100/100
|-ability|p2a: snouty pouty|Intimidate|boost
|-unboost|p1a: Chandelure|atk|1
|switch|p1a: Skarmory|Skarmory, M|98/100
|
|upkeep
|turn|18
|
|t:|1642274481
|switch|p2a: flier higher|Salamence, F|100/100
|-ability|p2a: flier higher|Intimidate|boost
|-unboost|p1a: Skarmory|atk|1
|switch|p1a: Chansey|Chansey, F|90/100
|
|upkeep
|turn|19
|
|t:|1642274489
|switch|p2a: snouty pouty|Krookodile, M|100/100
|-ability|p2a: snouty pouty|Intimidate|boost
|-unboost|p1a: Chansey|atk|1
|move|p1a: Chansey|Heal Bell|p1a: Chansey
|-activate|p1a: Chansey|move: Heal Bell
|-curestatus|p1: Chandelure|par|[msg]
|
|upkeep
|turn|20
|
|t:|1642274517
|switch|p1a: Skarmory|Skarmory, M|98/100
|move|p2a: snouty pouty|Stealth Rock|p1a: Skarmory
|-sidestart|p1: UU11 Te adoro|move: Stealth Rock
|
|upkeep
|turn|21
|
|t:|1642274523
|move|p2a: snouty pouty|Taunt|p1a: Skarmory
|-start|p1a: Skarmory|move: Taunt
|cant|p1a: Skarmory|move: Taunt|Defog
|
|upkeep
|turn|22
|
|t:|1642274537
|switch|p2a: funion onion|Celebi|90/100
|switch|p1a: Quagsire|Quagsire, M|100/100
|-damage|p1a: Quagsire|94/100|[from] Stealth Rock
|
|-heal|p2a: funion onion|96/100|[from] item: Leftovers
|-heal|p1a: Quagsire|100/100|[from] item: Leftovers
|upkeep
|turn|23
|
|t:|1642274549
|move|p2a: funion onion|Thunder Wave|p1a: Quagsire
|-immune|p1a: Quagsire
|move|p1a: Quagsire|Toxic|p2a: funion onion|[miss]
|-miss|p1a: Quagsire|p2a: funion onion
|
|-heal|p2a: funion onion|100/100|[from] item: Leftovers
|upkeep
|turn|24
|j| justamente
|
|t:|1642274558
|move|p2a: funion onion|Thunder Wave|p1a: Quagsire
|-immune|p1a: Quagsire
|move|p1a: Quagsire|Toxic|p2a: funion onion
|-status|p2a: funion onion|tox
|
|-damage|p2a: funion onion|94/100 tox|[from] psn
|upkeep
|turn|25
|
|t:|1642274575
|move|p2a: funion onion|Psychic|p1a: Quagsire
|-damage|p1a: Quagsire|62/100
|move|p1a: Quagsire|Scald|p2a: funion onion
|-resisted|p2a: funion onion
|-damage|p2a: funion onion|89/100 tox
|
|-heal|p2a: funion onion|95/100 tox|[from] item: Leftovers
|-heal|p1a: Quagsire|68/100|[from] item: Leftovers
|-damage|p2a: funion onion|83/100 tox|[from] psn
|upkeep
|turn|26
|
|t:|1642274588
|move|p2a: funion onion|U-turn|p1a: Quagsire
|-damage|p1a: Quagsire|58/100
|
|t:|1642274598
|-curestatus|p2a: funion onion|tox|[from] ability: Natural Cure
|switch|p2a: gonna maw u|Regidrago|100/100|[from]move: U-turn
|move|p1a: Quagsire|Toxic|p2a: gonna maw u
|-status|p2a: gonna maw u|tox
|
|-heal|p1a: Quagsire|64/100|[from] item: Leftovers
|-damage|p2a: gonna maw u|94/100 tox|[from] psn
|upkeep
|turn|27
|
|t:|1642274606
|switch|p2a: snouty pouty|Krookodile, M|100/100
|-ability|p2a: snouty pouty|Intimidate|boost
|-unboost|p1a: Quagsire|atk|1
|switch|p1a: Skarmory|Skarmory, M|98/100
|-damage|p1a: Skarmory|86/100|[from] Stealth Rock
|
|upkeep
|turn|28
|
|t:|1642274611
|switch|p2a: flier higher|Salamence, F|100/100
|-ability|p2a: flier higher|Intimidate|boost
|-unboost|p1a: Skarmory|atk|1
|move|p1a: Skarmory|Defog|p2a: flier higher
|-unboost|p2a: flier higher|evasion|1
|-sideend|p1: UU11 Te adoro|Stealth Rock|[from] move: Defog|[of] p1a: Skarmory
|
|upkeep
|turn|29
|
|t:|1642274613
|switch|p2a: snouty pouty|Krookodile, M|100/100
|-ability|p2a: snouty pouty|Intimidate|boost
|-unboost|p1a: Skarmory|atk|1
|switch|p1a: Chansey|Chansey, F|90/100
|
|upkeep
|turn|30
|
|t:|1642274620
|move|p2a: snouty pouty|Stealth Rock|p1a: Chansey
|-sidestart|p1: UU11 Te adoro|move: Stealth Rock
|move|p1a: Chansey|Stealth Rock|p2a: snouty pouty
|-sidestart|p2: pif|move: Stealth Rock
|
|upkeep
|turn|31
|j| Samyxx
|
|t:|1642274667
|switch|p1a: Skarmory|Skarmory, M|86/100
|-damage|p1a: Skarmory|73/100|[from] Stealth Rock
|move|p2a: snouty pouty|Knock Off|p1a: Skarmory
|-damage|p1a: Skarmory|54/100
|
|upkeep
|turn|32
|
|t:|1642274674
|switch|p2a: flier higher|Salamence, F|100/100
|-ability|p2a: flier higher|Intimidate|boost
|-unboost|p1a: Skarmory|atk|1
|move|p1a: Skarmory|Body Press|p2a: flier higher
|-resisted|p2a: flier higher
|-damage|p2a: flier higher|81/100
|
|upkeep
|turn|33
|
|t:|1642274682
|switch|p1a: Chansey|Chansey, F|90/100
|-damage|p1a: Chansey|77/100|[from] Stealth Rock
|move|p2a: flier higher|Flamethrower|p1a: Chansey
|-damage|p1a: Chansey|69/100
|
|upkeep
|turn|34
|
|t:|1642274696
|move|p2a: flier higher|Flamethrower|p1a: Chansey
|-damage|p1a: Chansey|62/100
|move|p1a: Chansey|Seismic Toss|p2a: flier higher
|-damage|p2a: flier higher|51/100
|
|upkeep
|turn|35
|
|t:|1642274710
|move|p2a: flier higher|Roost|p2a: flier higher
|-heal|p2a: flier higher|100/100
|-singleturn|p2a: flier higher|move: Roost
|move|p1a: Chansey|Seismic Toss|p2a: flier higher
|-damage|p2a: flier higher|70/100
|
|upkeep
|turn|36
|
|t:|1642274727
|move|p2a: flier higher|Flamethrower|p1a: Chansey
|-crit|p1a: Chansey
|-damage|p1a: Chansey|50/100
|move|p1a: Chansey|Soft-Boiled|p1a: Chansey
|-heal|p1a: Chansey|99/100
|
|upkeep
|turn|37
|
|t:|1642274731
|move|p2a: flier higher|Flamethrower|p1a: Chansey
|-damage|p1a: Chansey|92/100
|move|p1a: Chansey|Seismic Toss|p2a: flier higher
|-damage|p2a: flier higher|40/100
|
|upkeep
|turn|38
|
|t:|1642274739
|switch|p1a: Quagsire|Quagsire, M|64/100
|-damage|p1a: Quagsire|58/100|[from] Stealth Rock
|move|p2a: flier higher|Roost|p2a: flier higher
|-heal|p2a: flier higher|90/100
|-singleturn|p2a: flier higher|move: Roost
|
|-heal|p1a: Quagsire|64/100|[from] item: Leftovers
|upkeep
|turn|39
|
|t:|1642274753
|move|p2a: flier higher|Draco Meteor|p1a: Quagsire
|-damage|p1a: Quagsire|0 fnt
|-unboost|p2a: flier higher|spa|2
|faint|p1a: Quagsire
|
|upkeep
|
|t:|1642274760
|switch|p1a: Chandelure|Chandelure, M|96/100
|turn|40
|
|t:|1642274778
|switch|p2a: QUACK ATTACK|Sirfetch’d, M|94/100 tox
|-damage|p2a: QUACK ATTACK|88/100 tox|[from] Stealth Rock
|move|p1a: Chandelure|Toxic|p2a: QUACK ATTACK
|-fail|p2a: QUACK ATTACK|tox
|
|-damage|p2a: QUACK ATTACK|82/100 tox|[from] psn
|upkeep
|turn|41
|
|t:|1642274792
|move|p1a: Chandelure|Toxic|p2a: QUACK ATTACK
|-fail|p2a: QUACK ATTACK|tox
|move|p2a: QUACK ATTACK|Close Combat|p1a: Chandelure
|-damage|p1a: Chandelure|0 fnt
|-unboost|p2a: QUACK ATTACK|def|1
|-unboost|p2a: QUACK ATTACK|spd|1
|faint|p1a: Chandelure
|
|-damage|p2a: QUACK ATTACK|70/100 tox|[from] psn
|upkeep
|
|t:|1642274805
|switch|p1a: Ditto|Ditto|100/100
|-damage|p1a: Ditto|88/100|[from] Stealth Rock
|-transform|p1a: Ditto|p2a: QUACK ATTACK|[from] ability: Imposter
|turn|42
|c| Samyxx|es Intrepidoo
|
|t:|1642274821
|switch|p2a: inch by flinch|Jirachi|94/100 slp
|-damage|p2a: inch by flinch|88/100 slp|[from] Stealth Rock
|move|p1a: Ditto|Brave Bird|p2a: inch by flinch
|-resisted|p2a: inch by flinch
|-damage|p2a: inch by flinch|68/100 slp
|-damage|p1a: Ditto|79/100|[from] Recoil
|
|-heal|p2a: inch by flinch|75/100 slp|[from] item: Leftovers
|upkeep
|turn|43
|
|t:|1642274831
|switch|p1a: Skarmory|Skarmory, M|54/100
|-damage|p1a: Skarmory|42/100|[from] Stealth Rock
|cant|p2a: inch by flinch|slp
|
|-heal|p2a: inch by flinch|81/100 slp|[from] item: Leftovers
|upkeep
|turn|44
|
|t:|1642274834
|switch|p2a: flier higher|Salamence, F|90/100
|-ability|p2a: flier higher|Intimidate|boost
|-unboost|p1a: Skarmory|atk|1
|move|p1a: Skarmory|Roost|p1a: Skarmory
|-heal|p1a: Skarmory|92/100
|-singleturn|p1a: Skarmory|move: Roost
|
|upkeep
|turn|45
|
|t:|1642274839
|switch|p1a: Chansey|Chansey, F|92/100
|-damage|p1a: Chansey|80/100|[from] Stealth Rock
|move|p2a: flier higher|Flamethrower|p1a: Chansey
|-damage|p1a: Chansey|72/100
|
|upkeep
|turn|46
|
|t:|1642274843
|switch|p2a: snouty pouty|Krookodile, M|100/100
|-damage|p2a: snouty pouty|94/100|[from] Stealth Rock
|-ability|p2a: snouty pouty|Intimidate|boost
|-unboost|p1a: Chansey|atk|1
|move|p1a: Chansey|Seismic Toss|p2a: snouty pouty
|-damage|p2a: snouty pouty|64/100
|
|-heal|p2a: snouty pouty|70/100|[from] item: Leftovers
|upkeep
|turn|47
|
|t:|1642274848
|switch|p1a: Amoonguss|Amoonguss, F|100/100
|-damage|p1a: Amoonguss|88/100|[from] Stealth Rock
|move|p2a: snouty pouty|Knock Off|p1a: Amoonguss
|-damage|p1a: Amoonguss|51/100
|-damage|p2a: snouty pouty|54/100|[from] item: Rocky Helmet|[of] p1a: Amoonguss
|-enditem|p1a: Amoonguss|Rocky Helmet|[from] move: Knock Off|[of] p2a: snouty pouty
|
|-heal|p2a: snouty pouty|60/100|[from] item: Leftovers
|upkeep
|turn|48
|
|t:|1642274854
|switch|p2a: funion onion|Celebi|83/100
|-damage|p2a: funion onion|70/100|[from] Stealth Rock
|move|p1a: Amoonguss|Foul Play|p2a: funion onion
|-supereffective|p2a: funion onion
|-damage|p2a: funion onion|34/100
|
|-heal|p2a: funion onion|40/100|[from] item: Leftovers
|upkeep
|turn|49
|
|t:|1642274860
|switch|p1a: Ditto|Ditto|79/100
|-damage|p1a: Ditto|67/100|[from] Stealth Rock
|-transform|p1a: Ditto|p2a: funion onion|[from] ability: Imposter
|move|p2a: funion onion|Recover|p2a: funion onion
|-heal|p2a: funion onion|90/100
|
|-heal|p2a: funion onion|97/100|[from] item: Leftovers
|upkeep
|turn|50
|
|t:|1642274878
|move|p1a: Ditto|U-turn|p2a: funion onion
|-supereffective|p2a: funion onion
|-damage|p2a: funion onion|46/100
|
|t:|1642274887
|switch|p1a: Chansey|Chansey, F|72/100|[from]move: U-turn
|-damage|p1a: Chansey|60/100|[from] Stealth Rock
|move|p2a: funion onion|Recover|p2a: funion onion
|-heal|p2a: funion onion|96/100
|
|-heal|p2a: funion onion|100/100|[from] item: Leftovers
|upkeep
|turn|51
|
|t:|1642274894
|move|p2a: funion onion|U-turn|p1a: Chansey
|-damage|p1a: Chansey|49/100
|
|t:|1642274896
|switch|p2a: inch by flinch|Jirachi|81/100 slp|[from]move: U-turn
|-damage|p2a: inch by flinch|75/100 slp|[from] Stealth Rock
|move|p1a: Chansey|Soft-Boiled|p1a: Chansey
|-heal|p1a: Chansey|99/100
|
|-heal|p2a: inch by flinch|81/100 slp|[from] item: Leftovers
|upkeep
|turn|52
|
|t:|1642274898
|switch|p1a: Skarmory|Skarmory, M|92/100
|-damage|p1a: Skarmory|80/100|[from] Stealth Rock
|-curestatus|p2a: inch by flinch|slp|[msg]
|move|p2a: inch by flinch|Wish|p2a: inch by flinch
|
|-heal|p2a: inch by flinch|87/100|[from] item: Leftovers
|upkeep
|turn|53
|
|t:|1642274903
|move|p2a: inch by flinch|U-turn|p1a: Skarmory
|-resisted|p1a: Skarmory
|-damage|p1a: Skarmory|77/100
|
|t:|1642274907
|switch|p2a: flier higher|Salamence, F|90/100|[from]move: U-turn
|-ability|p2a: flier higher|Intimidate|boost
|-unboost|p1a: Skarmory|atk|1
|move|p1a: Skarmory|Iron Defense|p1a: Skarmory
|-boost|p1a: Skarmory|def|2
|
|-heal|p2a: flier higher|100/100|[from] move: Wish|[wisher] inch by flinch
|upkeep
|turn|54
|
|t:|1642274911
|switch|p1a: Chansey|Chansey, F|99/100
|-damage|p1a: Chansey|87/100|[from] Stealth Rock
|move|p2a: flier higher|Flamethrower|p1a: Chansey
|-damage|p1a: Chansey|79/100
|
|upkeep
|turn|55
|
|t:|1642274914
|switch|p2a: inch by flinch|Jirachi|87/100
|-damage|p2a: inch by flinch|81/100|[from] Stealth Rock
|move|p1a: Chansey|Seismic Toss|p2a: inch by flinch
|-damage|p2a: inch by flinch|56/100
|
|-heal|p2a: inch by flinch|62/100|[from] item: Leftovers
|upkeep
|turn|56
|
|t:|1642274922
|switch|p1a: Amoonguss|Amoonguss, F|85/100
|-damage|p1a: Amoonguss|72/100|[from] Stealth Rock
|move|p2a: inch by flinch|Wish|p2a: inch by flinch
|
|-heal|p2a: inch by flinch|68/100|[from] item: Leftovers
|upkeep
|turn|57
|
|t:|1642274948
|move|p2a: inch by flinch|Protect|p2a: inch by flinch
|-singleturn|p2a: inch by flinch|Protect
|move|p1a: Amoonguss|Foul Play|p2a: inch by flinch
|-activate|p2a: inch by flinch|move: Protect
|
|-heal|p2a: inch by flinch|100/100|[from] move: Wish|[wisher] inch by flinch
|upkeep
|turn|58
|
|t:|1642274954
|move|p2a: inch by flinch|U-turn|p1a: Amoonguss
|-damage|p1a: Amoonguss|61/100
|
|t:|1642274957
|switch|p2a: funion onion|Celebi|100/100|[from]move: U-turn
|-damage|p2a: funion onion|88/100|[from] Stealth Rock
|move|p1a: Amoonguss|Foul Play|p2a: funion onion
|-supereffective|p2a: funion onion
|-damage|p2a: funion onion|55/100
|
|-heal|p2a: funion onion|61/100|[from] item: Leftovers
|upkeep
|turn|59
|
|t:|1642274965
|move|p2a: funion onion|Psychic|p1a: Amoonguss
|-supereffective|p1a: Amoonguss
|-damage|p1a: Amoonguss|4/100
|move|p1a: Amoonguss|Sludge Bomb|p2a: funion onion
|-supereffective|p2a: funion onion
|-damage|p2a: funion onion|28/100
|-status|p2a: funion onion|psn
|
|-heal|p2a: funion onion|34/100 psn|[from] item: Leftovers
|-damage|p2a: funion onion|22/100 psn|[from] psn
|upkeep
|turn|60
|
|t:|1642274972
|switch|p1a: Ditto|Ditto|67/100
|-damage|p1a: Ditto|55/100|[from] Stealth Rock
|-transform|p1a: Ditto|p2a: funion onion|[from] ability: Imposter
|move|p2a: funion onion|Recover|p2a: funion onion
|-heal|p2a: funion onion|72/100 psn
|
|-heal|p2a: funion onion|78/100 psn|[from] item: Leftovers
|-damage|p2a: funion onion|66/100 psn|[from] psn
|upkeep
|turn|61
|
|t:|1642274980
|-curestatus|p2a: funion onion|psn|[from] ability: Natural Cure
|switch|p2a: inch by flinch|Jirachi|100/100
|-damage|p2a: inch by flinch|94/100|[from] Stealth Rock
|move|p1a: Ditto|U-turn|p2a: inch by flinch
|-damage|p2a: inch by flinch|83/100
|
|t:|1642274983
|switch|p1a: Amoonguss|Amoonguss, F|38/100|[from]move: U-turn
|-damage|p1a: Amoonguss|25/100|[from] Stealth Rock
|
|-heal|p2a: inch by flinch|89/100|[from] item: Leftovers
|upkeep
|turn|62
|
|t:|1642274986
|switch|p1a: Skarmory|Skarmory, M|77/100
|-damage|p1a: Skarmory|65/100|[from] Stealth Rock
|move|p2a: inch by flinch|U-turn|p1a: Skarmory
|-resisted|p1a: Skarmory
|-damage|p1a: Skarmory|63/100
|
|t:|1642274995
|switch|p2a: flier higher|Salamence, F|100/100|[from]move: U-turn
|-ability|p2a: flier higher|Intimidate|boost
|-unboost|p1a: Skarmory|atk|1
|
|upkeep
|turn|63
|
|t:|1642274998
|move|p2a: flier higher|Draco Meteor|p1a: Skarmory
|-resisted|p1a: Skarmory
|-crit|p1a: Skarmory
|-damage|p1a: Skarmory|7/100
|-unboost|p2a: flier higher|spa|2
|move|p1a: Skarmory|Body Press|p2a: flier higher
|-resisted|p2a: flier higher
|-damage|p2a: flier higher|81/100
|
|upkeep
|turn|64
|
|t:|1642275003
|switch|p2a: snouty pouty|Krookodile, M|60/100
|-damage|p2a: snouty pouty|54/100|[from] Stealth Rock
|-ability|p2a: snouty pouty|Intimidate|boost
|-unboost|p1a: Skarmory|atk|1
|switch|p1a: Chansey|Chansey, F|79/100
|-damage|p1a: Chansey|66/100|[from] Stealth Rock
|
|-heal|p2a: snouty pouty|60/100|[from] item: Leftovers
|upkeep
|turn|65
|
|t:|1642275009
|move|p2a: snouty pouty|Earthquake|p1a: Chansey
|-damage|p1a: Chansey|31/100
|move|p1a: Chansey|Soft-Boiled|p1a: Chansey
|-heal|p1a: Chansey|81/100
|
|-heal|p2a: snouty pouty|66/100|[from] item: Leftovers
|upkeep
|turn|66
|
|t:|1642275020
|move|p2a: snouty pouty|Knock Off|p1a: Chansey
|-damage|p1a: Chansey|46/100
|-enditem|p1a: Chansey|Eviolite|[from] move: Knock Off|[of] p2a: snouty pouty
|move|p1a: Chansey|Seismic Toss|p2a: snouty pouty
|-damage|p2a: snouty pouty|36/100
|
|-heal|p2a: snouty pouty|42/100|[from] item: Leftovers
|upkeep
|turn|67
|
|t:|1642275025
|move|p2a: snouty pouty|Earthquake|p1a: Chansey
|-damage|p1a: Chansey|0 fnt
|faint|p1a: Chansey
|
|-heal|p2a: snouty pouty|48/100|[from] item: Leftovers
|upkeep
|c|☆UU11 Te adoro|Gg
|-message|UU11 Te adoro forfeited.
|
|win|pif
|raw|UU11 Te adoro's rating: 1458 &rarr; <strong>1452</strong><br />(-6 for losing)
|raw|pif's rating: 1762 &rarr; <strong>1768</strong><br />(+6 for winning)
|l|☆UU11 Te adoro
