|j|☆KiloTotomon
|j|☆LolzMachine
|t:|1667655463
|gametype|singles
|player|p1|KiloTotomon|fantina|1677
|player|p2|LolzMachine|265|1595
|teamsize|p1|6
|teamsize|p2|6
|gen|8
|tier|[Gen 8] UU
|rated|
|rule|Sleep Clause Mod: Limit one foe put to sleep
|rule|Species Clause: Limit one of each Pokémon
|rule|OHKO Clause: OHKO moves are banned
|rule|Evasion Items Clause: Evasion items are banned
|rule|Evasion Moves Clause: Evasion moves are banned
|rule|Endless Battle Clause: Forcing endless battles is banned
|rule|HP Percentage Mod: HP is shown in percentages
|rule|Dynamax Clause: You cannot dynamax
|clearpoke
|poke|p1|Chansey, F|
|poke|p1|Cobalion|
|poke|p1|Rotom-Wash|
|poke|p1|Salazzle, F|
|poke|p1|Mamoswine, M|
|poke|p1|Dhelmise|
|poke|p2|Magneton|
|poke|p2|Scolipede, M|
|poke|p2|Lycanroc-Dusk, M|
|poke|p2|Excadrill, F|
|poke|p2|Primarina, F|
|poke|p2|Necrozma|
|teampreview
|
|t:|1667655472
|start
|switch|p1a: Dhelmise|Dhelmise|100/100
|switch|p2a: Necrozma|Necrozma|100/100
|turn|1
|j| Pedro The Don
|
|t:|1667655484
|switch|p1a: Chansey|Chansey, F|100/100
|move|p2a: Necrozma|Meteor Beam||[still]
|-prepare|p2a: Necrozma|Meteor Beam
|-boost|p2a: Necrozma|spa|1
|-enditem|p2a: Necrozma|Power Herb
|-anim|p2a: Necrozma|Meteor Beam|p1a: Chansey
|-damage|p1a: Chansey|80/100
|
|upkeep
|turn|2
|
|t:|1667655487
|move|p2a: Necrozma|Stealth Rock|p1a: Chansey
|-sidestart|p1: KiloTotomon|move: Stealth Rock
|move|p1a: Chansey|Toxic|p2a: Necrozma
|-status|p2a: Necrozma|tox
|
|-damage|p2a: Necrozma|95/100 tox|[from] psn
|upkeep
|turn|3
|
|t:|1667655491
|switch|p2a: Excadrill|Excadrill, F|100/100
|-item|p2a: Excadrill|Air Balloon
|move|p1a: Chansey|Teleport|p1a: Chansey
|
|t:|1667655493
|switch|p1a: Dhelmise|Dhelmise|100/100|[from]move: Teleport
|
|upkeep
|turn|4
|
|t:|1667655502
|switch|p2a: Necrozma|Necrozma|95/100 tox
|move|p1a: Dhelmise|Rapid Spin|p2a: Necrozma
|-damage|p2a: Necrozma|80/100 tox
|-boost|p1a: Dhelmise|spe|1
|-sideend|p1: KiloTotomon|Stealth Rock|[from] move: Rapid Spin|[of] p1a: Dhelmise
|
|-damage|p2a: Necrozma|75/100 tox|[from] psn
|upkeep
|turn|5
|
|t:|1667655519
|switch|p1a: Chansey|Chansey, F|80/100
|move|p2a: Necrozma|Photon Geyser|p1a: Chansey
|-damage|p1a: Chansey|63/100
|
|-damage|p2a: Necrozma|63/100 tox|[from] psn
|upkeep
|turn|6
|
|t:|1667655532
|move|p2a: Necrozma|Stealth Rock|p1a: Chansey
|-sidestart|p1: KiloTotomon|move: Stealth Rock
|move|p1a: Chansey|Soft-Boiled|p1a: Chansey
|-heal|p1a: Chansey|100/100
|
|-damage|p2a: Necrozma|45/100 tox|[from] psn
|upkeep
|turn|7
|
|t:|1667655537
|switch|p2a: Scolipede|Scolipede, M|100/100
|move|p1a: Chansey|Teleport|p1a: Chansey
|
|t:|1667655543
|switch|p1a: Salazzle|Salazzle, F|100/100|[from]move: Teleport
|
|upkeep
|turn|8
|
|t:|1667655548
|switch|p2a: Lycanroc|Lycanroc-Dusk, M|100/100
|move|p1a: Salazzle|Flamethrower|p2a: Lycanroc
|-resisted|p2a: Lycanroc
|-damage|p2a: Lycanroc|63/100
|
|upkeep
|turn|9
|
|t:|1667655556
|switch|p1a: Cobalion|Cobalion|100/100
|-damage|p1a: Cobalion|97/100|[from] Stealth Rock
|move|p2a: Lycanroc|Psychic Fangs|p1a: Cobalion
|-damage|p1a: Cobalion|54/100
|-damage|p2a: Lycanroc|46/100|[from] item: Rocky Helmet|[of] p1a: Cobalion
|-damage|p2a: Lycanroc|36/100|[from] item: Life Orb
|
|upkeep
|turn|10
|
|t:|1667655564
|switch|p1a: Dhelmise|Dhelmise|100/100
|move|p2a: Lycanroc|Close Combat|p1a: Dhelmise
|-immune|p1a: Dhelmise
|
|upkeep
|turn|11
|
|t:|1667655567
|move|p2a: Lycanroc|Stone Edge|p1a: Dhelmise|[miss]
|-miss|p2a: Lycanroc|p1a: Dhelmise
|move|p1a: Dhelmise|Rapid Spin|p2a: Lycanroc
|-resisted|p2a: Lycanroc
|-damage|p2a: Lycanroc|24/100
|-boost|p1a: Dhelmise|spe|1
|-sideend|p1: KiloTotomon|Stealth Rock|[from] move: Rapid Spin|[of] p1a: Dhelmise
|
|upkeep
|turn|12
|
|t:|1667655575
|move|p2a: Lycanroc|Stone Edge|p1a: Dhelmise
|-damage|p1a: Dhelmise|37/100
|-damage|p2a: Lycanroc|14/100|[from] item: Life Orb
|move|p1a: Dhelmise|Power Whip|p2a: Lycanroc
|-supereffective|p2a: Lycanroc
|-damage|p2a: Lycanroc|0 fnt
|faint|p2a: Lycanroc
|
|upkeep
|
|t:|1667655580
|switch|p2a: Magneton|Magneton|100/100
|turn|13
|
|t:|1667655604
|switch|p1a: Chansey|Chansey, F|100/100
|move|p2a: Magneton|Flash Cannon|p1a: Chansey
|-damage|p1a: Chansey|83/100
|
|upkeep
|turn|14
|
|t:|1667655607
|move|p2a: Magneton|Flash Cannon|p1a: Chansey
|-damage|p1a: Chansey|63/100
|move|p1a: Chansey|Teleport|p1a: Chansey
|
|t:|1667655610
|switch|p1a: Cobalion|Cobalion|54/100|[from]move: Teleport
|
|upkeep
|turn|15
|
|t:|1667655612
|move|p1a: Cobalion|Close Combat|p2a: Magneton
|-supereffective|p2a: Magneton
|-damage|p2a: Magneton|0 fnt
|-unboost|p1a: Cobalion|def|1
|-unboost|p1a: Cobalion|spd|1
|faint|p2a: Magneton
|
|upkeep
|
|t:|1667655614
|switch|p2a: Primarina|Primarina, F|100/100
|turn|16
|
|t:|1667655633
|move|p1a: Cobalion|Volt Switch|p2a: Primarina
|-supereffective|p2a: Primarina
|-damage|p2a: Primarina|76/100
|
|t:|1667655636
|switch|p1a: Chansey|Chansey, F|63/100|[from]move: Volt Switch
|move|p2a: Primarina|Substitute|p2a: Primarina
|-start|p2a: Primarina|Substitute
|-damage|p2a: Primarina|51/100
|
|-heal|p2a: Primarina|57/100|[from] item: Leftovers
|upkeep
|turn|17
|
|t:|1667655639
|move|p2a: Primarina|Calm Mind|p2a: Primarina
|-boost|p2a: Primarina|spa|1
|-boost|p2a: Primarina|spd|1
|move|p1a: Chansey|Seismic Toss|p2a: Primarina
|-end|p2a: Primarina|Substitute
|
|-heal|p2a: Primarina|63/100|[from] item: Leftovers
|upkeep
|turn|18
|
|t:|1667655655
|move|p2a: Primarina|Sparkling Aria|p1a: Chansey
|-damage|p1a: Chansey|41/100
|move|p1a: Chansey|Seismic Toss|p2a: Primarina
|-damage|p2a: Primarina|30/100
|
|-heal|p2a: Primarina|36/100|[from] item: Leftovers
|upkeep
|turn|19
|
|t:|1667655661
|move|p2a: Primarina|Substitute|p2a: Primarina
|-start|p2a: Primarina|Substitute
|-damage|p2a: Primarina|11/100
|move|p1a: Chansey|Soft-Boiled|p1a: Chansey
|-heal|p1a: Chansey|91/100
|
|-heal|p2a: Primarina|17/100|[from] item: Leftovers
|upkeep
|turn|20
|
|t:|1667655663
|move|p2a: Primarina|Sparkling Aria|p1a: Chansey
|-damage|p1a: Chansey|56/100
|move|p1a: Chansey|Seismic Toss|p2a: Primarina
|-end|p2a: Primarina|Substitute
|
|-heal|p2a: Primarina|23/100|[from] item: Leftovers
|upkeep
|turn|21
|
|t:|1667655684
|move|p2a: Primarina|Sparkling Aria|p1a: Chansey
|-damage|p1a: Chansey|22/100
|move|p1a: Chansey|Seismic Toss|p2a: Primarina
|-damage|p2a: Primarina|0 fnt
|faint|p2a: Primarina
|
|upkeep
|
|t:|1667655687
|switch|p2a: Scolipede|Scolipede, M|100/100
|turn|22
|
|t:|1667655701
|switch|p1a: Rotom|Rotom-Wash|100/100
|move|p2a: Scolipede|Swords Dance|p2a: Scolipede
|-boost|p2a: Scolipede|atk|2
|
|-ability|p2a: Scolipede|Speed Boost|boost
|-boost|p2a: Scolipede|spe|1
|upkeep
|turn|23
|
|t:|1667655704
|move|p2a: Scolipede|Megahorn|p1a: Rotom
|-damage|p1a: Rotom|0 fnt
|faint|p1a: Rotom
|-damage|p2a: Scolipede|91/100|[from] item: Life Orb
|
|-ability|p2a: Scolipede|Speed Boost|boost
|-boost|p2a: Scolipede|spe|1
|upkeep
|
|t:|1667655715
|switch|p1a: Dhelmise|Dhelmise|37/100
|turn|24
|
|t:|1667655727
|switch|p1a: Cobalion|Cobalion|54/100
|move|p2a: Scolipede|Poison Jab|p1a: Cobalion
|-immune|p1a: Cobalion
|
|-ability|p2a: Scolipede|Speed Boost|boost
|-boost|p2a: Scolipede|spe|1
|upkeep
|turn|25
|
|t:|1667655741
|switch|p1a: Dhelmise|Dhelmise|37/100
|move|p2a: Scolipede|Earthquake|p1a: Dhelmise
|-resisted|p1a: Dhelmise
|-damage|p1a: Dhelmise|0 fnt
|faint|p1a: Dhelmise
|-damage|p2a: Scolipede|81/100|[from] item: Life Orb
|
|-ability|p2a: Scolipede|Speed Boost|boost
|-boost|p2a: Scolipede|spe|1
|upkeep
|
|t:|1667655746
|switch|p1a: Mamoswine|Mamoswine, M|100/100
|turn|26
|
|t:|1667655773
|switch|p1a: Cobalion|Cobalion|54/100
|move|p2a: Scolipede|Megahorn|p1a: Cobalion
|-resisted|p1a: Cobalion
|-damage|p1a: Cobalion|25/100
|-damage|p2a: Scolipede|64/100|[from] item: Rocky Helmet|[of] p1a: Cobalion
|-damage|p2a: Scolipede|54/100|[from] item: Life Orb
|
|-ability|p2a: Scolipede|Speed Boost|boost
|-boost|p2a: Scolipede|spe|1
|upkeep
|turn|27
|
|t:|1667655782
|move|p2a: Scolipede|Earthquake|p1a: Cobalion
|-supereffective|p1a: Cobalion
|-damage|p1a: Cobalion|0 fnt
|faint|p1a: Cobalion
|-damage|p2a: Scolipede|44/100|[from] item: Life Orb
|
|-ability|p2a: Scolipede|Speed Boost|boost
|-boost|p2a: Scolipede|spe|1
|upkeep
|
|t:|1667655785
|switch|p1a: Mamoswine|Mamoswine, M|100/100
|turn|28
|
|t:|1667655789
|move|p1a: Mamoswine|Ice Shard|p2a: Scolipede
|-damage|p2a: Scolipede|0 fnt
|faint|p2a: Scolipede
|
|upkeep
|
|t:|1667655793
|switch|p2a: Excadrill|Excadrill, F|100/100
|-item|p2a: Excadrill|Air Balloon
|turn|29
|
|t:|1667655797
|move|p1a: Mamoswine|Ice Shard|p2a: Excadrill
|-damage|p2a: Excadrill|55/100
|-enditem|p2a: Excadrill|Air Balloon
|move|p2a: Excadrill|Rapid Spin|p1a: Mamoswine
|-damage|p1a: Mamoswine|78/100
|-boost|p2a: Excadrill|spe|1
|
|upkeep
|turn|30
|
|t:|1667655804
|move|p1a: Mamoswine|Ice Shard|p2a: Excadrill
|-damage|p2a: Excadrill|6/100
|move|p2a: Excadrill|Iron Head|p1a: Mamoswine
|-supereffective|p1a: Mamoswine
|-damage|p1a: Mamoswine|0 fnt
|faint|p1a: Mamoswine
|
|upkeep
|
|t:|1667655809
|switch|p1a: Chansey|Chansey, F|22/100
|turn|31
|
|t:|1667655817
|move|p2a: Excadrill|Earthquake|p1a: Chansey
|-damage|p1a: Chansey|0 fnt
|faint|p1a: Chansey
|
|upkeep
|-message|KiloTotomon forfeited.
|
|win|LolzMachine
|raw|KiloTotomon's rating: 1649 &rarr; <strong>1626</strong><br />(-23 for losing)
|raw|LolzMachine's rating: 1595 &rarr; <strong>1618</strong><br />(+23 for winning)
|l|☆KiloTotomon
||Ladder isn't responding, score probably updated but might not have (Request timeout).
