|j|☆Corperate N
|j|☆pokemonisfun
|t:|1645928167
|gametype|singles
|player|p1|Corperate N|n|1650
|player|p2|pokemonisfun|#uutrio2ladder|1815
|teamsize|p1|6
|teamsize|p2|6
|gen|8
|tier|[Gen 8] UU
|rated|
|rule|Sleep Clause Mod: Limit one foe put to sleep
|rule|Species Clause: Limit one of each Pokémon
|rule|OHKO Clause: OHKO moves are banned
|rule|Evasion Moves Clause: Evasion moves are banned
|rule|Endless Battle Clause: Forcing endless battles is banned
|rule|HP Percentage Mod: HP is shown in percentages
|rule|Dynamax Clause: You cannot dynamax
|clearpoke
|poke|p1|Excadrill, M|
|poke|p1|Aegislash, F|
|poke|p1|Moltres-Galar|
|poke|p1|Celesteela|
|poke|p1|Nihilego|
|poke|p1|Mimikyu, F|
|poke|p2|Regidrago|
|poke|p2|Sirfetch’d, F|
|poke|p2|Jirachi|
|poke|p2|Krookodile, M|
|poke|p2|Salamence, F|
|poke|p2|Celebi|
|teampreview
|inactive|Battle timer is ON: inactive players will automatically lose when time's up. (requested by Corperate N)
|j| myl末影狼VGC
|c|☆Corperate N|hf
|
|t:|1645928176
|start
|switch|p1a: Excadrill|Excadrill, M|100/100
|switch|p2a: snouty pouty|Krookodile, M|100/100
|-ability|p2a: snouty pouty|Intimidate|boost
|-unboost|p1a: Excadrill|atk|1
|-ability|p1a: Excadrill|Mold Breaker
|turn|1
|c|☆pokemonisfun|hf
|l| myl末影狼VGC
|
|t:|1645928182
|move|p2a: snouty pouty|Earthquake|p1a: Excadrill
|-supereffective|p1a: Excadrill
|-enditem|p1a: Excadrill|Focus Sash
|-damage|p1a: Excadrill|1/100
|move|p1a: Excadrill|Stealth Rock|p2a: snouty pouty
|-sidestart|p2: pokemonisfun|move: Stealth Rock
|
|upkeep
|turn|2
|
|t:|1645928190
|move|p2a: snouty pouty|Knock Off|p1a: Excadrill
|-damage|p1a: Excadrill|0 fnt
|faint|p1a: Excadrill
|
|upkeep
|
|t:|1645928201
|switch|p1a: Mimikyu|Mimikyu, F|100/100
|turn|3
|
|t:|1645928214
|switch|p2a: flier higher|Salamence, F|100/100
|-ability|p2a: flier higher|Intimidate|boost
|-unboost|p1a: Mimikyu|atk|1
|move|p1a: Mimikyu|Play Rough|p2a: flier higher
|-supereffective|p2a: flier higher
|-damage|p2a: flier higher|20/100
|-damage|p1a: Mimikyu|91/100|[from] item: Life Orb
|
|upkeep
|turn|4
|
|t:|1645928231
|switch|p1a: Nihilego|Nihilego|100/100
|move|p2a: flier higher|Flamethrower|p1a: Nihilego
|-resisted|p1a: Nihilego
|-damage|p1a: Nihilego|90/100
|
|upkeep
|turn|5
|
|t:|1645928240
|switch|p2a: inch by flinch|Jirachi|100/100
|-damage|p2a: inch by flinch|94/100|[from] Stealth Rock
|move|p1a: Nihilego|Meteor Beam||[still]
|-prepare|p1a: Nihilego|Meteor Beam
|-boost|p1a: Nihilego|spa|1
|-enditem|p1a: Nihilego|Power Herb
|-anim|p1a: Nihilego|Meteor Beam|p2a: inch by flinch
|-resisted|p2a: inch by flinch
|-damage|p2a: inch by flinch|60/100
|
|-heal|p2a: inch by flinch|66/100|[from] item: Leftovers
|upkeep
|turn|6
|j| ultrasecrettesting
|c| ultrasecrettesting|DUCK
|
|t:|1645928264
|switch|p1a: Aegislash|Aegislash, F|100/100
|move|p2a: inch by flinch|Iron Head|p1a: Aegislash
|-resisted|p1a: Aegislash
|-damage|p1a: Aegislash|88/100
|
|-heal|p2a: inch by flinch|72/100|[from] item: Leftovers
|upkeep
|turn|7
|inactive|pokemonisfun has 120 seconds left.
|
|t:|1645928286
|move|p2a: inch by flinch|U-turn|p1a: Aegislash
|-resisted|p1a: Aegislash
|-damage|p1a: Aegislash|84/100
|inactive|pokemonisfun has 120 seconds left.
|
|t:|1645928297
|switch|p2a: flier higher|Salamence, F|20/100|[from]move: U-turn
|-ability|p2a: flier higher|Intimidate|boost
|-unboost|p1a: Aegislash|atk|1
|-formechange|p1a: Aegislash|Aegislash-Blade||[from] ability: Stance Change
|move|p1a: Aegislash|Close Combat|p2a: flier higher
|-resisted|p2a: flier higher
|-damage|p2a: flier higher|0 fnt
|-unboost|p1a: Aegislash|def|1
|-unboost|p1a: Aegislash|spd|1
|faint|p2a: flier higher
|
|upkeep
|
|t:|1645928303
|switch|p2a: snouty pouty|Krookodile, M|100/100
|-damage|p2a: snouty pouty|94/100|[from] Stealth Rock
|-ability|p2a: snouty pouty|Intimidate|boost
|-unboost|p1a: Aegislash|atk|1
|turn|8
|inactive|pokemonisfun has 120 seconds left.
|
|t:|1645928318
|move|p2a: snouty pouty|Stealth Rock|p1a: Aegislash
|-sidestart|p1: Corperate N|move: Stealth Rock
|move|p1a: Aegislash|Close Combat|p2a: snouty pouty
|-supereffective|p2a: snouty pouty
|-damage|p2a: snouty pouty|33/100
|-unboost|p1a: Aegislash|def|1
|-unboost|p1a: Aegislash|spd|1
|
|-heal|p2a: snouty pouty|39/100|[from] item: Leftovers
|upkeep
|turn|9
|inactive|pokemonisfun has 120 seconds left.
|
|t:|1645928347
|switch|p1a: Nihilego|Nihilego|90/100
|-damage|p1a: Nihilego|78/100|[from] Stealth Rock
|move|p2a: snouty pouty|Knock Off|p1a: Nihilego
|-damage|p1a: Nihilego|23/100
|
|-heal|p2a: snouty pouty|46/100|[from] item: Leftovers
|upkeep
|turn|10
|
|t:|1645928352
|switch|p2a: inch by flinch|Jirachi|72/100
|-damage|p2a: inch by flinch|66/100|[from] Stealth Rock
|move|p1a: Nihilego|Grass Knot|p2a: inch by flinch
|-resisted|p2a: inch by flinch
|-damage|p2a: inch by flinch|63/100
|
|-heal|p2a: inch by flinch|69/100|[from] item: Leftovers
|upkeep
|turn|11
|
|t:|1645928361
|move|p1a: Nihilego|Meteor Beam||[still]
|-prepare|p1a: Nihilego|Meteor Beam
|-boost|p1a: Nihilego|spa|1
|move|p2a: inch by flinch|Wish|p2a: inch by flinch
|
|-heal|p2a: inch by flinch|75/100|[from] item: Leftovers
|upkeep
|turn|12
|
|t:|1645928373
|move|p1a: Nihilego|Meteor Beam|p2a: inch by flinch|[from]lockedmove
|-resisted|p2a: inch by flinch
|-damage|p2a: inch by flinch|41/100
|move|p2a: inch by flinch|Iron Head|p1a: Nihilego
|-supereffective|p1a: Nihilego
|-damage|p1a: Nihilego|0 fnt
|faint|p1a: Nihilego
|
|-heal|p2a: inch by flinch|91/100|[from] move: Wish|[wisher] inch by flinch
|-heal|p2a: inch by flinch|98/100|[from] item: Leftovers
|upkeep
|
|t:|1645928393
|switch|p1a: Aegislash|Aegislash, F|84/100
|-damage|p1a: Aegislash|78/100|[from] Stealth Rock
|turn|13
|inactive|pokemonisfun has 120 seconds left.
|
|t:|1645928426
|move|p2a: inch by flinch|U-turn|p1a: Aegislash
|-resisted|p1a: Aegislash
|-damage|p1a: Aegislash|74/100
|c| ultrasecrettesting|this team is so unfortunate for celebi geez
|c| ultrasecrettesting|3 steels
|inactive|pokemonisfun has 90 seconds left.
|c| ultrasecrettesting|2 ghosts
|c|☆Corperate N|celebi is garb ngl
|
|t:|1645928463
|switch|p2a: funion onion|Celebi|100/100|[from]move: U-turn
|-damage|p2a: funion onion|88/100|[from] Stealth Rock
|move|p1a: Aegislash|Swords Dance|p1a: Aegislash
|-boost|p1a: Aegislash|atk|2
|
|-heal|p2a: funion onion|94/100|[from] item: Leftovers
|upkeep
|turn|14
|c| ultrasecrettesting|a dark
|c| ultrasecrettesting|and a poison
|inactive|pokemonisfun has 90 seconds left.
|c|☆Corperate N|especially the set pif runs here
|c|☆Corperate N|mono psychic
|
|t:|1645928480
|move|p2a: funion onion|Thunder Wave|p1a: Aegislash
|-status|p1a: Aegislash|par
|move|p1a: Aegislash|Swords Dance|p1a: Aegislash
|-boost|p1a: Aegislash|atk|2
|
|-heal|p2a: funion onion|99/100|[from] item: Leftovers
|upkeep
|turn|15
|
|t:|1645928490
|-formechange|p1a: Aegislash|Aegislash-Blade||[from] ability: Stance Change
|move|p1a: Aegislash|Shadow Sneak|p2a: funion onion
|-supereffective|p2a: funion onion
|-damage|p2a: funion onion|0 fnt
|faint|p2a: funion onion
|
|upkeep
|
|t:|1645928496
|switch|p2a: snouty pouty|Krookodile, M|46/100
|-damage|p2a: snouty pouty|39/100|[from] Stealth Rock
|-ability|p2a: snouty pouty|Intimidate|boost
|-unboost|p1a: Aegislash|atk|1
|turn|16
|c| ultrasecrettesting|it's niche but good at what it does
|inactive|pokemonisfun has 90 seconds left.
|
|t:|1645928505
|cant|p1a: Aegislash|par
|move|p2a: snouty pouty|Knock Off|p1a: Aegislash
|-supereffective|p1a: Aegislash
|-damage|p1a: Aegislash|0 fnt
|-enditem|p1a: Aegislash|Weakness Policy|[from] move: Knock Off|[of] p2a: snouty pouty
|faint|p1a: Aegislash
|
|-heal|p2a: snouty pouty|46/100|[from] item: Leftovers
|upkeep
|
|t:|1645928513
|switch|p1a: Moltres|Moltres-Galar|100/100
|-damage|p1a: Moltres|76/100|[from] Stealth Rock
|turn|17
|
|t:|1645928522
|move|p2a: snouty pouty|Taunt|p1a: Moltres
|-start|p1a: Moltres|move: Taunt
|cant|p1a: Moltres|move: Taunt|Agility
|
|-heal|p2a: snouty pouty|52/100|[from] item: Leftovers
|upkeep
|turn|18
|
|t:|1645928531
|switch|p2a: gonna maw u|Regidrago|100/100
|-damage|p2a: gonna maw u|88/100|[from] Stealth Rock
|move|p1a: Moltres|Fiery Wrath|p2a: gonna maw u
|-damage|p2a: gonna maw u|38/100
|
|upkeep
|turn|19
|
|t:|1645928535
|move|p2a: gonna maw u|Explosion|p1a: Moltres
|-damage|p1a: Moltres|16/100
|faint|p2a: gonna maw u
|-ability|p1a: Moltres|Berserk|boost
|-boost|p1a: Moltres|spa|1
|move|p1a: Moltres|Fiery Wrath|p2: gonna maw u|[notarget]
|-fail|p1a: Moltres
|
|-end|p1a: Moltres|move: Taunt
|upkeep
|
|t:|1645928557
|switch|p2a: inch by flinch|Jirachi|98/100
|-damage|p2a: inch by flinch|91/100|[from] Stealth Rock
|turn|20
|
|t:|1645928567
|move|p2a: inch by flinch|Iron Head|p1a: Moltres
|-damage|p1a: Moltres|0 fnt
|faint|p1a: Moltres
|
|-heal|p2a: inch by flinch|98/100|[from] item: Leftovers
|upkeep
|
|t:|1645928570
|switch|p1a: Celesteela|Celesteela|100/100
|-damage|p1a: Celesteela|88/100|[from] Stealth Rock
|turn|21
|
|t:|1645928586
|move|p2a: inch by flinch|Iron Head|p1a: Celesteela
|-resisted|p1a: Celesteela
|-damage|p1a: Celesteela|73/100
|move|p1a: Celesteela|Autotomize|p1a: Celesteela
|-boost|p1a: Celesteela|spe|2
|-start|p1a: Celesteela|Autotomize
|
|-heal|p2a: inch by flinch|100/100|[from] item: Leftovers
|upkeep
|turn|22
|
|t:|1645928596
|move|p1a: Celesteela|Meteor Beam||[still]
|-prepare|p1a: Celesteela|Meteor Beam
|-boost|p1a: Celesteela|spa|1
|-enditem|p1a: Celesteela|Power Herb
|-anim|p1a: Celesteela|Meteor Beam|p2a: inch by flinch
|-resisted|p2a: inch by flinch
|-damage|p2a: inch by flinch|77/100
|move|p2a: inch by flinch|Iron Head|p1a: Celesteela
|-resisted|p1a: Celesteela
|-damage|p1a: Celesteela|60/100
|
|-heal|p2a: inch by flinch|83/100|[from] item: Leftovers
|upkeep
|turn|23
|
|t:|1645928602
|move|p2a: inch by flinch|Protect|p2a: inch by flinch
|-singleturn|p2a: inch by flinch|Protect
|move|p1a: Celesteela|Flamethrower|p2a: inch by flinch
|-activate|p2a: inch by flinch|move: Protect
|
|-heal|p2a: inch by flinch|89/100|[from] item: Leftovers
|upkeep
|turn|24
|inactive|pokemonisfun has 120 seconds left.
|
|t:|1645928607
|move|p1a: Celesteela|Flamethrower|p2a: inch by flinch
|-supereffective|p2a: inch by flinch
|-damage|p2a: inch by flinch|16/100
|move|p2a: inch by flinch|Wish|p2a: inch by flinch
|
|-heal|p2a: inch by flinch|22/100|[from] item: Leftovers
|upkeep
|turn|25
|
|t:|1645928611
|move|p2a: inch by flinch|Protect|p2a: inch by flinch
|-singleturn|p2a: inch by flinch|Protect
|move|p1a: Celesteela|Flamethrower|p2a: inch by flinch
|-activate|p2a: inch by flinch|move: Protect
|
|-heal|p2a: inch by flinch|72/100|[from] move: Wish|[wisher] inch by flinch
|-heal|p2a: inch by flinch|78/100|[from] item: Leftovers
|upkeep
|turn|26
|inactive|pokemonisfun has 120 seconds left.
|
|t:|1645928634
|switch|p2a: snouty pouty|Krookodile, M|52/100
|-damage|p2a: snouty pouty|46/100|[from] Stealth Rock
|-ability|p2a: snouty pouty|Intimidate|boost
|-unboost|p1a: Celesteela|atk|1
|move|p1a: Celesteela|Flamethrower|p2a: snouty pouty
|-damage|p2a: snouty pouty|0 fnt
|faint|p2a: snouty pouty
|-ability|p1a: Celesteela|Beast Boost|boost
|-boost|p1a: Celesteela|spa|1
|
|upkeep
|
|t:|1645928636
|switch|p2a: QUACK ATTACK|Sirfetch’d, F, shiny|100/100
|-damage|p2a: QUACK ATTACK|94/100|[from] Stealth Rock
|turn|27
|
|t:|1645928641
|move|p1a: Celesteela|Air Slash|p2a: QUACK ATTACK
|-supereffective|p2a: QUACK ATTACK
|-damage|p2a: QUACK ATTACK|0 fnt
|faint|p2a: QUACK ATTACK
|-ability|p1a: Celesteela|Beast Boost|boost
|-boost|p1a: Celesteela|spa|1
|
|upkeep
|c|☆pokemonisfun|gg
|c|☆Corperate N|gg
|
|t:|1645928646
|switch|p2a: inch by flinch|Jirachi|78/100
|-damage|p2a: inch by flinch|72/100|[from] Stealth Rock
|turn|28
|
|t:|1645928648
|move|p1a: Celesteela|Flamethrower|p2a: inch by flinch
|-supereffective|p2a: inch by flinch
|-damage|p2a: inch by flinch|0 fnt
|faint|p2a: inch by flinch
|
|win|Corperate N
|raw|Corperate N's rating: 1650 &rarr; <strong>1679</strong><br />(+29 for winning)
|raw|pokemonisfun's rating: 1815 &rarr; <strong>1786</strong><br />(-29 for losing)
