|j|☆Bluestreak 1985
|j|☆sgbfgbdfg
|t:|1663539743
|gametype|singles
|player|p1|Bluestreak 1985|emmet|1261
|player|p2|sgbfgbdfg|psychic-gen4|1526
|teamsize|p1|6
|teamsize|p2|6
|gen|8
|tier|[Gen 8] UU
|rated|
|rule|Sleep Clause Mod: Limit one foe put to sleep
|rule|Species Clause: Limit one of each Pokémon
|rule|OHKO Clause: OHKO moves are banned
|rule|Evasion Items Clause: Evasion items are banned
|rule|Evasion Moves Clause: Evasion moves are banned
|rule|Endless Battle Clause: Forcing endless battles is banned
|rule|HP Percentage Mod: HP is shown in percentages
|rule|Dynamax Clause: You cannot dynamax
|clearpoke
|poke|p1|Raikou|
|poke|p1|Krookodile, M|
|poke|p1|Salamence, M|
|poke|p1|Hatterene, F|
|poke|p1|Rotom-Wash|
|poke|p1|Conkeldurr, F|
|poke|p2|Rotom-Wash|
|poke|p2|Jirachi|
|poke|p2|Chandelure, F|
|poke|p2|Primarina, M|
|poke|p2|Krookodile, M|
|poke|p2|Noivern, M|
|teampreview
|inactive|Battle timer is ON: inactive players will automatically lose when time's up. (requested by sgbfgbdfg)
|
|t:|1663539754
|start
|switch|p1a: Electronic|Rotom-Wash, shiny|100/100
|switch|p2a: Jirachi|Jirachi|100/100
|turn|1
|
|t:|1663539760
|move|p1a: Electronic|Will-O-Wisp|p2a: Jirachi
|-status|p2a: Jirachi|brn
|move|p2a: Jirachi|Stealth Rock|p1a: Electronic
|-sidestart|p1: Bluestreak 1985|move: Stealth Rock
|
|-damage|p2a: Jirachi|94/100 brn|[from] brn
|upkeep
|turn|2
|
|t:|1663539767
|switch|p1a: Toothpaste|Salamence, M|100/100
|-ability|p1a: Toothpaste|Intimidate|boost
|-unboost|p2a: Jirachi|atk|1
|move|p2a: Jirachi|U-turn|p1a: Toothpaste
|-resisted|p1a: Toothpaste
|-damage|p1a: Toothpaste|98/100
|
|t:|1663539773
|switch|p2a: Primarina|Primarina, M|100/100|[from]move: U-turn
|
|upkeep
|turn|3
|
|t:|1663539778
|switch|p1a: Electronic|Rotom-Wash, shiny|100/100
|-damage|p1a: Electronic|88/100|[from] Stealth Rock
|move|p2a: Primarina|Moonblast|p1a: Electronic
|-damage|p1a: Electronic|37/100
|
|upkeep
|turn|4
|
|t:|1663539786
|switch|p2a: Jirachi|Jirachi|94/100 brn
|move|p1a: Electronic|Trick|p2a: Jirachi
|-activate|p1a: Electronic|move: Trick|[of] p2a: Jirachi
|-item|p2a: Jirachi|Choice Scarf|[from] move: Trick
|-item|p1a: Electronic|Leftovers|[from] move: Trick
|
|-heal|p1a: Electronic|43/100|[from] item: Leftovers
|-damage|p2a: Jirachi|88/100 brn|[from] brn
|upkeep
|turn|5
|
|t:|1663539793
|switch|p1a: Toothpaste|Salamence, M|98/100
|-ability|p1a: Toothpaste|Intimidate|boost
|-unboost|p2a: Jirachi|atk|1
|move|p2a: Jirachi|U-turn|p1a: Toothpaste
|-resisted|p1a: Toothpaste
|-damage|p1a: Toothpaste|95/100
|
|t:|1663539797
|switch|p2a: Primarina|Primarina, M|100/100|[from]move: U-turn
|
|upkeep
|turn|6
|
|t:|1663539805
|switch|p1a: Electronic|Rotom-Wash, shiny|43/100
|-damage|p1a: Electronic|31/100|[from] Stealth Rock
|move|p2a: Primarina|Moonblast|p1a: Electronic
|-damage|p1a: Electronic|0 fnt
|faint|p1a: Electronic
|
|upkeep
|
|t:|1663539811
|switch|p1a: Ravage|Raikou, shiny|100/100
|-damage|p1a: Ravage|88/100|[from] Stealth Rock
|turn|7
|
|t:|1663539814
|switch|p2a: Jirachi|Jirachi|88/100 brn
|move|p1a: Ravage|Thunderbolt|p2a: Jirachi
|-damage|p2a: Jirachi|66/100 brn
|
|-heal|p1a: Ravage|94/100|[from] item: Leftovers
|-damage|p2a: Jirachi|59/100 brn|[from] brn
|upkeep
|turn|8
|
|t:|1663539816
|move|p2a: Jirachi|U-turn|p1a: Ravage
|-damage|p1a: Ravage|85/100
|
|t:|1663539833
|switch|p2a: Krookodile|Krookodile, M|100/100|[from]move: U-turn
|move|p1a: Ravage|Substitute|p1a: Ravage
|-start|p1a: Ravage|Substitute
|-damage|p1a: Ravage|60/100
|
|-heal|p1a: Ravage|66/100|[from] item: Leftovers
|upkeep
|turn|9
|
|t:|1663539845
|switch|p2a: Noivern|Noivern, M|100/100
|-item|p1a: Ravage|Leftovers|[from] ability: Frisk|[of] p2a: Noivern|[identify]
|move|p1a: Ravage|Scald|p2a: Noivern
|-resisted|p2a: Noivern
|-damage|p2a: Noivern|87/100
|
|-heal|p1a: Ravage|73/100|[from] item: Leftovers
|upkeep
|turn|10
|
|t:|1663539848
|move|p2a: Noivern|Boomburst|p1a: Ravage
|-crit|p1a: Ravage
|-damage|p1a: Ravage|0 fnt
|faint|p1a: Ravage
|
|upkeep
|
|t:|1663539852
|switch|p1a: Bulldozer|Conkeldurr, F|100/100
|-damage|p1a: Bulldozer|94/100|[from] Stealth Rock
|turn|11
|-message|Bluestreak 1985 forfeited.
|
|win|sgbfgbdfg
|raw|Bluestreak 1985's rating: 1261 &rarr; <strong>1252</strong><br />(-9 for losing)
|raw|sgbfgbdfg's rating: 1526 &rarr; <strong>1533</strong><br />(+7 for winning)
|l|☆Bluestreak 1985
||Ladder isn't responding, score probably updated but might not have (Request timeout).
