|j|☆lazo756
|j|‽Kisshot
|t:|1665040017
|gametype|singles
|player|p1|lazo756|266|1164
|player|p2|Kisshot|elesa|1381
|teamsize|p1|6
|teamsize|p2|6
|gen|8
|tier|[Gen 8] UU
|rated|
|rule|Sleep Clause Mod: Limit one foe put to sleep
|rule|Species Clause: Limit one of each Pokémon
|rule|OHKO Clause: OHKO moves are banned
|rule|Evasion Items Clause: Evasion items are banned
|rule|Evasion Moves Clause: Evasion moves are banned
|rule|Endless Battle Clause: Forcing endless battles is banned
|rule|HP Percentage Mod: HP is shown in percentages
|rule|Dynamax Clause: You cannot dynamax
|clearpoke
|poke|p1|Scizor, M|
|poke|p1|Tapu Bulu|
|poke|p1|Rotom-Wash|
|poke|p1|Darmanitan, F|
|poke|p1|Slowking, F|
|poke|p1|Nidoking, M|
|poke|p2|Crawdaunt, M|
|poke|p2|Keldeo-Resolute|
|poke|p2|Moltres|
|poke|p2|Zarude|
|poke|p2|Hippowdon, F|
|poke|p2|Scizor, M|
|teampreview
|
|t:|1665040037
|start
|switch|p1a: Darmanitan|Darmanitan, F|100/100
|switch|p2a: Keldeo|Keldeo-Resolute|100/100
|turn|1
|
|t:|1665040043
|move|p1a: Darmanitan|U-turn|p2a: Keldeo
|-resisted|p2a: Keldeo
|-damage|p2a: Keldeo|84/100
|
|t:|1665040047
|switch|p1a: Slowking|Slowking, F|100/100|[from]move: U-turn
|move|p2a: Keldeo|Flip Turn|p1a: Slowking
|-resisted|p1a: Slowking
|-damage|p1a: Slowking|94/100
|
|t:|1665040053
|switch|p2a: Crawdaunt|Crawdaunt, M|100/100|[from]move: Flip Turn
|
|upkeep
|turn|2
|
|t:|1665040060
|switch|p1a: Tapu Bulu|Tapu Bulu|100/100
|-fieldstart|move: Grassy Terrain|[from] ability: Grassy Surge|[of] p1a: Tapu Bulu
|move|p2a: Crawdaunt|Knock Off|p1a: Tapu Bulu
|-resisted|p1a: Tapu Bulu
|-crit|p1a: Tapu Bulu
|-damage|p1a: Tapu Bulu|50/100
|-damage|p2a: Crawdaunt|84/100|[from] item: Rocky Helmet|[of] p1a: Tapu Bulu
|-enditem|p1a: Tapu Bulu|Rocky Helmet|[from] move: Knock Off|[of] p2a: Crawdaunt
|
|-heal|p2a: Crawdaunt|90/100|[from] Grassy Terrain
|-heal|p1a: Tapu Bulu|56/100|[from] Grassy Terrain
|upkeep
|turn|3
|
|t:|1665040072
|switch|p2a: Moltres|Moltres|100/100
|move|p1a: Tapu Bulu|Horn Leech|p2a: Moltres
|-resisted|p2a: Moltres
|-damage|p2a: Moltres|90/100
|-heal|p1a: Tapu Bulu|62/100|[from] drain|[of] p2a: Moltres
|
|-heal|p1a: Tapu Bulu|68/100|[from] Grassy Terrain
|upkeep
|turn|4
|
|t:|1665040084
|move|p1a: Tapu Bulu|Protect|p1a: Tapu Bulu
|-singleturn|p1a: Tapu Bulu|Protect
|move|p2a: Moltres|U-turn|p1a: Tapu Bulu
|-activate|p1a: Tapu Bulu|move: Protect
|
|-heal|p1a: Tapu Bulu|74/100|[from] Grassy Terrain
|upkeep
|turn|5
|
|t:|1665040098
|move|p2a: Moltres|Mystical Fire|p1a: Tapu Bulu
|-supereffective|p1a: Tapu Bulu
|-damage|p1a: Tapu Bulu|12/100
|-unboost|p1a: Tapu Bulu|spa|1
|move|p1a: Tapu Bulu|Leech Seed|p2a: Moltres
|-start|p2a: Moltres|move: Leech Seed
|
|-heal|p1a: Tapu Bulu|19/100|[from] Grassy Terrain
|-damage|p2a: Moltres|77/100|[from] Leech Seed|[of] p1a: Tapu Bulu
|-heal|p1a: Tapu Bulu|33/100|[silent]
|upkeep
|turn|6
|
|t:|1665040109
|switch|p2a: Scizor|Scizor, M|100/100
|move|p1a: Tapu Bulu|Protect||[still]
|-fail|p1a: Tapu Bulu
|
|-heal|p1a: Tapu Bulu|39/100|[from] Grassy Terrain
|-fieldend|move: Grassy Terrain
|upkeep
|turn|7
|
|t:|1665040117
|switch|p1a: Rotom|Rotom-Wash|100/100
|move|p2a: Scizor|U-turn|p1a: Rotom
|-damage|p1a: Rotom|68/100
|
|t:|1665040124
|switch|p2a: Zarude|Zarude|100/100|[from]move: U-turn
|
|upkeep
|turn|8
|
|t:|1665040135
|switch|p1a: Tapu Bulu|Tapu Bulu|39/100
|-fieldstart|move: Grassy Terrain|[from] ability: Grassy Surge|[of] p1a: Tapu Bulu
|move|p2a: Zarude|U-turn|p1a: Tapu Bulu
|-damage|p1a: Tapu Bulu|23/100
|
|t:|1665040142
|switch|p2a: Keldeo|Keldeo-Resolute|84/100|[from]move: U-turn
|
|-heal|p2a: Keldeo|91/100|[from] Grassy Terrain
|-heal|p1a: Tapu Bulu|29/100|[from] Grassy Terrain
|upkeep
|turn|9
|
|t:|1665040152
|move|p1a: Tapu Bulu|Protect|p1a: Tapu Bulu
|-singleturn|p1a: Tapu Bulu|Protect
|move|p2a: Keldeo|Flip Turn|p1a: Tapu Bulu
|-activate|p1a: Tapu Bulu|move: Protect
|
|-heal|p2a: Keldeo|97/100|[from] Grassy Terrain
|-heal|p1a: Tapu Bulu|35/100|[from] Grassy Terrain
|upkeep
|turn|10
|
|t:|1665040162
|switch|p2a: Scizor|Scizor, M|100/100
|move|p1a: Tapu Bulu|Leech Seed|p2a: Scizor
|-start|p2a: Scizor|move: Leech Seed
|
|-heal|p1a: Tapu Bulu|41/100|[from] Grassy Terrain
|-damage|p2a: Scizor|88/100|[from] Leech Seed|[of] p1a: Tapu Bulu
|-heal|p1a: Tapu Bulu|53/100|[silent]
|upkeep
|turn|11
|
|t:|1665040170
|switch|p2a: Moltres|Moltres|77/100
|move|p1a: Tapu Bulu|Protect||[still]
|-fail|p1a: Tapu Bulu
|
|-heal|p1a: Tapu Bulu|59/100|[from] Grassy Terrain
|upkeep
|turn|12
|
|t:|1665040177
|switch|p1a: Slowking|Slowking, F|100/100
|move|p2a: Moltres|Mystical Fire|p1a: Slowking
|-resisted|p1a: Slowking
|-damage|p1a: Slowking|92/100
|-unboost|p1a: Slowking|spa|1
|
|-heal|p1a: Slowking|98/100|[from] Grassy Terrain
|-fieldend|move: Grassy Terrain
|upkeep
|turn|13
|
|t:|1665040186
|move|p2a: Moltres|U-turn|p1a: Slowking
|-supereffective|p1a: Slowking
|-damage|p1a: Slowking|68/100
|
|t:|1665040189
|switch|p2a: Crawdaunt|Crawdaunt, M|90/100|[from]move: U-turn
|move|p1a: Slowking|Future Sight|p2a: Crawdaunt
|-start|p1a: Slowking|move: Future Sight
|
|upkeep
|turn|14
|
|t:|1665040197
|switch|p1a: Tapu Bulu|Tapu Bulu|59/100
|-fieldstart|move: Grassy Terrain|[from] ability: Grassy Surge|[of] p1a: Tapu Bulu
|move|p2a: Crawdaunt|Sludge Wave|p1a: Tapu Bulu
|-supereffective|p1a: Tapu Bulu
|-damage|p1a: Tapu Bulu|0 fnt
|faint|p1a: Tapu Bulu
|
|-heal|p2a: Crawdaunt|96/100|[from] Grassy Terrain
|upkeep
|
|t:|1665040209
|switch|p1a: Scizor|Scizor, M|100/100
|turn|15
|
|t:|1665040216
|switch|p2a: Scizor|Scizor, M|88/100
|move|p1a: Scizor|U-turn|p2a: Scizor
|-resisted|p2a: Scizor
|-damage|p2a: Scizor|60/100
|-damage|p1a: Scizor|84/100|[from] item: Rocky Helmet|[of] p2a: Scizor
|
|t:|1665040226
|switch|p1a: Nidoking|Nidoking, M|100/100|[from]move: U-turn
|
|-end|p2a: Scizor|move: Future Sight
|-resisted|p2a: Scizor
|-damage|p2a: Scizor|36/100
|-heal|p2a: Scizor|42/100|[from] Grassy Terrain
|upkeep
|turn|16
|
|t:|1665040236
|move|p2a: Scizor|Bullet Punch|p1a: Nidoking
|-crit|p1a: Nidoking
|-damage|p1a: Nidoking|36/100
|move|p1a: Nidoking|Substitute|p1a: Nidoking
|-start|p1a: Nidoking|Substitute
|-damage|p1a: Nidoking|11/100
|
|-heal|p1a: Nidoking|17/100|[from] Grassy Terrain
|-heal|p2a: Scizor|49/100|[from] Grassy Terrain
|upkeep
|turn|17
|
|t:|1665040244
|move|p2a: Scizor|Bullet Punch|p1a: Nidoking
|-end|p1a: Nidoking|Substitute
|move|p1a: Nidoking|Fire Blast|p2a: Scizor
|-supereffective|p2a: Scizor
|-damage|p2a: Scizor|0 fnt
|faint|p2a: Scizor
|
|-heal|p1a: Nidoking|23/100|[from] Grassy Terrain
|upkeep
|
|t:|1665040256
|switch|p2a: Zarude|Zarude|100/100
|turn|18
|
|t:|1665040263
|move|p2a: Zarude|Darkest Lariat|p1a: Nidoking
|-damage|p1a: Nidoking|0 fnt
|faint|p1a: Nidoking
|
|-fieldend|move: Grassy Terrain
|upkeep
|
|t:|1665040269
|switch|p1a: Darmanitan|Darmanitan, F|100/100
|turn|19
|
|t:|1665040278
|move|p2a: Zarude|Darkest Lariat|p1a: Darmanitan
|-damage|p1a: Darmanitan|29/100
|move|p1a: Darmanitan|Flare Blitz|p2a: Zarude
|-supereffective|p2a: Zarude
|-damage|p2a: Zarude|0 fnt
|faint|p2a: Zarude
|-damage|p1a: Darmanitan|0 fnt|[from] Recoil
|faint|p1a: Darmanitan
|
|upkeep
|j|+taoke
|
|t:|1665040295
|switch|p2a: Keldeo|Keldeo-Resolute|97/100
|switch|p1a: Scizor|Scizor, M|84/100
|turn|20
|
|t:|1665040307
|move|p2a: Keldeo|Flip Turn|p1a: Scizor
|-damage|p1a: Scizor|69/100
|
|t:|1665040311
|switch|p2a: Moltres|Moltres|77/100|[from]move: Flip Turn
|move|p1a: Scizor|U-turn|p2a: Moltres
|-resisted|p2a: Moltres
|-damage|p2a: Moltres|63/100
|j| xiaolinyo
|
|t:|1665040320
|switch|p1a: Rotom|Rotom-Wash|68/100|[from]move: U-turn
|
|upkeep
|turn|21
|l| xiaolinyo
|
|t:|1665040329
|move|p2a: Moltres|Roost|p2a: Moltres
|-heal|p2a: Moltres|100/100
|-singleturn|p2a: Moltres|move: Roost
|move|p1a: Rotom|Volt Switch|p2a: Moltres
|-crit|p2a: Moltres
|-damage|p2a: Moltres|64/100
|
|t:|1665040334
|switch|p1a: Slowking|Slowking, F|100/100|[from]move: Volt Switch
|
|upkeep
|turn|22
|
|t:|1665040342
|move|p2a: Moltres|Toxic|p1a: Slowking
|-status|p1a: Slowking|tox
|move|p1a: Slowking|Future Sight|p2a: Moltres
|-start|p1a: Slowking|move: Future Sight
|
|-damage|p1a: Slowking|94/100 tox|[from] psn
|upkeep
|turn|23
|
|t:|1665040349
|move|p2a: Moltres|U-turn|p1a: Slowking
|-supereffective|p1a: Slowking
|-damage|p1a: Slowking|65/100 tox
|
|t:|1665040352
|switch|p2a: Crawdaunt|Crawdaunt, M|96/100|[from]move: U-turn
|move|p1a: Slowking|Scald|p2a: Crawdaunt
|-resisted|p2a: Crawdaunt
|-damage|p2a: Crawdaunt|51/100
|
|-damage|p1a: Slowking|53/100 tox|[from] psn
|upkeep
|turn|24
|
|t:|1665040370
|move|p2a: Crawdaunt|Knock Off|p1a: Slowking
|-supereffective|p1a: Slowking
|-damage|p1a: Slowking|0 fnt
|-enditem|p1a: Slowking|Assault Vest|[from] move: Knock Off|[of] p2a: Crawdaunt
|faint|p1a: Slowking
|
|-end|p2a: Crawdaunt|move: Future Sight
|-immune|p2a: Crawdaunt
|upkeep
|
|t:|1665040374
|switch|p1a: Rotom|Rotom-Wash|68/100
|turn|25
|
|t:|1665040382
|move|p2a: Crawdaunt|Knock Off|p1a: Rotom
|-damage|p1a: Rotom|0 fnt
|-enditem|p1a: Rotom|Heavy-Duty Boots|[from] move: Knock Off|[of] p2a: Crawdaunt
|faint|p1a: Rotom
|
|upkeep
|
|t:|1665040386
|switch|p1a: Scizor|Scizor, M|69/100
|turn|26
|-message|lazo756 forfeited.
|
|win|Kisshot
|raw|lazo756's rating: 1164 &rarr; <strong>1153</strong><br />(-11 for losing)
|raw|Kisshot's rating: 1381 &rarr; <strong>1390</strong><br />(+9 for winning)
|l|☆lazo756
|l|+taoke
