|j|☆Low Ladder Terror
|j|☆Yves Stone
|t:|1606929543
|player|p1|Low Ladder Terror|teamrocket|
|player|p2|Yves Stone|steven|
|teamsize|p1|6
|teamsize|p2|6
|gametype|singles
|gen|8
|tier|[Gen 8] UU
|rated|Tournament battle
|clearpoke
|poke|p1|Zapdos-Galar|
|poke|p1|Runerigus, F|
|poke|p1|Crobat, F|
|poke|p1|Rotom-Wash|
|poke|p1|Stakataka|
|poke|p1|Indeedee, M|
|poke|p2|Regidrago|
|poke|p2|Incineroar, M|
|poke|p2|Weezing-Galar, F|
|poke|p2|Scizor, M|
|poke|p2|Rhyperior, M|
|poke|p2|Alakazam, M|
|rule|Sleep Clause Mod: Limit one foe put to sleep
|rule|Species Clause: Limit one of each Pokémon
|rule|OHKO Clause: OHKO moves are banned
|rule|Evasion Moves Clause: Evasion moves are banned
|rule|Endless Battle Clause: Forcing endless battles is banned
|rule|HP Percentage Mod: HP is shown in percentages
|rule|Dynamax Clause: You cannot dynamax
|teampreview
|j|@ANGER MANAGEMENT
|inactive|Battle timer is ON: inactive players will automatically lose when time's up. (requested by Low Ladder Terror)
|j| BlueFins
|c|☆Low Ladder Terror|hf
|j| Stamatis
|c|☆Yves Stone|hf
|j| LostSawk
|j| Dom Osmond
|l| Dom Osmond
|inactive|Yves Stone has 120 seconds left.
|
|t:|1606929578
|start
|switch|p1a: Crobat|Crobat, F|100/100
|switch|p2a: Weezing|Weezing-Galar, F|100/100
|turn|1
|j| gay kid
|
|t:|1606929591
|move|p1a: Crobat|U-turn|p2a: Weezing
|-resisted|p2a: Weezing
|-damage|p2a: Weezing|97/100
|inactive|Low Ladder Terror has 120 seconds left.
|j|+Amukamara
|
|t:|1606929625
|switch|p1a: Indeedee|Indeedee, M|100/100|[from]move: U-turn
|-fieldstart|move: Psychic Terrain|[from] ability: Psychic Surge|[of] p1a: Indeedee
|move|p2a: Weezing|Will-O-Wisp|p1a: Indeedee
|-status|p1a: Indeedee|brn
|
|-heal|p2a: Weezing|100/100|[from] item: Black Sludge
|-damage|p1a: Indeedee|94/100 brn|[from] brn
|upkeep
|turn|2
|inactive|Low Ladder Terror has 120 seconds left.
|l|+Amukamara
|j| Nowa_17
|
|t:|1606929646
|switch|p2a: Incineroar|Incineroar, M|100/100
|-ability|p2a: Incineroar|Intimidate|boost
|-unboost|p1a: Indeedee|atk|1
|move|p1a: Indeedee|Trick|p2a: Incineroar
|-activate|p1a: Indeedee|move: Trick|[of] p2a: Incineroar
|-item|p2a: Incineroar|Choice Specs|[from] move: Trick
|-item|p1a: Indeedee|Heavy-Duty Boots|[from] move: Trick
|
|-damage|p1a: Indeedee|88/100 brn|[from] brn
|upkeep
|turn|3
|inactive|Low Ladder Terror has 120 seconds left.
|j| TheManWithaPlan64
|
|t:|1606929678
|switch|p1a: Crobat|Crobat, F|100/100
|move|p2a: Incineroar|Parting Shot|p1a: Crobat
|-unboost|p1a: Crobat|atk|1
|-unboost|p1a: Crobat|spa|1
|l| TheManWithaPlan64
|
|t:|1606929688
|switch|p2a: Regidrago|Regidrago|100/100|[from]move: Parting Shot
|
|upkeep
|turn|4
|
|t:|1606929695
|move|p1a: Crobat|Brave Bird|p2a: Regidrago
|-damage|p2a: Regidrago|55/100
|-damage|p1a: Crobat|74/100|[from] Recoil
|move|p2a: Regidrago|Dragon Energy|p1a: Crobat
|-damage|p1a: Crobat|4/100
|
|upkeep
|turn|5
|j| EmolgaVibes
|
|t:|1606929703
|switch|p1a: Rotom|Rotom-Wash|100/100
|switch|p2a: Incineroar|Incineroar, M|100/100
|-ability|p2a: Incineroar|Intimidate|boost
|-unboost|p1a: Rotom|atk|1
|
|-fieldend|move: Psychic Terrain
|upkeep
|turn|6
|j| Mindnight
|
|t:|1606929713
|move|p1a: Rotom|Hydro Pump|p2a: Incineroar|[miss]
|-miss|p1a: Rotom|p2a: Incineroar
|move|p2a: Incineroar|Knock Off|p1a: Rotom
|-damage|p1a: Rotom|66/100
|-enditem|p1a: Rotom|Leftovers|[from] move: Knock Off|[of] p2a: Incineroar
|
|upkeep
|turn|7
|j| 467 11 11p
|
|t:|1606929718
|move|p1a: Rotom|Hydro Pump|p2a: Incineroar
|-supereffective|p2a: Incineroar
|-damage|p2a: Incineroar|41/100
|move|p2a: Incineroar|Knock Off|p1a: Rotom
|-damage|p1a: Rotom|42/100
|
|upkeep
|turn|8
|
|t:|1606929733
|switch|p2a: Regidrago|Regidrago|55/100
|move|p1a: Rotom|Hydro Pump|p2a: Regidrago
|-resisted|p2a: Regidrago
|-damage|p2a: Regidrago|33/100
|
|upkeep
|turn|9
|inactive|Low Ladder Terror has 120 seconds left.
|
|t:|1606929764
|switch|p1a: Crobat|Crobat, F|4/100
|move|p2a: Regidrago|Dragon Pulse|p1a: Crobat
|-crit|p1a: Crobat
|-damage|p1a: Crobat|0 fnt
|faint|p1a: Crobat
|
|upkeep
|
|t:|1606929771
|switch|p1a: Stakataka|Stakataka|100/100
|turn|10
|
|t:|1606929785
|switch|p2a: Incineroar|Incineroar, M|41/100
|-ability|p2a: Incineroar|Intimidate|boost
|-unboost|p1a: Stakataka|atk|1
|move|p1a: Stakataka|Trick Room|p1a: Stakataka
|-fieldstart|move: Trick Room|[of] p1a: Stakataka
|
|upkeep
|turn|11
|
|t:|1606929792
|move|p1a: Stakataka|Earthquake|p2a: Incineroar
|-supereffective|p2a: Incineroar
|-damage|p2a: Incineroar|0 fnt
|faint|p2a: Incineroar
|-ability|p1a: Stakataka|Beast Boost|boost
|-boost|p1a: Stakataka|atk|1
|
|upkeep
|
|t:|1606929803
|switch|p2a: Rhyperior|Rhyperior, M|100/100
|turn|12
|
|t:|1606929811
|switch|p1a: Rotom|Rotom-Wash|42/100
|move|p2a: Rhyperior|Earthquake|p1a: Rotom
|-immune|p1a: Rotom|[from] ability: Levitate
|
|upkeep
|turn|13
|
|t:|1606929818
|move|p2a: Rhyperior|Rock Blast|p1a: Rotom
|-damage|p1a: Rotom|30/100
|-damage|p1a: Rotom|20/100
|-hitcount|p1a: Rotom|2
|move|p1a: Rotom|Hydro Pump|p2a: Rhyperior|[miss]
|-miss|p1a: Rotom|p2a: Rhyperior
|
|upkeep
|turn|14
|c|☆Low Ladder Terror|oof
|
|t:|1606929834
|move|p2a: Rhyperior|Rock Blast|p1a: Rotom|[miss]
|-miss|p2a: Rhyperior|p1a: Rotom
|move|p1a: Rotom|Hydro Pump|p2a: Rhyperior
|-supereffective|p2a: Rhyperior
|-damage|p2a: Rhyperior|13/100
|
|-heal|p2a: Rhyperior|19/100|[from] item: Leftovers
|-fieldend|move: Trick Room
|upkeep
|turn|15
|
|t:|1606929842
|move|p1a: Rotom|Hydro Pump|p2a: Rhyperior
|-supereffective|p2a: Rhyperior
|-damage|p2a: Rhyperior|0 fnt
|faint|p2a: Rhyperior
|
|upkeep
|
|t:|1606929857
|switch|p2a: Alakazam|Alakazam, M|100/100
|turn|16
|
|t:|1606929864
|move|p2a: Alakazam|Psyshock|p1a: Rotom
|-damage|p1a: Rotom|0 fnt
|faint|p1a: Rotom
|
|upkeep
|l| gay kid
|inactive|Low Ladder Terror has 120 seconds left.
|
|t:|1606929914
|switch|p1a: Stakataka|Stakataka|100/100
|turn|17
|
|t:|1606929920
|move|p2a: Alakazam|Focus Blast|p1a: Stakataka
|-supereffective|p1a: Stakataka
|-enditem|p1a: Stakataka|Chople Berry|[eat]
|-enditem|p1a: Stakataka|Chople Berry|[weaken]
|-damage|p1a: Stakataka|4/100
|move|p1a: Stakataka|Gyro Ball|p2a: Alakazam
|-enditem|p2a: Alakazam|Focus Sash
|-damage|p2a: Alakazam|1/100
|
|upkeep
|turn|18
|
|t:|1606929934
|move|p2a: Alakazam|Psyshock|p1a: Stakataka
|-resisted|p1a: Stakataka
|-damage|p1a: Stakataka|0 fnt
|faint|p1a: Stakataka
|
|upkeep
|inactive|Low Ladder Terror has 90 seconds left.
|
|t:|1606929949
|switch|p1a: Runerigus|Runerigus, F|100/100
|turn|19
|
|t:|1606929953
|switch|p2a: Weezing|Weezing-Galar, F|100/100
|move|p1a: Runerigus|Earthquake|p2a: Weezing
|-immune|p2a: Weezing|[from] ability: Levitate
|
|upkeep
|turn|20
|
|t:|1606929963
|move|p2a: Weezing|Strange Steam|p1a: Runerigus
|-damage|p1a: Runerigus|72/100
|move|p1a: Runerigus|Stealth Rock|p2a: Weezing
|-sidestart|p2: Yves Stone|move: Stealth Rock
|
|upkeep
|turn|21
|l| Nowa_17
|
|t:|1606929974
|switch|p1a: Indeedee|Indeedee, M|88/100 brn
|-fieldstart|move: Psychic Terrain|[from] ability: Psychic Surge|[of] p1a: Indeedee
|move|p2a: Weezing|Strange Steam|p1a: Indeedee
|-damage|p1a: Indeedee|49/100 brn
|
|-damage|p1a: Indeedee|43/100 brn|[from] brn
|upkeep
|turn|22
|inactive|Low Ladder Terror has 90 seconds left.
|
|t:|1606930021
|switch|p1a: Runerigus|Runerigus, F|72/100
|switch|p2a: Alakazam|Alakazam, M|1/100
|
|upkeep
|turn|23
|
|t:|1606930027
|move|p2a: Alakazam|Psyshock|p1a: Runerigus
|-damage|p1a: Runerigus|37/100
|move|p1a: Runerigus|Earthquake|p2a: Alakazam
|-damage|p2a: Alakazam|0 fnt
|faint|p2a: Alakazam
|
|upkeep
|
|t:|1606930035
|switch|p2a: Regidrago|Regidrago|33/100
|-damage|p2a: Regidrago|20/100|[from] Stealth Rock
|turn|24
|
|t:|1606930043
|move|p2a: Regidrago|Draco Meteor|p1a: Runerigus|[miss]
|-miss|p2a: Regidrago|p1a: Runerigus
|move|p1a: Runerigus|Memento|p2a: Regidrago
|-unboost|p2a: Regidrago|atk|2
|-unboost|p2a: Regidrago|spa|2
|faint|p1a: Runerigus
|
|upkeep
|
|t:|1606930046
|switch|p1a: Zapdos|Zapdos-Galar|100/100
|-enditem|p1a: Zapdos|Psychic Seed
|-boost|p1a: Zapdos|spd|1|[from] item: Psychic Seed
|turn|25
|
|t:|1606930056
|switch|p2a: Weezing|Weezing-Galar, F|100/100
|-damage|p2a: Weezing|88/100|[from] Stealth Rock
|move|p1a: Zapdos|Bulk Up|p1a: Zapdos
|-boost|p1a: Zapdos|atk|1
|-boost|p1a: Zapdos|def|1
|
|-heal|p2a: Weezing|94/100|[from] item: Black Sludge
|-fieldend|move: Psychic Terrain
|upkeep
|turn|26
|
|t:|1606930064
|move|p1a: Zapdos|Acrobatics|p2a: Weezing
|-damage|p2a: Weezing|33/100
|move|p2a: Weezing|Strange Steam|p1a: Zapdos
|-supereffective|p1a: Zapdos
|-damage|p1a: Zapdos|58/100
|-start|p1a: Zapdos|confusion
|
|-heal|p2a: Weezing|39/100|[from] item: Black Sludge
|upkeep
|turn|27
|
|t:|1606930077
|-activate|p1a: Zapdos|confusion
|move|p1a: Zapdos|Agility|p1a: Zapdos
|-boost|p1a: Zapdos|spe|2
|move|p2a: Weezing|Strange Steam|p1a: Zapdos
|-supereffective|p1a: Zapdos
|-damage|p1a: Zapdos|18/100
|
|-heal|p2a: Weezing|45/100|[from] item: Black Sludge
|upkeep
|turn|28
|
|t:|1606930082
|-end|p1a: Zapdos|confusion
|move|p1a: Zapdos|Acrobatics|p2a: Weezing
|-damage|p2a: Weezing|0 fnt
|faint|p2a: Weezing
|
|upkeep
|
|t:|1606930086
|switch|p2a: Scizor|Scizor, M|100/100
|-damage|p2a: Scizor|88/100|[from] Stealth Rock
|turn|29
|inactive|Low Ladder Terror has 120 seconds left.
|
|t:|1606930114
|move|p2a: Scizor|Bullet Punch|p1a: Zapdos
|-damage|p1a: Zapdos|0 fnt
|faint|p1a: Zapdos
|
|upkeep
|
|t:|1606930116
|switch|p1a: Indeedee|Indeedee, M|43/100 brn
|-fieldstart|move: Psychic Terrain|[from] ability: Psychic Surge|[of] p1a: Indeedee
|turn|30
|
|t:|1606930119
|move|p2a: Scizor|Bullet Punch|p1a: Indeedee
|-activate|p1a: Indeedee|move: Psychic Terrain
|move|p1a: Indeedee|Mystical Fire|p2a: Scizor
|-supereffective|p2a: Scizor
|-damage|p2a: Scizor|0 fnt
|faint|p2a: Scizor
|
|-damage|p1a: Indeedee|37/100 brn|[from] brn
|upkeep
|
|t:|1606930123
|switch|p2a: Regidrago|Regidrago|20/100
|-damage|p2a: Regidrago|8/100|[from] Stealth Rock
|turn|31
|
|t:|1606930129
|move|p2a: Regidrago|Dragon Pulse|p1a: Indeedee
|-damage|p1a: Indeedee|0 fnt
|faint|p1a: Indeedee
|
|win|Yves Stone
|n|☆Low Ladder Terror|lowladderterror
|n|☆Yves Stone|yvesstone
|n| ANGER MANAGEMENT|angermanagement
|n| BlueFins|bluefins
|n| Stamatis|stamatis
|n| LostSawk|lostsawk
|n| EmolgaVibes|emolgavibes
|n| Mindnight|mindnight
|n| 467 11 11p|4671111p
