|j|☆Charmalane
|j|☆NebbyGetInTheBag
|player|p1|Charmalane|brawly|1334
|player|p2|NebbyGetInTheBag|lillie|1399
|teamsize|p1|6
|teamsize|p2|6
|gametype|singles
|gen|8
|tier|[Gen 8] UU
|rated|
|clearpoke
|poke|p1|Pelipper, M|
|poke|p1|Mantine, M|
|poke|p1|Noivern, M|
|poke|p1|Rhyperior, M|
|poke|p1|Barraskewda, M|
|poke|p1|Ludicolo, M|
|poke|p2|Pelipper, M|
|poke|p2|Heliolisk, M|
|poke|p2|Bronzong|
|poke|p2|Bewear, F|
|poke|p2|Barraskewda, F|
|poke|p2|Whimsicott, F|
|rule|Sleep Clause Mod: Limit one foe put to sleep
|rule|Species Clause: Limit one of each Pokémon
|rule|OHKO Clause: OHKO moves are banned
|rule|Evasion Moves Clause: Evasion moves are banned
|rule|Endless Battle Clause: Forcing endless battles is banned
|rule|HP Percentage Mod: HP is shown in percentages
|rule|Dynamax Clause: You cannot dynamax
|teampreview
|
|start
|switch|p1a: Phoenix|Pelipper, M|100/100
|switch|p2a: Puff|Whimsicott, F|100/100
|-weather|RainDance|[from] ability: Drizzle|[of] p1a: Phoenix
|turn|1
|
|switch|p2a: Dimitri|Heliolisk, M|100/100
|switch|p1a: Manray|Mantine, M, shiny|100/100
|
|-weather|RainDance|[upkeep]
|upkeep
|turn|2
|
|switch|p1a: Bob|Rhyperior, M|100/100
|move|p2a: Dimitri|Hyper Voice|p1a: Bob
|-resisted|p1a: Bob
|-damage|p1a: Bob|78/100
|-damage|p2a: Dimitri|91/100|[from] item: Life Orb
|
|-weather|RainDance|[upkeep]
|-heal|p2a: Dimitri|100/100|[from] ability: Dry Skin
|-heal|p1a: Bob|84/100|[from] item: Leftovers
|upkeep
|turn|3
|
|move|p2a: Dimitri|Surf|p1a: Bob
|-supereffective|p1a: Bob
|-damage|p1a: Bob|0 fnt
|-damage|p2a: Dimitri|91/100|[from] item: Life Orb
|faint|p1a: Bob
|
|-weather|RainDance|[upkeep]
|-heal|p2a: Dimitri|100/100|[from] ability: Dry Skin
|upkeep
|
|switch|p1a: Walkappa|Ludicolo, M|100/100
|turn|4
|
|switch|p2a: Magnum Dong|Bronzong|100/100
|move|p1a: Walkappa|Focus Blast|p2a: Magnum Dong
|-damage|p2a: Magnum Dong|70/100
|-damage|p1a: Walkappa|91/100|[from] item: Life Orb
|
|-weather|RainDance|[upkeep]
|-heal|p2a: Magnum Dong|76/100|[from] item: Leftovers
|upkeep
|turn|5
|
|move|p1a: Walkappa|Hydro Pump|p2a: Magnum Dong
|-damage|p2a: Magnum Dong|11/100
|-damage|p1a: Walkappa|81/100|[from] item: Life Orb
|move|p2a: Magnum Dong|Stealth Rock|p1a: Walkappa
|-sidestart|p1: Charmalane|move: Stealth Rock
|
|-weather|RainDance|[upkeep]
|-heal|p2a: Magnum Dong|17/100|[from] item: Leftovers
|upkeep
|turn|6
|
|move|p2a: Magnum Dong|Protect|p2a: Magnum Dong
|-singleturn|p2a: Magnum Dong|Protect
|move|p1a: Walkappa|Hydro Pump|p2a: Magnum Dong
|-activate|p2a: Magnum Dong|move: Protect
|
|-weather|RainDance|[upkeep]
|-heal|p2a: Magnum Dong|24/100|[from] item: Leftovers
|upkeep
|turn|7
|
|move|p1a: Walkappa|Hydro Pump|p2a: Magnum Dong
|-damage|p2a: Magnum Dong|0 fnt
|-damage|p1a: Walkappa|71/100|[from] item: Life Orb
|faint|p2a: Magnum Dong
|
|-weather|RainDance|[upkeep]
|upkeep
|
|switch|p2a: Barracoomer|Barraskewda, F|100/100
|turn|8
|
|move|p2a: Barracoomer|Close Combat|p1a: Walkappa
|-damage|p1a: Walkappa|0 fnt
|-unboost|p2a: Barracoomer|def|1
|-unboost|p2a: Barracoomer|spd|1
|-damage|p2a: Barracoomer|91/100|[from] item: Life Orb
|faint|p1a: Walkappa
|
|-weather|none
|upkeep
|
|switch|p1a: Phoenix|Pelipper, M|100/100
|-damage|p1a: Phoenix|75/100|[from] Stealth Rock
|-weather|RainDance|[from] ability: Drizzle|[of] p1a: Phoenix
|turn|9
|
|switch|p2a: Dimitri|Heliolisk, M|100/100
|move|p1a: Phoenix|U-turn|p2a: Dimitri
|-damage|p2a: Dimitri|80/100
|
|switch|p1a: Echo Echo|Noivern, M|100/100|[from]move: U-turn
|
|-weather|RainDance|[upkeep]
|-heal|p2a: Dimitri|93/100|[from] ability: Dry Skin
|upkeep
|turn|10
|
|move|p1a: Echo Echo|Draco Meteor|p2a: Dimitri
|-damage|p2a: Dimitri|16/100
|-unboost|p1a: Echo Echo|spa|2
|move|p2a: Dimitri|Thunder|p1a: Echo Echo
|-damage|p1a: Echo Echo|11/100
|-damage|p2a: Dimitri|6/100|[from] item: Life Orb
|
|-weather|RainDance|[upkeep]
|-heal|p2a: Dimitri|19/100|[from] ability: Dry Skin
|upkeep
|turn|11
|
|switch|p2a: Barracoomer|Barraskewda, F|91/100
|move|p1a: Echo Echo|Hurricane|p2a: Barracoomer
|-damage|p2a: Barracoomer|42/100
|
|-weather|RainDance|[upkeep]
|upkeep
|turn|12
|
|move|p2a: Barracoomer|Liquidation|p1a: Echo Echo
|-resisted|p1a: Echo Echo
|-damage|p1a: Echo Echo|0 fnt
|-damage|p2a: Barracoomer|32/100|[from] item: Life Orb
|faint|p1a: Echo Echo
|
|-weather|RainDance|[upkeep]
|upkeep
|
|switch|p1a: Manray|Mantine, M, shiny|100/100
|-damage|p1a: Manray|76/100|[from] Stealth Rock
|turn|13
|
|move|p2a: Barracoomer|Psychic Fangs|p1a: Manray
|-damage|p1a: Manray|21/100
|-damage|p2a: Barracoomer|22/100|[from] item: Life Orb
|move|p1a: Manray|Hurricane|p2a: Barracoomer
|-damage|p2a: Barracoomer|0 fnt
|faint|p2a: Barracoomer
|
|-weather|RainDance|[upkeep]
|upkeep
|j| AnimaticLunatic
|
|switch|p2a: Nigel|Pelipper, M|100/100
|turn|14
|
|move|p1a: Manray|Roost|p1a: Manray
|-heal|p1a: Manray|71/100
|-singleturn|p1a: Manray|move: Roost
|move|p2a: Nigel|Scald|p1a: Manray
|-resisted|p1a: Manray
|-damage|p1a: Manray|56/100
|
|-weather|RainDance|[upkeep]
|upkeep
|turn|15
|
|move|p1a: Manray|Substitute|p1a: Manray
|-start|p1a: Manray|Substitute
|-damage|p1a: Manray|32/100
|move|p2a: Nigel|Roost||[still]
|-fail|p2a: Nigel|heal
|
|-weather|RainDance|[upkeep]
|upkeep
|turn|16
|
|move|p1a: Manray|Roost|p1a: Manray
|-heal|p1a: Manray|82/100
|-singleturn|p1a: Manray|move: Roost
|move|p2a: Nigel|Roost||[still]
|-fail|p2a: Nigel|heal
|
|-weather|none
|upkeep
|turn|17
|
|move|p1a: Manray|Hurricane|p2a: Nigel
|-damage|p2a: Nigel|31/100
|move|p2a: Nigel|Scald|p1a: Manray
|-resisted|p1a: Manray
|-activate|p1a: Manray|move: Substitute|[damage]
|
|upkeep
|turn|18
|
|move|p1a: Manray|Hurricane|p2a: Nigel
|-damage|p2a: Nigel|0 fnt
|faint|p2a: Nigel
|
|upkeep
|
|switch|p2a: Dimitri|Heliolisk, M|19/100
|turn|19
|
|move|p2a: Dimitri|Volt Switch|p1a: Manray
|-supereffective|p1a: Manray
|-end|p1a: Manray|Substitute
|-damage|p2a: Dimitri|9/100|[from] item: Life Orb
|
|switch|p2a: Puff|Whimsicott, F|100/100|[from]move: Volt Switch
|move|p1a: Manray|Hurricane|p2a: Puff
|-supereffective|p2a: Puff
|-damage|p2a: Puff|0 fnt
|faint|p2a: Puff
|
|upkeep
|
|switch|p2a: Dimitri|Heliolisk, M|9/100
|turn|20
|
|switch|p1a: Phoenix|Pelipper, M|75/100
|-damage|p1a: Phoenix|50/100|[from] Stealth Rock
|-weather|RainDance|[from] ability: Drizzle|[of] p1a: Phoenix
|move|p2a: Dimitri|Thunder|p1a: Phoenix
|-supereffective|p1a: Phoenix
|-damage|p1a: Phoenix|0 fnt
|-damage|p2a: Dimitri|0 fnt|[from] item: Life Orb
|faint|p1a: Phoenix
|faint|p2a: Dimitri
|
|-weather|RainDance|[upkeep]
|upkeep
|-message|NebbyGetInTheBag forfeited.
|
|win|Charmalane
|l|☆NebbyGetInTheBag
