|j|☆justdrew
|j|☆HaxxLR
|t:|1664746616
|gametype|singles
|player|p1|justdrew|#itsjustdrew|
|player|p2|HaxxLR|grimsley|
|teamsize|p1|6
|teamsize|p2|6
|gen|8
|tier|[Gen 8] UU
|rated|Tournament battle
|rule|Sleep Clause Mod: Limit one foe put to sleep
|rule|Species Clause: Limit one of each Pokémon
|rule|OHKO Clause: OHKO moves are banned
|rule|Evasion Items Clause: Evasion items are banned
|rule|Evasion Moves Clause: Evasion moves are banned
|rule|Endless Battle Clause: Forcing endless battles is banned
|rule|HP Percentage Mod: HP is shown in percentages
|rule|Dynamax Clause: You cannot dynamax
|clearpoke
|poke|p1|Cobalion|
|poke|p1|Zygarde-10%|
|poke|p1|Chansey, F|
|poke|p1|Celesteela|
|poke|p1|Hydreigon, F|
|poke|p1|Dhelmise|
|poke|p2|Skarmory, M|
|poke|p2|Hippowdon, M|
|poke|p2|Lycanroc-Dusk, F|
|poke|p2|Zarude-Dada|
|poke|p2|Slowking, M|
|poke|p2|Scizor, F|
|teampreview
|j| Mimilucha
|inactive|Battle timer is ON: inactive players will automatically lose when time's up. (requested by justdrew)
|inactive|HaxxLR has 120 seconds left.
|j|+hariyana grande
|inactive|HaxxLR has 90 seconds left.
|inactive|HaxxLR has 60 seconds left.
|
|t:|1664746751
|start
|switch|p1a: Cobalion|Cobalion|100/100
|switch|p2a: Hippowdon|Hippowdon, M|100/100
|-weather|Sandstorm|[from] ability: Sand Stream|[of] p2a: Hippowdon
|turn|1
|inactive|HaxxLR has 90 seconds left.
|
|t:|1664746772
|move|p1a: Cobalion|Toxic|p2a: Hippowdon
|-status|p2a: Hippowdon|tox
|move|p2a: Hippowdon|Stealth Rock|p1a: Cobalion
|-sidestart|p1: justdrew|move: Stealth Rock
|
|-weather|Sandstorm|[upkeep]
|-damage|p2a: Hippowdon|94/100 tox|[from] psn
|upkeep
|turn|2
|inactive|HaxxLR has 90 seconds left.
|inactive|HaxxLR has 60 seconds left.
|
|t:|1664746807
|switch|p2a: Slowking|Slowking, M|100/100
|move|p1a: Cobalion|Stealth Rock|p2a: Slowking
|-sidestart|p2: HaxxLR|move: Stealth Rock
|
|-weather|Sandstorm|[upkeep]
|-damage|p2a: Slowking|94/100|[from] Sandstorm
|upkeep
|turn|3
|inactive|HaxxLR has 60 seconds left.
|
|t:|1664746819
|move|p1a: Cobalion|Toxic|p2a: Slowking
|-status|p2a: Slowking|tox
|move|p2a: Slowking|Scald|p1a: Cobalion
|-damage|p1a: Cobalion|61/100
|
|-weather|Sandstorm|[upkeep]
|-damage|p2a: Slowking|88/100 tox|[from] Sandstorm
|-damage|p2a: Slowking|82/100 tox|[from] psn
|upkeep
|turn|4
|inactive|HaxxLR has 60 seconds left.
|
|t:|1664746832
|switch|p2a: Hippowdon|Hippowdon, M|94/100 tox
|-damage|p2a: Hippowdon|88/100 tox|[from] Stealth Rock
|move|p1a: Cobalion|Volt Switch|p2a: Hippowdon
|-immune|p2a: Hippowdon
|
|-weather|Sandstorm|[upkeep]
|-heal|p2a: Hippowdon|94/100 tox|[from] item: Leftovers
|-damage|p2a: Hippowdon|88/100 tox|[from] psn
|upkeep
|turn|5
|inactive|HaxxLR has 60 seconds left.
|
|t:|1664746847
|switch|p1a: Celesteela|Celesteela|100/100
|-damage|p1a: Celesteela|88/100|[from] Stealth Rock
|switch|p2a: Slowking|Slowking, M|100/100 tox
|-damage|p2a: Slowking|88/100 tox|[from] Stealth Rock
|
|-weather|none
|-heal|p1a: Celesteela|94/100|[from] item: Leftovers
|-damage|p2a: Slowking|82/100 tox|[from] psn
|upkeep
|turn|6
|inactive|HaxxLR has 60 seconds left.
|
|t:|1664746861
|move|p1a: Celesteela|Protect|p1a: Celesteela
|-singleturn|p1a: Celesteela|Protect
|move|p2a: Slowking|Scald|p1a: Celesteela
|-activate|p1a: Celesteela|move: Protect
|
|-heal|p1a: Celesteela|99/100|[from] item: Leftovers
|-damage|p2a: Slowking|70/100 tox|[from] psn
|upkeep
|turn|7
|
|t:|1664746870
|move|p1a: Celesteela|Leech Seed|p2a: Slowking|[miss]
|-miss|p1a: Celesteela|p2a: Slowking
|move|p2a: Slowking|Scald|p1a: Celesteela
|-damage|p1a: Celesteela|83/100
|
|-heal|p1a: Celesteela|89/100|[from] item: Leftovers
|-damage|p2a: Slowking|51/100 tox|[from] psn
|upkeep
|turn|8
|
|t:|1664746878
|switch|p2a: Zarude|Zarude-Dada|100/100
|move|p1a: Celesteela|Leech Seed|p2a: Zarude
|-immune|p2a: Zarude
|
|-heal|p1a: Celesteela|95/100|[from] item: Leftovers
|upkeep
|turn|9
|inactive|HaxxLR has 60 seconds left.
|
|t:|1664746902
|move|p1a: Celesteela|Protect|p1a: Celesteela
|-singleturn|p1a: Celesteela|Protect
|move|p2a: Zarude|U-turn|p1a: Celesteela
|-activate|p1a: Celesteela|move: Protect
|
|-heal|p1a: Celesteela|100/100|[from] item: Leftovers
|upkeep
|turn|10
|
|t:|1664746909
|move|p2a: Zarude|U-turn|p1a: Celesteela
|-resisted|p1a: Celesteela
|-damage|p1a: Celesteela|95/100
|
|t:|1664746912
|switch|p2a: Slowking|Slowking, M|85/100 tox|[from]move: U-turn
|-damage|p2a: Slowking|72/100 tox|[from] Stealth Rock
|move|p1a: Celesteela|Flamethrower|p2a: Slowking
|-resisted|p2a: Slowking
|-damage|p2a: Slowking|66/100 tox
|
|-heal|p1a: Celesteela|100/100|[from] item: Leftovers
|-damage|p2a: Slowking|60/100 tox|[from] psn
|upkeep
|turn|11
|j| tragic kingdom
|
|t:|1664746929
|switch|p1a: Dhelmise|Dhelmise|100/100
|switch|p2a: Zarude|Zarude-Dada|100/100
|
|upkeep
|turn|12
|inactive|HaxxLR has 60 seconds left.
|
|t:|1664746946
|switch|p1a: Cobalion|Cobalion|61/100
|-damage|p1a: Cobalion|58/100|[from] Stealth Rock
|move|p2a: Zarude|U-turn|p1a: Cobalion
|-resisted|p1a: Cobalion
|-damage|p1a: Cobalion|53/100
|-damage|p2a: Zarude|84/100|[from] item: Rocky Helmet|[of] p1a: Cobalion
|inactive|HaxxLR has 60 seconds left.
|
|t:|1664746967
|switch|p2a: Lycanroc|Lycanroc-Dusk, F|100/100|[from]move: U-turn
|-damage|p2a: Lycanroc|88/100|[from] Stealth Rock
|
|upkeep
|turn|13
|inactive|HaxxLR has 30 seconds left.
|
|t:|1664746994
|move|p2a: Lycanroc|Crunch|p1a: Cobalion
|-resisted|p1a: Cobalion
|-damage|p1a: Cobalion|30/100
|-unboost|p1a: Cobalion|def|1
|-damage|p2a: Lycanroc|72/100|[from] item: Rocky Helmet|[of] p1a: Cobalion
|-ability|p1a: Cobalion|Justified|boost
|-boost|p1a: Cobalion|atk|1
|move|p1a: Cobalion|Close Combat|p2a: Lycanroc
|-supereffective|p2a: Lycanroc
|-damage|p2a: Lycanroc|0 fnt
|-unboost|p1a: Cobalion|def|1
|-unboost|p1a: Cobalion|spd|1
|faint|p2a: Lycanroc
|
|upkeep
|inactive|HaxxLR has 30 seconds left.
|inactive|HaxxLR has 20 seconds left.
|
|t:|1664747010
|switch|p2a: Skarmory|Skarmory, M|100/100
|-damage|p2a: Skarmory|88/100|[from] Stealth Rock
|turn|14
|inactive|HaxxLR has 30 seconds left this turn.
|inactive|HaxxLR has 20 seconds left.
|
|t:|1664747021
|move|p1a: Cobalion|Volt Switch|p2a: Skarmory
|-supereffective|p2a: Skarmory
|-damage|p2a: Skarmory|48/100
|inactive|HaxxLR has 25 seconds left this turn.
|
|t:|1664747038
|switch|p1a: Celesteela|Celesteela|100/100|[from]move: Volt Switch
|-damage|p1a: Celesteela|88/100|[from] Stealth Rock
|move|p2a: Skarmory|Body Press|p1a: Celesteela
|-crit|p1a: Celesteela
|-damage|p1a: Celesteela|48/100
|
|-heal|p1a: Celesteela|54/100|[from] item: Leftovers
|upkeep
|turn|15
|j| CaprinRay!
|inactive|HaxxLR has 30 seconds left.
|
|t:|1664747049
|switch|p2a: Slowking|Slowking, M|94/100 tox
|-damage|p2a: Slowking|81/100 tox|[from] Stealth Rock
|move|p1a: Celesteela|Leech Seed|p2a: Slowking
|-start|p2a: Slowking|move: Leech Seed
|
|-heal|p1a: Celesteela|60/100|[from] item: Leftovers
|-damage|p2a: Slowking|69/100 tox|[from] Leech Seed|[of] p1a: Celesteela
|-heal|p1a: Celesteela|72/100|[silent]
|-damage|p2a: Slowking|63/100 tox|[from] psn
|upkeep
|turn|16
|l| CaprinRay!
|inactive|HaxxLR has 30 seconds left.
|
|t:|1664747059
|switch|p2a: Zarude|Zarude-Dada|84/100
|move|p1a: Celesteela|Protect||[still]
|-fail|p1a: Celesteela
|
|-heal|p1a: Celesteela|78/100|[from] item: Leftovers
|upkeep
|turn|17
|
|t:|1664747071
|move|p2a: Zarude|U-turn|p1a: Celesteela
|-resisted|p1a: Celesteela
|-damage|p1a: Celesteela|73/100
|
|t:|1664747074
|switch|p2a: Slowking|Slowking, M|96/100 tox|[from]move: U-turn
|-damage|p2a: Slowking|83/100 tox|[from] Stealth Rock
|move|p1a: Celesteela|Flamethrower|p2a: Slowking
|-resisted|p2a: Slowking
|-damage|p2a: Slowking|77/100 tox
|
|-heal|p1a: Celesteela|79/100|[from] item: Leftovers
|-damage|p2a: Slowking|71/100 tox|[from] psn
|upkeep
|turn|18
|
|t:|1664747084
|switch|p1a: Dhelmise|Dhelmise|100/100
|move|p2a: Slowking|Scald|p1a: Dhelmise
|-resisted|p1a: Dhelmise
|-damage|p1a: Dhelmise|87/100
|
|-damage|p2a: Slowking|59/100 tox|[from] psn
|upkeep
|turn|19
|
|t:|1664747101
|switch|p2a: Scizor|Scizor, F|100/100
|-damage|p2a: Scizor|88/100|[from] Stealth Rock
|move|p1a: Dhelmise|Rapid Spin|p2a: Scizor
|-resisted|p2a: Scizor
|-damage|p2a: Scizor|82/100
|-boost|p1a: Dhelmise|spe|1
|-sideend|p1: justdrew|Stealth Rock|[from] move: Rapid Spin|[of] p1a: Dhelmise
|
|upkeep
|turn|20
|j| pikachumederic
|inactive|HaxxLR has 30 seconds left.
|inactive|HaxxLR has 20 seconds left.
|
|t:|1664747135
|switch|p1a: Cobalion|Cobalion|30/100
|move|p2a: Scizor|U-turn|p1a: Cobalion
|-resisted|p1a: Cobalion
|-damage|p1a: Cobalion|23/100
|-damage|p2a: Scizor|65/100|[from] item: Rocky Helmet|[of] p1a: Cobalion
|inactive|HaxxLR has 25 seconds left this turn.
|inactive|HaxxLR has 20 seconds left.
|
|t:|1664747141
|switch|p2a: Slowking|Slowking, M|92/100 tox|[from]move: U-turn
|-damage|p2a: Slowking|80/100 tox|[from] Stealth Rock
|
|-damage|p2a: Slowking|74/100 tox|[from] psn
|upkeep
|turn|21
|inactive|HaxxLR has 30 seconds left this turn.
|
|t:|1664747146
|move|p1a: Cobalion|Volt Switch|p2a: Slowking
|-supereffective|p2a: Slowking
|-damage|p2a: Slowking|59/100 tox
|
|t:|1664747162
|switch|p1a: Chansey|Chansey, F|100/100|[from]move: Volt Switch
|move|p2a: Slowking|Scald|p1a: Chansey
|-damage|p1a: Chansey|91/100
|-status|p1a: Chansey|brn
|
|-damage|p2a: Slowking|47/100 tox|[from] psn
|-damage|p1a: Chansey|85/100 brn|[from] brn
|upkeep
|turn|22
|inactive|HaxxLR has 30 seconds left.
|inactive|HaxxLR has 20 seconds left.
|
|t:|1664747191
|switch|p2a: Scizor|Scizor, F|65/100
|-damage|p2a: Scizor|53/100|[from] Stealth Rock
|move|p1a: Chansey|Teleport|p1a: Chansey
|inactive|HaxxLR has 25 seconds left this turn.
|
|t:|1664747206
|-curestatus|p1a: Chansey|brn|[from] ability: Natural Cure
|switch|p1a: Zygarde|Zygarde-10%|100/100|[from]move: Teleport
|-ability|p1a: Zygarde|Aura Break
|
|upkeep
|turn|23
|inactive|HaxxLR has 30 seconds left.
|
|t:|1664747220
|move|p1a: Zygarde|Thousand Arrows|p2a: Scizor
|-damage|p2a: Scizor|2/100
|move|p2a: Scizor|Roost|p2a: Scizor
|-heal|p2a: Scizor|52/100
|-singleturn|p2a: Scizor|move: Roost
|
|upkeep
|turn|24
|inactive|HaxxLR has 30 seconds left.
|
|t:|1664747231
|move|p1a: Zygarde|Thousand Arrows|p2a: Scizor
|-crit|p2a: Scizor
|-damage|p2a: Scizor|0 fnt
|faint|p2a: Scizor
|
|upkeep
|inactive|HaxxLR has 30 seconds left this turn.
|
|t:|1664747236
|switch|p2a: Zarude|Zarude-Dada|84/100
|turn|25
|inactive|HaxxLR has 30 seconds left.
|
|t:|1664747249
|switch|p1a: Cobalion|Cobalion|23/100
|move|p2a: Zarude|Power Whip|p1a: Cobalion
|-resisted|p1a: Cobalion
|-damage|p1a: Cobalion|0 fnt
|-damage|p2a: Zarude|67/100|[from] item: Rocky Helmet|[of] p1a: Cobalion
|faint|p1a: Cobalion
|
|upkeep
|j| Ahkai
|
|t:|1664747260
|switch|p1a: Hydreigon|Hydreigon, F|100/100
|turn|26
|
|t:|1664747270
|switch|p2a: Skarmory|Skarmory, M|48/100
|-damage|p2a: Skarmory|36/100|[from] Stealth Rock
|move|p1a: Hydreigon|U-turn|p2a: Skarmory
|-resisted|p2a: Skarmory
|-damage|p2a: Skarmory|34/100
|-damage|p1a: Hydreigon|84/100|[from] item: Rocky Helmet|[of] p2a: Skarmory
|
|t:|1664747278
|switch|p1a: Zygarde|Zygarde-10%|100/100|[from]move: U-turn
|-ability|p1a: Zygarde|Aura Break
|
|upkeep
|turn|27
|
|t:|1664747286
|move|p1a: Zygarde|Thousand Arrows|p2a: Skarmory
|-damage|p2a: Skarmory|0 fnt
|faint|p2a: Skarmory
|
|upkeep
|
|t:|1664747290
|switch|p2a: Zarude|Zarude-Dada|67/100
|turn|28
|
|t:|1664747301
|switch|p1a: Hydreigon|Hydreigon, F|84/100
|move|p2a: Zarude|Darkest Lariat|p1a: Hydreigon
|-resisted|p1a: Hydreigon
|-damage|p1a: Hydreigon|58/100
|
|upkeep
|turn|29
|
|t:|1664747310
|switch|p2a: Hippowdon|Hippowdon, M|88/100 tox
|-damage|p2a: Hippowdon|82/100 tox|[from] Stealth Rock
|-weather|Sandstorm|[from] ability: Sand Stream|[of] p2a: Hippowdon
|move|p1a: Hydreigon|Flamethrower|p2a: Hippowdon
|-damage|p2a: Hippowdon|52/100 tox
|
|-weather|Sandstorm|[upkeep]
|-damage|p1a: Hydreigon|52/100|[from] Sandstorm
|-heal|p2a: Hippowdon|58/100 tox|[from] item: Leftovers
|-damage|p2a: Hippowdon|52/100 tox|[from] psn
|upkeep
|turn|30
|inactive|HaxxLR has 60 seconds left.
|
|t:|1664747318
|switch|p1a: Dhelmise|Dhelmise|87/100
|move|p2a: Hippowdon|Slack Off|p2a: Hippowdon
|-heal|p2a: Hippowdon|100/100 tox
|
|-weather|Sandstorm|[upkeep]
|-damage|p1a: Dhelmise|81/100|[from] Sandstorm
|-damage|p2a: Hippowdon|88/100 tox|[from] psn
|upkeep
|turn|31
|
|t:|1664747324
|switch|p2a: Zarude|Zarude-Dada|67/100
|move|p1a: Dhelmise|Power Whip|p2a: Zarude
|-resisted|p2a: Zarude
|-damage|p2a: Zarude|42/100
|
|-weather|Sandstorm|[upkeep]
|-damage|p2a: Zarude|36/100|[from] Sandstorm
|-damage|p1a: Dhelmise|75/100|[from] Sandstorm
|upkeep
|turn|32
|
|t:|1664747330
|switch|p1a: Hydreigon|Hydreigon, F|52/100
|move|p2a: Zarude|Jungle Healing|p2a: Zarude
|-heal|p2a: Zarude|61/100
|
|-weather|Sandstorm|[upkeep]
|-damage|p1a: Hydreigon|46/100|[from] Sandstorm
|-damage|p2a: Zarude|55/100|[from] Sandstorm
|upkeep
|turn|33
|j| Polybius32
|
|t:|1664747336
|switch|p2a: Hippowdon|Hippowdon, M|88/100 tox
|-damage|p2a: Hippowdon|82/100 tox|[from] Stealth Rock
|move|p1a: Hydreigon|U-turn|p2a: Hippowdon
|-damage|p2a: Hippowdon|73/100 tox
|
|t:|1664747343
|switch|p1a: Zygarde|Zygarde-10%|100/100|[from]move: U-turn
|-ability|p1a: Zygarde|Aura Break
|
|-weather|none
|-heal|p2a: Hippowdon|79/100 tox|[from] item: Leftovers
|-damage|p2a: Hippowdon|73/100 tox|[from] psn
|upkeep
|turn|34
|inactive|HaxxLR has 90 seconds left.
|
|t:|1664747364
|move|p1a: Zygarde|Outrage|p2a: Hippowdon
|-damage|p2a: Hippowdon|25/100 tox
|move|p2a: Hippowdon|Stealth Rock|p1a: Zygarde
|-sidestart|p1: justdrew|move: Stealth Rock
|
|-heal|p2a: Hippowdon|31/100 tox|[from] item: Leftovers
|-damage|p2a: Hippowdon|19/100 tox|[from] psn
|upkeep
|turn|35
|
|t:|1664747370
|move|p1a: Zygarde|Outrage|p2a: Hippowdon|[from]lockedmove
|-damage|p2a: Hippowdon|0 fnt
|faint|p2a: Hippowdon
|-start|p1a: Zygarde|confusion|[fatigue]
|
|upkeep
|
|t:|1664747377
|switch|p2a: Slowking|Slowking, M|80/100 tox
|-damage|p2a: Slowking|68/100 tox|[from] Stealth Rock
|turn|36
|inactive|HaxxLR has 90 seconds left.
|
|t:|1664747384
|switch|p1a: Chansey|Chansey, F|85/100
|-damage|p1a: Chansey|72/100|[from] Stealth Rock
|move|p2a: Slowking|Ice Beam|p1a: Chansey
|-damage|p1a: Chansey|66/100
|
|-damage|p2a: Slowking|62/100 tox|[from] psn
|upkeep
|turn|37
|
|t:|1664747389
|move|p1a: Chansey|Soft-Boiled|p1a: Chansey
|-heal|p1a: Chansey|100/100
|move|p2a: Slowking|Psyshock|p1a: Chansey
|-damage|p1a: Chansey|81/100
|
|-damage|p2a: Slowking|49/100 tox|[from] psn
|upkeep
|turn|38
|
|t:|1664747396
|move|p1a: Chansey|Soft-Boiled|p1a: Chansey
|-heal|p1a: Chansey|100/100
|move|p2a: Slowking|Psyshock|p1a: Chansey
|-damage|p1a: Chansey|81/100
|
|-damage|p2a: Slowking|31/100 tox|[from] psn
|upkeep
|turn|39
|
|t:|1664747400
|move|p1a: Chansey|Seismic Toss|p2a: Slowking
|-damage|p2a: Slowking|6/100 tox
|move|p2a: Slowking|Psyshock|p1a: Chansey
|-damage|p1a: Chansey|62/100
|
|-damage|p2a: Slowking|0 fnt|[from] psn
|faint|p2a: Slowking
|upkeep
|
|t:|1664747403
|switch|p2a: Zarude|Zarude-Dada|55/100
|turn|40
|
|t:|1664747406
|move|p2a: Zarude|Darkest Lariat|p1a: Chansey
|-damage|p1a: Chansey|37/100
|move|p1a: Chansey|Soft-Boiled|p1a: Chansey
|-heal|p1a: Chansey|87/100
|
|upkeep
|turn|41
|
|t:|1664747408
|move|p2a: Zarude|Darkest Lariat|p1a: Chansey
|-damage|p1a: Chansey|59/100
|move|p1a: Chansey|Soft-Boiled|p1a: Chansey
|-heal|p1a: Chansey|100/100
|
|upkeep
|turn|42
|
|t:|1664747416
|move|p2a: Zarude|Darkest Lariat|p1a: Chansey
|-damage|p1a: Chansey|72/100
|move|p1a: Chansey|Teleport|p1a: Chansey
|
|t:|1664747419
|switch|p1a: Zygarde|Zygarde-10%|100/100|[from]move: Teleport
|-damage|p1a: Zygarde|94/100|[from] Stealth Rock
|-ability|p1a: Zygarde|Aura Break
|
|upkeep
|turn|43
|
|t:|1664747422
|move|p1a: Zygarde|Superpower|p2a: Zarude
|-supereffective|p2a: Zarude
|-damage|p2a: Zarude|0 fnt
|-unboost|p1a: Zygarde|atk|1
|-unboost|p1a: Zygarde|def|1
|faint|p2a: Zarude
|
|win|justdrew
|n|☆justdrew|justdrew
|n|☆HaxxLR|haxxlr
|n| Mimilucha|mimilucha
|n| hariyana grande|hariyanagrande
|n| tragic kingdom|tragickingdom
|n| pikachumederic|pikachumederic
|n| Ahkai|ahkai
|n| Polybius32|polybius32
|c|☆justdrew|gg
|l|☆HaxxLR
|c|☆justdrew|:|
|l| Mimilucha
|l|☆justdrew
|l| Polybius32
|l| Ahkai
