|j|☆Excelceite
|j|☆Permission Slip
|t:|1659756100
|gametype|singles
|player|p1|Excelceite|acetrainercouple|1228
|player|p2|Permission Slip|clerkf|1480
|teamsize|p1|6
|teamsize|p2|6
|gen|8
|tier|[Gen 8] UU
|rated|
|rule|Sleep Clause Mod: Limit one foe put to sleep
|rule|Species Clause: Limit one of each Pokémon
|rule|OHKO Clause: OHKO moves are banned
|rule|Evasion Items Clause: Evasion items are banned
|rule|Evasion Moves Clause: Evasion moves are banned
|rule|Endless Battle Clause: Forcing endless battles is banned
|rule|HP Percentage Mod: HP is shown in percentages
|rule|Dynamax Clause: You cannot dynamax
|clearpoke
|poke|p1|Nihilego|
|poke|p1|Goodra, M|
|poke|p1|Krookodile, F|
|poke|p1|Conkeldurr, F|
|poke|p1|Moltres|
|poke|p1|Gastrodon, F|
|poke|p2|Azelf|
|poke|p2|Salamence, M|
|poke|p2|Nihilego|
|poke|p2|Azumarill, F|
|poke|p2|Gyarados, F|
|poke|p2|Metagross|
|teampreview
|
|t:|1659756107
|start
|switch|p1a: Krookodile|Krookodile, F|100/100
|switch|p2a: Azelf|Azelf|100/100
|turn|1
|
|t:|1659756114
|move|p1a: Krookodile|Knock Off|p2a: Azelf
|-supereffective|p2a: Azelf
|-enditem|p2a: Azelf|Focus Sash
|-damage|p2a: Azelf|1/100
|move|p2a: Azelf|Reflect|p2a: Azelf
|-sidestart|p2: Permission Slip|Reflect
|
|upkeep
|turn|2
|
|t:|1659756121
|move|p1a: Krookodile|Knock Off|p2a: Azelf
|-supereffective|p2a: Azelf
|-damage|p2a: Azelf|0 fnt
|faint|p2a: Azelf
|-ability|p1a: Krookodile|Moxie|boost
|-boost|p1a: Krookodile|atk|1
|
|upkeep
|
|t:|1659756139
|switch|p2a: Azumarill|Azumarill, F|100/100
|turn|3
|
|t:|1659756148
|move|p1a: Krookodile|Knock Off|p2a: Azumarill
|-resisted|p2a: Azumarill
|-damage|p2a: Azumarill|77/100
|-enditem|p2a: Azumarill|Sitrus Berry|[from] move: Knock Off|[of] p1a: Krookodile
|move|p2a: Azumarill|Play Rough|p1a: Krookodile
|-supereffective|p1a: Krookodile
|-damage|p1a: Krookodile|0 fnt
|faint|p1a: Krookodile
|
|upkeep
|
|t:|1659756168
|switch|p1a: Goodra|Goodra, M, shiny|100/100
|turn|4
|
|t:|1659756172
|move|p1a: Goodra|Sludge Bomb|p2a: Azumarill
|-supereffective|p2a: Azumarill
|-damage|p2a: Azumarill|0 fnt
|faint|p2a: Azumarill
|
|upkeep
|
|t:|1659756190
|switch|p2a: Metagross|Metagross|100/100
|turn|5
|
|t:|1659756196
|switch|p1a: Moltres|Moltres, shiny|100/100
|move|p2a: Metagross|Meteor Mash|p1a: Moltres
|-resisted|p1a: Moltres
|-damage|p1a: Moltres|74/100
|
|-sideend|p2: Permission Slip|Reflect
|upkeep
|turn|6
|
|t:|1659756206
|move|p1a: Moltres|Mystical Fire|p2a: Metagross
|-supereffective|p2a: Metagross
|-damage|p2a: Metagross|22/100
|-enditem|p2a: Metagross|Weakness Policy
|-boost|p2a: Metagross|atk|2|[from] item: Weakness Policy
|-boost|p2a: Metagross|spa|2|[from] item: Weakness Policy
|move|p2a: Metagross|Agility|p2a: Metagross
|-boost|p2a: Metagross|spe|2
|
|upkeep
|turn|7
|
|t:|1659756216
|move|p2a: Metagross|Zen Headbutt|p1a: Moltres
|-crit|p1a: Moltres
|-damage|p1a: Moltres|0 fnt
|-status|p2a: Metagross|brn|[from] ability: Flame Body|[of] p1a: Moltres
|faint|p1a: Moltres
|
|-damage|p2a: Metagross|16/100 brn|[from] brn
|upkeep
|
|t:|1659756229
|switch|p1a: Conkeldurr|Conkeldurr, F, shiny|100/100
|turn|8
|
|t:|1659756234
|move|p1a: Conkeldurr|Mach Punch|p2a: Metagross
|-damage|p2a: Metagross|0 fnt
|faint|p2a: Metagross
|
|-status|p1a: Conkeldurr|brn|[from] item: Flame Orb
|upkeep
|
|t:|1659756239
|switch|p2a: Gyarados|Gyarados, F|100/100
|turn|9
|
|t:|1659756244
|move|p2a: Gyarados|Waterfall|p1a: Conkeldurr
|-damage|p1a: Conkeldurr|52/100 brn
|move|p1a: Conkeldurr|Knock Off|p2a: Gyarados
|-damage|p2a: Gyarados|32/100
|-enditem|p2a: Gyarados|Lum Berry|[from] move: Knock Off|[of] p1a: Conkeldurr
|
|-damage|p1a: Conkeldurr|46/100 brn|[from] brn
|upkeep
|turn|10
|
|t:|1659756256
|move|p1a: Conkeldurr|Mach Punch|p2a: Gyarados
|-resisted|p2a: Gyarados
|-damage|p2a: Gyarados|11/100
|move|p2a: Gyarados|Waterfall|p1a: Conkeldurr
|-damage|p1a: Conkeldurr|0 fnt
|faint|p1a: Conkeldurr
|-ability|p2a: Gyarados|Moxie|boost
|-boost|p2a: Gyarados|atk|1
|
|upkeep
|
|t:|1659756265
|switch|p1a: Gastrodon|Gastrodon, F|100/100
|turn|11
|
|t:|1659756271
|move|p2a: Gyarados|Power Whip|p1a: Gastrodon
|-supereffective|p1a: Gastrodon
|-damage|p1a: Gastrodon|0 fnt
|faint|p1a: Gastrodon
|-ability|p2a: Gyarados|Moxie|boost
|-boost|p2a: Gyarados|atk|1
|
|upkeep
|
|t:|1659756278
|switch|p1a: Nihilego|Nihilego, shiny|100/100
|turn|12
|inactive|Battle timer is ON: inactive players will automatically lose when time's up. (requested by Excelceite)
|
|t:|1659756339
|move|p1a: Nihilego|Psyshock|p2a: Gyarados
|-damage|p2a: Gyarados|0 fnt
|faint|p2a: Gyarados
|-ability|p1a: Nihilego|Beast Boost|boost
|-boost|p1a: Nihilego|spe|1
|
|upkeep
|
|t:|1659756343
|switch|p2a: Nihilego|Nihilego|100/100
|turn|13
|
|t:|1659756348
|move|p1a: Nihilego|Psyshock|p2a: Nihilego
|-supereffective|p2a: Nihilego
|-damage|p2a: Nihilego|22/100
|move|p2a: Nihilego|Meteor Beam||[still]
|-prepare|p2a: Nihilego|Meteor Beam
|-boost|p2a: Nihilego|spa|1
|-enditem|p2a: Nihilego|Power Herb
|-anim|p2a: Nihilego|Meteor Beam|p1a: Nihilego
|-damage|p1a: Nihilego|37/100
|
|upkeep
|turn|14
|
|t:|1659756358
|move|p1a: Nihilego|Psyshock|p2a: Nihilego
|-supereffective|p2a: Nihilego
|-damage|p2a: Nihilego|0 fnt
|faint|p2a: Nihilego
|-ability|p1a: Nihilego|Beast Boost|boost
|-boost|p1a: Nihilego|spe|1
|
|upkeep
|
|t:|1659756360
|switch|p2a: Salamence|Salamence, M|100/100
|turn|15
|
|t:|1659756367
|move|p1a: Nihilego|Meteor Beam||[still]
|-prepare|p1a: Nihilego|Meteor Beam
|-boost|p1a: Nihilego|spa|1
|-enditem|p1a: Nihilego|Power Herb
|-anim|p1a: Nihilego|Meteor Beam|p2a: Salamence
|-supereffective|p2a: Salamence
|-damage|p2a: Salamence|0 fnt
|faint|p2a: Salamence
|
|win|Excelceite
|raw|Excelceite's rating: 1228 &rarr; <strong>1269</strong><br />(+41 for winning)
|raw|Permission Slip's rating: 1480 &rarr; <strong>1448</strong><br />(-32 for losing)
|c|☆Permission Slip|gg
|l|☆Permission Slip
|c|☆Excelceite|Gg
||Ladder isn't responding, score probably updated but might not have (Request timeout).
