|inactive|Battle timer is ON: inactive players will automatically lose when time's up.
|j|☆Amane Misa
|j|☆Yves Stone
|t:|1633117165
|gametype|singles
|player|p1|Amane Misa|#amanemisa|
|player|p2|Yves Stone|steven-gen3|
|teamsize|p1|6
|teamsize|p2|6
|gen|8
|tier|[Gen 8] UU
|rated|Tournament battle
|rule|Sleep Clause Mod: Limit one foe put to sleep
|rule|Species Clause: Limit one of each Pokémon
|rule|OHKO Clause: OHKO moves are banned
|rule|Evasion Moves Clause: Evasion moves are banned
|rule|Endless Battle Clause: Forcing endless battles is banned
|rule|HP Percentage Mod: HP is shown in percentages
|rule|Dynamax Clause: You cannot dynamax
|rule|Blitz: Super-fast timer
|clearpoke
|poke|p1|Gigalith, F|
|poke|p1|Excadrill, M|
|poke|p1|Slowking, M|
|poke|p1|Hydreigon, F|
|poke|p1|Moltres|
|poke|p1|Amoonguss, M|
|poke|p2|Torkoal, M|
|poke|p2|Venusaur, F|
|poke|p2|Darmanitan, M|
|poke|p2|Charizard, M|
|poke|p2|Rhyperior, M|
|poke|p2|Gardevoir, M|
|teampreview
|j| congelateur-sama
|inactive|Amane Misa has 30 seconds left.
|inactive|Yves Stone has 30 seconds left.
|
|t:|1633117177
|start
|switch|p1a: Gigalith|Gigalith, F|100/100
|switch|p2a: Torkoal|Torkoal, M|100/100
|-weather|Sandstorm|[from] ability: Sand Stream|[of] p1a: Gigalith
|-weather|SunnyDay|[from] ability: Drought|[of] p2a: Torkoal
|turn|1
|inactive|Yves Stone has 10 seconds left.
|inactive|Amane Misa has 10 seconds left.
|
|t:|1633117188
|switch|p2a: Rhyperior|Rhyperior, M|100/100
|move|p1a: Gigalith|Stealth Rock|p2a: Rhyperior
|-sidestart|p2: Yves Stone|move: Stealth Rock
|
|-weather|SunnyDay|[upkeep]
|upkeep
|turn|2
|
|t:|1633117193
|switch|p1a: Slowking|Slowking, M|100/100
|move|p2a: Rhyperior|Stealth Rock|p1a: Slowking
|-sidestart|p1: Amane Misa|move: Stealth Rock
|
|-weather|SunnyDay|[upkeep]
|upkeep
|turn|3
|inactive|Amane Misa has 10 seconds left.
|inactive|Yves Stone has 10 seconds left.
|
|t:|1633117199
|move|p2a: Rhyperior|Earthquake|p1a: Slowking
|-damage|p1a: Slowking|70/100
|move|p1a: Slowking|Teleport|p1a: Slowking
|
|t:|1633117200
|switch|p1a: Gigalith|Gigalith, F|100/100|[from]move: Teleport
|-damage|p1a: Gigalith|88/100|[from] Stealth Rock
|-weather|Sandstorm|[from] ability: Sand Stream|[of] p1a: Gigalith
|
|-weather|Sandstorm|[upkeep]
|upkeep
|turn|4
|j| night on the road
|inactive|Yves Stone has 10 seconds left.
|
|t:|1633117206
|switch|p1a: Slowking|Slowking, M|100/100
|move|p2a: Rhyperior|Stone Edge|p1a: Slowking
|-damage|p1a: Slowking|68/100
|
|-weather|Sandstorm|[upkeep]
|-damage|p1a: Slowking|62/100|[from] Sandstorm
|upkeep
|turn|5
|l| night on the road
|inactive|Yves Stone has 10 seconds left.
|
|t:|1633117214
|move|p2a: Rhyperior|Earthquake|p1a: Slowking
|-damage|p1a: Slowking|29/100
|move|p1a: Slowking|Scald|p2a: Rhyperior
|-supereffective|p2a: Rhyperior
|-damage|p2a: Rhyperior|55/100
|
|-weather|Sandstorm|[upkeep]
|-damage|p1a: Slowking|23/100|[from] Sandstorm
|upkeep
|turn|6
|inactive|Yves Stone has 10 seconds left.
|
|t:|1633117222
|switch|p1a: Amoonguss|Amoonguss, M|100/100
|-damage|p1a: Amoonguss|88/100|[from] Stealth Rock
|move|p2a: Rhyperior|Stone Edge|p1a: Amoonguss
|-damage|p1a: Amoonguss|56/100
|
|-weather|Sandstorm|[upkeep]
|-damage|p1a: Amoonguss|50/100|[from] Sandstorm
|upkeep
|turn|7
|inactive|Yves Stone has 10 seconds left.
|
|t:|1633117231
|switch|p2a: Torkoal|Torkoal, M|100/100
|-damage|p2a: Torkoal|76/100|[from] Stealth Rock
|-weather|SunnyDay|[from] ability: Drought|[of] p2a: Torkoal
|move|p1a: Amoonguss|Giga Drain|p2a: Torkoal
|-resisted|p2a: Torkoal
|-crit|p2a: Torkoal
|-damage|p2a: Torkoal|52/100
|-heal|p1a: Amoonguss|60/100|[from] drain|[of] p2a: Torkoal
|
|-weather|SunnyDay|[upkeep]
|upkeep
|turn|8
|inactive|Yves Stone has 10 seconds left.
|
|t:|1633117238
|switch|p1a: Gigalith|Gigalith, F|88/100
|-damage|p1a: Gigalith|76/100|[from] Stealth Rock
|-weather|Sandstorm|[from] ability: Sand Stream|[of] p1a: Gigalith
|move|p2a: Torkoal|Rapid Spin|p1a: Gigalith
|-resisted|p1a: Gigalith
|-damage|p1a: Gigalith|73/100
|-boost|p2a: Torkoal|spe|1
|-sideend|p2: Yves Stone|Stealth Rock|[from] move: Rapid Spin|[of] p2a: Torkoal
|
|-weather|Sandstorm|[upkeep]
|-damage|p2a: Torkoal|45/100|[from] Sandstorm
|upkeep
|turn|9
|inactive|Yves Stone has 10 seconds left.
|
|t:|1633117243
|switch|p2a: Rhyperior|Rhyperior, M|55/100
|move|p1a: Gigalith|Stealth Rock|p2a: Rhyperior
|-sidestart|p2: Yves Stone|move: Stealth Rock
|
|-weather|Sandstorm|[upkeep]
|upkeep
|turn|10
|inactive|Yves Stone has 10 seconds left.
|
|t:|1633117249
|switch|p1a: Hydreigon|Hydreigon, F|100/100
|-damage|p1a: Hydreigon|88/100|[from] Stealth Rock
|move|p2a: Rhyperior|Earthquake|p1a: Hydreigon
|-immune|p1a: Hydreigon|[from] ability: Levitate
|
|-weather|Sandstorm|[upkeep]
|-damage|p1a: Hydreigon|82/100|[from] Sandstorm
|upkeep
|turn|11
|
|t:|1633117253
|move|p1a: Hydreigon|U-turn|p2a: Rhyperior
|-damage|p2a: Rhyperior|46/100
|
|t:|1633117255
|switch|p1a: Amoonguss|Amoonguss, M|93/100|[from]move: U-turn
|-damage|p1a: Amoonguss|80/100|[from] Stealth Rock
|move|p2a: Rhyperior|Sunny Day|p2a: Rhyperior
|-weather|SunnyDay
|
|-weather|SunnyDay|[upkeep]
|upkeep
|turn|12
|inactive|Yves Stone has 10 seconds left.
|
|t:|1633117261
|switch|p2a: Venusaur|Venusaur, F|100/100
|-damage|p2a: Venusaur|88/100|[from] Stealth Rock
|move|p1a: Amoonguss|Spore|p2a: Venusaur
|-immune|p2a: Venusaur
|
|-weather|SunnyDay|[upkeep]
|upkeep
|turn|13
|inactive|Yves Stone has 10 seconds left.
|
|t:|1633117267
|move|p2a: Venusaur|Sludge Bomb|p1a: Amoonguss
|-damage|p1a: Amoonguss|33/100
|-damage|p2a: Venusaur|78/100|[from] item: Life Orb
|move|p1a: Amoonguss|Foul Play|p2a: Venusaur
|-damage|p2a: Venusaur|58/100
|
|-weather|SunnyDay|[upkeep]
|upkeep
|turn|14
|inactive|Amane Misa has 10 seconds left.
|
|t:|1633117274
|switch|p1a: Gigalith|Gigalith, F|73/100
|-damage|p1a: Gigalith|61/100|[from] Stealth Rock
|-weather|Sandstorm|[from] ability: Sand Stream|[of] p1a: Gigalith
|move|p2a: Venusaur|Sludge Bomb|p1a: Gigalith
|-resisted|p1a: Gigalith
|-crit|p1a: Gigalith
|-damage|p1a: Gigalith|39/100
|-status|p1a: Gigalith|psn
|-damage|p2a: Venusaur|48/100|[from] item: Life Orb
|
|-weather|Sandstorm|[upkeep]
|-damage|p2a: Venusaur|42/100|[from] Sandstorm
|-damage|p1a: Gigalith|27/100 psn|[from] psn
|upkeep
|turn|15
|inactive|Yves Stone has 10 seconds left.
|
|t:|1633117280
|switch|p1a: Hydreigon|Hydreigon, F|82/100
|-damage|p1a: Hydreigon|70/100|[from] Stealth Rock
|move|p2a: Venusaur|Giga Drain|p1a: Hydreigon
|-resisted|p1a: Hydreigon
|-damage|p1a: Hydreigon|43/100
|-heal|p2a: Venusaur|57/100|[from] drain|[of] p1a: Hydreigon
|-damage|p2a: Venusaur|47/100|[from] item: Life Orb
|
|-weather|Sandstorm|[upkeep]
|-damage|p1a: Hydreigon|37/100|[from] Sandstorm
|-damage|p2a: Venusaur|41/100|[from] Sandstorm
|upkeep
|turn|16
|inactive|Yves Stone has 10 seconds left.
|
|t:|1633117286
|switch|p2a: Torkoal|Torkoal, M|45/100
|-damage|p2a: Torkoal|21/100|[from] Stealth Rock
|-weather|SunnyDay|[from] ability: Drought|[of] p2a: Torkoal
|move|p1a: Hydreigon|U-turn|p2a: Torkoal
|-resisted|p2a: Torkoal
|-damage|p2a: Torkoal|16/100
|
|t:|1633117289
|switch|p1a: Excadrill|Excadrill, M|100/100|[from]move: U-turn
|-damage|p1a: Excadrill|97/100|[from] Stealth Rock
|
|-weather|SunnyDay|[upkeep]
|-heal|p1a: Excadrill|100/100|[from] item: Leftovers
|upkeep
|turn|17
|
|t:|1633117293
|move|p1a: Excadrill|Earthquake|p2a: Torkoal
|-supereffective|p2a: Torkoal
|-damage|p2a: Torkoal|0 fnt
|faint|p2a: Torkoal
|
|-weather|SunnyDay|[upkeep]
|upkeep
|inactive|Yves Stone has 10 seconds left.
|
|t:|1633117299
|switch|p2a: Charizard|Charizard, M|100/100
|-damage|p2a: Charizard|51/100|[from] Stealth Rock
|turn|18
|inactive|Yves Stone has 10 seconds left.
|
|t:|1633117305
|switch|p1a: Gigalith|Gigalith, F|27/100 psn
|-damage|p1a: Gigalith|14/100 psn|[from] Stealth Rock
|-weather|Sandstorm|[from] ability: Sand Stream|[of] p1a: Gigalith
|move|p2a: Charizard|Flamethrower|p1a: Gigalith
|-resisted|p1a: Gigalith
|-damage|p1a: Gigalith|0 fnt
|faint|p1a: Gigalith
|
|-weather|Sandstorm|[upkeep]
|-damage|p2a: Charizard|45/100|[from] Sandstorm
|upkeep
|
|t:|1633117309
|switch|p1a: Slowking|Slowking, M|56/100
|turn|19
|inactive|Yves Stone has 10 seconds left.
|
|t:|1633117314
|move|p2a: Charizard|Flamethrower|p1a: Slowking
|-resisted|p1a: Slowking
|-damage|p1a: Slowking|30/100
|move|p1a: Slowking|Teleport|p1a: Slowking
|
|t:|1633117318
|switch|p1a: Excadrill|Excadrill, M|100/100|[from]move: Teleport
|-damage|p1a: Excadrill|97/100|[from] Stealth Rock
|
|-weather|Sandstorm|[upkeep]
|-damage|p2a: Charizard|39/100|[from] Sandstorm
|-heal|p1a: Excadrill|100/100|[from] item: Leftovers
|upkeep
|turn|20
|inactive|Yves Stone has 10 seconds left.
|
|t:|1633117328
|switch|p1a: Slowking|Slowking, M|63/100
|move|p2a: Charizard|Flamethrower|p1a: Slowking
|-resisted|p1a: Slowking
|-damage|p1a: Slowking|38/100
|
|-weather|Sandstorm|[upkeep]
|-damage|p2a: Charizard|32/100|[from] Sandstorm
|-damage|p1a: Slowking|31/100|[from] Sandstorm
|upkeep
|turn|21
|
|t:|1633117332
|move|p2a: Charizard|Flamethrower|p1a: Slowking
|-resisted|p1a: Slowking
|-damage|p1a: Slowking|7/100
|-status|p1a: Slowking|brn
|move|p1a: Slowking|Teleport|p1a: Slowking
|
|t:|1633117336
|switch|p1a: Excadrill|Excadrill, M|100/100|[from]move: Teleport
|-damage|p1a: Excadrill|97/100|[from] Stealth Rock
|
|-weather|Sandstorm|[upkeep]
|-damage|p2a: Charizard|26/100|[from] Sandstorm
|-heal|p1a: Excadrill|100/100|[from] item: Leftovers
|upkeep
|turn|22
|inactive|Yves Stone has 10 seconds left.
|
|t:|1633117342
|move|p1a: Excadrill|Iron Head|p2a: Charizard
|-resisted|p2a: Charizard
|-damage|p2a: Charizard|0 fnt
|faint|p2a: Charizard
|
|-weather|Sandstorm|[upkeep]
|upkeep
|inactive|Yves Stone has 10 seconds left.
|
|t:|1633117348
|switch|p2a: Gardevoir|Gardevoir, M|100/100
|-damage|p2a: Gardevoir|88/100|[from] Stealth Rock
|-ability|p2a: Gardevoir|Sand Rush|[from] ability: Trace|[of] p1a: Excadrill
|turn|23
|inactive|Yves Stone has 10 seconds left.
|inactive|Yves Stone has 5 seconds left.
|
|t:|1633117362
|switch|p1a: Moltres|Moltres|100/100
|move|p2a: Gardevoir|Healing Wish|p2a: Gardevoir
|faint|p2a: Gardevoir
|
|-weather|Sandstorm|[upkeep]
|-damage|p1a: Moltres|94/100|[from] Sandstorm
|upkeep
|inactive|Yves Stone has 10 seconds left this turn.
|
|t:|1633117366
|switch|p2a: Rhyperior|Rhyperior, M|46/100
|-heal|p2a: Rhyperior|100/100|[from] move: Healing Wish
|-damage|p2a: Rhyperior|94/100|[from] Stealth Rock
|turn|24
|inactive|Yves Stone has 10 seconds left.
|
|t:|1633117372
|move|p1a: Moltres|U-turn|p2a: Rhyperior
|-damage|p2a: Rhyperior|85/100
|
|t:|1633117374
|switch|p1a: Slowking|Slowking, M|40/100 brn|[from]move: U-turn
|move|p2a: Rhyperior|Sunny Day|p2a: Rhyperior
|-weather|SunnyDay
|
|-weather|SunnyDay|[upkeep]
|-damage|p1a: Slowking|34/100 brn|[from] brn
|upkeep
|turn|25
|inactive|Amane Misa has 10 seconds left.
|inactive|Yves Stone has 10 seconds left.
|
|t:|1633117383
|switch|p2a: Venusaur|Venusaur, F|41/100
|-damage|p2a: Venusaur|28/100|[from] Stealth Rock
|switch|p1a: Amoonguss|Amoonguss, M|67/100
|-damage|p1a: Amoonguss|54/100|[from] Stealth Rock
|
|-weather|SunnyDay|[upkeep]
|upkeep
|turn|26
|inactive|Yves Stone has 10 seconds left.
|
|t:|1633117388
|move|p2a: Venusaur|Weather Ball|p1a: Amoonguss
|-supereffective|p1a: Amoonguss
|-damage|p1a: Amoonguss|0 fnt
|faint|p1a: Amoonguss
|-damage|p2a: Venusaur|18/100|[from] item: Life Orb
|
|-weather|SunnyDay|[upkeep]
|upkeep
|
|t:|1633117390
|switch|p1a: Moltres|Moltres|94/100
|turn|27
|inactive|Yves Stone has 10 seconds left.
|inactive|Yves Stone has 5 seconds left.
|-message|Yves Stone lost due to inactivity.
|
|win|Amane Misa
|n|☆Amane Misa|amanemisa
|n|☆Yves Stone|yvesstone
|n| congelateur-sama|congelateursama
