|j|☆Moxem
|j|☆DarkHorse344
|t:|1663700647
|gametype|singles
|player|p1|Moxem|dragontamer|1041
|player|p2|DarkHorse344|brendan-gen3rs|1000
|teamsize|p1|6
|teamsize|p2|6
|gen|8
|tier|[Gen 8] UU
|rated|
|rule|Sleep Clause Mod: Limit one foe put to sleep
|rule|Species Clause: Limit one of each Pokémon
|rule|OHKO Clause: OHKO moves are banned
|rule|Evasion Items Clause: Evasion items are banned
|rule|Evasion Moves Clause: Evasion moves are banned
|rule|Endless Battle Clause: Forcing endless battles is banned
|rule|HP Percentage Mod: HP is shown in percentages
|rule|Dynamax Clause: You cannot dynamax
|clearpoke
|poke|p1|Gyarados, M|
|poke|p1|Lycanroc-Dusk, M|
|poke|p1|Krookodile, M|
|poke|p1|Scolipede, M|
|poke|p1|Dusknoir, M|
|poke|p1|Sylveon, M|
|poke|p2|Azelf|
|poke|p2|Hydreigon, F|
|poke|p2|Hippowdon, F|
|poke|p2|Cobalion|
|poke|p2|Tangrowth, F|
|poke|p2|Crobat, F|
|teampreview
|inactive|Battle timer is ON: inactive players will automatically lose when time's up. (requested by Moxem)
|
|t:|1663700675
|start
|switch|p1a: Lycanroc|Lycanroc-Dusk, M, shiny|100/100
|switch|p2a: Hippowdon|Hippowdon, F|100/100
|-weather|Sandstorm|[from] ability: Sand Stream|[of] p2a: Hippowdon
|turn|1
|
|t:|1663700689
|switch|p1a: Scolipede|Scolipede, M, shiny|100/100
|move|p2a: Hippowdon|Stealth Rock|p1a: Scolipede
|-sidestart|p1: Moxem|move: Stealth Rock
|
|-weather|Sandstorm|[upkeep]
|-damage|p1a: Scolipede|94/100|[from] Sandstorm
|upkeep
|turn|2
|
|t:|1663700696
|move|p1a: Scolipede|Spikes|p2a: Hippowdon
|-sidestart|p2: DarkHorse344|Spikes
|move|p2a: Hippowdon|Earthquake|p1a: Scolipede
|-damage|p1a: Scolipede|36/100
|
|-weather|Sandstorm|[upkeep]
|-damage|p1a: Scolipede|30/100|[from] Sandstorm
|-ability|p1a: Scolipede|Speed Boost|boost
|-boost|p1a: Scolipede|spe|1
|upkeep
|turn|3
|
|t:|1663700701
|move|p1a: Scolipede|Toxic Spikes|p2a: Hippowdon
|-sidestart|p2: DarkHorse344|move: Toxic Spikes
|move|p2a: Hippowdon|Earthquake|p1a: Scolipede
|-damage|p1a: Scolipede|0 fnt
|faint|p1a: Scolipede
|
|-weather|Sandstorm|[upkeep]
|upkeep
|
|t:|1663700711
|switch|p1a: Gyarados|Gyarados, M, shiny|100/100
|-damage|p1a: Gyarados|76/100|[from] Stealth Rock
|turn|4
|
|t:|1663700736
|switch|p1a: Sylveon|Sylveon, M, shiny|100/100
|-damage|p1a: Sylveon|88/100|[from] Stealth Rock
|switch|p2a: Hydreigon|Hydreigon, F|100/100
|
|-weather|Sandstorm|[upkeep]
|-damage|p2a: Hydreigon|94/100|[from] Sandstorm
|-damage|p1a: Sylveon|82/100|[from] Sandstorm
|upkeep
|turn|5
|
|t:|1663700746
|switch|p2a: Crobat|Crobat, F|100/100
|move|p1a: Sylveon|Hyper Voice|p2a: Crobat
|-resisted|p2a: Crobat
|-damage|p2a: Crobat|61/100
|
|-weather|none
|upkeep
|turn|6
|
|t:|1663700757
|switch|p1a: Krookodile|Krookodile, M, shiny|100/100
|-damage|p1a: Krookodile|94/100|[from] Stealth Rock
|-ability|p1a: Krookodile|Intimidate|boost
|-fail|p2a: Crobat|unboost|Attack|[from] ability: Inner Focus|[of] p2a: Crobat
|move|p2a: Crobat|Defog|p1a: Krookodile
|-unboost|p1a: Krookodile|evasion|1
|-sideend|p1: Moxem|Stealth Rock|[from] move: Defog|[of] p2a: Crobat
|-sideend|p2: DarkHorse344|Spikes|[from] move: Defog|[of] p2a: Crobat
|-sideend|p2: DarkHorse344|Toxic Spikes|[from] move: Defog|[of] p2a: Crobat
|
|upkeep
|turn|7
|
|t:|1663700764
|move|p2a: Crobat|U-turn|p1a: Krookodile
|-supereffective|p1a: Krookodile
|-damage|p1a: Krookodile|47/100
|
|t:|1663700773
|switch|p2a: Cobalion|Cobalion|100/100|[from]move: U-turn
|move|p1a: Krookodile|Bulk Up|p1a: Krookodile
|-boost|p1a: Krookodile|atk|1
|-boost|p1a: Krookodile|def|1
|
|upkeep
|turn|8
|
|t:|1663700780
|move|p2a: Cobalion|Close Combat|p1a: Krookodile
|-supereffective|p1a: Krookodile
|-damage|p1a: Krookodile|0 fnt
|-unboost|p2a: Cobalion|def|1
|-unboost|p2a: Cobalion|spd|1
|faint|p1a: Krookodile
|
|upkeep
|
|t:|1663700786
|switch|p1a: Lycanroc|Lycanroc-Dusk, M, shiny|100/100
|turn|9
|
|t:|1663700795
|switch|p2a: Tangrowth|Tangrowth, F|100/100
|move|p1a: Lycanroc|Accelerock|p2a: Tangrowth
|-damage|p2a: Tangrowth|73/100
|
|upkeep
|turn|10
|
|t:|1663700802
|switch|p1a: Dusknoir|Dusknoir, M, shiny|100/100
|-ability|p1a: Dusknoir|Pressure
|move|p2a: Tangrowth|Power Whip|p1a: Dusknoir|[miss]
|-miss|p2a: Tangrowth|p1a: Dusknoir
|
|upkeep
|turn|11
|
|t:|1663700809
|move|p1a: Dusknoir|Will-O-Wisp|p2a: Tangrowth|[miss]
|-miss|p1a: Dusknoir|p2a: Tangrowth
|move|p2a: Tangrowth|Knock Off|p1a: Dusknoir
|-supereffective|p1a: Dusknoir
|-damage|p1a: Dusknoir|72/100
|-enditem|p1a: Dusknoir|Leftovers|[from] move: Knock Off|[of] p2a: Tangrowth
|
|upkeep
|turn|12
|
|t:|1663700814
|switch|p2a: Hydreigon|Hydreigon, F|94/100
|move|p1a: Dusknoir|Will-O-Wisp|p2a: Hydreigon
|-status|p2a: Hydreigon|brn
|
|-damage|p2a: Hydreigon|88/100 brn|[from] brn
|upkeep
|turn|13
|
|t:|1663700824
|switch|p1a: Gyarados|Gyarados, M, shiny|76/100
|move|p2a: Hydreigon|Dark Pulse|p1a: Gyarados
|-damage|p1a: Gyarados|30/100
|
|-damage|p2a: Hydreigon|82/100 brn|[from] brn
|upkeep
|turn|14
|
|t:|1663700830
|move|p2a: Hydreigon|Dark Pulse|p1a: Gyarados
|-damage|p1a: Gyarados|0 fnt
|faint|p1a: Gyarados
|
|-damage|p2a: Hydreigon|76/100 brn|[from] brn
|upkeep
|
|t:|1663700833
|switch|p1a: Sylveon|Sylveon, M, shiny|82/100
|turn|15
|
|t:|1663700840
|switch|p2a: Tangrowth|Tangrowth, F|100/100
|move|p1a: Sylveon|Calm Mind|p1a: Sylveon
|-boost|p1a: Sylveon|spa|1
|-boost|p1a: Sylveon|spd|1
|
|upkeep
|turn|16
|
|t:|1663700844
|move|p1a: Sylveon|Mystical Fire|p2a: Tangrowth
|-supereffective|p2a: Tangrowth
|-damage|p2a: Tangrowth|58/100
|-unboost|p2a: Tangrowth|spa|1
|move|p2a: Tangrowth|Power Whip|p1a: Sylveon
|-damage|p1a: Sylveon|26/100
|
|upkeep
|turn|17
|
|t:|1663700855
|move|p1a: Sylveon|Hyper Voice|p2a: Tangrowth
|-damage|p2a: Tangrowth|6/100
|move|p2a: Tangrowth|Power Whip|p1a: Sylveon
|-damage|p1a: Sylveon|0 fnt
|faint|p1a: Sylveon
|
|upkeep
|-message|Moxem forfeited.
|
|win|DarkHorse344
|raw|Moxem's rating: 1041 &rarr; <strong>1023</strong><br />(-18 for losing)
|raw|DarkHorse344's rating: 1000 &rarr; <strong>1045</strong><br />(+45 for winning)
