|j|☆Whole Lotta Bread
|j|☆yungtoasterbread
|t:|1656639584
|gametype|singles
|player|p1|Whole Lotta Bread|roughneck-gen4|1515
|player|p2|yungtoasterbread|bruno|1537
|teamsize|p1|6
|teamsize|p2|6
|gen|8
|tier|[Gen 8] UU
|rated|
|rule|Sleep Clause Mod: Limit one foe put to sleep
|rule|Species Clause: Limit one of each Pokémon
|rule|OHKO Clause: OHKO moves are banned
|rule|Evasion Moves Clause: Evasion moves are banned
|rule|Endless Battle Clause: Forcing endless battles is banned
|rule|HP Percentage Mod: HP is shown in percentages
|rule|Dynamax Clause: You cannot dynamax
|clearpoke
|poke|p1|Hippowdon, F|
|poke|p1|Amoonguss, M|
|poke|p1|Slowbro-Galar, M|
|poke|p1|Moltres|
|poke|p1|Obstagoon, M|
|poke|p1|Azumarill, F|
|poke|p2|Zoroark, F|
|poke|p2|Primarina, M|
|poke|p2|Nidoking, M|
|poke|p2|Moltres|
|poke|p2|Slowking, M|
|poke|p2|Scizor, F|
|teampreview
|inactive|Battle timer is ON: inactive players will automatically lose when time's up. (requested by Whole Lotta Bread)
|inactive|yungtoasterbread has 120 seconds left.
|
|t:|1656639623
|start
|switch|p1a: Hippowdon|Hippowdon, F|100/100
|switch|p2a: Primarina|Primarina, M|100/100
|-weather|Sandstorm|[from] ability: Sand Stream|[of] p1a: Hippowdon
|turn|1
|
|t:|1656639631
|switch|p1a: Amoonguss|Amoonguss, M, shiny|100/100
|move|p2a: Primarina|Scald|p1a: Amoonguss
|-resisted|p1a: Amoonguss
|-damage|p1a: Amoonguss|70/100
|-status|p1a: Amoonguss|brn
|
|-weather|Sandstorm|[upkeep]
|-damage|p2a: Primarina|95/100|[from] Sandstorm
|-damage|p1a: Amoonguss|64/100 brn|[from] Sandstorm
|-damage|p1a: Amoonguss|57/100 brn|[from] brn
|upkeep
|turn|2
|
|t:|1656639646
|switch|p2a: Moltres|Moltres|100/100
|move|p1a: Amoonguss|Spore|p2a: Moltres
|-status|p2a: Moltres|slp|[from] move: Spore
|
|-weather|Sandstorm|[upkeep]
|-damage|p2a: Moltres|94/100 slp|[from] Sandstorm
|-damage|p1a: Amoonguss|51/100 brn|[from] Sandstorm
|-damage|p1a: Amoonguss|45/100 brn|[from] brn
|upkeep
|turn|3
|
|t:|1656639654
|switch|p2a: Primarina|Primarina, M|95/100
|switch|p1a: Hippowdon|Hippowdon, F|100/100
|
|-weather|Sandstorm|[upkeep]
|-damage|p2a: Primarina|89/100|[from] Sandstorm
|upkeep
|turn|4
|inactive|Whole Lotta Bread has 120 seconds left.
|
|t:|1656639710
|switch|p1a: Amoonguss|Amoonguss, M, shiny|78/100 brn
|move|p2a: Primarina|Hydro Pump|p1a: Amoonguss
|-resisted|p1a: Amoonguss
|-damage|p1a: Amoonguss|33/100 brn
|
|-weather|Sandstorm|[upkeep]
|-damage|p2a: Primarina|83/100|[from] Sandstorm
|-damage|p1a: Amoonguss|27/100 brn|[from] Sandstorm
|-damage|p1a: Amoonguss|20/100 brn|[from] brn
|upkeep
|turn|5
|
|t:|1656639717
|switch|p1a: Slowbro|Slowbro-Galar, M|100/100
|move|p2a: Primarina|Hydro Pump|p1a: Slowbro
|-damage|p1a: Slowbro|46/100
|
|-weather|none
|upkeep
|turn|6
|
|t:|1656639723
|move|p2a: Primarina|Hydro Pump|p1a: Slowbro
|-damage|p1a: Slowbro|0 fnt
|faint|p1a: Slowbro
|
|upkeep
|
|t:|1656639725
|switch|p1a: Azumarill|Azumarill, F, shiny|100/100
|turn|7
|
|t:|1656639737
|switch|p2a: Scizor|Scizor, F|100/100
|move|p1a: Azumarill|Liquidation|p2a: Scizor
|-damage|p2a: Scizor|7/100
|
|upkeep
|turn|8
|inactive|Whole Lotta Bread has 120 seconds left.
|
|t:|1656639762
|move|p2a: Scizor|Dual Wingbeat|p1a: Azumarill
|-damage|p1a: Azumarill|60/100
|-damage|p1a: Azumarill|15/100
|-hitcount|p1a: Azumarill|2
|move|p1a: Azumarill|Liquidation|p2a: Scizor
|-damage|p2a: Scizor|0 fnt
|faint|p2a: Scizor
|
|upkeep
|
|t:|1656639777
|switch|p2a: Primarina|Primarina, M|83/100
|turn|9
|inactive|Whole Lotta Bread has 120 seconds left.
|inactive|Whole Lotta Bread has 90 seconds left.
|
|t:|1656639815
|move|p2a: Primarina|Scald|p1a: Azumarill
|-resisted|p1a: Azumarill
|-damage|p1a: Azumarill|0 fnt
|faint|p1a: Azumarill
|
|upkeep
|
|t:|1656639817
|switch|p1a: Amoonguss|Amoonguss, M, shiny|54/100 brn
|turn|10
|
|t:|1656639828
|switch|p2a: Slowking|Slowking, M|100/100
|switch|p1a: Obstagoon|Obstagoon, M|100/100
|
|-status|p1a: Obstagoon|brn|[from] item: Flame Orb
|upkeep
|turn|11
|inactive|yungtoasterbread has 120 seconds left.
|
|t:|1656639863
|move|p1a: Obstagoon|Knock Off|p2a: Slowking
|-supereffective|p2a: Slowking
|-damage|p2a: Slowking|12/100
|-enditem|p2a: Slowking|Leftovers|[from] move: Knock Off|[of] p1a: Obstagoon
|move|p2a: Slowking|Scald|p1a: Obstagoon
|-damage|p1a: Obstagoon|65/100 brn
|
|-damage|p1a: Obstagoon|59/100 brn|[from] brn
|upkeep
|turn|12
|
|t:|1656639877
|move|p1a: Obstagoon|Facade|p2a: Slowking
|-damage|p2a: Slowking|0 fnt
|faint|p2a: Slowking
|
|-damage|p1a: Obstagoon|52/100 brn|[from] brn
|upkeep
|inactive|yungtoasterbread has 120 seconds left.
|
|t:|1656639896
|switch|p2a: Nidoking|Nidoking, M|100/100
|turn|13
|inactive|yungtoasterbread has 120 seconds left.
|
|t:|1656639903
|move|p2a: Nidoking|Low Kick|p1a: Obstagoon
|-supereffective|p1a: Obstagoon
|-damage|p1a: Obstagoon|0 fnt
|faint|p1a: Obstagoon
|
|upkeep
|
|t:|1656639911
|switch|p1a: Moltres|Moltres|100/100
|turn|14
|
|t:|1656639915
|move|p2a: Nidoking|Swords Dance|p2a: Nidoking
|-boost|p2a: Nidoking|atk|2
|move|p1a: Moltres|Hurricane|p2a: Nidoking
|-damage|p2a: Nidoking|0 fnt
|replace|p2a: Zoroark|Zoroark, F, shiny
|-end|p2a: Zoroark|Illusion
|faint|p2a: Zoroark
|
|upkeep
|
|t:|1656639917
|switch|p2a: Primarina|Primarina, M|83/100
|turn|15
|
|t:|1656639925
|switch|p1a: Amoonguss|Amoonguss, M, shiny|87/100 brn
|move|p2a: Primarina|Hydro Pump|p1a: Amoonguss
|-resisted|p1a: Amoonguss
|-damage|p1a: Amoonguss|43/100 brn
|
|-damage|p1a: Amoonguss|37/100 brn|[from] brn
|upkeep
|turn|16
|
|t:|1656639950
|move|p2a: Primarina|Hydro Pump|p1a: Amoonguss
|-resisted|p1a: Amoonguss
|-damage|p1a: Amoonguss|0 fnt
|faint|p1a: Amoonguss
|
|upkeep
|inactive|Whole Lotta Bread has 120 seconds left.
|
|t:|1656639979
|switch|p1a: Moltres|Moltres|100/100
|turn|17
|
|t:|1656639998
|switch|p2a: Moltres|Moltres|94/100 slp
|move|p1a: Moltres|Hurricane|p2a: Moltres
|-damage|p2a: Moltres|39/100 slp
|-start|p2a: Moltres|confusion
|
|upkeep
|turn|18
|inactive|Whole Lotta Bread has 120 seconds left.
|
|t:|1656640014
|move|p1a: Moltres|Hurricane|p2a: Moltres
|-damage|p2a: Moltres|0 fnt
|faint|p2a: Moltres
|
|upkeep
|inactive|yungtoasterbread has 120 seconds left.
|
|t:|1656640051
|switch|p2a: Primarina|Primarina, M|83/100
|turn|19
|
|t:|1656640065
|move|p1a: Moltres|Hurricane|p2a: Primarina
|-damage|p2a: Primarina|30/100
|move|p2a: Primarina|Scald|p1a: Moltres
|-supereffective|p1a: Moltres
|-damage|p1a: Moltres|0 fnt
|faint|p1a: Moltres
|
|upkeep
|
|t:|1656640070
|switch|p1a: Hippowdon|Hippowdon, F|100/100
|-weather|Sandstorm|[from] ability: Sand Stream|[of] p1a: Hippowdon
|turn|20
|
|t:|1656640075
|move|p2a: Primarina|Scald|p1a: Hippowdon
|-supereffective|p1a: Hippowdon
|-damage|p1a: Hippowdon|0 fnt
|faint|p1a: Hippowdon
|
|win|yungtoasterbread
|raw|Whole Lotta Bread's rating: 1542 &rarr; <strong>1522</strong><br />(-20 for losing)
|raw|yungtoasterbread's rating: 1537 &rarr; <strong>1557</strong><br />(+20 for winning)
|c|☆Whole Lotta Bread|gg
|c|☆yungtoasterbread|gg
