|j|☆Low Ladder Terror
|j|☆lizardboat
|t:|1607396647
|player|p1|Low Ladder Terror|teamrocket|1688
|player|p2|lizardboat|richboy|1435
|teamsize|p1|6
|teamsize|p2|6
|gametype|singles
|gen|8
|tier|[Gen 8] UU
|rated|
|clearpoke
|poke|p1|Whimsicott, M|
|poke|p1|Latias, F|
|poke|p1|Toxtricity, M|
|poke|p1|Blaziken, M|
|poke|p1|Gyarados, F|
|poke|p1|Diancie|
|poke|p2|Tapu Bulu|
|poke|p2|Tentacruel, F|
|poke|p2|Rotom-Heat|
|poke|p2|Obstagoon, F|
|poke|p2|Mew|
|poke|p2|Zygarde-10%|
|rule|Sleep Clause Mod: Limit one foe put to sleep
|rule|Species Clause: Limit one of each Pokémon
|rule|OHKO Clause: OHKO moves are banned
|rule|Evasion Moves Clause: Evasion moves are banned
|rule|Endless Battle Clause: Forcing endless battles is banned
|rule|HP Percentage Mod: HP is shown in percentages
|rule|Dynamax Clause: You cannot dynamax
|teampreview
|inactive|Battle timer is ON: inactive players will automatically lose when time's up. (requested by Low Ladder Terror)
|inactive|Low Ladder Terror has 120 seconds left.
|inactive|lizardboat has 120 seconds left.
|
|t:|1607396696
|start
|switch|p1a: Whimsicott|Whimsicott, M|100/100
|switch|p2a: Rotom|Rotom-Heat|100/100
|turn|1
|
|t:|1607396702
|move|p1a: Whimsicott|U-turn|p2a: Rotom
|-resisted|p2a: Rotom
|-damage|p2a: Rotom|93/100
|
|t:|1607396705
|switch|p1a: Diancie|Diancie, shiny|100/100|[from]move: U-turn
|move|p2a: Rotom|Volt Switch|p1a: Diancie
|-damage|p1a: Diancie|80/100
|
|t:|1607396714
|switch|p2a: Tapu Bulu|Tapu Bulu|100/100|[from]move: Volt Switch
|-fieldstart|move: Grassy Terrain|[from] ability: Grassy Surge|[of] p2a: Tapu Bulu
|
|-heal|p1a: Diancie|86/100|[from] item: Leftovers
|-heal|p1a: Diancie|92/100|[from] Grassy Terrain
|upkeep
|turn|2
|j| GETTIN BIG ON EM
|
|t:|1607396733
|switch|p1a: Toxtricity|Toxtricity, M|100/100
|move|p2a: Tapu Bulu|Wood Hammer|p1a: Toxtricity
|-resisted|p1a: Toxtricity
|-damage|p1a: Toxtricity|32/100
|-damage|p2a: Tapu Bulu|77/100|[from] Recoil
|
|-heal|p2a: Tapu Bulu|83/100|[from] Grassy Terrain
|-heal|p1a: Toxtricity|38/100|[from] Grassy Terrain
|upkeep
|turn|3
|
|t:|1607396757
|move|p2a: Tapu Bulu|Wood Hammer|p1a: Toxtricity
|-resisted|p1a: Toxtricity
|-damage|p1a: Toxtricity|0 fnt
|-damage|p2a: Tapu Bulu|70/100|[from] Recoil
|faint|p1a: Toxtricity
|
|-heal|p2a: Tapu Bulu|76/100|[from] Grassy Terrain
|upkeep
|
|t:|1607396766
|switch|p1a: Blaziken|Blaziken, M|100/100
|turn|4
|
|t:|1607396773
|move|p2a: Tapu Bulu|Wood Hammer|p1a: Blaziken
|-resisted|p1a: Blaziken
|-damage|p1a: Blaziken|40/100
|-damage|p2a: Tapu Bulu|55/100|[from] Recoil
|move|p1a: Blaziken|Swords Dance|p1a: Blaziken
|-boost|p1a: Blaziken|atk|2
|
|-heal|p2a: Tapu Bulu|61/100|[from] Grassy Terrain
|-heal|p1a: Blaziken|46/100|[from] Grassy Terrain
|-ability|p1a: Blaziken|Speed Boost|boost
|-boost|p1a: Blaziken|spe|1
|upkeep
|turn|5
|
|t:|1607396784
|move|p1a: Blaziken|Close Combat|p2a: Tapu Bulu
|-resisted|p2a: Tapu Bulu
|-damage|p2a: Tapu Bulu|0 fnt
|-unboost|p1a: Blaziken|def|1
|-unboost|p1a: Blaziken|spd|1
|-damage|p1a: Blaziken|36/100|[from] item: Life Orb
|faint|p2a: Tapu Bulu
|
|-heal|p1a: Blaziken|42/100|[from] Grassy Terrain
|-fieldend|move: Grassy Terrain
|-ability|p1a: Blaziken|Speed Boost|boost
|-boost|p1a: Blaziken|spe|1
|upkeep
|
|t:|1607396795
|switch|p2a: Zygarde|Zygarde-10%|100/100
|-ability|p2a: Zygarde|Aura Break
|turn|6
|
|t:|1607396803
|switch|p1a: Diancie|Diancie, shiny|92/100
|move|p2a: Zygarde|Thousand Arrows|p1a: Diancie
|-supereffective|p1a: Diancie
|-damage|p1a: Diancie|9/100
|
|-heal|p1a: Diancie|16/100|[from] item: Leftovers
|upkeep
|turn|7
|
|t:|1607396811
|switch|p1a: Whimsicott|Whimsicott, M|100/100
|move|p2a: Zygarde|Thousand Arrows|p1a: Whimsicott
|-resisted|p1a: Whimsicott
|-damage|p1a: Whimsicott|62/100
|
|-heal|p1a: Whimsicott|68/100|[from] item: Leftovers
|upkeep
|turn|8
|
|t:|1607396818
|switch|p2a: Rotom|Rotom-Heat|93/100
|move|p1a: Whimsicott|U-turn|p2a: Rotom
|-resisted|p2a: Rotom
|-damage|p2a: Rotom|87/100
|
|t:|1607396825
|switch|p1a: Diancie|Diancie, shiny|16/100|[from]move: U-turn
|
|-heal|p1a: Diancie|22/100|[from] item: Leftovers
|upkeep
|turn|9
|
|t:|1607396835
|move|p2a: Rotom|Volt Switch|p1a: Diancie
|-damage|p1a: Diancie|1/100
|
|t:|1607396839
|switch|p2a: Tentacruel|Tentacruel, F|100/100|[from]move: Volt Switch
|move|p1a: Diancie|Stealth Rock|p2a: Tentacruel
|-sidestart|p2: lizardboat|move: Stealth Rock
|
|-heal|p1a: Diancie|7/100|[from] item: Leftovers
|upkeep
|turn|10
|
|t:|1607396853
|move|p2a: Tentacruel|Toxic Spikes|p1a: Diancie
|-sidestart|p1: Low Ladder Terror|move: Toxic Spikes
|move|p1a: Diancie|Stealth Rock||[still]
|-fail|p1a: Diancie
|
|-heal|p1a: Diancie|13/100|[from] item: Leftovers
|upkeep
|turn|11
|
|t:|1607396865
|move|p2a: Tentacruel|Rapid Spin|p1a: Diancie
|-resisted|p1a: Diancie
|-damage|p1a: Diancie|11/100
|-boost|p2a: Tentacruel|spe|1
|-sideend|p2: lizardboat|Stealth Rock|[from] move: Rapid Spin|[of] p2a: Tentacruel
|move|p1a: Diancie|Stealth Rock|p2a: Tentacruel
|-sidestart|p2: lizardboat|move: Stealth Rock
|
|-heal|p1a: Diancie|17/100|[from] item: Leftovers
|upkeep
|turn|12
|
|t:|1607396873
|move|p2a: Tentacruel|Rapid Spin|p1a: Diancie
|-resisted|p1a: Diancie
|-damage|p1a: Diancie|15/100
|-boost|p2a: Tentacruel|spe|1
|-sideend|p2: lizardboat|Stealth Rock|[from] move: Rapid Spin|[of] p2a: Tentacruel
|move|p1a: Diancie|Diamond Storm|p2a: Tentacruel
|-damage|p2a: Tentacruel|71/100
|
|-heal|p2a: Tentacruel|77/100|[from] item: Black Sludge
|-heal|p1a: Diancie|21/100|[from] item: Leftovers
|upkeep
|turn|13
|
|t:|1607396886
|switch|p1a: Latias|Latias, F|100/100
|move|p2a: Tentacruel|Scald|p1a: Latias
|-resisted|p1a: Latias
|-damage|p1a: Latias|91/100
|
|-heal|p2a: Tentacruel|83/100|[from] item: Black Sludge
|upkeep
|turn|14
|
|t:|1607396894
|switch|p2a: Mew|Mew|100/100
|move|p1a: Latias|Psyshock|p2a: Mew
|-resisted|p2a: Mew
|-damage|p2a: Mew|85/100
|
|-heal|p2a: Mew|91/100|[from] item: Leftovers
|upkeep
|turn|15
|
|t:|1607396913
|switch|p1a: Gyarados|Gyarados, F, shiny|100/100
|move|p2a: Mew|Stealth Rock|p1a: Gyarados
|-sidestart|p1: Low Ladder Terror|move: Stealth Rock
|
|-heal|p2a: Mew|97/100|[from] item: Leftovers
|upkeep
|turn|16
|
|t:|1607396919
|move|p1a: Gyarados|Dragon Dance|p1a: Gyarados
|-boost|p1a: Gyarados|atk|1
|-boost|p1a: Gyarados|spe|1
|move|p2a: Mew|Knock Off|p1a: Gyarados
|-damage|p1a: Gyarados|72/100
|-enditem|p1a: Gyarados|Heavy-Duty Boots|[from] move: Knock Off|[of] p2a: Mew
|
|-heal|p2a: Mew|100/100|[from] item: Leftovers
|upkeep
|turn|17
|
|t:|1607396926
|move|p1a: Gyarados|Waterfall|p2a: Mew
|-damage|p2a: Mew|51/100
|move|p2a: Mew|Will-O-Wisp|p1a: Gyarados
|-status|p1a: Gyarados|brn
|
|-heal|p2a: Mew|58/100|[from] item: Leftovers
|-damage|p1a: Gyarados|66/100 brn|[from] brn
|upkeep
|turn|18
|
|t:|1607396936
|move|p1a: Gyarados|Waterfall|p2a: Mew
|-damage|p2a: Mew|31/100
|move|p2a: Mew|Roost|p2a: Mew
|-heal|p2a: Mew|81/100
|-singleturn|p2a: Mew|move: Roost
|
|-heal|p2a: Mew|87/100|[from] item: Leftovers
|-damage|p1a: Gyarados|60/100 brn|[from] brn
|upkeep
|turn|19
|
|t:|1607396944
|switch|p1a: Latias|Latias, F|91/100
|-damage|p1a: Latias|78/100|[from] Stealth Rock
|move|p2a: Mew|Knock Off|p1a: Latias
|-supereffective|p1a: Latias
|-damage|p1a: Latias|21/100
|-enditem|p1a: Latias|Choice Scarf|[from] move: Knock Off|[of] p2a: Mew
|
|-heal|p2a: Mew|93/100|[from] item: Leftovers
|upkeep
|turn|20
|
|t:|1607396954
|switch|p2a: Rotom|Rotom-Heat|87/100
|move|p1a: Latias|Defog|p2a: Rotom
|-unboost|p2a: Rotom|evasion|1
|-sideend|p1: Low Ladder Terror|Toxic Spikes|[from] move: Defog|[of] p1a: Latias
|-sideend|p1: Low Ladder Terror|Stealth Rock|[from] move: Defog|[of] p1a: Latias
|
|upkeep
|turn|21
|
|t:|1607396963
|switch|p1a: Diancie|Diancie, shiny|21/100
|switch|p2a: Mew|Mew|93/100
|
|-heal|p2a: Mew|99/100|[from] item: Leftovers
|-heal|p1a: Diancie|27/100|[from] item: Leftovers
|upkeep
|turn|22
|
|t:|1607396985
|switch|p1a: Blaziken|Blaziken, M|42/100
|move|p2a: Mew|Knock Off|p1a: Blaziken
|-resisted|p1a: Blaziken
|-damage|p1a: Blaziken|27/100
|-enditem|p1a: Blaziken|Life Orb|[from] move: Knock Off|[of] p2a: Mew
|
|-heal|p2a: Mew|100/100|[from] item: Leftovers
|upkeep
|turn|23
|
|t:|1607397009
|move|p1a: Blaziken|Close Combat|p2a: Mew
|-resisted|p2a: Mew
|-damage|p2a: Mew|75/100
|-unboost|p1a: Blaziken|def|1
|-unboost|p1a: Blaziken|spd|1
|move|p2a: Mew|Stealth Rock|p1a: Blaziken
|-sidestart|p1: Low Ladder Terror|move: Stealth Rock
|
|-heal|p2a: Mew|81/100|[from] item: Leftovers
|-ability|p1a: Blaziken|Speed Boost|boost
|-boost|p1a: Blaziken|spe|1
|upkeep
|turn|24
|
|t:|1607397020
|move|p1a: Blaziken|Swords Dance|p1a: Blaziken
|-boost|p1a: Blaziken|atk|2
|move|p2a: Mew|Knock Off|p1a: Blaziken
|-resisted|p1a: Blaziken
|-damage|p1a: Blaziken|9/100
|
|-heal|p2a: Mew|88/100|[from] item: Leftovers
|-ability|p1a: Blaziken|Speed Boost|boost
|-boost|p1a: Blaziken|spe|1
|upkeep
|turn|25
|inactive|lizardboat has 120 seconds left.
|inactive|lizardboat has 90 seconds left.
|
|t:|1607397076
|switch|p2a: Obstagoon|Obstagoon, F|100/100
|move|p1a: Blaziken|Knock Off|p2a: Obstagoon
|-resisted|p2a: Obstagoon
|-damage|p2a: Obstagoon|67/100
|-enditem|p2a: Obstagoon|Flame Orb|[from] move: Knock Off|[of] p1a: Blaziken
|
|-ability|p1a: Blaziken|Speed Boost|boost
|-boost|p1a: Blaziken|spe|1
|upkeep
|turn|26
|inactive|lizardboat has 90 seconds left.
|
|t:|1607397088
|move|p1a: Blaziken|Close Combat|p2a: Obstagoon
|-supereffective|p2a: Obstagoon
|-damage|p2a: Obstagoon|0 fnt
|-unboost|p1a: Blaziken|def|1
|-unboost|p1a: Blaziken|spd|1
|faint|p2a: Obstagoon
|
|-ability|p1a: Blaziken|Speed Boost|boost
|-boost|p1a: Blaziken|spe|1
|upkeep
|inactive|lizardboat has 90 seconds left.
|
|t:|1607397097
|switch|p2a: Zygarde|Zygarde-10%|100/100
|-ability|p2a: Zygarde|Aura Break
|turn|27
|
|t:|1607397118
|switch|p1a: Diancie|Diancie, shiny|27/100
|-damage|p1a: Diancie|15/100|[from] Stealth Rock
|move|p2a: Zygarde|Extreme Speed|p1a: Diancie
|-resisted|p1a: Diancie
|-damage|p1a: Diancie|3/100
|
|-heal|p1a: Diancie|9/100|[from] item: Leftovers
|upkeep
|turn|28
|inactive|lizardboat has 90 seconds left.
|
|t:|1607397154
|move|p2a: Zygarde|Extreme Speed|p1a: Diancie
|-resisted|p1a: Diancie
|-damage|p1a: Diancie|0 fnt
|faint|p1a: Diancie
|
|upkeep
|
|t:|1607397159
|switch|p1a: Whimsicott|Whimsicott, M|68/100
|-damage|p1a: Whimsicott|56/100|[from] Stealth Rock
|turn|29
|
|t:|1607397167
|switch|p2a: Rotom|Rotom-Heat|87/100
|move|p1a: Whimsicott|U-turn|p2a: Rotom
|-resisted|p2a: Rotom
|-damage|p2a: Rotom|80/100
|
|t:|1607397174
|switch|p1a: Latias|Latias, F|21/100|[from]move: U-turn
|-damage|p1a: Latias|9/100|[from] Stealth Rock
|
|upkeep
|turn|30
|
|t:|1607397179
|move|p1a: Latias|Healing Wish|p1a: Latias
|faint|p1a: Latias
|move|p2a: Rotom|Volt Switch|p1: Latias|[notarget]
|-fail|p2a: Rotom
|
|upkeep
|
|t:|1607397182
|switch|p1a: Gyarados|Gyarados, F, shiny|60/100 brn
|-heal|p1a: Gyarados|100/100|[from] move: Healing Wish
|-damage|p1a: Gyarados|76/100|[from] Stealth Rock
|turn|31
|
|t:|1607397188
|switch|p1a: Whimsicott|Whimsicott, M|56/100
|-damage|p1a: Whimsicott|43/100|[from] Stealth Rock
|move|p2a: Rotom|Volt Switch|p1a: Whimsicott
|-resisted|p1a: Whimsicott
|-damage|p1a: Whimsicott|20/100
|
|t:|1607397195
|switch|p2a: Zygarde|Zygarde-10%|100/100|[from]move: Volt Switch
|-ability|p2a: Zygarde|Aura Break
|
|-heal|p1a: Whimsicott|26/100|[from] item: Leftovers
|upkeep
|turn|32
|
|t:|1607397206
|move|p2a: Zygarde|Extreme Speed|p1a: Whimsicott
|-damage|p1a: Whimsicott|0 fnt
|faint|p1a: Whimsicott
|
|upkeep
|c|☆Low Ladder Terror|gg
|-message|Low Ladder Terror forfeited.
|
|win|lizardboat
|l|☆Low Ladder Terror
|l| GETTIN BIG ON EM
|raw|Low Ladder Terror's rating: 1688 &rarr; <strong>1657</strong><br />(-31 for losing)
|raw|lizardboat's rating: 1457 &rarr; <strong>1489</strong><br />(+32 for winning)
