|j|☆MegaTotomon
|j|☆Amane Misa
|t:|1609628040
|player|p1|MegaTotomon|cynthia-gen4|
|player|p2|Amane Misa|#amanemisa|
|teamsize|p1|6
|teamsize|p2|6
|gametype|singles
|gen|8
|tier|[Gen 8] UU
|rated|Tournament battle
|clearpoke
|poke|p1|Rhyperior, F|
|poke|p1|Tapu Bulu|
|poke|p1|Scizor, M|
|poke|p1|Chandelure, M|
|poke|p1|Slowking, F|
|poke|p1|Conkeldurr, M|
|poke|p2|Shuckle, M|
|poke|p2|Gyarados, F|
|poke|p2|Bisharp, F|
|poke|p2|Celesteela|
|poke|p2|Mimikyu, M|
|poke|p2|Diggersby, M|
|rule|Sleep Clause Mod: Limit one foe put to sleep
|rule|Species Clause: Limit one of each Pokémon
|rule|OHKO Clause: OHKO moves are banned
|rule|Evasion Moves Clause: Evasion moves are banned
|rule|Endless Battle Clause: Forcing endless battles is banned
|rule|HP Percentage Mod: HP is shown in percentages
|rule|Dynamax Clause: You cannot dynamax
|teampreview
|j| Crackbot
|c|☆MegaTotomon|glhf
|j| Wooper(sons)42
|
|t:|1609628065
|start
|switch|p1a: Rhyperior|Rhyperior, F|100/100
|switch|p2a: Shuckle|Shuckle, M|100/100
|turn|1
|
|t:|1609628071
|move|p1a: Rhyperior|Rock Blast|p2a: Shuckle
|-supereffective|p2a: Shuckle
|-damage|p2a: Shuckle|87/100
|-supereffective|p2a: Shuckle
|-crit|p2a: Shuckle
|-damage|p2a: Shuckle|63/100
|-hitcount|p2a: Shuckle|2
|-enditem|p2a: Shuckle|Red Card|[of] p1a: Rhyperior
|drag|p1a: Tapu Bulu|Tapu Bulu|100/100
|-fieldstart|move: Grassy Terrain|[from] ability: Grassy Surge|[of] p1a: Tapu Bulu
|move|p2a: Shuckle|Sticky Web|p1a: Tapu Bulu
|-sidestart|p1: MegaTotomon|move: Sticky Web
|
|-heal|p2a: Shuckle|69/100|[from] Grassy Terrain
|upkeep
|turn|2
|
|t:|1609628083
|move|p1a: Tapu Bulu|Horn Leech|p2a: Shuckle
|-damage|p2a: Shuckle|39/100
|move|p2a: Shuckle|Stealth Rock|p1a: Tapu Bulu
|-sidestart|p1: MegaTotomon|move: Stealth Rock
|
|-heal|p2a: Shuckle|46/100|[from] Grassy Terrain
|upkeep
|turn|3
|
|t:|1609628088
|move|p1a: Tapu Bulu|Horn Leech|p2a: Shuckle
|-damage|p2a: Shuckle|13/100
|move|p2a: Shuckle|Encore|p1a: Tapu Bulu
|-start|p1a: Tapu Bulu|Encore
|
|-heal|p2a: Shuckle|19/100|[from] Grassy Terrain
|upkeep
|turn|4
|j|+Moutemoute
|
|t:|1609628092
|switch|p2a: Celesteela|Celesteela|100/100
|move|p1a: Tapu Bulu|Horn Leech|p2a: Celesteela
|-resisted|p2a: Celesteela
|-damage|p2a: Celesteela|87/100
|
|upkeep
|turn|5
|
|t:|1609628097
|switch|p1a: Slowking|Slowking, F|100/100
|switch|p2a: Bisharp|Bisharp, F|100/100
|
|-fieldend|move: Grassy Terrain
|upkeep
|turn|6
|c| Crackbot|lol that dude stronk
|
|t:|1609628110
|switch|p1a: Conkeldurr|Conkeldurr, M|100/100
|-damage|p1a: Conkeldurr|94/100|[from] Stealth Rock
|-activate|p1a: Conkeldurr|move: Sticky Web
|-unboost|p1a: Conkeldurr|spe|1
|move|p2a: Bisharp|Knock Off|p1a: Conkeldurr
|-resisted|p1a: Conkeldurr
|-damage|p1a: Conkeldurr|60/100
|-enditem|p1a: Conkeldurr|Flame Orb|[from] move: Knock Off|[of] p2a: Bisharp
|-damage|p2a: Bisharp|91/100|[from] item: Life Orb
|
|upkeep
|turn|7
|
|t:|1609628118
|switch|p2a: Shuckle|Shuckle, M|19/100
|move|p1a: Conkeldurr|Knock Off|p2a: Shuckle
|-damage|p2a: Shuckle|6/100
|
|upkeep
|turn|8
|
|t:|1609628123
|move|p1a: Conkeldurr|Mach Punch|p2a: Shuckle
|-damage|p2a: Shuckle|0 fnt
|faint|p2a: Shuckle
|
|upkeep
|
|t:|1609628128
|switch|p2a: Gyarados|Gyarados, F|100/100
|turn|9
|
|t:|1609628134
|move|p2a: Gyarados|Dragon Dance|p2a: Gyarados
|-boost|p2a: Gyarados|atk|1
|-boost|p2a: Gyarados|spe|1
|move|p1a: Conkeldurr|Knock Off|p2a: Gyarados
|-damage|p2a: Gyarados|53/100
|-enditem|p2a: Gyarados|Mystic Water|[from] move: Knock Off|[of] p1a: Conkeldurr
|
|upkeep
|turn|10
|
|t:|1609628143
|switch|p1a: Slowking|Slowking, F|100/100
|move|p2a: Gyarados|Waterfall|p1a: Slowking
|-resisted|p1a: Slowking
|-damage|p1a: Slowking|77/100
|
|upkeep
|turn|11
|
|t:|1609628148
|move|p2a: Gyarados|Power Whip|p1a: Slowking
|-supereffective|p1a: Slowking
|-damage|p1a: Slowking|0 fnt
|faint|p1a: Slowking
|-ability|p2a: Gyarados|Moxie|boost
|-boost|p2a: Gyarados|atk|1
|
|upkeep
|
|t:|1609628152
|switch|p1a: Tapu Bulu|Tapu Bulu|100/100
|-activate|p1a: Tapu Bulu|move: Sticky Web
|-unboost|p1a: Tapu Bulu|spe|1
|-damage|p1a: Tapu Bulu|88/100|[from] Stealth Rock
|-fieldstart|move: Grassy Terrain|[from] ability: Grassy Surge|[of] p1a: Tapu Bulu
|turn|12
|
|t:|1609628155
|move|p2a: Gyarados|Bounce||[still]
|-prepare|p2a: Gyarados|Bounce
|move|p1a: Tapu Bulu|Horn Leech|p2a: Gyarados|[miss]
|-miss|p1a: Tapu Bulu|p2a: Gyarados
|
|-heal|p1a: Tapu Bulu|94/100|[from] Grassy Terrain
|upkeep
|turn|13
|c| Crackbot|:O
|c|☆MegaTotomon|:0
|
|t:|1609628167
|move|p2a: Gyarados|Bounce|p1a: Tapu Bulu|[from]lockedmove
|-supereffective|p1a: Tapu Bulu
|-damage|p1a: Tapu Bulu|0 fnt
|faint|p1a: Tapu Bulu
|-ability|p2a: Gyarados|Moxie|boost
|-boost|p2a: Gyarados|atk|1
|
|upkeep
|c| Crackbot|:0
|c|☆MegaTotomon|sadness
|c| Crackbot|:o
|c|☆MegaTotomon|gyarados weak team gang
|
|t:|1609628188
|switch|p1a: Conkeldurr|Conkeldurr, M|60/100
|-damage|p1a: Conkeldurr|54/100|[from] Stealth Rock
|-activate|p1a: Conkeldurr|move: Sticky Web
|-unboost|p1a: Conkeldurr|spe|1
|turn|14
|c| Crackbot|drain gang
|l| Wooper(sons)42
|
|t:|1609628195
|move|p2a: Gyarados|Waterfall|p1a: Conkeldurr
|-damage|p1a: Conkeldurr|0 fnt
|faint|p1a: Conkeldurr
|-ability|p2a: Gyarados|Moxie|boost
|-boost|p2a: Gyarados|atk|1
|
|upkeep
|
|t:|1609628200
|switch|p1a: Scizor|Scizor, M|100/100
|-activate|p1a: Scizor|move: Sticky Web
|-unboost|p1a: Scizor|spe|1
|-damage|p1a: Scizor|88/100|[from] Stealth Rock
|turn|15
|
|t:|1609628203
|move|p1a: Scizor|Bullet Punch|p2a: Gyarados
|-resisted|p2a: Gyarados
|-crit|p2a: Gyarados
|-damage|p2a: Gyarados|28/100
|move|p2a: Gyarados|Waterfall|p1a: Scizor
|-damage|p1a: Scizor|0 fnt
|faint|p1a: Scizor
|-ability|p2a: Gyarados|Moxie|boost
|-boost|p2a: Gyarados|atk|1
|
|upkeep
|
|t:|1609628206
|switch|p1a: Rhyperior|Rhyperior, F|100/100
|-damage|p1a: Rhyperior|94/100|[from] Stealth Rock
|-activate|p1a: Rhyperior|move: Sticky Web
|-unboost|p1a: Rhyperior|spe|1
|turn|16
|
|t:|1609628208
|move|p2a: Gyarados|Waterfall|p1a: Rhyperior
|-supereffective|p1a: Rhyperior
|-damage|p1a: Rhyperior|0 fnt
|faint|p1a: Rhyperior
|-ability|p2a: Gyarados|Moxie|boost
|-boost|p2a: Gyarados|atk|1
|
|-fieldend|move: Grassy Terrain
|upkeep
|c|☆MegaTotomon|gg
|c|☆Amane Misa|Gg
|
|t:|1609628214
|switch|p1a: Chandelure|Chandelure, M|100/100
|-damage|p1a: Chandelure|76/100|[from] Stealth Rock
|-activate|p1a: Chandelure|move: Sticky Web
|-unboost|p1a: Chandelure|spe|1
|turn|17
|
|t:|1609628216
|move|p2a: Gyarados|Waterfall|p1a: Chandelure
|-supereffective|p1a: Chandelure
|-damage|p1a: Chandelure|0 fnt
|faint|p1a: Chandelure
|
|win|Amane Misa
|n|☆MegaTotomon|megatotomon
|n|☆Amane Misa|amanemisa
|n| Crackbot|crackbot
|n| Moutemoute|moutemoute
|c| Crackbot|sweep sweep
|l|☆MegaTotomon
|l|☆Amane Misa
|c| Crackbot|gotta sweep sweep sweep!
