|j|☆Polybius32
|j|☆5 pia to the top
|t:|1659919360
|gametype|singles
|player|p1|Polybius32|grimsley|1400
|player|p2|5 pia to the top|#uutrio2ladder|1472
|teamsize|p1|6
|teamsize|p2|5
|gen|8
|tier|[Gen 8] UU
|rated|
|rule|Sleep Clause Mod: Limit one foe put to sleep
|rule|Species Clause: Limit one of each Pokémon
|rule|OHKO Clause: OHKO moves are banned
|rule|Evasion Items Clause: Evasion items are banned
|rule|Evasion Moves Clause: Evasion moves are banned
|rule|Endless Battle Clause: Forcing endless battles is banned
|rule|HP Percentage Mod: HP is shown in percentages
|rule|Dynamax Clause: You cannot dynamax
|clearpoke
|poke|p1|Necrozma|
|poke|p1|Regice|
|poke|p1|Omastar, M|
|poke|p1|Xurkitree|
|poke|p1|Malamar, M|
|poke|p1|Shedinja|
|poke|p2|Salamence, F|
|poke|p2|Chansey, F|
|poke|p2|Umbreon, M|
|poke|p2|Quagsire, F|
|poke|p2|Tangrowth, M|
|teampreview
|
|t:|1659919375
|start
|switch|p1a: Ashen Demon|Necrozma|100/100
|switch|p2a: megan the eggin|Chansey, F|100/100
|turn|1
|
|t:|1659919386
|switch|p1a: Luring Slurker|Malamar, M|100/100
|move|p2a: megan the eggin|Stealth Rock|p1a: Luring Slurker
|-sidestart|p1: Polybius32|move: Stealth Rock
|
|upkeep
|turn|2
|
|t:|1659919392
|switch|p2a: poggy froggy|Quagsire, F|100/100
|move|p1a: Luring Slurker|Knock Off|p2a: poggy froggy
|-damage|p2a: poggy froggy|72/100
|-enditem|p2a: poggy froggy|Leftovers|[from] move: Knock Off|[of] p1a: Luring Slurker
|
|upkeep
|turn|3
|
|t:|1659919404
|switch|p1a: Jim|Regice|100/100
|-damage|p1a: Jim|75/100|[from] Stealth Rock
|move|p2a: poggy froggy|Recover|p2a: poggy froggy
|-heal|p2a: poggy froggy|100/100
|
|upkeep
|turn|4
|
|t:|1659919409
|switch|p2a: megan the eggin|Chansey, F|100/100
|move|p1a: Jim|Ice Beam|p2a: megan the eggin
|-damage|p2a: megan the eggin|88/100
|
|upkeep
|turn|5
|
|t:|1659919414
|move|p2a: megan the eggin|Seismic Toss|p1a: Jim
|-damage|p1a: Jim|48/100
|move|p1a: Jim|Ice Beam|p2a: megan the eggin
|-damage|p2a: megan the eggin|75/100
|
|upkeep
|turn|6
|
|t:|1659919417
|move|p2a: megan the eggin|Seismic Toss|p1a: Jim
|-damage|p1a: Jim|21/100
|move|p1a: Jim|Ice Beam|p2a: megan the eggin
|-damage|p2a: megan the eggin|61/100
|
|upkeep
|turn|7
|
|t:|1659919420
|move|p2a: megan the eggin|Soft-Boiled|p2a: megan the eggin
|-heal|p2a: megan the eggin|100/100
|move|p1a: Jim|Ice Beam|p2a: megan the eggin
|-damage|p2a: megan the eggin|87/100
|
|upkeep
|turn|8
|
|t:|1659919423
|move|p2a: megan the eggin|Seismic Toss|p1a: Jim
|-damage|p1a: Jim|0 fnt
|faint|p1a: Jim
|
|upkeep
|
|t:|1659919426
|switch|p1a: Epimenides|Omastar, M|100/100
|-damage|p1a: Epimenides|88/100|[from] Stealth Rock
|turn|9
|j|+Mengy ㋛
|
|t:|1659919431
|move|p1a: Epimenides|Shell Smash|p1a: Epimenides
|-unboost|p1a: Epimenides|def|1
|-unboost|p1a: Epimenides|spd|1
|-boost|p1a: Epimenides|atk|2
|-boost|p1a: Epimenides|spa|2
|-boost|p1a: Epimenides|spe|2
|move|p2a: megan the eggin|Toxic|p1a: Epimenides
|-status|p1a: Epimenides|tox
|
|-damage|p1a: Epimenides|82/100 tox|[from] psn
|upkeep
|turn|10
|
|t:|1659919435
|move|p1a: Epimenides|Shell Smash|p1a: Epimenides
|-unboost|p1a: Epimenides|def|1
|-unboost|p1a: Epimenides|spd|1
|-boost|p1a: Epimenides|atk|2
|-boost|p1a: Epimenides|spa|2
|-boost|p1a: Epimenides|spe|2
|move|p2a: megan the eggin|Soft-Boiled|p2a: megan the eggin
|-heal|p2a: megan the eggin|100/100
|
|-damage|p1a: Epimenides|70/100 tox|[from] psn
|upkeep
|turn|11
|
|t:|1659919450
|move|p1a: Epimenides|Meteor Beam||[still]
|-prepare|p1a: Epimenides|Meteor Beam
|-boost|p1a: Epimenides|spa|1
|-enditem|p1a: Epimenides|Power Herb
|-anim|p1a: Epimenides|Meteor Beam|p2a: megan the eggin|[miss]
|-miss|p1a: Epimenides|p2a: megan the eggin
|move|p2a: megan the eggin|Soft-Boiled||[still]
|-fail|p2a: megan the eggin|heal
|
|-damage|p1a: Epimenides|52/100 tox|[from] psn
|upkeep
|turn|12
|
|t:|1659919456
|move|p1a: Epimenides|Scald|p2a: megan the eggin
|-damage|p2a: megan the eggin|56/100
|move|p2a: megan the eggin|Soft-Boiled|p2a: megan the eggin
|-heal|p2a: megan the eggin|100/100
|
|-damage|p1a: Epimenides|28/100 tox|[from] psn
|upkeep
|turn|13
|
|t:|1659919460
|move|p1a: Epimenides|Scald|p2a: megan the eggin
|-damage|p2a: megan the eggin|54/100
|move|p2a: megan the eggin|Soft-Boiled|p2a: megan the eggin
|-heal|p2a: megan the eggin|100/100
|
|-damage|p1a: Epimenides|0 fnt|[from] psn
|faint|p1a: Epimenides
|upkeep
|
|t:|1659919472
|switch|p1a: Luring Slurker|Malamar, M|100/100
|-damage|p1a: Luring Slurker|88/100|[from] Stealth Rock
|turn|14
|
|t:|1659919482
|switch|p2a: poggy froggy|Quagsire, F|100/100
|move|p1a: Luring Slurker|Knock Off|p2a: poggy froggy
|-damage|p2a: poggy froggy|79/100
|
|-heal|p1a: Luring Slurker|94/100|[from] item: Leftovers
|upkeep
|turn|15
|
|t:|1659919489
|move|p1a: Luring Slurker|Superpower|p2a: poggy froggy
|-damage|p2a: poggy froggy|52/100
|-boost|p1a: Luring Slurker|atk|1
|-boost|p1a: Luring Slurker|def|1
|move|p2a: poggy froggy|Toxic|p1a: Luring Slurker
|-status|p1a: Luring Slurker|tox
|
|-heal|p1a: Luring Slurker|99/100 tox|[from] item: Leftovers
|-damage|p1a: Luring Slurker|94/100 tox|[from] psn
|upkeep
|turn|16
|
|t:|1659919493
|move|p1a: Luring Slurker|Rest|p1a: Luring Slurker
|-status|p1a: Luring Slurker|slp|[from] move: Rest
|-heal|p1a: Luring Slurker|100/100 slp|[silent]
|move|p2a: poggy froggy|Recover|p2a: poggy froggy
|-heal|p2a: poggy froggy|100/100
|
|upkeep
|turn|17
|
|t:|1659919496
|cant|p1a: Luring Slurker|slp
|move|p2a: poggy froggy|Haze|p2a: poggy froggy
|-clearallboost
|
|upkeep
|turn|18
|
|t:|1659919500
|cant|p1a: Luring Slurker|slp
|move|p2a: poggy froggy|Haze|p2a: poggy froggy
|-clearallboost
|
|upkeep
|turn|19
|
|t:|1659919512
|-curestatus|p1a: Luring Slurker|slp|[msg]
|move|p1a: Luring Slurker|Knock Off|p2a: poggy froggy
|-damage|p2a: poggy froggy|81/100
|move|p2a: poggy froggy|Toxic|p1a: Luring Slurker
|-status|p1a: Luring Slurker|tox
|
|-damage|p1a: Luring Slurker|94/100 tox|[from] psn
|upkeep
|turn|20
|
|t:|1659919516
|move|p1a: Luring Slurker|Rest|p1a: Luring Slurker
|-status|p1a: Luring Slurker|slp|[from] move: Rest
|-heal|p1a: Luring Slurker|100/100 slp|[silent]
|move|p2a: poggy froggy|Recover|p2a: poggy froggy
|-heal|p2a: poggy froggy|100/100
|
|upkeep
|turn|21
|
|t:|1659919521
|cant|p1a: Luring Slurker|slp
|move|p2a: poggy froggy|Haze|p2a: poggy froggy
|-clearallboost
|
|upkeep
|turn|22
|
|t:|1659919524
|switch|p2a: tang ur wang|Tangrowth, M|100/100
|cant|p1a: Luring Slurker|slp
|
|upkeep
|turn|23
|
|t:|1659919531
|switch|p2a: poggy froggy|Quagsire, F|100/100
|-curestatus|p1a: Luring Slurker|slp|[msg]
|move|p1a: Luring Slurker|Superpower|p2a: poggy froggy
|-damage|p2a: poggy froggy|77/100
|-boost|p1a: Luring Slurker|atk|1
|-boost|p1a: Luring Slurker|def|1
|
|upkeep
|turn|24
|
|t:|1659919537
|move|p1a: Luring Slurker|Superpower|p2a: poggy froggy
|-crit|p2a: poggy froggy
|-damage|p2a: poggy froggy|39/100
|-boost|p1a: Luring Slurker|atk|1
|-boost|p1a: Luring Slurker|def|1
|move|p2a: poggy froggy|Toxic|p1a: Luring Slurker
|-status|p1a: Luring Slurker|tox
|
|-damage|p1a: Luring Slurker|94/100 tox|[from] psn
|upkeep
|turn|25
|
|t:|1659919541
|move|p1a: Luring Slurker|Superpower|p2a: poggy froggy
|-damage|p2a: poggy froggy|15/100
|-boost|p1a: Luring Slurker|atk|1
|-boost|p1a: Luring Slurker|def|1
|move|p2a: poggy froggy|Recover|p2a: poggy froggy
|-heal|p2a: poggy froggy|65/100
|
|-heal|p1a: Luring Slurker|100/100 tox|[from] item: Leftovers
|-damage|p1a: Luring Slurker|88/100 tox|[from] psn
|upkeep
|turn|26
|
|t:|1659919551
|move|p1a: Luring Slurker|Superpower|p2a: poggy froggy
|-damage|p2a: poggy froggy|41/100
|-boost|p1a: Luring Slurker|atk|1
|-boost|p1a: Luring Slurker|def|1
|move|p2a: poggy froggy|Recover|p2a: poggy froggy
|-heal|p2a: poggy froggy|91/100
|
|-heal|p1a: Luring Slurker|94/100 tox|[from] item: Leftovers
|-damage|p1a: Luring Slurker|76/100 tox|[from] psn
|upkeep
|turn|27
|
|t:|1659919555
|move|p1a: Luring Slurker|Rest|p1a: Luring Slurker
|-status|p1a: Luring Slurker|slp|[from] move: Rest
|-heal|p1a: Luring Slurker|100/100 slp|[silent]
|move|p2a: poggy froggy|Scald|p1a: Luring Slurker
|-damage|p1a: Luring Slurker|85/100 slp
|
|-heal|p1a: Luring Slurker|91/100 slp|[from] item: Leftovers
|upkeep
|turn|28
|
|t:|1659919559
|switch|p2a: tang ur wang|Tangrowth, M|100/100
|cant|p1a: Luring Slurker|slp
|move|p1a: Luring Slurker|Sleep Talk|p1a: Luring Slurker
|move|p1a: Luring Slurker|Rest||[from]move: Sleep Talk|[still]
|-fail|p1a: Luring Slurker
|
|-heal|p1a: Luring Slurker|97/100 slp|[from] item: Leftovers
|upkeep
|turn|29
|
|t:|1659919562
|cant|p1a: Luring Slurker|slp
|move|p1a: Luring Slurker|Sleep Talk|p1a: Luring Slurker
|move|p1a: Luring Slurker|Knock Off|p2a: tang ur wang|[from]move: Sleep Talk
|-damage|p2a: tang ur wang|31/100
|-enditem|p2a: tang ur wang|Assault Vest|[from] move: Knock Off|[of] p1a: Luring Slurker
|move|p2a: tang ur wang|Knock Off|p1a: Luring Slurker
|-damage|p1a: Luring Slurker|90/100 slp
|-enditem|p1a: Luring Slurker|Leftovers|[from] move: Knock Off|[of] p2a: tang ur wang
|
|upkeep
|turn|30
|j| sketchy ecchi
|
|t:|1659919570
|switch|p2a: poggy froggy|Quagsire, F|91/100
|-curestatus|p1a: Luring Slurker|slp|[msg]
|move|p1a: Luring Slurker|Knock Off|p2a: poggy froggy
|-damage|p2a: poggy froggy|70/100
|
|upkeep
|turn|31
|
|t:|1659919575
|move|p1a: Luring Slurker|Knock Off|p2a: poggy froggy
|-crit|p2a: poggy froggy
|-damage|p2a: poggy froggy|37/100
|move|p2a: poggy froggy|Recover|p2a: poggy froggy
|-heal|p2a: poggy froggy|87/100
|
|upkeep
|turn|32
|
|t:|1659919582
|move|p1a: Luring Slurker|Knock Off|p2a: poggy froggy
|-damage|p2a: poggy froggy|68/100
|move|p2a: poggy froggy|Haze|p2a: poggy froggy
|-clearallboost
|
|upkeep
|turn|33
|
|t:|1659919586
|move|p1a: Luring Slurker|Knock Off|p2a: poggy froggy
|-damage|p2a: poggy froggy|47/100
|move|p2a: poggy froggy|Recover|p2a: poggy froggy
|-heal|p2a: poggy froggy|97/100
|
|upkeep
|turn|34
|
|t:|1659919590
|move|p1a: Luring Slurker|Rest|p1a: Luring Slurker
|-status|p1a: Luring Slurker|slp|[from] move: Rest
|-heal|p1a: Luring Slurker|100/100 slp|[silent]
|move|p2a: poggy froggy|Toxic||[still]
|-fail|p2a: poggy froggy
|
|upkeep
|turn|35
|
|t:|1659919593
|switch|p2a: tang ur wang|Tangrowth, M|64/100
|cant|p1a: Luring Slurker|slp
|
|upkeep
|turn|36
|
|t:|1659919598
|switch|p2a: poggy froggy|Quagsire, F|97/100
|cant|p1a: Luring Slurker|slp
|move|p1a: Luring Slurker|Sleep Talk|p1a: Luring Slurker
|move|p1a: Luring Slurker|Rest||[from]move: Sleep Talk|[still]
|-fail|p1a: Luring Slurker
|
|upkeep
|turn|37
|
|t:|1659919604
|switch|p2a: tang ur wang|Tangrowth, M|97/100
|-curestatus|p1a: Luring Slurker|slp|[msg]
|move|p1a: Luring Slurker|Knock Off|p2a: tang ur wang
|-damage|p2a: tang ur wang|82/100
|
|upkeep
|turn|38
|
|t:|1659919613
|switch|p2a: poggy froggy|Quagsire, F|97/100
|move|p1a: Luring Slurker|Knock Off|p2a: poggy froggy
|-damage|p2a: poggy froggy|79/100
|
|upkeep
|turn|39
|c| sketchy ecchi|Polybius32, what is your favorite kind of meat?
|
|t:|1659919645
|move|p1a: Luring Slurker|Knock Off|p2a: poggy froggy
|-damage|p2a: poggy froggy|59/100
|move|p2a: poggy froggy|Toxic|p1a: Luring Slurker|[miss]
|-miss|p2a: poggy froggy|p1a: Luring Slurker
|
|upkeep
|turn|40
|
|t:|1659919655
|move|p1a: Luring Slurker|Knock Off|p2a: poggy froggy
|-damage|p2a: poggy froggy|39/100
|move|p2a: poggy froggy|Recover|p2a: poggy froggy
|-heal|p2a: poggy froggy|89/100
|
|upkeep
|turn|41
|
|t:|1659919663
|move|p1a: Luring Slurker|Knock Off|p2a: poggy froggy
|-damage|p2a: poggy froggy|69/100
|move|p2a: poggy froggy|Toxic|p1a: Luring Slurker
|-status|p1a: Luring Slurker|tox
|
|-damage|p1a: Luring Slurker|94/100 tox|[from] psn
|upkeep
|turn|42
|
|t:|1659919669
|move|p1a: Luring Slurker|Rest|p1a: Luring Slurker
|-status|p1a: Luring Slurker|slp|[from] move: Rest
|-heal|p1a: Luring Slurker|100/100 slp|[silent]
|move|p2a: poggy froggy|Recover|p2a: poggy froggy
|-heal|p2a: poggy froggy|100/100
|
|upkeep
|turn|43
|
|t:|1659919677
|switch|p2a: tang ur wang|Tangrowth, M|100/100
|cant|p1a: Luring Slurker|slp
|move|p1a: Luring Slurker|Sleep Talk|p1a: Luring Slurker
|move|p1a: Luring Slurker|Superpower|p2a: tang ur wang|[from]move: Sleep Talk
|-damage|p2a: tang ur wang|82/100
|-boost|p1a: Luring Slurker|atk|1
|-boost|p1a: Luring Slurker|def|1
|
|upkeep
|turn|44
|
|t:|1659919687
|switch|p2a: poggy froggy|Quagsire, F|100/100
|cant|p1a: Luring Slurker|slp
|move|p1a: Luring Slurker|Sleep Talk|p1a: Luring Slurker
|move|p1a: Luring Slurker|Knock Off|p2a: poggy froggy|[from]move: Sleep Talk
|-damage|p2a: poggy froggy|80/100
|
|upkeep
|turn|45
|
|t:|1659919693
|-curestatus|p1a: Luring Slurker|slp|[msg]
|move|p1a: Luring Slurker|Knock Off|p2a: poggy froggy
|-damage|p2a: poggy froggy|60/100
|move|p2a: poggy froggy|Haze|p2a: poggy froggy
|-clearallboost
|
|upkeep
|turn|46
|
|t:|1659919698
|move|p1a: Luring Slurker|Knock Off|p2a: poggy froggy
|-damage|p2a: poggy froggy|41/100
|move|p2a: poggy froggy|Recover|p2a: poggy froggy
|-heal|p2a: poggy froggy|91/100
|
|upkeep
|turn|47
|
|t:|1659919702
|switch|p2a: tang ur wang|Tangrowth, M|100/100
|move|p1a: Luring Slurker|Knock Off|p2a: tang ur wang
|-damage|p2a: tang ur wang|86/100
|
|upkeep
|turn|48
|
|t:|1659919717
|move|p1a: Luring Slurker|Superpower|p2a: tang ur wang
|-damage|p2a: tang ur wang|69/100
|-boost|p1a: Luring Slurker|atk|1
|-boost|p1a: Luring Slurker|def|1
|move|p2a: tang ur wang|Power Whip|p1a: Luring Slurker
|-damage|p1a: Luring Slurker|74/100
|
|upkeep
|turn|49
|
|t:|1659919720
|switch|p2a: poggy froggy|Quagsire, F|91/100
|move|p1a: Luring Slurker|Knock Off|p2a: poggy froggy
|-damage|p2a: poggy froggy|70/100
|
|upkeep
|turn|50
|
|t:|1659919726
|move|p1a: Luring Slurker|Knock Off|p2a: poggy froggy
|-damage|p2a: poggy froggy|51/100
|move|p2a: poggy froggy|Haze|p2a: poggy froggy
|-clearallboost
|
|upkeep
|turn|51
|
|t:|1659919734
|move|p1a: Luring Slurker|Knock Off|p2a: poggy froggy
|-damage|p2a: poggy froggy|29/100
|move|p2a: poggy froggy|Recover|p2a: poggy froggy
|-heal|p2a: poggy froggy|79/100
|
|upkeep
|turn|52
|
|t:|1659919738
|switch|p2a: tang ur wang|Tangrowth, M|100/100
|move|p1a: Luring Slurker|Rest|p1a: Luring Slurker
|-status|p1a: Luring Slurker|slp|[from] move: Rest
|-heal|p1a: Luring Slurker|100/100 slp|[silent]
|
|upkeep
|turn|53
|
|t:|1659919742
|switch|p2a: poggy froggy|Quagsire, F|79/100
|cant|p1a: Luring Slurker|slp
|move|p1a: Luring Slurker|Sleep Talk|p1a: Luring Slurker
|move|p1a: Luring Slurker|Rest||[from]move: Sleep Talk|[still]
|-fail|p1a: Luring Slurker
|
|upkeep
|turn|54
|
|t:|1659919745
|switch|p2a: tang ur wang|Tangrowth, M|100/100
|cant|p1a: Luring Slurker|slp
|move|p1a: Luring Slurker|Sleep Talk|p1a: Luring Slurker
|move|p1a: Luring Slurker|Rest||[from]move: Sleep Talk|[still]
|-fail|p1a: Luring Slurker
|
|upkeep
|turn|55
|
|t:|1659919752
|switch|p2a: poggy froggy|Quagsire, F|79/100
|-curestatus|p1a: Luring Slurker|slp|[msg]
|move|p1a: Luring Slurker|Knock Off|p2a: poggy froggy
|-damage|p2a: poggy froggy|59/100
|
|upkeep
|turn|56
|
|t:|1659919757
|move|p1a: Luring Slurker|Knock Off|p2a: poggy froggy
|-damage|p2a: poggy froggy|40/100
|move|p2a: poggy froggy|Recover|p2a: poggy froggy
|-heal|p2a: poggy froggy|90/100
|
|upkeep
|turn|57
|
|t:|1659919766
|switch|p2a: tang ur wang|Tangrowth, M|100/100
|move|p1a: Luring Slurker|Knock Off|p2a: tang ur wang
|-damage|p2a: tang ur wang|85/100
|
|upkeep
|turn|58
|
|t:|1659919799
|switch|p2a: poggy froggy|Quagsire, F|90/100
|move|p1a: Luring Slurker|Superpower|p2a: poggy froggy
|-damage|p2a: poggy froggy|66/100
|-boost|p1a: Luring Slurker|atk|1
|-boost|p1a: Luring Slurker|def|1
|
|upkeep
|turn|59
|
|t:|1659919805
|move|p1a: Luring Slurker|Knock Off|p2a: poggy froggy
|-damage|p2a: poggy froggy|46/100
|move|p2a: poggy froggy|Haze|p2a: poggy froggy
|-clearallboost
|
|upkeep
|turn|60
|
|t:|1659919811
|move|p1a: Luring Slurker|Knock Off|p2a: poggy froggy
|-damage|p2a: poggy froggy|25/100
|move|p2a: poggy froggy|Recover|p2a: poggy froggy
|-heal|p2a: poggy froggy|75/100
|
|upkeep
|turn|61
|
|t:|1659919816
|switch|p2a: tang ur wang|Tangrowth, M|100/100
|move|p1a: Luring Slurker|Knock Off|p2a: tang ur wang
|-damage|p2a: tang ur wang|86/100
|
|upkeep
|turn|62
|
|t:|1659919824
|switch|p2a: poggy froggy|Quagsire, F|75/100
|move|p1a: Luring Slurker|Knock Off|p2a: poggy froggy
|-damage|p2a: poggy froggy|56/100
|
|upkeep
|turn|63
|
|t:|1659919840
|move|p1a: Luring Slurker|Knock Off|p2a: poggy froggy
|-damage|p2a: poggy froggy|36/100
|move|p2a: poggy froggy|Recover|p2a: poggy froggy
|-heal|p2a: poggy froggy|86/100
|
|upkeep
|turn|64
|
|t:|1659919849
|switch|p1a: Man-at-Legs|Xurkitree|100/100
|-damage|p1a: Man-at-Legs|88/100|[from] Stealth Rock
|switch|p2a: tang ur wang|Tangrowth, M|100/100
|
|upkeep
|turn|65
|
|t:|1659919854
|switch|p1a: Luring Slurker|Malamar, M|100/100
|-damage|p1a: Luring Slurker|88/100|[from] Stealth Rock
|move|p2a: tang ur wang|Earthquake|p1a: Luring Slurker
|-damage|p1a: Luring Slurker|63/100
|
|upkeep
|turn|66
|l| sketchy ecchi
|
|t:|1659919864
|switch|p1a: Ashen Demon|Necrozma|100/100
|-damage|p1a: Ashen Demon|88/100|[from] Stealth Rock
|switch|p2a: poggy froggy|Quagsire, F|86/100
|
|-heal|p1a: Ashen Demon|94/100|[from] item: Leftovers
|upkeep
|turn|67
|
|t:|1659919873
|switch|p1a: Luring Slurker|Malamar, M|63/100
|-damage|p1a: Luring Slurker|50/100|[from] Stealth Rock
|switch|p2a: megan the eggin|Chansey, F|100/100
|
|upkeep
|turn|68
|
|t:|1659919877
|switch|p2a: tang ur wang|Tangrowth, M|100/100
|move|p1a: Luring Slurker|Knock Off|p2a: tang ur wang
|-damage|p2a: tang ur wang|85/100
|
|upkeep
|turn|69
|
|t:|1659919885
|switch|p1a: Permatrago|Shedinja|100/100
|move|p2a: tang ur wang|Sludge Bomb|p1a: Permatrago
|-immune|p1a: Permatrago|[from] ability: Wonder Guard
|
|upkeep
|turn|70
|
|t:|1659919890
|move|p1a: Permatrago|Will-O-Wisp|p2a: tang ur wang
|-status|p2a: tang ur wang|brn
|move|p2a: tang ur wang|Knock Off|p1a: Permatrago
|-supereffective|p1a: Permatrago
|-crit|p1a: Permatrago
|-damage|p1a: Permatrago|0 fnt
|-enditem|p1a: Permatrago|Heavy-Duty Boots|[from] move: Knock Off|[of] p2a: tang ur wang
|faint|p1a: Permatrago
|
|-damage|p2a: tang ur wang|79/100 brn|[from] brn
|upkeep
|
|t:|1659919893
|switch|p1a: Ashen Demon|Necrozma|94/100
|-damage|p1a: Ashen Demon|82/100|[from] Stealth Rock
|turn|71
|
|t:|1659919897
|switch|p2a: megan the eggin|Chansey, F|100/100
|move|p1a: Ashen Demon|Calm Mind|p1a: Ashen Demon
|-boost|p1a: Ashen Demon|spa|1
|-boost|p1a: Ashen Demon|spd|1
|
|-heal|p1a: Ashen Demon|88/100|[from] item: Leftovers
|upkeep
|turn|72
|
|t:|1659919903
|move|p1a: Ashen Demon|Calm Mind|p1a: Ashen Demon
|-boost|p1a: Ashen Demon|spa|1
|-boost|p1a: Ashen Demon|spd|1
|move|p2a: megan the eggin|Toxic|p1a: Ashen Demon
|-status|p1a: Ashen Demon|tox
|
|-heal|p1a: Ashen Demon|94/100 tox|[from] item: Leftovers
|-damage|p1a: Ashen Demon|88/100 tox|[from] psn
|upkeep
|turn|73
|
|t:|1659919919
|move|p1a: Ashen Demon|Calm Mind|p1a: Ashen Demon
|-boost|p1a: Ashen Demon|spa|1
|-boost|p1a: Ashen Demon|spd|1
|move|p2a: megan the eggin|Seismic Toss|p1a: Ashen Demon
|-damage|p1a: Ashen Demon|63/100 tox
|
|-heal|p1a: Ashen Demon|69/100 tox|[from] item: Leftovers
|-damage|p1a: Ashen Demon|57/100 tox|[from] psn
|upkeep
|turn|74
|
|t:|1659919921
|move|p1a: Ashen Demon|Stored Power|p2a: megan the eggin
|-damage|p2a: megan the eggin|52/100
|move|p2a: megan the eggin|Seismic Toss|p1a: Ashen Demon
|-damage|p1a: Ashen Demon|32/100 tox
|
|-heal|p1a: Ashen Demon|38/100 tox|[from] item: Leftovers
|-damage|p1a: Ashen Demon|20/100 tox|[from] psn
|upkeep
|turn|75
|
|t:|1659919925
|switch|p2a: umby wumby|Umbreon, M|100/100
|move|p1a: Ashen Demon|Heat Wave|p2a: umby wumby
|-damage|p2a: umby wumby|55/100
|
|-heal|p1a: Ashen Demon|26/100 tox|[from] item: Leftovers
|-heal|p2a: umby wumby|61/100|[from] item: Leftovers
|-damage|p1a: Ashen Demon|2/100 tox|[from] psn
|upkeep
|turn|76
|
|t:|1659919933
|move|p1a: Ashen Demon|Morning Sun|p1a: Ashen Demon
|-heal|p1a: Ashen Demon|52/100 tox
|move|p2a: umby wumby|Heal Bell|p2a: umby wumby
|-activate|p2a: umby wumby|move: Heal Bell
|-curestatus|p2: tang ur wang|brn|[msg]
|
|-heal|p1a: Ashen Demon|58/100 tox|[from] item: Leftovers
|-heal|p2a: umby wumby|67/100|[from] item: Leftovers
|-damage|p1a: Ashen Demon|27/100 tox|[from] psn
|upkeep
|turn|77
|
|t:|1659919937
|move|p1a: Ashen Demon|Heat Wave|p2a: umby wumby
|-damage|p2a: umby wumby|22/100
|move|p2a: umby wumby|Wish|p2a: umby wumby
|
|-heal|p1a: Ashen Demon|33/100 tox|[from] item: Leftovers
|-heal|p2a: umby wumby|28/100|[from] item: Leftovers
|-damage|p1a: Ashen Demon|0 fnt|[from] psn
|faint|p1a: Ashen Demon
|upkeep
|
|t:|1659919948
|switch|p1a: Man-at-Legs|Xurkitree|88/100
|-damage|p1a: Man-at-Legs|76/100|[from] Stealth Rock
|turn|78
|
|t:|1659919952
|switch|p2a: megan the eggin|Chansey, F|52/100
|move|p1a: Man-at-Legs|Dazzling Gleam|p2a: megan the eggin
|-damage|p2a: megan the eggin|41/100
|
|-heal|p2a: megan the eggin|68/100|[from] move: Wish|[wisher] umby wumby
|upkeep
|turn|79
|
|t:|1659919956
|move|p1a: Man-at-Legs|Zap Cannon|p2a: megan the eggin
|-damage|p2a: megan the eggin|42/100
|-status|p2a: megan the eggin|par
|move|p2a: megan the eggin|Seismic Toss|p1a: Man-at-Legs
|-damage|p1a: Man-at-Legs|43/100
|
|upkeep
|turn|80
|
|t:|1659919967
|-curestatus|p2a: megan the eggin|par|[from] ability: Natural Cure
|switch|p2a: tang ur wang|Tangrowth, M|100/100
|move|p1a: Man-at-Legs|Thunderbolt|p2a: tang ur wang
|-resisted|p2a: tang ur wang
|-damage|p2a: tang ur wang|69/100
|-status|p2a: tang ur wang|par
|
|upkeep
|turn|81
|
|t:|1659919972
|move|p1a: Man-at-Legs|Dazzling Gleam|p2a: tang ur wang
|-damage|p2a: tang ur wang|35/100 par
|move|p2a: tang ur wang|Earthquake|p1a: Man-at-Legs
|-supereffective|p1a: Man-at-Legs
|-damage|p1a: Man-at-Legs|0 fnt
|faint|p1a: Man-at-Legs
|
|upkeep
|
|t:|1659919977
|switch|p1a: Luring Slurker|Malamar, M|50/100
|-damage|p1a: Luring Slurker|38/100|[from] Stealth Rock
|turn|82
|
|t:|1659919981
|switch|p2a: poggy froggy|Quagsire, F|86/100
|move|p1a: Luring Slurker|Rest|p1a: Luring Slurker
|-status|p1a: Luring Slurker|slp|[from] move: Rest
|-heal|p1a: Luring Slurker|100/100 slp|[silent]
|
|upkeep
|turn|83
|
|t:|1659919985
|switch|p2a: tang ur wang|Tangrowth, M|69/100 par
|cant|p1a: Luring Slurker|slp
|move|p1a: Luring Slurker|Sleep Talk|p1a: Luring Slurker
|move|p1a: Luring Slurker|Rest||[from]move: Sleep Talk|[still]
|-fail|p1a: Luring Slurker
|
|upkeep
|turn|84
|
|t:|1659919988
|switch|p2a: poggy froggy|Quagsire, F|86/100
|cant|p1a: Luring Slurker|slp
|move|p1a: Luring Slurker|Sleep Talk|p1a: Luring Slurker
|move|p1a: Luring Slurker|Knock Off|p2a: poggy froggy|[from]move: Sleep Talk
|-damage|p2a: poggy froggy|66/100
|
|upkeep
|turn|85
|
|t:|1659919996
|-curestatus|p1a: Luring Slurker|slp|[msg]
|move|p1a: Luring Slurker|Knock Off|p2a: poggy froggy
|-damage|p2a: poggy froggy|46/100
|move|p2a: poggy froggy|Haze|p2a: poggy froggy
|-clearallboost
|
|upkeep
|turn|86
|
|t:|1659920000
|move|p1a: Luring Slurker|Knock Off|p2a: poggy froggy
|-damage|p2a: poggy froggy|26/100
|move|p2a: poggy froggy|Recover|p2a: poggy froggy
|-heal|p2a: poggy froggy|76/100
|
|upkeep
|turn|87
|
|t:|1659920003
|switch|p2a: tang ur wang|Tangrowth, M|100/100 par
|move|p1a: Luring Slurker|Knock Off|p2a: tang ur wang
|-damage|p2a: tang ur wang|85/100 par
|
|upkeep
|turn|88
|
|t:|1659920006
|switch|p2a: poggy froggy|Quagsire, F|76/100
|move|p1a: Luring Slurker|Knock Off|p2a: poggy froggy
|-damage|p2a: poggy froggy|56/100
|
|upkeep
|turn|89
|-message|Polybius32 forfeited.
|
|win|5 pia to the top
|raw|Polybius32's rating: 1400 &rarr; <strong>1384</strong><br />(-16 for losing)
|raw|5 pia to the top's rating: 1472 &rarr; <strong>1488</strong><br />(+16 for winning)
|l|☆Polybius32
||Ladder isn't responding, score probably updated but might not have (Request timeout).
