|j|☆udongirl
|j|☆Memedose46
|inactive|Battle timer is ON: inactive players will automatically lose when time's up.
|t:|1663928901
|gametype|singles
|player|p1|udongirl|#bltviiiturtwigs|
|player|p2|Memedose46|brendan-masters|
|teamsize|p1|6
|teamsize|p2|6
|gen|8
|tier|[Gen 8] UU
|rated|Tournament battle
|rule|Sleep Clause Mod: Limit one foe put to sleep
|rule|Species Clause: Limit one of each Pokémon
|rule|OHKO Clause: OHKO moves are banned
|rule|Evasion Items Clause: Evasion items are banned
|rule|Evasion Moves Clause: Evasion moves are banned
|rule|Endless Battle Clause: Forcing endless battles is banned
|rule|HP Percentage Mod: HP is shown in percentages
|rule|Dynamax Clause: You cannot dynamax
|clearpoke
|poke|p1|Hydreigon, M|
|poke|p1|Azumarill, F|
|poke|p1|Tangrowth, M|
|poke|p1|Skarmory, M|
|poke|p1|Nihilego|
|poke|p1|Moltres|
|poke|p2|Slowbro-Galar, F|
|poke|p2|Tangrowth, M|
|poke|p2|Cobalion|
|poke|p2|Rotom-Wash|
|poke|p2|Hydreigon, F|
|poke|p2|Mamoswine, M|
|teampreview
|j|*Lady Monita
|inactive|Memedose46 also wants the timer to be on.
|
|t:|1663928928
|start
|switch|p1a: Tangrowth|Tangrowth, M|100/100
|switch|p2a: pasty wasty|Slowbro-Galar, F|100/100
|turn|1
|j| t'es pas down
|
|t:|1663928950
|switch|p1a: Nihilego|Nihilego|100/100
|move|p2a: pasty wasty|Sludge Bomb|p1a: Nihilego
|-resisted|p1a: Nihilego
|-damage|p1a: Nihilego|94/100
|
|-heal|p1a: Nihilego|100/100|[from] item: Black Sludge
|upkeep
|turn|2
|
|t:|1663928960
|switch|p2a: wishy washy|Rotom-Wash|100/100
|move|p1a: Nihilego|Stealth Rock|p2a: wishy washy
|-sidestart|p2: Memedose46|move: Stealth Rock
|
|upkeep
|turn|3
|
|t:|1663928966
|move|p1a: Nihilego|Sludge Bomb|p2a: wishy washy
|-damage|p2a: wishy washy|55/100
|move|p2a: wishy washy|Volt Switch|p1a: Nihilego
|-damage|p1a: Nihilego|82/100
|
|t:|1663928976
|switch|p2a: tang his wang|Tangrowth, M|100/100|[from]move: Volt Switch
|-damage|p2a: tang his wang|88/100|[from] Stealth Rock
|
|-heal|p1a: Nihilego|88/100|[from] item: Black Sludge
|upkeep
|turn|4
|j| Milo That
|inactive|udongirl has 120 seconds left.
|inactive|Memedose46 has 120 seconds left.
|
|t:|1663929030
|switch|p1a: Skarmory|Skarmory, M|100/100
|move|p2a: tang his wang|Earthquake|p1a: Skarmory
|-immune|p1a: Skarmory
|
|upkeep
|turn|5
|inactive|Memedose46 has 120 seconds left.
|inactive|udongirl has 120 seconds left.
|
|t:|1663929046
|switch|p1a: Tangrowth|Tangrowth, M|100/100
|switch|p2a: wishy washy|Rotom-Wash|55/100
|-damage|p2a: wishy washy|43/100|[from] Stealth Rock
|
|-heal|p2a: wishy washy|49/100|[from] item: Leftovers
|upkeep
|turn|6
|inactive|Memedose46 has 120 seconds left.
|
|t:|1663929052
|move|p2a: wishy washy|Volt Switch|p1a: Tangrowth
|-resisted|p1a: Tangrowth
|-damage|p1a: Tangrowth|93/100
|
|t:|1663929056
|switch|p2a: pasty wasty|Slowbro-Galar, F|100/100|[from]move: Volt Switch
|-damage|p2a: pasty wasty|88/100|[from] Stealth Rock
|move|p1a: Tangrowth|Knock Off|p2a: pasty wasty
|-supereffective|p2a: pasty wasty
|-enditem|p2a: pasty wasty|Colbur Berry|[eat]
|-enditem|p2a: pasty wasty|Colbur Berry|[weaken]
|-damage|p2a: pasty wasty|73/100
|
|upkeep
|turn|7
|inactive|Memedose46 has 120 seconds left.
|
|t:|1663929079
|switch|p1a: Nihilego|Nihilego|88/100
|move|p2a: pasty wasty|Calm Mind|p2a: pasty wasty
|-boost|p2a: pasty wasty|spa|1
|-boost|p2a: pasty wasty|spd|1
|
|-heal|p1a: Nihilego|94/100|[from] item: Black Sludge
|upkeep
|turn|8
|inactive|Memedose46 has 120 seconds left.
|
|t:|1663929087
|move|p1a: Nihilego|Power Gem|p2a: pasty wasty
|-damage|p2a: pasty wasty|41/100
|move|p2a: pasty wasty|Slack Off|p2a: pasty wasty
|-heal|p2a: pasty wasty|91/100
|
|-heal|p1a: Nihilego|99/100|[from] item: Black Sludge
|upkeep
|turn|9
|
|t:|1663929091
|switch|p1a: Hydreigon|Hydreigon, M|100/100
|move|p2a: pasty wasty|Calm Mind|p2a: pasty wasty
|-boost|p2a: pasty wasty|spa|1
|-boost|p2a: pasty wasty|spd|1
|
|upkeep
|turn|10
|inactive|Memedose46 has 120 seconds left.
|
|t:|1663929139
|switch|p2a: hoard the sword|Cobalion|100/100
|-damage|p2a: hoard the sword|97/100|[from] Stealth Rock
|move|p1a: Hydreigon|Dark Pulse|p2a: hoard the sword
|-resisted|p2a: hoard the sword
|-damage|p2a: hoard the sword|68/100
|-ability|p2a: hoard the sword|Justified|boost
|-boost|p2a: hoard the sword|atk|1
|
|upkeep
|turn|11
|
|t:|1663929151
|switch|p1a: Tangrowth|Tangrowth, M|100/100
|move|p2a: hoard the sword|Stealth Rock|p1a: Tangrowth
|-sidestart|p1: udongirl|move: Stealth Rock
|
|upkeep
|turn|12
|inactive|Memedose46 has 90 seconds left.
|
|t:|1663929184
|move|p2a: hoard the sword|Volt Switch|p1a: Tangrowth
|-resisted|p1a: Tangrowth
|-damage|p1a: Tangrowth|96/100
|
|t:|1663929188
|switch|p2a: tang his wang|Tangrowth, M|100/100|[from]move: Volt Switch
|-damage|p2a: tang his wang|88/100|[from] Stealth Rock
|move|p1a: Tangrowth|Focus Blast|p2a: tang his wang
|-damage|p2a: tang his wang|70/100
|
|upkeep
|turn|13
|inactive|Memedose46 has 90 seconds left.
|
|t:|1663929200
|switch|p2a: pasty wasty|Slowbro-Galar, F|100/100
|-damage|p2a: pasty wasty|88/100|[from] Stealth Rock
|switch|p1a: Skarmory|Skarmory, M|100/100
|-damage|p1a: Skarmory|88/100|[from] Stealth Rock
|
|upkeep
|turn|14
|
|t:|1663929205
|switch|p1a: Hydreigon|Hydreigon, M|100/100
|-damage|p1a: Hydreigon|88/100|[from] Stealth Rock
|move|p2a: pasty wasty|Flamethrower|p1a: Hydreigon
|-resisted|p1a: Hydreigon
|-damage|p1a: Hydreigon|76/100
|
|upkeep
|turn|15
|
|t:|1663929219
|switch|p2a: tang his wang|Tangrowth, M|100/100
|-damage|p2a: tang his wang|88/100|[from] Stealth Rock
|move|p1a: Hydreigon|U-turn|p2a: tang his wang
|-supereffective|p2a: tang his wang
|-damage|p2a: tang his wang|66/100
|
|t:|1663929227
|switch|p1a: Skarmory|Skarmory, M|88/100|[from]move: U-turn
|-damage|p1a: Skarmory|76/100|[from] Stealth Rock
|
|upkeep
|turn|16
|
|t:|1663929231
|switch|p2a: wishy washy|Rotom-Wash|49/100
|-damage|p2a: wishy washy|36/100|[from] Stealth Rock
|move|p1a: Skarmory|Spikes|p2a: wishy washy
|-sidestart|p2: Memedose46|Spikes
|
|-heal|p2a: wishy washy|43/100|[from] item: Leftovers
|upkeep
|turn|17
|
|t:|1663929237
|switch|p1a: Hydreigon|Hydreigon, M|76/100
|-damage|p1a: Hydreigon|63/100|[from] Stealth Rock
|move|p2a: wishy washy|Defog|p1a: Hydreigon
|-unboost|p1a: Hydreigon|evasion|1
|-sideend|p1: udongirl|Stealth Rock|[from] move: Defog|[of] p2a: wishy washy
|-sideend|p2: Memedose46|Spikes|[from] move: Defog|[of] p2a: wishy washy
|-sideend|p2: Memedose46|Stealth Rock|[from] move: Defog|[of] p2a: wishy washy
|
|-heal|p2a: wishy washy|49/100|[from] item: Leftovers
|upkeep
|turn|18
|
|t:|1663929244
|switch|p2a: tang his wang|Tangrowth, M|99/100
|move|p1a: Hydreigon|Draco Meteor|p2a: tang his wang
|-damage|p2a: tang his wang|60/100
|-unboost|p1a: Hydreigon|spa|2
|
|upkeep
|turn|19
|
|t:|1663929253
|switch|p1a: Skarmory|Skarmory, M|76/100
|move|p2a: tang his wang|Knock Off|p1a: Skarmory
|-damage|p1a: Skarmory|61/100
|-damage|p2a: tang his wang|43/100|[from] item: Rocky Helmet|[of] p1a: Skarmory
|-enditem|p1a: Skarmory|Rocky Helmet|[from] move: Knock Off|[of] p2a: tang his wang
|
|upkeep
|turn|20
|
|t:|1663929260
|move|p1a: Skarmory|Body Press|p2a: tang his wang
|-damage|p2a: tang his wang|21/100
|move|p2a: tang his wang|Earthquake|p1a: Skarmory
|-immune|p1a: Skarmory
|
|upkeep
|turn|21
|l| t'es pas down
|inactive|Memedose46 has 120 seconds left.
|
|t:|1663929293
|switch|p2a: pasty wasty|Slowbro-Galar, F|100/100
|move|p1a: Skarmory|Spikes|p2a: pasty wasty
|-sidestart|p2: Memedose46|Spikes
|
|upkeep
|turn|22
|
|t:|1663929302
|switch|p1a: Hydreigon|Hydreigon, M|63/100
|move|p2a: pasty wasty|Flamethrower|p1a: Hydreigon
|-resisted|p1a: Hydreigon
|-damage|p1a: Hydreigon|51/100
|
|upkeep
|turn|23
|
|t:|1663929310
|switch|p2a: tang his wang|Tangrowth, M|54/100
|-damage|p2a: tang his wang|42/100|[from] Spikes
|move|p1a: Hydreigon|Dark Pulse|p2a: tang his wang
|-damage|p2a: tang his wang|17/100
|
|upkeep
|turn|24
|
|t:|1663929314
|switch|p2a: hole breaker|Hydreigon, F|100/100
|move|p1a: Hydreigon|Dark Pulse|p2a: hole breaker
|-resisted|p2a: hole breaker
|-damage|p2a: hole breaker|76/100
|
|upkeep
|turn|25
|
|t:|1663929323
|switch|p1a: Moltres|Moltres|100/100
|move|p2a: hole breaker|U-turn|p1a: Moltres
|-resisted|p1a: Moltres
|-damage|p1a: Moltres|97/100
|
|t:|1663929328
|switch|p2a: wishy washy|Rotom-Wash|49/100|[from]move: U-turn
|
|-heal|p2a: wishy washy|55/100|[from] item: Leftovers
|upkeep
|turn|26
|
|t:|1663929336
|move|p2a: wishy washy|Pain Split|p1a: Moltres
|-sethp|p1a: Moltres|70/100|[from] move: Pain Split|[silent]
|-sethp|p2a: wishy washy|88/100|[from] move: Pain Split
|move|p1a: Moltres|Toxic|p2a: wishy washy
|-status|p2a: wishy washy|tox
|
|-heal|p2a: wishy washy|95/100 tox|[from] item: Leftovers
|-damage|p2a: wishy washy|88/100 tox|[from] psn
|upkeep
|turn|27
|
|t:|1663929343
|switch|p1a: Tangrowth|Tangrowth, M|100/100
|move|p2a: wishy washy|Volt Switch|p1a: Tangrowth
|-resisted|p1a: Tangrowth
|-damage|p1a: Tangrowth|93/100
|
|t:|1663929351
|switch|p2a: pasty wasty|Slowbro-Galar, F|100/100|[from]move: Volt Switch
|-damage|p2a: pasty wasty|88/100|[from] Spikes
|
|upkeep
|turn|28
|
|t:|1663929367
|switch|p1a: Nihilego|Nihilego|99/100
|switch|p2a: tang his wang|Tangrowth, M|50/100
|-damage|p2a: tang his wang|38/100|[from] Spikes
|
|-heal|p1a: Nihilego|100/100|[from] item: Black Sludge
|upkeep
|turn|29
|
|t:|1663929373
|switch|p2a: hoard the sword|Cobalion|68/100
|-damage|p2a: hoard the sword|55/100|[from] Spikes
|move|p1a: Nihilego|Power Gem|p2a: hoard the sword
|-resisted|p2a: hoard the sword
|-damage|p2a: hoard the sword|41/100
|
|upkeep
|turn|30
|
|t:|1663929380
|switch|p1a: Azumarill|Azumarill, F|100/100
|move|p2a: hoard the sword|Volt Switch|p1a: Azumarill
|-supereffective|p1a: Azumarill
|-damage|p1a: Azumarill|71/100
|
|t:|1663929384
|switch|p2a: wishy washy|Rotom-Wash|88/100 tox|[from]move: Volt Switch
|
|-heal|p2a: wishy washy|95/100 tox|[from] item: Leftovers
|-damage|p2a: wishy washy|88/100 tox|[from] psn
|upkeep
|turn|31
|
|t:|1663929392
|move|p2a: wishy washy|Volt Switch|p1a: Azumarill
|-supereffective|p1a: Azumarill
|-damage|p1a: Azumarill|20/100
|
|t:|1663929395
|switch|p2a: hoard the sword|Cobalion|41/100|[from]move: Volt Switch
|-damage|p2a: hoard the sword|28/100|[from] Spikes
|move|p1a: Azumarill|Play Rough|p2a: hoard the sword
|-damage|p2a: hoard the sword|0 fnt
|-damage|p1a: Azumarill|3/100|[from] item: Rocky Helmet|[of] p2a: hoard the sword
|faint|p2a: hoard the sword
|
|upkeep
|
|t:|1663929403
|switch|p2a: wishy washy|Rotom-Wash|88/100 tox
|turn|32
|
|t:|1663929417
|switch|p1a: Tangrowth|Tangrowth, M|100/100
|move|p2a: wishy washy|Volt Switch|p1a: Tangrowth
|-resisted|p1a: Tangrowth
|-crit|p1a: Tangrowth
|-damage|p1a: Tangrowth|90/100
|
|t:|1663929422
|switch|p2a: husky tusky|Mamoswine, M|100/100|[from]move: Volt Switch
|-damage|p2a: husky tusky|88/100|[from] Spikes
|
|upkeep
|turn|33
|inactive|udongirl has 120 seconds left.
|inactive|Memedose46 has 120 seconds left.
|
|t:|1663929485
|switch|p1a: Azumarill|Azumarill, F|3/100
|move|p2a: husky tusky|Icicle Crash|p1a: Azumarill|[miss]
|-miss|p2a: husky tusky|p1a: Azumarill
|
|upkeep
|turn|34
|
|t:|1663929492
|move|p2a: husky tusky|Ice Shard|p1a: Azumarill
|-resisted|p1a: Azumarill
|-damage|p1a: Azumarill|0 fnt
|faint|p1a: Azumarill
|-damage|p2a: husky tusky|78/100|[from] item: Life Orb
|
|upkeep
|
|t:|1663929495
|switch|p1a: Nihilego|Nihilego|100/100
|turn|35
|
|t:|1663929507
|switch|p2a: tang his wang|Tangrowth, M|71/100
|-damage|p2a: tang his wang|58/100|[from] Spikes
|move|p1a: Nihilego|Grass Knot|p2a: tang his wang
|-resisted|p2a: tang his wang
|-damage|p2a: tang his wang|48/100
|
|upkeep
|turn|36
|
|t:|1663929521
|switch|p2a: pasty wasty|Slowbro-Galar, F|100/100
|-damage|p2a: pasty wasty|88/100|[from] Spikes
|move|p1a: Nihilego|Sludge Bomb|p2a: pasty wasty
|-resisted|p2a: pasty wasty
|-damage|p2a: pasty wasty|60/100
|
|upkeep
|turn|37
|inactive|udongirl has 120 seconds left.
|
|t:|1663929529
|move|p1a: Nihilego|Stealth Rock|p2a: pasty wasty
|-sidestart|p2: Memedose46|move: Stealth Rock
|move|p2a: pasty wasty|Slack Off|p2a: pasty wasty
|-heal|p2a: pasty wasty|100/100
|
|upkeep
|turn|38
|
|t:|1663929537
|switch|p1a: Hydreigon|Hydreigon, M|51/100
|move|p2a: pasty wasty|Sludge Bomb|p1a: Hydreigon
|-damage|p1a: Hydreigon|17/100
|-status|p1a: Hydreigon|psn
|
|-damage|p1a: Hydreigon|5/100 psn|[from] psn
|upkeep
|turn|39
|
|t:|1663929548
|switch|p2a: wishy washy|Rotom-Wash|88/100 tox
|-damage|p2a: wishy washy|76/100 tox|[from] Stealth Rock
|move|p1a: Hydreigon|U-turn|p2a: wishy washy
|-damage|p2a: wishy washy|61/100 tox
|
|t:|1663929553
|switch|p1a: Nihilego|Nihilego|100/100|[from]move: U-turn
|
|-heal|p2a: wishy washy|67/100 tox|[from] item: Leftovers
|-damage|p2a: wishy washy|61/100 tox|[from] psn
|upkeep
|turn|40
|
|t:|1663929557
|move|p1a: Nihilego|Power Gem|p2a: wishy washy
|-damage|p2a: wishy washy|20/100 tox
|move|p2a: wishy washy|Hydro Pump|p1a: Nihilego
|-supereffective|p1a: Nihilego
|-damage|p1a: Nihilego|42/100
|
|-heal|p1a: Nihilego|48/100|[from] item: Black Sludge
|-heal|p2a: wishy washy|26/100 tox|[from] item: Leftovers
|-damage|p2a: wishy washy|14/100 tox|[from] psn
|upkeep
|turn|41
|
|t:|1663929566
|move|p1a: Nihilego|Power Gem|p2a: wishy washy
|-damage|p2a: wishy washy|0 fnt
|faint|p2a: wishy washy
|-ability|p1a: Nihilego|Beast Boost|boost
|-boost|p1a: Nihilego|spa|1
|
|-heal|p1a: Nihilego|54/100|[from] item: Black Sludge
|upkeep
|
|t:|1663929569
|switch|p2a: hole breaker|Hydreigon, F|76/100
|-damage|p2a: hole breaker|64/100|[from] Stealth Rock
|turn|42
|
|t:|1663929592
|switch|p1a: Tangrowth|Tangrowth, M|100/100
|move|p2a: hole breaker|Dark Pulse|p1a: Tangrowth
|-damage|p1a: Tangrowth|76/100
|
|upkeep
|turn|43
|inactive|udongirl has 120 seconds left.
|
|t:|1663929627
|move|p2a: hole breaker|Dark Pulse|p1a: Tangrowth
|-damage|p1a: Tangrowth|50/100
|cant|p1a: Tangrowth|flinch
|
|upkeep
|turn|44
|
|t:|1663929631
|switch|p2a: pasty wasty|Slowbro-Galar, F|100/100
|-damage|p2a: pasty wasty|88/100|[from] Spikes
|-damage|p2a: pasty wasty|76/100|[from] Stealth Rock
|move|p1a: Tangrowth|Focus Blast|p2a: pasty wasty
|-resisted|p2a: pasty wasty
|-damage|p2a: pasty wasty|66/100
|
|upkeep
|turn|45
|
|t:|1663929639
|switch|p1a: Moltres|Moltres|70/100
|move|p2a: pasty wasty|Calm Mind|p2a: pasty wasty
|-boost|p2a: pasty wasty|spa|1
|-boost|p2a: pasty wasty|spd|1
|
|upkeep
|turn|46
|
|t:|1663929644
|move|p1a: Moltres|Hurricane|p2a: pasty wasty|[miss]
|-miss|p1a: Moltres|p2a: pasty wasty
|move|p2a: pasty wasty|Slack Off|p2a: pasty wasty
|-heal|p2a: pasty wasty|100/100
|
|upkeep
|turn|47
|
|t:|1663929647
|move|p1a: Moltres|Hurricane|p2a: pasty wasty|[miss]
|-miss|p1a: Moltres|p2a: pasty wasty
|move|p2a: pasty wasty|Calm Mind|p2a: pasty wasty
|-boost|p2a: pasty wasty|spa|1
|-boost|p2a: pasty wasty|spd|1
|
|upkeep
|turn|48
|
|t:|1663929649
|move|p1a: Moltres|Hurricane|p2a: pasty wasty|[miss]
|-miss|p1a: Moltres|p2a: pasty wasty
|move|p2a: pasty wasty|Calm Mind|p2a: pasty wasty
|-boost|p2a: pasty wasty|spa|1
|-boost|p2a: pasty wasty|spd|1
|
|upkeep
|turn|49
|
|t:|1663929656
|move|p1a: Moltres|Hurricane|p2a: pasty wasty
|-damage|p2a: pasty wasty|74/100
|move|p2a: pasty wasty|Calm Mind|p2a: pasty wasty
|-boost|p2a: pasty wasty|spa|1
|-boost|p2a: pasty wasty|spd|1
|
|upkeep
|turn|50
|
|t:|1663929661
|move|p1a: Moltres|Hurricane|p2a: pasty wasty
|-damage|p2a: pasty wasty|51/100
|move|p2a: pasty wasty|Calm Mind|p2a: pasty wasty
|-boost|p2a: pasty wasty|spa|1
|-boost|p2a: pasty wasty|spd|1
|
|upkeep
|turn|51
|
|t:|1663929664
|move|p1a: Moltres|Hurricane|p2a: pasty wasty|[miss]
|-miss|p1a: Moltres|p2a: pasty wasty
|move|p2a: pasty wasty|Slack Off|p2a: pasty wasty
|-heal|p2a: pasty wasty|100/100
|
|upkeep
|turn|52
|
|t:|1663929667
|move|p1a: Moltres|Hurricane|p2a: pasty wasty|[miss]
|-miss|p1a: Moltres|p2a: pasty wasty
|move|p2a: pasty wasty|Calm Mind|p2a: pasty wasty
|-boost|p2a: pasty wasty|spa|1
|-boost|p2a: pasty wasty|spd|1
|
|upkeep
|turn|53
|
|t:|1663929671
|move|p1a: Moltres|Hurricane|p2a: pasty wasty
|-damage|p2a: pasty wasty|82/100
|move|p2a: pasty wasty|Slack Off|p2a: pasty wasty
|-heal|p2a: pasty wasty|100/100
|
|upkeep
|turn|54
|
|t:|1663929679
|move|p1a: Moltres|Hurricane|p2a: pasty wasty|[miss]
|-miss|p1a: Moltres|p2a: pasty wasty
|move|p2a: pasty wasty|Sludge Bomb|p1a: Moltres
|-damage|p1a: Moltres|0 fnt
|faint|p1a: Moltres
|
|upkeep
|
|t:|1663929684
|switch|p1a: Nihilego|Nihilego|54/100
|turn|55
|
|t:|1663929696
|move|p1a: Nihilego|Power Gem|p2a: pasty wasty
|-damage|p2a: pasty wasty|89/100
|move|p2a: pasty wasty|Sludge Bomb|p1a: Nihilego
|-resisted|p1a: Nihilego
|-damage|p1a: Nihilego|32/100
|
|-heal|p1a: Nihilego|38/100|[from] item: Black Sludge
|upkeep
|turn|56
|
|t:|1663929700
|move|p1a: Nihilego|Power Gem|p2a: pasty wasty
|-damage|p2a: pasty wasty|77/100
|move|p2a: pasty wasty|Sludge Bomb|p1a: Nihilego
|-resisted|p1a: Nihilego
|-damage|p1a: Nihilego|16/100
|
|-heal|p1a: Nihilego|23/100|[from] item: Black Sludge
|upkeep
|turn|57
|
|t:|1663929706
|move|p1a: Nihilego|Power Gem|p2a: pasty wasty
|-damage|p2a: pasty wasty|65/100
|move|p2a: pasty wasty|Sludge Bomb|p1a: Nihilego
|-resisted|p1a: Nihilego
|-damage|p1a: Nihilego|0 fnt
|faint|p1a: Nihilego
|
|upkeep
|inactive|udongirl has 120 seconds left.
|-message|udongirl forfeited.
|
|win|Memedose46
|n|☆udongirl|udongirl
|n|☆Memedose46|memedose46
|n|*Lady Monita|ladymonita
|n| Milo That|milothat
|l|*Lady Monita
|l|☆udongirl
|l|☆Memedose46
|j|☆Memedose46
|player|p2|Memedose46|brendan-masters
