|j|☆galactest bro !
|j|☆haunter7
|t:|1620923342
|gametype|singles
|player|p1|galactest bro !|169|1333
|player|p2|haunter7|285|1548
|teamsize|p1|6
|teamsize|p2|6
|gen|8
|tier|[Gen 8] UU
|rated|
|rule|Sleep Clause Mod: Limit one foe put to sleep
|rule|Species Clause: Limit one of each Pokémon
|rule|OHKO Clause: OHKO moves are banned
|rule|Evasion Moves Clause: Evasion moves are banned
|rule|Endless Battle Clause: Forcing endless battles is banned
|rule|HP Percentage Mod: HP is shown in percentages
|rule|Dynamax Clause: You cannot dynamax
|clearpoke
|poke|p1|Jirachi|
|poke|p1|Azumarill, F|
|poke|p1|Amoonguss, F|
|poke|p1|Zygarde-10%|
|poke|p1|Rotom-Heat|
|poke|p1|Cobalion|
|poke|p2|Mienshao, M|
|poke|p2|Mamoswine, M|
|poke|p2|Volcanion|
|poke|p2|Darmanitan, F|
|poke|p2|Scizor, M|
|poke|p2|Whimsicott, F|
|teampreview
|
|t:|1620923385
|start
|switch|p1a: Cobalion|Cobalion|100/100
|switch|p2a: Darmanitan|Darmanitan, F|100/100
|turn|1
|
|t:|1620923411
|switch|p1a: Rotom|Rotom-Heat|100/100
|move|p2a: Darmanitan|Flare Blitz|p1a: Rotom
|-resisted|p1a: Rotom
|-damage|p1a: Rotom|53/100
|-damage|p2a: Darmanitan|87/100|[from] Recoil
|
|upkeep
|turn|2
|
|t:|1620923425
|switch|p2a: Mamoswine|Mamoswine, M|100/100
|move|p1a: Rotom|Pain Split|p2a: Mamoswine
|-sethp|p2a: Mamoswine|73/100|[from] move: Pain Split|[silent]
|-sethp|p1a: Rotom|86/100|[from] move: Pain Split
|
|upkeep
|turn|3
|
|t:|1620923455
|move|p1a: Rotom|Toxic|p2a: Mamoswine
|-status|p2a: Mamoswine|tox
|move|p2a: Mamoswine|Stone Edge|p1a: Rotom
|-supereffective|p1a: Rotom
|-damage|p1a: Rotom|5/100
|
|-damage|p2a: Mamoswine|66/100 tox|[from] psn
|upkeep
|turn|4
|
|t:|1620923464
|switch|p1a: Cobalion|Cobalion|100/100
|move|p2a: Mamoswine|Ice Shard|p1a: Cobalion
|-resisted|p1a: Cobalion
|-damage|p1a: Cobalion|91/100
|
|-damage|p2a: Mamoswine|54/100 tox|[from] psn
|upkeep
|turn|5
|
|t:|1620923472
|move|p1a: Cobalion|Stealth Rock|p2a: Mamoswine
|-sidestart|p2: haunter7|move: Stealth Rock
|move|p2a: Mamoswine|Earthquake|p1a: Cobalion
|-supereffective|p1a: Cobalion
|-enditem|p1a: Cobalion|Shuca Berry|[eat]
|-enditem|p1a: Cobalion|Shuca Berry|[weaken]
|-damage|p1a: Cobalion|47/100
|
|-damage|p2a: Mamoswine|36/100 tox|[from] psn
|upkeep
|turn|6
|
|t:|1620923484
|switch|p2a: Whimsicott|Whimsicott, F|100/100
|-damage|p2a: Whimsicott|88/100|[from] Stealth Rock
|move|p1a: Cobalion|Stone Edge|p2a: Whimsicott
|-damage|p2a: Whimsicott|64/100
|
|-heal|p2a: Whimsicott|71/100|[from] item: Leftovers
|upkeep
|turn|7
|
|t:|1620923495
|move|p2a: Whimsicott|Defog|p1a: Cobalion
|-unboost|p1a: Cobalion|evasion|1
|-sideend|p2: haunter7|Stealth Rock|[from] move: Defog|[of] p2a: Whimsicott
|move|p1a: Cobalion|Volt Switch|p2a: Whimsicott
|-resisted|p2a: Whimsicott
|-damage|p2a: Whimsicott|62/100
|
|t:|1620923501
|switch|p1a: Jirachi|Jirachi|100/100|[from]move: Volt Switch
|
|-heal|p2a: Whimsicott|68/100|[from] item: Leftovers
|upkeep
|turn|8
|
|t:|1620923509
|switch|p2a: Volcanion|Volcanion|100/100
|move|p1a: Jirachi|U-turn|p2a: Volcanion
|-resisted|p2a: Volcanion
|-damage|p2a: Volcanion|92/100
|
|t:|1620923515
|switch|p1a: Zygarde|Zygarde-10%|100/100|[from]move: U-turn
|-ability|p1a: Zygarde|Aura Break
|
|upkeep
|turn|9
|
|t:|1620923525
|switch|p2a: Whimsicott|Whimsicott, F|68/100
|move|p1a: Zygarde|Toxic|p2a: Whimsicott
|-status|p2a: Whimsicott|tox
|
|-heal|p2a: Whimsicott|74/100 tox|[from] item: Leftovers
|-damage|p2a: Whimsicott|68/100 tox|[from] psn
|upkeep
|turn|10
|j| NT61x TestTechles
|
|t:|1620923552
|switch|p1a: Amoonguss|Amoonguss, F|100/100
|move|p2a: Whimsicott|U-turn|p1a: Amoonguss
|-damage|p1a: Amoonguss|92/100
|-damage|p2a: Whimsicott|51/100 tox|[from] item: Rocky Helmet|[of] p1a: Amoonguss
|
|t:|1620923576
|switch|p2a: Darmanitan|Darmanitan, F|87/100|[from]move: U-turn
|
|upkeep
|turn|11
|
|t:|1620923593
|switch|p1a: Rotom|Rotom-Heat|5/100
|move|p2a: Darmanitan|Flare Blitz|p1a: Rotom
|-resisted|p1a: Rotom
|-damage|p1a: Rotom|0 fnt
|faint|p1a: Rotom
|-damage|p2a: Darmanitan|85/100|[from] Recoil
|
|upkeep
|
|t:|1620923602
|switch|p1a: Zygarde|Zygarde-10%|100/100
|-ability|p1a: Zygarde|Aura Break
|turn|12
|
|t:|1620923614
|switch|p2a: Whimsicott|Whimsicott, F|51/100 tox
|move|p1a: Zygarde|Thousand Arrows|p2a: Whimsicott
|-resisted|p2a: Whimsicott
|-damage|p2a: Whimsicott|28/100 tox
|
|-heal|p2a: Whimsicott|34/100 tox|[from] item: Leftovers
|-damage|p2a: Whimsicott|28/100 tox|[from] psn
|upkeep
|turn|13
|
|t:|1620923691
|move|p1a: Zygarde|Thousand Arrows|p2a: Whimsicott
|-resisted|p2a: Whimsicott
|-damage|p2a: Whimsicott|2/100 tox
|move|p2a: Whimsicott|U-turn|p1a: Zygarde
|-damage|p1a: Zygarde|83/100
|
|t:|1620923756
|switch|p2a: Scizor|Scizor, M|100/100|[from]move: U-turn
|
|upkeep
|turn|14
|
|t:|1620923786
|switch|p1a: Jirachi|Jirachi|100/100
|move|p2a: Scizor|U-turn|p1a: Jirachi
|-damage|p1a: Jirachi|36/100
|
|t:|1620923794
|switch|p2a: Volcanion|Volcanion|92/100|[from]move: U-turn
|
|upkeep
|turn|15
|
|t:|1620923809
|move|p1a: Jirachi|U-turn|p2a: Volcanion
|-resisted|p2a: Volcanion
|-damage|p2a: Volcanion|83/100
|
|t:|1620923816
|switch|p1a: Amoonguss|Amoonguss, F|100/100|[from]move: U-turn
|move|p2a: Volcanion|Earth Power|p1a: Amoonguss
|-damage|p1a: Amoonguss|65/100
|
|upkeep
|turn|16
|
|t:|1620923823
|switch|p1a: Zygarde|Zygarde-10%|83/100
|-ability|p1a: Zygarde|Aura Break
|move|p2a: Volcanion|Flamethrower|p1a: Zygarde
|-resisted|p1a: Zygarde
|-damage|p1a: Zygarde|44/100
|
|upkeep
|turn|17
|
|t:|1620923830
|switch|p2a: Whimsicott|Whimsicott, F|2/100 tox
|move|p1a: Zygarde|Thousand Arrows|p2a: Whimsicott
|-resisted|p2a: Whimsicott
|-damage|p2a: Whimsicott|0 fnt
|faint|p2a: Whimsicott
|
|upkeep
|
|t:|1620923834
|switch|p2a: Scizor|Scizor, M|100/100
|turn|18
|
|t:|1620923845
|switch|p1a: Amoonguss|Amoonguss, F|98/100
|move|p2a: Scizor|U-turn|p1a: Amoonguss
|-damage|p1a: Amoonguss|56/100
|-damage|p2a: Scizor|84/100|[from] item: Rocky Helmet|[of] p1a: Amoonguss
|
|t:|1620923855
|switch|p2a: Volcanion|Volcanion|83/100|[from]move: U-turn
|
|upkeep
|turn|19
|
|t:|1620923886
|switch|p1a: Zygarde|Zygarde-10%|44/100
|-ability|p1a: Zygarde|Aura Break
|move|p2a: Volcanion|Flamethrower|p1a: Zygarde
|-resisted|p1a: Zygarde
|-damage|p1a: Zygarde|4/100
|
|upkeep
|turn|20
|
|t:|1620923898
|switch|p2a: Mamoswine|Mamoswine, M|36/100 tox
|move|p1a: Zygarde|Thousand Arrows|p2a: Mamoswine
|-damage|p2a: Mamoswine|0 fnt
|faint|p2a: Mamoswine
|
|upkeep
|
|t:|1620923905
|switch|p2a: Darmanitan|Darmanitan, F|85/100
|turn|21
|
|t:|1620923938
|switch|p1a: Jirachi|Jirachi|36/100
|move|p2a: Darmanitan|U-turn|p1a: Jirachi
|-damage|p1a: Jirachi|8/100
|
|t:|1620923966
|switch|p2a: Scizor|Scizor, M|84/100|[from]move: U-turn
|
|upkeep
|turn|22
|
|t:|1620923974
|move|p2a: Scizor|Bullet Punch|p1a: Jirachi
|-resisted|p1a: Jirachi
|-damage|p1a: Jirachi|0 fnt
|faint|p1a: Jirachi
|
|upkeep
|
|t:|1620923979
|switch|p1a: Cobalion|Cobalion|47/100
|turn|23
|
|t:|1620923989
|move|p2a: Scizor|Bullet Punch|p1a: Cobalion
|-resisted|p1a: Cobalion
|-damage|p1a: Cobalion|23/100
|move|p1a: Cobalion|Stealth Rock|p2a: Scizor
|-sidestart|p2: haunter7|move: Stealth Rock
|
|upkeep
|turn|24
|
|t:|1620923999
|switch|p1a: Amoonguss|Amoonguss, F|89/100
|move|p2a: Scizor|Bullet Punch|p1a: Amoonguss
|-damage|p1a: Amoonguss|51/100
|-damage|p2a: Scizor|67/100|[from] item: Rocky Helmet|[of] p1a: Amoonguss
|
|upkeep
|turn|25
|
|t:|1620924012
|switch|p2a: Mienshao|Mienshao, M|100/100
|-damage|p2a: Mienshao|95/100|[from] Stealth Rock
|move|p1a: Amoonguss|Foul Play|p2a: Mienshao
|-resisted|p2a: Mienshao
|-damage|p2a: Mienshao|68/100
|
|upkeep
|turn|26
|inactive|Battle timer is ON: inactive players will automatically lose when time's up. (requested by haunter7)
|
|t:|1620924067
|switch|p1a: Azumarill|Azumarill, F|100/100
|move|p2a: Mienshao|Blaze Kick|p1a: Azumarill
|-resisted|p1a: Azumarill
|-damage|p1a: Azumarill|78/100
|-damage|p2a: Mienshao|58/100|[from] item: Life Orb
|
|upkeep
|turn|27
|inactive|haunter7 has 120 seconds left.
|
|t:|1620924102
|switch|p1a: Amoonguss|Amoonguss, F|84/100
|move|p2a: Mienshao|Stone Edge|p1a: Amoonguss
|-damage|p1a: Amoonguss|49/100
|-damage|p2a: Mienshao|48/100|[from] item: Life Orb
|
|upkeep
|turn|28
|
|t:|1620924113
|switch|p1a: Azumarill|Azumarill, F|78/100
|move|p2a: Mienshao|Blaze Kick|p1a: Azumarill
|-resisted|p1a: Azumarill
|-damage|p1a: Azumarill|54/100
|-status|p1a: Azumarill|brn
|-damage|p2a: Mienshao|38/100|[from] item: Life Orb
|
|-damage|p1a: Azumarill|48/100 brn|[from] brn
|upkeep
|-enditem|p1a: Azumarill|Sitrus Berry|[eat]
|-heal|p1a: Azumarill|73/100 brn|[from] item: Sitrus Berry
|turn|29
|
|t:|1620924129
|switch|p2a: Volcanion|Volcanion|83/100
|-damage|p2a: Volcanion|58/100|[from] Stealth Rock
|move|p1a: Azumarill|Play Rough|p2a: Volcanion
|-resisted|p2a: Volcanion
|-crit|p2a: Volcanion
|-damage|p2a: Volcanion|41/100
|
|-damage|p1a: Azumarill|67/100 brn|[from] brn
|upkeep
|turn|30
|inactive|galactest bro ! has 120 seconds left.
|
|t:|1620924173
|switch|p1a: Cobalion|Cobalion|23/100
|move|p2a: Volcanion|Earth Power|p1a: Cobalion
|-supereffective|p1a: Cobalion
|-damage|p1a: Cobalion|0 fnt
|faint|p1a: Cobalion
|
|upkeep
|
|t:|1620924181
|switch|p1a: Zygarde|Zygarde-10%|4/100
|-ability|p1a: Zygarde|Aura Break
|turn|31
|
|t:|1620924199
|move|p1a: Zygarde|Thousand Arrows|p2a: Volcanion
|-supereffective|p2a: Volcanion
|-damage|p2a: Volcanion|0 fnt
|faint|p2a: Volcanion
|
|upkeep
|
|t:|1620924202
|switch|p2a: Scizor|Scizor, M|67/100
|-damage|p2a: Scizor|55/100|[from] Stealth Rock
|turn|32
|
|t:|1620924208
|switch|p1a: Amoonguss|Amoonguss, F|82/100
|move|p2a: Scizor|Bullet Punch|p1a: Amoonguss
|-damage|p1a: Amoonguss|45/100
|-damage|p2a: Scizor|38/100|[from] item: Rocky Helmet|[of] p1a: Amoonguss
|
|upkeep
|turn|33
|
|t:|1620924220
|switch|p2a: Mienshao|Mienshao, M|71/100
|-damage|p2a: Mienshao|65/100|[from] Stealth Rock
|move|p1a: Amoonguss|Spore|p2a: Mienshao
|-status|p2a: Mienshao|slp|[from] move: Spore
|
|upkeep
|turn|34
|l| NT61x TestTechles
|
|t:|1620924233
|switch|p2a: Darmanitan|Darmanitan, F|85/100
|-damage|p2a: Darmanitan|61/100|[from] Stealth Rock
|move|p1a: Amoonguss|Giga Drain|p2a: Darmanitan
|-resisted|p2a: Darmanitan
|-damage|p2a: Darmanitan|44/100
|-heal|p1a: Amoonguss|52/100|[from] drain|[of] p2a: Darmanitan
|
|upkeep
|turn|35
|
|t:|1620924248
|switch|p1a: Azumarill|Azumarill, F|67/100 brn
|move|p2a: Darmanitan|Zen Headbutt|p1a: Azumarill
|-damage|p1a: Azumarill|22/100 brn
|
|-damage|p1a: Azumarill|15/100 brn|[from] brn
|upkeep
|turn|36
|
|t:|1620924261
|move|p1a: Azumarill|Aqua Jet|p2a: Darmanitan
|-supereffective|p2a: Darmanitan
|-damage|p2a: Darmanitan|6/100
|move|p2a: Darmanitan|Zen Headbutt|p1a: Azumarill
|-damage|p1a: Azumarill|0 fnt
|faint|p1a: Azumarill
|
|upkeep
|
|t:|1620924273
|switch|p1a: Zygarde|Zygarde-10%|4/100
|-ability|p1a: Zygarde|Aura Break
|turn|37
|
|t:|1620924297
|move|p1a: Zygarde|Extreme Speed|p2a: Darmanitan
|-damage|p2a: Darmanitan|0 fnt
|faint|p2a: Darmanitan
|
|upkeep
|
|t:|1620924305
|switch|p2a: Scizor|Scizor, M|38/100
|-damage|p2a: Scizor|26/100|[from] Stealth Rock
|turn|38
|
|t:|1620924314
|switch|p1a: Amoonguss|Amoonguss, F|85/100
|move|p2a: Scizor|U-turn|p1a: Amoonguss
|-damage|p1a: Amoonguss|45/100
|-damage|p2a: Scizor|9/100|[from] item: Rocky Helmet|[of] p1a: Amoonguss
|
|t:|1620924318
|switch|p2a: Mienshao|Mienshao, M|98/100 slp|[from]move: U-turn
|-damage|p2a: Mienshao|92/100 slp|[from] Stealth Rock
|
|upkeep
|turn|39
|
|t:|1620924326
|cant|p2a: Mienshao|slp
|move|p1a: Amoonguss|Giga Drain|p2a: Mienshao
|-damage|p2a: Mienshao|60/100 slp
|-heal|p1a: Amoonguss|58/100|[from] drain|[of] p2a: Mienshao
|
|upkeep
|turn|40
|
|t:|1620924334
|cant|p2a: Mienshao|slp
|move|p1a: Amoonguss|Giga Drain|p2a: Mienshao
|-damage|p2a: Mienshao|24/100 slp
|-heal|p1a: Amoonguss|71/100|[from] drain|[of] p2a: Mienshao
|
|upkeep
|turn|41
|
|t:|1620924340
|-curestatus|p2a: Mienshao|slp|[msg]
|move|p2a: Mienshao|Blaze Kick|p1a: Amoonguss
|-supereffective|p1a: Amoonguss
|-damage|p1a: Amoonguss|9/100
|-damage|p2a: Mienshao|8/100|[from] item: Rocky Helmet|[of] p1a: Amoonguss
|-damage|p2a: Mienshao|0 fnt|[from] item: Life Orb
|faint|p2a: Mienshao
|move|p1a: Amoonguss|Giga Drain|p2: Mienshao|[notarget]
|-fail|p1a: Amoonguss
|
|upkeep
|
|t:|1620924342
|switch|p2a: Scizor|Scizor, M|9/100
|-damage|p2a: Scizor|0 fnt|[from] Stealth Rock
|faint|p2a: Scizor
|
|win|galactest bro !
|raw|galactest bro !'s rating: 1333 &rarr; <strong>1364</strong><br />(+31 for winning)
|raw|haunter7's rating: 1548 &rarr; <strong>1517</strong><br />(-31 for losing)
|l|☆haunter7
|c|☆galactest bro !|gg
||Ladder isn't responding, score probably updated but might not have (Request timeout).
