|html|<div class="broadcast-blue"><strong>[Gen 8] UU is currently suspecting Scizor! For information on how to participate check out the <a href="https://www.smogon.com/forums/threads/ss-uu-stage-12-2-spider-dance.3704866/">suspect thread</a>.</strong></div>
|j|☆MegaTotomon
|j|☆Zephyyyr
|t:|1658960550
|gametype|singles
|player|p1|MegaTotomon|fantina|1613
|player|p2|Zephyyyr|richboy|1690
|teamsize|p1|6
|teamsize|p2|6
|gen|8
|tier|[Gen 8] UU
|rated|
|rule|Sleep Clause Mod: Limit one foe put to sleep
|rule|Species Clause: Limit one of each Pokémon
|rule|OHKO Clause: OHKO moves are banned
|rule|Evasion Moves Clause: Evasion moves are banned
|rule|Endless Battle Clause: Forcing endless battles is banned
|rule|HP Percentage Mod: HP is shown in percentages
|rule|Dynamax Clause: You cannot dynamax
|clearpoke
|poke|p1|Skarmory, F|
|poke|p1|Nihilego|
|poke|p1|Tangrowth, F|
|poke|p1|Hydreigon, F|
|poke|p1|Diggersby, F|
|poke|p1|Hatterene, F|
|poke|p2|Excadrill, M|
|poke|p2|Azumarill, F|
|poke|p2|Salamence, M|
|poke|p2|Gyarados, M|
|poke|p2|Scizor, F|
|poke|p2|Nihilego|
|teampreview
|inactive|Battle timer is ON: inactive players will automatically lose when time's up. (requested by Zephyyyr)
|c|☆MegaTotomon|glhf
|
|t:|1658960574
|start
|switch|p1a: Diggersby|Diggersby, F|100/100
|switch|p2a: Excadrill|Excadrill, M|100/100
|-ability|p2a: Excadrill|Mold Breaker
|turn|1
|
|t:|1658960586
|move|p1a: Diggersby|U-turn|p2a: Excadrill
|-resisted|p2a: Excadrill
|-damage|p2a: Excadrill|79/100
|c|☆Zephyyyr|Hf
|
|t:|1658960589
|switch|p1a: Hydreigon|Hydreigon, F|100/100|[from]move: U-turn
|move|p2a: Excadrill|Stealth Rock|p1a: Hydreigon
|-sidestart|p1: MegaTotomon|move: Stealth Rock
|
|upkeep
|turn|2
|
|t:|1658960600
|move|p1a: Hydreigon|Dark Pulse|p2a: Excadrill
|-damage|p2a: Excadrill|0 fnt
|faint|p2a: Excadrill
|
|upkeep
|
|t:|1658960606
|switch|p2a: Azumarill|Azumarill, F|100/100
|turn|3
|
|t:|1658960612
|switch|p1a: Skarmory|Skarmory, F|100/100
|-damage|p1a: Skarmory|88/100|[from] Stealth Rock
|move|p2a: Azumarill|Belly Drum|p2a: Azumarill
|-damage|p2a: Azumarill|50/100
|-setboost|p2a: Azumarill|atk|6|[from] move: Belly Drum
|-enditem|p2a: Azumarill|Sitrus Berry|[eat]
|-heal|p2a: Azumarill|75/100|[from] item: Sitrus Berry
|
|upkeep
|turn|4
|
|t:|1658960616
|move|p1a: Skarmory|Iron Defense|p1a: Skarmory
|-boost|p1a: Skarmory|def|2
|move|p2a: Azumarill|Knock Off|p1a: Skarmory
|-damage|p1a: Skarmory|39/100
|-damage|p2a: Azumarill|59/100|[from] item: Rocky Helmet|[of] p1a: Skarmory
|-enditem|p1a: Skarmory|Rocky Helmet|[from] move: Knock Off|[of] p2a: Azumarill
|
|upkeep
|turn|5
|
|t:|1658960620
|move|p2a: Azumarill|Aqua Jet|p1a: Skarmory
|-damage|p1a: Skarmory|8/100
|move|p1a: Skarmory|Roost|p1a: Skarmory
|-heal|p1a: Skarmory|58/100
|-singleturn|p1a: Skarmory|move: Roost
|
|upkeep
|turn|6
|
|t:|1658960624
|switch|p2a: Salamence|Salamence, M|100/100
|move|p1a: Skarmory|Roost|p1a: Skarmory
|-heal|p1a: Skarmory|100/100
|-singleturn|p1a: Skarmory|move: Roost
|
|upkeep
|turn|7
|
|t:|1658960627
|switch|p1a: Hatterene|Hatterene, F|100/100
|-damage|p1a: Hatterene|88/100|[from] Stealth Rock
|move|p2a: Salamence|Fire Blast|p1a: Hatterene
|-damage|p1a: Hatterene|59/100
|
|-heal|p1a: Hatterene|65/100|[from] item: Leftovers
|upkeep
|turn|8
|
|t:|1658960632
|switch|p2a: Azumarill|Azumarill, F|59/100
|move|p1a: Hatterene|Draining Kiss|p2a: Azumarill
|-damage|p2a: Azumarill|31/100
|-heal|p1a: Hatterene|88/100|[from] drain|[of] p2a: Azumarill
|
|-heal|p1a: Hatterene|94/100|[from] item: Leftovers
|upkeep
|turn|9
|
|t:|1658960645
|switch|p2a: Salamence|Salamence, M|100/100
|switch|p1a: Skarmory|Skarmory, F|100/100
|-damage|p1a: Skarmory|88/100|[from] Stealth Rock
|
|upkeep
|turn|10
|
|t:|1658960657
|switch|p1a: Hydreigon|Hydreigon, F|100/100
|-damage|p1a: Hydreigon|88/100|[from] Stealth Rock
|move|p2a: Salamence|Dual Wingbeat|p1a: Hydreigon
|-damage|p1a: Hydreigon|65/100
|-damage|p1a: Hydreigon|41/100
|-hitcount|p1a: Hydreigon|2
|
|upkeep
|turn|11
|
|t:|1658960664
|switch|p1a: Nihilego|Nihilego|100/100
|-damage|p1a: Nihilego|88/100|[from] Stealth Rock
|move|p2a: Salamence|Dual Wingbeat|p1a: Nihilego
|-resisted|p1a: Nihilego
|-damage|p1a: Nihilego|71/100
|-resisted|p1a: Nihilego
|-damage|p1a: Nihilego|54/100
|-hitcount|p1a: Nihilego|2
|
|-heal|p1a: Nihilego|60/100|[from] item: Black Sludge
|upkeep
|turn|12
|
|t:|1658960688
|switch|p2a: Azumarill|Azumarill, F|31/100
|move|p1a: Nihilego|Stealth Rock|p2a: Azumarill
|-sidestart|p2: Zephyyyr|move: Stealth Rock
|
|-heal|p1a: Nihilego|66/100|[from] item: Black Sludge
|upkeep
|turn|13
|
|t:|1658960707
|switch|p1a: Skarmory|Skarmory, F|88/100
|-damage|p1a: Skarmory|76/100|[from] Stealth Rock
|switch|p2a: Salamence|Salamence, M|100/100
|
|upkeep
|turn|14
|
|t:|1658960714
|switch|p1a: Hatterene|Hatterene, F|94/100
|-damage|p1a: Hatterene|81/100|[from] Stealth Rock
|move|p2a: Salamence|Fire Blast|p1a: Hatterene
|-damage|p1a: Hatterene|50/100
|-status|p1a: Hatterene|brn
|
|-heal|p1a: Hatterene|56/100 brn|[from] item: Leftovers
|-damage|p1a: Hatterene|50/100 brn|[from] brn
|upkeep
|turn|15
|
|t:|1658960727
|switch|p2a: Azumarill|Azumarill, F|31/100
|-damage|p2a: Azumarill|18/100|[from] Stealth Rock
|move|p1a: Hatterene|Mystical Fire|p2a: Azumarill
|-resisted|p2a: Azumarill
|-damage|p2a: Azumarill|5/100
|-unboost|p2a: Azumarill|spa|1
|
|-heal|p1a: Hatterene|56/100 brn|[from] item: Leftovers
|-damage|p1a: Hatterene|50/100 brn|[from] brn
|upkeep
|turn|16
|
|t:|1658960755
|switch|p2a: Nihilego|Nihilego|100/100
|-damage|p2a: Nihilego|88/100|[from] Stealth Rock
|move|p1a: Hatterene|Mystical Fire|p2a: Nihilego
|-resisted|p2a: Nihilego
|-damage|p2a: Nihilego|80/100
|-unboost|p2a: Nihilego|spa|1
|
|-heal|p1a: Hatterene|56/100 brn|[from] item: Leftovers
|-damage|p1a: Hatterene|50/100 brn|[from] brn
|upkeep
|turn|17
|
|t:|1658960761
|switch|p1a: Diggersby|Diggersby, F|100/100
|-damage|p1a: Diggersby|94/100|[from] Stealth Rock
|move|p2a: Nihilego|Sludge Wave|p1a: Diggersby
|-resisted|p1a: Diggersby
|-damage|p1a: Diggersby|75/100
|
|upkeep
|turn|18
|
|t:|1658960766
|switch|p2a: Azumarill|Azumarill, F|5/100
|-damage|p2a: Azumarill|0 fnt|[from] Stealth Rock
|faint|p2a: Azumarill
|move|p1a: Diggersby|Body Slam|p2: Azumarill|[notarget]
|-fail|p1a: Diggersby
|
|upkeep
|
|t:|1658960775
|switch|p2a: Scizor|Scizor, F|100/100
|-damage|p2a: Scizor|88/100|[from] Stealth Rock
|turn|19
|
|t:|1658960786
|switch|p1a: Skarmory|Skarmory, F|76/100
|-damage|p1a: Skarmory|64/100|[from] Stealth Rock
|move|p2a: Scizor|Swords Dance|p2a: Scizor
|-boost|p2a: Scizor|atk|2
|
|upkeep
|turn|20
|
|t:|1658960789
|move|p2a: Scizor|Superpower|p1a: Skarmory
|-damage|p1a: Skarmory|0 fnt
|-unboost|p2a: Scizor|atk|1
|-unboost|p2a: Scizor|def|1
|faint|p1a: Skarmory
|-damage|p2a: Scizor|78/100|[from] item: Life Orb
|
|upkeep
|
|t:|1658960794
|switch|p1a: Tangrowth|Tangrowth, F|100/100
|-damage|p1a: Tangrowth|88/100|[from] Stealth Rock
|turn|21
|
|t:|1658960800
|move|p2a: Scizor|Dual Wingbeat|p1a: Tangrowth
|-supereffective|p1a: Tangrowth
|-damage|p1a: Tangrowth|29/100
|-supereffective|p1a: Tangrowth
|-damage|p1a: Tangrowth|0 fnt
|faint|p1a: Tangrowth
|-hitcount|p1: Tangrowth|2
|-damage|p2a: Scizor|68/100|[from] item: Life Orb
|
|upkeep
|
|t:|1658960804
|switch|p1a: Diggersby|Diggersby, F|75/100
|-damage|p1a: Diggersby|69/100|[from] Stealth Rock
|turn|22
|
|t:|1658960809
|move|p2a: Scizor|Bullet Punch|p1a: Diggersby
|-damage|p1a: Diggersby|0 fnt
|faint|p1a: Diggersby
|-damage|p2a: Scizor|58/100|[from] item: Life Orb
|
|upkeep
|c|☆MegaTotomon|gg
|-message|MegaTotomon forfeited.
|
|win|Zephyyyr
|raw|MegaTotomon's rating: 1613 &rarr; <strong>1597</strong><br />(-16 for losing)
|raw|Zephyyyr's rating: 1690 &rarr; <strong>1706</strong><br />(+16 for winning)
|c|☆Zephyyyr|Gg
|l|☆MegaTotomon
|c|☆Zephyyyr|Ye a high ladder guy
