|j|☆RaiZen1704
|j|☆Kla0Trixx
|player|p1|RaiZen1704|backersf|1300
|player|p2|Kla0Trixx|266|1363
|teamsize|p1|6
|teamsize|p2|6
|gametype|singles
|gen|8
|tier|[Gen 8] UU
|rated|
|clearpoke
|poke|p1|Haxorus, M|
|poke|p1|Golisopod, F|
|poke|p1|Tsareena, F|
|poke|p1|Passimian, F|
|poke|p1|Bronzong|
|poke|p1|Weezing-Galar, F|
|poke|p2|Incineroar, F|
|poke|p2|Weezing-Galar, M|
|poke|p2|Milotic, F|
|poke|p2|Cobalion|
|poke|p2|Celebi|
|poke|p2|Heliolisk, F|
|rule|Sleep Clause Mod: Limit one foe put to sleep
|rule|Species Clause: Limit one of each Pokémon
|rule|OHKO Clause: OHKO moves are banned
|rule|Evasion Moves Clause: Evasion moves are banned
|rule|Endless Battle Clause: Forcing endless battles is banned
|rule|HP Percentage Mod: HP is shown in percentages
|rule|Dynamax Clause: You cannot dynamax
|teampreview
|
|start
|switch|p1a: Golisopod|Golisopod, F|100/100
|switch|p2a: Celebi|Celebi|100/100
|turn|1
|
|switch|p2a: Milotic|Milotic, F|100/100
|move|p1a: Golisopod|First Impression|p2a: Milotic
|-damage|p2a: Milotic|62/100
|
|-heal|p2a: Milotic|68/100|[from] item: Leftovers
|upkeep
|turn|2
|
|switch|p1a: Bronzong|Bronzong|100/100
|move|p2a: Milotic|Toxic|p1a: Bronzong
|-immune|p1a: Bronzong
|
|-heal|p2a: Milotic|74/100|[from] item: Leftovers
|upkeep
|turn|3
|
|move|p2a: Milotic|Scald|p1a: Bronzong
|-damage|p1a: Bronzong|81/100
|move|p1a: Bronzong|Toxic|p2a: Milotic
|-status|p2a: Milotic|tox
|
|-heal|p2a: Milotic|80/100 tox|[from] item: Leftovers
|-heal|p1a: Bronzong|87/100|[from] item: Leftovers
|-damage|p2a: Milotic|74/100 tox|[from] psn
|upkeep
|turn|4
|
|move|p2a: Milotic|Scald|p1a: Bronzong
|-damage|p1a: Bronzong|68/100
|move|p1a: Bronzong|Stealth Rock|p2a: Milotic
|-sidestart|p2: Kla0Trixx|move: Stealth Rock
|
|-heal|p2a: Milotic|80/100 tox|[from] item: Leftovers
|-heal|p1a: Bronzong|74/100|[from] item: Leftovers
|-damage|p2a: Milotic|68/100 tox|[from] psn
|upkeep
|turn|5
|
|move|p1a: Bronzong|Protect|p1a: Bronzong
|-singleturn|p1a: Bronzong|Protect
|move|p2a: Milotic|Scald|p1a: Bronzong
|-activate|p1a: Bronzong|move: Protect
|
|-heal|p2a: Milotic|74/100 tox|[from] item: Leftovers
|-heal|p1a: Bronzong|81/100|[from] item: Leftovers
|-damage|p2a: Milotic|56/100 tox|[from] psn
|upkeep
|turn|6
|
|move|p2a: Milotic|Recover|p2a: Milotic
|-heal|p2a: Milotic|100/100 tox
|move|p1a: Bronzong|Psychic|p2a: Milotic
|-damage|p2a: Milotic|84/100 tox
|
|-heal|p2a: Milotic|90/100 tox|[from] item: Leftovers
|-heal|p1a: Bronzong|87/100|[from] item: Leftovers
|-damage|p2a: Milotic|65/100 tox|[from] psn
|upkeep
|turn|7
|
|switch|p2a: Incineroar|Incineroar, F|100/100
|-damage|p2a: Incineroar|76/100|[from] Stealth Rock
|-ability|p2a: Incineroar|Intimidate|boost
|-unboost|p1a: Bronzong|atk|1
|move|p1a: Bronzong|Psychic|p2a: Incineroar
|-immune|p2a: Incineroar
|
|-heal|p1a: Bronzong|93/100|[from] item: Leftovers
|upkeep
|turn|8
|
|switch|p1a: Golisopod|Golisopod, F|100/100
|move|p2a: Incineroar|Knock Off|p1a: Golisopod
|-damage|p1a: Golisopod|63/100
|-enditem|p1a: Golisopod|Heavy-Duty Boots|[from] move: Knock Off|[of] p2a: Incineroar
|
|upkeep
|turn|9
|
|switch|p2a: Milotic|Milotic, F|65/100 tox
|-damage|p2a: Milotic|53/100 tox|[from] Stealth Rock
|move|p1a: Golisopod|Spikes|p2a: Milotic
|-sidestart|p2: Kla0Trixx|Spikes
|
|-heal|p2a: Milotic|59/100 tox|[from] item: Leftovers
|-damage|p2a: Milotic|53/100 tox|[from] psn
|upkeep
|turn|10
|
|move|p2a: Milotic|Recover|p2a: Milotic
|-heal|p2a: Milotic|100/100 tox
|move|p1a: Golisopod|Liquidation|p2a: Milotic
|-resisted|p2a: Milotic
|-damage|p2a: Milotic|88/100 tox
|
|-heal|p2a: Milotic|94/100 tox|[from] item: Leftovers
|-damage|p2a: Milotic|82/100 tox|[from] psn
|upkeep
|turn|11
|
|switch|p1a: Bronzong|Bronzong|93/100
|move|p2a: Milotic|Toxic|p1a: Bronzong
|-immune|p1a: Bronzong
|
|-heal|p2a: Milotic|88/100 tox|[from] item: Leftovers
|-heal|p1a: Bronzong|99/100|[from] item: Leftovers
|-damage|p2a: Milotic|70/100 tox|[from] psn
|upkeep
|turn|12
|
|switch|p2a: Weezing|Weezing-Galar, M|100/100
|-damage|p2a: Weezing|88/100|[from] Stealth Rock
|move|p1a: Bronzong|Toxic|p2a: Weezing
|-immune|p2a: Weezing
|
|-heal|p2a: Weezing|94/100|[from] item: Black Sludge
|-heal|p1a: Bronzong|100/100|[from] item: Leftovers
|upkeep
|turn|13
|
|move|p2a: Weezing|Defog|p1a: Bronzong
|-unboost|p1a: Bronzong|evasion|1
|-sideend|p2: Kla0Trixx|Spikes|[from] move: Defog|[of] p2a: Weezing
|-sideend|p2: Kla0Trixx|Stealth Rock|[from] move: Defog|[of] p2a: Weezing
|move|p1a: Bronzong|Psychic|p2a: Weezing
|-supereffective|p2a: Weezing
|-damage|p2a: Weezing|26/100
|
|-heal|p2a: Weezing|32/100|[from] item: Black Sludge
|upkeep
|turn|14
|
|switch|p2a: Incineroar|Incineroar, F|76/100
|-ability|p2a: Incineroar|Intimidate|boost
|-unboost|p1a: Bronzong|atk|1
|move|p1a: Bronzong|Stealth Rock|p2a: Incineroar
|-sidestart|p2: Kla0Trixx|move: Stealth Rock
|
|upkeep
|turn|15
|
|switch|p1a: Golisopod|Golisopod, F|63/100
|move|p2a: Incineroar|Flare Blitz|p1a: Golisopod
|-damage|p1a: Golisopod|16/100
|-damage|p2a: Incineroar|63/100|[from] Recoil
|-activate|p1a: Golisopod|ability: Emergency Exit
|
|switch|p1a: Haxorus|Haxorus, M|100/100
|-ability|p1a: Haxorus|Mold Breaker
|
|upkeep
|turn|16
|
|move|p1a: Haxorus|Earthquake|p2a: Incineroar
|-supereffective|p2a: Incineroar
|-damage|p2a: Incineroar|0 fnt
|faint|p2a: Incineroar
|
|upkeep
|
|switch|p2a: Milotic|Milotic, F|70/100 tox
|-damage|p2a: Milotic|57/100 tox|[from] Stealth Rock
|turn|17
|
|move|p1a: Haxorus|Earthquake|p2a: Milotic
|-damage|p2a: Milotic|12/100 tox
|move|p2a: Milotic|Recover|p2a: Milotic
|-heal|p2a: Milotic|62/100 tox
|
|-heal|p2a: Milotic|68/100 tox|[from] item: Leftovers
|-damage|p2a: Milotic|62/100 tox|[from] psn
|upkeep
|turn|18
|
|switch|p2a: Celebi|Celebi|100/100
|-damage|p2a: Celebi|88/100|[from] Stealth Rock
|move|p1a: Haxorus|Earthquake|p2a: Celebi
|-resisted|p2a: Celebi
|-damage|p2a: Celebi|63/100
|
|upkeep
|turn|19
|
|switch|p1a: Bronzong|Bronzong|100/100
|move|p2a: Celebi|Stealth Rock|p1a: Bronzong
|-sidestart|p1: RaiZen1704|move: Stealth Rock
|
|upkeep
|turn|20
|
|move|p2a: Celebi|Healing Wish|p2a: Celebi
|faint|p2a: Celebi
|move|p1a: Bronzong|Psychic|p2: Celebi|[notarget]
|-fail|p1a: Bronzong
|
|upkeep
|
|switch|p2a: Weezing|Weezing-Galar, M|32/100
|-heal|p2a: Weezing|100/100|[from] move: Healing Wish
|-damage|p2a: Weezing|88/100|[from] Stealth Rock
|turn|21
|
|switch|p2a: Milotic|Milotic, F|62/100 tox
|-damage|p2a: Milotic|49/100 tox|[from] Stealth Rock
|move|p1a: Bronzong|Psychic|p2a: Milotic
|-crit|p2a: Milotic
|-damage|p2a: Milotic|25/100 tox
|
|-heal|p2a: Milotic|32/100 tox|[from] item: Leftovers
|-damage|p2a: Milotic|25/100 tox|[from] psn
|upkeep
|turn|22
|
|move|p2a: Milotic|Recover|p2a: Milotic
|-heal|p2a: Milotic|76/100 tox
|move|p1a: Bronzong|Psychic|p2a: Milotic
|-damage|p2a: Milotic|59/100 tox
|
|-heal|p2a: Milotic|65/100 tox|[from] item: Leftovers
|-damage|p2a: Milotic|52/100 tox|[from] psn
|upkeep
|turn|23
|
|move|p2a: Milotic|Recover|p2a: Milotic
|-heal|p2a: Milotic|100/100 tox
|move|p1a: Bronzong|Psychic|p2a: Milotic
|-damage|p2a: Milotic|83/100 tox
|
|-heal|p2a: Milotic|90/100 tox|[from] item: Leftovers
|-damage|p2a: Milotic|71/100 tox|[from] psn
|upkeep
|turn|24
|
|switch|p2a: Cobalion|Cobalion|100/100
|-damage|p2a: Cobalion|97/100|[from] Stealth Rock
|move|p1a: Bronzong|Psychic|p2a: Cobalion
|-damage|p2a: Cobalion|62/100
|
|upkeep
|turn|25
|
|switch|p1a: Golisopod|Golisopod, F|16/100
|-damage|p1a: Golisopod|0 fnt|[from] Stealth Rock
|faint|p1a: Golisopod
|move|p2a: Cobalion|Swords Dance|p2a: Cobalion
|-boost|p2a: Cobalion|atk|2
|
|upkeep
|
|switch|p1a: Passimian|Passimian, F|100/100
|-damage|p1a: Passimian|94/100|[from] Stealth Rock
|turn|26
|
|switch|p2a: Weezing|Weezing-Galar, M|88/100
|-damage|p2a: Weezing|76/100|[from] Stealth Rock
|move|p1a: Passimian|Close Combat|p2a: Weezing
|-resisted|p2a: Weezing
|-damage|p2a: Weezing|66/100
|-unboost|p1a: Passimian|def|1
|-unboost|p1a: Passimian|spd|1
|
|-heal|p2a: Weezing|72/100|[from] item: Black Sludge
|upkeep
|turn|27
|
|switch|p1a: Bronzong|Bronzong|100/100
|-damage|p1a: Bronzong|94/100|[from] Stealth Rock
|switch|p2a: Heliolisk|Heliolisk, F|100/100
|-damage|p2a: Heliolisk|88/100|[from] Stealth Rock
|
|-heal|p1a: Bronzong|100/100|[from] item: Leftovers
|upkeep
|turn|28
|
|move|p1a: Bronzong|Protect|p1a: Bronzong
|-singleturn|p1a: Bronzong|Protect
|move|p2a: Heliolisk|Volt Switch|p1a: Bronzong
|-activate|p1a: Bronzong|move: Protect
|
|upkeep
|turn|29
|
|move|p2a: Heliolisk|Volt Switch|p1a: Bronzong
|-damage|p1a: Bronzong|78/100
|
|switch|p2a: Milotic|Milotic, F|71/100 tox|[from]move: Volt Switch
|-damage|p2a: Milotic|59/100 tox|[from] Stealth Rock
|move|p1a: Bronzong|Psychic|p2a: Milotic
|-damage|p2a: Milotic|43/100 tox
|
|-heal|p2a: Milotic|49/100 tox|[from] item: Leftovers
|-heal|p1a: Bronzong|84/100|[from] item: Leftovers
|-damage|p2a: Milotic|43/100 tox|[from] psn
|upkeep
|turn|30
|
|move|p2a: Milotic|Recover|p2a: Milotic
|-heal|p2a: Milotic|93/100 tox
|move|p1a: Bronzong|Psychic|p2a: Milotic
|-damage|p2a: Milotic|77/100 tox
|
|-heal|p2a: Milotic|83/100 tox|[from] item: Leftovers
|-heal|p1a: Bronzong|90/100|[from] item: Leftovers
|-damage|p2a: Milotic|71/100 tox|[from] psn
|upkeep
|turn|31
|
|switch|p2a: Heliolisk|Heliolisk, F|88/100
|-damage|p2a: Heliolisk|76/100|[from] Stealth Rock
|switch|p1a: Haxorus|Haxorus, M|100/100
|-damage|p1a: Haxorus|88/100|[from] Stealth Rock
|-ability|p1a: Haxorus|Mold Breaker
|
|upkeep
|turn|32
|
|move|p2a: Heliolisk|Hyper Voice|p1a: Haxorus
|-damage|p1a: Haxorus|21/100
|move|p1a: Haxorus|Earthquake|p2a: Heliolisk
|-supereffective|p2a: Heliolisk
|-damage|p2a: Heliolisk|0 fnt
|faint|p2a: Heliolisk
|
|upkeep
|
|switch|p2a: Cobalion|Cobalion|62/100
|-damage|p2a: Cobalion|59/100|[from] Stealth Rock
|turn|33
|
|move|p2a: Cobalion|Iron Head|p1a: Haxorus
|-damage|p1a: Haxorus|0 fnt
|faint|p1a: Haxorus
|
|upkeep
|
|switch|p1a: Passimian|Passimian, F|94/100
|-damage|p1a: Passimian|88/100|[from] Stealth Rock
|turn|34
|
|switch|p2a: Weezing|Weezing-Galar, M|72/100
|-damage|p2a: Weezing|59/100|[from] Stealth Rock
|move|p1a: Passimian|Close Combat|p2a: Weezing
|-resisted|p2a: Weezing
|-damage|p2a: Weezing|50/100
|-unboost|p1a: Passimian|def|1
|-unboost|p1a: Passimian|spd|1
|
|-heal|p2a: Weezing|56/100|[from] item: Black Sludge
|upkeep
|turn|35
|
|switch|p1a: Weezing|Weezing-Galar, F|100/100
|-damage|p1a: Weezing|88/100|[from] Stealth Rock
|move|p2a: Weezing|Strange Steam|p1a: Weezing
|-resisted|p1a: Weezing
|-damage|p1a: Weezing|71/100
|
|-heal|p1a: Weezing|77/100|[from] item: Black Sludge
|-heal|p2a: Weezing|62/100|[from] item: Black Sludge
|upkeep
|turn|36
|
|move|p2a: Weezing|Protect|p2a: Weezing
|-singleturn|p2a: Weezing|Protect
|move|p1a: Weezing|Sludge Bomb|p2a: Weezing
|-activate|p2a: Weezing|move: Protect
|
|-heal|p1a: Weezing|83/100|[from] item: Black Sludge
|-heal|p2a: Weezing|68/100|[from] item: Black Sludge
|upkeep
|turn|37
|
|switch|p2a: Milotic|Milotic, F|71/100 tox
|-damage|p2a: Milotic|58/100 tox|[from] Stealth Rock
|move|p1a: Weezing|Strange Steam|p2a: Milotic
|-damage|p2a: Milotic|35/100 tox
|
|-heal|p2a: Milotic|41/100 tox|[from] item: Leftovers
|-heal|p1a: Weezing|89/100|[from] item: Black Sludge
|-damage|p2a: Milotic|35/100 tox|[from] psn
|upkeep
|turn|38
|
|switch|p1a: Tsareena|Tsareena, F|100/100
|move|p2a: Milotic|Recover|p2a: Milotic
|-heal|p2a: Milotic|85/100 tox
|
|-heal|p2a: Milotic|91/100 tox|[from] item: Leftovers
|-damage|p2a: Milotic|79/100 tox|[from] psn
|upkeep
|turn|39
|
|move|p1a: Tsareena|Rapid Spin|p2a: Milotic
|-damage|p2a: Milotic|71/100 tox
|-boost|p1a: Tsareena|spe|1
|-sideend|p1: RaiZen1704|Stealth Rock|[from] move: Rapid Spin|[of] p1a: Tsareena
|move|p2a: Milotic|Toxic|p1a: Tsareena
|-status|p1a: Tsareena|tox
|
|-heal|p2a: Milotic|77/100 tox|[from] item: Leftovers
|-damage|p1a: Tsareena|95/100 tox|[from] psn
|-damage|p2a: Milotic|59/100 tox|[from] psn
|upkeep
|turn|40
|
|switch|p2a: Weezing|Weezing-Galar, M|68/100
|-damage|p2a: Weezing|55/100|[from] Stealth Rock
|move|p1a: Tsareena|Power Whip|p2a: Weezing
|-resisted|p2a: Weezing
|-damage|p2a: Weezing|37/100
|
|-heal|p2a: Weezing|43/100|[from] item: Black Sludge
|-damage|p1a: Tsareena|83/100 tox|[from] psn
|upkeep
|turn|41
|
|move|p2a: Weezing|Protect|p2a: Weezing
|-singleturn|p2a: Weezing|Protect
|move|p1a: Tsareena|Knock Off|p2a: Weezing
|-activate|p2a: Weezing|move: Protect
|
|-heal|p2a: Weezing|49/100|[from] item: Black Sludge
|-damage|p1a: Tsareena|65/100 tox|[from] psn
|upkeep
|turn|42
|
|move|p1a: Tsareena|U-turn|p2a: Weezing
|-resisted|p2a: Weezing
|-damage|p2a: Weezing|45/100
|
|switch|p1a: Bronzong|Bronzong|90/100|[from]move: U-turn
|move|p2a: Weezing|Strange Steam|p1a: Bronzong
|-resisted|p1a: Bronzong
|-damage|p1a: Bronzong|82/100
|-start|p1a: Bronzong|confusion
|
|-heal|p2a: Weezing|51/100|[from] item: Black Sludge
|-heal|p1a: Bronzong|88/100|[from] item: Leftovers
|upkeep
|turn|43
|
|move|p2a: Weezing|Protect|p2a: Weezing
|-singleturn|p2a: Weezing|Protect
|-activate|p1a: Bronzong|confusion
|move|p1a: Bronzong|Psychic|p2a: Weezing
|-activate|p2a: Weezing|move: Protect
|
|-heal|p2a: Weezing|57/100|[from] item: Black Sludge
|-heal|p1a: Bronzong|94/100|[from] item: Leftovers
|upkeep
|turn|44
|
|switch|p2a: Milotic|Milotic, F|59/100 tox
|-damage|p2a: Milotic|46/100 tox|[from] Stealth Rock
|-activate|p1a: Bronzong|confusion
|move|p1a: Bronzong|Psychic|p2a: Milotic
|-damage|p2a: Milotic|28/100 tox
|
|-heal|p2a: Milotic|35/100 tox|[from] item: Leftovers
|-heal|p1a: Bronzong|99/100|[from] item: Leftovers
|-damage|p2a: Milotic|28/100 tox|[from] psn
|upkeep
|turn|45
|
|switch|p1a: Tsareena|Tsareena, F|65/100 tox
|move|p2a: Milotic|Recover|p2a: Milotic
|-heal|p2a: Milotic|79/100 tox
|
|-heal|p2a: Milotic|85/100 tox|[from] item: Leftovers
|-damage|p1a: Tsareena|59/100 tox|[from] psn
|-damage|p2a: Milotic|73/100 tox|[from] psn
|upkeep
|turn|46
|
|switch|p2a: Weezing|Weezing-Galar, M|57/100
|-damage|p2a: Weezing|45/100|[from] Stealth Rock
|move|p1a: Tsareena|Knock Off|p2a: Weezing
|-resisted|p2a: Weezing
|-damage|p2a: Weezing|34/100
|-enditem|p2a: Weezing|Black Sludge|[from] move: Knock Off|[of] p1a: Tsareena
|
|-damage|p1a: Tsareena|47/100 tox|[from] psn
|upkeep
|turn|47
|
|switch|p1a: Bronzong|Bronzong|99/100
|move|p2a: Weezing|Strange Steam|p1a: Bronzong
|-resisted|p1a: Bronzong
|-damage|p1a: Bronzong|91/100
|
|-heal|p1a: Bronzong|98/100|[from] item: Leftovers
|upkeep
|turn|48
|
|move|p2a: Weezing|Strange Steam|p1a: Bronzong
|-resisted|p1a: Bronzong
|-damage|p1a: Bronzong|89/100
|move|p1a: Bronzong|Stealth Rock||[still]
|-fail|p1a: Bronzong
|
|-heal|p1a: Bronzong|95/100|[from] item: Leftovers
|upkeep
|turn|49
|
|move|p2a: Weezing|Defog|p1a: Bronzong
|-unboost|p1a: Bronzong|evasion|1
|-sideend|p2: Kla0Trixx|Stealth Rock|[from] move: Defog|[of] p2a: Weezing
|move|p1a: Bronzong|Psychic|p2a: Weezing
|-supereffective|p2a: Weezing
|-damage|p2a: Weezing|0 fnt
|faint|p2a: Weezing
|
|-heal|p1a: Bronzong|100/100|[from] item: Leftovers
|upkeep
|
|switch|p2a: Milotic|Milotic, F|73/100 tox
|turn|50
|
|move|p2a: Milotic|Scald|p1a: Bronzong
|-damage|p1a: Bronzong|81/100
|-status|p1a: Bronzong|brn
|move|p1a: Bronzong|Psychic|p2a: Milotic
|-damage|p2a: Milotic|57/100 tox
|
|-heal|p2a: Milotic|63/100 tox|[from] item: Leftovers
|-heal|p1a: Bronzong|87/100 brn|[from] item: Leftovers
|-damage|p2a: Milotic|57/100 tox|[from] psn
|-damage|p1a: Bronzong|81/100 brn|[from] brn
|upkeep
|turn|51
|
|move|p2a: Milotic|Recover|p2a: Milotic
|-heal|p2a: Milotic|100/100 tox
|move|p1a: Bronzong|Stealth Rock|p2a: Milotic
|-sidestart|p2: Kla0Trixx|move: Stealth Rock
|
|-heal|p1a: Bronzong|87/100 brn|[from] item: Leftovers
|-damage|p2a: Milotic|88/100 tox|[from] psn
|-damage|p1a: Bronzong|81/100 brn|[from] brn
|upkeep
|turn|52
|
|move|p1a: Bronzong|Protect|p1a: Bronzong
|-singleturn|p1a: Bronzong|Protect
|move|p2a: Milotic|Scald|p1a: Bronzong
|-activate|p1a: Bronzong|move: Protect
|
|-heal|p2a: Milotic|94/100 tox|[from] item: Leftovers
|-heal|p1a: Bronzong|87/100 brn|[from] item: Leftovers
|-damage|p2a: Milotic|76/100 tox|[from] psn
|-damage|p1a: Bronzong|81/100 brn|[from] brn
|upkeep
|turn|53
|
|move|p2a: Milotic|Scald|p1a: Bronzong
|-damage|p1a: Bronzong|61/100 brn
|move|p1a: Bronzong|Toxic|p2a: Milotic
|-fail|p2a: Milotic|tox
|
|-heal|p2a: Milotic|82/100 tox|[from] item: Leftovers
|-heal|p1a: Bronzong|67/100 brn|[from] item: Leftovers
|-damage|p2a: Milotic|58/100 tox|[from] psn
|-damage|p1a: Bronzong|61/100 brn|[from] brn
|upkeep
|turn|54
|
|move|p2a: Milotic|Scald|p1a: Bronzong
|-damage|p1a: Bronzong|43/100 brn
|move|p1a: Bronzong|Toxic|p2a: Milotic
|-fail|p2a: Milotic|tox
|
|-heal|p2a: Milotic|64/100 tox|[from] item: Leftovers
|-heal|p1a: Bronzong|50/100 brn|[from] item: Leftovers
|-damage|p2a: Milotic|33/100 tox|[from] psn
|-damage|p1a: Bronzong|43/100 brn|[from] brn
|upkeep
|turn|55
|
|move|p2a: Milotic|Recover|p2a: Milotic
|-heal|p2a: Milotic|83/100 tox
|move|p1a: Bronzong|Stealth Rock||[still]
|-fail|p1a: Bronzong
|
|-heal|p2a: Milotic|90/100 tox|[from] item: Leftovers
|-heal|p1a: Bronzong|50/100 brn|[from] item: Leftovers
|-damage|p2a: Milotic|53/100 tox|[from] psn
|-damage|p1a: Bronzong|43/100 brn|[from] brn
|upkeep
|turn|56
|
|move|p2a: Milotic|Scald|p1a: Bronzong
|-damage|p1a: Bronzong|24/100 brn
|move|p1a: Bronzong|Psychic|p2a: Milotic
|-damage|p2a: Milotic|37/100 tox
|
|-heal|p2a: Milotic|43/100 tox|[from] item: Leftovers
|-heal|p1a: Bronzong|31/100 brn|[from] item: Leftovers
|-damage|p2a: Milotic|0 fnt|[from] psn
|faint|p2a: Milotic
|-damage|p1a: Bronzong|24/100 brn|[from] brn
|upkeep
|
|switch|p2a: Cobalion|Cobalion|59/100
|-damage|p2a: Cobalion|56/100|[from] Stealth Rock
|turn|57
|
|move|p2a: Cobalion|Swords Dance|p2a: Cobalion
|-boost|p2a: Cobalion|atk|2
|move|p1a: Bronzong|Psychic|p2a: Cobalion
|-damage|p2a: Cobalion|18/100
|-enditem|p2a: Cobalion|Salac Berry|[eat]
|-boost|p2a: Cobalion|spe|1|[from] item: Salac Berry
|
|-heal|p1a: Bronzong|31/100 brn|[from] item: Leftovers
|-damage|p1a: Bronzong|24/100 brn|[from] brn
|upkeep
|turn|58
|
|move|p2a: Cobalion|Close Combat|p1a: Bronzong
|-damage|p1a: Bronzong|0 fnt
|-unboost|p2a: Cobalion|def|1
|-unboost|p2a: Cobalion|spd|1
|faint|p1a: Bronzong
|
|upkeep
|
|switch|p1a: Passimian|Passimian, F|88/100
|turn|59
|
|move|p2a: Cobalion|Close Combat|p1a: Passimian
|-damage|p1a: Passimian|0 fnt
|-unboost|p2a: Cobalion|def|1
|-unboost|p2a: Cobalion|spd|1
|faint|p1a: Passimian
|
|upkeep
|
|switch|p1a: Weezing|Weezing-Galar, F|89/100
|turn|60
|
|move|p2a: Cobalion|Iron Head|p1a: Weezing
|-supereffective|p1a: Weezing
|-damage|p1a: Weezing|0 fnt
|faint|p1a: Weezing
|
|upkeep
|
|switch|p1a: Tsareena|Tsareena, F|47/100 tox
|turn|61
|
|move|p2a: Cobalion|Close Combat|p1a: Tsareena
|-damage|p1a: Tsareena|0 fnt
|-unboost|p2a: Cobalion|def|1
|-unboost|p2a: Cobalion|spd|1
|faint|p1a: Tsareena
|
|win|Kla0Trixx
|raw|RaiZen1704's rating: 1300 &rarr; <strong>1279</strong><br />(-21 for losing)
|raw|Kla0Trixx's rating: 1363 &rarr; <strong>1380</strong><br />(+17 for winning)
|l|☆RaiZen1704
