|j|☆ok now i see ya
|j|☆Kim Kardashian
|t:|1602183109
|player|p1|ok now i see ya|brendan-gen3rs|1638
|player|p2|Kim Kardashian|dahlia|1527
|teamsize|p1|6
|teamsize|p2|6
|gametype|singles
|gen|8
|tier|[Gen 8] UU
|rated|
|clearpoke
|poke|p1|Slowbro, M|
|poke|p1|Cobalion|
|poke|p1|Mamoswine, M|
|poke|p1|Chandelure, F|
|poke|p1|Zarude|
|poke|p1|Weezing-Galar, M|
|poke|p2|Porygon-Z|
|poke|p2|Araquanid, M|
|poke|p2|Slowbro, F|
|poke|p2|Cobalion|
|poke|p2|Chansey, F|
|poke|p2|Mamoswine, F|
|rule|Sleep Clause Mod: Limit one foe put to sleep
|rule|Species Clause: Limit one of each Pokémon
|rule|OHKO Clause: OHKO moves are banned
|rule|Evasion Moves Clause: Evasion moves are banned
|rule|Endless Battle Clause: Forcing endless battles is banned
|rule|HP Percentage Mod: HP is shown in percentages
|rule|Dynamax Clause: You cannot dynamax
|teampreview
|inactive|Battle timer is ON: inactive players will automatically lose when time's up. (requested by ok now i see ya)
|
|t:|1602183137
|start
|switch|p1a: Mojo Jojo|Zarude|100/100
|switch|p2a: Cobalion|Cobalion|100/100
|turn|1
|
|t:|1602183145
|switch|p1a: Dope|Slowbro, M|100/100
|move|p2a: Cobalion|Stealth Rock|p1a: Dope
|-sidestart|p1: ok now i see ya|move: Stealth Rock
|
|upkeep
|turn|2
|
|t:|1602183150
|move|p2a: Cobalion|Volt Switch|p1a: Dope
|-supereffective|p1a: Dope
|-damage|p1a: Dope|74/100
|
|t:|1602183154
|switch|p2a: Araquanid|Araquanid, M|100/100|[from]move: Volt Switch
|move|p1a: Dope|Teleport|p1a: Dope
|
|t:|1602183159
|switch|p1a: Mojo Jojo|Zarude|100/100|[from]move: Teleport
|
|upkeep
|turn|3
|
|t:|1602183177
|move|p1a: Mojo Jojo|U-turn|p2a: Araquanid
|-damage|p2a: Araquanid|71/100
|
|t:|1602183179
|switch|p1a: Koba Leon|Cobalion|100/100|[from]move: U-turn
|-damage|p1a: Koba Leon|97/100|[from] Stealth Rock
|move|p2a: Araquanid|Liquidation|p1a: Koba Leon
|-damage|p1a: Koba Leon|41/100
|-damage|p2a: Araquanid|54/100|[from] item: Rocky Helmet|[of] p1a: Koba Leon
|
|upkeep
|turn|4
|inactive|Kim Kardashian has 120 seconds left.
|
|t:|1602183233
|move|p1a: Koba Leon|Volt Switch|p2a: Araquanid
|-supereffective|p2a: Araquanid
|-damage|p2a: Araquanid|28/100
|
|t:|1602183236
|switch|p1a: Dope|Slowbro, M|100/100|[from]move: Volt Switch
|move|p2a: Araquanid|Sticky Web|p1a: Dope
|-sidestart|p1: ok now i see ya|move: Sticky Web
|
|upkeep
|turn|5
|
|t:|1602183245
|switch|p1a: Koba Leon|Cobalion|41/100
|-damage|p1a: Koba Leon|38/100|[from] Stealth Rock
|-activate|p1a: Koba Leon|move: Sticky Web
|-unboost|p1a: Koba Leon|spe|1
|move|p2a: Araquanid|Leech Life|p1a: Koba Leon
|-resisted|p1a: Koba Leon
|-damage|p1a: Koba Leon|31/100
|-heal|p2a: Araquanid|32/100|[from] drain|[of] p1a: Koba Leon
|-damage|p2a: Araquanid|15/100|[from] item: Rocky Helmet|[of] p1a: Koba Leon
|
|upkeep
|turn|6
|
|t:|1602183264
|move|p1a: Koba Leon|Close Combat|p2a: Araquanid
|-resisted|p2a: Araquanid
|-damage|p2a: Araquanid|0 fnt
|-unboost|p1a: Koba Leon|def|1
|-unboost|p1a: Koba Leon|spd|1
|faint|p2a: Araquanid
|
|upkeep
|
|t:|1602183282
|switch|p2a: Porygon-Z|Porygon-Z|100/100
|turn|7
|
|t:|1602183287
|move|p2a: Porygon-Z|Tri Attack|p1a: Koba Leon
|-resisted|p1a: Koba Leon
|-damage|p1a: Koba Leon|0 fnt
|-damage|p2a: Porygon-Z|91/100|[from] item: Life Orb
|faint|p1a: Koba Leon
|
|upkeep
|
|t:|1602183293
|switch|p1a: Mojo Jojo|Zarude|100/100
|turn|8
|
|t:|1602183299
|switch|p2a: Cobalion|Cobalion|100/100
|move|p1a: Mojo Jojo|U-turn|p2a: Cobalion
|-resisted|p2a: Cobalion
|-damage|p2a: Cobalion|96/100
|-damage|p1a: Mojo Jojo|84/100|[from] item: Rocky Helmet|[of] p2a: Cobalion
|
|t:|1602183304
|switch|p1a: Dope|Slowbro, M|100/100|[from]move: U-turn
|
|upkeep
|turn|9
|inactive|Kim Kardashian has 120 seconds left.
|
|t:|1602183325
|move|p2a: Cobalion|Volt Switch|p1a: Dope
|-supereffective|p1a: Dope
|-damage|p1a: Dope|74/100
|
|t:|1602183330
|switch|p2a: Porygon-Z|Porygon-Z|91/100|[from]move: Volt Switch
|move|p1a: Dope|Teleport|p1a: Dope
|
|t:|1602183333
|switch|p1a: Mojo Jojo|Zarude|84/100|[from]move: Teleport
|
|upkeep
|turn|10
|
|t:|1602183338
|switch|p2a: Slowbro|Slowbro, F|100/100
|move|p1a: Mojo Jojo|U-turn|p2a: Slowbro
|-supereffective|p2a: Slowbro
|-damage|p2a: Slowbro|70/100
|
|t:|1602183347
|switch|p1a: Bong|Weezing-Galar, M|100/100|[from]move: U-turn
|-damage|p1a: Bong|88/100|[from] Stealth Rock
|
|-heal|p1a: Bong|94/100|[from] item: Black Sludge
|upkeep
|turn|11
|c|☆Kim Kardashian|ggwp
|c|☆ok now i see ya|how
|
|t:|1602183358
|move|p1a: Bong|Defog|p2a: Slowbro
|-unboost|p2a: Slowbro|evasion|1
|-sideend|p1: ok now i see ya|Stealth Rock|[from] move: Defog|[of] p1a: Bong
|-sideend|p1: ok now i see ya|Sticky Web|[from] move: Defog|[of] p1a: Bong
|move|p2a: Slowbro|Future Sight|p1a: Bong
|-start|p2a: Slowbro|move: Future Sight
|
|-heal|p1a: Bong|99/100|[from] item: Black Sludge
|upkeep
|turn|12
|c|☆ok now i see ya|ur pz
|c|☆ok now i see ya|fucks me up
|
|t:|1602183376
|switch|p1a: Dope|Slowbro, M|100/100
|move|p2a: Slowbro|Teleport|p2a: Slowbro
|
|t:|1602183396
|switch|p2a: Mamoswine|Mamoswine, F|100/100|[from]move: Teleport
|
|upkeep
|turn|13
|
|t:|1602183404
|move|p2a: Mamoswine|Knock Off|p1a: Dope
|-supereffective|p1a: Dope
|-damage|p1a: Dope|41/100
|-enditem|p1a: Dope|Heavy-Duty Boots|[from] move: Knock Off|[of] p2a: Mamoswine
|-damage|p2a: Mamoswine|91/100|[from] item: Life Orb
|move|p1a: Dope|Teleport|p1a: Dope
|
|t:|1602183408
|switch|p1a: Mojo Jojo|Zarude|84/100|[from]move: Teleport
|
|-end|p1a: Mojo Jojo|move: Future Sight
|-immune|p1a: Mojo Jojo
|upkeep
|turn|14
|
|t:|1602183416
|move|p2a: Mamoswine|Ice Shard|p1a: Mojo Jojo
|-supereffective|p1a: Mojo Jojo
|-damage|p1a: Mojo Jojo|31/100
|-damage|p2a: Mamoswine|81/100|[from] item: Life Orb
|move|p1a: Mojo Jojo|Power Whip|p2a: Mamoswine|[miss]
|-miss|p1a: Mojo Jojo|p2a: Mamoswine
|
|upkeep
|turn|15
|c|☆ok now i see ya|):
|c|☆Kim Kardashian|oof
|
|t:|1602183428
|switch|p1a: Dope|Slowbro, M|74/100
|move|p2a: Mamoswine|Ice Shard|p1a: Dope
|-resisted|p1a: Dope
|-damage|p1a: Dope|65/100
|-damage|p2a: Mamoswine|71/100|[from] item: Life Orb
|
|upkeep
|turn|16
|
|t:|1602183437
|switch|p2a: Chansey|Chansey, F|100/100
|move|p1a: Dope|Scald|p2a: Chansey
|-crit|p2a: Chansey
|-damage|p2a: Chansey|88/100
|-status|p2a: Chansey|brn
|
|-damage|p2a: Chansey|82/100 brn|[from] brn
|upkeep
|turn|17
|
|t:|1602183450
|move|p2a: Chansey|Thunder Wave|p1a: Dope
|-status|p1a: Dope|par
|move|p1a: Dope|Teleport|p1a: Dope
|
|t:|1602183473
|switch|p1a: Bong|Weezing-Galar, M|99/100|[from]move: Teleport
|
|-heal|p1a: Bong|100/100|[from] item: Black Sludge
|-damage|p2a: Chansey|76/100 brn|[from] brn
|upkeep
|turn|18
|
|t:|1602183480
|move|p1a: Bong|Corrosive Gas|p2a: Chansey
|-enditem|p2a: Chansey|Eviolite|[from] move: Corrosive Gas|[of] p1a: Bong
|move|p2a: Chansey|Teleport|p2a: Chansey
|j| hsimping
|
|t:|1602183497
|switch|p2a: Cobalion|Cobalion|96/100|[from]move: Teleport
|
|upkeep
|turn|19
|
|t:|1602183512
|switch|p1a: Swing from the|Chandelure, F|100/100
|move|p2a: Cobalion|Stealth Rock|p1a: Swing from the
|-sidestart|p1: ok now i see ya|move: Stealth Rock
|
|upkeep
|turn|20
|
|t:|1602183518
|switch|p2a: Chansey|Chansey, F|76/100
|move|p1a: Swing from the|Trick|p2a: Chansey
|-activate|p1a: Swing from the|move: Trick|[of] p2a: Chansey
|-item|p2a: Chansey|Choice Scarf|[from] move: Trick
|-enditem|p1a: Swing from the|Choice Scarf|[silent]|[from] move: Trick
|
|upkeep
|turn|21
|
|t:|1602183537
|switch|p1a: Dope|Slowbro, M|99/100 par
|-damage|p1a: Dope|86/100 par|[from] Stealth Rock
|move|p2a: Chansey|Teleport|p2a: Chansey
|
|t:|1602183546
|switch|p2a: Porygon-Z|Porygon-Z|91/100|[from]move: Teleport
|
|upkeep
|turn|22
|
|t:|1602183560
|move|p2a: Porygon-Z|Tri Attack|p1a: Dope
|-damage|p1a: Dope|12/100 par
|-damage|p2a: Porygon-Z|81/100|[from] item: Life Orb
|move|p1a: Dope|Teleport|p1a: Dope
|
|t:|1602183566
|switch|p1a: Mojo Jojo|Zarude|31/100|[from]move: Teleport
|
|upkeep
|turn|23
|
|t:|1602183574
|switch|p2a: Cobalion|Cobalion|96/100
|move|p1a: Mojo Jojo|Synthesis|p1a: Mojo Jojo
|-heal|p1a: Mojo Jojo|81/100
|
|upkeep
|turn|24
|
|t:|1602183593
|move|p2a: Cobalion|Iron Head|p1a: Mojo Jojo
|-damage|p1a: Mojo Jojo|51/100
|cant|p1a: Mojo Jojo|flinch
|
|upkeep
|turn|25
|c|☆Kim Kardashian|big oof
|
|t:|1602183604
|switch|p1a: Dope|Slowbro, M|46/100 par
|-damage|p1a: Dope|33/100 par|[from] Stealth Rock
|move|p2a: Cobalion|Close Combat|p1a: Dope
|-resisted|p1a: Dope
|-damage|p1a: Dope|18/100 par
|-unboost|p2a: Cobalion|def|1
|-unboost|p2a: Cobalion|spd|1
|
|upkeep
|turn|26
|
|t:|1602183618
|switch|p1a: Mojo Jojo|Zarude|51/100
|move|p2a: Cobalion|Volt Switch|p1a: Mojo Jojo
|-resisted|p1a: Mojo Jojo
|-damage|p1a: Mojo Jojo|44/100
|
|t:|1602183625
|switch|p2a: Mamoswine|Mamoswine, F|71/100|[from]move: Volt Switch
|
|upkeep
|turn|27
|
|t:|1602183630
|switch|p1a: Bong|Weezing-Galar, M|100/100
|-damage|p1a: Bong|88/100|[from] Stealth Rock
|move|p2a: Mamoswine|Ice Shard|p1a: Bong
|-damage|p1a: Bong|67/100
|-damage|p2a: Mamoswine|61/100|[from] item: Life Orb
|
|-heal|p1a: Bong|73/100|[from] item: Black Sludge
|upkeep
|turn|28
|
|t:|1602183639
|switch|p2a: Chansey|Chansey, F|76/100
|move|p1a: Bong|Strange Steam|p2a: Chansey
|-damage|p2a: Chansey|65/100
|
|-heal|p1a: Bong|79/100|[from] item: Black Sludge
|upkeep
|turn|29
|inactive|ok now i see ya has 120 seconds left.
|
|t:|1602183675
|switch|p1a: Mojo Jojo|Zarude|44/100
|move|p2a: Chansey|Teleport|p2a: Chansey
|
|t:|1602183693
|switch|p2a: Mamoswine|Mamoswine, F|61/100|[from]move: Teleport
|
|upkeep
|turn|30
|
|t:|1602183699
|switch|p1a: Bong|Weezing-Galar, M|79/100
|-damage|p1a: Bong|67/100|[from] Stealth Rock
|move|p2a: Mamoswine|Ice Shard|p1a: Bong
|-damage|p1a: Bong|45/100
|-damage|p2a: Mamoswine|51/100|[from] item: Life Orb
|
|-heal|p1a: Bong|50/100|[from] item: Black Sludge
|upkeep
|turn|31
|
|t:|1602183710
|move|p2a: Mamoswine|Icicle Crash|p1a: Bong
|-damage|p1a: Bong|2/100
|-damage|p2a: Mamoswine|41/100|[from] item: Life Orb
|move|p1a: Bong|Defog|p2a: Mamoswine
|-unboost|p2a: Mamoswine|evasion|1
|-sideend|p1: ok now i see ya|Stealth Rock|[from] move: Defog|[of] p1a: Bong
|
|-heal|p1a: Bong|8/100|[from] item: Black Sludge
|upkeep
|turn|32
|
|t:|1602183722
|switch|p1a: Dope|Slowbro, M|51/100 par
|move|p2a: Mamoswine|Knock Off|p1a: Dope
|-supereffective|p1a: Dope
|-damage|p1a: Dope|12/100 par
|-damage|p2a: Mamoswine|31/100|[from] item: Life Orb
|
|upkeep
|turn|33
|
|t:|1602183730
|switch|p1a: Bong|Weezing-Galar, M|8/100
|move|p2a: Mamoswine|Knock Off|p1a: Bong
|-resisted|p1a: Bong
|-damage|p1a: Bong|0 fnt
|-enditem|p1a: Bong|Black Sludge|[from] move: Knock Off|[of] p2a: Mamoswine
|-damage|p2a: Mamoswine|21/100|[from] item: Life Orb
|faint|p1a: Bong
|
|upkeep
|
|t:|1602183738
|switch|p1a: Icy Boi|Mamoswine, M|100/100
|turn|34
|
|t:|1602183755
|move|p2a: Mamoswine|Knock Off|p1a: Icy Boi
|-damage|p1a: Icy Boi|45/100
|-enditem|p1a: Icy Boi|Life Orb|[from] move: Knock Off|[of] p2a: Mamoswine
|-damage|p2a: Mamoswine|11/100|[from] item: Life Orb
|move|p1a: Icy Boi|Earthquake|p2a: Mamoswine
|-damage|p2a: Mamoswine|0 fnt
|faint|p2a: Mamoswine
|
|upkeep
|
|t:|1602183772
|switch|p2a: Slowbro|Slowbro, F|100/100
|turn|35
|
|t:|1602183778
|switch|p1a: Dope|Slowbro, M|45/100 par
|move|p2a: Slowbro|Teleport|p2a: Slowbro
|
|t:|1602183783
|switch|p2a: Porygon-Z|Porygon-Z|81/100|[from]move: Teleport
|
|upkeep
|turn|36
|j| Frostigar479
|
|t:|1602183794
|switch|p1a: Mojo Jojo|Zarude|44/100
|move|p2a: Porygon-Z|Shadow Ball|p1a: Mojo Jojo
|-resisted|p1a: Mojo Jojo
|-damage|p1a: Mojo Jojo|25/100
|-damage|p2a: Porygon-Z|71/100|[from] item: Life Orb
|
|upkeep
|turn|37
|
|t:|1602183802
|switch|p2a: Chansey|Chansey, F|65/100
|move|p1a: Mojo Jojo|U-turn|p2a: Chansey
|-damage|p2a: Chansey|41/100
|
|t:|1602183806
|switch|p1a: Icy Boi|Mamoswine, M|45/100|[from]move: U-turn
|
|upkeep
|turn|38
|
|t:|1602183815
|switch|p2a: Slowbro|Slowbro, F|100/100
|move|p1a: Icy Boi|Earthquake|p2a: Slowbro
|-damage|p2a: Slowbro|68/100
|
|upkeep
|turn|39
|
|t:|1602183824
|move|p1a: Icy Boi|Knock Off|p2a: Slowbro
|-supereffective|p2a: Slowbro
|-damage|p2a: Slowbro|26/100
|-enditem|p2a: Slowbro|Heavy-Duty Boots|[from] move: Knock Off|[of] p1a: Icy Boi
|move|p2a: Slowbro|Teleport|p2a: Slowbro
|
|t:|1602183829
|switch|p2a: Porygon-Z|Porygon-Z|71/100|[from]move: Teleport
|
|upkeep
|turn|40
|
|t:|1602183835
|move|p1a: Icy Boi|Ice Shard|p2a: Porygon-Z
|-damage|p2a: Porygon-Z|38/100
|move|p2a: Porygon-Z|Tri Attack|p1a: Icy Boi
|-damage|p1a: Icy Boi|0 fnt
|-damage|p2a: Porygon-Z|28/100|[from] item: Life Orb
|faint|p1a: Icy Boi
|
|upkeep
|
|t:|1602183841
|switch|p1a: Mojo Jojo|Zarude|25/100
|turn|41
|
|t:|1602183845
|switch|p2a: Chansey|Chansey, F|41/100
|move|p1a: Mojo Jojo|U-turn|p2a: Chansey
|-damage|p2a: Chansey|20/100
|
|t:|1602183849
|switch|p1a: Swing from the|Chandelure, F|100/100|[from]move: U-turn
|
|upkeep
|turn|42
|
|t:|1602183858
|switch|p1a: Mojo Jojo|Zarude|25/100
|move|p2a: Chansey|Soft-Boiled|p2a: Chansey
|-heal|p2a: Chansey|70/100
|
|upkeep
|turn|43
|
|t:|1602183863
|move|p1a: Mojo Jojo|Synthesis|p1a: Mojo Jojo
|-heal|p1a: Mojo Jojo|75/100
|move|p2a: Chansey|Soft-Boiled|p2a: Chansey
|-heal|p2a: Chansey|100/100
|
|upkeep
|turn|44
|
|t:|1602183871
|move|p1a: Mojo Jojo|Synthesis|p1a: Mojo Jojo
|-heal|p1a: Mojo Jojo|100/100
|move|p2a: Chansey|Soft-Boiled||[still]
|-fail|p2a: Chansey|heal
|
|upkeep
|turn|45
|
|t:|1602183876
|switch|p1a: Swing from the|Chandelure, F|100/100
|move|p2a: Chansey|Soft-Boiled||[still]
|-fail|p2a: Chansey|heal
|
|upkeep
|turn|46
|
|t:|1602183884
|move|p1a: Swing from the|Calm Mind|p1a: Swing from the
|-boost|p1a: Swing from the|spa|1
|-boost|p1a: Swing from the|spd|1
|move|p2a: Chansey|Soft-Boiled||[still]
|-fail|p2a: Chansey|heal
|
|upkeep
|turn|47
|c|☆ok now i see ya|LOLOL
|c|☆ok now i see ya|choiced cm
|c|☆Kim Kardashian|lol
|
|t:|1602183904
|switch|p2a: Cobalion|Cobalion|96/100
|move|p1a: Swing from the|Fire Blast|p2a: Cobalion
|-supereffective|p2a: Cobalion
|-damage|p2a: Cobalion|0 fnt
|faint|p2a: Cobalion
|
|upkeep
|c|☆ok now i see ya|wtf
|inactive|Kim Kardashian has 120 seconds left.
|
|t:|1602183938
|switch|p2a: Chansey|Chansey, F|100/100
|turn|48
|
|t:|1602183941
|switch|p1a: Dope|Slowbro, M|78/100 par
|move|p2a: Chansey|Thunder Wave|p1a: Dope
|-fail|p1a: Dope|par
|
|upkeep
|turn|49
|j| Hergpuy
|
|t:|1602183955
|switch|p2a: Slowbro|Slowbro, F|59/100
|move|p1a: Dope|Future Sight|p2a: Slowbro
|-start|p1a: Dope|move: Future Sight
|
|upkeep
|turn|50
|
|t:|1602183963
|switch|p2a: Chansey|Chansey, F|100/100
|move|p1a: Dope|Teleport|p1a: Dope
|
|t:|1602183968
|switch|p1a: Mojo Jojo|Zarude|100/100|[from]move: Teleport
|
|upkeep
|turn|51
|
|t:|1602183976
|move|p1a: Mojo Jojo|U-turn|p2a: Chansey
|-damage|p2a: Chansey|79/100
|
|t:|1602183978
|switch|p1a: Dope|Slowbro, M|100/100 par|[from]move: U-turn
|move|p2a: Chansey|Thunder Wave|p1a: Dope
|-fail|p1a: Dope|par
|
|-end|p2a: Chansey|move: Future Sight
|-damage|p2a: Chansey|60/100
|upkeep
|turn|52
|
|t:|1602183988
|switch|p2a: Slowbro|Slowbro, F|92/100
|cant|p1a: Dope|par
|
|upkeep
|turn|53
|
|t:|1602183995
|cant|p1a: Dope|par
|move|p2a: Slowbro|Teleport|p2a: Slowbro
|
|t:|1602184000
|switch|p2a: Porygon-Z|Porygon-Z|28/100|[from]move: Teleport
|
|upkeep
|turn|54
|l| Frostigar479
|
|t:|1602184016
|switch|p2a: Chansey|Chansey, F|60/100
|move|p1a: Dope|Scald|p2a: Chansey
|-damage|p2a: Chansey|48/100
|-status|p2a: Chansey|brn
|
|-damage|p2a: Chansey|42/100 brn|[from] brn
|upkeep
|turn|55
|
|t:|1602184028
|move|p1a: Dope|Future Sight|p2a: Chansey
|-start|p1a: Dope|move: Future Sight
|move|p2a: Chansey|Teleport|p2a: Chansey
|
|t:|1602184030
|-curestatus|p2a: Chansey|brn|[from] ability: Natural Cure
|switch|p2a: Slowbro|Slowbro, F|100/100|[from]move: Teleport
|
|upkeep
|turn|56
|
|t:|1602184038
|move|p2a: Slowbro|Future Sight|p1a: Dope
|-start|p2a: Slowbro|move: Future Sight
|move|p1a: Dope|Teleport|p1a: Dope
|
|t:|1602184041
|switch|p1a: Mojo Jojo|Zarude|100/100|[from]move: Teleport
|
|upkeep
|turn|57
|
|t:|1602184050
|move|p1a: Mojo Jojo|Power Whip|p2a: Slowbro
|-supereffective|p2a: Slowbro
|-damage|p2a: Slowbro|27/100
|move|p2a: Slowbro|Slack Off|p2a: Slowbro
|-heal|p2a: Slowbro|77/100
|
|-end|p2a: Slowbro|move: Future Sight
|-resisted|p2a: Slowbro
|-damage|p2a: Slowbro|59/100
|upkeep
|turn|58
|
|t:|1602184066
|switch|p2a: Chansey|Chansey, F|42/100
|move|p1a: Mojo Jojo|Power Whip|p2a: Chansey
|-damage|p2a: Chansey|0 fnt
|faint|p2a: Chansey
|
|-end|p1a: Mojo Jojo|move: Future Sight
|-immune|p1a: Mojo Jojo
|upkeep
|l| hsimping
|
|t:|1602184076
|switch|p2a: Slowbro|Slowbro, F|92/100
|turn|59
|
|t:|1602184079
|move|p1a: Mojo Jojo|Power Whip|p2a: Slowbro
|-supereffective|p2a: Slowbro
|-damage|p2a: Slowbro|19/100
|move|p2a: Slowbro|Scald|p1a: Mojo Jojo
|-resisted|p1a: Mojo Jojo
|-damage|p1a: Mojo Jojo|85/100
|-status|p1a: Mojo Jojo|brn
|
|-damage|p1a: Mojo Jojo|79/100 brn|[from] brn
|upkeep
|turn|60
|
|t:|1602184093
|move|p1a: Mojo Jojo|Throat Chop|p2a: Slowbro
|-supereffective|p2a: Slowbro
|-damage|p2a: Slowbro|0 fnt
|faint|p2a: Slowbro
|
|-damage|p1a: Mojo Jojo|73/100 brn|[from] brn
|upkeep
|c|☆ok now i see ya|gg
|
|t:|1602184098
|switch|p2a: Porygon-Z|Porygon-Z|28/100
|turn|61
|c|☆Kim Kardashian|lol
|
|t:|1602184104
|move|p1a: Mojo Jojo|U-turn|p2a: Porygon-Z
|-damage|p2a: Porygon-Z|13/100
|
|t:|1602184106
|switch|p1a: Swing from the|Chandelure, F|100/100|[from]move: U-turn
|move|p2a: Porygon-Z|Tri Attack|p1a: Swing from the
|-immune|p1a: Swing from the
|
|upkeep
|turn|62
|c|☆ok now i see ya|what
|
|t:|1602184126
|move|p2a: Porygon-Z|Agility|p2a: Porygon-Z
|-boost|p2a: Porygon-Z|spe|2
|move|p1a: Swing from the|Fire Blast|p2a: Porygon-Z
|-damage|p2a: Porygon-Z|0 fnt
|faint|p2a: Porygon-Z
|
|win|ok now i see ya
|l|☆Kim Kardashian
|l|☆ok now i see ya
||Ladder (probably) updated, but score could not be retrieved (Request timeout).
|j|☆ok now i see ya
|player|p1|ok now i see ya|brendan-gen3rs
