|j|☆Big Grape
|j|☆Zephyyyr
|t:|1631836640
|gametype|singles
|player|p1|Big Grape|170|
|player|p2|Zephyyyr|richboy|
|teamsize|p1|6
|teamsize|p2|6
|gen|8
|tier|[Gen 8] UU
|rated|Tournament battle
|rule|Sleep Clause Mod: Limit one foe put to sleep
|rule|Species Clause: Limit one of each Pokémon
|rule|OHKO Clause: OHKO moves are banned
|rule|Evasion Moves Clause: Evasion moves are banned
|rule|Endless Battle Clause: Forcing endless battles is banned
|rule|HP Percentage Mod: HP is shown in percentages
|rule|Dynamax Clause: You cannot dynamax
|clearpoke
|poke|p1|Salamence, M|
|poke|p1|Nihilego|
|poke|p1|Rotom-Wash|
|poke|p1|Jirachi|
|poke|p1|Moltres-Galar|
|poke|p1|Mamoswine, M|
|poke|p2|Scolipede, M|
|poke|p2|Kommo-o, F|
|poke|p2|Krookodile, M|
|poke|p2|Lycanroc-Dusk, M|
|poke|p2|Azumarill, M|
|poke|p2|Aegislash, F|
|teampreview
|c|☆Zephyyyr|Hf
|
|t:|1631836647
|start
|switch|p1a: Jirachi|Jirachi|100/100
|switch|p2a: Scolipede|Scolipede, M, shiny|100/100
|turn|1
|j| 467 11 11p
|c|☆Big Grape|u2
|
|t:|1631836658
|move|p1a: Jirachi|Zen Headbutt|p2a: Scolipede
|-supereffective|p2a: Scolipede
|-enditem|p2a: Scolipede|Focus Sash
|-damage|p2a: Scolipede|1/100
|cant|p2a: Scolipede|flinch
|
|-ability|p2a: Scolipede|Speed Boost|boost
|-boost|p2a: Scolipede|spe|1
|upkeep
|turn|2
|c| 467 11 11p|only zeph would use spikes now :heart_eyes:
|
|t:|1631836666
|switch|p2a: Krookodile|Krookodile, M|100/100
|-ability|p2a: Krookodile|Intimidate|boost
|-unboost|p1a: Jirachi|atk|1
|move|p1a: Jirachi|Zen Headbutt|p2a: Krookodile
|-immune|p2a: Krookodile
|
|upkeep
|turn|3
|
|t:|1631836674
|switch|p1a: Rotom|Rotom-Wash|100/100
|switch|p2a: Scolipede|Scolipede, M, shiny|1/100
|
|upkeep
|turn|4
|
|t:|1631836690
|switch|p2a: Krookodile|Krookodile, M|100/100
|-ability|p2a: Krookodile|Intimidate|boost
|-unboost|p1a: Rotom|atk|1
|move|p1a: Rotom|Volt Switch|p2a: Krookodile
|-immune|p2a: Krookodile
|
|upkeep
|turn|5
|
|t:|1631836705
|switch|p1a: Moltres|Moltres-Galar|100/100
|move|p2a: Krookodile|Stealth Rock|p1a: Moltres
|-sidestart|p1: Big Grape|move: Stealth Rock
|
|upkeep
|turn|6
|
|t:|1631836711
|move|p2a: Krookodile|Knock Off|p1a: Moltres
|-resisted|p1a: Moltres
|-damage|p1a: Moltres|79/100
|-enditem|p1a: Moltres|Leftovers|[from] move: Knock Off|[of] p2a: Krookodile
|move|p1a: Moltres|Agility|p1a: Moltres
|-boost|p1a: Moltres|spe|2
|
|upkeep
|turn|7
|
|t:|1631836724
|switch|p2a: Azumarill|Azumarill, M|100/100
|move|p1a: Moltres|Air Slash|p2a: Azumarill
|-damage|p2a: Azumarill|76/100
|
|upkeep
|turn|8
|
|t:|1631836732
|move|p1a: Moltres|Air Slash|p2a: Azumarill
|-damage|p2a: Azumarill|52/100
|cant|p2a: Azumarill|flinch
|
|upkeep
|turn|9
|
|t:|1631836743
|move|p1a: Moltres|Air Slash|p2a: Azumarill
|-crit|p2a: Azumarill
|-damage|p2a: Azumarill|14/100
|move|p2a: Azumarill|Play Rough|p1a: Moltres
|-supereffective|p1a: Moltres
|-damage|p1a: Moltres|0 fnt
|faint|p1a: Moltres
|
|upkeep
|
|t:|1631836755
|switch|p1a: Jirachi|Jirachi|100/100
|-damage|p1a: Jirachi|94/100|[from] Stealth Rock
|turn|10
|
|t:|1631836776
|switch|p2a: Aegislash|Aegislash, F|100/100
|move|p1a: Jirachi|U-turn|p2a: Aegislash
|-resisted|p2a: Aegislash
|-damage|p2a: Aegislash|95/100
|
|t:|1631836782
|switch|p1a: Rotom|Rotom-Wash|100/100|[from]move: U-turn
|-damage|p1a: Rotom|88/100|[from] Stealth Rock
|
|upkeep
|turn|11
|
|t:|1631836787
|switch|p2a: Scolipede|Scolipede, M, shiny|1/100
|move|p1a: Rotom|Trick|p2a: Scolipede
|-activate|p1a: Rotom|move: Trick|[of] p2a: Scolipede
|-item|p2a: Scolipede|Choice Scarf|[from] move: Trick
|-enditem|p1a: Rotom|Choice Scarf|[silent]|[from] move: Trick
|
|upkeep
|turn|12
|
|t:|1631836793
|move|p2a: Scolipede|Endeavor|p1a: Rotom
|-damage|p1a: Rotom|1/100
|move|p1a: Rotom|Defog|p2a: Scolipede
|-unboost|p2a: Scolipede|evasion|1
|-sideend|p1: Big Grape|Stealth Rock|[from] move: Defog|[of] p1a: Rotom
|
|-ability|p2a: Scolipede|Speed Boost|boost
|-boost|p2a: Scolipede|spe|1
|upkeep
|turn|13
|
|t:|1631836814
|move|p2a: Scolipede|Endeavor|p1a: Rotom
|-immune|p1a: Rotom
|move|p1a: Rotom|Hydro Pump|p2a: Scolipede
|-crit|p2a: Scolipede
|-damage|p2a: Scolipede|0 fnt
|faint|p2a: Scolipede
|
|upkeep
|
|t:|1631836835
|switch|p2a: Kommo-o|Kommo-o, F|100/100
|turn|14
|
|t:|1631836843
|move|p1a: Rotom|Trick|p2a: Kommo-o
|-activate|p1a: Rotom|move: Trick|[of] p2a: Kommo-o
|-enditem|p2a: Kommo-o|Throat Spray|[silent]|[from] move: Trick
|-item|p1a: Rotom|Throat Spray|[from] move: Trick
|move|p2a: Kommo-o|Clangorous Soul|p2a: Kommo-o
|-boost|p2a: Kommo-o|atk|1
|-boost|p2a: Kommo-o|def|1
|-boost|p2a: Kommo-o|spa|1
|-boost|p2a: Kommo-o|spd|1
|-boost|p2a: Kommo-o|spe|1
|-damage|p2a: Kommo-o|68/100
|
|upkeep
|turn|15
|
|t:|1631836852
|move|p2a: Kommo-o|Clangorous Soul|p2a: Kommo-o
|-boost|p2a: Kommo-o|atk|1
|-boost|p2a: Kommo-o|def|1
|-boost|p2a: Kommo-o|spa|1
|-boost|p2a: Kommo-o|spd|1
|-boost|p2a: Kommo-o|spe|1
|-damage|p2a: Kommo-o|35/100
|move|p1a: Rotom|Volt Switch|p2a: Kommo-o
|-resisted|p2a: Kommo-o
|-damage|p2a: Kommo-o|26/100
|
|t:|1631836861
|switch|p1a: Mamoswine|Mamoswine, M|100/100|[from]move: Volt Switch
|
|upkeep
|turn|16
|
|t:|1631836866
|move|p1a: Mamoswine|Ice Shard|p2a: Kommo-o
|-supereffective|p2a: Kommo-o
|-damage|p2a: Kommo-o|4/100
|move|p2a: Kommo-o|Close Combat|p1a: Mamoswine
|-supereffective|p1a: Mamoswine
|-damage|p1a: Mamoswine|0 fnt
|-unboost|p2a: Kommo-o|def|1
|-unboost|p2a: Kommo-o|spd|1
|faint|p1a: Mamoswine
|
|upkeep
|
|t:|1631836880
|switch|p1a: Jirachi|Jirachi|94/100
|turn|17
|
|t:|1631836885
|move|p2a: Kommo-o|Flamethrower|p1a: Jirachi
|-supereffective|p1a: Jirachi
|-damage|p1a: Jirachi|0 fnt
|faint|p1a: Jirachi
|
|upkeep
|
|t:|1631836890
|switch|p1a: Salamence|Salamence, M|100/100
|turn|18
|
|t:|1631836893
|move|p2a: Kommo-o|Clanging Scales|p1a: Salamence
|-supereffective|p1a: Salamence
|-damage|p1a: Salamence|0 fnt
|faint|p1a: Salamence
|-unboost|p2a: Kommo-o|def|1
|
|upkeep
|c|☆Big Grape|gg
|
|t:|1631836899
|switch|p1a: Rotom|Rotom-Wash|1/100
|turn|19
|
|t:|1631836907
|move|p2a: Kommo-o|Clanging Scales|p1a: Rotom
|-damage|p1a: Rotom|0 fnt
|faint|p1a: Rotom
|-unboost|p2a: Kommo-o|def|1
|
|upkeep
|c|☆Zephyyyr|Gg
|
|t:|1631836913
|switch|p1a: Nihilego|Nihilego|100/100
|turn|20
|
|t:|1631836916
|move|p2a: Kommo-o|Close Combat|p1a: Nihilego
|-damage|p1a: Nihilego|0 fnt
|-unboost|p2a: Kommo-o|def|1
|-unboost|p2a: Kommo-o|spd|1
|faint|p1a: Nihilego
|
|win|Zephyyyr
|n|☆Big Grape|biggrape
|n|☆Zephyyyr|zephyyyr
|n| 467 11 11p|4671111p
