|j|☆HaxxLR
|j|☆DugZaッ
|t:|1665945792
|gametype|singles
|player|p1|HaxxLR|grimsley|
|player|p2|DugZaッ|#scl2machines|
|teamsize|p1|6
|teamsize|p2|6
|gen|8
|tier|[Gen 8] UU
|rule|Sleep Clause Mod: Limit one foe put to sleep
|rule|Species Clause: Limit one of each Pokémon
|rule|OHKO Clause: OHKO moves are banned
|rule|Evasion Items Clause: Evasion items are banned
|rule|Evasion Moves Clause: Evasion moves are banned
|rule|Endless Battle Clause: Forcing endless battles is banned
|rule|HP Percentage Mod: HP is shown in percentages
|rule|Dynamax Clause: You cannot dynamax
|clearpoke
|poke|p1|Starmie|
|poke|p1|Indeedee-F, F|
|poke|p1|Hydreigon, M|
|poke|p1|Swampert, M|
|poke|p1|Thundurus-Therian, M|
|poke|p1|Celesteela|
|poke|p2|Diggersby, M|
|poke|p2|Magneton|
|poke|p2|Nihilego|
|poke|p2|Salamence, M|
|poke|p2|Slowking, M|
|poke|p2|Zarude|
|teampreview
|c|☆DugZaッ|hf
|c|☆HaxxLR|hf
|j|+mushamu
|inactive|Battle timer is ON: inactive players will automatically lose when time's up. (requested by DugZaッ)
|l|+mushamu
|inactive|HaxxLR has 270 seconds left.
|inactive|HaxxLR has 240 seconds left.
|
|t:|1665945928
|start
|switch|p1a: Hydreigon|Hydreigon, M|100/100
|switch|p2a: Diggersby|Diggersby, M|100/100
|turn|1
|inactive|HaxxLR has 270 seconds left.
|
|t:|1665945955
|switch|p2a: Slowking|Slowking, M|100/100
|move|p1a: Hydreigon|Draco Meteor|p2a: Slowking|[miss]
|-miss|p1a: Hydreigon|p2a: Slowking
|
|upkeep
|turn|2
|inactive|HaxxLR has 240 seconds left.
|inactive|HaxxLR has 210 seconds left.
|inactive|HaxxLR has 180 seconds left.
|
|t:|1665946072
|switch|p1a: Thundurus|Thundurus-Therian, M|100/100
|move|p2a: Slowking|Teleport|p2a: Slowking
|
|t:|1665946074
|switch|p2a: Nihilego|Nihilego|100/100|[from]move: Teleport
|
|upkeep
|turn|3
|inactive|HaxxLR has 150 seconds left.
|
|t:|1665946105
|switch|p1a: Swampert|Swampert, M|100/100
|move|p2a: Nihilego|Stealth Rock|p1a: Swampert
|-sidestart|p1: HaxxLR|move: Stealth Rock
|
|upkeep
|turn|4
|
|t:|1665946113
|switch|p2a: Zarude|Zarude|100/100
|switch|p1a: Hydreigon|Hydreigon, M|100/100
|-damage|p1a: Hydreigon|88/100|[from] Stealth Rock
|
|upkeep
|turn|5
|inactive|HaxxLR has 150 seconds left.
|
|t:|1665946132
|move|p2a: Zarude|U-turn|p1a: Hydreigon
|-supereffective|p1a: Hydreigon
|-damage|p1a: Hydreigon|34/100
|
|t:|1665946135
|switch|p2a: Slowking|Slowking, M|100/100|[from]move: U-turn
|move|p1a: Hydreigon|U-turn|p2a: Slowking
|-supereffective|p2a: Slowking
|-damage|p2a: Slowking|76/100
|-enditem|p2a: Slowking|Eject Button
|
|t:|1665946139
|switch|p2a: Zarude|Zarude|100/100
|
|upkeep
|turn|6
|inactive|HaxxLR has 150 seconds left.
|inactive|HaxxLR has 120 seconds left.
|
|t:|1665946184
|switch|p1a: Swampert|Swampert, M|100/100
|-damage|p1a: Swampert|94/100|[from] Stealth Rock
|move|p2a: Zarude|U-turn|p1a: Swampert
|-damage|p1a: Swampert|77/100
|
|t:|1665946211
|switch|p2a: Diggersby|Diggersby, M|100/100|[from]move: U-turn
|
|-heal|p1a: Swampert|83/100|[from] item: Leftovers
|upkeep
|turn|7
|inactive|HaxxLR has 120 seconds left.
|
|t:|1665946243
|move|p2a: Diggersby|Body Slam|p1a: Swampert
|-damage|p1a: Swampert|18/100
|move|p1a: Swampert|Stealth Rock|p2a: Diggersby
|-sidestart|p2: DugZaッ|move: Stealth Rock
|
|-heal|p1a: Swampert|24/100|[from] item: Leftovers
|upkeep
|turn|8
|inactive|HaxxLR has 90 seconds left.
|
|t:|1665946280
|move|p2a: Diggersby|Body Slam|p1a: Swampert
|-damage|p1a: Swampert|0 fnt
|faint|p1a: Swampert
|
|upkeep
|inactive|HaxxLR has 60 seconds left.
|
|t:|1665946324
|switch|p1a: Thundurus|Thundurus-Therian, M|100/100
|turn|9
|
|t:|1665946332
|switch|p2a: Nihilego|Nihilego|100/100
|-damage|p2a: Nihilego|88/100|[from] Stealth Rock
|move|p1a: Thundurus|Knock Off|p2a: Nihilego
|-damage|p2a: Nihilego|57/100
|-enditem|p2a: Nihilego|Black Sludge|[from] move: Knock Off|[of] p1a: Thundurus
|
|upkeep
|turn|10
|
|t:|1665946349
|switch|p1a: Starmie|Starmie|100/100
|-damage|p1a: Starmie|88/100|[from] Stealth Rock
|move|p2a: Nihilego|Power Gem|p1a: Starmie
|-damage|p1a: Starmie|30/100
|
|upkeep
|turn|11
|
|t:|1665946363
|switch|p2a: Slowking|Slowking, M|100/100
|-damage|p2a: Slowking|88/100|[from] Stealth Rock
|move|p1a: Starmie|Trick|p2a: Slowking
|-activate|p1a: Starmie|move: Trick|[of] p2a: Slowking
|-item|p2a: Slowking|Choice Specs|[from] move: Trick
|-enditem|p1a: Starmie|Choice Specs|[silent]|[from] move: Trick
|
|upkeep
|turn|12
|inactive|HaxxLR has 30 seconds left.
|
|t:|1665946390
|switch|p1a: Thundurus|Thundurus-Therian, M|100/100
|move|p2a: Slowking|Teleport|p2a: Slowking
|inactive|HaxxLR has 30 seconds left this turn.
|
|t:|1665946396
|switch|p2a: Nihilego|Nihilego|57/100|[from]move: Teleport
|-damage|p2a: Nihilego|45/100|[from] Stealth Rock
|
|upkeep
|turn|13
|inactive|HaxxLR has 30 seconds left.
|inactive|HaxxLR has 20 seconds left.
|inactive|HaxxLR has 15 seconds left.
|
|t:|1665946422
|switch|p1a: Indeedee|Indeedee-F, F|100/100
|-damage|p1a: Indeedee|88/100|[from] Stealth Rock
|-fieldstart|move: Psychic Terrain|[from] ability: Psychic Surge|[of] p1a: Indeedee
|move|p2a: Nihilego|Power Gem|p1a: Indeedee
|-damage|p1a: Indeedee|43/100
|
|upkeep
|turn|14
|inactive|HaxxLR has 25 seconds left this turn.
|inactive|HaxxLR has 20 seconds left.
|inactive|HaxxLR has 15 seconds left.
|inactive|HaxxLR has 10 seconds left.
|inactive|HaxxLR has 5 seconds left.
|
|t:|1665946446
|switch|p2a: Salamence|Salamence, M|100/100
|-ability|p2a: Salamence|Intimidate|boost
|-unboost|p1a: Indeedee|atk|1
|switch|p1a: Celesteela|Celesteela|100/100
|-damage|p1a: Celesteela|88/100|[from] Stealth Rock
|
|-heal|p1a: Celesteela|94/100|[from] item: Leftovers
|upkeep
|turn|15
|inactive|HaxxLR has 15 seconds left this turn.
|inactive|HaxxLR has 10 seconds left.
|inactive|HaxxLR has 5 seconds left.
|
|t:|1665946461
|switch|p1a: Starmie|Starmie|30/100
|-damage|p1a: Starmie|18/100|[from] Stealth Rock
|move|p2a: Salamence|Defog|p1a: Starmie
|-unboost|p1a: Starmie|evasion|1
|-sideend|p1: HaxxLR|Stealth Rock|[from] move: Defog|[of] p2a: Salamence
|-sideend|p2: DugZaッ|Stealth Rock|[from] move: Defog|[of] p2a: Salamence
|-fieldend|move: Psychic Terrain
|
|upkeep
|turn|16
|inactive|HaxxLR has 15 seconds left this turn.
|inactive|HaxxLR has 10 seconds left.
|inactive|HaxxLR has 5 seconds left.
|
|t:|1665946473
|switch|p1a: Indeedee|Indeedee-F, F|43/100
|-fieldstart|move: Psychic Terrain|[from] ability: Psychic Surge|[of] p1a: Indeedee
|switch|p2a: Slowking|Slowking, M|100/100
|
|upkeep
|turn|17
|inactive|HaxxLR has 15 seconds left this turn.
|inactive|HaxxLR has 10 seconds left.
|
|t:|1665946479
|move|p1a: Indeedee|Healing Wish|p1a: Indeedee
|faint|p1a: Indeedee
|move|p2a: Slowking|Teleport|p2a: Slowking
|inactive|HaxxLR has 15 seconds left this turn.
|
|t:|1665946486
|switch|p2a: Zarude|Zarude|100/100|[from]move: Teleport
|
|upkeep
|inactive|HaxxLR has 20 seconds left this turn.
|inactive|HaxxLR has 15 seconds left.
|
|t:|1665946496
|switch|p1a: Thundurus|Thundurus-Therian, M|100/100
|turn|18
|inactive|HaxxLR has 25 seconds left this turn.
|inactive|HaxxLR has 20 seconds left.
|
|t:|1665946502
|move|p2a: Zarude|U-turn|p1a: Thundurus
|-resisted|p1a: Thundurus
|-damage|p1a: Thundurus|82/100
|inactive|HaxxLR has 25 seconds left this turn.
|
|t:|1665946504
|switch|p2a: Salamence|Salamence, M|100/100|[from]move: U-turn
|-ability|p2a: Salamence|Intimidate|boost
|-unboost|p1a: Thundurus|atk|1
|move|p1a: Thundurus|Focus Blast|p2a: Salamence
|-resisted|p2a: Salamence
|-damage|p2a: Salamence|78/100
|
|upkeep
|turn|19
|inactive|HaxxLR has 30 seconds left.
|inactive|HaxxLR has 20 seconds left.
|inactive|HaxxLR has 15 seconds left.
|
|t:|1665946525
|move|p1a: Thundurus|Volt Switch|p2a: Salamence
|-damage|p2a: Salamence|40/100
|inactive|HaxxLR has 20 seconds left this turn.
|
|t:|1665946529
|switch|p1a: Hydreigon|Hydreigon, M|34/100|[from]move: Volt Switch
|-heal|p1a: Hydreigon|100/100|[from] move: Healing Wish
|move|p2a: Salamence|Hurricane|p1a: Hydreigon
|-damage|p1a: Hydreigon|51/100
|-start|p1a: Hydreigon|confusion
|
|upkeep
|turn|20
|inactive|HaxxLR has 30 seconds left this turn.
|inactive|HaxxLR has 20 seconds left.
|inactive|HaxxLR has 15 seconds left.
|
|t:|1665946548
|-activate|p1a: Hydreigon|confusion
|-damage|p1a: Hydreigon|41/100|[from] confusion
|move|p2a: Salamence|Roost|p2a: Salamence
|-heal|p2a: Salamence|90/100
|-singleturn|p2a: Salamence|move: Roost
|
|upkeep
|turn|21
|inactive|HaxxLR has 25 seconds left this turn.
|inactive|HaxxLR has 20 seconds left.
|
|t:|1665946556
|switch|p2a: Slowking|Slowking, M|100/100
|-activate|p1a: Hydreigon|confusion
|move|p1a: Hydreigon|Draco Meteor|p2a: Slowking
|-damage|p2a: Slowking|47/100
|-unboost|p1a: Hydreigon|spa|2
|
|upkeep
|turn|22
|inactive|HaxxLR has 30 seconds left this turn.
|inactive|HaxxLR has 20 seconds left.
|
|t:|1665946570
|switch|p1a: Starmie|Starmie|18/100
|move|p2a: Slowking|Teleport|p2a: Slowking
|inactive|HaxxLR has 25 seconds left this turn.
|
|t:|1665946573
|switch|p2a: Zarude|Zarude|100/100|[from]move: Teleport
|
|upkeep
|turn|23
|
|t:|1665946578
|move|p2a: Zarude|U-turn|p1a: Starmie
|-supereffective|p1a: Starmie
|-damage|p1a: Starmie|0 fnt
|faint|p1a: Starmie
|
|t:|1665946585
|switch|p2a: Slowking|Slowking, M|80/100|[from]move: U-turn
|
|-fieldend|move: Psychic Terrain
|upkeep
|
|t:|1665946594
|switch|p1a: Hydreigon|Hydreigon, M|41/100
|turn|24
|
|t:|1665946604
|switch|p2a: Salamence|Salamence, M|90/100
|-ability|p2a: Salamence|Intimidate|boost
|-unboost|p1a: Hydreigon|atk|1
|move|p1a: Hydreigon|Draco Meteor|p2a: Salamence
|-supereffective|p2a: Salamence
|-damage|p2a: Salamence|0 fnt
|-unboost|p1a: Hydreigon|spa|2
|faint|p2a: Salamence
|
|upkeep
|
|t:|1665946609
|switch|p2a: Zarude|Zarude|100/100
|turn|25
|
|t:|1665946617
|switch|p1a: Thundurus|Thundurus-Therian, M|82/100
|move|p2a: Zarude|U-turn|p1a: Thundurus
|-resisted|p1a: Thundurus
|-damage|p1a: Thundurus|66/100
|
|t:|1665946620
|switch|p2a: Nihilego|Nihilego|45/100|[from]move: U-turn
|
|upkeep
|turn|26
|inactive|HaxxLR has 60 seconds left.
|
|t:|1665946635
|switch|p1a: Celesteela|Celesteela|94/100
|move|p2a: Nihilego|Stealth Rock|p1a: Celesteela
|-sidestart|p1: HaxxLR|move: Stealth Rock
|
|-heal|p1a: Celesteela|99/100|[from] item: Leftovers
|upkeep
|turn|27
|
|t:|1665946650
|switch|p2a: Slowking|Slowking, M|100/100
|switch|p1a: Hydreigon|Hydreigon, M|41/100
|-damage|p1a: Hydreigon|29/100|[from] Stealth Rock
|
|upkeep
|turn|28
|
|t:|1665946661
|move|p1a: Hydreigon|Dark Pulse|p2a: Slowking
|-supereffective|p2a: Slowking
|-damage|p2a: Slowking|33/100
|move|p2a: Slowking|Teleport|p2a: Slowking
|
|t:|1665946664
|switch|p2a: Zarude|Zarude|100/100|[from]move: Teleport
|
|upkeep
|turn|29
|inactive|HaxxLR has 60 seconds left.
|
|t:|1665946689
|switch|p1a: Thundurus|Thundurus-Therian, M|66/100
|move|p2a: Zarude|U-turn|p1a: Thundurus
|-resisted|p1a: Thundurus
|-damage|p1a: Thundurus|47/100
|
|t:|1665946694
|switch|p2a: Nihilego|Nihilego|45/100|[from]move: U-turn
|
|upkeep
|turn|30
|
|t:|1665946705
|switch|p1a: Celesteela|Celesteela|99/100
|-damage|p1a: Celesteela|88/100|[from] Stealth Rock
|move|p2a: Nihilego|Power Gem|p1a: Celesteela
|-damage|p1a: Celesteela|65/100
|
|-heal|p1a: Celesteela|71/100|[from] item: Leftovers
|upkeep
|turn|31
|
|t:|1665946718
|switch|p2a: Slowking|Slowking, M|67/100
|switch|p1a: Thundurus|Thundurus-Therian, M|47/100
|
|upkeep
|turn|32
|
|t:|1665946728
|move|p1a: Thundurus|Volt Switch|p2a: Slowking
|-supereffective|p2a: Slowking
|-damage|p2a: Slowking|4/100
|inactive|HaxxLR has 60 seconds left.
|
|t:|1665946733
|switch|p1a: Hydreigon|Hydreigon, M|29/100|[from]move: Volt Switch
|-damage|p1a: Hydreigon|17/100|[from] Stealth Rock
|move|p2a: Slowking|Teleport|p2a: Slowking
|
|t:|1665946737
|switch|p2a: Zarude|Zarude|100/100|[from]move: Teleport
|
|upkeep
|turn|33
|inactive|HaxxLR has 60 seconds left.
|
|t:|1665946777
|move|p2a: Zarude|U-turn|p1a: Hydreigon
|-supereffective|p1a: Hydreigon
|-damage|p1a: Hydreigon|0 fnt
|faint|p1a: Hydreigon
|
|t:|1665946788
|switch|p2a: Nihilego|Nihilego|45/100|[from]move: U-turn
|
|upkeep
|
|t:|1665946791
|switch|p1a: Celesteela|Celesteela|71/100
|-damage|p1a: Celesteela|59/100|[from] Stealth Rock
|turn|34
|
|t:|1665946797
|move|p2a: Nihilego|Knock Off|p1a: Celesteela
|-damage|p1a: Celesteela|49/100
|-enditem|p1a: Celesteela|Leftovers|[from] move: Knock Off|[of] p2a: Nihilego
|move|p1a: Celesteela|Leech Seed|p2a: Nihilego
|-start|p2a: Nihilego|move: Leech Seed
|
|-damage|p2a: Nihilego|32/100|[from] Leech Seed|[of] p1a: Celesteela
|-heal|p1a: Celesteela|61/100|[silent]
|upkeep
|turn|35
|
|t:|1665946808
|switch|p2a: Slowking|Slowking, M|37/100
|move|p1a: Celesteela|Giga Drain|p2a: Slowking
|-supereffective|p2a: Slowking
|-damage|p2a: Slowking|7/100
|-heal|p1a: Celesteela|75/100|[from] drain|[of] p2a: Slowking
|
|upkeep
|turn|36
|
|t:|1665946832
|move|p1a: Celesteela|Giga Drain|p2a: Slowking
|-supereffective|p2a: Slowking
|-damage|p2a: Slowking|0 fnt
|-heal|p1a: Celesteela|79/100|[from] drain|[of] p2a: Slowking
|faint|p2a: Slowking
|-ability|p1a: Celesteela|Beast Boost|boost
|-boost|p1a: Celesteela|spd|1
|
|upkeep
|
|t:|1665946836
|switch|p2a: Magneton|Magneton|100/100
|turn|37
|
|t:|1665946862
|move|p2a: Magneton|Thunderbolt|p1a: Celesteela
|-supereffective|p1a: Celesteela
|-damage|p1a: Celesteela|43/100
|move|p1a: Celesteela|Flamethrower|p2a: Magneton
|-supereffective|p2a: Magneton
|-crit|p2a: Magneton
|-damage|p2a: Magneton|0 fnt
|faint|p2a: Magneton
|-ability|p1a: Celesteela|Beast Boost|boost
|-boost|p1a: Celesteela|spd|1
|
|upkeep
|
|t:|1665946866
|switch|p2a: Zarude|Zarude|100/100
|turn|38
|inactive|HaxxLR has 30 seconds left.
|
|t:|1665946887
|move|p2a: Zarude|Darkest Lariat|p1a: Celesteela
|-damage|p1a: Celesteela|9/100
|move|p1a: Celesteela|Flamethrower|p2a: Zarude
|-supereffective|p2a: Zarude
|-damage|p2a: Zarude|54/100
|
|upkeep
|turn|39
|
|t:|1665946891
|move|p2a: Zarude|Darkest Lariat|p1a: Celesteela
|-damage|p1a: Celesteela|0 fnt
|faint|p1a: Celesteela
|
|upkeep
|
|t:|1665946893
|switch|p1a: Thundurus|Thundurus-Therian, M|47/100
|turn|40
|
|t:|1665946895
|move|p2a: Zarude|Darkest Lariat|p1a: Thundurus
|-crit|p1a: Thundurus
|-damage|p1a: Thundurus|0 fnt
|faint|p1a: Thundurus
|
|win|DugZaッ
|c|☆DugZaッ|ggs
|c|☆HaxxLR|gg
