|j|☆poopyprincess900
|j|☆Verstraeten
|t:|1640123127
|gametype|singles
|player|p1|poopyprincess900|1|1398
|player|p2|Verstraeten|blackbelt-gen4dp|1394
|teamsize|p1|6
|teamsize|p2|6
|gen|8
|tier|[Gen 8] UU
|rated|
|rule|Sleep Clause Mod: Limit one foe put to sleep
|rule|Species Clause: Limit one of each Pokémon
|rule|OHKO Clause: OHKO moves are banned
|rule|Evasion Moves Clause: Evasion moves are banned
|rule|Endless Battle Clause: Forcing endless battles is banned
|rule|HP Percentage Mod: HP is shown in percentages
|rule|Dynamax Clause: You cannot dynamax
|clearpoke
|poke|p1|Nidoqueen, F|
|poke|p1|Zarude-Dada|
|poke|p1|Togekiss, F|
|poke|p1|Starmie|
|poke|p1|Aegislash, F|
|poke|p1|Thundurus-Therian, M|
|poke|p2|Scyther, M|
|poke|p2|Galvantula, F|
|poke|p2|Tsareena, F|
|poke|p2|Gyarados, M|
|poke|p2|Salazzle, F|
|poke|p2|Golurk|
|teampreview
|inactive|Battle timer is ON: inactive players will automatically lose when time's up. (requested by poopyprincess900)
|
|t:|1640123134
|start
|switch|p1a: Thundurus|Thundurus-Therian, M|100/100
|switch|p2a: Galvan-Eyes|Galvantula, F, shiny|100/100
|turn|1
|
|t:|1640123137
|move|p2a: Galvan-Eyes|Sticky Web|p1a: Thundurus
|-sidestart|p1: poopyprincess900|move: Sticky Web
|move|p1a: Thundurus|Knock Off|p2a: Galvan-Eyes
|-damage|p2a: Galvan-Eyes|64/100
|-enditem|p2a: Galvan-Eyes|Focus Sash|[from] move: Knock Off|[of] p1a: Thundurus
|
|upkeep
|turn|2
|
|t:|1640123144
|move|p2a: Galvan-Eyes|Bug Buzz|p1a: Thundurus
|-resisted|p1a: Thundurus
|-damage|p1a: Thundurus|76/100
|move|p1a: Thundurus|Sludge Bomb|p2a: Galvan-Eyes
|-damage|p2a: Galvan-Eyes|0 fnt
|faint|p2a: Galvan-Eyes
|
|upkeep
|
|t:|1640123148
|switch|p2a: #Slay|Tsareena, F, shiny|100/100
|turn|3
|
|t:|1640123152
|move|p1a: Thundurus|Sludge Bomb|p2a: #Slay
|-supereffective|p2a: #Slay
|-damage|p2a: #Slay|19/100
|-status|p2a: #Slay|psn
|move|p2a: #Slay|Rapid Spin|p1a: Thundurus
|-damage|p1a: Thundurus|46/100
|-boost|p2a: #Slay|spe|1
|
|-heal|p2a: #Slay|25/100 psn|[from] item: Leftovers
|-damage|p2a: #Slay|13/100 psn|[from] psn
|upkeep
|turn|4
|
|t:|1640123160
|switch|p1a: Aegislash|Aegislash, F|100/100
|-activate|p1a: Aegislash|move: Sticky Web
|-unboost|p1a: Aegislash|spe|1
|move|p2a: #Slay|Triple Axel|p1a: Aegislash
|-resisted|p1a: Aegislash
|-damage|p1a: Aegislash|97/100
|-resisted|p1a: Aegislash
|-damage|p1a: Aegislash|92/100
|-hitcount|p1a: Aegislash|2
|
|-heal|p2a: #Slay|19/100 psn|[from] item: Leftovers
|-heal|p1a: Aegislash|98/100|[from] item: Leftovers
|-damage|p2a: #Slay|6/100 psn|[from] psn
|upkeep
|turn|5
|
|t:|1640123166
|move|p1a: Aegislash|King's Shield|p1a: Aegislash
|-singleturn|p1a: Aegislash|Protect
|move|p2a: #Slay|Knock Off|p1a: Aegislash
|-activate|p1a: Aegislash|move: Protect
|-unboost|p2a: #Slay|atk|1
|
|-heal|p2a: #Slay|12/100 psn|[from] item: Leftovers
|-heal|p1a: Aegislash|100/100|[from] item: Leftovers
|-damage|p2a: #Slay|0 fnt|[from] psn
|faint|p2a: #Slay
|upkeep
|
|t:|1640123175
|switch|p2a: Shachihoko|Gyarados, M, shiny|100/100
|turn|6
|
|t:|1640123180
|move|p2a: Shachihoko|Dragon Dance|p2a: Shachihoko
|-boost|p2a: Shachihoko|atk|1
|-boost|p2a: Shachihoko|spe|1
|move|p1a: Aegislash|Toxic|p2a: Shachihoko
|-status|p2a: Shachihoko|tox
|
|-damage|p2a: Shachihoko|94/100 tox|[from] psn
|upkeep
|turn|7
|
|t:|1640123183
|move|p2a: Shachihoko|Dragon Dance|p2a: Shachihoko
|-boost|p2a: Shachihoko|atk|1
|-boost|p2a: Shachihoko|spe|1
|-formechange|p1a: Aegislash|Aegislash-Blade||[from] ability: Stance Change
|move|p1a: Aegislash|Shadow Ball|p2a: Shachihoko
|-damage|p2a: Shachihoko|50/100 tox
|
|-heal|p2a: Shachihoko|56/100 tox|[from] item: Leftovers
|-damage|p2a: Shachihoko|44/100 tox|[from] psn
|upkeep
|turn|8
|
|t:|1640123187
|-formechange|p1a: Aegislash|Aegislash||[from] ability: Stance Change
|move|p1a: Aegislash|King's Shield|p1a: Aegislash
|-singleturn|p1a: Aegislash|Protect
|move|p2a: Shachihoko|Earthquake|p1a: Aegislash
|-activate|p1a: Aegislash|move: Protect
|
|-heal|p2a: Shachihoko|50/100 tox|[from] item: Leftovers
|-damage|p2a: Shachihoko|32/100 tox|[from] psn
|upkeep
|turn|9
|c|☆Verstraeten|damnit
|
|t:|1640123199
|move|p1a: Aegislash|King's Shield||[still]
|-fail|p1a: Aegislash
|move|p2a: Shachihoko|Waterfall|p1a: Aegislash
|-damage|p1a: Aegislash|41/100
|
|-heal|p2a: Shachihoko|38/100 tox|[from] item: Leftovers
|-heal|p1a: Aegislash|47/100|[from] item: Leftovers
|-damage|p2a: Shachihoko|13/100 tox|[from] psn
|upkeep
|turn|10
|
|t:|1640123202
|move|p1a: Aegislash|King's Shield|p1a: Aegislash
|-singleturn|p1a: Aegislash|Protect
|move|p2a: Shachihoko|Waterfall|p1a: Aegislash
|-activate|p1a: Aegislash|move: Protect
|-unboost|p2a: Shachihoko|atk|1
|
|-heal|p2a: Shachihoko|20/100 tox|[from] item: Leftovers
|-heal|p1a: Aegislash|53/100|[from] item: Leftovers
|-damage|p2a: Shachihoko|0 fnt|[from] psn
|faint|p2a: Shachihoko
|upkeep
|
|t:|1640123205
|switch|p2a: WhiteWomanSpotted|Salazzle, F, shiny|100/100
|turn|11
|
|t:|1640123216
|move|p2a: WhiteWomanSpotted|Flamethrower|p1a: Aegislash
|-supereffective|p1a: Aegislash
|-damage|p1a: Aegislash|0 fnt
|faint|p1a: Aegislash
|
|upkeep
|
|t:|1640123221
|switch|p1a: Starmie|Starmie|100/100
|turn|12
|
|t:|1640123223
|move|p2a: WhiteWomanSpotted|Sludge Wave|p1a: Starmie
|-damage|p1a: Starmie|45/100
|move|p1a: Starmie|Scald|p2a: WhiteWomanSpotted
|-supereffective|p2a: WhiteWomanSpotted
|-damage|p2a: WhiteWomanSpotted|5/100
|
|upkeep
|turn|13
|
|t:|1640123239
|move|p2a: WhiteWomanSpotted|Sludge Wave|p1a: Starmie
|-damage|p1a: Starmie|0 fnt
|faint|p1a: Starmie
|
|upkeep
|
|t:|1640123246
|switch|p1a: Nidoqueen|Nidoqueen, F|100/100
|-activate|p1a: Nidoqueen|move: Sticky Web
|-unboost|p1a: Nidoqueen|spe|1
|turn|14
|
|t:|1640123251
|move|p2a: WhiteWomanSpotted|Flamethrower|p1a: Nidoqueen
|-damage|p1a: Nidoqueen|55/100
|move|p1a: Nidoqueen|Sludge Wave|p2a: WhiteWomanSpotted
|-resisted|p2a: WhiteWomanSpotted
|-damage|p2a: WhiteWomanSpotted|0 fnt
|faint|p2a: WhiteWomanSpotted
|
|-heal|p1a: Nidoqueen|61/100|[from] item: Black Sludge
|upkeep
|
|t:|1640123254
|switch|p2a: Terrorcotta|Golurk|100/100
|turn|15
|
|t:|1640123257
|switch|p1a: Thundurus|Thundurus-Therian, M|46/100
|move|p2a: Terrorcotta|Rock Polish|p2a: Terrorcotta
|-boost|p2a: Terrorcotta|spe|2
|
|upkeep
|turn|16
|
|t:|1640123263
|move|p2a: Terrorcotta|Poltergeist|p1a: Thundurus
|-activate|p1a: Thundurus|move: Poltergeist|Heavy-Duty Boots
|-damage|p1a: Thundurus|0 fnt
|faint|p1a: Thundurus
|
|upkeep
|
|t:|1640123268
|switch|p1a: Zarude|Zarude-Dada|100/100
|-activate|p1a: Zarude|move: Sticky Web
|-unboost|p1a: Zarude|spe|1
|turn|17
|
|t:|1640123269
|move|p2a: Terrorcotta|Dynamic Punch|p1a: Zarude
|-supereffective|p1a: Zarude
|-damage|p1a: Zarude|30/100
|-start|p1a: Zarude|confusion
|-activate|p1a: Zarude|confusion
|move|p1a: Zarude|Darkest Lariat|p2a: Terrorcotta
|-supereffective|p2a: Terrorcotta
|-damage|p2a: Terrorcotta|3/100
|
|-heal|p2a: Terrorcotta|9/100|[from] item: Leftovers
|upkeep
|turn|18
|
|t:|1640123275
|move|p2a: Terrorcotta|Dynamic Punch|p1a: Zarude
|-supereffective|p1a: Zarude
|-damage|p1a: Zarude|0 fnt
|faint|p1a: Zarude
|
|-heal|p2a: Terrorcotta|15/100|[from] item: Leftovers
|upkeep
|
|t:|1640123277
|switch|p1a: Togekiss|Togekiss, F|100/100
|turn|19
|
|t:|1640123279
|move|p2a: Terrorcotta|Poltergeist|p1a: Togekiss
|-activate|p1a: Togekiss|move: Poltergeist|Heavy-Duty Boots
|-damage|p1a: Togekiss|39/100
|move|p1a: Togekiss|Air Slash|p2a: Terrorcotta
|-damage|p2a: Terrorcotta|0 fnt
|faint|p2a: Terrorcotta
|
|upkeep
|
|t:|1640123283
|switch|p2a: Grim Sweeper|Scyther, M, shiny|100/100
|turn|20
|
|t:|1640123285
|move|p2a: Grim Sweeper|Swords Dance|p2a: Grim Sweeper
|-boost|p2a: Grim Sweeper|atk|2
|move|p1a: Togekiss|Air Slash|p2a: Grim Sweeper
|-supereffective|p2a: Grim Sweeper
|-damage|p2a: Grim Sweeper|40/100
|
|upkeep
|turn|21
|
|t:|1640123288
|move|p2a: Grim Sweeper|Dual Wingbeat|p1a: Togekiss
|-damage|p1a: Togekiss|0 fnt
|faint|p1a: Togekiss
|-hitcount|p1: Togekiss|1
|
|upkeep
|
|t:|1640123290
|switch|p1a: Nidoqueen|Nidoqueen, F|61/100
|-activate|p1a: Nidoqueen|move: Sticky Web
|-unboost|p1a: Nidoqueen|spe|1
|turn|22
|
|t:|1640123292
|move|p2a: Grim Sweeper|Dual Wingbeat|p1a: Nidoqueen
|-damage|p1a: Nidoqueen|1/100
|-damage|p1a: Nidoqueen|0 fnt
|faint|p1a: Nidoqueen
|-hitcount|p1: Nidoqueen|2
|
|win|Verstraeten
|raw|poopyprincess900's rating: 1398 &rarr; <strong>1378</strong><br />(-20 for losing)
|raw|Verstraeten's rating: 1394 &rarr; <strong>1414</strong><br />(+20 for winning)
|c|☆Verstraeten|gg
