|j|☆Bro★taro
|j|☆Corporate Donkey
|t:|1654571055
|gametype|singles
|player|p1|Bro★taro|ingo|1326
|player|p2|Corporate Donkey|ingo|1417
|teamsize|p1|6
|teamsize|p2|6
|gen|8
|tier|[Gen 8] UU
|rated|
|rule|Sleep Clause Mod: Limit one foe put to sleep
|rule|Species Clause: Limit one of each Pokémon
|rule|OHKO Clause: OHKO moves are banned
|rule|Evasion Moves Clause: Evasion moves are banned
|rule|Endless Battle Clause: Forcing endless battles is banned
|rule|HP Percentage Mod: HP is shown in percentages
|rule|Dynamax Clause: You cannot dynamax
|clearpoke
|poke|p1|Politoed, M|
|poke|p1|Tornadus, M|
|poke|p1|Kabutops, F|
|poke|p1|Toxicroak, M|
|poke|p1|Primarina, M|
|poke|p1|Skarmory, F|
|poke|p2|Hippowdon, F|
|poke|p2|Skarmory, F|
|poke|p2|Scizor, M|
|poke|p2|Reuniclus, M|
|poke|p2|Keldeo-Resolute|
|poke|p2|Hydreigon, M|
|teampreview
|c|☆Corporate Donkey|gl hf
|c|☆Bro★taro|2u
|j| alphasecrettesting
|
|t:|1654571082
|start
|switch|p1a: Primarina|Primarina, M|100/100
|switch|p2a: Squishy|Reuniclus, M|100/100
|turn|1
|
|t:|1654571086
|move|p1a: Primarina|Moonblast|p2a: Squishy
|-damage|p2a: Squishy|30/100
|move|p2a: Squishy|Thunder|p1a: Primarina
|-supereffective|p1a: Primarina
|-damage|p1a: Primarina|0 fnt
|faint|p1a: Primarina
|
|upkeep
|
|t:|1654571094
|switch|p1a: Kabutops|Kabutops, F|100/100
|turn|2
|
|t:|1654571097
|switch|p2a: Skarmory|Skarmory, F|100/100
|move|p1a: Kabutops|Flip Turn|p2a: Skarmory
|-damage|p2a: Skarmory|72/100
|-damage|p1a: Kabutops|84/100|[from] item: Rocky Helmet|[of] p2a: Skarmory
|
|t:|1654571105
|switch|p1a: Politoed|Politoed, M|100/100|[from]move: Flip Turn
|-weather|RainDance|[from] ability: Drizzle|[of] p1a: Politoed
|
|-weather|RainDance|[upkeep]
|upkeep
|turn|3
|
|t:|1654571111
|switch|p2a: Donicio|Keldeo-Resolute|100/100
|move|p1a: Politoed|Scald|p2a: Donicio
|-resisted|p2a: Donicio
|-damage|p2a: Donicio|78/100
|-status|p2a: Donicio|brn
|
|-weather|RainDance|[upkeep]
|-damage|p2a: Donicio|71/100 brn|[from] brn
|upkeep
|turn|4
|
|t:|1654571117
|switch|p1a: Toxicroak|Toxicroak, M|100/100
|move|p2a: Donicio|Secret Sword|p1a: Toxicroak
|-resisted|p1a: Toxicroak
|-damage|p1a: Toxicroak|47/100
|
|-weather|RainDance|[upkeep]
|-heal|p1a: Toxicroak|60/100|[from] ability: Dry Skin
|-damage|p2a: Donicio|65/100 brn|[from] brn
|upkeep
|turn|5
|
|t:|1654571120
|switch|p2a: Donna|Hippowdon, F|100/100
|-weather|Sandstorm|[from] ability: Sand Stream|[of] p2a: Donna
|move|p1a: Toxicroak|Drain Punch|p2a: Donna
|-damage|p2a: Donna|70/100
|-heal|p1a: Toxicroak|81/100|[from] drain|[of] p2a: Donna
|-damage|p1a: Toxicroak|71/100|[from] item: Life Orb
|
|-weather|Sandstorm|[upkeep]
|-damage|p1a: Toxicroak|65/100|[from] Sandstorm
|-heal|p2a: Donna|76/100|[from] item: Leftovers
|upkeep
|turn|6
|
|t:|1654571126
|switch|p1a: Politoed|Politoed, M|100/100
|-weather|RainDance|[from] ability: Drizzle|[of] p1a: Politoed
|move|p2a: Donna|Stealth Rock|p1a: Politoed
|-sidestart|p1: Bro★taro|move: Stealth Rock
|
|-weather|RainDance|[upkeep]
|-heal|p2a: Donna|82/100|[from] item: Leftovers
|upkeep
|turn|7
|
|t:|1654571129
|switch|p2a: Ricardo|Hydreigon, M|100/100
|move|p1a: Politoed|Scald|p2a: Ricardo
|-resisted|p2a: Ricardo
|-damage|p2a: Ricardo|79/100
|
|-weather|RainDance|[upkeep]
|upkeep
|turn|8
|
|t:|1654571132
|move|p2a: Ricardo|U-turn|p1a: Politoed
|-damage|p1a: Politoed|88/100
|
|t:|1654571137
|switch|p2a: Donicio|Keldeo-Resolute|65/100 brn|[from]move: U-turn
|move|p1a: Politoed|Toxic||[still]
|-fail|p1a: Politoed
|
|-weather|RainDance|[upkeep]
|-damage|p2a: Donicio|59/100 brn|[from] brn
|upkeep
|turn|9
|
|t:|1654571141
|switch|p1a: Toxicroak|Toxicroak, M|65/100
|-damage|p1a: Toxicroak|59/100|[from] Stealth Rock
|move|p2a: Donicio|Air Slash|p1a: Toxicroak
|-supereffective|p1a: Toxicroak
|-damage|p1a: Toxicroak|0 fnt
|faint|p1a: Toxicroak
|
|-weather|RainDance|[upkeep]
|-damage|p2a: Donicio|53/100 brn|[from] brn
|upkeep
|
|t:|1654571146
|switch|p1a: Skarmory|Skarmory, F|100/100
|-damage|p1a: Skarmory|88/100|[from] Stealth Rock
|turn|10
|
|t:|1654571158
|switch|p2a: Ricardo|Hydreigon, M|79/100
|move|p1a: Skarmory|Defog|p2a: Ricardo
|-unboost|p2a: Ricardo|evasion|1
|-sideend|p1: Bro★taro|Stealth Rock|[from] move: Defog|[of] p1a: Skarmory
|
|-weather|RainDance|[upkeep]
|-heal|p1a: Skarmory|94/100|[from] item: Leftovers
|upkeep
|turn|11
|
|t:|1654571165
|switch|p2a: Squishy|Reuniclus, M|30/100
|move|p1a: Skarmory|Roost|p1a: Skarmory
|-heal|p1a: Skarmory|100/100
|-singleturn|p1a: Skarmory|move: Roost
|
|-weather|RainDance|[upkeep]
|upkeep
|turn|12
|
|t:|1654571167
|move|p1a: Skarmory|Brave Bird|p2a: Squishy
|-damage|p2a: Squishy|0 fnt
|faint|p2a: Squishy
|-damage|p1a: Skarmory|88/100|[from] Recoil
|
|-weather|RainDance|[upkeep]
|-heal|p1a: Skarmory|94/100|[from] item: Leftovers
|upkeep
|
|t:|1654571179
|switch|p2a: Donicio|Keldeo-Resolute|53/100 brn
|turn|13
|
|t:|1654571182
|switch|p1a: Politoed|Politoed, M|88/100
|move|p2a: Donicio|Hydro Pump|p1a: Politoed
|-resisted|p1a: Politoed
|-damage|p1a: Politoed|30/100
|
|-weather|none
|-damage|p2a: Donicio|47/100 brn|[from] brn
|upkeep
|turn|14
|
|t:|1654571187
|move|p2a: Donicio|Hydro Pump|p1a: Politoed
|-resisted|p1a: Politoed
|-crit|p1a: Politoed
|-damage|p1a: Politoed|0 fnt
|faint|p1a: Politoed
|
|-damage|p2a: Donicio|40/100 brn|[from] brn
|upkeep
|-message|Bro★taro forfeited.
|
|win|Corporate Donkey
|raw|Bro★taro's rating: 1326 &rarr; <strong>1311</strong><br />(-15 for losing)
|raw|Corporate Donkey's rating: 1417 &rarr; <strong>1432</strong><br />(+15 for winning)
|l|☆Bro★taro
|l| alphasecrettesting
