|j|☆stony man bob
|j|☆uuh4 ollare
|player|p1|stony man bob|gambler|1523
|player|p2|uuh4 ollare|wikstrom|1436
|teamsize|p1|6
|teamsize|p2|6
|gametype|singles
|gen|8
|tier|[Gen 8] UU
|rated|
|html|<div class="broadcast-blue"><strong>UU is currently suspecting Haxorus! For information on how to participate check out the <a href="https://www.smogon.com/forums/threads/3664575/">suspect thread</a>.</strong></div>
|clearpoke
|poke|p1|Rotom|
|poke|p1|Umbreon, F|
|poke|p1|Weezing-Galar, F|
|poke|p1|Noivern, M|
|poke|p1|Celebi|
|poke|p1|Copperajah, F|
|poke|p2|Reuniclus, F|
|poke|p2|Pangoro, M|
|poke|p2|Haxorus, F|
|poke|p2|Cobalion|
|poke|p2|Golisopod, F|
|poke|p2|Weezing-Galar, M|
|rule|Sleep Clause Mod: Limit one foe put to sleep
|rule|Species Clause: Limit one of each Pokémon
|rule|OHKO Clause: OHKO moves are banned
|rule|Evasion Moves Clause: Evasion moves are banned
|rule|Endless Battle Clause: Forcing endless battles is banned
|rule|HP Percentage Mod: HP is shown in percentages
|rule|Dynamax Clause: You cannot dynamax
|teampreview
|j| Pink Halo
|c|☆stony man bob|hf
|
|start
|switch|p1a: Weezing|Weezing-Galar, F|100/100
|switch|p2a: Cobalion|Cobalion|100/100
|turn|1
|
|move|p2a: Cobalion|Iron Head|p1a: Weezing
|-supereffective|p1a: Weezing
|-damage|p1a: Weezing|61/100
|move|p1a: Weezing|Flamethrower|p2a: Cobalion
|-supereffective|p2a: Cobalion
|-damage|p2a: Cobalion|46/100
|
|-heal|p1a: Weezing|67/100|[from] item: Black Sludge
|upkeep
|turn|2
|
|move|p2a: Cobalion|Volt Switch|p1a: Weezing
|-damage|p1a: Weezing|50/100
|
|switch|p2a: Reuniclus|Reuniclus, F|100/100|[from]move: Volt Switch
|move|p1a: Weezing|Flamethrower|p2a: Reuniclus
|-damage|p2a: Reuniclus|92/100
|
|-heal|p1a: Weezing|56/100|[from] item: Black Sludge
|upkeep
|turn|3
|
|move|p1a: Weezing|Toxic Spikes|p2a: Reuniclus
|-sidestart|p2: uuh4 ollare|move: Toxic Spikes
|move|p2a: Reuniclus|Knock Off|p1a: Weezing
|-resisted|p1a: Weezing
|-damage|p1a: Weezing|52/100
|-enditem|p1a: Weezing|Black Sludge|[from] move: Knock Off|[of] p2a: Reuniclus
|
|upkeep
|turn|4
|
|switch|p1a: Umbreon|Umbreon, F|100/100
|move|p2a: Reuniclus|Psychic|p1a: Umbreon
|-immune|p1a: Umbreon
|
|upkeep
|turn|5
|
|switch|p2a: Weezing|Weezing-Galar, M|100/100
|move|p1a: Umbreon|Wish|p1a: Umbreon
|
|upkeep
|turn|6
|
|switch|p1a: Weezing|Weezing-Galar, F|52/100
|move|p2a: Weezing|Defog|p1a: Weezing
|-unboost|p1a: Weezing|evasion|1
|-sideend|p2: uuh4 ollare|Toxic Spikes|[from] move: Defog|[of] p2a: Weezing
|
|-heal|p1a: Weezing|100/100|[from] move: Wish|[wisher] Umbreon
|upkeep
|turn|7
|
|move|p2a: Weezing|Sludge Bomb|p1a: Weezing
|-damage|p1a: Weezing|46/100
|move|p1a: Weezing|Sludge Bomb|p2a: Weezing
|-damage|p2a: Weezing|60/100
|
|-heal|p2a: Weezing|67/100|[from] item: Black Sludge
|upkeep
|turn|8
|
|switch|p1a: Copperajah|Copperajah, F|100/100
|move|p2a: Weezing|Sludge Bomb|p1a: Copperajah
|-immune|p1a: Copperajah
|
|-heal|p2a: Weezing|73/100|[from] item: Black Sludge
|upkeep
|turn|9
|
|switch|p2a: Cobalion|Cobalion|46/100
|move|p1a: Copperajah|Heat Crash|p2a: Cobalion
|-supereffective|p2a: Cobalion
|-damage|p2a: Cobalion|0 fnt
|-damage|p1a: Copperajah|84/100|[from] item: Rocky Helmet|[of] p2a: Cobalion
|faint|p2a: Cobalion
|
|upkeep
|
|switch|p2a: Pangoro|Pangoro, M|100/100
|turn|10
|
|switch|p1a: Weezing|Weezing-Galar, F|46/100
|move|p2a: Pangoro|Knock Off|p1a: Weezing
|-resisted|p1a: Weezing
|-damage|p1a: Weezing|31/100
|-damage|p2a: Pangoro|91/100|[from] item: Life Orb
|
|upkeep
|turn|11
|
|move|p2a: Pangoro|Bullet Punch|p1a: Weezing
|-supereffective|p1a: Weezing
|-damage|p1a: Weezing|0 fnt
|-damage|p2a: Pangoro|81/100|[from] item: Life Orb
|faint|p1a: Weezing
|
|upkeep
|
|switch|p1a: Noivern|Noivern, M|100/100
|turn|12
|
|switch|p2a: Reuniclus|Reuniclus, F|100/100
|move|p1a: Noivern|Hurricane|p2a: Reuniclus
|-damage|p2a: Reuniclus|78/100
|
|upkeep
|turn|13
|
|switch|p1a: Celebi|Celebi|100/100
|move|p2a: Reuniclus|Knock Off|p1a: Celebi
|-supereffective|p1a: Celebi
|-damage|p1a: Celebi|75/100
|-enditem|p1a: Celebi|Leftovers|[from] move: Knock Off|[of] p2a: Reuniclus
|
|upkeep
|turn|14
|
|switch|p2a: Golisopod|Golisopod, F|100/100
|move|p1a: Celebi|Stealth Rock|p2a: Golisopod
|-sidestart|p2: uuh4 ollare|move: Stealth Rock
|
|upkeep
|turn|15
|
|switch|p1a: Noivern|Noivern, M|100/100
|move|p2a: Golisopod|Spikes|p1a: Noivern
|-sidestart|p1: stony man bob|Spikes
|
|upkeep
|turn|16
|
|switch|p1a: Rotom|Rotom|100/100
|switch|p2a: Reuniclus|Reuniclus, F|100/100
|-damage|p2a: Reuniclus|88/100|[from] Stealth Rock
|
|upkeep
|turn|17
|
|move|p1a: Rotom|Will-O-Wisp|p2a: Reuniclus|[miss]
|-miss|p1a: Rotom|p2a: Reuniclus
|move|p2a: Reuniclus|Psychic|p1a: Rotom
|-damage|p1a: Rotom|38/100
|
|-heal|p1a: Rotom|44/100|[from] item: Leftovers
|upkeep
|turn|18
|
|move|p1a: Rotom|Volt Switch|p2a: Reuniclus
|-damage|p2a: Reuniclus|75/100
|
|switch|p1a: Celebi|Celebi|75/100|[from]move: Volt Switch
|-damage|p1a: Celebi|62/100|[from] Spikes
|move|p2a: Reuniclus|Psychic|p1a: Celebi
|-resisted|p1a: Celebi
|-damage|p1a: Celebi|48/100
|
|upkeep
|turn|19
|
|switch|p2a: Golisopod|Golisopod, F|100/100
|move|p1a: Celebi|Recover|p1a: Celebi
|-heal|p1a: Celebi|98/100
|
|upkeep
|turn|20
|
|move|p1a: Celebi|U-turn|p2a: Golisopod
|-damage|p2a: Golisopod|89/100
|
|switch|p1a: Noivern|Noivern, M|100/100|[from]move: U-turn
|move|p2a: Golisopod|Spikes|p1a: Noivern
|-sidestart|p1: stony man bob|Spikes
|
|upkeep
|turn|21
|
|switch|p2a: Reuniclus|Reuniclus, F|100/100
|-damage|p2a: Reuniclus|88/100|[from] Stealth Rock
|move|p1a: Noivern|Hurricane|p2a: Reuniclus|[miss]
|-miss|p1a: Noivern|p2a: Reuniclus
|
|upkeep
|turn|22
|
|switch|p1a: Celebi|Celebi|98/100
|-damage|p1a: Celebi|81/100|[from] Spikes
|move|p2a: Reuniclus|Psychic|p1a: Celebi
|-resisted|p1a: Celebi
|-damage|p1a: Celebi|68/100
|
|upkeep
|turn|23
|j| Freeroamer
|
|move|p1a: Celebi|Psychic|p2a: Reuniclus
|-resisted|p2a: Reuniclus
|-damage|p2a: Reuniclus|80/100
|move|p2a: Reuniclus|Focus Blast|p1a: Celebi
|-resisted|p1a: Celebi
|-damage|p1a: Celebi|56/100
|
|upkeep
|turn|24
|
|switch|p2a: Golisopod|Golisopod, F|89/100
|move|p1a: Celebi|Recover|p1a: Celebi
|-heal|p1a: Celebi|100/100
|
|upkeep
|turn|25
|
|switch|p1a: Noivern|Noivern, M|100/100
|move|p2a: Golisopod|Spikes|p1a: Noivern
|-sidestart|p1: stony man bob|Spikes
|
|upkeep
|turn|26
|
|switch|p2a: Reuniclus|Reuniclus, F|100/100
|-damage|p2a: Reuniclus|88/100|[from] Stealth Rock
|move|p1a: Noivern|Defog|p2a: Reuniclus
|-unboost|p2a: Reuniclus|evasion|1
|-sideend|p2: uuh4 ollare|Stealth Rock|[from] move: Defog|[of] p1a: Noivern
|-sideend|p1: stony man bob|Spikes|[from] move: Defog|[of] p1a: Noivern
|
|upkeep
|turn|27
|
|switch|p1a: Celebi|Celebi|100/100
|move|p2a: Reuniclus|Future Sight|p1a: Celebi
|-start|p2a: Reuniclus|move: Future Sight
|
|upkeep
|turn|28
|
|switch|p2a: Haxorus|Haxorus, F|100/100
|-ability|p2a: Haxorus|Mold Breaker
|move|p1a: Celebi|Stealth Rock|p2a: Haxorus
|-sidestart|p2: uuh4 ollare|move: Stealth Rock
|
|upkeep
|turn|29
|
|move|p2a: Haxorus|Earthquake|p1a: Celebi
|-resisted|p1a: Celebi
|-damage|p1a: Celebi|75/100
|move|p1a: Celebi|U-turn|p2a: Haxorus
|-damage|p2a: Haxorus|81/100
|
|switch|p1a: Umbreon|Umbreon, F|100/100|[from]move: U-turn
|
|-end|p1a: Umbreon|move: Future Sight
|-immune|p1a: Umbreon
|upkeep
|turn|30
|
|switch|p2a: Weezing|Weezing-Galar, M|73/100
|-damage|p2a: Weezing|60/100|[from] Stealth Rock
|switch|p1a: Rotom|Rotom|44/100
|
|-heal|p1a: Rotom|50/100|[from] item: Leftovers
|-heal|p2a: Weezing|67/100|[from] item: Black Sludge
|upkeep
|turn|31
|
|switch|p2a: Reuniclus|Reuniclus, F|100/100
|-damage|p2a: Reuniclus|88/100|[from] Stealth Rock
|move|p1a: Rotom|Will-O-Wisp|p2a: Reuniclus
|-status|p2a: Reuniclus|brn
|
|-heal|p1a: Rotom|56/100|[from] item: Leftovers
|-damage|p2a: Reuniclus|82/100 brn|[from] brn
|upkeep
|turn|32
|
|move|p1a: Rotom|Volt Switch|p2a: Reuniclus
|-damage|p2a: Reuniclus|71/100 brn
|
|switch|p1a: Celebi|Celebi|75/100|[from]move: Volt Switch
|move|p2a: Reuniclus|Psychic|p1a: Celebi
|-resisted|p1a: Celebi
|-damage|p1a: Celebi|62/100
|
|-damage|p2a: Reuniclus|65/100 brn|[from] brn
|upkeep
|turn|33
|
|switch|p2a: Golisopod|Golisopod, F|89/100
|move|p1a: Celebi|U-turn|p2a: Golisopod
|-damage|p2a: Golisopod|78/100
|
|switch|p1a: Rotom|Rotom|56/100|[from]move: U-turn
|
|-heal|p1a: Rotom|62/100|[from] item: Leftovers
|upkeep
|turn|34
|
|switch|p2a: Reuniclus|Reuniclus, F|98/100 brn
|-damage|p2a: Reuniclus|86/100 brn|[from] Stealth Rock
|move|p1a: Rotom|Volt Switch|p2a: Reuniclus
|-damage|p2a: Reuniclus|74/100 brn
|
|switch|p1a: Celebi|Celebi|62/100|[from]move: Volt Switch
|
|-damage|p2a: Reuniclus|68/100 brn|[from] brn
|upkeep
|turn|35
|
|move|p1a: Celebi|Recover|p1a: Celebi
|-heal|p1a: Celebi|100/100
|move|p2a: Reuniclus|Knock Off|p1a: Celebi
|-supereffective|p1a: Celebi
|-damage|p1a: Celebi|92/100
|
|-damage|p2a: Reuniclus|61/100 brn|[from] brn
|upkeep
|turn|36
|
|move|p1a: Celebi|U-turn|p2a: Reuniclus
|-supereffective|p2a: Reuniclus
|-damage|p2a: Reuniclus|29/100 brn
|
|switch|p1a: Copperajah|Copperajah, F|84/100|[from]move: U-turn
|move|p2a: Reuniclus|Knock Off|p1a: Copperajah
|-damage|p1a: Copperajah|77/100
|-enditem|p1a: Copperajah|Assault Vest|[from] move: Knock Off|[of] p2a: Reuniclus
|
|-damage|p2a: Reuniclus|23/100 brn|[from] brn
|upkeep
|turn|37
|
|switch|p2a: Golisopod|Golisopod, F|78/100
|move|p1a: Copperajah|Heat Crash|p2a: Golisopod
|-damage|p2a: Golisopod|46/100
|-activate|p2a: Golisopod|ability: Emergency Exit
|
|switch|p2a: Pangoro|Pangoro, M|81/100
|-damage|p2a: Pangoro|75/100|[from] Stealth Rock
|
|upkeep
|turn|38
|
|move|p2a: Pangoro|Knock Off|p1a: Copperajah
|-damage|p1a: Copperajah|28/100
|-damage|p2a: Pangoro|65/100|[from] item: Life Orb
|move|p1a: Copperajah|Heavy Slam|p2a: Pangoro
|-damage|p2a: Pangoro|0 fnt
|faint|p2a: Pangoro
|
|upkeep
|
|switch|p2a: Haxorus|Haxorus, F|81/100
|-damage|p2a: Haxorus|69/100|[from] Stealth Rock
|-ability|p2a: Haxorus|Mold Breaker
|turn|39
|
|move|p2a: Haxorus|Close Combat|p1a: Copperajah
|-supereffective|p1a: Copperajah
|-damage|p1a: Copperajah|0 fnt
|-unboost|p2a: Haxorus|def|1
|-unboost|p2a: Haxorus|spd|1
|faint|p1a: Copperajah
|
|upkeep
|
|switch|p1a: Rotom|Rotom|62/100
|turn|40
|
|switch|p2a: Reuniclus|Reuniclus, F|56/100 brn
|-damage|p2a: Reuniclus|44/100 brn|[from] Stealth Rock
|move|p1a: Rotom|Hex|p2a: Reuniclus
|-supereffective|p2a: Reuniclus
|-crit|p2a: Reuniclus
|-damage|p2a: Reuniclus|0 fnt
|faint|p2a: Reuniclus
|
|-heal|p1a: Rotom|67/100|[from] item: Leftovers
|upkeep
|
|switch|p2a: Weezing|Weezing-Galar, M|67/100
|-damage|p2a: Weezing|54/100|[from] Stealth Rock
|turn|41
|-message|uuh4 ollare forfeited.
|
|win|stony man bob
|l|☆uuh4 ollare
|c|☆stony man bob|gg
