|j|☆GryphonEX
|j|☆uu12a blehh
|t:|1654020584
|gametype|singles
|player|p1|GryphonEX|gardenia|1278
|player|p2|uu12a blehh|lucas|1550
|teamsize|p1|6
|teamsize|p2|6
|gen|8
|tier|[Gen 8] UU
|rated|
|rule|Sleep Clause Mod: Limit one foe put to sleep
|rule|Species Clause: Limit one of each Pokémon
|rule|OHKO Clause: OHKO moves are banned
|rule|Evasion Moves Clause: Evasion moves are banned
|rule|Endless Battle Clause: Forcing endless battles is banned
|rule|HP Percentage Mod: HP is shown in percentages
|rule|Dynamax Clause: You cannot dynamax
|clearpoke
|poke|p1|Hydreigon, M|
|poke|p1|Corsola-Galar, M|
|poke|p1|Zarude|
|poke|p1|Salamence, F|
|poke|p1|Cobalion|
|poke|p1|Suicune|
|poke|p2|Swampert, M|
|poke|p2|Celesteela|
|poke|p2|Amoonguss, M|
|poke|p2|Hydreigon, F|
|poke|p2|Keldeo-Resolute|
|poke|p2|Aegislash, F|
|teampreview
|c|☆GryphonEX|Good luck
|c|☆uu12a blehh|u2
|
|t:|1654020609
|start
|switch|p1a: Zarude|Zarude|100/100
|switch|p2a: Hydreigon|Hydreigon, F|100/100
|turn|1
|
|t:|1654020615
|move|p2a: Hydreigon|U-turn|p1a: Zarude
|-supereffective|p1a: Zarude
|-damage|p1a: Zarude|46/100
|
|t:|1654020618
|switch|p2a: Amoonguss|Amoonguss, M|100/100|[from]move: U-turn
|move|p1a: Zarude|U-turn|p2a: Amoonguss
|-damage|p2a: Amoonguss|75/100
|-damage|p1a: Zarude|29/100|[from] item: Rocky Helmet|[of] p2a: Amoonguss
|
|t:|1654020628
|switch|p1a: Cobalion|Cobalion|100/100|[from]move: U-turn
|
|upkeep
|turn|2
|
|t:|1654020635
|switch|p2a: Aegislash|Aegislash, F|100/100
|move|p1a: Cobalion|Megahorn|p2a: Aegislash
|-resisted|p2a: Aegislash
|-damage|p2a: Aegislash|94/100
|
|-heal|p2a: Aegislash|99/100|[from] item: Leftovers
|upkeep
|turn|3
|
|t:|1654020642
|switch|p1a: Suicune|Suicune|100/100
|-ability|p1a: Suicune|Pressure
|move|p2a: Aegislash|Toxic|p1a: Suicune
|-status|p1a: Suicune|tox
|
|-heal|p2a: Aegislash|100/100|[from] item: Leftovers
|-damage|p1a: Suicune|94/100 tox|[from] psn
|upkeep
|turn|4
|
|t:|1654020650
|switch|p2a: Celesteela|Celesteela|100/100
|move|p1a: Suicune|Calm Mind|p1a: Suicune
|-boost|p1a: Suicune|spa|1
|-boost|p1a: Suicune|spd|1
|
|-heal|p1a: Suicune|100/100 tox|[from] item: Leftovers
|-damage|p1a: Suicune|88/100 tox|[from] psn
|upkeep
|turn|5
|
|t:|1654020654
|move|p1a: Suicune|Calm Mind|p1a: Suicune
|-boost|p1a: Suicune|spa|1
|-boost|p1a: Suicune|spd|1
|move|p2a: Celesteela|Leech Seed|p1a: Suicune
|-start|p1a: Suicune|move: Leech Seed
|
|-heal|p1a: Suicune|94/100 tox|[from] item: Leftovers
|-damage|p1a: Suicune|82/100 tox|[from] Leech Seed|[of] p2a: Celesteela
|-damage|p1a: Suicune|63/100 tox|[from] psn
|upkeep
|turn|6
|
|t:|1654020660
|switch|p2a: Keldeo|Keldeo-Resolute|100/100
|move|p1a: Suicune|Rest|p1a: Suicune
|-status|p1a: Suicune|slp|[from] move: Rest
|-heal|p1a: Suicune|100/100 slp|[silent]
|
|-damage|p1a: Suicune|88/100 slp|[from] Leech Seed|[of] p2a: Keldeo
|upkeep
|turn|7
|
|t:|1654020663
|move|p2a: Keldeo|Secret Sword|p1a: Suicune
|-damage|p1a: Suicune|49/100 slp
|cant|p1a: Suicune|slp
|
|-heal|p1a: Suicune|55/100 slp|[from] item: Leftovers
|-damage|p1a: Suicune|43/100 slp|[from] Leech Seed|[of] p2a: Keldeo
|upkeep
|turn|8
|
|t:|1654020669
|switch|p1a: Corsola|Corsola-Galar, M|100/100
|move|p2a: Keldeo|Secret Sword|p1a: Corsola
|-immune|p1a: Corsola
|
|upkeep
|turn|9
|
|t:|1654020672
|switch|p2a: Swampert|Swampert, M|100/100
|move|p1a: Corsola|Stealth Rock|p2a: Swampert
|-sidestart|p2: uu12a blehh|move: Stealth Rock
|
|upkeep
|turn|10
|
|t:|1654020676
|switch|p1a: Zarude|Zarude|29/100
|move|p2a: Swampert|Toxic|p1a: Zarude
|-status|p1a: Zarude|tox
|
|-damage|p1a: Zarude|23/100 tox|[from] psn
|upkeep
|turn|11
|
|t:|1654020686
|move|p1a: Zarude|Darkest Lariat|p2a: Swampert
|-damage|p2a: Swampert|52/100
|move|p2a: Swampert|Stealth Rock|p1a: Zarude
|-sidestart|p1: GryphonEX|move: Stealth Rock
|
|-heal|p2a: Swampert|58/100|[from] item: Leftovers
|-damage|p1a: Zarude|11/100 tox|[from] psn
|upkeep
|turn|12
|j| Goop N Poop
|
|t:|1654020701
|switch|p2a: Amoonguss|Amoonguss, M|100/100
|-damage|p2a: Amoonguss|88/100|[from] Stealth Rock
|move|p1a: Zarude|Darkest Lariat|p2a: Amoonguss
|-damage|p2a: Amoonguss|43/100
|-damage|p1a: Zarude|0 fnt|[from] item: Rocky Helmet|[of] p2a: Amoonguss
|faint|p1a: Zarude
|
|upkeep
|c|☆GryphonEX|Hello Goop N Poop
|
|t:|1654020712
|switch|p1a: Hydreigon|Hydreigon, M|100/100
|-damage|p1a: Hydreigon|88/100|[from] Stealth Rock
|turn|13
|
|t:|1654020726
|switch|p2a: Swampert|Swampert, M|58/100
|-damage|p2a: Swampert|52/100|[from] Stealth Rock
|move|p1a: Hydreigon|Draco Meteor|p2a: Swampert
|-damage|p2a: Swampert|0 fnt
|-unboost|p1a: Hydreigon|spa|2
|faint|p2a: Swampert
|-damage|p1a: Hydreigon|78/100|[from] item: Life Orb
|
|upkeep
|
|t:|1654020733
|switch|p2a: Hydreigon|Hydreigon, F|100/100
|-damage|p2a: Hydreigon|88/100|[from] Stealth Rock
|turn|14
|
|t:|1654020738
|switch|p1a: Cobalion|Cobalion|100/100
|-damage|p1a: Cobalion|97/100|[from] Stealth Rock
|move|p2a: Hydreigon|U-turn|p1a: Cobalion
|-resisted|p1a: Cobalion
|-crit|p1a: Cobalion
|-damage|p1a: Cobalion|92/100
|
|t:|1654020740
|switch|p2a: Aegislash|Aegislash, F|100/100|[from]move: U-turn
|-damage|p2a: Aegislash|94/100|[from] Stealth Rock
|
|-heal|p2a: Aegislash|100/100|[from] item: Leftovers
|upkeep
|turn|15
|
|t:|1654020744
|move|p1a: Cobalion|Volt Switch|p2a: Aegislash
|-damage|p2a: Aegislash|90/100
|
|t:|1654020750
|switch|p1a: Suicune|Suicune|43/100 slp|[from]move: Volt Switch
|-damage|p1a: Suicune|31/100 slp|[from] Stealth Rock
|-ability|p1a: Suicune|Pressure
|move|p2a: Aegislash|Substitute|p2a: Aegislash
|-start|p2a: Aegislash|Substitute
|-damage|p2a: Aegislash|65/100
|
|-heal|p1a: Suicune|37/100 slp|[from] item: Leftovers
|-heal|p2a: Aegislash|71/100|[from] item: Leftovers
|upkeep
|turn|16
|
|t:|1654020754
|cant|p1a: Suicune|slp
|-formechange|p2a: Aegislash|Aegislash-Blade||[from] ability: Stance Change
|move|p2a: Aegislash|Shadow Ball|p1a: Suicune
|-damage|p1a: Suicune|4/100 slp
|
|-heal|p1a: Suicune|10/100 slp|[from] item: Leftovers
|-heal|p2a: Aegislash|77/100|[from] item: Leftovers
|upkeep
|turn|17
|
|t:|1654020760
|-curestatus|p1a: Suicune|slp|[msg]
|move|p1a: Suicune|Rest|p1a: Suicune
|-status|p1a: Suicune|slp|[from] move: Rest
|-heal|p1a: Suicune|100/100 slp|[silent]
|move|p2a: Aegislash|Shadow Ball|p1a: Suicune
|-damage|p1a: Suicune|70/100 slp
|
|-heal|p1a: Suicune|76/100 slp|[from] item: Leftovers
|-heal|p2a: Aegislash|84/100|[from] item: Leftovers
|upkeep
|turn|18
|
|t:|1654020763
|cant|p1a: Suicune|slp
|move|p2a: Aegislash|Shadow Ball|p1a: Suicune
|-damage|p1a: Suicune|46/100 slp
|
|-heal|p1a: Suicune|52/100 slp|[from] item: Leftovers
|-heal|p2a: Aegislash|90/100|[from] item: Leftovers
|upkeep
|turn|19
|
|t:|1654020764
|cant|p1a: Suicune|slp
|move|p2a: Aegislash|Shadow Ball|p1a: Suicune
|-damage|p1a: Suicune|18/100 slp
|
|-heal|p1a: Suicune|24/100 slp|[from] item: Leftovers
|-heal|p2a: Aegislash|96/100|[from] item: Leftovers
|upkeep
|turn|20
|
|t:|1654020769
|-curestatus|p1a: Suicune|slp|[msg]
|move|p1a: Suicune|Rest|p1a: Suicune
|-status|p1a: Suicune|slp|[from] move: Rest
|-heal|p1a: Suicune|100/100 slp|[silent]
|move|p2a: Aegislash|Shadow Ball|p1a: Suicune
|-damage|p1a: Suicune|69/100 slp
|
|-heal|p1a: Suicune|75/100 slp|[from] item: Leftovers
|-heal|p2a: Aegislash|100/100|[from] item: Leftovers
|upkeep
|turn|21
|
|t:|1654020772
|cant|p1a: Suicune|slp
|move|p2a: Aegislash|Shadow Ball|p1a: Suicune
|-damage|p1a: Suicune|39/100 slp
|
|-heal|p1a: Suicune|46/100 slp|[from] item: Leftovers
|upkeep
|turn|22
|
|t:|1654020775
|cant|p1a: Suicune|slp
|move|p2a: Aegislash|Shadow Ball|p1a: Suicune
|-damage|p1a: Suicune|12/100 slp
|
|-heal|p1a: Suicune|18/100 slp|[from] item: Leftovers
|upkeep
|turn|23
|
|t:|1654020783
|switch|p2a: Celesteela|Celesteela|100/100
|-damage|p2a: Celesteela|88/100|[from] Stealth Rock
|-curestatus|p1a: Suicune|slp|[msg]
|move|p1a: Suicune|Rest|p1a: Suicune
|-status|p1a: Suicune|slp|[from] move: Rest
|-heal|p1a: Suicune|100/100 slp|[silent]
|
|-heal|p2a: Celesteela|94/100|[from] item: Leftovers
|upkeep
|turn|24
|
|t:|1654020796
|cant|p1a: Suicune|slp
|move|p2a: Celesteela|Leech Seed|p1a: Suicune
|-start|p1a: Suicune|move: Leech Seed
|
|-heal|p2a: Celesteela|99/100|[from] item: Leftovers
|-damage|p1a: Suicune|88/100 slp|[from] Leech Seed|[of] p2a: Celesteela
|-heal|p2a: Celesteela|100/100|[silent]
|upkeep
|turn|25
|
|t:|1654020806
|switch|p1a: Salamence|Salamence, F|100/100
|-ability|p1a: Salamence|Intimidate|boost
|-unboost|p2a: Celesteela|atk|1
|move|p2a: Celesteela|Heavy Slam|p1a: Salamence
|-damage|p1a: Salamence|72/100
|
|upkeep
|turn|26
|
|t:|1654020812
|move|p1a: Salamence|Defog|p2a: Celesteela
|-unboost|p2a: Celesteela|evasion|1
|-sideend|p2: uu12a blehh|Stealth Rock|[from] move: Defog|[of] p1a: Salamence
|-sideend|p1: GryphonEX|Stealth Rock|[from] move: Defog|[of] p1a: Salamence
|move|p2a: Celesteela|Leech Seed|p1a: Salamence
|-start|p1a: Salamence|move: Leech Seed
|
|-damage|p1a: Salamence|60/100|[from] Leech Seed|[of] p2a: Celesteela
|upkeep
|turn|27
|
|t:|1654020819
|switch|p1a: Corsola|Corsola-Galar, M|100/100
|switch|p2a: Keldeo|Keldeo-Resolute|100/100
|
|upkeep
|turn|28
|
|t:|1654020829
|move|p2a: Keldeo|Hydro Pump|p1a: Corsola
|-damage|p1a: Corsola|57/100
|move|p1a: Corsola|Will-O-Wisp|p2a: Keldeo
|-status|p2a: Keldeo|brn
|
|-damage|p2a: Keldeo|94/100 brn|[from] brn
|upkeep
|turn|29
|
|t:|1654020833
|switch|p2a: Aegislash|Aegislash, F|100/100
|switch|p1a: Suicune|Suicune|88/100 slp
|-ability|p1a: Suicune|Pressure
|
|-heal|p1a: Suicune|94/100 slp|[from] item: Leftovers
|upkeep
|turn|30
|inactive|Battle timer is ON: inactive players will automatically lose when time's up. (requested by uu12a blehh)
|j| lokkking87
|
|t:|1654020838
|switch|p2a: Amoonguss|Amoonguss, M|76/100
|cant|p1a: Suicune|slp
|
|-heal|p1a: Suicune|100/100 slp|[from] item: Leftovers
|upkeep
|turn|31
|
|t:|1654020845
|switch|p1a: Salamence|Salamence, F|60/100
|-ability|p1a: Salamence|Intimidate|boost
|-unboost|p2a: Amoonguss|atk|1
|switch|p2a: Celesteela|Celesteela|100/100
|
|upkeep
|turn|32
|
|t:|1654020850
|move|p1a: Salamence|Roost|p1a: Salamence
|-heal|p1a: Salamence|100/100
|-singleturn|p1a: Salamence|move: Roost
|move|p2a: Celesteela|Leech Seed|p1a: Salamence
|-start|p1a: Salamence|move: Leech Seed
|
|-damage|p1a: Salamence|88/100|[from] Leech Seed|[of] p2a: Celesteela
|upkeep
|turn|33
|
|t:|1654020853
|switch|p1a: Suicune|Suicune|100/100 slp
|-ability|p1a: Suicune|Pressure
|move|p2a: Celesteela|Leech Seed|p1a: Suicune
|-start|p1a: Suicune|move: Leech Seed
|
|-damage|p1a: Suicune|88/100 slp|[from] Leech Seed|[of] p2a: Celesteela
|upkeep
|turn|34
|
|t:|1654020864
|switch|p1a: Cobalion|Cobalion|92/100
|switch|p2a: Amoonguss|Amoonguss, M|100/100
|
|upkeep
|turn|35
|
|t:|1654020867
|move|p1a: Cobalion|Megahorn|p2a: Amoonguss
|-damage|p2a: Amoonguss|78/100
|-damage|p1a: Cobalion|76/100|[from] item: Rocky Helmet|[of] p2a: Amoonguss
|move|p2a: Amoonguss|Spore|p1a: Cobalion
|-status|p1a: Cobalion|slp|[from] move: Spore
|
|upkeep
|turn|36
|
|t:|1654020879
|switch|p1a: Corsola|Corsola-Galar, M|57/100
|switch|p2a: Hydreigon|Hydreigon, F|88/100
|
|upkeep
|turn|37
|
|t:|1654020884
|switch|p1a: Suicune|Suicune|88/100 slp
|-ability|p1a: Suicune|Pressure
|move|p2a: Hydreigon|Dark Pulse|p1a: Suicune
|-damage|p1a: Suicune|60/100 slp
|
|-heal|p1a: Suicune|66/100 slp|[from] item: Leftovers
|upkeep
|turn|38
|
|t:|1654020889
|switch|p2a: Celesteela|Celesteela|100/100
|-curestatus|p1a: Suicune|slp|[msg]
|move|p1a: Suicune|Ice Beam|p2a: Celesteela
|-damage|p2a: Celesteela|88/100
|
|-heal|p1a: Suicune|72/100|[from] item: Leftovers
|-heal|p2a: Celesteela|94/100|[from] item: Leftovers
|upkeep
|turn|39
|
|t:|1654020895
|switch|p1a: Cobalion|Cobalion|76/100 slp
|move|p2a: Celesteela|Leech Seed|p1a: Cobalion
|-start|p1a: Cobalion|move: Leech Seed
|
|-heal|p2a: Celesteela|100/100|[from] item: Leftovers
|-damage|p1a: Cobalion|64/100 slp|[from] Leech Seed|[of] p2a: Celesteela
|upkeep
|turn|40
|
|t:|1654020898
|switch|p1a: Salamence|Salamence, F|88/100
|-ability|p1a: Salamence|Intimidate|boost
|-unboost|p2a: Celesteela|atk|1
|move|p2a: Celesteela|Flamethrower|p1a: Salamence
|-resisted|p1a: Salamence
|-damage|p1a: Salamence|79/100
|
|upkeep
|turn|41
|
|t:|1654020905
|move|p1a: Salamence|Hurricane|p2a: Celesteela
|-resisted|p2a: Celesteela
|-damage|p2a: Celesteela|88/100
|move|p2a: Celesteela|Leech Seed|p1a: Salamence
|-start|p1a: Salamence|move: Leech Seed
|
|-heal|p2a: Celesteela|94/100|[from] item: Leftovers
|-damage|p1a: Salamence|67/100|[from] Leech Seed|[of] p2a: Celesteela
|-heal|p2a: Celesteela|100/100|[silent]
|upkeep
|turn|42
|
|t:|1654020912
|switch|p1a: Hydreigon|Hydreigon, M|78/100
|switch|p2a: Amoonguss|Amoonguss, M|100/100
|
|upkeep
|turn|43
|
|t:|1654020917
|move|p1a: Hydreigon|Flamethrower|p2a: Amoonguss
|-supereffective|p2a: Amoonguss
|-damage|p2a: Amoonguss|22/100
|-damage|p1a: Hydreigon|68/100|[from] item: Life Orb
|move|p2a: Amoonguss|Sludge Bomb|p1a: Hydreigon
|-damage|p1a: Hydreigon|38/100
|-status|p1a: Hydreigon|psn
|
|-damage|p1a: Hydreigon|26/100 psn|[from] psn
|upkeep
|turn|44
|
|t:|1654020927
|switch|p2a: Celesteela|Celesteela|100/100
|move|p1a: Hydreigon|Roost|p1a: Hydreigon
|-heal|p1a: Hydreigon|76/100 psn
|-singleturn|p1a: Hydreigon|move: Roost
|
|-damage|p1a: Hydreigon|64/100 psn|[from] psn
|upkeep
|turn|45
|
|t:|1654020936
|switch|p1a: Corsola|Corsola-Galar, M|57/100
|move|p2a: Celesteela|Heavy Slam|p1a: Corsola
|-damage|p1a: Corsola|26/100
|
|upkeep
|turn|46
|
|t:|1654020940
|switch|p2a: Hydreigon|Hydreigon, F|88/100
|move|p1a: Corsola|Strength Sap|p2a: Hydreigon
|-unboost|p2a: Hydreigon|atk|1
|-heal|p1a: Corsola|94/100
|
|upkeep
|turn|47
|
|t:|1654020946
|switch|p1a: Suicune|Suicune|72/100
|-ability|p1a: Suicune|Pressure
|move|p2a: Hydreigon|Dark Pulse|p1a: Suicune
|-damage|p1a: Suicune|44/100
|
|-heal|p1a: Suicune|50/100|[from] item: Leftovers
|upkeep
|turn|48
|
|t:|1654020954
|move|p2a: Hydreigon|Dark Pulse|p1a: Suicune
|-damage|p1a: Suicune|20/100
|move|p1a: Suicune|Calm Mind|p1a: Suicune
|-boost|p1a: Suicune|spa|1
|-boost|p1a: Suicune|spd|1
|
|-heal|p1a: Suicune|26/100|[from] item: Leftovers
|upkeep
|turn|49
|
|t:|1654020958
|switch|p2a: Celesteela|Celesteela|100/100
|move|p1a: Suicune|Rest|p1a: Suicune
|-status|p1a: Suicune|slp|[from] move: Rest
|-heal|p1a: Suicune|100/100 slp|[silent]
|
|upkeep
|turn|50
|
|t:|1654020963
|cant|p1a: Suicune|slp
|move|p2a: Celesteela|Leech Seed|p1a: Suicune
|-start|p1a: Suicune|move: Leech Seed
|
|-damage|p1a: Suicune|88/100 slp|[from] Leech Seed|[of] p2a: Celesteela
|upkeep
|turn|51
|
|t:|1654020967
|switch|p2a: Amoonguss|Amoonguss, M|56/100
|cant|p1a: Suicune|slp
|
|-heal|p1a: Suicune|94/100 slp|[from] item: Leftovers
|-damage|p1a: Suicune|82/100 slp|[from] Leech Seed|[of] p2a: Amoonguss
|-heal|p2a: Amoonguss|67/100|[silent]
|upkeep
|turn|52
|
|t:|1654020975
|switch|p1a: Salamence|Salamence, F|67/100
|-ability|p1a: Salamence|Intimidate|boost
|-unboost|p2a: Amoonguss|atk|1
|move|p2a: Amoonguss|Seed Bomb|p1a: Salamence
|-resisted|p1a: Salamence
|-damage|p1a: Salamence|63/100
|
|upkeep
|turn|53
|
|t:|1654020984
|switch|p2a: Aegislash|Aegislash, F|100/100
|move|p1a: Salamence|Hurricane|p2a: Aegislash
|-resisted|p2a: Aegislash
|-damage|p2a: Aegislash|84/100
|
|-heal|p2a: Aegislash|90/100|[from] item: Leftovers
|upkeep
|turn|54
|
|t:|1654020990
|switch|p1a: Suicune|Suicune|82/100 slp
|-ability|p1a: Suicune|Pressure
|move|p2a: Aegislash|Toxic|p1a: Suicune|[miss]
|-miss|p2a: Aegislash|p1a: Suicune
|
|-heal|p1a: Suicune|88/100 slp|[from] item: Leftovers
|-heal|p2a: Aegislash|96/100|[from] item: Leftovers
|upkeep
|turn|55
|
|t:|1654021000
|switch|p2a: Keldeo|Keldeo-Resolute|94/100 brn
|-curestatus|p1a: Suicune|slp|[msg]
|move|p1a: Suicune|Calm Mind|p1a: Suicune
|-boost|p1a: Suicune|spa|1
|-boost|p1a: Suicune|spd|1
|
|-heal|p1a: Suicune|94/100|[from] item: Leftovers
|-damage|p2a: Keldeo|88/100 brn|[from] brn
|upkeep
|turn|56
|
|t:|1654021005
|move|p2a: Keldeo|Secret Sword|p1a: Suicune
|-damage|p1a: Suicune|55/100
|move|p1a: Suicune|Scald|p2a: Keldeo
|-resisted|p2a: Keldeo
|-crit|p2a: Keldeo
|-damage|p2a: Keldeo|53/100 brn
|
|-heal|p1a: Suicune|61/100|[from] item: Leftovers
|-damage|p2a: Keldeo|47/100 brn|[from] brn
|upkeep
|turn|57
|
|t:|1654021011
|switch|p2a: Amoonguss|Amoonguss, M|100/100
|move|p1a: Suicune|Scald|p2a: Amoonguss
|-resisted|p2a: Amoonguss
|-damage|p2a: Amoonguss|84/100
|-status|p2a: Amoonguss|brn
|
|-heal|p1a: Suicune|67/100|[from] item: Leftovers
|-damage|p2a: Amoonguss|78/100 brn|[from] brn
|upkeep
|turn|58
|
|t:|1654021023
|switch|p1a: Salamence|Salamence, F|63/100
|-ability|p1a: Salamence|Intimidate|boost
|-unboost|p2a: Amoonguss|atk|1
|move|p2a: Amoonguss|Sludge Bomb|p1a: Salamence
|-damage|p1a: Salamence|45/100
|
|-damage|p2a: Amoonguss|71/100 brn|[from] brn
|upkeep
|turn|59
|
|t:|1654021026
|move|p1a: Salamence|Roost|p1a: Salamence
|-heal|p1a: Salamence|95/100
|-singleturn|p1a: Salamence|move: Roost
|move|p2a: Amoonguss|Sludge Bomb|p1a: Salamence
|-damage|p1a: Salamence|77/100
|-status|p1a: Salamence|psn
|
|-damage|p1a: Salamence|64/100 psn|[from] psn
|-damage|p2a: Amoonguss|65/100 brn|[from] brn
|upkeep
|turn|60
|
|t:|1654021035
|switch|p2a: Aegislash|Aegislash, F|96/100
|move|p1a: Salamence|Hurricane|p2a: Aegislash
|-resisted|p2a: Aegislash
|-damage|p2a: Aegislash|79/100
|
|-heal|p2a: Aegislash|85/100|[from] item: Leftovers
|-damage|p1a: Salamence|52/100 psn|[from] psn
|upkeep
|turn|61
|
|t:|1654021046
|switch|p1a: Suicune|Suicune|67/100
|-ability|p1a: Suicune|Pressure
|-formechange|p2a: Aegislash|Aegislash-Blade||[from] ability: Stance Change
|move|p2a: Aegislash|Shadow Ball|p1a: Suicune
|-damage|p1a: Suicune|32/100
|
|-heal|p1a: Suicune|38/100|[from] item: Leftovers
|-heal|p2a: Aegislash|91/100|[from] item: Leftovers
|upkeep
|turn|62
|
|t:|1654021052
|switch|p2a: Celesteela|Celesteela|100/100
|move|p1a: Suicune|Rest|p1a: Suicune
|-status|p1a: Suicune|slp|[from] move: Rest
|-heal|p1a: Suicune|100/100 slp|[silent]
|
|upkeep
|turn|63
|
|t:|1654021054
|cant|p1a: Suicune|slp
|move|p2a: Celesteela|Leech Seed|p1a: Suicune
|-start|p1a: Suicune|move: Leech Seed
|
|-damage|p1a: Suicune|88/100 slp|[from] Leech Seed|[of] p2a: Celesteela
|upkeep
|turn|64
|
|t:|1654021058
|switch|p2a: Keldeo|Keldeo-Resolute|47/100 brn
|cant|p1a: Suicune|slp
|
|-heal|p1a: Suicune|94/100 slp|[from] item: Leftovers
|-damage|p1a: Suicune|82/100 slp|[from] Leech Seed|[of] p2a: Keldeo
|-heal|p2a: Keldeo|62/100 brn|[silent]
|-damage|p2a: Keldeo|56/100 brn|[from] brn
|upkeep
|turn|65
|
|t:|1654021061
|switch|p1a: Corsola|Corsola-Galar, M|94/100
|move|p2a: Keldeo|Secret Sword|p1a: Corsola
|-immune|p1a: Corsola
|
|-damage|p2a: Keldeo|50/100 brn|[from] brn
|upkeep
|turn|66
|
|t:|1654021071
|switch|p2a: Hydreigon|Hydreigon, F|88/100
|move|p1a: Corsola|Will-O-Wisp|p2a: Hydreigon|[miss]
|-miss|p1a: Corsola|p2a: Hydreigon
|
|upkeep
|turn|67
|
|t:|1654021076
|switch|p1a: Suicune|Suicune|82/100 slp
|-ability|p1a: Suicune|Pressure
|move|p2a: Hydreigon|Dark Pulse|p1a: Suicune
|-damage|p1a: Suicune|51/100 slp
|
|-heal|p1a: Suicune|57/100 slp|[from] item: Leftovers
|upkeep
|turn|68
|
|t:|1654021079
|move|p2a: Hydreigon|Dark Pulse|p1a: Suicune
|-damage|p1a: Suicune|26/100 slp
|-curestatus|p1a: Suicune|slp|[msg]
|move|p1a: Suicune|Calm Mind|p1a: Suicune
|-boost|p1a: Suicune|spa|1
|-boost|p1a: Suicune|spd|1
|
|-heal|p1a: Suicune|32/100|[from] item: Leftovers
|upkeep
|turn|69
|
|t:|1654021085
|switch|p2a: Keldeo|Keldeo-Resolute|50/100 brn
|move|p1a: Suicune|Rest|p1a: Suicune
|-status|p1a: Suicune|slp|[from] move: Rest
|-heal|p1a: Suicune|100/100 slp|[silent]
|
|-damage|p2a: Keldeo|44/100 brn|[from] brn
|upkeep
|turn|70
|
|t:|1654021089
|move|p2a: Keldeo|Secret Sword|p1a: Suicune
|-damage|p1a: Suicune|63/100 slp
|cant|p1a: Suicune|slp
|
|-heal|p1a: Suicune|69/100 slp|[from] item: Leftovers
|-damage|p2a: Keldeo|38/100 brn|[from] brn
|upkeep
|turn|71
|l| lokkking87
|
|t:|1654021092
|switch|p1a: Corsola|Corsola-Galar, M|94/100
|move|p2a: Keldeo|Secret Sword|p1a: Corsola
|-immune|p1a: Corsola
|
|-damage|p2a: Keldeo|31/100 brn|[from] brn
|upkeep
|turn|72
|
|t:|1654021096
|switch|p2a: Hydreigon|Hydreigon, F|88/100
|move|p1a: Corsola|Will-O-Wisp|p2a: Hydreigon
|-status|p2a: Hydreigon|brn
|
|-damage|p2a: Hydreigon|82/100 brn|[from] brn
|upkeep
|turn|73
|
|t:|1654021101
|move|p2a: Hydreigon|Dark Pulse|p1a: Corsola
|-supereffective|p1a: Corsola
|-damage|p1a: Corsola|55/100
|move|p1a: Corsola|Stealth Rock|p2a: Hydreigon
|-sidestart|p2: uu12a blehh|move: Stealth Rock
|
|-damage|p2a: Hydreigon|76/100 brn|[from] brn
|upkeep
|turn|74
|
|t:|1654021105
|switch|p1a: Cobalion|Cobalion|64/100 slp
|move|p2a: Hydreigon|Dark Pulse|p1a: Cobalion
|-resisted|p1a: Cobalion
|-damage|p1a: Cobalion|34/100 slp
|-ability|p1a: Cobalion|Justified|boost
|-boost|p1a: Cobalion|atk|1
|
|-damage|p2a: Hydreigon|70/100 brn|[from] brn
|upkeep
|turn|75
|
|t:|1654021110
|switch|p1a: Salamence|Salamence, F|52/100 psn
|-ability|p1a: Salamence|Intimidate|boost
|-unboost|p2a: Hydreigon|atk|1
|move|p2a: Hydreigon|Dark Pulse|p1a: Salamence
|-damage|p1a: Salamence|23/100 psn
|
|-damage|p1a: Salamence|11/100 psn|[from] psn
|-damage|p2a: Hydreigon|64/100 brn|[from] brn
|upkeep
|turn|76
|j| itsjustdrew
|
|t:|1654021116
|move|p2a: Hydreigon|Dark Pulse|p1a: Salamence
|-crit|p1a: Salamence
|-damage|p1a: Salamence|0 fnt
|faint|p1a: Salamence
|
|-damage|p2a: Hydreigon|57/100 brn|[from] brn
|upkeep
|
|t:|1654021120
|switch|p1a: Suicune|Suicune|69/100 slp
|-ability|p1a: Suicune|Pressure
|turn|77
|
|t:|1654021124
|move|p2a: Hydreigon|Dark Pulse|p1a: Suicune
|-damage|p1a: Suicune|39/100 slp
|cant|p1a: Suicune|slp
|
|-heal|p1a: Suicune|45/100 slp|[from] item: Leftovers
|-damage|p2a: Hydreigon|51/100 brn|[from] brn
|upkeep
|turn|78
|
|t:|1654021128
|move|p2a: Hydreigon|Dark Pulse|p1a: Suicune
|-damage|p1a: Suicune|15/100 slp
|-curestatus|p1a: Suicune|slp|[msg]
|cant|p1a: Suicune|flinch
|
|-heal|p1a: Suicune|21/100|[from] item: Leftovers
|-damage|p2a: Hydreigon|45/100 brn|[from] brn
|upkeep
|turn|79
|
|t:|1654021147
|switch|p1a: Hydreigon|Hydreigon, M|64/100 psn
|move|p2a: Hydreigon|Dark Pulse|p1a: Hydreigon
|-resisted|p1a: Hydreigon
|-damage|p1a: Hydreigon|41/100 psn
|
|-damage|p1a: Hydreigon|29/100 psn|[from] psn
|-damage|p2a: Hydreigon|39/100 brn|[from] brn
|upkeep
|turn|80
|
|t:|1654021163
|switch|p2a: Celesteela|Celesteela|100/100
|-damage|p2a: Celesteela|88/100|[from] Stealth Rock
|move|p1a: Hydreigon|Roost|p1a: Hydreigon
|-heal|p1a: Hydreigon|79/100 psn
|-singleturn|p1a: Hydreigon|move: Roost
|
|-heal|p2a: Celesteela|94/100|[from] item: Leftovers
|-damage|p1a: Hydreigon|67/100 psn|[from] psn
|upkeep
|turn|81
|
|t:|1654021170
|switch|p1a: Corsola|Corsola-Galar, M|55/100
|move|p2a: Celesteela|Leech Seed|p1a: Corsola
|-start|p1a: Corsola|move: Leech Seed
|
|-heal|p2a: Celesteela|99/100|[from] item: Leftovers
|-damage|p1a: Corsola|42/100|[from] Leech Seed|[of] p2a: Celesteela
|-heal|p2a: Celesteela|100/100|[silent]
|upkeep
|turn|82
|
|t:|1654021177
|switch|p2a: Hydreigon|Hydreigon, F|39/100 brn
|-damage|p2a: Hydreigon|27/100 brn|[from] Stealth Rock
|move|p1a: Corsola|Strength Sap|p2a: Hydreigon
|-unboost|p2a: Hydreigon|atk|1
|-heal|p1a: Corsola|100/100
|
|-damage|p1a: Corsola|88/100|[from] Leech Seed|[of] p2a: Hydreigon
|-heal|p2a: Hydreigon|39/100 brn|[silent]
|-damage|p2a: Hydreigon|33/100 brn|[from] brn
|upkeep
|turn|83
|
|t:|1654021181
|switch|p1a: Hydreigon|Hydreigon, M|67/100 psn
|move|p2a: Hydreigon|Dark Pulse|p1a: Hydreigon
|-resisted|p1a: Hydreigon
|-damage|p1a: Hydreigon|45/100 psn
|
|-damage|p1a: Hydreigon|32/100 psn|[from] psn
|-damage|p2a: Hydreigon|27/100 brn|[from] brn
|upkeep
|turn|84
|
|t:|1654021185
|switch|p2a: Celesteela|Celesteela|100/100
|-damage|p2a: Celesteela|88/100|[from] Stealth Rock
|move|p1a: Hydreigon|Roost|p1a: Hydreigon
|-heal|p1a: Hydreigon|83/100 psn
|-singleturn|p1a: Hydreigon|move: Roost
|
|-heal|p2a: Celesteela|94/100|[from] item: Leftovers
|-damage|p1a: Hydreigon|70/100 psn|[from] psn
|upkeep
|turn|85
|
|t:|1654021194
|switch|p1a: Corsola|Corsola-Galar, M|88/100
|switch|p2a: Aegislash|Aegislash, F|91/100
|-damage|p2a: Aegislash|85/100|[from] Stealth Rock
|
|-heal|p2a: Aegislash|91/100|[from] item: Leftovers
|upkeep
|turn|86
|
|t:|1654021199
|move|p2a: Aegislash|Substitute|p2a: Aegislash
|-start|p2a: Aegislash|Substitute
|-damage|p2a: Aegislash|66/100
|move|p1a: Corsola|Night Shade|p2a: Aegislash
|-end|p2a: Aegislash|Substitute
|
|-heal|p2a: Aegislash|72/100|[from] item: Leftovers
|upkeep
|turn|87
|
|t:|1654021205
|switch|p1a: Cobalion|Cobalion|34/100 slp
|move|p2a: Aegislash|Toxic||[still]
|-fail|p2a: Aegislash
|
|-heal|p2a: Aegislash|79/100|[from] item: Leftovers
|upkeep
|turn|88
|
|t:|1654021209
|cant|p1a: Cobalion|slp
|move|p2a: Aegislash|Substitute|p2a: Aegislash
|-start|p2a: Aegislash|Substitute
|-damage|p2a: Aegislash|54/100
|
|-heal|p2a: Aegislash|60/100|[from] item: Leftovers
|upkeep
|turn|89
|
|t:|1654021215
|-curestatus|p1a: Cobalion|slp|[msg]
|move|p1a: Cobalion|Volt Switch|p2a: Aegislash
|-activate|p2a: Aegislash|move: Substitute|[damage]
|
|t:|1654021217
|switch|p1a: Corsola|Corsola-Galar, M|88/100|[from]move: Volt Switch
|-formechange|p2a: Aegislash|Aegislash-Blade||[from] ability: Stance Change
|move|p2a: Aegislash|Shadow Ball|p1a: Corsola
|-supereffective|p1a: Corsola
|-damage|p1a: Corsola|46/100
|
|-heal|p2a: Aegislash|66/100|[from] item: Leftovers
|upkeep
|turn|90
|
|t:|1654021222
|switch|p1a: Cobalion|Cobalion|34/100
|move|p2a: Aegislash|Toxic|p1a: Cobalion
|-immune|p1a: Cobalion
|
|-heal|p2a: Aegislash|72/100|[from] item: Leftovers
|upkeep
|turn|91
|
|t:|1654021226
|-formechange|p2a: Aegislash|Aegislash||[from] ability: Stance Change
|move|p2a: Aegislash|King's Shield|p2a: Aegislash
|-singleturn|p2a: Aegislash|Protect
|move|p1a: Cobalion|Stone Edge|p2a: Aegislash
|-activate|p2a: Aegislash|move: Protect
|
|-heal|p2a: Aegislash|78/100|[from] item: Leftovers
|upkeep
|turn|92
|
|t:|1654021231
|move|p1a: Cobalion|Stone Edge|p2a: Aegislash
|-resisted|p2a: Aegislash
|-activate|p2a: Aegislash|move: Substitute|[damage]
|-formechange|p2a: Aegislash|Aegislash-Blade||[from] ability: Stance Change
|move|p2a: Aegislash|Shadow Ball|p1a: Cobalion
|-damage|p1a: Cobalion|0 fnt
|faint|p1a: Cobalion
|
|-heal|p2a: Aegislash|84/100|[from] item: Leftovers
|upkeep
|
|t:|1654021237
|switch|p1a: Suicune|Suicune|21/100
|-ability|p1a: Suicune|Pressure
|turn|93
|
|t:|1654021243
|move|p1a: Suicune|Rest|p1a: Suicune
|-status|p1a: Suicune|slp|[from] move: Rest
|-heal|p1a: Suicune|100/100 slp|[silent]
|move|p2a: Aegislash|Shadow Ball|p1a: Suicune
|-damage|p1a: Suicune|67/100 slp
|
|-heal|p1a: Suicune|73/100 slp|[from] item: Leftovers
|-heal|p2a: Aegislash|91/100|[from] item: Leftovers
|upkeep
|turn|94
|
|t:|1654021254
|cant|p1a: Suicune|slp
|move|p2a: Aegislash|Shadow Ball|p1a: Suicune
|-damage|p1a: Suicune|40/100 slp
|-unboost|p1a: Suicune|spd|1
|
|-heal|p1a: Suicune|46/100 slp|[from] item: Leftovers
|-heal|p2a: Aegislash|97/100|[from] item: Leftovers
|upkeep
|turn|95
|
|t:|1654021261
|switch|p1a: Hydreigon|Hydreigon, M|70/100 psn
|move|p2a: Aegislash|Shadow Ball|p1a: Hydreigon
|-resisted|p1a: Hydreigon
|-damage|p1a: Hydreigon|47/100 psn
|
|-heal|p2a: Aegislash|100/100|[from] item: Leftovers
|-damage|p1a: Hydreigon|34/100 psn|[from] psn
|upkeep
|turn|96
|
|t:|1654021278
|switch|p2a: Celesteela|Celesteela|94/100
|-damage|p2a: Celesteela|82/100|[from] Stealth Rock
|move|p1a: Hydreigon|Roost|p1a: Hydreigon
|-heal|p1a: Hydreigon|84/100 psn
|-singleturn|p1a: Hydreigon|move: Roost
|
|-heal|p2a: Celesteela|88/100|[from] item: Leftovers
|-damage|p1a: Hydreigon|72/100 psn|[from] psn
|upkeep
|turn|97
|
|t:|1654021284
|switch|p1a: Corsola|Corsola-Galar, M|46/100
|move|p2a: Celesteela|Heavy Slam|p1a: Corsola
|-damage|p1a: Corsola|17/100
|
|-heal|p2a: Celesteela|94/100|[from] item: Leftovers
|upkeep
|turn|98
|
|t:|1654021293
|switch|p1a: Suicune|Suicune|46/100 slp
|-ability|p1a: Suicune|Pressure
|move|p2a: Celesteela|Heavy Slam|p1a: Suicune
|-resisted|p1a: Suicune
|-damage|p1a: Suicune|34/100 slp
|
|-heal|p1a: Suicune|41/100 slp|[from] item: Leftovers
|-heal|p2a: Celesteela|99/100|[from] item: Leftovers
|upkeep
|turn|99
|
|t:|1654021300
|switch|p2a: Keldeo|Keldeo-Resolute|31/100 brn
|-damage|p2a: Keldeo|25/100 brn|[from] Stealth Rock
|cant|p1a: Suicune|slp
|
|-heal|p1a: Suicune|47/100 slp|[from] item: Leftovers
|-damage|p2a: Keldeo|19/100 brn|[from] brn
|upkeep
|turn|100
|
|t:|1654021305
|move|p2a: Keldeo|Scald|p1a: Suicune
|-resisted|p1a: Suicune
|-damage|p1a: Suicune|25/100 slp
|-curestatus|p1a: Suicune|slp|[msg]
|move|p1a: Suicune|Rest|p1a: Suicune
|-status|p1a: Suicune|slp|[from] move: Rest
|-heal|p1a: Suicune|100/100 slp|[silent]
|
|-damage|p2a: Keldeo|13/100 brn|[from] brn
|upkeep
|turn|101
|
|t:|1654021316
|switch|p2a: Amoonguss|Amoonguss, M|98/100 brn
|-damage|p2a: Amoonguss|86/100 brn|[from] Stealth Rock
|cant|p1a: Suicune|slp
|
|-damage|p2a: Amoonguss|80/100 brn|[from] brn
|upkeep
|turn|102
|
|t:|1654021322
|switch|p1a: Hydreigon|Hydreigon, M|72/100 psn
|move|p2a: Amoonguss|Sludge Bomb|p1a: Hydreigon
|-damage|p1a: Hydreigon|43/100 psn
|
|-damage|p1a: Hydreigon|31/100 psn|[from] psn
|-damage|p2a: Amoonguss|73/100 brn|[from] brn
|upkeep
|turn|103
|
|t:|1654021333
|switch|p2a: Celesteela|Celesteela|99/100
|-damage|p2a: Celesteela|88/100|[from] Stealth Rock
|move|p1a: Hydreigon|Roost|p1a: Hydreigon
|-heal|p1a: Hydreigon|81/100 psn
|-singleturn|p1a: Hydreigon|move: Roost
|
|-heal|p2a: Celesteela|94/100|[from] item: Leftovers
|-damage|p1a: Hydreigon|69/100 psn|[from] psn
|upkeep
|turn|104
|
|t:|1654021337
|switch|p1a: Suicune|Suicune|100/100 slp
|-ability|p1a: Suicune|Pressure
|switch|p2a: Amoonguss|Amoonguss, M|100/100 brn
|-damage|p2a: Amoonguss|88/100 brn|[from] Stealth Rock
|
|-damage|p2a: Amoonguss|82/100 brn|[from] brn
|upkeep
|turn|105
|
|t:|1654021344
|switch|p1a: Hydreigon|Hydreigon, M|69/100 psn
|move|p2a: Amoonguss|Sludge Bomb|p1a: Hydreigon
|-damage|p1a: Hydreigon|39/100 psn
|
|-damage|p1a: Hydreigon|27/100 psn|[from] psn
|-damage|p2a: Amoonguss|75/100 brn|[from] brn
|upkeep
|turn|106
|
|t:|1654021347
|move|p1a: Hydreigon|Roost|p1a: Hydreigon
|-heal|p1a: Hydreigon|77/100 psn
|-singleturn|p1a: Hydreigon|move: Roost
|move|p2a: Amoonguss|Sludge Bomb|p1a: Hydreigon
|-damage|p1a: Hydreigon|47/100 psn
|
|-damage|p1a: Hydreigon|35/100 psn|[from] psn
|-damage|p2a: Amoonguss|69/100 brn|[from] brn
|upkeep
|turn|107
|
|t:|1654021352
|switch|p2a: Celesteela|Celesteela|94/100
|-damage|p2a: Celesteela|81/100|[from] Stealth Rock
|move|p1a: Hydreigon|Roost|p1a: Hydreigon
|-heal|p1a: Hydreigon|85/100 psn
|-singleturn|p1a: Hydreigon|move: Roost
|
|-heal|p2a: Celesteela|87/100|[from] item: Leftovers
|-damage|p1a: Hydreigon|73/100 psn|[from] psn
|upkeep
|turn|108
|
|t:|1654021356
|move|p1a: Hydreigon|Flamethrower|p2a: Celesteela
|-supereffective|p2a: Celesteela
|-crit|p2a: Celesteela
|-damage|p2a: Celesteela|8/100
|-status|p2a: Celesteela|brn
|-damage|p1a: Hydreigon|63/100 psn|[from] item: Life Orb
|move|p2a: Celesteela|Heavy Slam|p1a: Hydreigon
|-damage|p1a: Hydreigon|41/100 psn
|
|-heal|p2a: Celesteela|14/100 brn|[from] item: Leftovers
|-damage|p1a: Hydreigon|29/100 psn|[from] psn
|-damage|p2a: Celesteela|8/100 brn|[from] brn
|upkeep
|turn|109
|c|☆uu12a blehh|e_E
|c|☆GryphonEX|This game is crazy
|c|☆GryphonEX|you want to tie?
|c| itsjustdrew|lol
|inactive|uu12a blehh has 120 seconds left.
|c|☆uu12a blehh|this shoulda been over ages ago all good though mons
|c| itsjustdrew|someones def winning this
|c|☆uu12a blehh|ye theres 0 chance i win
|c|☆uu12a blehh|getting 1 spdef drop in 10 shadow balls kinda blows
|c|☆uu12a blehh|though i played sloppy
|inactive|uu12a blehh has 90 seconds left.
|
|t:|1654021433
|move|p1a: Hydreigon|Roost|p1a: Hydreigon
|-heal|p1a: Hydreigon|79/100 psn
|-singleturn|p1a: Hydreigon|move: Roost
|move|p2a: Celesteela|Heavy Slam|p1a: Hydreigon
|-damage|p1a: Hydreigon|57/100 psn
|
|-heal|p2a: Celesteela|14/100 brn|[from] item: Leftovers
|-damage|p1a: Hydreigon|44/100 psn|[from] psn
|-damage|p2a: Celesteela|8/100 brn|[from] brn
|upkeep
|turn|110
|c|☆GryphonEX|You might’ve won when I volt switched corsola
|c|☆uu12a blehh|i mean i won there w/o the burn
|c|☆GryphonEX|it’s too low to really tank anything now
|inactive|uu12a blehh has 60 seconds left.
|
|t:|1654021455
|move|p1a: Hydreigon|Roost|p1a: Hydreigon
|-heal|p1a: Hydreigon|94/100 psn
|-singleturn|p1a: Hydreigon|move: Roost
|move|p2a: Celesteela|Heavy Slam|p1a: Hydreigon
|-damage|p1a: Hydreigon|69/100 psn
|
|-heal|p2a: Celesteela|14/100 brn|[from] item: Leftovers
|-damage|p1a: Hydreigon|57/100 psn|[from] psn
|-damage|p2a: Celesteela|8/100 brn|[from] brn
|upkeep
|turn|111
|inactive|uu12a blehh has 60 seconds left.
|
|t:|1654021462
|switch|p1a: Suicune|Suicune|100/100 slp
|-ability|p1a: Suicune|Pressure
|move|p2a: Celesteela|Heavy Slam|p1a: Suicune
|-resisted|p1a: Suicune
|-damage|p1a: Suicune|95/100 slp
|
|-heal|p1a: Suicune|100/100 slp|[from] item: Leftovers
|-heal|p2a: Celesteela|14/100 brn|[from] item: Leftovers
|-damage|p2a: Celesteela|8/100 brn|[from] brn
|upkeep
|turn|112
|
|t:|1654021467
|switch|p2a: Amoonguss|Amoonguss, M|100/100 brn
|-damage|p2a: Amoonguss|88/100 brn|[from] Stealth Rock
|cant|p1a: Suicune|slp
|
|-damage|p2a: Amoonguss|82/100 brn|[from] brn
|upkeep
|turn|113
|inactive|uu12a blehh has 60 seconds left.
|
|t:|1654021478
|-curestatus|p1a: Suicune|slp|[msg]
|move|p1a: Suicune|Calm Mind|p1a: Suicune
|-boost|p1a: Suicune|spa|1
|-boost|p1a: Suicune|spd|1
|move|p2a: Amoonguss|Spore|p1a: Suicune
|-status|p1a: Suicune|slp|[from] move: Spore
|
|-damage|p2a: Amoonguss|75/100 brn|[from] brn
|upkeep
|turn|114
|
|t:|1654021488
|switch|p1a: Hydreigon|Hydreigon, M|57/100 psn
|move|p2a: Amoonguss|Seed Bomb|p1a: Hydreigon
|-resisted|p1a: Hydreigon
|-damage|p1a: Hydreigon|50/100 psn
|
|-damage|p1a: Hydreigon|38/100 psn|[from] psn
|-damage|p2a: Amoonguss|69/100 brn|[from] brn
|upkeep
|turn|115
|
|t:|1654021496
|move|p1a: Hydreigon|Roost|p1a: Hydreigon
|-heal|p1a: Hydreigon|88/100 psn
|-singleturn|p1a: Hydreigon|move: Roost
|move|p2a: Amoonguss|Sludge Bomb|p1a: Hydreigon
|-damage|p1a: Hydreigon|58/100 psn
|
|-damage|p1a: Hydreigon|46/100 psn|[from] psn
|-damage|p2a: Amoonguss|63/100 brn|[from] brn
|upkeep
|turn|116
|
|t:|1654021505
|switch|p2a: Celesteela|Celesteela|8/100 brn
|-damage|p2a: Celesteela|0 fnt|[from] Stealth Rock
|faint|p2a: Celesteela
|move|p1a: Hydreigon|Roost|p1a: Hydreigon
|-heal|p1a: Hydreigon|96/100 psn
|-singleturn|p1a: Hydreigon|move: Roost
|
|-damage|p1a: Hydreigon|84/100 psn|[from] psn
|upkeep
|c|☆uu12a blehh|gg
|c|☆GryphonEX|gg
|inactive|uu12a blehh has 60 seconds left.
|c|☆uu12a blehh|wanna tie still
|c|☆uu12a blehh|LOL
|l| Goop N Poop
|c|☆GryphonEX|Yeah sure
|j| Goop N Poop
|c|☆uu12a blehh|nah im messing dont do that
|l| Goop N Poop
|
|t:|1654021542
|switch|p2a: Hydreigon|Hydreigon, F|27/100 brn
|-damage|p2a: Hydreigon|14/100 brn|[from] Stealth Rock
|turn|117
|c|☆GryphonEX|its fine I had a lot of fun this game
|c|☆GryphonEX|//offer
|c|☆uu12a blehh|nah ill take my L w/ dignity all g
|c|☆uu12a blehh|was an interestin 1
|
|t:|1654021561
|switch|p1a: Suicune|Suicune|100/100 slp
|-ability|p1a: Suicune|Pressure
|move|p2a: Hydreigon|Draco Meteor|p1a: Suicune
|-damage|p1a: Suicune|55/100 slp
|-unboost|p2a: Hydreigon|spa|2
|
|-heal|p1a: Suicune|61/100 slp|[from] item: Leftovers
|-damage|p2a: Hydreigon|8/100 brn|[from] brn
|upkeep
|turn|118
|c|☆uu12a blehh|crit time
|
|t:|1654021567
|move|p2a: Hydreigon|Draco Meteor|p1a: Suicune
|-damage|p1a: Suicune|34/100 slp
|-unboost|p2a: Hydreigon|spa|2
|cant|p1a: Suicune|slp
|
|-heal|p1a: Suicune|41/100 slp|[from] item: Leftovers
|-damage|p2a: Hydreigon|2/100 brn|[from] brn
|upkeep
|turn|119
|
|t:|1654021570
|move|p2a: Hydreigon|Draco Meteor|p1a: Suicune
|-damage|p1a: Suicune|24/100 slp
|-unboost|p2a: Hydreigon|spa|2
|-curestatus|p1a: Suicune|slp|[msg]
|move|p1a: Suicune|Rest|p1a: Suicune
|-status|p1a: Suicune|slp|[from] move: Rest
|-heal|p1a: Suicune|100/100 slp|[silent]
|
|-damage|p2a: Hydreigon|0 fnt|[from] brn
|faint|p2a: Hydreigon
|upkeep
|c|☆uu12a blehh|gg
|
|t:|1654021575
|switch|p2a: Aegislash|Aegislash, F|100/100
|-damage|p2a: Aegislash|94/100|[from] Stealth Rock
|turn|120
|c|☆GryphonEX|Not quite
|c|☆GryphonEX|gonna need to set calm mind 19 times
|c|☆uu12a blehh|yea its 1000% over
|inactive|uu12a blehh has 30 seconds left.
|c|☆uu12a blehh|if u didnt first turn scald burn shroom i had outs but ye nah
|
|t:|1654021607
|switch|p1a: Hydreigon|Hydreigon, M|84/100 psn
|switch|p2a: Amoonguss|Amoonguss, M|96/100 brn
|-damage|p2a: Amoonguss|84/100 brn|[from] Stealth Rock
|
|-damage|p1a: Hydreigon|71/100 psn|[from] psn
|-damage|p2a: Amoonguss|78/100 brn|[from] brn
|upkeep
|turn|121
|inactive|uu12a blehh has 30 seconds left this turn.
|c|☆GryphonEX|Oh wait lol
|c|☆GryphonEX|you have 1 shadow ball
|
|t:|1654021622
|move|p1a: Hydreigon|Flamethrower|p2a: Amoonguss
|-supereffective|p2a: Amoonguss
|-damage|p2a: Amoonguss|0 fnt
|faint|p2a: Amoonguss
|-damage|p1a: Hydreigon|61/100 psn|[from] item: Life Orb
|
|-damage|p1a: Hydreigon|49/100 psn|[from] psn
|upkeep
|inactive|uu12a blehh has 30 seconds left.
|c|☆uu12a blehh|ya cuz i fished cuz 20% spdef drop but i got 0 in like
|c|☆uu12a blehh|8 in a row
|c|☆uu12a blehh|was greedy from me ig
|inactive|uu12a blehh has 20 seconds left.
|inactive|uu12a blehh has 15 seconds left.
|inactive|uu12a blehh has 10 seconds left.
|c|☆uu12a blehh|and if i got 1 it was a guranteed dub bar
|c|☆GryphonEX|I think what actually won me the game was you poisoning  my  hydregon
|c|☆uu12a blehh|tox miss
|
|t:|1654021651
|switch|p2a: Aegislash|Aegislash, F|94/100
|-damage|p2a: Aegislash|88/100|[from] Stealth Rock
|turn|122
|inactive|uu12a blehh has 15 seconds left this turn.
|inactive|uu12a blehh has 10 seconds left.
|
|t:|1654021657
|move|p1a: Hydreigon|Roost|p1a: Hydreigon
|-heal|p1a: Hydreigon|99/100 psn
|-singleturn|p1a: Hydreigon|move: Roost
|move|p2a: Aegislash|Substitute|p2a: Aegislash
|-start|p2a: Aegislash|Substitute
|-damage|p2a: Aegislash|63/100
|
|-heal|p2a: Aegislash|69/100|[from] item: Leftovers
|-damage|p1a: Hydreigon|87/100 psn|[from] psn
|upkeep
|turn|123
|inactive|uu12a blehh has 15 seconds left this turn.
|
|t:|1654021665
|move|p2a: Aegislash|King's Shield|p2a: Aegislash
|-singleturn|p2a: Aegislash|Protect
|move|p1a: Hydreigon|Flamethrower|p2a: Aegislash
|-activate|p2a: Aegislash|move: Protect
|
|-heal|p2a: Aegislash|75/100|[from] item: Leftovers
|-damage|p1a: Hydreigon|75/100 psn|[from] psn
|upkeep
|turn|124
|inactive|uu12a blehh has 20 seconds left this turn.
|inactive|uu12a blehh has 15 seconds left.
|inactive|uu12a blehh has 10 seconds left.
|c|☆uu12a blehh|i mean hydra never gets poisoned if i just get
|c|☆uu12a blehh|1 spdef drop
|inactive|uu12a blehh has 5 seconds left.
|
|t:|1654021682
|switch|p1a: Suicune|Suicune|100/100 slp
|-ability|p1a: Suicune|Pressure
|move|p2a: Aegislash|Substitute|p2a: Aegislash
|-fail|p2a: Aegislash|move: Substitute
|
|-heal|p2a: Aegislash|82/100|[from] item: Leftovers
|upkeep
|turn|125
|inactive|uu12a blehh has 10 seconds left this turn.
|inactive|uu12a blehh has 5 seconds left.
|c|☆uu12a blehh|gg
|c|☆GryphonEX|Nah then you would’ve just toxic it
|-message|uu12a blehh forfeited.
|
|win|GryphonEX
|inactive|uu12a blehh has 10 seconds left this turn.
|raw|GryphonEX's rating: 1278 &rarr; <strong>1319</strong><br />(+41 for winning)
|raw|uu12a blehh's rating: 1550 &rarr; <strong>1517</strong><br />(-33 for losing)
|c|☆uu12a blehh|yes which woulda
|c|☆GryphonEX|gg
|c|☆uu12a blehh|won me the game
|c|☆uu12a blehh|if it were toxed
|c|☆GryphonEX|Yeah so that poison lost the game
|c|☆uu12a blehh|ye which was caused by
|l| itsjustdrew
|c|☆uu12a blehh|me shadow balling 8 straight times and getting 0 spdef drops
||Ladder isn't responding, score probably updated but might not have (Request timeout).
|c|☆uu12a blehh|any 1 spdef drop forced hydra gave me tox i win barring dodge ig
