|j|☆DDD951
|j|☆paul2016351
|t:|1656200411
|gametype|singles
|player|p1|DDD951|170|1617
|player|p2|paul2016351|brawly|1342
|teamsize|p1|6
|teamsize|p2|6
|gen|8
|tier|[Gen 8] UU
|rated|
|rule|Sleep Clause Mod: Limit one foe put to sleep
|rule|Species Clause: Limit one of each Pokémon
|rule|OHKO Clause: OHKO moves are banned
|rule|Evasion Moves Clause: Evasion moves are banned
|rule|Endless Battle Clause: Forcing endless battles is banned
|rule|HP Percentage Mod: HP is shown in percentages
|rule|Dynamax Clause: You cannot dynamax
|clearpoke
|poke|p1|Scizor, F|
|poke|p1|Gyarados, M|
|poke|p1|Starmie|
|poke|p1|Nihilego|
|poke|p1|Tangrowth, M|
|poke|p1|Darmanitan, F|
|poke|p2|Zarude|
|poke|p2|Moltres|
|poke|p2|Salamence, M|
|poke|p2|Nihilego|
|poke|p2|Celesteela|
|poke|p2|Slowking, M|
|teampreview
|
|t:|1656200437
|start
|switch|p1a: Tangrowth|Tangrowth, M|100/100
|switch|p2a: Nihilego|Nihilego|100/100
|turn|1
|
|t:|1656200442
|move|p2a: Nihilego|Knock Off|p1a: Tangrowth
|-damage|p1a: Tangrowth|91/100
|-enditem|p1a: Tangrowth|Assault Vest|[from] move: Knock Off|[of] p2a: Nihilego
|move|p1a: Tangrowth|Earthquake|p2a: Nihilego
|-supereffective|p2a: Nihilego
|-damage|p2a: Nihilego|0 fnt
|faint|p2a: Nihilego
|
|upkeep
|
|t:|1656200447
|switch|p2a: Moltres|Moltres|100/100
|turn|2
|
|t:|1656200451
|switch|p1a: Nihilego|Nihilego|100/100
|move|p2a: Moltres|U-turn|p1a: Nihilego
|-resisted|p1a: Nihilego
|-damage|p1a: Nihilego|88/100
|
|t:|1656200457
|switch|p2a: Slowking|Slowking, M|100/100|[from]move: U-turn
|
|-heal|p1a: Nihilego|94/100|[from] item: Black Sludge
|upkeep
|turn|3
|
|t:|1656200462
|move|p1a: Nihilego|Stealth Rock|p2a: Slowking
|-sidestart|p2: paul2016351|move: Stealth Rock
|move|p2a: Slowking|Future Sight|p1a: Nihilego
|-start|p2a: Slowking|move: Future Sight
|
|-heal|p1a: Nihilego|100/100|[from] item: Black Sludge
|upkeep
|turn|4
|
|t:|1656200467
|move|p1a: Nihilego|Knock Off|p2a: Slowking
|-supereffective|p2a: Slowking
|-enditem|p2a: Slowking|Colbur Berry|[eat]
|-enditem|p2a: Slowking|Colbur Berry|[weaken]
|-damage|p2a: Slowking|92/100
|move|p2a: Slowking|Teleport|p2a: Slowking
|
|t:|1656200493
|switch|p2a: Zarude|Zarude|100/100|[from]move: Teleport
|
|upkeep
|turn|5
|
|t:|1656200500
|switch|p1a: Tangrowth|Tangrowth, M|100/100
|move|p2a: Zarude|Darkest Lariat|p1a: Tangrowth
|-damage|p1a: Tangrowth|69/100
|
|-end|p1a: Tangrowth|move: Future Sight
|-damage|p1a: Tangrowth|31/100
|upkeep
|turn|6
|
|t:|1656200512
|switch|p1a: Scizor|Scizor, F|100/100
|move|p2a: Zarude|Darkest Lariat|p1a: Scizor
|-damage|p1a: Scizor|68/100
|
|-heal|p1a: Scizor|74/100|[from] item: Leftovers
|upkeep
|turn|7
|
|t:|1656200518
|move|p2a: Zarude|U-turn|p1a: Scizor
|-resisted|p1a: Scizor
|-damage|p1a: Scizor|65/100
|
|t:|1656200522
|switch|p2a: Moltres|Moltres|100/100|[from]move: U-turn
|move|p1a: Scizor|U-turn|p2a: Moltres
|-resisted|p2a: Moltres
|-damage|p2a: Moltres|92/100
|
|t:|1656200528
|switch|p1a: Starmie|Starmie|100/100|[from]move: U-turn
|
|upkeep
|turn|8
|
|t:|1656200535
|switch|p2a: Slowking|Slowking, M|100/100
|-damage|p2a: Slowking|88/100|[from] Stealth Rock
|move|p1a: Starmie|Hydro Pump|p2a: Slowking
|-resisted|p2a: Slowking
|-damage|p2a: Slowking|56/100
|-damage|p1a: Starmie|91/100|[from] item: Life Orb
|
|upkeep
|turn|9
|
|t:|1656200547
|switch|p1a: Scizor|Scizor, F|65/100
|move|p2a: Slowking|Future Sight|p1a: Scizor
|-start|p2a: Slowking|move: Future Sight
|
|-heal|p1a: Scizor|71/100|[from] item: Leftovers
|upkeep
|turn|10
|
|t:|1656200554
|switch|p2a: Moltres|Moltres|92/100
|move|p1a: Scizor|U-turn|p2a: Moltres
|-resisted|p2a: Moltres
|-damage|p2a: Moltres|84/100
|
|t:|1656200561
|switch|p1a: Starmie|Starmie|91/100|[from]move: U-turn
|
|upkeep
|turn|11
|
|t:|1656200569
|switch|p2a: Slowking|Slowking, M|90/100
|-damage|p2a: Slowking|77/100|[from] Stealth Rock
|move|p1a: Starmie|Hydro Pump|p2a: Slowking
|-resisted|p2a: Slowking
|-damage|p2a: Slowking|43/100
|-damage|p1a: Starmie|81/100|[from] item: Life Orb
|
|-end|p1a: Starmie|move: Future Sight
|-resisted|p1a: Starmie
|-damage|p1a: Starmie|52/100
|upkeep
|turn|12
|
|t:|1656200580
|move|p1a: Starmie|Hydro Pump|p2a: Slowking
|-resisted|p2a: Slowking
|-damage|p2a: Slowking|17/100
|-damage|p1a: Starmie|42/100|[from] item: Life Orb
|move|p2a: Slowking|Future Sight|p1a: Starmie
|-start|p2a: Slowking|move: Future Sight
|
|upkeep
|turn|13
|
|t:|1656200594
|switch|p2a: Salamence|Salamence, M|100/100
|-ability|p2a: Salamence|Intimidate|boost
|-unboost|p1a: Starmie|atk|1
|move|p1a: Starmie|Ice Beam|p2a: Salamence
|-supereffective|p2a: Salamence
|-crit|p2a: Salamence
|-damage|p2a: Salamence|0 fnt
|faint|p2a: Salamence
|-damage|p1a: Starmie|32/100|[from] item: Life Orb
|
|upkeep
|
|t:|1656200605
|switch|p2a: Celesteela|Celesteela|100/100
|-damage|p2a: Celesteela|88/100|[from] Stealth Rock
|turn|14
|
|t:|1656200613
|switch|p1a: Scizor|Scizor, F|71/100
|move|p2a: Celesteela|Leech Seed|p1a: Scizor
|-start|p1a: Scizor|move: Leech Seed
|
|-end|p1a: Scizor|move: Future Sight
|-resisted|p1a: Scizor
|-damage|p1a: Scizor|49/100
|-heal|p1a: Scizor|55/100|[from] item: Leftovers
|-heal|p2a: Celesteela|94/100|[from] item: Leftovers
|-damage|p1a: Scizor|42/100|[from] Leech Seed|[of] p2a: Celesteela
|-heal|p2a: Celesteela|100/100|[silent]
|upkeep
|turn|15
|
|t:|1656200624
|switch|p1a: Darmanitan|Darmanitan, F|100/100
|move|p2a: Celesteela|Flamethrower|p1a: Darmanitan
|-resisted|p1a: Darmanitan
|-damage|p1a: Darmanitan|84/100
|
|upkeep
|turn|16
|
|t:|1656200630
|move|p2a: Celesteela|Protect|p2a: Celesteela
|-singleturn|p2a: Celesteela|Protect
|move|p1a: Darmanitan|Flare Blitz|p2a: Celesteela
|-activate|p2a: Celesteela|move: Protect
|
|upkeep
|turn|17
|
|t:|1656200636
|switch|p1a: Nihilego|Nihilego|100/100
|move|p2a: Celesteela|Heavy Slam|p1a: Nihilego
|-supereffective|p1a: Nihilego
|-damage|p1a: Nihilego|0 fnt
|faint|p1a: Nihilego
|-ability|p2a: Celesteela|Beast Boost|boost
|-boost|p2a: Celesteela|spd|1
|
|upkeep
|
|t:|1656200644
|switch|p1a: Gyarados|Gyarados, M|100/100
|-ability|p1a: Gyarados|Intimidate|boost
|-unboost|p2a: Celesteela|atk|1
|turn|18
|
|t:|1656200648
|move|p1a: Gyarados|Substitute|p1a: Gyarados
|-start|p1a: Gyarados|Substitute
|-damage|p1a: Gyarados|76/100
|move|p2a: Celesteela|Leech Seed||[still]
|-fail|p2a: Celesteela
|
|-heal|p1a: Gyarados|82/100|[from] item: Leftovers
|upkeep
|turn|19
|
|t:|1656200654
|move|p1a: Gyarados|Dragon Dance|p1a: Gyarados
|-boost|p1a: Gyarados|atk|1
|-boost|p1a: Gyarados|spe|1
|move|p2a: Celesteela|Heavy Slam|p1a: Gyarados
|-resisted|p1a: Gyarados
|-activate|p1a: Gyarados|move: Substitute|[damage]
|
|-heal|p1a: Gyarados|88/100|[from] item: Leftovers
|upkeep
|turn|20
|
|t:|1656200662
|move|p1a: Gyarados|Dragon Dance|p1a: Gyarados
|-boost|p1a: Gyarados|atk|1
|-boost|p1a: Gyarados|spe|1
|move|p2a: Celesteela|Heavy Slam|p1a: Gyarados
|-resisted|p1a: Gyarados
|-activate|p1a: Gyarados|move: Substitute|[damage]
|
|-heal|p1a: Gyarados|94/100|[from] item: Leftovers
|upkeep
|turn|21
|
|t:|1656200671
|move|p1a: Gyarados|Dragon Dance|p1a: Gyarados
|-boost|p1a: Gyarados|atk|1
|-boost|p1a: Gyarados|spe|1
|move|p2a: Celesteela|Heavy Slam|p1a: Gyarados
|-resisted|p1a: Gyarados
|-end|p1a: Gyarados|Substitute
|
|-heal|p1a: Gyarados|99/100|[from] item: Leftovers
|upkeep
|turn|22
|
|t:|1656200679
|switch|p2a: Zarude|Zarude|100/100
|move|p1a: Gyarados|Substitute|p1a: Gyarados
|-start|p1a: Gyarados|Substitute
|-damage|p1a: Gyarados|75/100
|
|-heal|p1a: Gyarados|81/100|[from] item: Leftovers
|upkeep
|turn|23
|
|t:|1656200685
|move|p1a: Gyarados|Bounce||[still]
|-prepare|p1a: Gyarados|Bounce
|move|p2a: Zarude|Darkest Lariat|p1a: Gyarados|[miss]
|-miss|p2a: Zarude|p1a: Gyarados
|
|-heal|p1a: Gyarados|87/100|[from] item: Leftovers
|upkeep
|turn|24
|
|t:|1656200690
|switch|p2a: Moltres|Moltres|84/100
|move|p1a: Gyarados|Bounce|p2a: Moltres|[from]lockedmove
|-damage|p2a: Moltres|0 fnt
|faint|p2a: Moltres
|
|-heal|p1a: Gyarados|93/100|[from] item: Leftovers
|upkeep
|-message|paul2016351 forfeited.
|
|win|DDD951
|raw|DDD951's rating: 1617 &rarr; <strong>1624</strong><br />(+7 for winning)
|raw|paul2016351's rating: 1342 &rarr; <strong>1335</strong><br />(-7 for losing)
|l|☆paul2016351
||Ladder isn't responding, score probably updated but might not have (Request timeout).
