|j|☆SSRW26 Swoosh
|j|☆Giogiovannio
|t:|1610075916
|player|p1|SSRW26 Swoosh|korrina|1498
|player|p2|Giogiovannio|drayden|1502
|teamsize|p1|6
|teamsize|p2|6
|gametype|singles
|gen|8
|tier|[Gen 8] UU
|rated|
|clearpoke
|poke|p1|Thundurus, M|
|poke|p1|Scizor, M|
|poke|p1|Hatterene, F|
|poke|p1|Seismitoad, M|
|poke|p1|Zarude-Dada|
|poke|p1|Victini|
|poke|p2|Slowking, M|
|poke|p2|Bisharp, F|
|poke|p2|Chansey, F|
|poke|p2|Rotom-Heat|
|poke|p2|Zygarde-10%|
|poke|p2|Nidoqueen, F|
|rule|Sleep Clause Mod: Limit one foe put to sleep
|rule|Species Clause: Limit one of each Pokémon
|rule|OHKO Clause: OHKO moves are banned
|rule|Evasion Moves Clause: Evasion moves are banned
|rule|Endless Battle Clause: Forcing endless battles is banned
|rule|HP Percentage Mod: HP is shown in percentages
|rule|Dynamax Clause: You cannot dynamax
|teampreview
|inactive|Battle timer is ON: inactive players will automatically lose when time's up. (requested by SSRW26 Swoosh)
|inactive|Giogiovannio has 120 seconds left.
|
|t:|1610075954
|start
|switch|p1a: Seismitoad|Seismitoad, M, shiny|100/100
|switch|p2a: Chansey|Chansey, F|100/100
|turn|1
|
|t:|1610075961
|move|p1a: Seismitoad|Knock Off|p2a: Chansey
|-damage|p2a: Chansey|88/100
|-enditem|p2a: Chansey|Eviolite|[from] move: Knock Off|[of] p1a: Seismitoad
|move|p2a: Chansey|Toxic|p1a: Seismitoad
|-status|p1a: Seismitoad|tox
|
|-damage|p1a: Seismitoad|94/100 tox|[from] psn
|upkeep
|turn|2
|
|t:|1610075971
|switch|p1a: Hatterene|Hatterene, F, shiny|100/100
|switch|p2a: Slowking|Slowking, M|100/100
|
|upkeep
|turn|3
|
|t:|1610075980
|move|p1a: Hatterene|Calm Mind|p1a: Hatterene
|-boost|p1a: Hatterene|spa|1
|-boost|p1a: Hatterene|spd|1
|move|p2a: Slowking|Future Sight|p1a: Hatterene
|-start|p2a: Slowking|move: Future Sight
|
|upkeep
|turn|4
|
|t:|1610075990
|move|p1a: Hatterene|Calm Mind|p1a: Hatterene
|-boost|p1a: Hatterene|spa|1
|-boost|p1a: Hatterene|spd|1
|move|p2a: Slowking|Teleport|p2a: Slowking
|
|t:|1610075993
|switch|p2a: Bisharp|Bisharp, F|100/100|[from]move: Teleport
|
|upkeep
|turn|5
|
|t:|1610076011
|switch|p1a: Scizor|Scizor, M|100/100
|move|p2a: Bisharp|Iron Head|p1a: Scizor
|-resisted|p1a: Scizor
|-damage|p1a: Scizor|74/100
|
|-end|p1a: Scizor|move: Future Sight
|-resisted|p1a: Scizor
|-damage|p1a: Scizor|48/100
|upkeep
|turn|6
|
|t:|1610076023
|move|p1a: Scizor|Bullet Punch|p2a: Bisharp
|-resisted|p2a: Bisharp
|-damage|p2a: Bisharp|67/100
|move|p2a: Bisharp|Knock Off|p1a: Scizor
|-damage|p1a: Scizor|0 fnt
|-enditem|p1a: Scizor|Choice Band|[from] move: Knock Off|[of] p2a: Bisharp
|faint|p1a: Scizor
|
|upkeep
|
|t:|1610076037
|switch|p1a: Zarude|Zarude-Dada|100/100
|turn|7
|
|t:|1610076048
|switch|p2a: Rotom|Rotom-Heat|100/100
|move|p1a: Zarude|Bulk Up|p1a: Zarude
|-boost|p1a: Zarude|atk|1
|-boost|p1a: Zarude|def|1
|
|upkeep
|turn|8
|
|t:|1610076053
|switch|p1a: Seismitoad|Seismitoad, M, shiny|94/100 tox
|move|p2a: Rotom|Overheat|p1a: Seismitoad
|-resisted|p1a: Seismitoad
|-damage|p1a: Seismitoad|68/100 tox
|-unboost|p2a: Rotom|spa|2
|
|-heal|p1a: Seismitoad|74/100 tox|[from] item: Leftovers
|-damage|p1a: Seismitoad|68/100 tox|[from] psn
|upkeep
|turn|9
|
|t:|1610076069
|switch|p2a: Slowking|Slowking, M|100/100
|move|p1a: Seismitoad|Stealth Rock|p2a: Slowking
|-sidestart|p2: Giogiovannio|move: Stealth Rock
|
|-heal|p1a: Seismitoad|74/100 tox|[from] item: Leftovers
|-damage|p1a: Seismitoad|62/100 tox|[from] psn
|upkeep
|turn|10
|
|t:|1610076078
|switch|p1a: Thundurus|Thundurus, M, shiny|100/100
|move|p2a: Slowking|Future Sight|p1a: Thundurus
|-start|p2a: Slowking|move: Future Sight
|
|upkeep
|turn|11
|
|t:|1610076084
|move|p1a: Thundurus|Nasty Plot|p1a: Thundurus
|-boost|p1a: Thundurus|spa|2
|move|p2a: Slowking|Teleport|p2a: Slowking
|
|t:|1610076088
|switch|p2a: Zygarde|Zygarde-10%|100/100|[from]move: Teleport
|-damage|p2a: Zygarde|94/100|[from] Stealth Rock
|-ability|p2a: Zygarde|Aura Break
|
|upkeep
|turn|12
|
|t:|1610076091
|switch|p1a: Zarude|Zarude-Dada|100/100
|move|p2a: Zygarde|Thousand Arrows|p1a: Zarude
|-resisted|p1a: Zarude
|-damage|p1a: Zarude|72/100
|
|-end|p1a: Zarude|move: Future Sight
|-immune|p1a: Zarude
|-heal|p1a: Zarude|78/100|[from] item: Leftovers
|upkeep
|turn|13
|
|t:|1610076100
|switch|p2a: Nidoqueen|Nidoqueen, F|100/100
|-damage|p2a: Nidoqueen|94/100|[from] Stealth Rock
|switch|p1a: Seismitoad|Seismitoad, M, shiny|62/100 tox
|
|-heal|p1a: Seismitoad|68/100 tox|[from] item: Leftovers
|-damage|p1a: Seismitoad|62/100 tox|[from] psn
|upkeep
|turn|14
|
|t:|1610076117
|move|p2a: Nidoqueen|Toxic Spikes|p1a: Seismitoad
|-sidestart|p1: SSRW26 Swoosh|move: Toxic Spikes
|move|p1a: Seismitoad|Earthquake|p2a: Nidoqueen
|-supereffective|p2a: Nidoqueen
|-damage|p2a: Nidoqueen|21/100
|
|-heal|p1a: Seismitoad|68/100 tox|[from] item: Leftovers
|-damage|p1a: Seismitoad|56/100 tox|[from] psn
|upkeep
|turn|15
|inactive|SSRW26 Swoosh has 120 seconds left.
|
|t:|1610076147
|switch|p2a: Slowking|Slowking, M|100/100
|move|p1a: Seismitoad|Knock Off|p2a: Slowking
|-supereffective|p2a: Slowking
|-damage|p2a: Slowking|68/100
|-enditem|p2a: Slowking|Heavy-Duty Boots|[from] move: Knock Off|[of] p1a: Seismitoad
|
|-heal|p1a: Seismitoad|62/100 tox|[from] item: Leftovers
|-damage|p1a: Seismitoad|44/100 tox|[from] psn
|upkeep
|turn|16
|
|t:|1610076157
|switch|p1a: Thundurus|Thundurus, M, shiny|100/100
|move|p2a: Slowking|Teleport|p2a: Slowking
|
|t:|1610076160
|switch|p2a: Zygarde|Zygarde-10%|94/100|[from]move: Teleport
|-damage|p2a: Zygarde|88/100|[from] Stealth Rock
|-ability|p2a: Zygarde|Aura Break
|
|upkeep
|turn|17
|
|t:|1610076167
|switch|p1a: Seismitoad|Seismitoad, M, shiny|44/100 tox
|move|p2a: Zygarde|Thousand Arrows|p1a: Seismitoad
|-damage|p1a: Seismitoad|0 fnt
|faint|p1a: Seismitoad
|
|upkeep
|
|t:|1610076173
|switch|p1a: Zarude|Zarude-Dada|78/100
|-status|p1a: Zarude|psn
|turn|18
|
|t:|1610076183
|switch|p2a: Rotom|Rotom-Heat|100/100
|move|p1a: Zarude|Jungle Healing|p1a: Zarude
|-heal|p1a: Zarude|100/100 psn
|-curestatus|p1a: Zarude|psn|[msg]
|
|upkeep
|turn|19
|
|t:|1610076195
|switch|p1a: Victini|Victini|100/100
|-status|p1a: Victini|psn
|move|p2a: Rotom|Nasty Plot|p2a: Rotom
|-boost|p2a: Rotom|spa|2
|
|-damage|p1a: Victini|88/100 psn|[from] psn
|upkeep
|turn|20
|inactive|Giogiovannio has 120 seconds left.
|
|t:|1610076231
|move|p1a: Victini|V-create|p2a: Rotom
|-resisted|p2a: Rotom
|-damage|p2a: Rotom|56/100
|-unboost|p1a: Victini|spe|1
|-unboost|p1a: Victini|def|1
|-unboost|p1a: Victini|spd|1
|move|p2a: Rotom|Discharge|p1a: Victini
|-damage|p1a: Victini|0 fnt
|faint|p1a: Victini
|
|upkeep
|
|t:|1610076260
|switch|p1a: Thundurus|Thundurus, M, shiny|100/100
|turn|21
|
|t:|1610076271
|switch|p2a: Chansey|Chansey, F|88/100
|-damage|p2a: Chansey|75/100|[from] Stealth Rock
|move|p1a: Thundurus|Psychic|p2a: Chansey
|-damage|p2a: Chansey|58/100
|-damage|p1a: Thundurus|91/100|[from] item: Life Orb
|
|upkeep
|turn|22
|inactive|SSRW26 Swoosh has 120 seconds left.
|
|t:|1610076293
|move|p1a: Thundurus|Focus Blast|p2a: Chansey|[miss]
|-miss|p1a: Thundurus|p2a: Chansey
|move|p2a: Chansey|Toxic|p1a: Thundurus
|-status|p1a: Thundurus|tox
|
|-damage|p1a: Thundurus|85/100 tox|[from] psn
|upkeep
|turn|23
|inactive|SSRW26 Swoosh has 120 seconds left.
|
|t:|1610076298
|move|p1a: Thundurus|Focus Blast|p2a: Chansey|[miss]
|-miss|p1a: Thundurus|p2a: Chansey
|move|p2a: Chansey|Soft-Boiled|p2a: Chansey
|-heal|p2a: Chansey|100/100
|
|-damage|p1a: Thundurus|73/100 tox|[from] psn
|upkeep
|turn|24
|
|t:|1610076304
|switch|p1a: Zarude|Zarude-Dada|100/100
|-status|p1a: Zarude|psn
|move|p2a: Chansey|Stealth Rock|p1a: Zarude
|-sidestart|p1: SSRW26 Swoosh|move: Stealth Rock
|
|-damage|p1a: Zarude|88/100 psn|[from] psn
|upkeep
|turn|25
|
|t:|1610076313
|switch|p2a: Rotom|Rotom-Heat|56/100
|move|p1a: Zarude|Bulk Up|p1a: Zarude
|-boost|p1a: Zarude|atk|1
|-boost|p1a: Zarude|def|1
|
|-heal|p1a: Zarude|94/100 psn|[from] item: Leftovers
|-damage|p1a: Zarude|82/100 psn|[from] psn
|upkeep
|turn|26
|
|t:|1610076316
|move|p1a: Zarude|Darkest Lariat|p2a: Rotom
|-damage|p2a: Rotom|0 fnt
|faint|p2a: Rotom
|
|-heal|p1a: Zarude|88/100 psn|[from] item: Leftovers
|-damage|p1a: Zarude|76/100 psn|[from] psn
|upkeep
|
|t:|1610076331
|switch|p2a: Bisharp|Bisharp, F|67/100
|-damage|p2a: Bisharp|61/100|[from] Stealth Rock
|turn|27
|
|t:|1610076335
|move|p1a: Zarude|Bulk Up|p1a: Zarude
|-boost|p1a: Zarude|atk|1
|-boost|p1a: Zarude|def|1
|move|p2a: Bisharp|Swords Dance|p2a: Bisharp
|-boost|p2a: Bisharp|atk|2
|
|-heal|p1a: Zarude|82/100 psn|[from] item: Leftovers
|-damage|p1a: Zarude|69/100 psn|[from] psn
|upkeep
|turn|28
|
|t:|1610076337
|move|p1a: Zarude|Power Whip|p2a: Bisharp
|-resisted|p2a: Bisharp
|-damage|p2a: Bisharp|0 fnt
|faint|p2a: Bisharp
|
|-heal|p1a: Zarude|75/100 psn|[from] item: Leftovers
|-damage|p1a: Zarude|63/100 psn|[from] psn
|upkeep
|
|t:|1610076343
|switch|p2a: Zygarde|Zygarde-10%|88/100
|-damage|p2a: Zygarde|82/100|[from] Stealth Rock
|-ability|p2a: Zygarde|Aura Break
|turn|29
|
|t:|1610076357
|move|p2a: Zygarde|Scale Shot|p1a: Zarude
|-damage|p1a: Zarude|55/100 psn
|-damage|p1a: Zarude|48/100 psn
|-damage|p1a: Zarude|40/100 psn
|-hitcount|p1a: Zarude|3
|-unboost|p2a: Zygarde|def|1
|-boost|p2a: Zygarde|spe|1
|move|p1a: Zarude|Jungle Healing|p1a: Zarude
|-heal|p1a: Zarude|65/100 psn
|-curestatus|p1a: Zarude|psn|[msg]
|
|-heal|p1a: Zarude|71/100|[from] item: Leftovers
|upkeep
|turn|30
|-message|Giogiovannio forfeited.
|
|win|SSRW26 Swoosh
|l|☆Giogiovannio
|raw|SSRW26 Swoosh's rating: 1498 &rarr; <strong>1518</strong><br />(+20 for winning)
|raw|Giogiovannio's rating: 1502 &rarr; <strong>1482</strong><br />(-20 for losing)
