|j|☆uult84z km
|j|☆EliotEnRetar
|t:|1623351872
|gametype|singles
|player|p1|uult84z km|parasollady-gen4|1359
|player|p2|EliotEnRetar|falkner|1295
|teamsize|p1|6
|teamsize|p2|6
|gen|8
|tier|[Gen 8] UU
|rated|
|rule|Sleep Clause Mod: Limit one foe put to sleep
|rule|Species Clause: Limit one of each Pokémon
|rule|OHKO Clause: OHKO moves are banned
|rule|Evasion Moves Clause: Evasion moves are banned
|rule|Endless Battle Clause: Forcing endless battles is banned
|rule|HP Percentage Mod: HP is shown in percentages
|rule|Dynamax Clause: You cannot dynamax
|clearpoke
|poke|p1|Nihilego|
|poke|p1|Buzzwole|
|poke|p1|Zarude|
|poke|p1|Zygarde-10%|
|poke|p1|Rotom-Heat|
|poke|p1|Aegislash, M|
|poke|p2|Barraskewda, F|
|poke|p2|Krookodile, F|
|poke|p2|Roserade, M|
|poke|p2|Scizor, M|
|poke|p2|Talonflame, M|
|poke|p2|Rotom-Wash|
|teampreview
|c|☆uult84z km|hf
|c|☆EliotEnRetar|u2 man
|c|☆EliotEnRetar|thx
|
|t:|1623351895
|start
|switch|p1a: Zarude|Zarude|100/100
|switch|p2a: Fish|Barraskewda, F|100/100
|turn|1
|
|t:|1623351907
|switch|p2a: Scizor|Scizor, M|100/100
|move|p1a: Zarude|U-turn|p2a: Scizor
|-resisted|p2a: Scizor
|-damage|p2a: Scizor|89/100
|
|t:|1623351912
|switch|p1a: Rotom|Rotom-Heat|100/100|[from]move: U-turn
|
|upkeep
|turn|2
|j| fushunha
|
|t:|1623351917
|switch|p2a: Krookodile|Krookodile, F|100/100
|-ability|p2a: Krookodile|Intimidate|boost
|-unboost|p1a: Rotom|atk|1
|move|p1a: Rotom|Volt Switch|p2a: Krookodile
|-immune|p2a: Krookodile
|
|upkeep
|turn|3
|
|t:|1623351921
|move|p2a: Krookodile|Stealth Rock|p1a: Rotom
|-sidestart|p1: uult84z km|move: Stealth Rock
|move|p1a: Rotom|Overheat|p2a: Krookodile
|-damage|p2a: Krookodile|17/100
|-unboost|p1a: Rotom|spa|2
|
|upkeep
|turn|4
|
|t:|1623351929
|switch|p2a: Fish|Barraskewda, F|100/100
|move|p1a: Rotom|Defog|p2a: Fish
|-unboost|p2a: Fish|evasion|1
|-sideend|p1: uult84z km|Stealth Rock|[from] move: Defog|[of] p1a: Rotom
|
|upkeep
|turn|5
|
|t:|1623351933
|switch|p1a: Zarude|Zarude|100/100
|move|p2a: Fish|Flip Turn|p1a: Zarude
|-resisted|p1a: Zarude
|-damage|p1a: Zarude|77/100
|
|t:|1623351938
|switch|p2a: BizouJeManvol|Talonflame, M|100/100|[from]move: Flip Turn
|
|upkeep
|turn|6
|
|t:|1623351961
|move|p1a: Zarude|Rock Slide|p2a: BizouJeManvol
|-supereffective|p2a: BizouJeManvol
|-damage|p2a: BizouJeManvol|0 fnt
|faint|p2a: BizouJeManvol
|
|upkeep
|
|t:|1623351973
|switch|p2a: CauetBurger|Rotom-Wash|100/100
|turn|7
|
|t:|1623351980
|switch|p1a: Nihilego|Nihilego|100/100
|move|p2a: CauetBurger|Volt Switch|p1a: Nihilego
|-damage|p1a: Nihilego|79/100
|
|t:|1623351996
|switch|p2a: Fish|Barraskewda, F|100/100|[from]move: Volt Switch
|
|upkeep
|turn|8
|
|t:|1623352011
|switch|p1a: Buzzwole|Buzzwole|100/100
|move|p2a: Fish|Liquidation|p1a: Buzzwole
|-damage|p1a: Buzzwole|57/100
|
|upkeep
|turn|9
|
|t:|1623352017
|switch|p2a: Scizor|Scizor, M|89/100
|move|p1a: Buzzwole|Close Combat|p2a: Scizor
|-crit|p2a: Scizor
|-damage|p2a: Scizor|0 fnt
|-unboost|p1a: Buzzwole|def|1
|-unboost|p1a: Buzzwole|spd|1
|faint|p2a: Scizor
|-ability|p1a: Buzzwole|Beast Boost|boost
|-boost|p1a: Buzzwole|atk|1
|
|upkeep
|
|t:|1623352024
|switch|p2a: Boom|Roserade, M|100/100
|turn|10
|
|t:|1623352031
|switch|p1a: Zygarde|Zygarde-10%|100/100
|-ability|p1a: Zygarde|Aura Break
|move|p2a: Boom|Shadow Ball|p1a: Zygarde
|-damage|p1a: Zygarde|38/100
|-unboost|p1a: Zygarde|spd|1
|
|upkeep
|turn|11
|
|t:|1623352037
|switch|p2a: Krookodile|Krookodile, F|17/100
|-ability|p2a: Krookodile|Intimidate|boost
|-unboost|p1a: Zygarde|atk|1
|move|p1a: Zygarde|Thousand Arrows|p2a: Krookodile
|-damage|p2a: Krookodile|0 fnt
|faint|p2a: Krookodile
|
|upkeep
|
|t:|1623352038
|switch|p2a: Fish|Barraskewda, F|100/100
|turn|12
|
|t:|1623352054
|switch|p1a: Rotom|Rotom-Heat|100/100
|move|p2a: Fish|Liquidation|p1a: Rotom
|-supereffective|p1a: Rotom
|-damage|p1a: Rotom|0 fnt
|faint|p1a: Rotom
|
|upkeep
|
|t:|1623352063
|switch|p1a: Zarude|Zarude|77/100
|turn|13
|
|t:|1623352080
|switch|p2a: CauetBurger|Rotom-Wash|100/100
|move|p1a: Zarude|Darkest Lariat|p2a: CauetBurger
|-damage|p2a: CauetBurger|68/100
|
|-heal|p2a: CauetBurger|74/100|[from] item: Leftovers
|upkeep
|turn|14
|
|t:|1623352089
|move|p1a: Zarude|Darkest Lariat|p2a: CauetBurger
|-damage|p2a: CauetBurger|40/100
|move|p2a: CauetBurger|Hydro Pump|p1a: Zarude|[miss]
|-miss|p2a: CauetBurger|p1a: Zarude
|
|-heal|p2a: CauetBurger|46/100|[from] item: Leftovers
|upkeep
|turn|15
|
|t:|1623352097
|move|p1a: Zarude|Darkest Lariat|p2a: CauetBurger
|-damage|p2a: CauetBurger|11/100
|move|p2a: CauetBurger|Will-O-Wisp|p1a: Zarude
|-status|p1a: Zarude|brn
|
|-heal|p2a: CauetBurger|17/100|[from] item: Leftovers
|-damage|p1a: Zarude|71/100 brn|[from] brn
|upkeep
|turn|16
|
|t:|1623352106
|move|p1a: Zarude|Darkest Lariat|p2a: CauetBurger
|-damage|p2a: CauetBurger|0 fnt
|faint|p2a: CauetBurger
|
|-damage|p1a: Zarude|65/100 brn|[from] brn
|upkeep
|
|t:|1623352111
|switch|p2a: Fish|Barraskewda, F|100/100
|turn|17
|
|t:|1623352115
|move|p1a: Zarude|Darkest Lariat|p2a: Fish
|-damage|p2a: Fish|57/100
|move|p2a: Fish|Close Combat|p1a: Zarude
|-supereffective|p1a: Zarude
|-damage|p1a: Zarude|0 fnt
|-unboost|p2a: Fish|def|1
|-unboost|p2a: Fish|spd|1
|faint|p1a: Zarude
|
|upkeep
|
|t:|1623352127
|switch|p1a: Zygarde|Zygarde-10%|38/100
|-ability|p1a: Zygarde|Aura Break
|turn|18
|
|t:|1623352130
|move|p1a: Zygarde|Extreme Speed|p2a: Fish
|-damage|p2a: Fish|0 fnt
|faint|p2a: Fish
|
|upkeep
|
|t:|1623352132
|switch|p2a: Boom|Roserade, M|100/100
|turn|19
|
|t:|1623352135
|switch|p1a: Nihilego|Nihilego|79/100
|move|p2a: Boom|Shadow Ball|p1a: Nihilego
|-damage|p1a: Nihilego|50/100
|
|upkeep
|turn|20
|c|☆EliotEnRetar|gg
|c|☆uult84z km|gg
|c|☆EliotEnRetar|pretty huge missplay on my side but o
|l| fushunha
|c|☆EliotEnRetar|iwas cool :)
|
|t:|1623352168
|move|p2a: Boom|Shadow Ball|p1a: Nihilego
|-damage|p1a: Nihilego|21/100
|move|p1a: Nihilego|Mirror Coat|p2a: Boom
|-damage|p2a: Boom|22/100
|
|upkeep
|turn|21
|c|☆uult84z km|hard mu too yeah
|
|t:|1623352175
|move|p1a: Nihilego|Power Gem|p2a: Boom
|-damage|p2a: Boom|0 fnt
|faint|p2a: Boom
|
|win|uult84z km
|raw|uult84z km's rating: 1359 &rarr; <strong>1375</strong><br />(+16 for winning)
|raw|EliotEnRetar's rating: 1295 &rarr; <strong>1275</strong><br />(-20 for losing)
|l|☆uult84z km
|c|☆EliotEnRetar|np
|c|☆EliotEnRetar|gg
|l|☆EliotEnRetar
||Ladder isn't responding, score probably updated but might not have (Request timeout).
|j| fushunha
