|html|<div class="broadcast-blue"><strong>[Gen 8] UU is currently suspecting Thundurus-T! For information on how to participate check out the <a href="https://www.smogon.com/forums/threads/np-ss-uu-stage-11-boom-clap.3696000/">suspect thread</a>.</strong></div>
|j|☆EliotEnRetar
|j|☆UU11t pokemonisfun
|t:|1642350992
|gametype|singles
|player|p1|EliotEnRetar|falkner|1381
|player|p2|UU11t pokemonisfun|265|1555
|teamsize|p1|6
|teamsize|p2|6
|gen|8
|tier|[Gen 8] UU
|rated|
|rule|Sleep Clause Mod: Limit one foe put to sleep
|rule|Species Clause: Limit one of each Pokémon
|rule|OHKO Clause: OHKO moves are banned
|rule|Evasion Moves Clause: Evasion moves are banned
|rule|Endless Battle Clause: Forcing endless battles is banned
|rule|HP Percentage Mod: HP is shown in percentages
|rule|Dynamax Clause: You cannot dynamax
|clearpoke
|poke|p1|Drapion, M|
|poke|p1|Talonflame, F|
|poke|p1|Rotom-Wash|
|poke|p1|Ribombee, M|
|poke|p1|Zygarde-10%|
|poke|p1|Conkeldurr, M|
|poke|p2|Sirfetch’d, F|
|poke|p2|Tangrowth, M|
|poke|p2|Nihilego|
|poke|p2|Krookodile, M|
|poke|p2|Rotom-Wash|
|poke|p2|Aegislash, M|
|teampreview
|inactive|Battle timer is ON: inactive players will automatically lose when time's up. (requested by EliotEnRetar)
|
|t:|1642351028
|start
|switch|p1a: En Brrrrrr|Zygarde-10%|100/100
|switch|p2a: stabby jabby|Aegislash, M|100/100
|-ability|p1a: En Brrrrrr|Aura Break
|turn|1
|
|t:|1642351041
|switch|p2a: oodles of noodles|Tangrowth, M|100/100
|move|p1a: En Brrrrrr|Thousand Arrows|p2a: oodles of noodles
|-resisted|p2a: oodles of noodles
|-damage|p2a: oodles of noodles|79/100
|
|upkeep
|turn|2
|
|t:|1642351048
|switch|p1a: Drapion|Drapion, M|100/100
|move|p2a: oodles of noodles|Knock Off|p1a: Drapion
|-resisted|p1a: Drapion
|-damage|p1a: Drapion|88/100
|-enditem|p1a: Drapion|Life Orb|[from] move: Knock Off|[of] p2a: oodles of noodles
|
|upkeep
|turn|3
|
|t:|1642351057
|switch|p2a: mighty bitey|Krookodile, M|100/100
|-ability|p2a: mighty bitey|Intimidate|boost
|-unboost|p1a: Drapion|atk|1
|move|p1a: Drapion|Swords Dance|p1a: Drapion
|-boost|p1a: Drapion|atk|2
|
|upkeep
|turn|4
|
|t:|1642351081
|move|p2a: mighty bitey|Earthquake|p1a: Drapion
|-supereffective|p1a: Drapion
|-damage|p1a: Drapion|0 fnt
|faint|p1a: Drapion
|
|upkeep
|
|t:|1642351086
|switch|p1a: CauetBurger|Rotom-Wash|100/100
|turn|5
|
|t:|1642351090
|switch|p2a: oodles of noodles|Tangrowth, M|100/100
|move|p1a: CauetBurger|Volt Switch|p2a: oodles of noodles
|-resisted|p2a: oodles of noodles
|-damage|p2a: oodles of noodles|85/100
|
|t:|1642351097
|switch|p1a: Etchebest|Conkeldurr, M|100/100|[from]move: Volt Switch
|
|-status|p1a: Etchebest|brn|[from] item: Flame Orb
|upkeep
|turn|6
|
|t:|1642351106
|move|p1a: Etchebest|Knock Off|p2a: oodles of noodles
|-damage|p2a: oodles of noodles|40/100
|-damage|p1a: Etchebest|84/100 brn|[from] item: Rocky Helmet|[of] p2a: oodles of noodles
|-enditem|p2a: oodles of noodles|Rocky Helmet|[from] move: Knock Off|[of] p1a: Etchebest
|move|p2a: oodles of noodles|Synthesis|p2a: oodles of noodles
|-heal|p2a: oodles of noodles|90/100
|
|-damage|p1a: Etchebest|78/100 brn|[from] brn
|upkeep
|turn|7
|
|t:|1642351110
|switch|p2a: stabby jabby|Aegislash, M|100/100
|move|p1a: Etchebest|Facade|p2a: stabby jabby
|-immune|p2a: stabby jabby
|
|-damage|p1a: Etchebest|72/100 brn|[from] brn
|upkeep
|turn|8
|
|t:|1642351114
|move|p2a: stabby jabby|King's Shield|p2a: stabby jabby
|-singleturn|p2a: stabby jabby|Protect
|move|p1a: Etchebest|Knock Off|p2a: stabby jabby
|-activate|p2a: stabby jabby|move: Protect
|-unboost|p1a: Etchebest|atk|1
|
|-damage|p1a: Etchebest|66/100 brn|[from] brn
|upkeep
|turn|9
|
|t:|1642351128
|switch|p1a: CauetBurger|Rotom-Wash|100/100
|-formechange|p2a: stabby jabby|Aegislash-Blade||[from] ability: Stance Change
|move|p2a: stabby jabby|Shadow Ball|p1a: CauetBurger
|-damage|p1a: CauetBurger|46/100
|-unboost|p1a: CauetBurger|spd|1
|
|-heal|p1a: CauetBurger|52/100|[from] item: Leftovers
|upkeep
|turn|10
|
|t:|1642351137
|move|p1a: CauetBurger|Volt Switch|p2a: stabby jabby
|-damage|p2a: stabby jabby|51/100
|
|t:|1642351140
|switch|p1a: BeeMovie|Ribombee, M|100/100|[from]move: Volt Switch
|move|p2a: stabby jabby|Shadow Ball|p1a: BeeMovie
|-damage|p1a: BeeMovie|19/100
|
|-heal|p2a: stabby jabby|57/100|[from] item: Leftovers
|upkeep
|turn|11
|
|t:|1642351143
|move|p1a: BeeMovie|Sticky Web|p2a: stabby jabby
|-sidestart|p2: UU11t pokemonisfun|move: Sticky Web
|move|p2a: stabby jabby|Shadow Ball|p1a: BeeMovie
|-damage|p1a: BeeMovie|0 fnt
|faint|p1a: BeeMovie
|
|-heal|p2a: stabby jabby|63/100|[from] item: Leftovers
|upkeep
|
|t:|1642351150
|switch|p1a: En Brrrrrr|Zygarde-10%|100/100
|-ability|p1a: En Brrrrrr|Aura Break
|turn|12
|
|t:|1642351154
|-formechange|p2a: stabby jabby|Aegislash||[from] ability: Stance Change
|move|p2a: stabby jabby|King's Shield|p2a: stabby jabby
|-singleturn|p2a: stabby jabby|Protect
|move|p1a: En Brrrrrr|Thousand Arrows|p2a: stabby jabby
|-activate|p2a: stabby jabby|move: Protect
|
|-heal|p2a: stabby jabby|70/100|[from] item: Leftovers
|upkeep
|turn|13
|
|t:|1642351158
|switch|p1a: Etchebest|Conkeldurr, M|66/100 brn
|switch|p2a: oodles of noodles|Tangrowth, M|100/100
|-activate|p2a: oodles of noodles|move: Sticky Web
|-unboost|p2a: oodles of noodles|spe|1
|
|-damage|p1a: Etchebest|60/100 brn|[from] brn
|upkeep
|turn|14
|
|t:|1642351162
|switch|p2a: stabby jabby|Aegislash, M|70/100
|-activate|p2a: stabby jabby|move: Sticky Web
|-unboost|p2a: stabby jabby|spe|1
|move|p1a: Etchebest|Close Combat|p2a: stabby jabby
|-immune|p2a: stabby jabby
|
|-heal|p2a: stabby jabby|76/100|[from] item: Leftovers
|-damage|p1a: Etchebest|54/100 brn|[from] brn
|upkeep
|turn|15
|
|t:|1642351167
|switch|p1a: En Brrrrrr|Zygarde-10%|100/100
|-ability|p1a: En Brrrrrr|Aura Break
|move|p2a: stabby jabby|King's Shield||[still]
|-fail|p2a: stabby jabby
|
|-heal|p2a: stabby jabby|82/100|[from] item: Leftovers
|upkeep
|turn|16
|
|t:|1642351171
|switch|p2a: oodles of noodles|Tangrowth, M|100/100
|-activate|p2a: oodles of noodles|move: Sticky Web
|-unboost|p2a: oodles of noodles|spe|1
|move|p1a: En Brrrrrr|Thousand Arrows|p2a: oodles of noodles
|-resisted|p2a: oodles of noodles
|-damage|p2a: oodles of noodles|80/100
|
|upkeep
|turn|17
|
|t:|1642351176
|switch|p1a: BizouJeManvol|Talonflame, F|100/100
|move|p2a: oodles of noodles|Sludge Bomb|p1a: BizouJeManvol
|-damage|p1a: BizouJeManvol|66/100
|-status|p1a: BizouJeManvol|psn
|
|-damage|p1a: BizouJeManvol|54/100 psn|[from] psn
|upkeep
|turn|18
|
|t:|1642351183
|switch|p2a: ur rotom washed|Rotom-Wash|100/100
|move|p1a: BizouJeManvol|Flare Blitz|p2a: ur rotom washed
|-resisted|p2a: ur rotom washed
|-damage|p2a: ur rotom washed|74/100
|-damage|p1a: BizouJeManvol|45/100 psn|[from] Recoil
|
|-heal|p2a: ur rotom washed|80/100|[from] item: Leftovers
|-damage|p1a: BizouJeManvol|32/100 psn|[from] psn
|upkeep
|turn|19
|
|t:|1642351188
|move|p1a: BizouJeManvol|U-turn|p2a: ur rotom washed
|-damage|p2a: ur rotom washed|58/100
|
|t:|1642351205
|switch|p1a: En Brrrrrr|Zygarde-10%|100/100|[from]move: U-turn
|-ability|p1a: En Brrrrrr|Aura Break
|move|p2a: ur rotom washed|Defog|p1a: En Brrrrrr
|-unboost|p1a: En Brrrrrr|evasion|1
|-sideend|p2: UU11t pokemonisfun|Sticky Web|[from] move: Defog|[of] p2a: ur rotom washed
|
|-heal|p2a: ur rotom washed|64/100|[from] item: Leftovers
|upkeep
|turn|20
|
|t:|1642351225
|switch|p1a: Etchebest|Conkeldurr, M|54/100 brn
|switch|p2a: oodles of noodles|Tangrowth, M|100/100
|
|-damage|p1a: Etchebest|48/100 brn|[from] brn
|upkeep
|turn|21
|
|t:|1642351252
|move|p1a: Etchebest|Knock Off|p2a: oodles of noodles
|-damage|p2a: oodles of noodles|71/100
|move|p2a: oodles of noodles|Power Whip|p1a: Etchebest|[miss]
|-miss|p2a: oodles of noodles|p1a: Etchebest
|
|-damage|p1a: Etchebest|42/100 brn|[from] brn
|upkeep
|turn|22
|
|t:|1642351279
|switch|p2a: stabby jabby|Aegislash, M|82/100
|move|p1a: Etchebest|Knock Off|p2a: stabby jabby
|-supereffective|p2a: stabby jabby
|-damage|p2a: stabby jabby|0 fnt
|-enditem|p2a: stabby jabby|Leftovers|[from] move: Knock Off|[of] p1a: Etchebest
|faint|p2a: stabby jabby
|
|-damage|p1a: Etchebest|36/100 brn|[from] brn
|upkeep
|inactive|UU11t pokemonisfun has 120 seconds left.
|
|t:|1642351291
|switch|p2a: QUACK ATTACK|Sirfetch’d, F|100/100
|turn|23
|
|t:|1642351300
|move|p1a: Etchebest|Mach Punch|p2a: QUACK ATTACK
|-damage|p2a: QUACK ATTACK|53/100
|move|p2a: QUACK ATTACK|Close Combat|p1a: Etchebest
|-damage|p1a: Etchebest|0 fnt
|-unboost|p2a: QUACK ATTACK|def|1
|-unboost|p2a: QUACK ATTACK|spd|1
|faint|p1a: Etchebest
|
|upkeep
|
|t:|1642351303
|switch|p1a: BizouJeManvol|Talonflame, F|32/100 psn
|turn|24
|
|t:|1642351318
|switch|p2a: ur rotom washed|Rotom-Wash|64/100
|move|p1a: BizouJeManvol|Roost|p1a: BizouJeManvol
|-heal|p1a: BizouJeManvol|83/100 psn
|-singleturn|p1a: BizouJeManvol|move: Roost
|
|-heal|p2a: ur rotom washed|70/100|[from] item: Leftovers
|-damage|p1a: BizouJeManvol|70/100 psn|[from] psn
|upkeep
|turn|25
|
|t:|1642351324
|move|p1a: BizouJeManvol|U-turn|p2a: ur rotom washed
|-damage|p2a: ur rotom washed|49/100
|
|t:|1642351327
|switch|p1a: En Brrrrrr|Zygarde-10%|100/100|[from]move: U-turn
|-ability|p1a: En Brrrrrr|Aura Break
|move|p2a: ur rotom washed|Hydro Pump|p1a: En Brrrrrr
|-damage|p1a: En Brrrrrr|37/100
|
|-heal|p2a: ur rotom washed|55/100|[from] item: Leftovers
|upkeep
|turn|26
|
|t:|1642351331
|switch|p2a: oodles of noodles|Tangrowth, M|100/100
|move|p1a: En Brrrrrr|Outrage|p2a: oodles of noodles
|-damage|p2a: oodles of noodles|46/100
|
|upkeep
|turn|27
|
|t:|1642351347
|switch|p2a: QUACK ATTACK|Sirfetch’d, F|53/100
|move|p1a: En Brrrrrr|Outrage|p2a: QUACK ATTACK|[from]lockedmove
|-damage|p2a: QUACK ATTACK|0 fnt
|faint|p2a: QUACK ATTACK
|-start|p1a: En Brrrrrr|confusion|[fatigue]
|
|upkeep
|
|t:|1642351349
|switch|p2a: mighty bitey|Krookodile, M|100/100
|-ability|p2a: mighty bitey|Intimidate|boost
|-unboost|p1a: En Brrrrrr|atk|1
|turn|28
|
|t:|1642351355
|switch|p1a: CauetBurger|Rotom-Wash|52/100
|move|p2a: mighty bitey|Knock Off|p1a: CauetBurger
|-damage|p1a: CauetBurger|14/100
|-enditem|p1a: CauetBurger|Leftovers|[from] move: Knock Off|[of] p2a: mighty bitey
|
|upkeep
|turn|29
|c|☆EliotEnRetar|gg
|
|t:|1642351361
|move|p2a: mighty bitey|Knock Off|p1a: CauetBurger
|-damage|p1a: CauetBurger|0 fnt
|faint|p1a: CauetBurger
|
|upkeep
|-message|EliotEnRetar forfeited.
|
|win|UU11t pokemonisfun
|raw|EliotEnRetar's rating: 1381 &rarr; <strong>1370</strong><br />(-11 for losing)
|raw|UU11t pokemonisfun's rating: 1555 &rarr; <strong>1566</strong><br />(+11 for winning)
|c|☆UU11t pokemonisfun|gg
|l|☆EliotEnRetar
||Ladder isn't responding, score probably updated but might not have (Request timeout).
