|j|☆UULT1 Warrior
|j|☆UULT1 Adrift
|player|p1|UULT1 Warrior|dawn|1236
|player|p2|UULT1 Adrift|acetrainerf|1125
|teamsize|p1|6
|teamsize|p2|6
|gametype|singles
|gen|8
|tier|[Gen 8] UU
|rated|
|clearpoke
|poke|p1|Rotom-Wash|
|poke|p1|Sylveon, M|
|poke|p1|Haxorus, F|
|poke|p1|Celebi|
|poke|p1|Chandelure, M|
|poke|p1|Incineroar, F|
|poke|p2|Roserade, F|
|poke|p2|Chandelure, M|
|poke|p2|Pangoro, M|
|poke|p2|Gigalith, M|
|poke|p2|Noivern, F|
|poke|p2|Sylveon, F|
|rule|Sleep Clause Mod: Limit one foe put to sleep
|rule|Species Clause: Limit one of each Pokémon
|rule|OHKO Clause: OHKO moves are banned
|rule|Evasion Moves Clause: Evasion moves are banned
|rule|Endless Battle Clause: Forcing endless battles is banned
|rule|HP Percentage Mod: HP is shown in percentages
|rule|Dynamax Clause: You cannot dynamax
|teampreview
|c|☆UULT1 Warrior|hf
|j| UULT1 ICY
|c|☆UULT1 Adrift|you too
|inactive|Battle timer is ON: inactive players will automatically lose when time's up. (requested by UULT1 Adrift)
|
|start
|switch|p1a: Haxorus|Haxorus, F|100/100
|switch|p2a: Noivern|Noivern, F|100/100
|-ability|p1a: Haxorus|Mold Breaker
|turn|1
|
|switch|p2a: Sylveon|Sylveon, F|100/100
|switch|p1a: Sylveon|Sylveon, M|100/100
|
|upkeep
|turn|2
|
|move|p2a: Sylveon|Protect|p2a: Sylveon
|-singleturn|p2a: Sylveon|Protect
|move|p1a: Sylveon|Hyper Voice|p2a: Sylveon
|-activate|p2a: Sylveon|move: Protect
|
|upkeep
|turn|3
|
|switch|p2a: Roserade|Roserade, F|100/100
|switch|p1a: Celebi|Celebi|100/100
|
|upkeep
|turn|4
|
|move|p2a: Roserade|Sludge Bomb|p1a: Celebi
|-supereffective|p1a: Celebi
|-damage|p1a: Celebi|42/100
|move|p1a: Celebi|Psychic|p2a: Roserade
|-supereffective|p2a: Roserade
|-damage|p2a: Roserade|24/100
|
|-heal|p2a: Roserade|30/100|[from] item: Black Sludge
|-heal|p1a: Celebi|48/100|[from] item: Leftovers
|upkeep
|turn|5
|
|switch|p1a: Chandelure|Chandelure, M|100/100
|move|p2a: Roserade|Sleep Powder|p1a: Chandelure
|-status|p1a: Chandelure|slp|[from] move: Sleep Powder
|
|-heal|p2a: Roserade|36/100|[from] item: Black Sludge
|upkeep
|turn|6
|
|switch|p1a: Incineroar|Incineroar, F|100/100
|-ability|p1a: Incineroar|Intimidate|boost
|-unboost|p2a: Roserade|atk|1
|switch|p2a: Gigalith|Gigalith, M|100/100
|-weather|Sandstorm|[from] ability: Sand Stream|[of] p2a: Gigalith
|
|-weather|Sandstorm|[upkeep]
|-damage|p1a: Incineroar|94/100|[from] Sandstorm
|upkeep
|turn|7
|
|move|p1a: Incineroar|U-turn|p2a: Gigalith
|-damage|p2a: Gigalith|88/100
|
|switch|p1a: Rotom|Rotom-Wash|100/100|[from]move: U-turn
|move|p2a: Gigalith|Stealth Rock|p1a: Rotom
|-sidestart|p1: UULT1 Warrior|move: Stealth Rock
|
|-weather|Sandstorm|[upkeep]
|-damage|p1a: Rotom|94/100|[from] Sandstorm
|-heal|p2a: Gigalith|94/100|[from] item: Leftovers
|upkeep
|turn|8
|
|move|p1a: Rotom|Defog|p2a: Gigalith
|-unboost|p2a: Gigalith|evasion|1
|-sideend|p1: UULT1 Warrior|Stealth Rock|[from] move: Defog|[of] p1a: Rotom
|move|p2a: Gigalith|Toxic|p1a: Rotom
|-status|p1a: Rotom|tox
|
|-weather|Sandstorm|[upkeep]
|-damage|p1a: Rotom|88/100 tox|[from] Sandstorm
|-heal|p2a: Gigalith|99/100|[from] item: Leftovers
|-damage|p1a: Rotom|82/100 tox|[from] psn
|upkeep
|turn|9
|
|switch|p2a: Roserade|Roserade, F|36/100
|move|p1a: Rotom|Hydro Pump|p2a: Roserade
|-resisted|p2a: Roserade
|-damage|p2a: Roserade|10/100
|
|-weather|Sandstorm|[upkeep]
|-damage|p2a: Roserade|4/100|[from] Sandstorm
|-damage|p1a: Rotom|75/100 tox|[from] Sandstorm
|-heal|p2a: Roserade|10/100|[from] item: Black Sludge
|-damage|p1a: Rotom|63/100 tox|[from] psn
|upkeep
|turn|10
|
|switch|p1a: Haxorus|Haxorus, F|100/100
|-ability|p1a: Haxorus|Mold Breaker
|move|p2a: Roserade|Spikes|p1a: Haxorus
|-sidestart|p1: UULT1 Warrior|Spikes
|
|-weather|none
|-heal|p2a: Roserade|16/100|[from] item: Black Sludge
|upkeep
|turn|11
|
|switch|p2a: Noivern|Noivern, F|100/100
|move|p1a: Haxorus|Earthquake|p2a: Noivern
|-immune|p2a: Noivern
|
|upkeep
|turn|12
|
|move|p2a: Noivern|U-turn|p1a: Haxorus
|-damage|p1a: Haxorus|87/100
|
|switch|p2a: Sylveon|Sylveon, F|100/100|[from]move: U-turn
|move|p1a: Haxorus|Earthquake|p2a: Sylveon
|-damage|p2a: Sylveon|55/100
|
|-heal|p2a: Sylveon|61/100|[from] item: Leftovers
|upkeep
|turn|13
|
|switch|p1a: Sylveon|Sylveon, M|100/100
|-damage|p1a: Sylveon|88/100|[from] Spikes
|move|p2a: Sylveon|Wish|p2a: Sylveon
|
|-heal|p2a: Sylveon|67/100|[from] item: Leftovers
|-heal|p1a: Sylveon|94/100|[from] item: Leftovers
|upkeep
|turn|14
|
|move|p2a: Sylveon|Protect|p2a: Sylveon
|-singleturn|p2a: Sylveon|Protect
|move|p1a: Sylveon|Hyper Voice|p2a: Sylveon
|-activate|p2a: Sylveon|move: Protect
|
|-heal|p2a: Sylveon|100/100|[from] move: Wish|[wisher] Sylveon
|-heal|p1a: Sylveon|99/100|[from] item: Leftovers
|upkeep
|turn|15
|
|move|p1a: Sylveon|Wish|p1a: Sylveon
|move|p2a: Sylveon|Hyper Voice|p1a: Sylveon
|-damage|p1a: Sylveon|74/100
|
|-heal|p1a: Sylveon|80/100|[from] item: Leftovers
|upkeep
|turn|16
|
|switch|p1a: Celebi|Celebi|48/100
|-damage|p1a: Celebi|36/100|[from] Spikes
|move|p2a: Sylveon|Hyper Voice|p1a: Celebi
|-damage|p1a: Celebi|10/100
|
|-heal|p1a: Celebi|58/100|[from] move: Wish|[wisher] Sylveon
|-heal|p1a: Celebi|65/100|[from] item: Leftovers
|upkeep
|turn|17
|
|switch|p2a: Chandelure|Chandelure, M|100/100
|move|p1a: Celebi|Stealth Rock|p2a: Chandelure
|-sidestart|p2: UULT1 Adrift|move: Stealth Rock
|
|-heal|p1a: Celebi|71/100|[from] item: Leftovers
|upkeep
|turn|18
|
|switch|p2a: Pangoro|Pangoro, M|100/100
|-damage|p2a: Pangoro|94/100|[from] Stealth Rock
|-ability|p2a: Pangoro|Mold Breaker
|switch|p1a: Incineroar|Incineroar, F|94/100
|-ability|p1a: Incineroar|Intimidate|boost
|-unboost|p2a: Pangoro|atk|1
|
|upkeep
|turn|19
|
|switch|p1a: Sylveon|Sylveon, M|80/100
|-damage|p1a: Sylveon|67/100|[from] Spikes
|move|p2a: Pangoro|Knock Off|p1a: Sylveon
|-resisted|p1a: Sylveon
|-damage|p1a: Sylveon|45/100
|-enditem|p1a: Sylveon|Leftovers|[from] move: Knock Off|[of] p2a: Pangoro
|
|upkeep
|turn|20
|
|switch|p2a: Gigalith|Gigalith, M|99/100
|-damage|p2a: Gigalith|88/100|[from] Stealth Rock
|-weather|Sandstorm|[from] ability: Sand Stream|[of] p2a: Gigalith
|move|p1a: Sylveon|Wish|p1a: Sylveon
|
|-weather|Sandstorm|[upkeep]
|-damage|p1a: Sylveon|39/100|[from] Sandstorm
|-heal|p2a: Gigalith|94/100|[from] item: Leftovers
|upkeep
|turn|21
|
|move|p1a: Sylveon|Protect|p1a: Sylveon
|-singleturn|p1a: Sylveon|Protect
|move|p2a: Gigalith|Stone Edge|p1a: Sylveon
|-activate|p1a: Sylveon|move: Protect
|
|-weather|Sandstorm|[upkeep]
|-damage|p1a: Sylveon|33/100|[from] Sandstorm
|-heal|p1a: Sylveon|83/100|[from] move: Wish|[wisher] Sylveon
|-heal|p2a: Gigalith|99/100|[from] item: Leftovers
|upkeep
|turn|22
|
|switch|p1a: Rotom|Rotom-Wash|63/100 tox
|move|p2a: Gigalith|Stealth Rock|p1a: Rotom
|-sidestart|p1: UULT1 Warrior|move: Stealth Rock
|
|-weather|Sandstorm|[upkeep]
|-damage|p1a: Rotom|57/100 tox|[from] Sandstorm
|-heal|p2a: Gigalith|100/100|[from] item: Leftovers
|-damage|p1a: Rotom|50/100 tox|[from] psn
|upkeep
|turn|23
|
|move|p1a: Rotom|Hydro Pump|p2a: Gigalith
|-supereffective|p2a: Gigalith
|-damage|p2a: Gigalith|59/100
|move|p2a: Gigalith|Stone Edge|p1a: Rotom
|-damage|p1a: Rotom|11/100 tox
|
|-weather|Sandstorm|[upkeep]
|-damage|p1a: Rotom|5/100 tox|[from] Sandstorm
|-heal|p2a: Gigalith|65/100|[from] item: Leftovers
|-damage|p1a: Rotom|0 fnt|[from] psn
|faint|p1a: Rotom
|upkeep
|
|switch|p1a: Haxorus|Haxorus, F|87/100
|-damage|p1a: Haxorus|75/100|[from] Spikes
|-damage|p1a: Haxorus|62/100|[from] Stealth Rock
|-ability|p1a: Haxorus|Mold Breaker
|turn|24
|
|switch|p2a: Roserade|Roserade, F|16/100
|-damage|p2a: Roserade|4/100|[from] Stealth Rock
|move|p1a: Haxorus|Dragon Claw|p2a: Roserade
|-damage|p2a: Roserade|0 fnt
|faint|p2a: Roserade
|
|-weather|none
|upkeep
|
|switch|p2a: Sylveon|Sylveon, F|100/100
|-damage|p2a: Sylveon|88/100|[from] Stealth Rock
|turn|25
|
|switch|p1a: Incineroar|Incineroar, F|94/100
|-ability|p1a: Incineroar|Intimidate|boost
|-unboost|p2a: Sylveon|atk|1
|move|p2a: Sylveon|Hyper Voice|p1a: Incineroar
|-damage|p1a: Incineroar|65/100
|
|-heal|p2a: Sylveon|94/100|[from] item: Leftovers
|upkeep
|turn|26
|
|move|p1a: Incineroar|Knock Off|p2a: Sylveon
|-resisted|p2a: Sylveon
|-damage|p2a: Sylveon|79/100
|-enditem|p2a: Sylveon|Leftovers|[from] move: Knock Off|[of] p1a: Incineroar
|move|p2a: Sylveon|Hyper Voice|p1a: Incineroar
|-damage|p1a: Incineroar|38/100
|
|upkeep
|turn|27
|
|move|p1a: Incineroar|U-turn|p2a: Sylveon
|-resisted|p2a: Sylveon
|-damage|p2a: Sylveon|72/100
|
|switch|p1a: Sylveon|Sylveon, M|83/100|[from]move: U-turn
|-damage|p1a: Sylveon|71/100|[from] Stealth Rock
|-damage|p1a: Sylveon|58/100|[from] Spikes
|move|p2a: Sylveon|Wish|p2a: Sylveon
|
|upkeep
|turn|28
|
|switch|p2a: Gigalith|Gigalith, M|65/100
|-damage|p2a: Gigalith|53/100|[from] Stealth Rock
|-weather|Sandstorm|[from] ability: Sand Stream|[of] p2a: Gigalith
|move|p1a: Sylveon|Wish|p1a: Sylveon
|
|-weather|Sandstorm|[upkeep]
|-damage|p1a: Sylveon|52/100|[from] Sandstorm
|-heal|p2a: Gigalith|100/100|[from] move: Wish|[wisher] Sylveon
|upkeep
|turn|29
|
|move|p1a: Sylveon|Hyper Voice|p2a: Gigalith
|-damage|p2a: Gigalith|80/100
|move|p2a: Gigalith|Stone Edge|p1a: Sylveon
|-damage|p1a: Sylveon|14/100
|
|-weather|Sandstorm|[upkeep]
|-damage|p1a: Sylveon|8/100|[from] Sandstorm
|-heal|p1a: Sylveon|58/100|[from] move: Wish|[wisher] Sylveon
|-heal|p2a: Gigalith|86/100|[from] item: Leftovers
|upkeep
|turn|30
|
|switch|p1a: Haxorus|Haxorus, F|62/100
|-damage|p1a: Haxorus|50/100|[from] Stealth Rock
|-damage|p1a: Haxorus|38/100|[from] Spikes
|-ability|p1a: Haxorus|Mold Breaker
|move|p2a: Gigalith|Toxic|p1a: Haxorus|[miss]
|-miss|p2a: Gigalith|p1a: Haxorus
|
|-weather|Sandstorm|[upkeep]
|-damage|p1a: Haxorus|32/100|[from] Sandstorm
|-heal|p2a: Gigalith|92/100|[from] item: Leftovers
|upkeep
|turn|31
|
|switch|p2a: Noivern|Noivern, F|100/100
|move|p1a: Haxorus|Earthquake|p2a: Noivern
|-immune|p2a: Noivern
|
|-weather|Sandstorm|[upkeep]
|-damage|p2a: Noivern|94/100|[from] Sandstorm
|-damage|p1a: Haxorus|25/100|[from] Sandstorm
|upkeep
|turn|32
|
|switch|p1a: Celebi|Celebi|71/100
|-damage|p1a: Celebi|58/100|[from] Spikes
|-damage|p1a: Celebi|46/100|[from] Stealth Rock
|move|p2a: Noivern|Hurricane|p1a: Celebi
|-supereffective|p1a: Celebi
|-damage|p1a: Celebi|0 fnt
|faint|p1a: Celebi
|
|-weather|none
|upkeep
|-message|UULT1 Warrior forfeited.
|
|win|UULT1 Adrift
|l|☆UULT1 Warrior
|c|☆UULT1 Adrift|smashed
