|j|‽LT Janelover
|j|☆EliotEnRetar
|t:|1666774196
|gametype|singles
|player|p1|LT Janelover|hilbert|1225
|player|p2|EliotEnRetar|falkner|1517
|teamsize|p1|6
|teamsize|p2|6
|gen|8
|tier|[Gen 8] UU
|rated|
|rule|Sleep Clause Mod: Limit one foe put to sleep
|rule|Species Clause: Limit one of each Pokémon
|rule|OHKO Clause: OHKO moves are banned
|rule|Evasion Items Clause: Evasion items are banned
|rule|Evasion Moves Clause: Evasion moves are banned
|rule|Endless Battle Clause: Forcing endless battles is banned
|rule|HP Percentage Mod: HP is shown in percentages
|rule|Dynamax Clause: You cannot dynamax
|clearpoke
|poke|p1|Xatu, M|
|poke|p1|Torkoal, F|
|poke|p1|Darmanitan, M|
|poke|p1|Venusaur, M|
|poke|p1|Mandibuzz, F|
|poke|p1|Swampert, F|
|poke|p2|Darmanitan, F|
|poke|p2|Zygarde-10%|
|poke|p2|Rotom-Wash|
|poke|p2|Jirachi|
|poke|p2|Drapion, M|
|poke|p2|Tapu Bulu|
|teampreview
|inactive|Battle timer is ON: inactive players will automatically lose when time's up. (requested by EliotEnRetar)
|inactive|LT Janelover has 120 seconds left.
|
|t:|1666774282
|start
|switch|p1a: Torkoal|Torkoal, F|100/100
|switch|p2a: Fabriste Yoghurt|Zygarde-10%|100/100
|-ability|p2a: Fabriste Yoghurt|Aura Break
|-weather|SunnyDay|[from] ability: Drought|[of] p1a: Torkoal
|turn|1
|inactive|LT Janelover has 120 seconds left.
|inactive|LT Janelover has 90 seconds left.
|
|t:|1666774351
|switch|p1a: Swampert|Swampert, F|100/100
|move|p2a: Fabriste Yoghurt|Thousand Arrows|p1a: Swampert
|-damage|p1a: Swampert|57/100
|
|-weather|SunnyDay|[upkeep]
|-heal|p1a: Swampert|63/100|[from] item: Leftovers
|upkeep
|turn|2
|inactive|LT Janelover has 90 seconds left.
|
|t:|1666774363
|switch|p2a: Cauet Burger|Rotom-Wash|100/100
|move|p1a: Swampert|Avalanche|p2a: Cauet Burger
|-resisted|p2a: Cauet Burger
|-crit|p2a: Cauet Burger
|-damage|p2a: Cauet Burger|92/100
|
|-weather|SunnyDay|[upkeep]
|-heal|p2a: Cauet Burger|98/100|[from] item: Leftovers
|-heal|p1a: Swampert|69/100|[from] item: Leftovers
|upkeep
|turn|3
|inactive|LT Janelover has 90 seconds left.
|
|t:|1666774379
|move|p2a: Cauet Burger|Will-O-Wisp|p1a: Swampert
|-status|p1a: Swampert|brn
|move|p1a: Swampert|Toxic|p2a: Cauet Burger
|-status|p2a: Cauet Burger|tox
|
|-weather|SunnyDay|[upkeep]
|-heal|p2a: Cauet Burger|100/100 tox|[from] item: Leftovers
|-heal|p1a: Swampert|75/100 brn|[from] item: Leftovers
|-damage|p2a: Cauet Burger|94/100 tox|[from] psn
|-damage|p1a: Swampert|69/100 brn|[from] brn
|upkeep
|turn|4
|
|t:|1666774398
|switch|p2a: Kool Monke|Darmanitan, F|100/100
|move|p1a: Swampert|Avalanche|p2a: Kool Monke
|-resisted|p2a: Kool Monke
|-damage|p2a: Kool Monke|95/100
|
|-weather|SunnyDay|[upkeep]
|-heal|p1a: Swampert|75/100 brn|[from] item: Leftovers
|-damage|p1a: Swampert|69/100 brn|[from] brn
|upkeep
|turn|5
|
|t:|1666774411
|move|p2a: Kool Monke|Flare Blitz|p1a: Swampert
|-resisted|p1a: Swampert
|-damage|p1a: Swampert|6/100 brn
|-damage|p2a: Kool Monke|71/100|[from] Recoil
|move|p1a: Swampert|Flip Turn|p2a: Kool Monke
|-supereffective|p2a: Kool Monke
|-damage|p2a: Kool Monke|46/100
|
|t:|1666774421
|switch|p1a: Darmanitan|Darmanitan, M|100/100|[from]move: Flip Turn
|
|-weather|SunnyDay|[upkeep]
|upkeep
|turn|6
|
|t:|1666774426
|switch|p2a: Cauet Burger|Rotom-Wash|94/100 tox
|move|p1a: Darmanitan|Flare Blitz|p2a: Cauet Burger
|-resisted|p2a: Cauet Burger
|-damage|p2a: Cauet Burger|39/100 tox
|-damage|p1a: Darmanitan|85/100|[from] Recoil
|
|-weather|SunnyDay|[upkeep]
|-heal|p2a: Cauet Burger|46/100 tox|[from] item: Leftovers
|-damage|p2a: Cauet Burger|39/100 tox|[from] psn
|upkeep
|turn|7
|inactive|LT Janelover has 90 seconds left.
|
|t:|1666774440
|move|p1a: Darmanitan|Flare Blitz|p2a: Cauet Burger
|-resisted|p2a: Cauet Burger
|-damage|p2a: Cauet Burger|0 fnt
|faint|p2a: Cauet Burger
|-damage|p1a: Darmanitan|74/100|[from] Recoil
|
|-weather|SunnyDay|[upkeep]
|upkeep
|
|t:|1666774462
|switch|p2a: Jirachi|Jirachi|100/100
|turn|8
|
|t:|1666774468
|move|p2a: Jirachi|Zen Headbutt|p1a: Darmanitan
|-damage|p1a: Darmanitan|17/100
|cant|p1a: Darmanitan|flinch
|
|-weather|none
|upkeep
|turn|9
|
|t:|1666774479
|switch|p2a: Fabriste Yoghurt|Zygarde-10%|100/100
|-ability|p2a: Fabriste Yoghurt|Aura Break
|switch|p1a: Swampert|Swampert, F|6/100 brn
|
|-heal|p1a: Swampert|12/100 brn|[from] item: Leftovers
|-damage|p1a: Swampert|6/100 brn|[from] brn
|upkeep
|turn|10
|
|t:|1666774497
|move|p2a: Fabriste Yoghurt|Thousand Arrows|p1a: Swampert
|-damage|p1a: Swampert|0 fnt
|faint|p1a: Swampert
|
|upkeep
|inactive|LT Janelover has 90 seconds left.
|
|t:|1666774513
|switch|p1a: Torkoal|Torkoal, F|100/100
|-weather|SunnyDay|[from] ability: Drought|[of] p1a: Torkoal
|turn|11
|inactive|LT Janelover has 90 seconds left.
|
|t:|1666774527
|move|p2a: Fabriste Yoghurt|Thousand Arrows|p1a: Torkoal
|-supereffective|p1a: Torkoal
|-damage|p1a: Torkoal|28/100
|move|p1a: Torkoal|Stealth Rock|p2a: Fabriste Yoghurt
|-sidestart|p2: EliotEnRetar|move: Stealth Rock
|
|-weather|SunnyDay|[upkeep]
|upkeep
|turn|12
|inactive|LT Janelover has 90 seconds left.
|
|t:|1666774540
|switch|p1a: Mandibuzz|Mandibuzz, F|100/100
|move|p2a: Fabriste Yoghurt|Thousand Arrows|p1a: Mandibuzz
|-damage|p1a: Mandibuzz|55/100
|-start|p1a: Mandibuzz|Smack Down
|
|-weather|SunnyDay|[upkeep]
|-heal|p1a: Mandibuzz|61/100|[from] item: Leftovers
|upkeep
|turn|13
|inactive|LT Janelover has 90 seconds left.
|
|t:|1666774552
|switch|p2a: ZZCC|Drapion, M|100/100
|-damage|p2a: ZZCC|88/100|[from] Stealth Rock
|move|p1a: Mandibuzz|Roost|p1a: Mandibuzz
|-heal|p1a: Mandibuzz|100/100
|-singleturn|p1a: Mandibuzz|move: Roost
|
|-weather|SunnyDay|[upkeep]
|upkeep
|turn|14
|inactive|LT Janelover has 90 seconds left.
|
|t:|1666774579
|move|p2a: ZZCC|Knock Off|p1a: Mandibuzz
|-resisted|p1a: Mandibuzz
|-damage|p1a: Mandibuzz|82/100
|-enditem|p1a: Mandibuzz|Leftovers|[from] move: Knock Off|[of] p2a: ZZCC
|-damage|p2a: ZZCC|78/100|[from] item: Life Orb
|move|p1a: Mandibuzz|Knock Off|p2a: ZZCC
|-resisted|p2a: ZZCC
|-damage|p2a: ZZCC|66/100
|-enditem|p2a: ZZCC|Life Orb|[from] move: Knock Off|[of] p1a: Mandibuzz
|
|-weather|SunnyDay|[upkeep]
|upkeep
|turn|15
|
|t:|1666774593
|move|p2a: ZZCC|Swords Dance|p2a: ZZCC
|-boost|p2a: ZZCC|atk|2
|move|p1a: Mandibuzz|U-turn|p2a: ZZCC
|-damage|p2a: ZZCC|54/100
|
|t:|1666774603
|switch|p1a: Darmanitan|Darmanitan, M|17/100|[from]move: U-turn
|
|-weather|SunnyDay|[upkeep]
|upkeep
|turn|16
|
|t:|1666774608
|move|p1a: Darmanitan|Flare Blitz|p2a: ZZCC
|-damage|p2a: ZZCC|0 fnt
|faint|p2a: ZZCC
|-damage|p1a: Darmanitan|3/100|[from] Recoil
|
|-weather|SunnyDay|[upkeep]
|upkeep
|
|t:|1666774610
|switch|p2a: Jirachi|Jirachi|100/100
|-damage|p2a: Jirachi|94/100|[from] Stealth Rock
|turn|17
|inactive|LT Janelover has 90 seconds left.
|
|t:|1666774622
|switch|p1a: Mandibuzz|Mandibuzz, F|82/100
|move|p2a: Jirachi|U-turn|p1a: Mandibuzz
|-damage|p1a: Mandibuzz|68/100
|
|t:|1666774625
|switch|p2a: Kool Monke|Darmanitan, F|46/100|[from]move: U-turn
|-damage|p2a: Kool Monke|21/100|[from] Stealth Rock
|
|-weather|SunnyDay|[upkeep]
|upkeep
|turn|18
|inactive|LT Janelover has 90 seconds left.
|
|t:|1666774646
|move|p2a: Kool Monke|Flare Blitz|p1a: Mandibuzz
|-damage|p1a: Mandibuzz|0 fnt
|faint|p1a: Mandibuzz
|-damage|p2a: Kool Monke|0 fnt|[from] Recoil
|faint|p2a: Kool Monke
|
|-weather|none
|upkeep
|
|t:|1666774658
|switch|p2a: Fabriste Yoghurt|Zygarde-10%|100/100
|switch|p1a: Torkoal|Torkoal, F|28/100
|-damage|p2a: Fabriste Yoghurt|94/100|[from] Stealth Rock
|-ability|p2a: Fabriste Yoghurt|Aura Break
|-weather|SunnyDay|[from] ability: Drought|[of] p1a: Torkoal
|turn|19
|
|t:|1666774672
|move|p2a: Fabriste Yoghurt|Thousand Arrows|p1a: Torkoal
|-supereffective|p1a: Torkoal
|-damage|p1a: Torkoal|0 fnt
|faint|p1a: Torkoal
|
|-weather|SunnyDay|[upkeep]
|upkeep
|
|t:|1666774688
|switch|p1a: Venusaur|Venusaur, M, shiny|100/100
|turn|20
|
|t:|1666774696
|move|p1a: Venusaur|Growth|p1a: Venusaur
|-boost|p1a: Venusaur|atk|2
|-boost|p1a: Venusaur|spa|2
|move|p2a: Fabriste Yoghurt|Thousand Arrows|p1a: Venusaur
|-damage|p1a: Venusaur|28/100
|
|-weather|SunnyDay|[upkeep]
|upkeep
|turn|21
|
|t:|1666774706
|switch|p2a: Jirachi|Jirachi|94/100
|-damage|p2a: Jirachi|88/100|[from] Stealth Rock
|move|p1a: Venusaur|Giga Drain|p2a: Jirachi
|-resisted|p2a: Jirachi
|-damage|p2a: Jirachi|45/100
|-heal|p1a: Venusaur|53/100|[from] drain|[of] p2a: Jirachi
|-damage|p1a: Venusaur|43/100|[from] item: Life Orb
|
|-weather|SunnyDay|[upkeep]
|upkeep
|turn|22
|
|t:|1666774725
|switch|p2a: Tapu Bulu|Tapu Bulu|100/100
|-damage|p2a: Tapu Bulu|88/100|[from] Stealth Rock
|-fieldstart|move: Grassy Terrain|[from] ability: Grassy Surge|[of] p2a: Tapu Bulu
|move|p1a: Venusaur|Weather Ball|p2a: Tapu Bulu
|-supereffective|p2a: Tapu Bulu
|-damage|p2a: Tapu Bulu|0 fnt
|faint|p2a: Tapu Bulu
|-damage|p1a: Venusaur|33/100|[from] item: Life Orb
|
|-weather|SunnyDay|[upkeep]
|-heal|p1a: Venusaur|39/100|[from] Grassy Terrain
|upkeep
|
|t:|1666774729
|switch|p2a: Fabriste Yoghurt|Zygarde-10%|94/100
|-damage|p2a: Fabriste Yoghurt|88/100|[from] Stealth Rock
|-ability|p2a: Fabriste Yoghurt|Aura Break
|turn|23
|
|t:|1666774745
|move|p2a: Fabriste Yoghurt|Extreme Speed|p1a: Venusaur
|-damage|p1a: Venusaur|0 fnt
|faint|p1a: Venusaur
|
|-weather|SunnyDay|[upkeep]
|-heal|p2a: Fabriste Yoghurt|94/100|[from] Grassy Terrain
|upkeep
|
|t:|1666774753
|switch|p1a: Darmanitan|Darmanitan, M|3/100
|turn|24
|
|t:|1666774761
|switch|p1a: Xatu|Xatu, M|100/100
|move|p2a: Fabriste Yoghurt|Extreme Speed|p1a: Xatu
|-damage|p1a: Xatu|68/100
|-damage|p2a: Fabriste Yoghurt|78/100|[from] item: Rocky Helmet|[of] p1a: Xatu
|
|-weather|SunnyDay|[upkeep]
|-heal|p2a: Fabriste Yoghurt|84/100|[from] Grassy Terrain
|upkeep
|turn|25
|inactive|LT Janelover has 60 seconds left.
|
|t:|1666774788
|move|p2a: Fabriste Yoghurt|Extreme Speed|p1a: Xatu
|-damage|p1a: Xatu|35/100
|-damage|p2a: Fabriste Yoghurt|68/100|[from] item: Rocky Helmet|[of] p1a: Xatu
|move|p1a: Xatu|Roost|p1a: Xatu
|-heal|p1a: Xatu|85/100
|-singleturn|p1a: Xatu|move: Roost
|
|-weather|SunnyDay|[upkeep]
|-heal|p2a: Fabriste Yoghurt|74/100|[from] Grassy Terrain
|-heal|p1a: Xatu|91/100|[from] Grassy Terrain
|upkeep
|turn|26
|inactive|LT Janelover has 60 seconds left.
|
|t:|1666774806
|switch|p2a: Jirachi|Jirachi|45/100
|-damage|p2a: Jirachi|39/100|[from] Stealth Rock
|move|p1a: Xatu|Night Shade|p2a: Jirachi
|-damage|p2a: Jirachi|9/100
|
|-weather|none
|-heal|p2a: Jirachi|15/100|[from] Grassy Terrain
|-fieldend|move: Grassy Terrain
|upkeep
|turn|27
|inactive|LT Janelover has 60 seconds left.
|
|t:|1666774819
|switch|p2a: Fabriste Yoghurt|Zygarde-10%|74/100
|-damage|p2a: Fabriste Yoghurt|68/100|[from] Stealth Rock
|-ability|p2a: Fabriste Yoghurt|Aura Break
|move|p1a: Xatu|Night Shade|p2a: Fabriste Yoghurt
|-damage|p2a: Fabriste Yoghurt|27/100
|
|upkeep
|turn|28
|inactive|LT Janelover has 60 seconds left.
|
|t:|1666774839
|move|p2a: Fabriste Yoghurt|Outrage|p1a: Xatu
|-damage|p1a: Xatu|17/100
|-damage|p2a: Fabriste Yoghurt|11/100|[from] item: Rocky Helmet|[of] p1a: Xatu
|move|p1a: Xatu|Night Shade|p2a: Fabriste Yoghurt
|-damage|p2a: Fabriste Yoghurt|0 fnt
|faint|p2a: Fabriste Yoghurt
|
|upkeep
|
|t:|1666774842
|switch|p2a: Jirachi|Jirachi|15/100
|-damage|p2a: Jirachi|9/100|[from] Stealth Rock
|turn|29
|c|☆EliotEnRetar|fuck sun
|inactive|LT Janelover has 60 seconds left.
|c|☆EliotEnRetar|braindead strat
|
|t:|1666774858
|move|p2a: Jirachi|Iron Head|p1a: Xatu
|-damage|p1a: Xatu|0 fnt
|-damage|p2a: Jirachi|0 fnt|[from] item: Rocky Helmet|[of] p1a: Xatu
|faint|p1a: Xatu
|faint|p2a: Jirachi
|
|win|LT Janelover
|raw|LT Janelover's rating: 1225 &rarr; <strong>1267</strong><br />(+42 for winning)
|raw|EliotEnRetar's rating: 1517 &rarr; <strong>1483</strong><br />(-34 for losing)
|l|☆EliotEnRetar
||Ladder isn't responding, score probably updated but might not have (Request timeout).
