|j|☆HaxxLR
|j|☆eruza02
|t:|1648960040
|gametype|singles
|player|p1|HaxxLR|grimsley|1374
|player|p2|eruza02|1|1344
|teamsize|p1|6
|teamsize|p2|6
|gen|8
|tier|[Gen 8] UU
|rated|
|rule|Sleep Clause Mod: Limit one foe put to sleep
|rule|Species Clause: Limit one of each Pokémon
|rule|OHKO Clause: OHKO moves are banned
|rule|Evasion Moves Clause: Evasion moves are banned
|rule|Endless Battle Clause: Forcing endless battles is banned
|rule|HP Percentage Mod: HP is shown in percentages
|rule|Dynamax Clause: You cannot dynamax
|clearpoke
|poke|p1|Azelf|
|poke|p1|Hydreigon, F|
|poke|p1|Swampert, F|
|poke|p1|Scizor, M|
|poke|p1|Tapu Bulu|
|poke|p1|Rotom-Heat|
|poke|p2|Aegislash, F|
|poke|p2|Sirfetch’d, F|
|poke|p2|Arcanine, F|
|poke|p2|Braviary, M|
|poke|p2|Golduck, F|
|poke|p2|Whimsicott, F|
|teampreview
|inactive|Battle timer is ON: inactive players will automatically lose when time's up. (requested by eruza02)
|inactive|HaxxLR has 120 seconds left.
|inactive|HaxxLR has 90 seconds left.
|
|t:|1648960137
|start
|switch|p1a: Rotom|Rotom-Heat|100/100
|switch|p2a: Sirfetch’d|Sirfetch’d, F|100/100
|turn|1
|
|t:|1648960147
|move|p2a: Sirfetch’d|Close Combat|p1a: Rotom
|-damage|p1a: Rotom|29/100
|-unboost|p2a: Sirfetch’d|def|1
|-unboost|p2a: Sirfetch’d|spd|1
|move|p1a: Rotom|Overheat|p2a: Sirfetch’d
|-damage|p2a: Sirfetch’d|4/100
|-unboost|p1a: Rotom|spa|2
|
|upkeep
|turn|2
|
|t:|1648960159
|switch|p1a: Tapu Bulu|Tapu Bulu|100/100
|-fieldstart|move: Grassy Terrain|[from] ability: Grassy Surge|[of] p1a: Tapu Bulu
|move|p2a: Sirfetch’d|Close Combat|p1a: Tapu Bulu
|-resisted|p1a: Tapu Bulu
|-damage|p1a: Tapu Bulu|77/100
|-unboost|p2a: Sirfetch’d|def|1
|-unboost|p2a: Sirfetch’d|spd|1
|
|-heal|p2a: Sirfetch’d|10/100|[from] Grassy Terrain
|-heal|p1a: Tapu Bulu|83/100|[from] Grassy Terrain
|upkeep
|turn|3
|
|t:|1648960176
|switch|p2a: Aegislash|Aegislash, F|100/100
|switch|p1a: Swampert|Swampert, F|100/100
|
|upkeep
|turn|4
|
|t:|1648960185
|-formechange|p2a: Aegislash|Aegislash-Blade||[from] ability: Stance Change
|move|p2a: Aegislash|Shadow Ball|p1a: Swampert
|-damage|p1a: Swampert|50/100
|move|p1a: Swampert|Stealth Rock|p2a: Aegislash
|-sidestart|p2: eruza02|move: Stealth Rock
|
|-heal|p1a: Swampert|56/100|[from] Grassy Terrain
|-heal|p1a: Swampert|62/100|[from] item: Leftovers
|upkeep
|turn|5
|
|t:|1648960201
|move|p2a: Aegislash|Shadow Ball|p1a: Swampert
|-damage|p1a: Swampert|18/100
|-unboost|p1a: Swampert|spd|1
|move|p1a: Swampert|High Horsepower|p2a: Aegislash
|-supereffective|p2a: Aegislash
|-damage|p2a: Aegislash|0 fnt
|faint|p2a: Aegislash
|
|-heal|p1a: Swampert|24/100|[from] Grassy Terrain
|-heal|p1a: Swampert|30/100|[from] item: Leftovers
|upkeep
|
|t:|1648960206
|switch|p2a: Whimsicott|Whimsicott, F|100/100
|turn|6
|
|t:|1648960223
|switch|p1a: Rotom|Rotom-Heat|29/100
|move|p2a: Whimsicott|Moonblast|p1a: Rotom
|-resisted|p1a: Rotom
|-damage|p1a: Rotom|10/100
|
|-fieldend|move: Grassy Terrain
|upkeep
|turn|7
|
|t:|1648960236
|move|p2a: Whimsicott|Moonblast|p1a: Rotom
|-resisted|p1a: Rotom
|-damage|p1a: Rotom|0 fnt
|faint|p1a: Rotom
|
|upkeep
|
|t:|1648960247
|switch|p1a: Scizor|Scizor, M|100/100
|turn|8
|inactive|HaxxLR has 120 seconds left.
|
|t:|1648960267
|move|p2a: Whimsicott|Defog|p1a: Scizor
|-unboost|p1a: Scizor|evasion|1
|-sideend|p2: eruza02|Stealth Rock|[from] move: Defog|[of] p2a: Whimsicott
|move|p1a: Scizor|U-turn|p2a: Whimsicott
|-damage|p2a: Whimsicott|42/100
|inactive|HaxxLR has 120 seconds left.
|
|t:|1648960275
|switch|p1a: Swampert|Swampert, F|30/100|[from]move: U-turn
|
|-heal|p1a: Swampert|36/100|[from] item: Leftovers
|upkeep
|turn|9
|
|t:|1648960281
|switch|p1a: Scizor|Scizor, M|100/100
|move|p2a: Whimsicott|Energy Ball|p1a: Scizor
|-resisted|p1a: Scizor
|-damage|p1a: Scizor|90/100
|
|upkeep
|turn|10
|
|t:|1648960285
|switch|p2a: Arcanine|Arcanine, F|100/100
|move|p1a: Scizor|U-turn|p2a: Arcanine
|-resisted|p2a: Arcanine
|-damage|p2a: Arcanine|79/100
|inactive|HaxxLR has 120 seconds left.
|
|t:|1648960317
|switch|p1a: Swampert|Swampert, F|36/100|[from]move: U-turn
|
|-heal|p1a: Swampert|42/100|[from] item: Leftovers
|upkeep
|turn|11
|
|t:|1648960329
|move|p2a: Arcanine|Close Combat|p1a: Swampert
|-damage|p1a: Swampert|0 fnt
|-unboost|p2a: Arcanine|def|1
|-unboost|p2a: Arcanine|spd|1
|faint|p1a: Swampert
|
|upkeep
|
|t:|1648960337
|switch|p1a: Azelf|Azelf|100/100
|turn|12
|
|t:|1648960342
|switch|p2a: Whimsicott|Whimsicott, F|42/100
|move|p1a: Azelf|Psyshock|p2a: Whimsicott
|-damage|p2a: Whimsicott|0 fnt
|faint|p2a: Whimsicott
|
|upkeep
|
|t:|1648960355
|switch|p2a: Braviary|Braviary, M|100/100
|turn|13
|j| Metlica
|inactive|HaxxLR has 120 seconds left.
|inactive|HaxxLR has 90 seconds left.
|
|t:|1648960424
|switch|p1a: Hydreigon|Hydreigon, F|100/100
|move|p2a: Braviary|Thrash|p1a: Hydreigon
|-damage|p1a: Hydreigon|0 fnt
|faint|p1a: Hydreigon
|
|upkeep
|
|t:|1648960435
|switch|p1a: Scizor|Scizor, M|90/100
|turn|14
|
|t:|1648960441
|move|p1a: Scizor|Bullet Punch|p2a: Braviary
|-damage|p2a: Braviary|66/100
|move|p2a: Braviary|Thrash|p1a: Scizor|[from]lockedmove
|-resisted|p1a: Scizor
|-damage|p1a: Scizor|39/100
|
|upkeep
|turn|15
|
|t:|1648960452
|move|p1a: Scizor|Bullet Punch|p2a: Braviary
|-damage|p2a: Braviary|28/100
|move|p2a: Braviary|Thrash|p1a: Scizor|[from]lockedmove
|-resisted|p1a: Scizor
|-damage|p1a: Scizor|0 fnt
|faint|p1a: Scizor
|-start|p2a: Braviary|confusion|[fatigue]
|
|upkeep
|
|t:|1648960459
|switch|p1a: Azelf|Azelf|100/100
|turn|16
|
|t:|1648960466
|move|p1a: Azelf|Psyshock|p2a: Braviary
|-damage|p2a: Braviary|0 fnt
|faint|p2a: Braviary
|
|upkeep
|
|t:|1648960470
|switch|p2a: Sirfetch’d|Sirfetch’d, F|10/100
|turn|17
|
|t:|1648960477
|switch|p1a: Tapu Bulu|Tapu Bulu|83/100
|-fieldstart|move: Grassy Terrain|[from] ability: Grassy Surge|[of] p1a: Tapu Bulu
|move|p2a: Sirfetch’d|Brave Bird|p1a: Tapu Bulu
|-supereffective|p1a: Tapu Bulu
|-damage|p1a: Tapu Bulu|12/100
|-damage|p2a: Sirfetch’d|0 fnt|[from] Recoil
|faint|p2a: Sirfetch’d
|
|-heal|p1a: Tapu Bulu|18/100|[from] Grassy Terrain
|upkeep
|
|t:|1648960480
|switch|p2a: Arcanine|Arcanine, F|79/100
|turn|18
|inactive|HaxxLR has 90 seconds left.
|
|t:|1648960496
|move|p2a: Arcanine|Extreme Speed|p1a: Tapu Bulu
|-damage|p1a: Tapu Bulu|0 fnt
|faint|p1a: Tapu Bulu
|
|-heal|p2a: Arcanine|85/100|[from] Grassy Terrain
|upkeep
|
|t:|1648960499
|switch|p1a: Azelf|Azelf|100/100
|turn|19
|
|t:|1648960502
|move|p2a: Arcanine|Extreme Speed|p1a: Azelf
|-crit|p1a: Azelf
|-damage|p1a: Azelf|1/100
|move|p1a: Azelf|Psyshock|p2a: Arcanine
|-damage|p2a: Arcanine|37/100
|
|-heal|p2a: Arcanine|43/100|[from] Grassy Terrain
|upkeep
|turn|20
|
|t:|1648960511
|move|p2a: Arcanine|Extreme Speed|p1a: Azelf
|-crit|p1a: Azelf
|-damage|p1a: Azelf|0 fnt
|faint|p1a: Azelf
|
|win|eruza02
|raw|HaxxLR's rating: 1374 &rarr; <strong>1352</strong><br />(-22 for losing)
|raw|eruza02's rating: 1344 &rarr; <strong>1366</strong><br />(+22 for winning)
|l|☆HaxxLR
