|j|☆Juytre
|j|☆Trogba Trogba
|inactive|Battle timer is ON: inactive players will automatically lose when time's up.
|t:|1667297459
|gametype|singles
|player|p1|Juytre|doctor|
|player|p2|Trogba Trogba|lance|
|teamsize|p1|6
|teamsize|p2|6
|gen|8
|tier|[Gen 8] UU
|rated|Tournament battle
|rule|Sleep Clause Mod: Limit one foe put to sleep
|rule|Species Clause: Limit one of each Pokémon
|rule|OHKO Clause: OHKO moves are banned
|rule|Evasion Items Clause: Evasion items are banned
|rule|Evasion Moves Clause: Evasion moves are banned
|rule|Endless Battle Clause: Forcing endless battles is banned
|rule|HP Percentage Mod: HP is shown in percentages
|rule|Dynamax Clause: You cannot dynamax
|clearpoke
|poke|p1|Jirachi|
|poke|p1|Crawdaunt, M|
|poke|p1|Excadrill, M|
|poke|p1|Salamence, M|
|poke|p1|Hydreigon, M|
|poke|p1|Zygarde-10%|
|poke|p2|Scizor, F|
|poke|p2|Keldeo-Resolute|
|poke|p2|Nihilego|
|poke|p2|Excadrill, F|
|poke|p2|Hydreigon, F|
|poke|p2|Conkeldurr, F|
|teampreview
|j|*Lady Monita ☽
|
|t:|1667297470
|start
|switch|p1a: Crawdaunt|Crawdaunt, M|100/100
|switch|p2a: Excadrill|Excadrill, F|100/100
|-ability|p2a: Excadrill|Mold Breaker
|turn|1
|
|t:|1667297479
|move|p2a: Excadrill|Stealth Rock|p1a: Crawdaunt
|-sidestart|p1: Juytre|move: Stealth Rock
|move|p1a: Crawdaunt|Liquidation|p2a: Excadrill
|-supereffective|p2a: Excadrill
|-enditem|p2a: Excadrill|Focus Sash
|-damage|p2a: Excadrill|1/100
|
|upkeep
|turn|2
|
|t:|1667297482
|move|p1a: Crawdaunt|Aqua Jet|p2a: Excadrill
|-supereffective|p2a: Excadrill
|-damage|p2a: Excadrill|0 fnt
|faint|p2a: Excadrill
|
|upkeep
|
|t:|1667297484
|switch|p2a: Keldeo|Keldeo-Resolute|100/100
|turn|3
|
|t:|1667297491
|move|p2a: Keldeo|Secret Sword|p1a: Crawdaunt
|-supereffective|p1a: Crawdaunt
|-enditem|p1a: Crawdaunt|Focus Sash
|-damage|p1a: Crawdaunt|1/100
|move|p1a: Crawdaunt|Liquidation|p2a: Keldeo
|-resisted|p2a: Keldeo
|-crit|p2a: Keldeo
|-damage|p2a: Keldeo|47/100
|
|upkeep
|turn|4
|
|t:|1667297493
|move|p1a: Crawdaunt|Aqua Jet|p2a: Keldeo
|-resisted|p2a: Keldeo
|-damage|p2a: Keldeo|30/100
|move|p2a: Keldeo|Secret Sword|p1a: Crawdaunt
|-supereffective|p1a: Crawdaunt
|-damage|p1a: Crawdaunt|0 fnt
|faint|p1a: Crawdaunt
|
|upkeep
|
|t:|1667297503
|switch|p1a: Salamence|Salamence, M|100/100
|-damage|p1a: Salamence|76/100|[from] Stealth Rock
|turn|5
|
|t:|1667297506
|switch|p2a: Nihilego|Nihilego|100/100
|move|p1a: Salamence|Dragon Dance|p1a: Salamence
|-boost|p1a: Salamence|atk|1
|-boost|p1a: Salamence|spe|1
|
|-heal|p1a: Salamence|82/100|[from] item: Leftovers
|upkeep
|turn|6
|
|t:|1667297520
|move|p1a: Salamence|Earthquake|p2a: Nihilego
|-supereffective|p2a: Nihilego
|-damage|p2a: Nihilego|0 fnt
|faint|p2a: Nihilego
|-ability|p1a: Salamence|Moxie|boost
|-boost|p1a: Salamence|atk|1
|
|-heal|p1a: Salamence|88/100|[from] item: Leftovers
|upkeep
|
|t:|1667297523
|switch|p2a: Scizor|Scizor, F|100/100
|turn|7
|
|t:|1667297535
|move|p1a: Salamence|Dual Wingbeat|p2a: Scizor
|-damage|p2a: Scizor|45/100
|-damage|p2a: Scizor|0 fnt
|faint|p2a: Scizor
|-ability|p1a: Salamence|Moxie|boost
|-boost|p1a: Salamence|atk|1
|-hitcount|p2: Scizor|2
|
|-heal|p1a: Salamence|94/100|[from] item: Leftovers
|upkeep
|
|t:|1667297539
|switch|p2a: Hydreigon|Hydreigon, F|100/100
|turn|8
|
|t:|1667297541
|move|p2a: Hydreigon|Draco Meteor|p1a: Salamence
|-supereffective|p1a: Salamence
|-damage|p1a: Salamence|0 fnt
|-unboost|p2a: Hydreigon|spa|2
|faint|p1a: Salamence
|
|upkeep
|
|t:|1667297552
|switch|p1a: Jirachi|Jirachi|100/100
|-damage|p1a: Jirachi|94/100|[from] Stealth Rock
|turn|9
|
|t:|1667297566
|switch|p2a: Keldeo|Keldeo-Resolute|30/100
|move|p1a: Jirachi|Zen Headbutt|p2a: Keldeo
|-supereffective|p2a: Keldeo
|-damage|p2a: Keldeo|0 fnt
|faint|p2a: Keldeo
|
|-heal|p1a: Jirachi|100/100|[from] item: Leftovers
|upkeep
|
|t:|1667297567
|switch|p2a: Hydreigon|Hydreigon, F|100/100
|turn|10
|
|t:|1667297577
|move|p2a: Hydreigon|U-turn|p1a: Jirachi
|-damage|p1a: Jirachi|87/100
|
|t:|1667297578
|switch|p2a: Conkeldurr|Conkeldurr, F|100/100|[from]move: U-turn
|move|p1a: Jirachi|Thunder Wave|p2a: Conkeldurr
|-status|p2a: Conkeldurr|par
|
|-heal|p1a: Jirachi|93/100|[from] item: Leftovers
|upkeep
|turn|11
|
|t:|1667297580
|move|p1a: Jirachi|Zen Headbutt|p2a: Conkeldurr
|-supereffective|p2a: Conkeldurr
|-damage|p2a: Conkeldurr|29/100 par
|move|p2a: Conkeldurr|Knock Off|p1a: Jirachi
|-supereffective|p1a: Jirachi
|-damage|p1a: Jirachi|0 fnt
|-enditem|p1a: Jirachi|Leftovers|[from] move: Knock Off|[of] p2a: Conkeldurr
|faint|p1a: Jirachi
|
|upkeep
|
|t:|1667297586
|switch|p1a: Excadrill|Excadrill, M|100/100
|-damage|p1a: Excadrill|97/100|[from] Stealth Rock
|-ability|p1a: Excadrill|Mold Breaker
|turn|12
|
|t:|1667297587
|move|p2a: Conkeldurr|Mach Punch|p1a: Excadrill
|-supereffective|p1a: Excadrill
|-damage|p1a: Excadrill|1/100
|move|p1a: Excadrill|Iron Head|p2a: Conkeldurr
|-damage|p2a: Conkeldurr|0 fnt
|faint|p2a: Conkeldurr
|
|upkeep
|
|t:|1667297593
|switch|p2a: Hydreigon|Hydreigon, F|100/100
|turn|13
|
|t:|1667297596
|move|p2a: Hydreigon|Draco Meteor|p1a: Excadrill
|-resisted|p1a: Excadrill
|-damage|p1a: Excadrill|0 fnt
|-unboost|p2a: Hydreigon|spa|2
|faint|p1a: Excadrill
|
|upkeep
|
|t:|1667297602
|switch|p1a: Hydreigon|Hydreigon, M|100/100
|-damage|p1a: Hydreigon|88/100|[from] Stealth Rock
|turn|14
|
|t:|1667297604
|move|p2a: Hydreigon|Draco Meteor|p1a: Hydreigon
|-supereffective|p1a: Hydreigon
|-damage|p1a: Hydreigon|7/100
|-unboost|p2a: Hydreigon|spa|2
|move|p1a: Hydreigon|Draco Meteor|p2a: Hydreigon|[miss]
|-miss|p1a: Hydreigon|p2a: Hydreigon
|
|upkeep
|turn|15
|
|t:|1667297607
|move|p2a: Hydreigon|Draco Meteor|p1a: Hydreigon
|-supereffective|p1a: Hydreigon
|-damage|p1a: Hydreigon|0 fnt
|-unboost|p2a: Hydreigon|spa|2
|faint|p1a: Hydreigon
|
|upkeep
|
|t:|1667297608
|switch|p1a: Zygarde|Zygarde-10%|100/100
|-damage|p1a: Zygarde|94/100|[from] Stealth Rock
|-ability|p1a: Zygarde|Aura Break
|turn|16
|
|t:|1667297610
|move|p2a: Hydreigon|Draco Meteor|p1a: Zygarde
|-supereffective|p1a: Zygarde
|-crit|p1a: Zygarde
|-damage|p1a: Zygarde|0 fnt
|faint|p1a: Zygarde
|
|win|Trogba Trogba
|n|☆Juytre|juytre
|n|☆Trogba Trogba|trogbatrogba
|n|*Lady Monita ☽|ladymonita
|l|*Lady Monita ☽
|c|☆Trogba Trogba|lol
|c|☆Juytre|The crit
|c|☆Juytre|gg
|c|☆Juytre|wp
|c|☆Trogba Trogba|gg
