|j|☆Bump is testing
|j|☆SwitchTheGreat
|t:|1659664419
|gametype|singles
|player|p1|Bump is testing|giovanni|1462
|player|p2|SwitchTheGreat|1|1552
|teamsize|p1|6
|teamsize|p2|6
|gen|8
|tier|[Gen 8] UU
|rated|
|rule|Sleep Clause Mod: Limit one foe put to sleep
|rule|Species Clause: Limit one of each Pokémon
|rule|OHKO Clause: OHKO moves are banned
|rule|Evasion Items Clause: Evasion items are banned
|rule|Evasion Moves Clause: Evasion moves are banned
|rule|Endless Battle Clause: Forcing endless battles is banned
|rule|HP Percentage Mod: HP is shown in percentages
|rule|Dynamax Clause: You cannot dynamax
|clearpoke
|poke|p1|Politoed, M|
|poke|p1|Keldeo-Resolute|
|poke|p1|Swampert, F|
|poke|p1|Kingdra, M|
|poke|p1|Chansey, F|
|poke|p1|Nidoking, M|
|poke|p2|Hippowdon, F|
|poke|p2|Excadrill, M|
|poke|p2|Nihilego|
|poke|p2|Salamence, M|
|poke|p2|Gastrodon, F|
|poke|p2|Cobalion|
|teampreview
|inactive|Battle timer is ON: inactive players will automatically lose when time's up. (requested by SwitchTheGreat)
|inactive|Bump is testing has 120 seconds left.
|inactive|SwitchTheGreat has 120 seconds left.
|
|t:|1659664466
|start
|switch|p1a: Swampert|Swampert, F|100/100
|switch|p2a: Gastrodon|Gastrodon, F, shiny|100/100
|turn|1
|inactive|SwitchTheGreat has 120 seconds left.
|
|t:|1659664501
|switch|p2a: Cobalion|Cobalion|100/100
|move|p1a: Swampert|Earthquake|p2a: Cobalion
|-supereffective|p2a: Cobalion
|-damage|p2a: Cobalion|0 fnt
|faint|p2a: Cobalion
|
|upkeep
|
|t:|1659664521
|switch|p2a: Gastrodon|Gastrodon, F, shiny|100/100
|turn|2
|
|t:|1659664544
|switch|p2a: Salamence|Salamence, M|100/100
|-ability|p2a: Salamence|Intimidate|boost
|-unboost|p1a: Swampert|atk|1
|move|p1a: Swampert|Earthquake|p2a: Salamence
|-immune|p2a: Salamence
|
|upkeep
|turn|3
|inactive|Bump is testing has 120 seconds left.
|
|t:|1659664568
|switch|p2a: Gastrodon|Gastrodon, F, shiny|100/100
|switch|p1a: Politoed|Politoed, M|100/100
|-weather|RainDance|[from] ability: Drizzle|[of] p1a: Politoed
|
|-weather|RainDance|[upkeep]
|upkeep
|turn|4
|
|t:|1659664573
|move|p1a: Politoed|Toxic|p2a: Gastrodon
|-status|p2a: Gastrodon|tox
|move|p2a: Gastrodon|Scald|p1a: Politoed
|-resisted|p1a: Politoed
|-damage|p1a: Politoed|83/100
|
|-weather|RainDance|[upkeep]
|-damage|p2a: Gastrodon|94/100 tox|[from] psn
|upkeep
|turn|5
|
|t:|1659664580
|switch|p2a: Hippowdon|Hippowdon, F|100/100
|-weather|Sandstorm|[from] ability: Sand Stream|[of] p2a: Hippowdon
|move|p1a: Politoed|Encore||[still]
|-fail|p1a: Politoed
|
|-weather|Sandstorm|[upkeep]
|-damage|p1a: Politoed|77/100|[from] Sandstorm
|upkeep
|turn|6
|inactive|SwitchTheGreat has 120 seconds left.
|inactive|Bump is testing has 120 seconds left.
|
|t:|1659664613
|switch|p1a: Keldeo|Keldeo-Resolute|100/100
|move|p2a: Hippowdon|Toxic|p1a: Keldeo
|-status|p1a: Keldeo|tox
|
|-weather|Sandstorm|[upkeep]
|-damage|p1a: Keldeo|94/100 tox|[from] Sandstorm
|-damage|p1a: Keldeo|88/100 tox|[from] psn
|upkeep
|turn|7
|inactive|SwitchTheGreat has 120 seconds left.
|
|t:|1659664636
|switch|p2a: Gastrodon|Gastrodon, F, shiny|94/100 tox
|move|p1a: Keldeo|Secret Sword|p2a: Gastrodon
|-damage|p2a: Gastrodon|26/100 tox
|
|-weather|Sandstorm|[upkeep]
|-damage|p1a: Keldeo|82/100 tox|[from] Sandstorm
|-damage|p1a: Keldeo|70/100 tox|[from] psn
|-damage|p2a: Gastrodon|20/100 tox|[from] psn
|upkeep
|turn|8
|
|t:|1659664643
|switch|p2a: Hippowdon|Hippowdon, F|100/100
|move|p1a: Keldeo|Secret Sword|p2a: Hippowdon
|-damage|p2a: Hippowdon|60/100
|
|-weather|Sandstorm|[upkeep]
|-damage|p1a: Keldeo|63/100 tox|[from] Sandstorm
|-damage|p1a: Keldeo|45/100 tox|[from] psn
|upkeep
|turn|9
|inactive|Bump is testing has 120 seconds left.
|
|t:|1659664684
|switch|p1a: Swampert|Swampert, F|100/100
|move|p2a: Hippowdon|Stealth Rock|p1a: Swampert
|-sidestart|p1: Bump is testing|move: Stealth Rock
|
|-weather|Sandstorm|[upkeep]
|upkeep
|turn|10
|inactive|SwitchTheGreat has 120 seconds left.
|inactive|SwitchTheGreat has 90 seconds left.
|
|t:|1659664725
|switch|p2a: Gastrodon|Gastrodon, F, shiny|20/100 tox
|move|p1a: Swampert|Ice Punch|p2a: Gastrodon
|-damage|p2a: Gastrodon|0 fnt
|faint|p2a: Gastrodon
|
|-weather|Sandstorm|[upkeep]
|upkeep
|inactive|SwitchTheGreat has 90 seconds left.
|
|t:|1659664732
|switch|p2a: brrrrrrrrr|Excadrill, M, shiny|100/100
|turn|11
|inactive|Bump is testing has 120 seconds left.
|
|t:|1659664761
|switch|p1a: Nidoking|Nidoking, M|100/100
|-damage|p1a: Nidoking|95/100|[from] Stealth Rock
|move|p2a: brrrrrrrrr|Swords Dance|p2a: brrrrrrrrr
|-boost|p2a: brrrrrrrrr|atk|2
|
|-weather|Sandstorm|[upkeep]
|upkeep
|turn|12
|
|t:|1659664765
|move|p2a: brrrrrrrrr|Earthquake|p1a: Nidoking
|-supereffective|p1a: Nidoking
|-damage|p1a: Nidoking|0 fnt
|faint|p1a: Nidoking
|-damage|p2a: brrrrrrrrr|91/100|[from] item: Life Orb
|
|-weather|none
|upkeep
|inactive|Bump is testing has 120 seconds left.
|
|t:|1659664800
|switch|p1a: Keldeo|Keldeo-Resolute|45/100 tox
|-damage|p1a: Keldeo|39/100 tox|[from] Stealth Rock
|turn|13
|inactive|SwitchTheGreat has 120 seconds left.
|
|t:|1659664807
|switch|p2a: Salamence|Salamence, M|100/100
|-ability|p2a: Salamence|Intimidate|boost
|-unboost|p1a: Keldeo|atk|1
|move|p1a: Keldeo|Hydro Pump|p2a: Salamence
|-resisted|p2a: Salamence
|-damage|p2a: Salamence|57/100
|
|-damage|p1a: Keldeo|32/100 tox|[from] psn
|upkeep
|turn|14
|
|t:|1659664815
|move|p1a: Keldeo|Hydro Pump|p2a: Salamence
|-resisted|p2a: Salamence
|-damage|p2a: Salamence|14/100
|move|p2a: Salamence|Roost|p2a: Salamence
|-heal|p2a: Salamence|65/100
|-singleturn|p2a: Salamence|move: Roost
|
|-damage|p1a: Keldeo|20/100 tox|[from] psn
|upkeep
|turn|15
|
|t:|1659664825
|switch|p1a: Swampert|Swampert, F|100/100
|-damage|p1a: Swampert|94/100|[from] Stealth Rock
|move|p2a: Salamence|Roost|p2a: Salamence
|-heal|p2a: Salamence|100/100
|-singleturn|p2a: Salamence|move: Roost
|
|upkeep
|turn|16
|
|t:|1659664831
|switch|p2a: Nihilego|Nihilego|100/100
|move|p1a: Swampert|Ice Punch|p2a: Nihilego
|-damage|p2a: Nihilego|36/100
|
|-heal|p2a: Nihilego|42/100|[from] item: Black Sludge
|upkeep
|turn|17
|
|t:|1659664837
|switch|p1a: Chansey|Chansey, F|100/100
|-damage|p1a: Chansey|88/100|[from] Stealth Rock
|move|p2a: Nihilego|Toxic Spikes|p1a: Chansey
|-sidestart|p1: Bump is testing|move: Toxic Spikes
|
|-heal|p2a: Nihilego|48/100|[from] item: Black Sludge
|upkeep
|turn|18
|
|t:|1659664843
|move|p2a: Nihilego|Knock Off|p1a: Chansey
|-damage|p1a: Chansey|80/100
|-enditem|p1a: Chansey|Eviolite|[from] move: Knock Off|[of] p2a: Nihilego
|move|p1a: Chansey|Seismic Toss|p2a: Nihilego
|-damage|p2a: Nihilego|21/100
|
|-heal|p2a: Nihilego|27/100|[from] item: Black Sludge
|upkeep
|turn|19
|
|t:|1659664863
|switch|p2a: Hippowdon|Hippowdon, F|60/100
|-weather|Sandstorm|[from] ability: Sand Stream|[of] p2a: Hippowdon
|move|p1a: Chansey|Seismic Toss|p2a: Hippowdon
|-damage|p2a: Hippowdon|36/100
|
|-weather|Sandstorm|[upkeep]
|-damage|p1a: Chansey|74/100|[from] Sandstorm
|upkeep
|turn|20
|j| Shelley_Swampert
|inactive|Bump is testing has 120 seconds left.
|l| Shelley_Swampert
|
|t:|1659664915
|move|p2a: Hippowdon|Slack Off|p2a: Hippowdon
|-heal|p2a: Hippowdon|86/100
|move|p1a: Chansey|Teleport|p1a: Chansey
|
|t:|1659664918
|switch|p1a: Politoed|Politoed, M|77/100|[from]move: Teleport
|-damage|p1a: Politoed|65/100|[from] Stealth Rock
|-status|p1a: Politoed|psn
|-weather|RainDance|[from] ability: Drizzle|[of] p1a: Politoed
|
|-weather|RainDance|[upkeep]
|-damage|p1a: Politoed|52/100 psn|[from] psn
|upkeep
|turn|21
|
|t:|1659664926
|switch|p1a: Kingdra|Kingdra, M|100/100
|-damage|p1a: Kingdra|88/100|[from] Stealth Rock
|-status|p1a: Kingdra|psn
|switch|p2a: Salamence|Salamence, M|100/100
|-ability|p2a: Salamence|Intimidate|boost
|-unboost|p1a: Kingdra|atk|1
|
|-weather|RainDance|[upkeep]
|-damage|p1a: Kingdra|76/100 psn|[from] psn
|upkeep
|turn|22
|
|t:|1659664950
|switch|p2a: Nihilego|Nihilego|27/100
|move|p1a: Kingdra|Draco Meteor|p2a: Nihilego
|-damage|p2a: Nihilego|0 fnt
|-unboost|p1a: Kingdra|spa|2
|faint|p2a: Nihilego
|
|-weather|RainDance|[upkeep]
|-damage|p1a: Kingdra|63/100 psn|[from] psn
|upkeep
|
|t:|1659664955
|switch|p2a: Hippowdon|Hippowdon, F|86/100
|-weather|Sandstorm|[from] ability: Sand Stream|[of] p2a: Hippowdon
|turn|23
|inactive|Bump is testing has 120 seconds left.
|inactive|Bump is testing has 90 seconds left.
|inactive|Bump is testing has 60 seconds left.
|
|t:|1659665040
|switch|p1a: Chansey|Chansey, F|74/100
|-damage|p1a: Chansey|61/100|[from] Stealth Rock
|-status|p1a: Chansey|psn
|move|p2a: Hippowdon|Earthquake|p1a: Chansey
|-damage|p1a: Chansey|25/100 psn
|
|-weather|Sandstorm|[upkeep]
|-damage|p1a: Chansey|18/100 psn|[from] Sandstorm
|-damage|p1a: Chansey|6/100 psn|[from] psn
|upkeep
|turn|24
|
|t:|1659665049
|switch|p2a: brrrrrrrrr|Excadrill, M, shiny|91/100
|move|p1a: Chansey|Stealth Rock|p2a: brrrrrrrrr
|-sidestart|p2: SwitchTheGreat|move: Stealth Rock
|
|-weather|Sandstorm|[upkeep]
|-damage|p1a: Chansey|0 fnt|[from] Sandstorm
|faint|p1a: Chansey
|upkeep
|
|t:|1659665053
|switch|p1a: Swampert|Swampert, F|94/100
|-damage|p1a: Swampert|88/100|[from] Stealth Rock
|-status|p1a: Swampert|psn
|turn|25
|inactive|SwitchTheGreat has 120 seconds left.
|
|t:|1659665089
|switch|p2a: Salamence|Salamence, M|100/100
|-ability|p2a: Salamence|Intimidate|boost
|-unboost|p1a: Swampert|atk|1
|move|p1a: Swampert|Liquidation|p2a: Salamence
|-resisted|p2a: Salamence
|-damage|p2a: Salamence|81/100
|
|-weather|Sandstorm|[upkeep]
|-damage|p2a: Salamence|75/100|[from] Sandstorm
|-damage|p1a: Swampert|76/100 psn|[from] psn
|upkeep
|turn|26
|inactive|SwitchTheGreat has 120 seconds left.
|
|t:|1659665115
|switch|p1a: Politoed|Politoed, M|52/100 psn
|-damage|p1a: Politoed|40/100 psn|[from] Stealth Rock
|-weather|RainDance|[from] ability: Drizzle|[of] p1a: Politoed
|move|p2a: Salamence|Hurricane|p1a: Politoed
|-damage|p1a: Politoed|0 fnt
|faint|p1a: Politoed
|
|-weather|RainDance|[upkeep]
|upkeep
|
|t:|1659665129
|switch|p1a: Keldeo|Keldeo-Resolute|20/100 tox
|-damage|p1a: Keldeo|14/100 tox|[from] Stealth Rock
|turn|27
|
|t:|1659665134
|switch|p2a: Hippowdon|Hippowdon, F|86/100
|-damage|p2a: Hippowdon|80/100|[from] Stealth Rock
|-weather|Sandstorm|[from] ability: Sand Stream|[of] p2a: Hippowdon
|move|p1a: Keldeo|Hydro Pump|p2a: Hippowdon
|-supereffective|p2a: Hippowdon
|-damage|p2a: Hippowdon|0 fnt
|faint|p2a: Hippowdon
|
|-weather|Sandstorm|[upkeep]
|-damage|p1a: Keldeo|8/100 tox|[from] Sandstorm
|-damage|p1a: Keldeo|1/100 tox|[from] psn
|upkeep
|
|t:|1659665137
|switch|p2a: brrrrrrrrr|Excadrill, M, shiny|91/100
|-damage|p2a: brrrrrrrrr|87/100|[from] Stealth Rock
|turn|28
|
|t:|1659665140
|move|p2a: brrrrrrrrr|Earthquake|p1a: Keldeo
|-damage|p1a: Keldeo|0 fnt
|faint|p1a: Keldeo
|-damage|p2a: brrrrrrrrr|78/100|[from] item: Life Orb
|
|-weather|Sandstorm|[upkeep]
|upkeep
|
|t:|1659665143
|switch|p1a: Swampert|Swampert, F|76/100 psn
|-damage|p1a: Swampert|70/100 psn|[from] Stealth Rock
|turn|29
|
|t:|1659665147
|switch|p2a: Salamence|Salamence, M|75/100
|-ability|p2a: Salamence|Intimidate|boost
|-unboost|p1a: Swampert|atk|1
|move|p1a: Swampert|Ice Punch|p2a: Salamence
|-supereffective|p2a: Salamence
|-damage|p2a: Salamence|0 fnt
|faint|p2a: Salamence
|
|-weather|Sandstorm|[upkeep]
|-damage|p1a: Swampert|57/100 psn|[from] psn
|upkeep
|
|t:|1659665150
|switch|p2a: brrrrrrrrr|Excadrill, M, shiny|78/100
|-damage|p2a: brrrrrrrrr|74/100|[from] Stealth Rock
|turn|30
|
|t:|1659665154
|move|p2a: brrrrrrrrr|Earthquake|p1a: Swampert
|-damage|p1a: Swampert|0 fnt
|faint|p1a: Swampert
|-damage|p2a: brrrrrrrrr|64/100|[from] item: Life Orb
|
|-weather|Sandstorm|[upkeep]
|upkeep
|
|t:|1659665156
|switch|p1a: Kingdra|Kingdra, M|63/100 psn
|-damage|p1a: Kingdra|51/100 psn|[from] Stealth Rock
|turn|31
|
|t:|1659665158
|move|p2a: brrrrrrrrr|Earthquake|p1a: Kingdra
|-damage|p1a: Kingdra|0 fnt
|faint|p1a: Kingdra
|-damage|p2a: brrrrrrrrr|55/100|[from] item: Life Orb
|
|win|SwitchTheGreat
|raw|Bump is testing's rating: 1462 &rarr; <strong>1447</strong><br />(-15 for losing)
|raw|SwitchTheGreat's rating: 1552 &rarr; <strong>1567</strong><br />(+15 for winning)
|l|☆Bump is testing
|c|☆SwitchTheGreat|gg
