|j|☆Talmighty
|j|☆kindersurprise2 0
|t:|1663348713
|gametype|singles
|player|p1|Talmighty|silver|1428
|player|p2|kindersurprise2 0|emmet|1404
|teamsize|p1|6
|teamsize|p2|6
|gen|8
|tier|[Gen 8] UU
|rated|
|rule|Sleep Clause Mod: Limit one foe put to sleep
|rule|Species Clause: Limit one of each Pokémon
|rule|OHKO Clause: OHKO moves are banned
|rule|Evasion Items Clause: Evasion items are banned
|rule|Evasion Moves Clause: Evasion moves are banned
|rule|Endless Battle Clause: Forcing endless battles is banned
|rule|HP Percentage Mod: HP is shown in percentages
|rule|Dynamax Clause: You cannot dynamax
|clearpoke
|poke|p1|Salamence, M|
|poke|p1|Primarina, F|
|poke|p1|Scizor, M|
|poke|p1|Chandelure, M|
|poke|p1|Krookodile, M|
|poke|p1|Xurkitree|
|poke|p2|Slowbro-Galar, M|
|poke|p2|Zarude-Dada|
|poke|p2|Rotom-Wash|
|poke|p2|Moltres|
|poke|p2|Hippowdon, F|
|poke|p2|Celesteela|
|teampreview
|inactive|Battle timer is ON: inactive players will automatically lose when time's up. (requested by kindersurprise2 0)
|
|t:|1663348779
|start
|switch|p1a: Incursio|Scizor, M|100/100
|switch|p2a: Cabbage|Rotom-Wash|100/100
|turn|1
|
|t:|1663348791
|move|p2a: Cabbage|Hydro Pump|p1a: Incursio|[miss]
|-miss|p2a: Cabbage|p1a: Incursio
|move|p1a: Incursio|U-turn|p2a: Cabbage
|-damage|p2a: Cabbage|70/100
|c|☆kindersurprise2 0|Omg incursio
|c|☆kindersurprise2 0|It was from akame ga kill
|c|☆kindersurprise2 0|Aniki's treasure
|inactive|Talmighty has 120 seconds left.
|
|t:|1663348829
|switch|p1a: Shenron|Salamence, M, shiny|100/100|[from]move: U-turn
|
|upkeep
|turn|2
|c|☆kindersurprise2 0|Yeah?
|
|t:|1663348848
|switch|p2a: Panda|Celesteela, shiny|100/100
|switch|p1a: Raigeki|Xurkitree, shiny|100/100
|
|upkeep
|turn|3
|
|t:|1663348864
|switch|p2a: Hax Repellant 3.0|Slowbro-Galar, M|100/100
|move|p1a: Raigeki|Volt Switch|p2a: Hax Repellant 3.0
|-damage|p2a: Hax Repellant 3.0|68/100
|inactive|Talmighty has 90 seconds left.
|
|t:|1663348900
|switch|p1a: Yami|Krookodile, M|100/100|[from]move: Volt Switch
|-ability|p1a: Yami|Intimidate|boost
|-unboost|p2a: Hax Repellant 3.0|atk|1
|
|upkeep
|turn|4
|c|☆kindersurprise2 0|Shenror from dragonball?
|c|☆kindersurprise2 0|Shenron*
|inactive|Talmighty has 60 seconds left.
|
|t:|1663348930
|switch|p2a: Ermm|Zarude-Dada|100/100
|move|p1a: Yami|Knock Off|p2a: Ermm
|-resisted|p2a: Ermm
|-damage|p2a: Ermm|79/100
|-enditem|p2a: Ermm|Choice Band|[from] move: Knock Off|[of] p1a: Yami
|
|upkeep
|turn|5
|inactive|Talmighty has 60 seconds left.
|c|☆kindersurprise2 0|Watch your timer friend
|
|t:|1663348963
|switch|p1a: Incursio|Scizor, M|100/100
|move|p2a: Ermm|U-turn|p1a: Incursio
|-resisted|p1a: Incursio
|-damage|p1a: Incursio|92/100
|
|t:|1663348969
|switch|p2a: Avocado|Moltres|100/100|[from]move: U-turn
|
|upkeep
|turn|6
|
|t:|1663348980
|switch|p1a: Shikigami|Chandelure, M|100/100
|move|p2a: Avocado|Mystical Fire|p1a: Shikigami
|-start|p1a: Shikigami|ability: Flash Fire
|
|upkeep
|turn|7
|
|t:|1663348991
|move|p2a: Avocado|Scorching Sands|p1a: Shikigami
|-supereffective|p1a: Shikigami
|-damage|p1a: Shikigami|42/100
|move|p1a: Shikigami|Flamethrower|p2a: Avocado
|-resisted|p2a: Avocado
|-damage|p2a: Avocado|59/100
|
|upkeep
|turn|8
|
|t:|1663349012
|-end|p1a: Shikigami|ability: Flash Fire|[silent]
|switch|p1a: Shenron|Salamence, M, shiny|100/100
|move|p2a: Avocado|Mystical Fire|p1a: Shenron
|-resisted|p1a: Shenron
|-damage|p1a: Shenron|81/100
|-unboost|p1a: Shenron|spa|1
|
|upkeep
|turn|9
|
|t:|1663349021
|switch|p2a: Panda|Celesteela, shiny|100/100
|move|p1a: Shenron|Dragon Dance|p1a: Shenron
|-boost|p1a: Shenron|atk|1
|-boost|p1a: Shenron|spe|1
|
|upkeep
|turn|10
|
|t:|1663349030
|switch|p1a: Raigeki|Xurkitree, shiny|100/100
|move|p2a: Panda|Meteor Beam||[still]
|-prepare|p2a: Panda|Meteor Beam
|-boost|p2a: Panda|spa|1
|-enditem|p2a: Panda|Power Herb
|-anim|p2a: Panda|Meteor Beam|p1a: Raigeki
|-damage|p1a: Raigeki|27/100
|
|upkeep
|turn|11
|inactive|Talmighty has 60 seconds left.
|
|t:|1663349042
|switch|p2a: Hax Repellant 3.0|Slowbro-Galar, M|100/100
|move|p1a: Raigeki|Volt Switch|p2a: Hax Repellant 3.0
|-crit|p2a: Hax Repellant 3.0
|-damage|p2a: Hax Repellant 3.0|58/100
|
|t:|1663349046
|switch|p1a: Yami|Krookodile, M|100/100|[from]move: Volt Switch
|-ability|p1a: Yami|Intimidate|boost
|-unboost|p2a: Hax Repellant 3.0|atk|1
|
|upkeep
|turn|12
|
|t:|1663349053
|switch|p2a: Ermm|Zarude-Dada|79/100
|move|p1a: Yami|Stealth Rock|p2a: Ermm
|-sidestart|p2: kindersurprise2 0|move: Stealth Rock
|
|upkeep
|turn|13
|
|t:|1663349066
|switch|p1a: Incursio|Scizor, M|92/100
|move|p2a: Ermm|Power Whip|p1a: Incursio|[miss]
|-miss|p2a: Ermm|p1a: Incursio
|
|upkeep
|turn|14
|
|t:|1663349075
|move|p2a: Ermm|U-turn|p1a: Incursio
|-resisted|p1a: Incursio
|-damage|p1a: Incursio|82/100
|
|t:|1663349077
|switch|p2a: Avocado|Moltres|59/100|[from]move: U-turn
|move|p1a: Incursio|U-turn|p2a: Avocado
|-resisted|p2a: Avocado
|-damage|p2a: Avocado|51/100
|-status|p1a: Incursio|brn|[from] ability: Flame Body|[of] p2a: Avocado
|
|t:|1663349089
|switch|p1a: Filo|Primarina, F|100/100|[from]move: U-turn
|
|upkeep
|turn|15
|
|t:|1663349097
|move|p2a: Avocado|U-turn|p1a: Filo
|-resisted|p1a: Filo
|-damage|p1a: Filo|91/100
|
|t:|1663349099
|switch|p2a: Cabbage|Rotom-Wash|70/100|[from]move: U-turn
|-damage|p2a: Cabbage|58/100|[from] Stealth Rock
|move|p1a: Filo|Scald|p2a: Cabbage
|-resisted|p2a: Cabbage
|-damage|p2a: Cabbage|26/100
|-status|p2a: Cabbage|brn
|
|-damage|p2a: Cabbage|20/100 brn|[from] brn
|upkeep
|turn|16
|
|t:|1663349120
|move|p2a: Cabbage|Trick|p1a: Filo
|-activate|p2a: Cabbage|move: Trick|[of] p1a: Filo
|-item|p1a: Filo|Choice Scarf|[from] move: Trick
|-item|p2a: Cabbage|Choice Specs|[from] move: Trick
|move|p1a: Filo|Scald|p2a: Cabbage
|-resisted|p2a: Cabbage
|-damage|p2a: Cabbage|0 fnt
|faint|p2a: Cabbage
|
|upkeep
|
|t:|1663349140
|switch|p2a: Hax Repellant 3.0|Slowbro-Galar, M|91/100
|-damage|p2a: Hax Repellant 3.0|78/100|[from] Stealth Rock
|turn|17
|
|t:|1663349164
|switch|p1a: Incursio|Scizor, M|82/100 brn
|move|p2a: Hax Repellant 3.0|Future Sight|p1a: Incursio
|-start|p2a: Hax Repellant 3.0|move: Future Sight
|
|-damage|p1a: Incursio|76/100 brn|[from] brn
|upkeep
|turn|18
|
|t:|1663349173
|move|p1a: Incursio|U-turn|p2a: Hax Repellant 3.0
|-damage|p2a: Hax Repellant 3.0|68/100
|
|t:|1663349176
|switch|p1a: Yami|Krookodile, M|100/100|[from]move: U-turn
|-ability|p1a: Yami|Intimidate|boost
|-unboost|p2a: Hax Repellant 3.0|atk|1
|move|p2a: Hax Repellant 3.0|Fire Blast|p1a: Yami
|-damage|p1a: Yami|68/100
|
|upkeep
|turn|19
|
|t:|1663349197
|switch|p2a: Cocoa|Hippowdon, F|100/100
|-damage|p2a: Cocoa|94/100|[from] Stealth Rock
|-weather|Sandstorm|[from] ability: Sand Stream|[of] p2a: Cocoa
|move|p1a: Yami|Stone Edge|p2a: Cocoa
|-resisted|p2a: Cocoa
|-damage|p2a: Cocoa|86/100
|
|-weather|Sandstorm|[upkeep]
|-end|p1a: Yami|move: Future Sight
|-immune|p1a: Yami
|-heal|p2a: Cocoa|93/100|[from] item: Leftovers
|upkeep
|turn|20
|
|t:|1663349206
|switch|p1a: Filo|Primarina, F|91/100
|move|p2a: Cocoa|Stealth Rock|p1a: Filo
|-sidestart|p1: Talmighty|move: Stealth Rock
|
|-weather|Sandstorm|[upkeep]
|-damage|p1a: Filo|84/100|[from] Sandstorm
|-heal|p2a: Cocoa|99/100|[from] item: Leftovers
|upkeep
|turn|21
|
|t:|1663349219
|switch|p2a: Hax Repellant 3.0|Slowbro-Galar, M|100/100
|-damage|p2a: Hax Repellant 3.0|88/100|[from] Stealth Rock
|move|p1a: Filo|Hydro Pump|p2a: Hax Repellant 3.0
|-damage|p2a: Hax Repellant 3.0|44/100
|
|-weather|Sandstorm|[upkeep]
|-damage|p1a: Filo|78/100|[from] Sandstorm
|-damage|p2a: Hax Repellant 3.0|38/100|[from] Sandstorm
|upkeep
|turn|22
|
|t:|1663349230
|switch|p2a: Ermm|Zarude-Dada|79/100
|-damage|p2a: Ermm|66/100|[from] Stealth Rock
|move|p1a: Filo|Hydro Pump|p2a: Ermm
|-resisted|p2a: Ermm
|-damage|p2a: Ermm|36/100
|
|-weather|Sandstorm|[upkeep]
|-damage|p2a: Ermm|30/100|[from] Sandstorm
|-damage|p1a: Filo|72/100|[from] Sandstorm
|upkeep
|turn|23
|
|t:|1663349249
|switch|p1a: Incursio|Scizor, M|76/100 brn
|move|p2a: Ermm|Power Whip|p1a: Incursio
|-resisted|p1a: Incursio
|-damage|p1a: Incursio|66/100 brn
|
|-weather|none
|-damage|p1a: Incursio|60/100 brn|[from] brn
|upkeep
|turn|24
|
|t:|1663349259
|switch|p2a: Panda|Celesteela, shiny|100/100
|-damage|p2a: Panda|88/100|[from] Stealth Rock
|move|p1a: Incursio|U-turn|p2a: Panda
|-resisted|p2a: Panda
|-damage|p2a: Panda|85/100
|
|t:|1663349266
|switch|p1a: Shikigami|Chandelure, M|42/100|[from]move: U-turn
|
|upkeep
|turn|25
|
|t:|1663349282
|switch|p2a: Cocoa|Hippowdon, F|99/100
|-damage|p2a: Cocoa|93/100|[from] Stealth Rock
|-weather|Sandstorm|[from] ability: Sand Stream|[of] p2a: Cocoa
|move|p1a: Shikigami|Flamethrower|p2a: Cocoa
|-crit|p2a: Cocoa
|-damage|p2a: Cocoa|17/100
|
|-weather|Sandstorm|[upkeep]
|-damage|p1a: Shikigami|36/100|[from] Sandstorm
|-heal|p2a: Cocoa|23/100|[from] item: Leftovers
|upkeep
|turn|26
|inactive|Talmighty has 90 seconds left.
|
|t:|1663349294
|switch|p2a: Avocado|Moltres|51/100
|move|p1a: Shikigami|Shadow Ball|p2a: Avocado
|-damage|p2a: Avocado|4/100
|
|-weather|Sandstorm|[upkeep]
|-damage|p2a: Avocado|0 fnt|[from] Sandstorm
|-damage|p1a: Shikigami|30/100|[from] Sandstorm
|faint|p2a: Avocado
|upkeep
|
|t:|1663349302
|switch|p2a: Ermm|Zarude-Dada|30/100
|-damage|p2a: Ermm|18/100|[from] Stealth Rock
|turn|27
|
|t:|1663349309
|switch|p1a: Incursio|Scizor, M|60/100 brn
|move|p2a: Ermm|U-turn|p1a: Incursio
|-resisted|p1a: Incursio
|-damage|p1a: Incursio|51/100 brn
|
|t:|1663349313
|switch|p2a: Panda|Celesteela, shiny|85/100|[from]move: U-turn
|-damage|p2a: Panda|73/100|[from] Stealth Rock
|
|-weather|Sandstorm|[upkeep]
|-damage|p1a: Incursio|45/100 brn|[from] brn
|upkeep
|turn|28
|
|t:|1663349317
|move|p2a: Panda|Autotomize|p2a: Panda
|-boost|p2a: Panda|spe|2
|-start|p2a: Panda|Autotomize
|move|p1a: Incursio|U-turn|p2a: Panda
|-resisted|p2a: Panda
|-damage|p2a: Panda|69/100
|inactive|Talmighty has 90 seconds left.
|inactive|Talmighty has 60 seconds left.
|
|t:|1663349375
|switch|p1a: Filo|Primarina, F|72/100|[from]move: U-turn
|-damage|p1a: Filo|60/100|[from] Stealth Rock
|
|-weather|Sandstorm|[upkeep]
|-damage|p1a: Filo|54/100|[from] Sandstorm
|upkeep
|turn|29
|inactive|Talmighty has 60 seconds left.
|
|t:|1663349413
|move|p2a: Panda|Air Slash|p1a: Filo
|-damage|p1a: Filo|24/100
|cant|p1a: Filo|flinch
|
|-weather|none
|upkeep
|turn|30
|
|t:|1663349419
|move|p2a: Panda|Air Slash|p1a: Filo
|-damage|p1a: Filo|0 fnt
|faint|p1a: Filo
|-ability|p2a: Panda|Beast Boost|boost
|-boost|p2a: Panda|spa|1
|
|upkeep
|
|t:|1663349429
|switch|p1a: Raigeki|Xurkitree, shiny|27/100
|-damage|p1a: Raigeki|15/100|[from] Stealth Rock
|turn|31
|
|t:|1663349432
|move|p2a: Panda|Flamethrower|p1a: Raigeki
|-damage|p1a: Raigeki|0 fnt
|faint|p1a: Raigeki
|-ability|p2a: Panda|Beast Boost|boost
|-boost|p2a: Panda|spa|1
|
|upkeep
|-message|Talmighty forfeited.
|
|win|kindersurprise2 0
|raw|Talmighty's rating: 1428 &rarr; <strong>1407</strong><br />(-21 for losing)
|raw|kindersurprise2 0's rating: 1404 &rarr; <strong>1425</strong><br />(+21 for winning)
|l|☆Talmighty
