|j|☆Fudarus
|j|☆pokemonisfun
|t:|1665846662
|gametype|singles
|player|p1|Fudarus|blackbelt-gen4|1679
|player|p2|pokemonisfun|#uutrio2ladder|1756
|teamsize|p1|6
|teamsize|p2|6
|gen|8
|tier|[Gen 8] UU
|rated|
|rule|Sleep Clause Mod: Limit one foe put to sleep
|rule|Species Clause: Limit one of each Pokémon
|rule|OHKO Clause: OHKO moves are banned
|rule|Evasion Items Clause: Evasion items are banned
|rule|Evasion Moves Clause: Evasion moves are banned
|rule|Endless Battle Clause: Forcing endless battles is banned
|rule|HP Percentage Mod: HP is shown in percentages
|rule|Dynamax Clause: You cannot dynamax
|clearpoke
|poke|p1|Mamoswine, M|
|poke|p1|Zarude-Dada|
|poke|p1|Slowking, M|
|poke|p1|Nihilego|
|poke|p1|Salamence, F|
|poke|p1|Cobalion|
|poke|p2|Golisopod, M|
|poke|p2|Cobalion|
|poke|p2|Zygarde-10%|
|poke|p2|Chansey, F|
|poke|p2|Salamence, F|
|poke|p2|Tentacruel, M|
|teampreview
|
|t:|1665846708
|start
|switch|p1a: Salamence|Salamence, F|100/100
|switch|p2a: GOD POD|Golisopod, M|100/100
|-ability|p1a: Salamence|Intimidate|boost
|-unboost|p2a: GOD POD|atk|1
|turn|1
|
|t:|1665846727
|switch|p1a: Cobalion|Cobalion|100/100
|switch|p2a: megan the eggin|Chansey, F|100/100
|
|upkeep
|turn|2
|
|t:|1665846733
|switch|p2a: hoisin poison|Tentacruel, M|100/100
|move|p1a: Cobalion|Stealth Rock|p2a: hoisin poison
|-sidestart|p2: pokemonisfun|move: Stealth Rock
|
|upkeep
|turn|3
|
|t:|1665846736
|move|p1a: Cobalion|Iron Head|p2a: hoisin poison
|-resisted|p2a: hoisin poison
|-damage|p2a: hoisin poison|82/100
|move|p2a: hoisin poison|Rapid Spin|p1a: Cobalion
|-resisted|p1a: Cobalion
|-damage|p1a: Cobalion|97/100
|-boost|p2a: hoisin poison|spe|1
|-damage|p2a: hoisin poison|65/100|[from] item: Rocky Helmet|[of] p1a: Cobalion
|-sideend|p2: pokemonisfun|Stealth Rock|[from] move: Rapid Spin|[of] p2a: hoisin poison
|
|-heal|p2a: hoisin poison|71/100|[from] item: Black Sludge
|upkeep
|turn|4
|
|t:|1665846741
|switch|p1a: Slowking|Slowking, M|100/100
|move|p2a: hoisin poison|Scald|p1a: Slowking
|-resisted|p1a: Slowking
|-damage|p1a: Slowking|91/100
|-status|p1a: Slowking|brn
|
|-heal|p2a: hoisin poison|77/100|[from] item: Black Sludge
|-damage|p1a: Slowking|85/100 brn|[from] brn
|upkeep
|turn|5
|inactive|Battle timer is ON: inactive players will automatically lose when time's up. (requested by Fudarus)
|
|t:|1665846748
|switch|p2a: megan the eggin|Chansey, F|100/100
|move|p1a: Slowking|Future Sight|p2a: megan the eggin
|-start|p1a: Slowking|move: Future Sight
|
|-damage|p1a: Slowking|79/100 brn|[from] brn
|upkeep
|turn|6
|
|t:|1665846759
|move|p2a: megan the eggin|Seismic Toss|p1a: Slowking
|-damage|p1a: Slowking|54/100 brn
|move|p1a: Slowking|Teleport|p1a: Slowking
|
|t:|1665846761
|switch|p1a: Cobalion|Cobalion|97/100|[from]move: Teleport
|
|upkeep
|turn|7
|
|t:|1665846765
|switch|p2a: mencey wencey|Salamence, F|100/100
|-ability|p2a: mencey wencey|Intimidate|boost
|-unboost|p1a: Cobalion|atk|1
|move|p1a: Cobalion|Swords Dance|p1a: Cobalion
|-boost|p1a: Cobalion|atk|2
|
|-end|p2a: mencey wencey|move: Future Sight
|-damage|p2a: mencey wencey|55/100
|upkeep
|turn|8
|
|t:|1665846773
|switch|p2a: coba truthin|Cobalion|100/100
|move|p1a: Cobalion|Iron Head|p2a: coba truthin
|-resisted|p2a: coba truthin
|-damage|p2a: coba truthin|79/100
|-damage|p1a: Cobalion|81/100|[from] item: Rocky Helmet|[of] p2a: coba truthin
|
|upkeep
|turn|9
|
|t:|1665846776
|switch|p2a: GOD POD|Golisopod, M|100/100
|move|p1a: Cobalion|Close Combat|p2a: GOD POD
|-resisted|p2a: GOD POD
|-damage|p2a: GOD POD|72/100
|-unboost|p1a: Cobalion|def|1
|-unboost|p1a: Cobalion|spd|1
|
|upkeep
|turn|10
|
|t:|1665846786
|switch|p2a: mencey wencey|Salamence, F|55/100
|-ability|p2a: mencey wencey|Intimidate|boost
|-unboost|p1a: Cobalion|atk|1
|move|p1a: Cobalion|Close Combat|p2a: mencey wencey
|-resisted|p2a: mencey wencey
|-damage|p2a: mencey wencey|35/100
|-unboost|p1a: Cobalion|def|1
|-unboost|p1a: Cobalion|spd|1
|
|upkeep
|turn|11
|
|t:|1665846797
|move|p1a: Cobalion|Stealth Rock|p2a: mencey wencey
|-sidestart|p2: pokemonisfun|move: Stealth Rock
|move|p2a: mencey wencey|Roost|p2a: mencey wencey
|-heal|p2a: mencey wencey|85/100
|-singleturn|p2a: mencey wencey|move: Roost
|
|upkeep
|turn|12
|
|t:|1665846801
|switch|p1a: Slowking|Slowking, M|87/100 brn
|move|p2a: mencey wencey|Wish|p2a: mencey wencey
|
|-damage|p1a: Slowking|81/100 brn|[from] brn
|upkeep
|turn|13
|
|t:|1665846808
|switch|p2a: GOD POD|Golisopod, M|72/100
|move|p1a: Slowking|Future Sight|p2a: GOD POD
|-start|p1a: Slowking|move: Future Sight
|
|-heal|p2a: GOD POD|100/100|[from] move: Wish|[wisher] mencey wencey
|-damage|p1a: Slowking|75/100 brn|[from] brn
|upkeep
|turn|14
|
|t:|1665846814
|switch|p1a: Salamence|Salamence, F|100/100
|-ability|p1a: Salamence|Intimidate|boost
|-unboost|p2a: GOD POD|atk|1
|move|p2a: GOD POD|Spikes|p1a: Salamence
|-sidestart|p1: Fudarus|Spikes
|
|upkeep
|turn|15
|
|t:|1665846817
|switch|p1a: Mamoswine|Mamoswine, M|100/100
|-damage|p1a: Mamoswine|88/100|[from] Spikes
|switch|p2a: megan the eggin|Chansey, F|100/100
|-damage|p2a: megan the eggin|88/100|[from] Stealth Rock
|
|-end|p2a: megan the eggin|move: Future Sight
|-damage|p2a: megan the eggin|75/100
|upkeep
|turn|16
|inactive|pokemonisfun has 120 seconds left.
|
|t:|1665846852
|switch|p2a: GOD POD|Golisopod, M|100/100
|move|p1a: Mamoswine|Knock Off|p2a: GOD POD
|-damage|p2a: GOD POD|61/100
|-enditem|p2a: GOD POD|Heavy-Duty Boots|[from] move: Knock Off|[of] p1a: Mamoswine
|
|upkeep
|turn|17
|inactive|pokemonisfun has 120 seconds left.
|
|t:|1665846862
|switch|p1a: Salamence|Salamence, F|100/100
|-ability|p1a: Salamence|Intimidate|boost
|-unboost|p2a: GOD POD|atk|1
|move|p2a: GOD POD|First Impression|p1a: Salamence
|-resisted|p1a: Salamence
|-damage|p1a: Salamence|81/100
|
|upkeep
|turn|18
|inactive|pokemonisfun has 120 seconds left.
|
|t:|1665846872
|switch|p1a: Cobalion|Cobalion|81/100
|-damage|p1a: Cobalion|68/100|[from] Spikes
|switch|p2a: megan the eggin|Chansey, F|75/100
|-damage|p2a: megan the eggin|63/100|[from] Stealth Rock
|
|upkeep
|turn|19
|
|t:|1665846880
|switch|p1a: Mamoswine|Mamoswine, M|88/100
|-damage|p1a: Mamoswine|76/100|[from] Spikes
|switch|p2a: mencey wencey|Salamence, F|85/100
|-ability|p2a: mencey wencey|Intimidate|boost
|-unboost|p1a: Mamoswine|atk|1
|
|upkeep
|turn|20
|
|t:|1665846893
|move|p2a: mencey wencey|Dual Wingbeat|p1a: Mamoswine
|-damage|p1a: Mamoswine|56/100
|-damage|p1a: Mamoswine|34/100
|-hitcount|p1a: Mamoswine|2
|move|p1a: Mamoswine|Icicle Crash|p2a: mencey wencey|[miss]
|-miss|p1a: Mamoswine|p2a: mencey wencey
|
|upkeep
|turn|21
|c|☆Fudarus|Time to recreat the Holocaust
|inactive|Fudarus has 120 seconds left.
|
|t:|1665846925
|switch|p1a: Nihilego|Nihilego|100/100
|-damage|p1a: Nihilego|88/100|[from] Spikes
|move|p2a: mencey wencey|Wish|p2a: mencey wencey
|
|upkeep
|turn|22
|
|t:|1665846932
|switch|p1a: Cobalion|Cobalion|68/100
|-damage|p1a: Cobalion|56/100|[from] Spikes
|switch|p2a: coba truthin|Cobalion|79/100
|-damage|p2a: coba truthin|76/100|[from] Stealth Rock
|
|-heal|p2a: coba truthin|100/100|[from] move: Wish|[wisher] mencey wencey
|upkeep
|turn|23
|
|t:|1665846940
|move|p2a: coba truthin|Close Combat|p1a: Cobalion
|-supereffective|p1a: Cobalion
|-damage|p1a: Cobalion|0 fnt
|-unboost|p2a: coba truthin|def|1
|-unboost|p2a: coba truthin|spd|1
|-damage|p2a: coba truthin|84/100|[from] item: Rocky Helmet|[of] p1a: Cobalion
|faint|p1a: Cobalion
|
|upkeep
|
|t:|1665846949
|switch|p1a: Slowking|Slowking, M|100/100 brn
|-damage|p1a: Slowking|88/100 brn|[from] Spikes
|turn|24
|
|t:|1665846959
|switch|p2a: megan the eggin|Chansey, F|63/100
|-damage|p2a: megan the eggin|50/100|[from] Stealth Rock
|move|p1a: Slowking|Teleport|p1a: Slowking
|
|t:|1665846963
|switch|p1a: Mamoswine|Mamoswine, M|34/100|[from]move: Teleport
|-damage|p1a: Mamoswine|21/100|[from] Spikes
|
|upkeep
|turn|25
|
|t:|1665846982
|switch|p2a: hoisin poison|Tentacruel, M|77/100
|-damage|p2a: hoisin poison|65/100|[from] Stealth Rock
|move|p1a: Mamoswine|Icicle Crash|p2a: hoisin poison
|-resisted|p2a: hoisin poison
|-damage|p2a: hoisin poison|23/100
|
|-heal|p2a: hoisin poison|29/100|[from] item: Black Sludge
|upkeep
|turn|26
|
|t:|1665846988
|move|p2a: hoisin poison|Rapid Spin|p1a: Mamoswine
|-damage|p1a: Mamoswine|12/100
|-boost|p2a: hoisin poison|spe|1
|-sideend|p2: pokemonisfun|Stealth Rock|[from] move: Rapid Spin|[of] p2a: hoisin poison
|move|p1a: Mamoswine|Icicle Crash|p2a: hoisin poison
|-resisted|p2a: hoisin poison
|-damage|p2a: hoisin poison|0 fnt
|faint|p2a: hoisin poison
|
|upkeep
|
|t:|1665846998
|switch|p2a: Zygarde-10% off|Zygarde-10%|100/100
|-ability|p2a: Zygarde-10% off|Aura Break
|turn|27
|
|t:|1665847002
|switch|p1a: Slowking|Slowking, M|100/100 brn
|-damage|p1a: Slowking|88/100 brn|[from] Spikes
|move|p2a: Zygarde-10% off|Outrage|p1a: Slowking
|-damage|p1a: Slowking|33/100 brn
|
|-damage|p1a: Slowking|27/100 brn|[from] brn
|upkeep
|turn|28
|
|t:|1665847007
|move|p2a: Zygarde-10% off|Outrage|p1a: Slowking|[from]lockedmove
|-damage|p1a: Slowking|0 fnt
|faint|p1a: Slowking
|-start|p2a: Zygarde-10% off|confusion|[fatigue]
|
|upkeep
|
|t:|1665847013
|switch|p1a: Zarude|Zarude-Dada|100/100
|-damage|p1a: Zarude|88/100|[from] Spikes
|turn|29
|
|t:|1665847017
|switch|p2a: coba truthin|Cobalion|84/100
|move|p1a: Zarude|U-turn|p2a: coba truthin
|-resisted|p2a: coba truthin
|-damage|p2a: coba truthin|79/100
|-damage|p1a: Zarude|72/100|[from] item: Rocky Helmet|[of] p2a: coba truthin
|
|t:|1665847019
|switch|p1a: Salamence|Salamence, F|81/100|[from]move: U-turn
|-ability|p1a: Salamence|Intimidate|boost
|-unboost|p2a: coba truthin|atk|1
|
|upkeep
|turn|30
|
|t:|1665847024
|switch|p2a: megan the eggin|Chansey, F|50/100
|move|p1a: Salamence|Draco Meteor|p2a: megan the eggin
|-damage|p2a: megan the eggin|31/100
|-unboost|p1a: Salamence|spa|2
|
|upkeep
|turn|31
|c|☆Fudarus|Yeah gg
|-message|Fudarus forfeited.
|
|win|pokemonisfun
|raw|Fudarus's rating: 1679 &rarr; <strong>1663</strong><br />(-16 for losing)
|raw|pokemonisfun's rating: 1756 &rarr; <strong>1772</strong><br />(+16 for winning)
|c|☆pokemonisfun|sry for hax
|c|☆pokemonisfun|gg
|c|☆Fudarus|Am pissed of
|c|☆Fudarus|Ngl
|c|☆pokemonisfun|yeah
|c|☆pokemonisfun|nothing to make you feel better
|c|☆pokemonisfun|this game sucks sometims
|c|☆pokemonisfun|sorry
|l|☆pokemonisfun
|c|☆Fudarus|I even tried to play a litel more agresive like i used to
|l|☆Fudarus
||Ladder isn't responding, score probably updated but might not have (Request timeout).
|j|☆Fudarus
|player|p1|Fudarus|blackbelt-gen4
