|j|☆Fairlumbo
|j|☆ConicSans
|player|p1|Fairlumbo|209|
|player|p2|ConicSans|marlon|
|teamsize|p1|6
|teamsize|p2|6
|gametype|singles
|gen|8
|tier|[Gen 8] UU
|rated|Tournament battle
|html|<div class="broadcast-red"><strong>UU is currently suspecting Mamoswine! For information on how to participate check out the <a href="https://www.smogon.com/forums/threads/3661513/">suspect thread</a>.</strong></div>
|clearpoke
|poke|p1|Gardevoir, F|
|poke|p1|Cobalion|
|poke|p1|Rotom-Wash|
|poke|p1|Mamoswine, M|
|poke|p1|Incineroar, M|
|poke|p1|Celebi|
|poke|p2|Ribombee, M|
|poke|p2|Reuniclus, F|
|poke|p2|Cobalion|
|poke|p2|Mamoswine, M|
|poke|p2|Golisopod, F|
|poke|p2|Noivern, M|
|rule|Sleep Clause Mod: Limit one foe put to sleep
|rule|Species Clause: Limit one of each Pokémon
|rule|OHKO Clause: OHKO moves are banned
|rule|Evasion Moves Clause: Evasion moves are banned
|rule|Endless Battle Clause: Forcing endless battles is banned
|rule|HP Percentage Mod: HP is shown in percentages
|rule|Dynamax Clause: You cannot dynamax
|teampreview
|j| pokµemoµnisfunµ
|j| Thyst
|j| kjd919
|c|☆ConicSans|aye this is my first time playing a UU roomtour before
|j| Datsplashtho
|c|☆ConicSans|glad i could make it this far
|c|☆ConicSans|glhf :)
|c|☆Fairlumbo|u2
|j| hockeyfan608
|
|start
|switch|p1a: Celebi|Celebi|100/100
|switch|p2a: Mamoswine|Mamoswine, M|100/100
|turn|1
|
|move|p1a: Celebi|U-turn|p2a: Mamoswine
|-damage|p2a: Mamoswine|84/100
|
|switch|p1a: Rotom|Rotom-Wash|100/100|[from]move: U-turn
|move|p2a: Mamoswine|Knock Off|p1a: Rotom
|-damage|p1a: Rotom|53/100
|-enditem|p1a: Rotom|Leftovers|[from] move: Knock Off|[of] p2a: Mamoswine
|-damage|p2a: Mamoswine|74/100|[from] item: Life Orb
|
|upkeep
|turn|2
|
|switch|p2a: Reuniclus|Reuniclus, F, shiny|100/100
|move|p1a: Rotom|Will-O-Wisp|p2a: Reuniclus
|-status|p2a: Reuniclus|brn
|
|-damage|p2a: Reuniclus|94/100 brn|[from] brn
|upkeep
|turn|3
|
|move|p1a: Rotom|Volt Switch|p2a: Reuniclus
|-damage|p2a: Reuniclus|80/100 brn
|
|switch|p1a: Gardevoir|Gardevoir, F|100/100|[from]move: Volt Switch
|-ability|p1a: Gardevoir|Regenerator|[from] ability: Trace|[of] p2a: Reuniclus
|move|p2a: Reuniclus|Focus Blast|p1a: Gardevoir
|-resisted|p1a: Gardevoir
|-damage|p1a: Gardevoir|89/100
|
|-damage|p2a: Reuniclus|74/100 brn|[from] brn
|upkeep
|turn|4
|
|move|p1a: Gardevoir|Moonblast|p2a: Reuniclus
|-damage|p2a: Reuniclus|31/100 brn
|move|p2a: Reuniclus|Shadow Ball|p1a: Gardevoir
|-supereffective|p1a: Gardevoir
|-damage|p1a: Gardevoir|34/100
|
|-damage|p2a: Reuniclus|25/100 brn|[from] brn
|upkeep
|turn|5
|
|switch|p2a: Golisopod|Golisopod, F, shiny|100/100
|move|p1a: Gardevoir|Moonblast|p2a: Golisopod
|-damage|p2a: Golisopod|30/100
|-activate|p2a: Golisopod|ability: Emergency Exit
|
|switch|p2a: Ribombee|Ribombee, M, shiny|100/100
|
|upkeep
|turn|6
|
|switch|p1a: Cobalion|Cobalion|100/100
|move|p2a: Ribombee|Moonblast|p1a: Cobalion
|-damage|p1a: Cobalion|24/100
|-unboost|p1a: Cobalion|spa|1
|
|upkeep
|turn|7
|
|move|p2a: Ribombee|Moonblast|p1a: Cobalion
|-damage|p1a: Cobalion|0 fnt
|faint|p1a: Cobalion
|
|upkeep
|
|switch|p1a: Incineroar|Incineroar, M|100/100
|-ability|p1a: Incineroar|Intimidate|boost
|-unboost|p2a: Ribombee|atk|1
|turn|8
|
|switch|p2a: Noivern|Noivern, M|100/100
|move|p1a: Incineroar|Flare Blitz|p2a: Noivern
|-resisted|p2a: Noivern
|-damage|p2a: Noivern|70/100
|-damage|p1a: Incineroar|92/100|[from] Recoil
|
|upkeep
|turn|9
|
|move|p2a: Noivern|Hurricane|p1a: Incineroar|[miss]
|-miss|p2a: Noivern|p1a: Incineroar
|move|p1a: Incineroar|Knock Off|p2a: Noivern
|-damage|p2a: Noivern|21/100
|-enditem|p2a: Noivern|Heavy-Duty Boots|[from] move: Knock Off|[of] p1a: Incineroar
|
|upkeep
|turn|10
|
|move|p2a: Noivern|Roost|p2a: Noivern
|-heal|p2a: Noivern|71/100
|-singleturn|p2a: Noivern|move: Roost
|move|p1a: Incineroar|Parting Shot|p2a: Noivern
|-unboost|p2a: Noivern|atk|1
|-unboost|p2a: Noivern|spa|1
|
|switch|p1a: Rotom|Rotom-Wash|53/100|[from]move: Parting Shot
|
|upkeep
|turn|11
|
|move|p2a: Noivern|Hurricane|p1a: Rotom
|-resisted|p1a: Rotom
|-damage|p1a: Rotom|37/100
|move|p1a: Rotom|Volt Switch|p2a: Noivern
|-damage|p2a: Noivern|37/100
|
|switch|p1a: Mamoswine|Mamoswine, M|100/100|[from]move: Volt Switch
|
|upkeep
|turn|12
|
|switch|p2a: Golisopod|Golisopod, F, shiny|30/100
|move|p1a: Mamoswine|Ice Shard|p2a: Golisopod
|-resisted|p2a: Golisopod
|-crit|p2a: Golisopod
|-damage|p2a: Golisopod|13/100
|-damage|p1a: Mamoswine|91/100|[from] item: Life Orb
|
|upkeep
|turn|13
|
|move|p2a: Golisopod|First Impression|p1a: Mamoswine
|-damage|p1a: Mamoswine|35/100
|move|p1a: Mamoswine|Knock Off|p2a: Golisopod
|-crit|p2a: Golisopod
|-damage|p2a: Golisopod|0 fnt
|-enditem|p2a: Golisopod|Heavy-Duty Boots|[from] move: Knock Off|[of] p1a: Mamoswine
|-damage|p1a: Mamoswine|25/100|[from] item: Life Orb
|faint|p2a: Golisopod
|
|upkeep
|
|switch|p2a: Cobalion|Cobalion, shiny|100/100
|turn|14
|
|switch|p1a: Celebi|Celebi|100/100
|move|p2a: Cobalion|Iron Head|p1a: Celebi
|-damage|p1a: Celebi|69/100
|
|upkeep
|turn|15
|
|move|p1a: Celebi|Psychic|p2a: Cobalion
|-damage|p2a: Cobalion|48/100
|move|p2a: Cobalion|Swords Dance|p2a: Cobalion
|-boost|p2a: Cobalion|atk|2
|
|upkeep
|turn|16
|
|switch|p2a: Reuniclus|Reuniclus, F, shiny|59/100 brn
|move|p1a: Celebi|Psychic|p2a: Reuniclus
|-resisted|p2a: Reuniclus
|-damage|p2a: Reuniclus|48/100 brn
|
|-damage|p2a: Reuniclus|42/100 brn|[from] brn
|upkeep
|turn|17
|
|switch|p1a: Incineroar|Incineroar, M|92/100
|-ability|p1a: Incineroar|Intimidate|boost
|-unboost|p2a: Reuniclus|atk|1
|move|p2a: Reuniclus|Shadow Ball|p1a: Incineroar
|-resisted|p1a: Incineroar
|-damage|p1a: Incineroar|81/100
|
|-damage|p2a: Reuniclus|36/100 brn|[from] brn
|upkeep
|turn|18
|
|move|p1a: Incineroar|Flare Blitz|p2a: Reuniclus
|-damage|p2a: Reuniclus|0 fnt
|-damage|p1a: Incineroar|68/100|[from] Recoil
|faint|p2a: Reuniclus
|
|upkeep
|
|switch|p2a: Mamoswine|Mamoswine, M|74/100
|turn|19
|
|move|p2a: Mamoswine|Earthquake|p1a: Incineroar
|-supereffective|p1a: Incineroar
|-damage|p1a: Incineroar|0 fnt
|-damage|p2a: Mamoswine|64/100|[from] item: Life Orb
|faint|p1a: Incineroar
|
|upkeep
|
|switch|p1a: Rotom|Rotom-Wash|37/100
|turn|20
|
|switch|p2a: Noivern|Noivern, M|37/100
|move|p1a: Rotom|Will-O-Wisp|p2a: Noivern
|-status|p2a: Noivern|brn
|
|-damage|p2a: Noivern|31/100 brn|[from] brn
|upkeep
|turn|21
|
|move|p2a: Noivern|Roost|p2a: Noivern
|-heal|p2a: Noivern|82/100 brn
|-singleturn|p2a: Noivern|move: Roost
|move|p1a: Rotom|Volt Switch|p2a: Noivern
|-resisted|p2a: Noivern
|-damage|p2a: Noivern|66/100 brn
|
|switch|p1a: Mamoswine|Mamoswine, M|25/100|[from]move: Volt Switch
|
|-damage|p2a: Noivern|60/100 brn|[from] brn
|upkeep
|turn|22
|
|move|p2a: Noivern|Flamethrower|p1a: Mamoswine
|-supereffective|p1a: Mamoswine
|-damage|p1a: Mamoswine|0 fnt
|faint|p1a: Mamoswine
|
|-damage|p2a: Noivern|54/100 brn|[from] brn
|upkeep
|
|switch|p1a: Gardevoir|Gardevoir, F|67/100
|-ability|p1a: Gardevoir|Infiltrator|[from] ability: Trace|[of] p2a: Noivern
|turn|23
|
|move|p2a: Noivern|Flamethrower|p1a: Gardevoir
|-damage|p1a: Gardevoir|41/100
|-status|p1a: Gardevoir|brn
|move|p1a: Gardevoir|Moonblast|p2a: Noivern
|-supereffective|p2a: Noivern
|-damage|p2a: Noivern|0 fnt
|faint|p2a: Noivern
|
|-damage|p1a: Gardevoir|35/100 brn|[from] brn
|upkeep
|
|switch|p2a: Ribombee|Ribombee, M, shiny|100/100
|turn|24
|
|switch|p1a: Celebi|Celebi|69/100
|move|p2a: Ribombee|Bug Buzz|p1a: Celebi
|-supereffective|p1a: Celebi
|-damage|p1a: Celebi|0 fnt
|faint|p1a: Celebi
|
|upkeep
|-message|Fairlumbo forfeited.
|
|win|ConicSans
