|j|☆uubf6 im done
|j|☆Xoyjaz
|t:|1618953468
|gametype|singles
|player|p1|uubf6 im done|maid-gen4|1450
|player|p2|Xoyjaz|lucas|1461
|teamsize|p1|6
|teamsize|p2|6
|gen|8
|tier|[Gen 8] UU
|rated|
|clearpoke
|poke|p1|Milotic, F|
|poke|p1|Umbreon, F|
|poke|p1|Chansey, F|
|poke|p1|Amoonguss, F|
|poke|p1|Pyukumuku, M|
|poke|p1|Salamence, M|
|poke|p2|Mamoswine, M|
|poke|p2|Cobalion|
|poke|p2|Crawdaunt, M|
|poke|p2|Salamence, F|
|poke|p2|Rotom-Wash|
|poke|p2|Scizor, M|
|rule|Sleep Clause Mod: Limit one foe put to sleep
|rule|Species Clause: Limit one of each Pokémon
|rule|OHKO Clause: OHKO moves are banned
|rule|Evasion Moves Clause: Evasion moves are banned
|rule|Endless Battle Clause: Forcing endless battles is banned
|rule|HP Percentage Mod: HP is shown in percentages
|rule|Dynamax Clause: You cannot dynamax
|teampreview
|inactive|Battle timer is ON: inactive players will automatically lose when time's up. (requested by Xoyjaz)
|
|t:|1618953493
|start
|switch|p1a: Chansey|Chansey, F|100/100
|switch|p2a: SiVer Donkey|Cobalion|100/100
|turn|1
|
|t:|1618953504
|switch|p1a: Salamence|Salamence, M|100/100
|-ability|p1a: Salamence|Intimidate|boost
|-unboost|p2a: SiVer Donkey|atk|1
|move|p2a: SiVer Donkey|Taunt|p1a: Salamence
|-start|p1a: Salamence|move: Taunt
|
|upkeep
|turn|2
|j| lolorigolo
|
|t:|1618953509
|move|p2a: SiVer Donkey|Stealth Rock|p1a: Salamence
|-sidestart|p1: uubf6 im done|move: Stealth Rock
|move|p1a: Salamence|Flamethrower|p2a: SiVer Donkey
|-supereffective|p2a: SiVer Donkey
|-damage|p2a: SiVer Donkey|39/100
|
|upkeep
|turn|3
|
|t:|1618953513
|move|p2a: SiVer Donkey|Iron Head|p1a: Salamence
|-damage|p1a: Salamence|83/100
|move|p1a: Salamence|Flamethrower|p2a: SiVer Donkey
|-supereffective|p2a: SiVer Donkey
|-damage|p2a: SiVer Donkey|0 fnt
|faint|p2a: SiVer Donkey
|
|-end|p1a: Salamence|move: Taunt
|upkeep
|
|t:|1618953519
|switch|p2a: FAT MAN|Mamoswine, M|100/100
|turn|4
|
|t:|1618953523
|switch|p1a: Pyukumuku|Pyukumuku, M|100/100
|move|p2a: FAT MAN|Earthquake|p1a: Pyukumuku
|-damage|p1a: Pyukumuku|54/100
|-damage|p2a: FAT MAN|91/100|[from] item: Life Orb
|
|upkeep
|turn|5
|
|t:|1618953527
|move|p2a: FAT MAN|Knock Off|p1a: Pyukumuku
|-damage|p1a: Pyukumuku|23/100
|-enditem|p1a: Pyukumuku|Heavy-Duty Boots|[from] move: Knock Off|[of] p2a: FAT MAN
|-damage|p2a: FAT MAN|81/100|[from] item: Life Orb
|move|p1a: Pyukumuku|Recover|p1a: Pyukumuku
|-heal|p1a: Pyukumuku|73/100
|
|upkeep
|turn|6
|
|t:|1618953536
|switch|p2a: Return my calls|Salamence, F|100/100
|-ability|p2a: Return my calls|Intimidate|boost
|-unboost|p1a: Pyukumuku|atk|1
|move|p1a: Pyukumuku|Recover|p1a: Pyukumuku
|-heal|p1a: Pyukumuku|100/100
|
|upkeep
|turn|7
|
|t:|1618953544
|switch|p1a: Chansey|Chansey, F|100/100
|-damage|p1a: Chansey|88/100|[from] Stealth Rock
|move|p2a: Return my calls|Hurricane|p1a: Chansey
|-damage|p1a: Chansey|73/100
|
|upkeep
|turn|8
|
|t:|1618953550
|switch|p2a: Bombaclat|Crawdaunt, M, shiny|100/100
|move|p1a: Chansey|Stealth Rock|p2a: Bombaclat
|-sidestart|p2: Xoyjaz|move: Stealth Rock
|
|upkeep
|turn|9
|
|t:|1618953561
|switch|p1a: Salamence|Salamence, M|83/100
|-ability|p1a: Salamence|Intimidate|boost
|-unboost|p2a: Bombaclat|atk|1
|move|p2a: Bombaclat|Knock Off|p1a: Salamence
|-damage|p1a: Salamence|32/100
|-enditem|p1a: Salamence|Heavy-Duty Boots|[from] move: Knock Off|[of] p2a: Bombaclat
|
|upkeep
|turn|10
|
|t:|1618953568
|switch|p2a: Rotom|Rotom-Wash|100/100
|-damage|p2a: Rotom|88/100|[from] Stealth Rock
|move|p1a: Salamence|Roost|p1a: Salamence
|-heal|p1a: Salamence|82/100
|-singleturn|p1a: Salamence|move: Roost
|
|-heal|p2a: Rotom|94/100|[from] item: Leftovers
|upkeep
|turn|11
|
|t:|1618953572
|move|p2a: Rotom|Will-O-Wisp|p1a: Salamence|[miss]
|-miss|p2a: Rotom|p1a: Salamence
|move|p1a: Salamence|Roost|p1a: Salamence
|-heal|p1a: Salamence|100/100
|-singleturn|p1a: Salamence|move: Roost
|
|-heal|p2a: Rotom|100/100|[from] item: Leftovers
|upkeep
|turn|12
|
|t:|1618953577
|move|p2a: Rotom|Volt Switch|p1a: Salamence
|-damage|p1a: Salamence|65/100
|
|t:|1618953580
|switch|p2a: Scizor|Scizor, M|100/100|[from]move: Volt Switch
|-damage|p2a: Scizor|88/100|[from] Stealth Rock
|move|p1a: Salamence|Toxic|p2a: Scizor
|-immune|p2a: Scizor
|
|-heal|p2a: Scizor|94/100|[from] item: Leftovers
|upkeep
|turn|13
|
|t:|1618953590
|switch|p2a: Rotom|Rotom-Wash|100/100
|-damage|p2a: Rotom|88/100|[from] Stealth Rock
|move|p1a: Salamence|Flamethrower|p2a: Rotom
|-resisted|p2a: Rotom
|-damage|p2a: Rotom|73/100
|
|-heal|p2a: Rotom|79/100|[from] item: Leftovers
|upkeep
|turn|14
|
|t:|1618953595
|switch|p2a: FAT MAN|Mamoswine, M|81/100
|-damage|p2a: FAT MAN|68/100|[from] Stealth Rock
|move|p1a: Salamence|Roost|p1a: Salamence
|-heal|p1a: Salamence|100/100
|-singleturn|p1a: Salamence|move: Roost
|
|upkeep
|turn|15
|j| Arisage
|
|t:|1618953603
|switch|p1a: Milotic|Milotic, F|100/100
|-damage|p1a: Milotic|88/100|[from] Stealth Rock
|move|p2a: FAT MAN|Icicle Crash|p1a: Milotic
|-resisted|p1a: Milotic
|-damage|p1a: Milotic|59/100
|-damage|p2a: FAT MAN|58/100|[from] item: Life Orb
|
|-heal|p1a: Milotic|65/100|[from] item: Leftovers
|upkeep
|turn|16
|
|t:|1618953608
|move|p2a: FAT MAN|Earthquake|p1a: Milotic
|-damage|p1a: Milotic|0 fnt
|-damage|p2a: FAT MAN|48/100|[from] item: Life Orb
|faint|p1a: Milotic
|
|upkeep
|
|t:|1618953613
|switch|p1a: Umbreon|Umbreon, F|100/100
|-damage|p1a: Umbreon|88/100|[from] Stealth Rock
|turn|17
|
|t:|1618953621
|switch|p2a: Bombaclat|Crawdaunt, M, shiny|100/100
|-damage|p2a: Bombaclat|88/100|[from] Stealth Rock
|move|p1a: Umbreon|Payback|p2a: Bombaclat
|-resisted|p2a: Bombaclat
|-damage|p2a: Bombaclat|80/100
|
|-heal|p1a: Umbreon|94/100|[from] item: Leftovers
|upkeep
|turn|18
|
|t:|1618953627
|switch|p1a: Salamence|Salamence, M|100/100
|-damage|p1a: Salamence|76/100|[from] Stealth Rock
|-ability|p1a: Salamence|Intimidate|boost
|-unboost|p2a: Bombaclat|atk|1
|move|p2a: Bombaclat|Close Combat|p1a: Salamence
|-resisted|p1a: Salamence
|-damage|p1a: Salamence|59/100
|-unboost|p2a: Bombaclat|def|1
|-unboost|p2a: Bombaclat|spd|1
|
|upkeep
|turn|19
|
|t:|1618953632
|switch|p2a: Rotom|Rotom-Wash|79/100
|-damage|p2a: Rotom|67/100|[from] Stealth Rock
|move|p1a: Salamence|Roost|p1a: Salamence
|-heal|p1a: Salamence|100/100
|-singleturn|p1a: Salamence|move: Roost
|
|-heal|p2a: Rotom|73/100|[from] item: Leftovers
|upkeep
|turn|20
|
|t:|1618953642
|move|p2a: Rotom|Will-O-Wisp|p1a: Salamence
|-status|p1a: Salamence|brn
|move|p1a: Salamence|Toxic|p2a: Rotom
|-status|p2a: Rotom|tox
|
|-heal|p2a: Rotom|79/100 tox|[from] item: Leftovers
|-damage|p2a: Rotom|73/100 tox|[from] psn
|-damage|p1a: Salamence|94/100 brn|[from] brn
|upkeep
|turn|21
|
|t:|1618953659
|move|p2a: Rotom|Hydro Pump|p1a: Salamence|[miss]
|-miss|p2a: Rotom|p1a: Salamence
|move|p1a: Salamence|Toxic|p2a: Rotom|[miss]
|-miss|p1a: Salamence|p2a: Rotom
|
|-heal|p2a: Rotom|79/100 tox|[from] item: Leftovers
|-damage|p2a: Rotom|67/100 tox|[from] psn
|-damage|p1a: Salamence|88/100 brn|[from] brn
|upkeep
|turn|22
|
|t:|1618953668
|move|p2a: Rotom|Volt Switch|p1a: Salamence
|-damage|p1a: Salamence|54/100 brn
|
|t:|1618953676
|switch|p2a: Return my calls|Salamence, F|100/100|[from]move: Volt Switch
|-ability|p2a: Return my calls|Intimidate|boost
|-unboost|p1a: Salamence|atk|1
|move|p1a: Salamence|Flamethrower|p2a: Return my calls
|-resisted|p2a: Return my calls
|-damage|p2a: Return my calls|87/100
|
|-damage|p1a: Salamence|48/100 brn|[from] brn
|upkeep
|turn|23
|
|t:|1618953684
|switch|p2a: Bombaclat|Crawdaunt, M, shiny|80/100
|-damage|p2a: Bombaclat|68/100|[from] Stealth Rock
|switch|p1a: Umbreon|Umbreon, F|94/100
|-damage|p1a: Umbreon|82/100|[from] Stealth Rock
|
|-heal|p1a: Umbreon|88/100|[from] item: Leftovers
|upkeep
|turn|24
|
|t:|1618953712
|switch|p1a: Amoonguss|Amoonguss, F|100/100
|move|p2a: Bombaclat|Knock Off|p1a: Amoonguss
|-damage|p1a: Amoonguss|17/100
|-enditem|p1a: Amoonguss|Heavy-Duty Boots|[from] move: Knock Off|[of] p2a: Bombaclat
|
|upkeep
|turn|25
|
|t:|1618953719
|switch|p1a: Umbreon|Umbreon, F|88/100
|-damage|p1a: Umbreon|75/100|[from] Stealth Rock
|move|p2a: Bombaclat|Knock Off|p1a: Umbreon
|-resisted|p1a: Umbreon
|-crit|p1a: Umbreon
|-damage|p1a: Umbreon|16/100
|-enditem|p1a: Umbreon|Leftovers|[from] move: Knock Off|[of] p2a: Bombaclat
|
|upkeep
|turn|26
|
|t:|1618953726
|move|p2a: Bombaclat|Knock Off|p1a: Umbreon
|-resisted|p1a: Umbreon
|-damage|p1a: Umbreon|0 fnt
|faint|p1a: Umbreon
|
|upkeep
|
|t:|1618953729
|switch|p1a: Salamence|Salamence, M|48/100 brn
|-damage|p1a: Salamence|23/100 brn|[from] Stealth Rock
|-ability|p1a: Salamence|Intimidate|boost
|-unboost|p2a: Bombaclat|atk|1
|turn|27
|
|t:|1618953740
|switch|p2a: Rotom|Rotom-Wash|67/100 tox
|-damage|p2a: Rotom|54/100 tox|[from] Stealth Rock
|move|p1a: Salamence|Roost|p1a: Salamence
|-heal|p1a: Salamence|73/100 brn
|-singleturn|p1a: Salamence|move: Roost
|
|-heal|p2a: Rotom|61/100 tox|[from] item: Leftovers
|-damage|p2a: Rotom|54/100 tox|[from] psn
|-damage|p1a: Salamence|67/100 brn|[from] brn
|upkeep
|turn|28
|
|t:|1618953743
|move|p2a: Rotom|Volt Switch|p1a: Salamence
|-damage|p1a: Salamence|33/100 brn
|
|t:|1618953745
|switch|p2a: FAT MAN|Mamoswine, M|48/100|[from]move: Volt Switch
|-damage|p2a: FAT MAN|36/100|[from] Stealth Rock
|move|p1a: Salamence|Roost|p1a: Salamence
|-heal|p1a: Salamence|83/100 brn
|-singleturn|p1a: Salamence|move: Roost
|
|-damage|p1a: Salamence|77/100 brn|[from] brn
|upkeep
|turn|29
|
|t:|1618953752
|move|p2a: FAT MAN|Earthquake|p1a: Salamence
|-immune|p1a: Salamence
|move|p1a: Salamence|Flamethrower|p2a: FAT MAN
|-supereffective|p2a: FAT MAN
|-damage|p2a: FAT MAN|0 fnt
|faint|p2a: FAT MAN
|
|-damage|p1a: Salamence|71/100 brn|[from] brn
|upkeep
|
|t:|1618953754
|switch|p2a: Return my calls|Salamence, F|87/100
|-ability|p2a: Return my calls|Intimidate|boost
|-unboost|p1a: Salamence|atk|1
|turn|30
|
|t:|1618953761
|switch|p1a: Chansey|Chansey, F|73/100
|-damage|p1a: Chansey|60/100|[from] Stealth Rock
|move|p2a: Return my calls|Draco Meteor|p1a: Chansey
|-damage|p1a: Chansey|41/100
|-unboost|p2a: Return my calls|spa|2
|
|upkeep
|turn|31
|
|t:|1618953766
|switch|p2a: Bombaclat|Crawdaunt, M, shiny|68/100
|-damage|p2a: Bombaclat|55/100|[from] Stealth Rock
|move|p1a: Chansey|Soft-Boiled|p1a: Chansey
|-heal|p1a: Chansey|91/100
|
|upkeep
|turn|32
|
|t:|1618953770
|switch|p1a: Salamence|Salamence, M|71/100 brn
|-damage|p1a: Salamence|46/100 brn|[from] Stealth Rock
|-ability|p1a: Salamence|Intimidate|boost
|-unboost|p2a: Bombaclat|atk|1
|move|p2a: Bombaclat|Knock Off|p1a: Salamence
|-damage|p1a: Salamence|10/100 brn
|
|-damage|p1a: Salamence|4/100 brn|[from] brn
|upkeep
|turn|33
|
|t:|1618953775
|switch|p2a: Return my calls|Salamence, F|87/100
|-ability|p2a: Return my calls|Intimidate|boost
|-unboost|p1a: Salamence|atk|1
|move|p1a: Salamence|Roost|p1a: Salamence
|-heal|p1a: Salamence|54/100 brn
|-singleturn|p1a: Salamence|move: Roost
|
|-damage|p1a: Salamence|48/100 brn|[from] brn
|upkeep
|turn|34
|
|t:|1618953789
|switch|p1a: Chansey|Chansey, F|91/100
|-damage|p1a: Chansey|78/100|[from] Stealth Rock
|move|p2a: Return my calls|Draco Meteor|p1a: Chansey
|-damage|p1a: Chansey|60/100
|-unboost|p2a: Return my calls|spa|2
|
|upkeep
|turn|35
|
|t:|1618953797
|switch|p2a: Bombaclat|Crawdaunt, M, shiny|55/100
|-damage|p2a: Bombaclat|43/100|[from] Stealth Rock
|move|p1a: Chansey|Seismic Toss|p2a: Bombaclat
|-damage|p2a: Bombaclat|5/100
|
|upkeep
|turn|36
|
|t:|1618953807
|switch|p1a: Amoonguss|Amoonguss, F|50/100
|-damage|p1a: Amoonguss|38/100|[from] Stealth Rock
|move|p2a: Bombaclat|Knock Off|p1a: Amoonguss
|-damage|p1a: Amoonguss|0 fnt
|faint|p1a: Amoonguss
|
|upkeep
|
|t:|1618953810
|switch|p1a: Salamence|Salamence, M|48/100 brn
|-damage|p1a: Salamence|23/100 brn|[from] Stealth Rock
|-ability|p1a: Salamence|Intimidate|boost
|-unboost|p2a: Bombaclat|atk|1
|turn|37
|
|t:|1618953816
|move|p1a: Salamence|Roost|p1a: Salamence
|-heal|p1a: Salamence|73/100 brn
|-singleturn|p1a: Salamence|move: Roost
|move|p2a: Bombaclat|Knock Off|p1a: Salamence
|-damage|p1a: Salamence|36/100 brn
|
|-damage|p1a: Salamence|30/100 brn|[from] brn
|upkeep
|turn|38
|
|t:|1618953819
|move|p1a: Salamence|Roost|p1a: Salamence
|-heal|p1a: Salamence|80/100 brn
|-singleturn|p1a: Salamence|move: Roost
|move|p2a: Bombaclat|Knock Off|p1a: Salamence
|-damage|p1a: Salamence|46/100 brn
|
|-damage|p1a: Salamence|40/100 brn|[from] brn
|upkeep
|turn|39
|
|t:|1618953825
|switch|p2a: Rotom|Rotom-Wash|54/100 tox
|-damage|p2a: Rotom|42/100 tox|[from] Stealth Rock
|move|p1a: Salamence|Roost|p1a: Salamence
|-heal|p1a: Salamence|90/100 brn
|-singleturn|p1a: Salamence|move: Roost
|
|-heal|p2a: Rotom|48/100 tox|[from] item: Leftovers
|-damage|p2a: Rotom|42/100 tox|[from] psn
|-damage|p1a: Salamence|83/100 brn|[from] brn
|upkeep
|turn|40
|
|t:|1618953829
|switch|p1a: Chansey|Chansey, F|60/100
|-damage|p1a: Chansey|47/100|[from] Stealth Rock
|move|p2a: Rotom|Defog|p1a: Chansey
|-unboost|p1a: Chansey|evasion|1
|-sideend|p1: uubf6 im done|Stealth Rock|[from] move: Defog|[of] p2a: Rotom
|-sideend|p2: Xoyjaz|Stealth Rock|[from] move: Defog|[of] p2a: Rotom
|
|-heal|p2a: Rotom|48/100 tox|[from] item: Leftovers
|-damage|p2a: Rotom|36/100 tox|[from] psn
|upkeep
|turn|41
|
|t:|1618953833
|move|p2a: Rotom|Volt Switch|p1a: Chansey
|-damage|p1a: Chansey|37/100
|
|t:|1618953836
|switch|p2a: Bombaclat|Crawdaunt, M, shiny|5/100|[from]move: Volt Switch
|move|p1a: Chansey|Soft-Boiled|p1a: Chansey
|-heal|p1a: Chansey|87/100
|
|upkeep
|turn|42
|
|t:|1618953843
|switch|p1a: Salamence|Salamence, M|83/100 brn
|-ability|p1a: Salamence|Intimidate|boost
|-unboost|p2a: Bombaclat|atk|1
|move|p2a: Bombaclat|Knock Off|p1a: Salamence
|-damage|p1a: Salamence|48/100 brn
|
|-damage|p1a: Salamence|42/100 brn|[from] brn
|upkeep
|turn|43
|
|t:|1618953851
|switch|p2a: Return my calls|Salamence, F|87/100
|-ability|p2a: Return my calls|Intimidate|boost
|-unboost|p1a: Salamence|atk|1
|move|p1a: Salamence|Roost|p1a: Salamence
|-heal|p1a: Salamence|92/100 brn
|-singleturn|p1a: Salamence|move: Roost
|
|-damage|p1a: Salamence|86/100 brn|[from] brn
|upkeep
|turn|44
|
|t:|1618953855
|switch|p2a: Scizor|Scizor, M|94/100
|switch|p1a: Chansey|Chansey, F|87/100
|
|-heal|p2a: Scizor|99/100|[from] item: Leftovers
|upkeep
|turn|45
|
|t:|1618953864
|move|p2a: Scizor|Swords Dance|p2a: Scizor
|-boost|p2a: Scizor|atk|2
|move|p1a: Chansey|Stealth Rock|p2a: Scizor
|-sidestart|p2: Xoyjaz|move: Stealth Rock
|
|-heal|p2a: Scizor|100/100|[from] item: Leftovers
|upkeep
|turn|46
|
|t:|1618953868
|switch|p1a: Pyukumuku|Pyukumuku, M|100/100
|move|p2a: Scizor|Knock Off|p1a: Pyukumuku
|-damage|p1a: Pyukumuku|88/100
|
|upkeep
|turn|47
|
|t:|1618953874
|move|p2a: Scizor|Swords Dance|p2a: Scizor
|-boost|p2a: Scizor|atk|2
|move|p1a: Pyukumuku|Soak|p2a: Scizor
|-start|p2a: Scizor|typechange|Water
|
|upkeep
|turn|48
|
|t:|1618953880
|switch|p2a: Rotom|Rotom-Wash|36/100 tox
|-damage|p2a: Rotom|23/100 tox|[from] Stealth Rock
|move|p1a: Pyukumuku|Toxic|p2a: Rotom
|-fail|p2a: Rotom|tox
|
|-heal|p2a: Rotom|30/100 tox|[from] item: Leftovers
|-damage|p2a: Rotom|23/100 tox|[from] psn
|upkeep
|turn|49
|
|t:|1618953884
|switch|p1a: Chansey|Chansey, F|87/100
|move|p2a: Rotom|Defog|p1a: Chansey
|-unboost|p1a: Chansey|evasion|1
|-sideend|p2: Xoyjaz|Stealth Rock|[from] move: Defog|[of] p2a: Rotom
|
|-heal|p2a: Rotom|30/100 tox|[from] item: Leftovers
|-damage|p2a: Rotom|17/100 tox|[from] psn
|upkeep
|turn|50
|
|t:|1618953889
|move|p2a: Rotom|Volt Switch|p1a: Chansey
|-damage|p1a: Chansey|77/100
|
|t:|1618953892
|switch|p2a: Bombaclat|Crawdaunt, M, shiny|5/100|[from]move: Volt Switch
|move|p1a: Chansey|Seismic Toss|p2a: Bombaclat
|-damage|p2a: Bombaclat|0 fnt
|faint|p2a: Bombaclat
|
|upkeep
|
|t:|1618953900
|switch|p2a: Scizor|Scizor, M|100/100
|turn|51
|
|t:|1618953902
|switch|p1a: Pyukumuku|Pyukumuku, M|88/100
|move|p2a: Scizor|Knock Off|p1a: Pyukumuku
|-crit|p1a: Pyukumuku
|-damage|p1a: Pyukumuku|69/100
|
|upkeep
|turn|52
|
|t:|1618953909
|move|p2a: Scizor|Bullet Punch|p1a: Pyukumuku
|-resisted|p1a: Pyukumuku
|-damage|p1a: Pyukumuku|61/100
|move|p1a: Pyukumuku|Recover|p1a: Pyukumuku
|-heal|p1a: Pyukumuku|100/100
|
|upkeep
|turn|53
|
|t:|1618953918
|switch|p2a: Return my calls|Salamence, F|87/100
|-ability|p2a: Return my calls|Intimidate|boost
|-unboost|p1a: Pyukumuku|atk|1
|move|p1a: Pyukumuku|Soak|p2a: Return my calls
|-start|p2a: Return my calls|typechange|Water
|
|upkeep
|turn|54
|
|t:|1618953922
|switch|p2a: Scizor|Scizor, M|100/100
|switch|p1a: Chansey|Chansey, F|77/100
|
|upkeep
|turn|55
|
|t:|1618953925
|switch|p1a: Pyukumuku|Pyukumuku, M|100/100
|move|p2a: Scizor|Knock Off|p1a: Pyukumuku
|-damage|p1a: Pyukumuku|89/100
|
|upkeep
|turn|56
|
|t:|1618953928
|switch|p2a: Return my calls|Salamence, F|87/100
|-ability|p2a: Return my calls|Intimidate|boost
|-unboost|p1a: Pyukumuku|atk|1
|move|p1a: Pyukumuku|Toxic|p2a: Return my calls
|-status|p2a: Return my calls|tox
|
|-damage|p2a: Return my calls|81/100 tox|[from] psn
|upkeep
|turn|57
|
|t:|1618953930
|switch|p2a: Scizor|Scizor, M|100/100
|switch|p1a: Chansey|Chansey, F|77/100
|
|upkeep
|turn|58
|
|t:|1618953934
|switch|p1a: Pyukumuku|Pyukumuku, M|89/100
|move|p2a: Scizor|Knock Off|p1a: Pyukumuku
|-damage|p1a: Pyukumuku|76/100
|
|upkeep
|turn|59
|
|t:|1618953937
|switch|p2a: Return my calls|Salamence, F|81/100 tox
|-ability|p2a: Return my calls|Intimidate|boost
|-unboost|p1a: Pyukumuku|atk|1
|move|p1a: Pyukumuku|Soak|p2a: Return my calls
|-start|p2a: Return my calls|typechange|Water
|
|-damage|p2a: Return my calls|75/100 tox|[from] psn
|upkeep
|turn|60
|
|t:|1618953940
|switch|p2a: Scizor|Scizor, M|100/100
|switch|p1a: Chansey|Chansey, F|77/100
|
|upkeep
|turn|61
|
|t:|1618953942
|switch|p1a: Pyukumuku|Pyukumuku, M|76/100
|move|p2a: Scizor|Knock Off|p1a: Pyukumuku
|-damage|p1a: Pyukumuku|63/100
|
|upkeep
|turn|62
|
|t:|1618953945
|switch|p2a: Return my calls|Salamence, F|75/100 tox
|-ability|p2a: Return my calls|Intimidate|boost
|-unboost|p1a: Pyukumuku|atk|1
|move|p1a: Pyukumuku|Soak|p2a: Return my calls
|-start|p2a: Return my calls|typechange|Water
|
|-damage|p2a: Return my calls|69/100 tox|[from] psn
|upkeep
|turn|63
|
|t:|1618953948
|switch|p2a: Scizor|Scizor, M|100/100
|switch|p1a: Chansey|Chansey, F|77/100
|
|upkeep
|turn|64
|
|t:|1618953952
|switch|p1a: Pyukumuku|Pyukumuku, M|63/100
|move|p2a: Scizor|Swords Dance|p2a: Scizor
|-boost|p2a: Scizor|atk|2
|
|upkeep
|turn|65
|
|t:|1618953956
|move|p2a: Scizor|Swords Dance|p2a: Scizor
|-boost|p2a: Scizor|atk|2
|move|p1a: Pyukumuku|Soak|p2a: Scizor
|-start|p2a: Scizor|typechange|Water
|
|upkeep
|turn|66
|
|t:|1618953962
|switch|p2a: Return my calls|Salamence, F|69/100 tox
|-ability|p2a: Return my calls|Intimidate|boost
|-unboost|p1a: Pyukumuku|atk|1
|move|p1a: Pyukumuku|Recover|p1a: Pyukumuku
|-heal|p1a: Pyukumuku|100/100
|
|-damage|p2a: Return my calls|63/100 tox|[from] psn
|upkeep
|turn|67
|
|t:|1618953965
|switch|p2a: Scizor|Scizor, M|100/100
|switch|p1a: Chansey|Chansey, F|77/100
|
|upkeep
|turn|68
|
|t:|1618953967
|switch|p1a: Pyukumuku|Pyukumuku, M|100/100
|move|p2a: Scizor|Knock Off|p1a: Pyukumuku
|-crit|p1a: Pyukumuku
|-damage|p1a: Pyukumuku|81/100
|
|upkeep
|turn|69
|
|t:|1618953973
|switch|p1a: Chansey|Chansey, F|77/100
|move|p2a: Scizor|Swords Dance|p2a: Scizor
|-boost|p2a: Scizor|atk|2
|
|upkeep
|turn|70
|
|t:|1618953976
|switch|p1a: Pyukumuku|Pyukumuku, M|81/100
|move|p2a: Scizor|Knock Off|p1a: Pyukumuku
|-damage|p1a: Pyukumuku|69/100
|
|upkeep
|turn|71
|
|t:|1618953978
|move|p2a: Scizor|Knock Off|p1a: Pyukumuku
|-damage|p1a: Pyukumuku|56/100
|move|p1a: Pyukumuku|Soak|p2a: Scizor
|-start|p2a: Scizor|typechange|Water
|
|upkeep
|turn|72
|
|t:|1618953981
|switch|p2a: Return my calls|Salamence, F|63/100 tox
|-ability|p2a: Return my calls|Intimidate|boost
|-unboost|p1a: Pyukumuku|atk|1
|move|p1a: Pyukumuku|Recover|p1a: Pyukumuku
|-heal|p1a: Pyukumuku|100/100
|
|-damage|p2a: Return my calls|57/100 tox|[from] psn
|upkeep
|turn|73
|
|t:|1618953984
|switch|p2a: Scizor|Scizor, M|100/100
|switch|p1a: Chansey|Chansey, F|77/100
|
|upkeep
|turn|74
|
|t:|1618953987
|switch|p1a: Pyukumuku|Pyukumuku, M|100/100
|move|p2a: Scizor|Knock Off|p1a: Pyukumuku
|-damage|p1a: Pyukumuku|87/100
|
|upkeep
|turn|75
|
|t:|1618953995
|move|p2a: Scizor|Bullet Punch|p1a: Pyukumuku
|-resisted|p1a: Pyukumuku
|-damage|p1a: Pyukumuku|79/100
|move|p1a: Pyukumuku|Soak|p2a: Scizor
|-start|p2a: Scizor|typechange|Water
|
|upkeep
|turn|76
|
|t:|1618953998
|switch|p2a: Return my calls|Salamence, F|57/100 tox
|-ability|p2a: Return my calls|Intimidate|boost
|-unboost|p1a: Pyukumuku|atk|1
|switch|p1a: Chansey|Chansey, F|77/100
|
|-damage|p2a: Return my calls|51/100 tox|[from] psn
|upkeep
|turn|77
|
|t:|1618954005
|switch|p2a: Scizor|Scizor, M|100/100
|move|p1a: Chansey|Stealth Rock|p2a: Scizor
|-sidestart|p2: Xoyjaz|move: Stealth Rock
|
|upkeep
|turn|78
|
|t:|1618954011
|switch|p1a: Pyukumuku|Pyukumuku, M|79/100
|move|p2a: Scizor|Knock Off|p1a: Pyukumuku
|-damage|p1a: Pyukumuku|67/100
|
|upkeep
|turn|79
|
|t:|1618954014
|switch|p2a: Return my calls|Salamence, F|51/100 tox
|-ability|p2a: Return my calls|Intimidate|boost
|-unboost|p1a: Pyukumuku|atk|1
|move|p1a: Pyukumuku|Soak|p2a: Return my calls
|-start|p2a: Return my calls|typechange|Water
|
|-damage|p2a: Return my calls|45/100 tox|[from] psn
|upkeep
|turn|80
|
|t:|1618954018
|switch|p1a: Chansey|Chansey, F|77/100
|move|p2a: Return my calls|Roost|p2a: Return my calls
|-heal|p2a: Return my calls|95/100 tox
|-singleturn|p2a: Return my calls|move: Roost
|
|-damage|p2a: Return my calls|83/100 tox|[from] psn
|upkeep
|turn|81
|
|t:|1618954022
|switch|p2a: Scizor|Scizor, M|100/100
|-damage|p2a: Scizor|88/100|[from] Stealth Rock
|move|p1a: Chansey|Seismic Toss|p2a: Scizor
|-damage|p2a: Scizor|59/100
|
|-heal|p2a: Scizor|65/100|[from] item: Leftovers
|upkeep
|turn|82
|
|t:|1618954029
|switch|p1a: Pyukumuku|Pyukumuku, M|67/100
|move|p2a: Scizor|Swords Dance|p2a: Scizor
|-boost|p2a: Scizor|atk|2
|
|-heal|p2a: Scizor|71/100|[from] item: Leftovers
|upkeep
|turn|83
|
|t:|1618954033
|move|p2a: Scizor|Roost|p2a: Scizor
|-heal|p2a: Scizor|100/100
|-singleturn|p2a: Scizor|move: Roost
|move|p1a: Pyukumuku|Spite|p2a: Scizor
|-activate|p2a: Scizor|move: Spite|Roost|4
|
|upkeep
|turn|84
|
|t:|1618954043
|move|p2a: Scizor|Bullet Punch|p1a: Pyukumuku
|-resisted|p1a: Pyukumuku
|-damage|p1a: Pyukumuku|58/100
|move|p1a: Pyukumuku|Soak|p2a: Scizor
|-start|p2a: Scizor|typechange|Water
|
|upkeep
|turn|85
|
|t:|1618954052
|switch|p2a: Return my calls|Salamence, F|83/100 tox
|-ability|p2a: Return my calls|Intimidate|boost
|-unboost|p1a: Pyukumuku|atk|1
|move|p1a: Pyukumuku|Recover|p1a: Pyukumuku
|-heal|p1a: Pyukumuku|100/100
|
|-damage|p2a: Return my calls|77/100 tox|[from] psn
|upkeep
|turn|86
|
|t:|1618954059
|switch|p1a: Chansey|Chansey, F|77/100
|move|p2a: Return my calls|Hurricane|p1a: Chansey
|-damage|p1a: Chansey|62/100
|-start|p1a: Chansey|confusion
|
|-damage|p2a: Return my calls|65/100 tox|[from] psn
|upkeep
|turn|87
|
|t:|1618954066
|move|p2a: Return my calls|Hurricane|p1a: Chansey
|-damage|p1a: Chansey|45/100
|-activate|p1a: Chansey|confusion
|move|p1a: Chansey|Soft-Boiled|p1a: Chansey
|-heal|p1a: Chansey|95/100
|
|-damage|p2a: Return my calls|46/100 tox|[from] psn
|upkeep
|turn|88
|
|t:|1618954070
|move|p2a: Return my calls|Roost|p2a: Return my calls
|-heal|p2a: Return my calls|97/100 tox
|-singleturn|p2a: Return my calls|move: Roost
|-end|p1a: Chansey|confusion
|move|p1a: Chansey|Seismic Toss|p2a: Return my calls
|-damage|p2a: Return my calls|66/100 tox
|
|-damage|p2a: Return my calls|42/100 tox|[from] psn
|upkeep
|turn|89
|
|t:|1618954073
|switch|p2a: Scizor|Scizor, M|100/100
|-damage|p2a: Scizor|88/100|[from] Stealth Rock
|move|p1a: Chansey|Seismic Toss|p2a: Scizor
|-damage|p2a: Scizor|59/100
|
|-heal|p2a: Scizor|65/100|[from] item: Leftovers
|upkeep
|turn|90
|
|t:|1618954077
|switch|p1a: Pyukumuku|Pyukumuku, M|100/100
|move|p2a: Scizor|Bullet Punch|p1a: Pyukumuku
|-resisted|p1a: Pyukumuku
|-damage|p1a: Pyukumuku|93/100
|
|-heal|p2a: Scizor|71/100|[from] item: Leftovers
|upkeep
|turn|91
|
|t:|1618954082
|switch|p1a: Chansey|Chansey, F|95/100
|move|p2a: Scizor|Roost|p2a: Scizor
|-heal|p2a: Scizor|100/100
|-singleturn|p2a: Scizor|move: Roost
|
|upkeep
|turn|92
|
|t:|1618954086
|switch|p1a: Pyukumuku|Pyukumuku, M|93/100
|move|p2a: Scizor|Swords Dance|p2a: Scizor
|-boost|p2a: Scizor|atk|2
|
|upkeep
|turn|93
|
|t:|1618954089
|move|p2a: Scizor|Bullet Punch|p1a: Pyukumuku
|-resisted|p1a: Pyukumuku
|-damage|p1a: Pyukumuku|84/100
|move|p1a: Pyukumuku|Spite|p2a: Scizor
|-activate|p2a: Scizor|move: Spite|Bullet Punch|4
|
|upkeep
|turn|94
|
|t:|1618954093
|move|p2a: Scizor|Bullet Punch|p1a: Pyukumuku
|-resisted|p1a: Pyukumuku
|-damage|p1a: Pyukumuku|76/100
|move|p1a: Pyukumuku|Soak|p2a: Scizor
|-start|p2a: Scizor|typechange|Water
|
|upkeep
|turn|95
|
|t:|1618954096
|switch|p2a: Return my calls|Salamence, F|42/100 tox
|-ability|p2a: Return my calls|Intimidate|boost
|-unboost|p1a: Pyukumuku|atk|1
|move|p1a: Pyukumuku|Toxic|p2a: Return my calls
|-fail|p2a: Return my calls|tox
|
|-damage|p2a: Return my calls|36/100 tox|[from] psn
|upkeep
|turn|96
|
|t:|1618954099
|switch|p1a: Chansey|Chansey, F|95/100
|move|p2a: Return my calls|Roost|p2a: Return my calls
|-heal|p2a: Return my calls|86/100 tox
|-singleturn|p2a: Return my calls|move: Roost
|
|-damage|p2a: Return my calls|74/100 tox|[from] psn
|upkeep
|turn|97
|l| Arisage
|
|t:|1618954105
|switch|p2a: Scizor|Scizor, M|100/100
|-damage|p2a: Scizor|88/100|[from] Stealth Rock
|move|p1a: Chansey|Seismic Toss|p2a: Scizor
|-damage|p2a: Scizor|59/100
|
|-heal|p2a: Scizor|65/100|[from] item: Leftovers
|upkeep
|turn|98
|
|t:|1618954108
|switch|p1a: Pyukumuku|Pyukumuku, M|76/100
|move|p2a: Scizor|Knock Off|p1a: Pyukumuku
|-damage|p1a: Pyukumuku|63/100
|
|-heal|p2a: Scizor|71/100|[from] item: Leftovers
|upkeep
|turn|99
|
|t:|1618954111
|move|p2a: Scizor|Knock Off|p1a: Pyukumuku
|-damage|p1a: Pyukumuku|50/100
|move|p1a: Pyukumuku|Spite|p2a: Scizor
|-activate|p2a: Scizor|move: Spite|Knock Off|4
|
|-heal|p2a: Scizor|77/100|[from] item: Leftovers
|upkeep
|turn|100
|
|t:|1618954115
|move|p2a: Scizor|Knock Off|p1a: Pyukumuku
|-damage|p1a: Pyukumuku|36/100
|move|p1a: Pyukumuku|Recover|p1a: Pyukumuku
|-heal|p1a: Pyukumuku|86/100
|
|-heal|p2a: Scizor|83/100|[from] item: Leftovers
|upkeep
|turn|101
|
|t:|1618954119
|move|p2a: Scizor|Swords Dance|p2a: Scizor
|-boost|p2a: Scizor|atk|2
|move|p1a: Pyukumuku|Spite|p2a: Scizor
|-activate|p2a: Scizor|move: Spite|Swords Dance|4
|
|-heal|p2a: Scizor|89/100|[from] item: Leftovers
|upkeep
|turn|102
|
|t:|1618954122
|move|p2a: Scizor|Bullet Punch|p1a: Pyukumuku
|-resisted|p1a: Pyukumuku
|-damage|p1a: Pyukumuku|78/100
|move|p1a: Pyukumuku|Spite|p2a: Scizor
|-activate|p2a: Scizor|move: Spite|Bullet Punch|4
|
|-heal|p2a: Scizor|96/100|[from] item: Leftovers
|upkeep
|turn|103
|
|t:|1618954126
|move|p2a: Scizor|Swords Dance|p2a: Scizor
|-boost|p2a: Scizor|atk|2
|move|p1a: Pyukumuku|Soak|p2a: Scizor
|-start|p2a: Scizor|typechange|Water
|
|-heal|p2a: Scizor|100/100|[from] item: Leftovers
|upkeep
|turn|104
|
|t:|1618954131
|move|p2a: Scizor|Knock Off|p1a: Pyukumuku
|-damage|p1a: Pyukumuku|66/100
|move|p1a: Pyukumuku|Soak|p2a: Scizor
|-fail|p2a: Scizor
|
|upkeep
|turn|105
|
|t:|1618954134
|switch|p2a: Return my calls|Salamence, F|74/100 tox
|-ability|p2a: Return my calls|Intimidate|boost
|-unboost|p1a: Pyukumuku|atk|1
|move|p1a: Pyukumuku|Soak|p2a: Return my calls
|-start|p2a: Return my calls|typechange|Water
|
|-damage|p2a: Return my calls|68/100 tox|[from] psn
|upkeep
|turn|106
|
|t:|1618954140
|switch|p1a: Chansey|Chansey, F|95/100
|move|p2a: Return my calls|Draco Meteor|p1a: Chansey
|-damage|p1a: Chansey|82/100
|-unboost|p2a: Return my calls|spa|2
|
|-damage|p2a: Return my calls|56/100 tox|[from] psn
|upkeep
|turn|107
|
|t:|1618954150
|switch|p2a: Scizor|Scizor, M|100/100
|-damage|p2a: Scizor|88/100|[from] Stealth Rock
|move|p1a: Chansey|Seismic Toss|p2a: Scizor
|-damage|p2a: Scizor|59/100
|
|-heal|p2a: Scizor|65/100|[from] item: Leftovers
|upkeep
|turn|108
|
|t:|1618954153
|switch|p1a: Pyukumuku|Pyukumuku, M|66/100
|move|p2a: Scizor|Roost|p2a: Scizor
|-heal|p2a: Scizor|100/100
|-singleturn|p2a: Scizor|move: Roost
|
|upkeep
|turn|109
|
|t:|1618954156
|switch|p2a: Return my calls|Salamence, F|56/100 tox
|-ability|p2a: Return my calls|Intimidate|boost
|-unboost|p1a: Pyukumuku|atk|1
|move|p1a: Pyukumuku|Spite||[still]
|-fail|p1a: Pyukumuku
|
|-damage|p2a: Return my calls|50/100 tox|[from] psn
|upkeep
|turn|110
|
|t:|1618954159
|switch|p1a: Chansey|Chansey, F|82/100
|move|p2a: Return my calls|Roost|p2a: Return my calls
|-heal|p2a: Return my calls|99/100 tox
|-singleturn|p2a: Return my calls|move: Roost
|
|-damage|p2a: Return my calls|88/100 tox|[from] psn
|upkeep
|turn|111
|
|t:|1618954162
|switch|p2a: Scizor|Scizor, M|100/100
|-damage|p2a: Scizor|88/100|[from] Stealth Rock
|move|p1a: Chansey|Seismic Toss|p2a: Scizor
|-damage|p2a: Scizor|59/100
|
|-heal|p2a: Scizor|65/100|[from] item: Leftovers
|upkeep
|turn|112
|
|t:|1618954166
|switch|p1a: Pyukumuku|Pyukumuku, M|66/100
|move|p2a: Scizor|Roost|p2a: Scizor
|-heal|p2a: Scizor|100/100
|-singleturn|p2a: Scizor|move: Roost
|
|upkeep
|turn|113
|
|t:|1618954170
|move|p2a: Scizor|Swords Dance|p2a: Scizor
|-boost|p2a: Scizor|atk|2
|move|p1a: Pyukumuku|Soak|p2a: Scizor
|-start|p2a: Scizor|typechange|Water
|
|upkeep
|turn|114
|
|t:|1618954174
|switch|p2a: Return my calls|Salamence, F|88/100 tox
|-ability|p2a: Return my calls|Intimidate|boost
|-unboost|p1a: Pyukumuku|atk|1
|move|p1a: Pyukumuku|Toxic|p2a: Return my calls
|-fail|p2a: Return my calls|tox
|
|-damage|p2a: Return my calls|82/100 tox|[from] psn
|upkeep
|turn|115
|
|t:|1618954177
|switch|p1a: Chansey|Chansey, F|82/100
|move|p2a: Return my calls|Hurricane|p1a: Chansey
|-damage|p1a: Chansey|65/100
|
|-damage|p2a: Return my calls|70/100 tox|[from] psn
|upkeep
|turn|116
|
|t:|1618954184
|move|p2a: Return my calls|Hurricane|p1a: Chansey
|-damage|p1a: Chansey|50/100
|move|p1a: Chansey|Seismic Toss|p2a: Return my calls
|-damage|p2a: Return my calls|40/100 tox
|
|-damage|p2a: Return my calls|22/100 tox|[from] psn
|upkeep
|turn|117
|
|t:|1618954188
|move|p2a: Return my calls|Roost|p2a: Return my calls
|-heal|p2a: Return my calls|72/100 tox
|-singleturn|p2a: Return my calls|move: Roost
|move|p1a: Chansey|Seismic Toss|p2a: Return my calls
|-damage|p2a: Return my calls|42/100 tox
|
|-damage|p2a: Return my calls|17/100 tox|[from] psn
|upkeep
|turn|118
|
|t:|1618954193
|switch|p2a: Scizor|Scizor, M|100/100
|-damage|p2a: Scizor|88/100|[from] Stealth Rock
|move|p1a: Chansey|Soft-Boiled|p1a: Chansey
|-heal|p1a: Chansey|99/100
|
|-heal|p2a: Scizor|94/100|[from] item: Leftovers
|upkeep
|turn|119
|
|t:|1618954201
|switch|p1a: Pyukumuku|Pyukumuku, M|66/100
|move|p2a: Scizor|Swords Dance|p2a: Scizor
|-boost|p2a: Scizor|atk|2
|
|-heal|p2a: Scizor|99/100|[from] item: Leftovers
|upkeep
|turn|120
|
|t:|1618954209
|move|p2a: Scizor|Bullet Punch|p1a: Pyukumuku
|-resisted|p1a: Pyukumuku
|-damage|p1a: Pyukumuku|58/100
|move|p1a: Pyukumuku|Soak|p2a: Scizor
|-start|p2a: Scizor|typechange|Water
|
|-heal|p2a: Scizor|100/100|[from] item: Leftovers
|upkeep
|turn|121
|
|t:|1618954214
|switch|p2a: Return my calls|Salamence, F|17/100 tox
|-ability|p2a: Return my calls|Intimidate|boost
|-unboost|p1a: Pyukumuku|atk|1
|switch|p1a: Chansey|Chansey, F|99/100
|
|-damage|p2a: Return my calls|11/100 tox|[from] psn
|upkeep
|turn|122
|
|t:|1618954217
|move|p2a: Return my calls|Roost|p2a: Return my calls
|-heal|p2a: Return my calls|62/100 tox
|-singleturn|p2a: Return my calls|move: Roost
|move|p1a: Chansey|Seismic Toss|p2a: Return my calls
|-damage|p2a: Return my calls|31/100 tox
|
|-damage|p2a: Return my calls|19/100 tox|[from] psn
|upkeep
|turn|123
|
|t:|1618954220
|switch|p2a: Scizor|Scizor, M|100/100
|-damage|p2a: Scizor|88/100|[from] Stealth Rock
|move|p1a: Chansey|Seismic Toss|p2a: Scizor
|-damage|p2a: Scizor|59/100
|
|-heal|p2a: Scizor|65/100|[from] item: Leftovers
|upkeep
|turn|124
|
|t:|1618954223
|switch|p1a: Pyukumuku|Pyukumuku, M|58/100
|move|p2a: Scizor|Roost|p2a: Scizor
|-heal|p2a: Scizor|100/100
|-singleturn|p2a: Scizor|move: Roost
|
|upkeep
|turn|125
|
|t:|1618954226
|move|p2a: Scizor|Swords Dance|p2a: Scizor
|-boost|p2a: Scizor|atk|2
|move|p1a: Pyukumuku|Recover|p1a: Pyukumuku
|-heal|p1a: Pyukumuku|100/100
|
|upkeep
|turn|126
|
|t:|1618954232
|switch|p2a: Return my calls|Salamence, F|19/100 tox
|-ability|p2a: Return my calls|Intimidate|boost
|-unboost|p1a: Pyukumuku|atk|1
|move|p1a: Pyukumuku|Spite||[still]
|-fail|p1a: Pyukumuku
|
|-damage|p2a: Return my calls|13/100 tox|[from] psn
|upkeep
|turn|127
|
|t:|1618954234
|switch|p1a: Chansey|Chansey, F|99/100
|move|p2a: Return my calls|Roost|p2a: Return my calls
|-heal|p2a: Return my calls|63/100 tox
|-singleturn|p2a: Return my calls|move: Roost
|
|-damage|p2a: Return my calls|51/100 tox|[from] psn
|upkeep
|turn|128
|
|t:|1618954238
|switch|p2a: Scizor|Scizor, M|100/100
|-damage|p2a: Scizor|88/100|[from] Stealth Rock
|move|p1a: Chansey|Seismic Toss|p2a: Scizor
|-damage|p2a: Scizor|59/100
|
|-heal|p2a: Scizor|65/100|[from] item: Leftovers
|upkeep
|turn|129
|
|t:|1618954241
|switch|p1a: Pyukumuku|Pyukumuku, M|100/100
|move|p2a: Scizor|Roost|p2a: Scizor
|-heal|p2a: Scizor|100/100
|-singleturn|p2a: Scizor|move: Roost
|
|upkeep
|turn|130
|
|t:|1618954243
|move|p2a: Scizor|Swords Dance|p2a: Scizor
|-boost|p2a: Scizor|atk|2
|move|p1a: Pyukumuku|Spite|p2a: Scizor
|-activate|p2a: Scizor|move: Spite|Swords Dance|4
|
|upkeep
|turn|131
|
|t:|1618954246
|move|p2a: Scizor|Swords Dance|p2a: Scizor
|-boost|p2a: Scizor|atk|2
|move|p1a: Pyukumuku|Soak|p2a: Scizor
|-start|p2a: Scizor|typechange|Water
|
|upkeep
|turn|132
|
|t:|1618954251
|move|p2a: Scizor|Knock Off|p1a: Pyukumuku
|-damage|p1a: Pyukumuku|89/100
|move|p1a: Pyukumuku|Toxic|p2a: Scizor
|-status|p2a: Scizor|tox
|
|-damage|p2a: Scizor|94/100 tox|[from] psn
|upkeep
|turn|133
|l|☆Xoyjaz
|inactive|Xoyjaz disconnected and has a minute to reconnect!
|player|p2|
|inactive|Xoyjaz has 30 seconds to reconnect!
|inactive|Xoyjaz has 20 seconds to reconnect!
|inactive|Xoyjaz has 15 seconds to reconnect!
|inactive|Xoyjaz has 10 seconds to reconnect!
|inactive|Xoyjaz has 5 seconds to reconnect!
|-message|Xoyjaz lost due to inactivity.
|
|win|uubf6 im done
|raw|uubf6 im done's rating: 1450 &rarr; <strong>1471</strong><br />(+21 for winning)
|raw|Xoyjaz's rating: 1461 &rarr; <strong>1440</strong><br />(-21 for losing)
||Ladder isn't responding, score probably updated but might not have (Request timeout).
