|j|☆Adrift and Alone
|j|☆Complex is Banned
|player|p1|Adrift and Alone|ethan-gen2|1683
|player|p2|Complex is Banned|170|1404
|teamsize|p1|6
|teamsize|p2|6
|gametype|singles
|gen|8
|tier|[Gen 8] UU
|rated|
|clearpoke
|poke|p1|Pangoro, M|
|poke|p1|Rhyperior, M|
|poke|p1|Weezing-Galar, F|
|poke|p1|Milotic, M|
|poke|p1|Doublade, M|
|poke|p1|Noivern, M|
|poke|p2|Sirfetch'd, F|
|poke|p2|Weezing-Galar, F|
|poke|p2|Umbreon, F|
|poke|p2|Gastrodon, M|
|poke|p2|Claydol|
|poke|p2|Togedemaru, M|
|rule|Sleep Clause Mod: Limit one foe put to sleep
|rule|Species Clause: Limit one of each Pokémon
|rule|OHKO Clause: OHKO moves are banned
|rule|Evasion Moves Clause: Evasion moves are banned
|rule|Endless Battle Clause: Forcing endless battles is banned
|rule|HP Percentage Mod: HP is shown in percentages
|rule|Dynamax Clause: You cannot dynamax
|teampreview
|inactive|Battle timer is ON: inactive players will automatically lose when time's up. (requested by Complex is Banned)
|j| Land·Woo
|
|start
|switch|p1a: Pangoro|Pangoro, M|100/100
|switch|p2a: Claydol|Claydol|100/100
|turn|1
|
|switch|p2a: Weezing|Weezing-Galar, F|100/100
|move|p1a: Pangoro|Iron Head|p2a: Weezing
|-supereffective|p2a: Weezing
|-damage|p2a: Weezing|46/100
|
|-heal|p2a: Weezing|52/100|[from] item: Black Sludge
|upkeep
|turn|2
|
|switch|p1a: Weezing|Weezing-Galar, F|100/100
|move|p2a: Weezing|Strange Steam|p1a: Weezing
|-resisted|p1a: Weezing
|-damage|p1a: Weezing|79/100
|
|-heal|p1a: Weezing|85/100|[from] item: Black Sludge
|-heal|p2a: Weezing|58/100|[from] item: Black Sludge
|upkeep
|turn|3
|
|switch|p2a: Claydol|Claydol|100/100
|move|p1a: Weezing|Sludge Bomb|p2a: Claydol
|-resisted|p2a: Claydol
|-crit|p2a: Claydol
|-damage|p2a: Claydol|86/100
|
|-heal|p2a: Claydol|92/100|[from] item: Leftovers
|-heal|p1a: Weezing|91/100|[from] item: Black Sludge
|upkeep
|turn|4
|
|switch|p1a: Pangoro|Pangoro, M|100/100
|move|p2a: Claydol|Stealth Rock|p1a: Pangoro
|-sidestart|p1: Adrift and Alone|move: Stealth Rock
|
|-heal|p2a: Claydol|99/100|[from] item: Leftovers
|upkeep
|turn|5
|
|switch|p2a: Gastrodon|Gastrodon, M|100/100
|move|p1a: Pangoro|Knock Off|p2a: Gastrodon
|-damage|p2a: Gastrodon|40/100
|-enditem|p2a: Gastrodon|Leftovers|[from] move: Knock Off|[of] p1a: Pangoro
|
|upkeep
|turn|6
|j| 467 11 11p
|
|move|p1a: Pangoro|Knock Off|p2a: Gastrodon
|-damage|p2a: Gastrodon|0 fnt
|faint|p2a: Gastrodon
|
|upkeep
|
|switch|p2a: Sirfetch'd|Sirfetch'd, F|100/100
|turn|7
|inactive|Complex is Banned has 120 seconds left.
|
|switch|p1a: Weezing|Weezing-Galar, F|91/100
|-damage|p1a: Weezing|79/100|[from] Stealth Rock
|move|p2a: Sirfetch'd|Knock Off|p1a: Weezing
|-resisted|p1a: Weezing
|-damage|p1a: Weezing|65/100
|-enditem|p1a: Weezing|Black Sludge|[from] move: Knock Off|[of] p2a: Sirfetch'd
|
|upkeep
|turn|8
|
|switch|p2a: Claydol|Claydol|99/100
|move|p1a: Weezing|Defog|p2a: Claydol
|-unboost|p2a: Claydol|evasion|1
|-sideend|p1: Adrift and Alone|Stealth Rock|[from] move: Defog|[of] p1a: Weezing
|
|-heal|p2a: Claydol|100/100|[from] item: Leftovers
|upkeep
|turn|9
|
|switch|p1a: Pangoro|Pangoro, M|100/100
|move|p2a: Claydol|Ice Beam|p1a: Pangoro
|-damage|p1a: Pangoro|78/100
|-status|p1a: Pangoro|frz
|
|upkeep
|turn|10
|
|-curestatus|p1a: Pangoro|frz|[msg]
|move|p1a: Pangoro|Knock Off|p2a: Claydol
|-supereffective|p2a: Claydol
|-damage|p2a: Claydol|0 fnt
|-enditem|p2a: Claydol|Leftovers|[from] move: Knock Off|[of] p1a: Pangoro
|faint|p2a: Claydol
|
|upkeep
|c|☆Adrift and Alone|wp
|
|switch|p2a: Sirfetch'd|Sirfetch'd, F|100/100
|turn|11
|
|switch|p1a: Milotic|Milotic, M|100/100
|move|p2a: Sirfetch'd|Brave Bird|p1a: Milotic
|-damage|p1a: Milotic|64/100
|-damage|p2a: Sirfetch'd|82/100|[from] Recoil
|
|-heal|p1a: Milotic|70/100|[from] item: Leftovers
|upkeep
|turn|12
|
|switch|p2a: Togedemaru|Togedemaru, M|100/100
|move|p1a: Milotic|Scald|p2a: Togedemaru
|-damage|p2a: Togedemaru|78/100
|
|-heal|p1a: Milotic|76/100|[from] item: Leftovers
|upkeep
|turn|13
|
|switch|p1a: Rhyperior|Rhyperior, M|100/100
|move|p2a: Togedemaru|Nuzzle|p1a: Rhyperior
|-immune|p1a: Rhyperior
|
|upkeep
|turn|14
|
|switch|p2a: Sirfetch'd|Sirfetch'd, F|82/100
|move|p1a: Rhyperior|Stealth Rock|p2a: Sirfetch'd
|-sidestart|p2: Complex is Banned|move: Stealth Rock
|
|upkeep
|turn|15
|
|move|p2a: Sirfetch'd|Close Combat|p1a: Rhyperior
|-supereffective|p1a: Rhyperior
|-damage|p1a: Rhyperior|27/100
|-unboost|p2a: Sirfetch'd|def|1
|-unboost|p2a: Sirfetch'd|spd|1
|move|p1a: Rhyperior|Earthquake|p2a: Sirfetch'd
|-damage|p2a: Sirfetch'd|0 fnt
|faint|p2a: Sirfetch'd
|
|-heal|p1a: Rhyperior|33/100|[from] item: Leftovers
|upkeep
|
|switch|p2a: Togedemaru|Togedemaru, M|78/100
|-damage|p2a: Togedemaru|72/100|[from] Stealth Rock
|turn|16
|
|switch|p1a: Doublade|Doublade, M|100/100
|move|p2a: Togedemaru|Iron Head|p1a: Doublade
|-resisted|p1a: Doublade
|-damage|p1a: Doublade|94/100
|
|upkeep
|turn|17
|
|move|p2a: Togedemaru|Zing Zap|p1a: Doublade
|-damage|p1a: Doublade|80/100
|move|p1a: Doublade|Close Combat|p2a: Togedemaru
|-supereffective|p2a: Togedemaru
|-damage|p2a: Togedemaru|0 fnt
|-unboost|p1a: Doublade|def|1
|-unboost|p1a: Doublade|spd|1
|faint|p2a: Togedemaru
|
|upkeep
|
|switch|p2a: Umbreon|Umbreon, F|100/100
|-damage|p2a: Umbreon|88/100|[from] Stealth Rock
|turn|18
|
|switch|p1a: Weezing|Weezing-Galar, F|65/100
|move|p2a: Umbreon|Foul Play|p1a: Weezing
|-resisted|p1a: Weezing
|-damage|p1a: Weezing|58/100
|
|-heal|p2a: Umbreon|94/100|[from] item: Leftovers
|upkeep
|turn|19
|c|☆Complex is Banned|Hope you die
|c|☆Complex is Banned|bg
|-message|Complex is Banned forfeited.
|
|win|Adrift and Alone
|l|☆Complex is Banned
|raw|Adrift and Alone's rating: 1683 &rarr; <strong>1689</strong><br />(+6 for winning)
|raw|Complex is Banned's rating: 1379 &rarr; <strong>1373</strong><br />(-6 for losing)
