|j|☆Meow Tse Tung
|j|☆bnast
|t:|1602180585
|player|p1|Meow Tse Tung|preschoolerf|1672
|player|p2|bnast|169|1475
|teamsize|p1|6
|teamsize|p2|6
|gametype|singles
|gen|8
|tier|[Gen 8] UU
|rated|
|clearpoke
|poke|p1|Keldeo-Resolute|
|poke|p1|Mimikyu, F|
|poke|p1|Mudsdale, F|
|poke|p1|Bisharp, M|
|poke|p1|Rotom-Mow|
|poke|p1|Slowbro-Galar, F|
|poke|p2|Slowbro-Galar, F|
|poke|p2|Chansey, F|
|poke|p2|Cobalion|
|poke|p2|Mienshao, M|
|poke|p2|Centiskorch, M|
|poke|p2|Rotom-Mow|
|rule|Sleep Clause Mod: Limit one foe put to sleep
|rule|Species Clause: Limit one of each Pokémon
|rule|OHKO Clause: OHKO moves are banned
|rule|Evasion Moves Clause: Evasion moves are banned
|rule|Endless Battle Clause: Forcing endless battles is banned
|rule|HP Percentage Mod: HP is shown in percentages
|rule|Dynamax Clause: You cannot dynamax
|teampreview
|j| hsimping
|c|☆bnast|cool name
|
|t:|1602180616
|start
|switch|p1a: Slowbro|Slowbro-Galar, F|100/100
|switch|p2a: Mienshao|Mienshao, M|100/100
|turn|1
|c|☆Meow Tse Tung|cool team
|
|t:|1602180623
|move|p2a: Mienshao|U-turn|p1a: Slowbro
|-damage|p1a: Slowbro|72/100
|-damage|p2a: Mienshao|91/100|[from] item: Life Orb
|c|☆bnast|:)
|
|t:|1602180636
|switch|p2a: Slowbro|Slowbro-Galar, F|100/100|[from]move: U-turn
|move|p1a: Slowbro|Psyshock|p2a: Slowbro
|-damage|p2a: Slowbro|78/100
|
|upkeep
|turn|2
|l| hsimping
|j| ramolost
|
|t:|1602180662
|switch|p2a: Rotom|Rotom-Mow|100/100
|move|p1a: Slowbro|Future Sight|p2a: Rotom
|-start|p1a: Slowbro|move: Future Sight
|
|upkeep
|turn|3
|
|t:|1602180672
|move|p2a: Rotom|Volt Switch|p1a: Slowbro
|-damage|p1a: Slowbro|50/100
|
|t:|1602180680
|switch|p2a: Centiskorch|Centiskorch, M|100/100|[from]move: Volt Switch
|move|p1a: Slowbro|Shell Side Arm|p2a: Centiskorch
|-damage|p2a: Centiskorch|58/100
|-hint|Physical Shell Side Arm
|-status|p2a: Centiskorch|psn
|
|-damage|p2a: Centiskorch|46/100 psn|[from] psn
|upkeep
|turn|4
|j| laevin ㋛
|
|t:|1602180693
|switch|p1a: Mudsdale|Mudsdale, F|100/100
|move|p2a: Centiskorch|Knock Off|p1a: Mudsdale
|-damage|p1a: Mudsdale|78/100
|-ability|p1a: Mudsdale|Stamina|boost
|-boost|p1a: Mudsdale|def|1
|-enditem|p1a: Mudsdale|Leftovers|[from] move: Knock Off|[of] p2a: Centiskorch
|
|-end|p2a: Centiskorch|move: Future Sight
|-damage|p2a: Centiskorch|0 fnt
|faint|p2a: Centiskorch
|upkeep
|
|t:|1602180696
|switch|p2a: Rotom|Rotom-Mow|100/100
|turn|5
|c| laevin ㋛|I hope u lose to centiskorch
|c|☆Meow Tse Tung|i didnt
|c| laevin ㋛|rip
|c| laevin ㋛|LOL
|c|☆Meow Tse Tung|nice try cutie
|c| laevin ㋛|._. rip me
|
|t:|1602180718
|switch|p1a: Rotom|Rotom-Mow|100/100
|move|p2a: Rotom|Volt Switch|p1a: Rotom
|-resisted|p1a: Rotom
|-damage|p1a: Rotom|91/100
|
|t:|1602180723
|switch|p2a: Mienshao|Mienshao, M|100/100|[from]move: Volt Switch
|
|-heal|p1a: Rotom|97/100|[from] item: Leftovers
|upkeep
|turn|6
|
|t:|1602180740
|move|p2a: Mienshao|U-turn|p1a: Rotom
|-supereffective|p1a: Rotom
|-damage|p1a: Rotom|14/100
|-damage|p2a: Mienshao|91/100|[from] item: Life Orb
|
|t:|1602180750
|switch|p2a: Chansey|Chansey, F|100/100|[from]move: U-turn
|move|p1a: Rotom|Volt Switch|p2a: Chansey
|-damage|p2a: Chansey|91/100
|
|t:|1602180764
|switch|p1a: Bisharp|Bisharp, M|100/100|[from]move: Volt Switch
|
|upkeep
|turn|7
|
|t:|1602180798
|switch|p2a: Mienshao|Mienshao, M|100/100
|move|p1a: Bisharp|Low Kick|p2a: Mienshao
|-damage|p2a: Mienshao|61/100
|
|upkeep
|turn|8
|
|t:|1602180807
|switch|p1a: Slowbro|Slowbro-Galar, F|83/100
|move|p2a: Mienshao|Close Combat|p1a: Slowbro
|-resisted|p1a: Slowbro
|-damage|p1a: Slowbro|66/100
|-unboost|p2a: Mienshao|def|1
|-unboost|p2a: Mienshao|spd|1
|-damage|p2a: Mienshao|51/100|[from] item: Life Orb
|
|upkeep
|turn|9
|
|t:|1602180812
|switch|p1a: Mudsdale|Mudsdale, F|78/100
|move|p2a: Mienshao|U-turn|p1a: Mudsdale
|-damage|p1a: Mudsdale|59/100
|-ability|p1a: Mudsdale|Stamina|boost
|-boost|p1a: Mudsdale|def|1
|-damage|p2a: Mienshao|41/100|[from] item: Life Orb
|
|t:|1602180817
|switch|p2a: Rotom|Rotom-Mow|100/100|[from]move: U-turn
|
|upkeep
|turn|10
|
|t:|1602180825
|switch|p1a: Slowbro|Slowbro-Galar, F|99/100
|move|p2a: Rotom|Leaf Storm|p1a: Slowbro
|-resisted|p1a: Slowbro
|-damage|p1a: Slowbro|81/100
|-unboost|p2a: Rotom|spa|2
|
|upkeep
|turn|11
|
|t:|1602180831
|switch|p2a: Chansey|Chansey, F|91/100
|move|p1a: Slowbro|Future Sight|p2a: Chansey
|-start|p1a: Slowbro|move: Future Sight
|
|upkeep
|turn|12
|
|t:|1602180836
|switch|p1a: Bisharp|Bisharp, M|100/100
|move|p2a: Chansey|Teleport|p2a: Chansey
|
|t:|1602180840
|switch|p2a: Mienshao|Mienshao, M|75/100|[from]move: Teleport
|
|upkeep
|turn|13
|
|t:|1602180844
|move|p1a: Bisharp|Iron Head|p2a: Mienshao
|-damage|p2a: Mienshao|0 fnt
|faint|p2a: Mienshao
|
|-hint|Future Sight did not hit because the target is the user.
|upkeep
|inactive|Battle timer is ON: inactive players will automatically lose when time's up. (requested by Meow Tse Tung)
|
|t:|1602180849
|switch|p2a: Cobalion|Cobalion|100/100
|turn|14
|c| ramolost|wow
|
|t:|1602180859
|switch|p1a: Slowbro|Slowbro-Galar, F|100/100
|move|p2a: Cobalion|Stealth Rock|p1a: Slowbro
|-sidestart|p1: Meow Tse Tung|move: Stealth Rock
|
|upkeep
|turn|15
|c| ramolost|timer after claiming a mon
|c| ramolost|you are indeed a rat
|c|☆Meow Tse Tung|you know me...
|c| ramolost|rat
|
|t:|1602180873
|move|p2a: Cobalion|Volt Switch|p1a: Slowbro
|-damage|p1a: Slowbro|92/100
|
|t:|1602180878
|switch|p2a: Slowbro|Slowbro-Galar, F|78/100|[from]move: Volt Switch
|move|p1a: Slowbro|Future Sight|p2a: Slowbro
|-start|p1a: Slowbro|move: Future Sight
|
|upkeep
|turn|16
|c|☆Meow Tse Tung|a rat who loves you
|c| ramolost|i love when you said that you did this in psyducks discord and you got 15 rat reacts
|c| ramolost|was fun
|c|☆Meow Tse Tung|:l
|c| ramolost|cool
|c| ramolost|can you go in my hat
|c|☆Meow Tse Tung|that discord was toxic
|inactive|Meow Tse Tung has 120 seconds left.
|c|☆Meow Tse Tung|your hat ?
|c| ramolost|like in ratatouille
|c|☆Meow Tse Tung|oh
|c|☆Meow Tse Tung|nice movie
|c|☆Meow Tse Tung|i will cook for you
|c|☆Meow Tse Tung|yes
|c| ramolost|yes
|c| ramolost|this discord is toxic
|c| ramolost|but this was funny
|
|t:|1602180934
|switch|p1a: Mudsdale|Mudsdale, F|59/100
|-damage|p1a: Mudsdale|53/100|[from] Stealth Rock
|move|p2a: Slowbro|Earthquake|p1a: Mudsdale
|-damage|p1a: Mudsdale|39/100
|-ability|p1a: Mudsdale|Stamina|boost
|-boost|p1a: Mudsdale|def|1
|
|upkeep
|turn|17
|c|☆Meow Tse Tung|omg
|c|☆Meow Tse Tung|i want to use
|c|☆Meow Tse Tung|physical slowbro too
|c|☆Meow Tse Tung|i was gonna post
|inactive|Meow Tse Tung has 90 seconds left.
|c| ramolost|it sounds awful
|c|☆Meow Tse Tung|but i wanted to give it to you for snake ramo
|c|☆Meow Tse Tung|no its good
|c| ramolost|but i thought about it
|c|☆Meow Tse Tung|amazing physical movepool
|c| ramolost|oryou told me about it
|c|☆Meow Tse Tung|i did
|c| ramolost|i dont remember
|c|☆Meow Tse Tung|tell you
|
|t:|1602180968
|switch|p2a: Rotom|Rotom-Mow|100/100
|move|p1a: Mudsdale|Stealth Rock|p2a: Rotom
|-sidestart|p2: bnast|move: Stealth Rock
|
|-end|p2a: Rotom|move: Future Sight
|-damage|p2a: Rotom|28/100
|upkeep
|turn|18
|c| ramolost|it gets drain punch ?
|c| ramolost|ugh
|c|☆Meow Tse Tung|yes
|c| ramolost|ppunch i mean
|c|☆Meow Tse Tung|idk
|
|t:|1602180986
|move|p2a: Rotom|Leaf Storm|p1a: Mudsdale
|-supereffective|p1a: Mudsdale
|-damage|p1a: Mudsdale|0 fnt
|-unboost|p2a: Rotom|spa|2
|faint|p1a: Mudsdale
|
|upkeep
|c| ramolost|it doesnt
|c| ramolost|sad
|
|t:|1602180999
|switch|p1a: Bisharp|Bisharp, M|100/100
|-damage|p1a: Bisharp|95/100|[from] Stealth Rock
|turn|19
|c| ramolost|losing sight is sad tho
|c|☆Meow Tse Tung|you can still use it
|inactive|Meow Tse Tung has 60 seconds left.
|c|☆Meow Tse Tung|people use future sight on defensive slowbro
|
|t:|1602181037
|switch|p2a: Chansey|Chansey, F|91/100
|-damage|p2a: Chansey|78/100|[from] Stealth Rock
|move|p1a: Bisharp|Knock Off|p2a: Chansey
|-damage|p2a: Chansey|45/100
|-enditem|p2a: Chansey|Eviolite|[from] move: Knock Off|[of] p1a: Bisharp
|
|upkeep
|turn|20
|c| ramolost|amazing movepool
|c| ramolost|his movepool is w.e.
|c| ramolost|it just gets eq
|
|t:|1602181057
|switch|p1a: Keldeo|Keldeo-Resolute|100/100
|-damage|p1a: Keldeo|94/100|[from] Stealth Rock
|switch|p2a: Cobalion|Cobalion|100/100
|-damage|p2a: Cobalion|97/100|[from] Stealth Rock
|
|upkeep
|turn|21
|c|☆Meow Tse Tung|it gets everything
|c| ramolost|no
|
|t:|1602181071
|switch|p2a: Chansey|Chansey, F|45/100
|-damage|p2a: Chansey|32/100|[from] Stealth Rock
|move|p1a: Keldeo|Surf|p2a: Chansey
|-damage|p2a: Chansey|0 fnt
|faint|p2a: Chansey
|
|upkeep
|c| ramolost|no cc
|c| ramolost|no power up punch
|
|t:|1602181079
|switch|p2a: Rotom|Rotom-Mow|28/100
|-damage|p2a: Rotom|15/100|[from] Stealth Rock
|turn|22
|c| ramolost|no knock off
|
|t:|1602181083
|switch|p1a: Rotom|Rotom-Mow|14/100
|-damage|p1a: Rotom|1/100|[from] Stealth Rock
|move|p2a: Rotom|Thunderbolt|p1a: Rotom
|-resisted|p1a: Rotom
|-damage|p1a: Rotom|0 fnt
|faint|p1a: Rotom
|
|upkeep
|c|☆Meow Tse Tung|ok
|c|☆Meow Tse Tung|sorry
|
|t:|1602181094
|switch|p1a: Mimikyu|Mimikyu, F|100/100
|-damage|p1a: Mimikyu|88/100|[from] Stealth Rock
|turn|23
|
|t:|1602181102
|move|p1a: Mimikyu|Shadow Sneak|p2a: Rotom
|-crit|p2a: Rotom
|-damage|p2a: Rotom|0 fnt
|-damage|p1a: Mimikyu|78/100|[from] item: Life Orb
|faint|p2a: Rotom
|
|upkeep
|
|t:|1602181108
|switch|p2a: Cobalion|Cobalion|97/100
|-damage|p2a: Cobalion|94/100|[from] Stealth Rock
|turn|24
|
|t:|1602181112
|switch|p1a: Slowbro|Slowbro-Galar, F|100/100
|-damage|p1a: Slowbro|88/100|[from] Stealth Rock
|move|p2a: Cobalion|Iron Head|p1a: Slowbro
|-damage|p1a: Slowbro|58/100
|
|upkeep
|turn|25
|
|t:|1602181116
|move|p2a: Cobalion|Volt Switch|p1a: Slowbro
|-damage|p1a: Slowbro|50/100
|
|t:|1602181119
|switch|p2a: Slowbro|Slowbro-Galar, F|78/100|[from]move: Volt Switch
|-damage|p2a: Slowbro|66/100|[from] Stealth Rock
|move|p1a: Slowbro|Flamethrower|p2a: Slowbro
|-damage|p2a: Slowbro|35/100
|
|upkeep
|turn|26
|c|☆Meow Tse Tung|oh
|c|☆Meow Tse Tung|not av
|
|t:|1602181128
|move|p2a: Slowbro|Slack Off|p2a: Slowbro
|-heal|p2a: Slowbro|85/100
|move|p1a: Slowbro|Psyshock|p2a: Slowbro
|-damage|p2a: Slowbro|63/100
|
|upkeep
|turn|27
|c| ramolost|maybe SD...........
|
|t:|1602181139
|move|p1a: Slowbro|Future Sight|p2a: Slowbro
|-start|p1a: Slowbro|move: Future Sight
|move|p2a: Slowbro|Curse|p2a: Slowbro
|-unboost|p2a: Slowbro|spe|1
|-boost|p2a: Slowbro|atk|1
|-boost|p2a: Slowbro|def|1
|
|upkeep
|turn|28
|c| ramolost|uh oh
|c|☆Meow Tse Tung|its fine
|c|☆Meow Tse Tung|keldeo should ohko
|c| ramolost|keld owns ye
|c|☆Meow Tse Tung|if flamethrower does 30
|
|t:|1602181164
|move|p1a: Slowbro|Flamethrower|p2a: Slowbro
|-damage|p2a: Slowbro|31/100
|move|p2a: Slowbro|Slack Off|p2a: Slowbro
|-heal|p2a: Slowbro|81/100
|
|upkeep
|turn|29
|
|t:|1602181175
|move|p1a: Slowbro|Flamethrower|p2a: Slowbro
|-damage|p2a: Slowbro|50/100
|move|p2a: Slowbro|Slack Off|p2a: Slowbro
|-heal|p2a: Slowbro|100/100
|
|-end|p2a: Slowbro|move: Future Sight
|-damage|p2a: Slowbro|45/100
|upkeep
|turn|30
|
|t:|1602181180
|move|p1a: Slowbro|Future Sight|p2a: Slowbro
|-start|p1a: Slowbro|move: Future Sight
|move|p2a: Slowbro|Slack Off|p2a: Slowbro
|-heal|p2a: Slowbro|95/100
|
|upkeep
|turn|31
|
|t:|1602181183
|move|p1a: Slowbro|Flamethrower|p2a: Slowbro
|-damage|p2a: Slowbro|65/100
|move|p2a: Slowbro|Curse|p2a: Slowbro
|-unboost|p2a: Slowbro|spe|1
|-boost|p2a: Slowbro|atk|1
|-boost|p2a: Slowbro|def|1
|
|upkeep
|turn|32
|
|t:|1602181187
|move|p1a: Slowbro|Flamethrower|p2a: Slowbro
|-damage|p2a: Slowbro|35/100
|move|p2a: Slowbro|Slack Off|p2a: Slowbro
|-heal|p2a: Slowbro|85/100
|
|-end|p2a: Slowbro|move: Future Sight
|-damage|p2a: Slowbro|27/100
|upkeep
|turn|33
|
|t:|1602181190
|move|p1a: Slowbro|Flamethrower|p2a: Slowbro
|-damage|p2a: Slowbro|0 fnt
|faint|p2a: Slowbro
|
|upkeep
|c|☆bnast|f
|c|☆Meow Tse Tung|f
|
|t:|1602181200
|switch|p2a: Cobalion|Cobalion|94/100
|-damage|p2a: Cobalion|91/100|[from] Stealth Rock
|turn|34
|c|☆Meow Tse Tung|mspl bretheren
|c|☆bnast|ggz
|c|☆Meow Tse Tung|gg
|c|☆Meow Tse Tung|but you might win still
|c|☆bnast|:]
|c|☆Meow Tse Tung|if chople
|c|☆Meow Tse Tung|and iron head flinch
|c|☆bnast|n
|c|☆Meow Tse Tung|and win speed tie and cc crit
|
|t:|1602181218
|move|p2a: Cobalion|Iron Head|p1a: Slowbro
|-damage|p1a: Slowbro|22/100
|cant|p1a: Slowbro|flinch
|
|upkeep
|turn|35
|
|t:|1602181222
|move|p2a: Cobalion|Iron Head|p1a: Slowbro
|-damage|p1a: Slowbro|0 fnt
|faint|p1a: Slowbro
|
|upkeep
|
|t:|1602181224
|switch|p1a: Bisharp|Bisharp, M|95/100
|-damage|p1a: Bisharp|89/100|[from] Stealth Rock
|turn|36
|
|t:|1602181227
|move|p1a: Bisharp|Low Kick|p2a: Cobalion
|-supereffective|p2a: Cobalion
|-damage|p2a: Cobalion|18/100
|-damage|p1a: Bisharp|72/100|[from] item: Rocky Helmet|[of] p2a: Cobalion
|move|p2a: Cobalion|Close Combat|p1a: Bisharp
|-supereffective|p1a: Bisharp
|-damage|p1a: Bisharp|0 fnt
|-unboost|p2a: Cobalion|def|1
|-unboost|p2a: Cobalion|spd|1
|faint|p1a: Bisharp
|
|upkeep
|
|t:|1602181231
|switch|p1a: Mimikyu|Mimikyu, F|78/100
|-damage|p1a: Mimikyu|66/100|[from] Stealth Rock
|turn|37
|c|☆Meow Tse Tung|ok gg
|c| laevin ㋛|looking good for you pif
|
|t:|1602181236
|move|p1a: Mimikyu|Shadow Sneak|p2a: Cobalion
|-crit|p2a: Cobalion
|-damage|p2a: Cobalion|0 fnt
|-damage|p1a: Mimikyu|50/100|[from] item: Rocky Helmet|[of] p2a: Cobalion
|-damage|p1a: Mimikyu|40/100|[from] item: Life Orb
|faint|p2a: Cobalion
|
|win|Meow Tse Tung
