|html|<div class="broadcast-blue"><strong>[Gen 8] UU is currently suspecting Scizor! For information on how to participate check out the <a href="https://www.smogon.com/forums/threads/ss-uu-stage-12-2-spider-dance.3704866/">suspect thread</a>.</strong></div>
|j|☆lewispewis
|j|☆galactest bro !
|t:|1658486585
|gametype|singles
|player|p1|lewispewis|169|1323
|player|p2|galactest bro !|dragontamer|1356
|teamsize|p1|6
|teamsize|p2|6
|gen|8
|tier|[Gen 8] UU
|rated|
|rule|Sleep Clause Mod: Limit one foe put to sleep
|rule|Species Clause: Limit one of each Pokémon
|rule|OHKO Clause: OHKO moves are banned
|rule|Evasion Moves Clause: Evasion moves are banned
|rule|Endless Battle Clause: Forcing endless battles is banned
|rule|HP Percentage Mod: HP is shown in percentages
|rule|Dynamax Clause: You cannot dynamax
|clearpoke
|poke|p1|Gyarados, F|
|poke|p1|Salamence, F|
|poke|p1|Amoonguss, M|
|poke|p1|Chansey, F|
|poke|p1|Rotom-Heat|
|poke|p1|Excadrill, M|
|poke|p2|Zygarde-10%|
|poke|p2|Primarina, F|
|poke|p2|Skarmory, F|
|poke|p2|Tangrowth, F|
|poke|p2|Crobat, M|
|poke|p2|Nihilego|
|teampreview
|inactive|Battle timer is ON: inactive players will automatically lose when time's up. (requested by lewispewis)
|
|t:|1658486603
|start
|switch|p1a: Rotom|Rotom-Heat|100/100
|switch|p2a: Zygarde|Zygarde-10%|100/100
|-ability|p2a: Zygarde|Aura Break
|turn|1
|
|t:|1658486630
|switch|p2a: Nihilego|Nihilego|100/100
|switch|p1a: Amoonguss|Amoonguss, M|100/100
|
|upkeep
|turn|2
|
|t:|1658486636
|move|p2a: Nihilego|Stealth Rock|p1a: Amoonguss
|-sidestart|p1: lewispewis|move: Stealth Rock
|move|p1a: Amoonguss|Spore|p2a: Nihilego
|-status|p2a: Nihilego|slp|[from] move: Spore
|
|upkeep
|turn|3
|j| AJisawesome
|
|t:|1658486650
|switch|p2a: Skarmory|Skarmory, F|100/100
|switch|p1a: Salamence|Salamence, F|100/100
|
|upkeep
|turn|4
|
|t:|1658486667
|switch|p1a: Rotom|Rotom-Heat|100/100
|switch|p2a: Primarina|Primarina, F|100/100
|
|upkeep
|turn|5
|
|t:|1658486675
|switch|p1a: Chansey|Chansey, F|100/100
|-damage|p1a: Chansey|88/100|[from] Stealth Rock
|switch|p2a: Zygarde|Zygarde-10%|100/100
|-ability|p2a: Zygarde|Aura Break
|
|upkeep
|turn|6
|
|t:|1658486691
|switch|p2a: Skarmory|Skarmory, F|100/100
|switch|p1a: Amoonguss|Amoonguss, M|100/100
|-damage|p1a: Amoonguss|88/100|[from] Stealth Rock
|
|upkeep
|turn|7
|
|t:|1658486709
|switch|p2a: Zygarde|Zygarde-10%|100/100
|-ability|p2a: Zygarde|Aura Break
|switch|p1a: Rotom|Rotom-Heat|100/100
|
|upkeep
|turn|8
|
|t:|1658486713
|move|p2a: Zygarde|Thousand Arrows|p1a: Rotom
|-supereffective|p1a: Rotom
|-damage|p1a: Rotom|0 fnt
|faint|p1a: Rotom
|
|upkeep
|
|t:|1658486717
|switch|p1a: Gyarados|Gyarados, F|100/100
|turn|9
|
|t:|1658486723
|switch|p2a: Skarmory|Skarmory, F|100/100
|move|p1a: Gyarados|Dragon Dance|p1a: Gyarados
|-boost|p1a: Gyarados|atk|1
|-boost|p1a: Gyarados|spe|1
|
|upkeep
|turn|10
|
|t:|1658486735
|move|p1a: Gyarados|Waterfall|p2a: Skarmory
|-damage|p2a: Skarmory|58/100
|-damage|p1a: Gyarados|84/100|[from] item: Rocky Helmet|[of] p2a: Skarmory
|cant|p2a: Skarmory|flinch
|
|upkeep
|turn|11
|
|t:|1658486741
|move|p1a: Gyarados|Dragon Dance|p1a: Gyarados
|-boost|p1a: Gyarados|atk|1
|-boost|p1a: Gyarados|spe|1
|move|p2a: Skarmory|Roost|p2a: Skarmory
|-heal|p2a: Skarmory|100/100
|-singleturn|p2a: Skarmory|move: Roost
|
|upkeep
|turn|12
|
|t:|1658486747
|move|p1a: Gyarados|Dragon Dance|p1a: Gyarados
|-boost|p1a: Gyarados|atk|1
|-boost|p1a: Gyarados|spe|1
|move|p2a: Skarmory|Iron Defense|p2a: Skarmory
|-boost|p2a: Skarmory|def|2
|
|upkeep
|turn|13
|
|t:|1658486754
|move|p1a: Gyarados|Waterfall|p2a: Skarmory
|-damage|p2a: Skarmory|68/100
|-damage|p1a: Gyarados|67/100|[from] item: Rocky Helmet|[of] p2a: Skarmory
|cant|p2a: Skarmory|flinch
|
|upkeep
|turn|14
|
|t:|1658486776
|move|p1a: Gyarados|Dragon Dance|p1a: Gyarados
|-boost|p1a: Gyarados|atk|1
|-boost|p1a: Gyarados|spe|1
|move|p2a: Skarmory|Roost|p2a: Skarmory
|-heal|p2a: Skarmory|100/100
|-singleturn|p2a: Skarmory|move: Roost
|
|upkeep
|turn|15
|c|☆galactest bro !|noob play
|
|t:|1658486791
|move|p1a: Gyarados|Dragon Dance|p1a: Gyarados
|-boost|p1a: Gyarados|atk|1
|-boost|p1a: Gyarados|spe|1
|move|p2a: Skarmory|Iron Defense|p2a: Skarmory
|-boost|p2a: Skarmory|def|2
|
|upkeep
|turn|16
|c|☆lewispewis|ok?
|
|t:|1658486802
|move|p1a: Gyarados|Waterfall|p2a: Skarmory
|-damage|p2a: Skarmory|70/100
|-damage|p1a: Gyarados|51/100|[from] item: Rocky Helmet|[of] p2a: Skarmory
|move|p2a: Skarmory|Body Press|p1a: Gyarados
|-resisted|p1a: Gyarados
|-damage|p1a: Gyarados|0 fnt
|faint|p1a: Gyarados
|
|upkeep
|
|t:|1658486813
|switch|p1a: Excadrill|Excadrill, M|100/100
|-damage|p1a: Excadrill|97/100|[from] Stealth Rock
|-ability|p1a: Excadrill|Mold Breaker
|turn|17
|
|t:|1658486817
|move|p1a: Excadrill|Iron Head|p2a: Skarmory
|-resisted|p2a: Skarmory
|-damage|p2a: Skarmory|65/100
|-damage|p1a: Excadrill|81/100|[from] item: Rocky Helmet|[of] p2a: Skarmory
|cant|p2a: Skarmory|flinch
|
|-heal|p1a: Excadrill|87/100|[from] item: Leftovers
|upkeep
|turn|18
|-message|lewispewis forfeited.
|
|win|galactest bro !
|raw|lewispewis's rating: 1323 &rarr; <strong>1305</strong><br />(-18 for losing)
|raw|galactest bro !'s rating: 1356 &rarr; <strong>1374</strong><br />(+18 for winning)
|l|☆lewispewis
|l|☆galactest bro !
