|j|☆D2Q
|j|☆gogole2021
|t:|1637777691
|gametype|singles
|player|p1|D2Q|266|1488
|player|p2|gogole2021|pokemaniac-gen3rs|1475
|teamsize|p1|6
|teamsize|p2|6
|gen|8
|tier|[Gen 8] UU
|rated|
|rule|Sleep Clause Mod: Limit one foe put to sleep
|rule|Species Clause: Limit one of each Pokémon
|rule|OHKO Clause: OHKO moves are banned
|rule|Evasion Moves Clause: Evasion moves are banned
|rule|Endless Battle Clause: Forcing endless battles is banned
|rule|HP Percentage Mod: HP is shown in percentages
|rule|Dynamax Clause: You cannot dynamax
|clearpoke
|poke|p1|Togekiss, F|
|poke|p1|Dhelmise|
|poke|p1|Jirachi|
|poke|p1|Crawdaunt, M|
|poke|p1|Moltres|
|poke|p1|Excadrill, F|
|poke|p2|Sneasel, F|
|poke|p2|Darmanitan, M|
|poke|p2|Tapu Bulu|
|poke|p2|Swampert, M|
|poke|p2|Conkeldurr, M|
|poke|p2|Jirachi|
|teampreview
|inactive|Battle timer is ON: inactive players will automatically lose when time's up. (requested by D2Q)
|
|t:|1637777714
|start
|switch|p1a: Bandit Keith|Crawdaunt, M|100/100
|switch|p2a: Darmanitan|Darmanitan, M|100/100
|turn|1
|
|t:|1637777720
|move|p2a: Darmanitan|U-turn|p1a: Bandit Keith
|-supereffective|p1a: Bandit Keith
|-damage|p1a: Bandit Keith|30/100
|
|t:|1637777723
|switch|p2a: Tapu Bulu|Tapu Bulu|100/100|[from]move: U-turn
|-fieldstart|move: Grassy Terrain|[from] ability: Grassy Surge|[of] p2a: Tapu Bulu
|move|p1a: Bandit Keith|Knock Off|p2a: Tapu Bulu
|-resisted|p2a: Tapu Bulu
|-damage|p2a: Tapu Bulu|67/100
|-damage|p1a: Bandit Keith|14/100|[from] item: Rocky Helmet|[of] p2a: Tapu Bulu
|-enditem|p2a: Tapu Bulu|Rocky Helmet|[from] move: Knock Off|[of] p1a: Bandit Keith
|
|-heal|p1a: Bandit Keith|20/100|[from] Grassy Terrain
|-heal|p2a: Tapu Bulu|73/100|[from] Grassy Terrain
|upkeep
|turn|2
|
|t:|1637777738
|switch|p1a: Wish Maker|Jirachi|100/100
|move|p2a: Tapu Bulu|Toxic|p1a: Wish Maker
|-immune|p1a: Wish Maker
|
|-heal|p2a: Tapu Bulu|79/100|[from] Grassy Terrain
|upkeep
|turn|3
|
|t:|1637777747
|switch|p2a: Swampert|Swampert, M|100/100
|move|p1a: Wish Maker|Stealth Rock|p2a: Swampert
|-sidestart|p2: gogole2021|move: Stealth Rock
|
|upkeep
|turn|4
|
|t:|1637777754
|move|p1a: Wish Maker|U-turn|p2a: Swampert
|-damage|p2a: Swampert|87/100
|
|t:|1637777761
|switch|p1a: Bandit Keith|Crawdaunt, M|20/100|[from]move: U-turn
|move|p2a: Swampert|Stealth Rock|p1a: Bandit Keith
|-sidestart|p1: D2Q|move: Stealth Rock
|
|-heal|p1a: Bandit Keith|26/100|[from] Grassy Terrain
|-heal|p2a: Swampert|93/100|[from] Grassy Terrain
|-heal|p2a: Swampert|99/100|[from] item: Leftovers
|upkeep
|turn|5
|
|t:|1637777771
|move|p1a: Bandit Keith|Crabhammer|p2a: Swampert
|-damage|p2a: Swampert|0 fnt
|faint|p2a: Swampert
|
|-heal|p1a: Bandit Keith|32/100|[from] Grassy Terrain
|-fieldend|move: Grassy Terrain
|upkeep
|
|t:|1637777780
|switch|p2a: Conkeldurr|Conkeldurr, M|100/100
|-damage|p2a: Conkeldurr|94/100|[from] Stealth Rock
|turn|6
|
|t:|1637777784
|switch|p1a: French Kiss|Togekiss, F|100/100
|move|p2a: Conkeldurr|Mach Punch|p1a: French Kiss
|-resisted|p1a: French Kiss
|-damage|p1a: French Kiss|95/100
|
|-status|p2a: Conkeldurr|brn|[from] item: Flame Orb
|upkeep
|turn|7
|
|t:|1637777793
|switch|p2a: Jirachi|Jirachi|100/100
|-damage|p2a: Jirachi|94/100|[from] Stealth Rock
|move|p1a: French Kiss|Air Slash|p2a: Jirachi
|-resisted|p2a: Jirachi
|-damage|p2a: Jirachi|80/100
|
|upkeep
|turn|8
|
|t:|1637777805
|switch|p1a: Wish Maker|Jirachi|100/100
|-damage|p1a: Wish Maker|94/100|[from] Stealth Rock
|move|p2a: Jirachi|Cosmic Power|p2a: Jirachi
|-boost|p2a: Jirachi|def|1
|-boost|p2a: Jirachi|spd|1
|
|-heal|p1a: Wish Maker|100/100|[from] item: Leftovers
|upkeep
|turn|9
|
|t:|1637777824
|move|p1a: Wish Maker|U-turn|p2a: Jirachi
|-damage|p2a: Jirachi|72/100
|
|t:|1637777826
|switch|p1a: Spin-To-Win|Excadrill, F|100/100|[from]move: U-turn
|-damage|p1a: Spin-To-Win|97/100|[from] Stealth Rock
|-ability|p1a: Spin-To-Win|Mold Breaker
|move|p2a: Jirachi|Cosmic Power|p2a: Jirachi
|-boost|p2a: Jirachi|def|1
|-boost|p2a: Jirachi|spd|1
|
|-heal|p1a: Spin-To-Win|100/100|[from] item: Leftovers
|upkeep
|turn|10
|
|t:|1637777839
|move|p2a: Jirachi|Stored Power|p1a: Spin-To-Win
|-resisted|p1a: Spin-To-Win
|-damage|p1a: Spin-To-Win|84/100
|move|p1a: Spin-To-Win|Swords Dance|p1a: Spin-To-Win
|-boost|p1a: Spin-To-Win|atk|2
|
|-heal|p1a: Spin-To-Win|91/100|[from] item: Leftovers
|upkeep
|turn|11
|
|t:|1637777857
|move|p2a: Jirachi|Iron Head|p1a: Spin-To-Win
|-resisted|p1a: Spin-To-Win
|-damage|p1a: Spin-To-Win|71/100
|cant|p1a: Spin-To-Win|flinch
|
|-heal|p1a: Spin-To-Win|77/100|[from] item: Leftovers
|upkeep
|turn|12
|
|t:|1637777864
|move|p2a: Jirachi|Iron Head|p1a: Spin-To-Win
|-resisted|p1a: Spin-To-Win
|-damage|p1a: Spin-To-Win|57/100
|cant|p1a: Spin-To-Win|flinch
|
|-heal|p1a: Spin-To-Win|63/100|[from] item: Leftovers
|upkeep
|turn|13
|
|t:|1637777870
|move|p2a: Jirachi|Iron Head|p1a: Spin-To-Win
|-resisted|p1a: Spin-To-Win
|-damage|p1a: Spin-To-Win|43/100
|cant|p1a: Spin-To-Win|flinch
|
|-heal|p1a: Spin-To-Win|49/100|[from] item: Leftovers
|upkeep
|turn|14
|
|t:|1637777877
|move|p2a: Jirachi|Iron Head|p1a: Spin-To-Win
|-resisted|p1a: Spin-To-Win
|-damage|p1a: Spin-To-Win|30/100
|cant|p1a: Spin-To-Win|flinch
|
|-heal|p1a: Spin-To-Win|36/100|[from] item: Leftovers
|upkeep
|turn|15
|
|t:|1637777883
|move|p2a: Jirachi|Iron Head|p1a: Spin-To-Win
|-resisted|p1a: Spin-To-Win
|-damage|p1a: Spin-To-Win|16/100
|move|p1a: Spin-To-Win|Earthquake|p2a: Jirachi
|-supereffective|p2a: Jirachi
|-damage|p2a: Jirachi|5/100
|-enditem|p2a: Jirachi|Weakness Policy
|-boost|p2a: Jirachi|atk|2|[from] item: Weakness Policy
|-boost|p2a: Jirachi|spa|2|[from] item: Weakness Policy
|
|-heal|p1a: Spin-To-Win|22/100|[from] item: Leftovers
|upkeep
|turn|16
|
|t:|1637777895
|move|p2a: Jirachi|Stored Power|p1a: Spin-To-Win
|-resisted|p1a: Spin-To-Win
|-damage|p1a: Spin-To-Win|0 fnt
|faint|p1a: Spin-To-Win
|
|upkeep
|
|t:|1637777901
|switch|p1a: Wish Maker|Jirachi|100/100
|-damage|p1a: Wish Maker|94/100|[from] Stealth Rock
|turn|17
|
|t:|1637777907
|move|p1a: Wish Maker|Iron Head|p2a: Jirachi
|-resisted|p2a: Jirachi
|-damage|p2a: Jirachi|0 fnt
|faint|p2a: Jirachi
|
|-heal|p1a: Wish Maker|100/100|[from] item: Leftovers
|upkeep
|
|t:|1637777929
|switch|p2a: Darmanitan|Darmanitan, M|100/100
|-damage|p2a: Darmanitan|76/100|[from] Stealth Rock
|turn|18
|
|t:|1637777938
|switch|p1a: Dranzer|Moltres|100/100
|move|p2a: Darmanitan|Flare Blitz|p1a: Dranzer
|-resisted|p1a: Dranzer
|-damage|p1a: Dranzer|69/100
|-damage|p2a: Darmanitan|64/100|[from] Recoil
|
|upkeep
|turn|19
|
|t:|1637777949
|switch|p2a: Sneasel|Sneasel, F|100/100
|-damage|p2a: Sneasel|76/100|[from] Stealth Rock
|move|p1a: Dranzer|Roost|p1a: Dranzer
|-heal|p1a: Dranzer|100/100
|-singleturn|p1a: Dranzer|move: Roost
|
|upkeep
|turn|20
|
|t:|1637777958
|move|p2a: Sneasel|Knock Off|p1a: Dranzer
|-damage|p1a: Dranzer|52/100
|-enditem|p1a: Dranzer|Heavy-Duty Boots|[from] move: Knock Off|[of] p2a: Sneasel
|move|p1a: Dranzer|Mystical Fire|p2a: Sneasel
|-supereffective|p2a: Sneasel
|-damage|p2a: Sneasel|0 fnt
|faint|p2a: Sneasel
|
|upkeep
|
|t:|1637777971
|switch|p2a: Darmanitan|Darmanitan, M|64/100
|-damage|p2a: Darmanitan|39/100|[from] Stealth Rock
|turn|21
|
|t:|1637777981
|move|p2a: Darmanitan|Rock Slide|p1a: Dranzer
|-supereffective|p1a: Dranzer
|-damage|p1a: Dranzer|0 fnt
|faint|p1a: Dranzer
|
|upkeep
|
|t:|1637777987
|switch|p1a: Wish Maker|Jirachi|100/100
|-damage|p1a: Wish Maker|94/100|[from] Stealth Rock
|turn|22
|
|t:|1637777995
|switch|p2a: Conkeldurr|Conkeldurr, M|94/100 brn
|-damage|p2a: Conkeldurr|88/100 brn|[from] Stealth Rock
|move|p1a: Wish Maker|Iron Head|p2a: Conkeldurr
|-damage|p2a: Conkeldurr|63/100 brn
|
|-heal|p1a: Wish Maker|100/100|[from] item: Leftovers
|-damage|p2a: Conkeldurr|57/100 brn|[from] brn
|upkeep
|turn|23
|
|t:|1637778008
|move|p1a: Wish Maker|Zen Headbutt|p2a: Conkeldurr
|-supereffective|p2a: Conkeldurr
|-damage|p2a: Conkeldurr|8/100 brn
|cant|p2a: Conkeldurr|flinch
|
|-damage|p2a: Conkeldurr|2/100 brn|[from] brn
|upkeep
|turn|24
|
|t:|1637778015
|move|p2a: Conkeldurr|Mach Punch|p1a: Wish Maker
|-damage|p1a: Wish Maker|71/100
|move|p1a: Wish Maker|Iron Head|p2a: Conkeldurr
|-damage|p2a: Conkeldurr|0 fnt
|faint|p2a: Conkeldurr
|
|-heal|p1a: Wish Maker|77/100|[from] item: Leftovers
|upkeep
|
|t:|1637778022
|switch|p2a: Darmanitan|Darmanitan, M|39/100
|-damage|p2a: Darmanitan|14/100|[from] Stealth Rock
|turn|25
|
|t:|1637778030
|switch|p1a: Anchor-Up|Dhelmise|100/100
|-damage|p1a: Anchor-Up|88/100|[from] Stealth Rock
|move|p2a: Darmanitan|Flare Blitz|p1a: Anchor-Up
|-supereffective|p1a: Anchor-Up
|-damage|p1a: Anchor-Up|0 fnt
|faint|p1a: Anchor-Up
|-damage|p2a: Darmanitan|0 fnt|[from] Recoil
|faint|p2a: Darmanitan
|
|upkeep
|c|☆gogole2021|gg
|
|t:|1637778042
|switch|p2a: Tapu Bulu|Tapu Bulu|79/100
|switch|p1a: Wish Maker|Jirachi|77/100
|-damage|p1a: Wish Maker|71/100|[from] Stealth Rock
|-damage|p2a: Tapu Bulu|67/100|[from] Stealth Rock
|-fieldstart|move: Grassy Terrain|[from] ability: Grassy Surge|[of] p2a: Tapu Bulu
|turn|26
|
|t:|1637778056
|move|p1a: Wish Maker|Iron Head|p2a: Tapu Bulu
|-supereffective|p2a: Tapu Bulu
|-damage|p2a: Tapu Bulu|31/100
|cant|p2a: Tapu Bulu|flinch
|
|-heal|p1a: Wish Maker|77/100|[from] Grassy Terrain
|-heal|p1a: Wish Maker|83/100|[from] item: Leftovers
|-heal|p2a: Tapu Bulu|38/100|[from] Grassy Terrain
|upkeep
|turn|27
|-message|gogole2021 forfeited.
|
|win|D2Q
|raw|D2Q's rating: 1488 &rarr; <strong>1507</strong><br />(+19 for winning)
|raw|gogole2021's rating: 1475 &rarr; <strong>1456</strong><br />(-19 for losing)
