|j|☆SSRW26 Swoosh
|j|☆Shaun Gillooly Jr
|t:|1609880500
|player|p1|SSRW26 Swoosh|korrina|1000
|player|p2|Shaun Gillooly Jr|101|1107
|teamsize|p1|6
|teamsize|p2|6
|gametype|singles
|gen|8
|tier|[Gen 8] UU
|rated|
|clearpoke
|poke|p1|Ninetales-Alola, M|
|poke|p1|Thundurus, M|
|poke|p1|Krookodile, F|
|poke|p1|Gyarados, M|
|poke|p1|Haxorus, M|
|poke|p1|Scizor, F|
|poke|p2|Grimmsnarl, M|
|poke|p2|Rotom-Wash|
|poke|p2|Mamoswine, F|
|poke|p2|Amoonguss, F|
|poke|p2|Jirachi|
|poke|p2|Conkeldurr, M|
|rule|Sleep Clause Mod: Limit one foe put to sleep
|rule|Species Clause: Limit one of each Pokémon
|rule|OHKO Clause: OHKO moves are banned
|rule|Evasion Moves Clause: Evasion moves are banned
|rule|Endless Battle Clause: Forcing endless battles is banned
|rule|HP Percentage Mod: HP is shown in percentages
|rule|Dynamax Clause: You cannot dynamax
|teampreview
|inactive|Battle timer is ON: inactive players will automatically lose when time's up. (requested by Shaun Gillooly Jr)
|inactive|SSRW26 Swoosh also wants the timer to be on.
|
|t:|1609880525
|start
|switch|p1a: Ninetales|Ninetales-Alola, M, shiny|100/100
|switch|p2a: Rotom|Rotom-Wash|100/100
|-weather|Hail|[from] ability: Snow Warning|[of] p1a: Ninetales
|turn|1
|
|t:|1609880540
|move|p1a: Ninetales|Aurora Veil|p1a: Ninetales
|-sidestart|p1: SSRW26 Swoosh|move: Aurora Veil
|move|p2a: Rotom|Volt Switch|p1a: Ninetales
|-damage|p1a: Ninetales|88/100
|
|t:|1609880555
|switch|p2a: Amoonguss|Amoonguss, F|100/100|[from]move: Volt Switch
|
|-weather|Hail|[upkeep]
|-damage|p2a: Amoonguss|94/100|[from] Hail
|upkeep
|turn|2
|
|t:|1609880571
|move|p1a: Ninetales|Hypnosis|p2a: Amoonguss
|-status|p2a: Amoonguss|slp|[from] move: Hypnosis
|cant|p2a: Amoonguss|slp
|
|-weather|Hail|[upkeep]
|-damage|p2a: Amoonguss|88/100 slp|[from] Hail
|upkeep
|turn|3
|
|t:|1609880575
|switch|p1a: Krookodile|Krookodile, F|100/100
|-ability|p1a: Krookodile|Intimidate|boost
|-unboost|p2a: Amoonguss|atk|1
|cant|p2a: Amoonguss|slp
|
|-weather|Hail|[upkeep]
|-damage|p1a: Krookodile|94/100|[from] Hail
|-damage|p2a: Amoonguss|82/100 slp|[from] Hail
|upkeep
|turn|4
|
|t:|1609880582
|move|p1a: Krookodile|Stealth Rock|p2a: Amoonguss
|-sidestart|p2: Shaun Gillooly Jr|move: Stealth Rock
|-curestatus|p2a: Amoonguss|slp|[msg]
|move|p2a: Amoonguss|Synthesis|p2a: Amoonguss
|-heal|p2a: Amoonguss|100/100
|
|-weather|Hail|[upkeep]
|-damage|p1a: Krookodile|88/100|[from] Hail
|-damage|p2a: Amoonguss|94/100|[from] Hail
|upkeep
|turn|5
|
|t:|1609880587
|move|p1a: Krookodile|Taunt|p2a: Amoonguss
|-start|p2a: Amoonguss|move: Taunt
|move|p2a: Amoonguss|Giga Drain|p1a: Krookodile
|-supereffective|p1a: Krookodile
|-damage|p1a: Krookodile|55/100
|-heal|p2a: Amoonguss|100/100|[from] drain|[of] p1a: Krookodile
|
|-weather|none
|upkeep
|turn|6
|
|t:|1609880595
|switch|p1a: Thundurus|Thundurus, M, shiny|100/100
|move|p2a: Amoonguss|Giga Drain|p1a: Thundurus
|-resisted|p1a: Thundurus
|-damage|p1a: Thundurus|93/100
|
|upkeep
|turn|7
|
|t:|1609880603
|switch|p2a: Rotom|Rotom-Wash|100/100
|-damage|p2a: Rotom|88/100|[from] Stealth Rock
|move|p1a: Thundurus|Nasty Plot|p1a: Thundurus
|-boost|p1a: Thundurus|spa|2
|
|-heal|p2a: Rotom|94/100|[from] item: Leftovers
|upkeep
|turn|8
|
|t:|1609880607
|move|p1a: Thundurus|Thunderbolt|p2a: Rotom
|-damage|p2a: Rotom|0 fnt
|-damage|p1a: Thundurus|83/100|[from] item: Life Orb
|faint|p2a: Rotom
|
|-sideend|p1: SSRW26 Swoosh|move: Aurora Veil
|upkeep
|
|t:|1609880613
|switch|p2a: Mamoswine|Mamoswine, F|100/100
|-damage|p2a: Mamoswine|88/100|[from] Stealth Rock
|turn|9
|
|t:|1609880622
|switch|p1a: Ninetales|Ninetales-Alola, M, shiny|88/100
|-weather|Hail|[from] ability: Snow Warning|[of] p1a: Ninetales
|move|p2a: Mamoswine|Icicle Crash|p1a: Ninetales
|-resisted|p1a: Ninetales
|-damage|p1a: Ninetales|46/100
|-damage|p2a: Mamoswine|78/100|[from] item: Life Orb
|
|-weather|Hail|[upkeep]
|upkeep
|turn|10
|
|t:|1609880645
|switch|p2a: Amoonguss|Amoonguss, F|100/100
|-damage|p2a: Amoonguss|88/100|[from] Stealth Rock
|move|p1a: Ninetales|Aurora Veil|p1a: Ninetales
|-sidestart|p1: SSRW26 Swoosh|move: Aurora Veil
|
|-weather|Hail|[upkeep]
|-damage|p2a: Amoonguss|82/100|[from] Hail
|upkeep
|turn|11
|
|t:|1609880656
|move|p1a: Ninetales|Freeze-Dry|p2a: Amoonguss
|-supereffective|p2a: Amoonguss
|-damage|p2a: Amoonguss|46/100
|move|p2a: Amoonguss|Spore|p1a: Ninetales
|-status|p1a: Ninetales|slp|[from] move: Spore
|
|-weather|Hail|[upkeep]
|-damage|p2a: Amoonguss|39/100|[from] Hail
|upkeep
|turn|12
|
|t:|1609880668
|switch|p1a: Thundurus|Thundurus, M, shiny|83/100
|move|p2a: Amoonguss|Synthesis|p2a: Amoonguss
|-heal|p2a: Amoonguss|64/100
|
|-weather|Hail|[upkeep]
|-damage|p1a: Thundurus|77/100|[from] Hail
|-damage|p2a: Amoonguss|58/100|[from] Hail
|upkeep
|turn|13
|
|t:|1609880678
|switch|p2a: Mamoswine|Mamoswine, F|78/100
|-damage|p2a: Mamoswine|66/100|[from] Stealth Rock
|move|p1a: Thundurus|Nasty Plot|p1a: Thundurus
|-boost|p1a: Thundurus|spa|2
|
|-weather|none
|upkeep
|turn|14
|
|t:|1609880689
|move|p2a: Mamoswine|Ice Shard|p1a: Thundurus
|-supereffective|p1a: Thundurus
|-damage|p1a: Thundurus|32/100
|-damage|p2a: Mamoswine|56/100|[from] item: Life Orb
|move|p1a: Thundurus|Psychic|p2a: Mamoswine
|-damage|p2a: Mamoswine|0 fnt
|-damage|p1a: Thundurus|23/100|[from] item: Life Orb
|faint|p2a: Mamoswine
|
|upkeep
|
|t:|1609880702
|switch|p2a: Amoonguss|Amoonguss, F|91/100
|-damage|p2a: Amoonguss|79/100|[from] Stealth Rock
|turn|15
|
|t:|1609880707
|switch|p2a: Jirachi|Jirachi|100/100
|-damage|p2a: Jirachi|94/100|[from] Stealth Rock
|move|p1a: Thundurus|Psychic|p2a: Jirachi
|-resisted|p2a: Jirachi
|-damage|p2a: Jirachi|74/100
|-damage|p1a: Thundurus|13/100|[from] item: Life Orb
|
|upkeep
|turn|16
|
|t:|1609880711
|move|p1a: Thundurus|Thunderbolt|p2a: Jirachi
|-damage|p2a: Jirachi|0 fnt
|-damage|p1a: Thundurus|3/100|[from] item: Life Orb
|faint|p2a: Jirachi
|
|upkeep
|
|t:|1609880713
|switch|p2a: Conkeldurr|Conkeldurr, M|100/100
|-damage|p2a: Conkeldurr|95/100|[from] Stealth Rock
|turn|17
|
|t:|1609880725
|switch|p1a: Krookodile|Krookodile, F|55/100
|-ability|p1a: Krookodile|Intimidate|boost
|-unboost|p2a: Conkeldurr|atk|1
|move|p2a: Conkeldurr|Mach Punch|p1a: Krookodile
|-supereffective|p1a: Krookodile
|-damage|p1a: Krookodile|34/100
|-damage|p2a: Conkeldurr|78/100|[from] item: Rocky Helmet|[of] p1a: Krookodile
|
|-sideend|p1: SSRW26 Swoosh|move: Aurora Veil
|-status|p2a: Conkeldurr|brn|[from] item: Flame Orb
|upkeep
|turn|18
|
|t:|1609880738
|move|p2a: Conkeldurr|Mach Punch|p1a: Krookodile
|-supereffective|p1a: Krookodile
|-damage|p1a: Krookodile|0 fnt
|-damage|p2a: Conkeldurr|61/100 brn|[from] item: Rocky Helmet|[of] p1a: Krookodile
|faint|p1a: Krookodile
|
|-damage|p2a: Conkeldurr|55/100 brn|[from] brn
|upkeep
|inactive|SSRW26 Swoosh has 120 seconds left.
|
|t:|1609880767
|switch|p1a: Haxorus|Haxorus, M, shiny|100/100
|-ability|p1a: Haxorus|Mold Breaker
|turn|19
|
|t:|1609880773
|move|p1a: Haxorus|Scale Shot|p2a: Conkeldurr
|-damage|p2a: Conkeldurr|41/100 brn
|-damage|p2a: Conkeldurr|25/100 brn
|-damage|p2a: Conkeldurr|10/100 brn
|-hitcount|p2a: Conkeldurr|3
|-unboost|p1a: Haxorus|def|1
|-boost|p1a: Haxorus|spe|1
|move|p2a: Conkeldurr|Facade|p1a: Haxorus
|-damage|p1a: Haxorus|0 fnt
|faint|p1a: Haxorus
|
|-damage|p2a: Conkeldurr|4/100 brn|[from] brn
|upkeep
|
|t:|1609880777
|switch|p1a: Gyarados|Gyarados, M, shiny|100/100
|turn|20
|
|t:|1609880794
|move|p2a: Conkeldurr|Mach Punch|p1a: Gyarados
|-resisted|p1a: Gyarados
|-damage|p1a: Gyarados|84/100
|move|p1a: Gyarados|Waterfall|p2a: Conkeldurr
|-damage|p2a: Conkeldurr|0 fnt
|faint|p2a: Conkeldurr
|-ability|p1a: Gyarados|Moxie|boost
|-boost|p1a: Gyarados|atk|1
|
|upkeep
|
|t:|1609880801
|switch|p2a: Amoonguss|Amoonguss, F|100/100
|-damage|p2a: Amoonguss|88/100|[from] Stealth Rock
|turn|21
|
|t:|1609880812
|move|p1a: Gyarados|Ice Fang|p2a: Amoonguss
|-supereffective|p2a: Amoonguss
|-damage|p2a: Amoonguss|38/100
|-damage|p1a: Gyarados|68/100|[from] item: Rocky Helmet|[of] p2a: Amoonguss
|move|p2a: Amoonguss|Giga Drain|p1a: Gyarados
|-damage|p1a: Gyarados|43/100
|-heal|p2a: Amoonguss|47/100|[from] drain|[of] p1a: Gyarados
|
|upkeep
|turn|22
|
|t:|1609880827
|move|p1a: Gyarados|Ice Fang|p2a: Amoonguss
|-supereffective|p2a: Amoonguss
|-damage|p2a: Amoonguss|0 fnt
|-damage|p1a: Gyarados|27/100|[from] item: Rocky Helmet|[of] p2a: Amoonguss
|faint|p2a: Amoonguss
|-ability|p1a: Gyarados|Moxie|boost
|-boost|p1a: Gyarados|atk|1
|
|upkeep
|
|t:|1609880830
|switch|p2a: Grimmsnarl|Grimmsnarl, M|100/100
|-damage|p2a: Grimmsnarl|88/100|[from] Stealth Rock
|turn|23
|
|t:|1609880837
|move|p1a: Gyarados|Waterfall|p2a: Grimmsnarl
|-damage|p2a: Grimmsnarl|0 fnt
|faint|p2a: Grimmsnarl
|
|win|SSRW26 Swoosh
|l|☆Shaun Gillooly Jr
