|j|☆agentghi
|j|☆Corporate Donkey
|t:|1654563068
|gametype|singles
|player|p1|agentghi|striker|1449
|player|p2|Corporate Donkey|ingo|1394
|teamsize|p1|6
|teamsize|p2|6
|gen|8
|tier|[Gen 8] UU
|rated|
|rule|Sleep Clause Mod: Limit one foe put to sleep
|rule|Species Clause: Limit one of each Pokémon
|rule|OHKO Clause: OHKO moves are banned
|rule|Evasion Moves Clause: Evasion moves are banned
|rule|Endless Battle Clause: Forcing endless battles is banned
|rule|HP Percentage Mod: HP is shown in percentages
|rule|Dynamax Clause: You cannot dynamax
|clearpoke
|poke|p1|Xurkitree|
|poke|p1|Conkeldurr, F|
|poke|p1|Hydreigon, M|
|poke|p1|Togekiss, M|
|poke|p1|Mamoswine, F|
|poke|p1|Snorlax, F|
|poke|p2|Hippowdon, F|
|poke|p2|Skarmory, F|
|poke|p2|Scizor, M|
|poke|p2|Reuniclus, M|
|poke|p2|Keldeo-Resolute|
|poke|p2|Hydreigon, M|
|teampreview
|inactive|Battle timer is ON: inactive players will automatically lose when time's up. (requested by agentghi)
|c|☆Corporate Donkey|gl hf
|
|t:|1654563085
|start
|switch|p1a: Conkeldurr|Conkeldurr, F|100/100
|switch|p2a: Donicio|Keldeo-Resolute|100/100
|turn|1
|
|t:|1654563103
|move|p1a: Conkeldurr|Mach Punch|p2a: Donicio
|-crit|p2a: Donicio
|-damage|p2a: Donicio|55/100
|move|p2a: Donicio|Air Slash|p1a: Conkeldurr|[miss]
|-miss|p2a: Donicio|p1a: Conkeldurr
|
|-status|p1a: Conkeldurr|brn|[from] item: Flame Orb
|upkeep
|turn|2
|
|t:|1654563110
|switch|p2a: Skarmory|Skarmory, F|100/100
|switch|p1a: Snorlax|Snorlax, F|100/100
|
|upkeep
|turn|3
|
|t:|1654563115
|move|p2a: Skarmory|Iron Defense|p2a: Skarmory
|-boost|p2a: Skarmory|def|2
|move|p1a: Snorlax|Curse|p1a: Snorlax
|-unboost|p1a: Snorlax|spe|1
|-boost|p1a: Snorlax|atk|1
|-boost|p1a: Snorlax|def|1
|
|upkeep
|turn|4
|
|t:|1654563122
|move|p2a: Skarmory|Body Press|p1a: Snorlax
|-supereffective|p1a: Snorlax
|-damage|p1a: Snorlax|33/100
|move|p1a: Snorlax|Curse|p1a: Snorlax
|-unboost|p1a: Snorlax|spe|1
|-boost|p1a: Snorlax|atk|1
|-boost|p1a: Snorlax|def|1
|
|-heal|p1a: Snorlax|40/100|[from] item: Leftovers
|upkeep
|turn|5
|
|t:|1654563130
|switch|p1a: Togekiss|Togekiss, M|100/100
|move|p2a: Skarmory|Body Press|p1a: Togekiss
|-resisted|p1a: Togekiss
|-damage|p1a: Togekiss|89/100
|
|upkeep
|turn|6
|
|t:|1654563143
|switch|p2a: Donna|Hippowdon, F|100/100
|-weather|Sandstorm|[from] ability: Sand Stream|[of] p2a: Donna
|move|p1a: Togekiss|Thunder Wave|p2a: Donna
|-immune|p2a: Donna
|
|-weather|Sandstorm|[upkeep]
|-damage|p1a: Togekiss|83/100|[from] Sandstorm
|upkeep
|turn|7
|
|t:|1654563158
|switch|p1a: Conkeldurr|Conkeldurr, F|100/100 brn
|move|p2a: Donna|Toxic|p1a: Conkeldurr|[miss]
|-miss|p2a: Donna|p1a: Conkeldurr
|
|-weather|Sandstorm|[upkeep]
|-damage|p1a: Conkeldurr|95/100 brn|[from] Sandstorm
|-damage|p1a: Conkeldurr|89/100 brn|[from] brn
|upkeep
|turn|8
|
|t:|1654563166
|move|p1a: Conkeldurr|Knock Off|p2a: Donna
|-damage|p2a: Donna|64/100
|-enditem|p2a: Donna|Leftovers|[from] move: Knock Off|[of] p1a: Conkeldurr
|move|p2a: Donna|Slack Off|p2a: Donna
|-heal|p2a: Donna|100/100
|
|-weather|Sandstorm|[upkeep]
|-damage|p1a: Conkeldurr|83/100 brn|[from] Sandstorm
|-damage|p1a: Conkeldurr|77/100 brn|[from] brn
|upkeep
|turn|9
|
|t:|1654563176
|move|p1a: Conkeldurr|Drain Punch|p2a: Donna
|-crit|p2a: Donna
|-damage|p2a: Donna|39/100
|-heal|p1a: Conkeldurr|100/100 brn|[from] drain|[of] p2a: Donna
|move|p2a: Donna|Stealth Rock|p1a: Conkeldurr
|-sidestart|p1: agentghi|move: Stealth Rock
|
|-weather|Sandstorm|[upkeep]
|-damage|p1a: Conkeldurr|95/100 brn|[from] Sandstorm
|-damage|p1a: Conkeldurr|89/100 brn|[from] brn
|upkeep
|turn|10
|
|t:|1654563189
|move|p1a: Conkeldurr|Facade|p2a: Donna
|-damage|p2a: Donna|0 fnt
|faint|p2a: Donna
|
|-weather|none
|-damage|p1a: Conkeldurr|83/100 brn|[from] brn
|upkeep
|
|t:|1654563192
|switch|p2a: Skarmory|Skarmory, F|100/100
|turn|11
|
|t:|1654563199
|move|p1a: Conkeldurr|Knock Off|p2a: Skarmory
|-damage|p2a: Skarmory|68/100
|-damage|p1a: Conkeldurr|66/100 brn|[from] item: Rocky Helmet|[of] p2a: Skarmory
|-enditem|p2a: Skarmory|Rocky Helmet|[from] move: Knock Off|[of] p1a: Conkeldurr
|move|p2a: Skarmory|Iron Defense|p2a: Skarmory
|-boost|p2a: Skarmory|def|2
|
|-damage|p1a: Conkeldurr|60/100 brn|[from] brn
|upkeep
|turn|12
|
|t:|1654563208
|move|p1a: Conkeldurr|Drain Punch|p2a: Skarmory
|-damage|p2a: Skarmory|47/100
|-heal|p1a: Conkeldurr|70/100 brn|[from] drain|[of] p2a: Skarmory
|move|p2a: Skarmory|Body Press|p1a: Conkeldurr
|-damage|p1a: Conkeldurr|6/100 brn
|
|-damage|p1a: Conkeldurr|0 fnt|[from] brn
|faint|p1a: Conkeldurr
|upkeep
|
|t:|1654563218
|switch|p1a: Xurkitree|Xurkitree|100/100
|-damage|p1a: Xurkitree|88/100|[from] Stealth Rock
|turn|13
|
|t:|1654563225
|move|p1a: Xurkitree|Volt Switch|p2a: Skarmory
|-supereffective|p2a: Skarmory
|-damage|p2a: Skarmory|0 fnt
|faint|p2a: Skarmory
|-ability|p1a: Xurkitree|Beast Boost|boost
|-boost|p1a: Xurkitree|spa|1
|
|t:|1654563233
|switch|p1a: Togekiss|Togekiss, M|83/100|[from]move: Volt Switch
|
|upkeep
|
|t:|1654563242
|switch|p2a: Squishy|Reuniclus, M|100/100
|turn|14
|
|t:|1654563246
|move|p1a: Togekiss|Defog|p2a: Squishy
|-unboost|p2a: Squishy|evasion|1
|-sideend|p1: agentghi|Stealth Rock|[from] move: Defog|[of] p1a: Togekiss
|move|p2a: Squishy|Thunder|p1a: Togekiss
|-supereffective|p1a: Togekiss
|-damage|p1a: Togekiss|4/100
|-status|p1a: Togekiss|par
|
|upkeep
|turn|15
|
|t:|1654563264
|move|p1a: Togekiss|Thunder Wave|p2a: Squishy
|-status|p2a: Squishy|par
|move|p2a: Squishy|Psychic|p1a: Togekiss
|-damage|p1a: Togekiss|0 fnt
|faint|p1a: Togekiss
|
|upkeep
|
|t:|1654563273
|switch|p1a: Mamoswine|Mamoswine, F|100/100
|turn|16
|
|t:|1654563279
|move|p1a: Mamoswine|Knock Off|p2a: Squishy
|-supereffective|p2a: Squishy
|-damage|p2a: Squishy|0 fnt
|-enditem|p2a: Squishy|Life Orb|[from] move: Knock Off|[of] p1a: Mamoswine
|faint|p2a: Squishy
|
|upkeep
|
|t:|1654563283
|switch|p2a: Slash|Scizor, M|100/100
|turn|17
|
|t:|1654563291
|move|p1a: Mamoswine|Knock Off|p2a: Slash
|-damage|p2a: Slash|54/100
|-enditem|p2a: Slash|Heavy-Duty Boots|[from] move: Knock Off|[of] p1a: Mamoswine
|move|p2a: Slash|Swords Dance|p2a: Slash
|-boost|p2a: Slash|atk|2
|
|upkeep
|turn|18
|
|t:|1654563297
|move|p1a: Mamoswine|Knock Off|p2a: Slash
|-damage|p2a: Slash|22/100
|move|p2a: Slash|Roost|p2a: Slash
|-heal|p2a: Slash|72/100
|-singleturn|p2a: Slash|move: Roost
|
|upkeep
|turn|19
|
|t:|1654563304
|switch|p1a: Hydreigon|Hydreigon, M|100/100
|move|p2a: Slash|Swords Dance|p2a: Slash
|-boost|p2a: Slash|atk|2
|
|upkeep
|turn|20
|
|t:|1654563311
|move|p2a: Slash|Bullet Punch|p1a: Hydreigon
|-damage|p1a: Hydreigon|0 fnt
|faint|p1a: Hydreigon
|
|upkeep
|
|t:|1654563318
|switch|p1a: Xurkitree|Xurkitree|88/100
|turn|21
|
|t:|1654563321
|move|p1a: Xurkitree|Thunderbolt|p2a: Slash
|-damage|p2a: Slash|14/100
|move|p2a: Slash|Knock Off|p1a: Xurkitree
|-damage|p1a: Xurkitree|0 fnt
|-enditem|p1a: Xurkitree|Choice Scarf|[from] move: Knock Off|[of] p2a: Slash
|faint|p1a: Xurkitree
|
|upkeep
|
|t:|1654563329
|switch|p1a: Mamoswine|Mamoswine, F|100/100
|turn|22
|
|t:|1654563331
|move|p1a: Mamoswine|Ice Shard|p2a: Slash
|-resisted|p2a: Slash
|-damage|p2a: Slash|0 fnt
|faint|p2a: Slash
|
|upkeep
|
|t:|1654563334
|switch|p2a: Donicio|Keldeo-Resolute|55/100
|turn|23
|
|t:|1654563337
|move|p1a: Mamoswine|Ice Shard|p2a: Donicio
|-resisted|p2a: Donicio
|-damage|p2a: Donicio|36/100
|move|p2a: Donicio|Secret Sword|p1a: Mamoswine
|-supereffective|p1a: Mamoswine
|-damage|p1a: Mamoswine|0 fnt
|faint|p1a: Mamoswine
|
|upkeep
|c|☆Corporate Donkey|gg
|
|t:|1654563344
|switch|p1a: Snorlax|Snorlax, F|40/100
|turn|24
|
|t:|1654563347
|move|p2a: Donicio|Secret Sword|p1a: Snorlax
|-supereffective|p1a: Snorlax
|-damage|p1a: Snorlax|0 fnt
|faint|p1a: Snorlax
|
|win|Corporate Donkey
|raw|agentghi's rating: 1449 &rarr; <strong>1426</strong><br />(-23 for losing)
|raw|Corporate Donkey's rating: 1394 &rarr; <strong>1417</strong><br />(+23 for winning)
|c|☆agentghi|gg
|l|☆agentghi
||Ladder isn't responding, score probably updated but might not have (Request timeout).
