|j|☆UUBF5 detour
|j|☆7thfrontier
|t:|1617538783
|gametype|singles
|player|p1|UUBF5 detour|maid-gen4|1405
|player|p2|7thfrontier|steven|1424
|teamsize|p1|6
|teamsize|p2|6
|gen|8
|tier|[Gen 8] UU
|rated|
|clearpoke
|poke|p1|Weezing-Galar, M|
|poke|p1|Pyukumuku, M|
|poke|p1|Chansey, F|
|poke|p1|Mew|
|poke|p1|Salamence, M|
|poke|p1|Amoonguss, M|
|poke|p2|Sylveon, M|
|poke|p2|Rotom-Wash|
|poke|p2|Scizor, M|
|poke|p2|Kommo-o, F|
|poke|p2|Primarina, M|
|poke|p2|Heliolisk, M|
|rule|Sleep Clause Mod: Limit one foe put to sleep
|rule|Species Clause: Limit one of each Pokémon
|rule|OHKO Clause: OHKO moves are banned
|rule|Evasion Moves Clause: Evasion moves are banned
|rule|Endless Battle Clause: Forcing endless battles is banned
|rule|HP Percentage Mod: HP is shown in percentages
|rule|Dynamax Clause: You cannot dynamax
|teampreview
|
|t:|1617538801
|start
|switch|p1a: Chansey|Chansey, F|100/100
|switch|p2a: Scizor|Scizor, M, shiny|100/100
|turn|1
|
|t:|1617538808
|move|p2a: Scizor|Knock Off|p1a: Chansey
|-damage|p1a: Chansey|65/100
|-enditem|p1a: Chansey|Eviolite|[from] move: Knock Off|[of] p2a: Scizor
|move|p1a: Chansey|Stealth Rock|p2a: Scizor
|-sidestart|p2: 7thfrontier|move: Stealth Rock
|
|upkeep
|turn|2
|
|t:|1617538815
|move|p2a: Scizor|Knock Off|p1a: Chansey
|-damage|p1a: Chansey|27/100
|move|p1a: Chansey|Soft-Boiled|p1a: Chansey
|-heal|p1a: Chansey|77/100
|
|upkeep
|turn|3
|
|t:|1617538819
|move|p2a: Scizor|Knock Off|p1a: Chansey
|-damage|p1a: Chansey|45/100
|move|p1a: Chansey|Soft-Boiled|p1a: Chansey
|-heal|p1a: Chansey|95/100
|
|upkeep
|turn|4
|
|t:|1617538822
|move|p2a: Scizor|Knock Off|p1a: Chansey
|-damage|p1a: Chansey|58/100
|move|p1a: Chansey|Soft-Boiled|p1a: Chansey
|-heal|p1a: Chansey|100/100
|
|upkeep
|turn|5
|
|t:|1617538827
|move|p2a: Scizor|Knock Off|p1a: Chansey
|-damage|p1a: Chansey|65/100
|move|p1a: Chansey|Seismic Toss|p2a: Scizor
|-damage|p2a: Scizor|71/100
|
|upkeep
|turn|6
|
|t:|1617538846
|switch|p2a: Kommo-o|Kommo-o, F, shiny|100/100
|-damage|p2a: Kommo-o|94/100|[from] Stealth Rock
|move|p1a: Chansey|Soft-Boiled|p1a: Chansey
|-heal|p1a: Chansey|100/100
|
|-heal|p2a: Kommo-o|100/100|[from] item: Leftovers
|upkeep
|turn|7
|
|t:|1617538865
|switch|p2a: Rotom|Rotom-Wash|100/100
|-damage|p2a: Rotom|88/100|[from] Stealth Rock
|switch|p1a: Mew|Mew|100/100
|
|-heal|p2a: Rotom|94/100|[from] item: Leftovers
|upkeep
|turn|8
|
|t:|1617538869
|move|p1a: Mew|Knock Off|p2a: Rotom
|-damage|p2a: Rotom|64/100
|-enditem|p2a: Rotom|Leftovers|[from] move: Knock Off|[of] p1a: Mew
|move|p2a: Rotom|Defog|p1a: Mew
|-unboost|p1a: Mew|evasion|1
|-sideend|p2: 7thfrontier|Stealth Rock|[from] move: Defog|[of] p2a: Rotom
|
|upkeep
|turn|9
|
|t:|1617538871
|move|p1a: Mew|Spikes|p2a: Rotom
|-sidestart|p2: 7thfrontier|Spikes
|move|p2a: Rotom|Volt Switch|p1a: Mew
|-damage|p1a: Mew|72/100
|
|t:|1617538875
|switch|p2a: Scizor|Scizor, M, shiny|71/100|[from]move: Volt Switch
|-damage|p2a: Scizor|59/100|[from] Spikes
|
|-heal|p1a: Mew|78/100|[from] item: Leftovers
|upkeep
|turn|10
|
|t:|1617538877
|move|p1a: Mew|Will-O-Wisp|p2a: Scizor|[miss]
|-miss|p1a: Mew|p2a: Scizor
|move|p2a: Scizor|U-turn|p1a: Mew
|-supereffective|p1a: Mew
|-damage|p1a: Mew|0 fnt
|faint|p1a: Mew
|
|t:|1617538881
|switch|p2a: Rotom|Rotom-Wash|64/100|[from]move: U-turn
|
|upkeep
|
|t:|1617538883
|switch|p1a: Chansey|Chansey, F|100/100
|turn|11
|
|t:|1617538894
|move|p2a: Rotom|Will-O-Wisp|p1a: Chansey
|-status|p1a: Chansey|brn
|move|p1a: Chansey|Seismic Toss|p2a: Rotom
|-damage|p2a: Rotom|22/100
|
|-damage|p1a: Chansey|94/100 brn|[from] brn
|upkeep
|turn|12
|
|t:|1617538899
|move|p2a: Rotom|Volt Switch|p1a: Chansey
|-damage|p1a: Chansey|80/100 brn
|
|t:|1617538902
|switch|p2a: Scizor|Scizor, M, shiny|59/100|[from]move: Volt Switch
|-damage|p2a: Scizor|47/100|[from] Spikes
|move|p1a: Chansey|Seismic Toss|p2a: Scizor
|-damage|p2a: Scizor|18/100
|
|-damage|p1a: Chansey|74/100 brn|[from] brn
|upkeep
|turn|13
|
|t:|1617538907
|switch|p1a: Salamence|Salamence, M|100/100
|-ability|p1a: Salamence|Intimidate|boost
|-unboost|p2a: Scizor|atk|1
|move|p2a: Scizor|Dual Wingbeat|p1a: Salamence
|-damage|p1a: Salamence|83/100
|-damage|p1a: Salamence|65/100
|-hitcount|p1a: Salamence|2
|
|upkeep
|turn|14
|
|t:|1617538910
|switch|p2a: Sylveon|Sylveon, M, shiny|100/100
|-damage|p2a: Sylveon|88/100|[from] Spikes
|move|p1a: Salamence|Roost|p1a: Salamence
|-heal|p1a: Salamence|100/100
|-singleturn|p1a: Salamence|move: Roost
|
|-heal|p2a: Sylveon|94/100|[from] item: Leftovers
|upkeep
|turn|15
|
|t:|1617538917
|switch|p1a: Chansey|Chansey, F|74/100
|move|p2a: Sylveon|Wish|p2a: Sylveon
|
|-heal|p2a: Sylveon|99/100|[from] item: Leftovers
|upkeep
|turn|16
|
|t:|1617538920
|switch|p2a: Kommo-o|Kommo-o, F, shiny|100/100
|-damage|p2a: Kommo-o|88/100|[from] Spikes
|move|p1a: Chansey|Seismic Toss|p2a: Kommo-o
|-damage|p2a: Kommo-o|60/100
|
|-heal|p2a: Kommo-o|100/100|[from] move: Wish|[wisher] Sylveon
|upkeep
|turn|17
|
|t:|1617538939
|switch|p1a: Pyukumuku|Pyukumuku, M|100/100
|move|p2a: Kommo-o|Body Press|p1a: Pyukumuku
|-damage|p1a: Pyukumuku|70/100
|
|upkeep
|turn|18
|
|t:|1617538943
|move|p2a: Kommo-o|Substitute|p2a: Kommo-o
|-start|p2a: Kommo-o|Substitute
|-damage|p2a: Kommo-o|76/100
|move|p1a: Pyukumuku|Toxic||[still]
|-fail|p1a: Pyukumuku
|
|-heal|p2a: Kommo-o|82/100|[from] item: Leftovers
|upkeep
|turn|19
|
|t:|1617538947
|move|p2a: Kommo-o|Toxic|p1a: Pyukumuku|[miss]
|-miss|p2a: Kommo-o|p1a: Pyukumuku
|move|p1a: Pyukumuku|Recover|p1a: Pyukumuku
|-heal|p1a: Pyukumuku|100/100
|
|-heal|p2a: Kommo-o|88/100|[from] item: Leftovers
|upkeep
|turn|20
|
|t:|1617538950
|switch|p1a: Amoonguss|Amoonguss, M|100/100
|move|p2a: Kommo-o|Toxic|p1a: Amoonguss
|-immune|p1a: Amoonguss
|
|-heal|p2a: Kommo-o|94/100|[from] item: Leftovers
|upkeep
|turn|21
|
|t:|1617538962
|switch|p1a: Salamence|Salamence, M|100/100
|-ability|p1a: Salamence|Intimidate|boost
|-immune|p2a: Kommo-o
|move|p2a: Kommo-o|Iron Defense|p2a: Kommo-o
|-boost|p2a: Kommo-o|def|2
|
|-heal|p2a: Kommo-o|100/100|[from] item: Leftovers
|upkeep
|turn|22
|
|t:|1617538965
|move|p1a: Salamence|Dual Wingbeat|p2a: Kommo-o
|-supereffective|p2a: Kommo-o
|-activate|p2a: Kommo-o|move: Substitute|[damage]
|-supereffective|p2a: Kommo-o
|-activate|p2a: Kommo-o|move: Substitute|[damage]
|-hitcount|p2a: Kommo-o|2
|move|p2a: Kommo-o|Toxic|p1a: Salamence
|-status|p1a: Salamence|tox
|
|-damage|p1a: Salamence|94/100 tox|[from] psn
|upkeep
|turn|23
|
|t:|1617538968
|move|p1a: Salamence|Dual Wingbeat|p2a: Kommo-o
|-supereffective|p2a: Kommo-o
|-end|p2a: Kommo-o|Substitute
|-supereffective|p2a: Kommo-o
|-damage|p2a: Kommo-o|89/100
|-hitcount|p2a: Kommo-o|2
|move|p2a: Kommo-o|Substitute|p2a: Kommo-o
|-start|p2a: Kommo-o|Substitute
|-damage|p2a: Kommo-o|64/100
|
|-heal|p2a: Kommo-o|70/100|[from] item: Leftovers
|-damage|p1a: Salamence|82/100 tox|[from] psn
|upkeep
|turn|24
|
|t:|1617538974
|switch|p1a: Weezing|Weezing-Galar, M|100/100
|-fieldstart|move: Misty Terrain|[from] ability: Misty Surge|[of] p1a: Weezing
|move|p2a: Kommo-o|Iron Defense|p2a: Kommo-o
|-boost|p2a: Kommo-o|def|2
|
|-heal|p2a: Kommo-o|76/100|[from] item: Leftovers
|upkeep
|turn|25
|
|t:|1617538977
|switch|p1a: Pyukumuku|Pyukumuku, M|100/100
|move|p2a: Kommo-o|Body Press|p1a: Pyukumuku
|-damage|p1a: Pyukumuku|74/100
|
|-heal|p2a: Kommo-o|82/100|[from] item: Leftovers
|upkeep
|turn|26
|
|t:|1617538983
|move|p2a: Kommo-o|Iron Defense|p2a: Kommo-o
|-boost|p2a: Kommo-o|def|2
|move|p1a: Pyukumuku|Spite|p2a: Kommo-o
|-activate|p2a: Kommo-o|move: Spite|Iron Defense|4
|
|-heal|p2a: Kommo-o|89/100|[from] item: Leftovers
|upkeep
|turn|27
|
|t:|1617538987
|move|p2a: Kommo-o|Body Press|p1a: Pyukumuku
|-damage|p1a: Pyukumuku|44/100
|move|p1a: Pyukumuku|Spite|p2a: Kommo-o
|-activate|p2a: Kommo-o|move: Spite|Body Press|4
|
|-heal|p2a: Kommo-o|95/100|[from] item: Leftovers
|upkeep
|turn|28
|
|t:|1617538993
|move|p2a: Kommo-o|Substitute|p2a: Kommo-o
|-fail|p2a: Kommo-o|move: Substitute
|move|p1a: Pyukumuku|Recover|p1a: Pyukumuku
|-heal|p1a: Pyukumuku|94/100
|
|-heal|p2a: Kommo-o|100/100|[from] item: Leftovers
|-fieldend|Misty Terrain
|upkeep
|turn|29
|
|t:|1617538997
|switch|p1a: Weezing|Weezing-Galar, M|100/100
|-fieldstart|move: Misty Terrain|[from] ability: Misty Surge|[of] p1a: Weezing
|move|p2a: Kommo-o|Toxic|p1a: Weezing
|-immune|p1a: Weezing
|
|upkeep
|turn|30
|
|t:|1617538999
|switch|p1a: Pyukumuku|Pyukumuku, M|94/100
|move|p2a: Kommo-o|Substitute|p2a: Kommo-o
|-fail|p2a: Kommo-o|move: Substitute
|
|upkeep
|turn|31
|
|t:|1617539002
|move|p2a: Kommo-o|Iron Defense|p2a: Kommo-o
|-boost|p2a: Kommo-o|def|0
|move|p1a: Pyukumuku|Spite|p2a: Kommo-o
|-activate|p2a: Kommo-o|move: Spite|Iron Defense|4
|
|upkeep
|turn|32
|c|☆7thfrontier|what aids
|
|t:|1617539010
|move|p2a: Kommo-o|Toxic|p1a: Pyukumuku
|-activate|p1a: Pyukumuku|move: Misty Terrain
|move|p1a: Pyukumuku|Spite|p2a: Kommo-o
|-activate|p2a: Kommo-o|move: Spite|Toxic|4
|
|upkeep
|turn|33
|
|t:|1617539014
|move|p2a: Kommo-o|Substitute|p2a: Kommo-o
|-fail|p2a: Kommo-o|move: Substitute
|move|p1a: Pyukumuku|Spite|p2a: Kommo-o
|-activate|p2a: Kommo-o|move: Spite|Substitute|4
|
|-fieldend|Misty Terrain
|upkeep
|turn|34
|
|t:|1617539016
|switch|p1a: Weezing|Weezing-Galar, M|100/100
|-fieldstart|move: Misty Terrain|[from] ability: Misty Surge|[of] p1a: Weezing
|move|p2a: Kommo-o|Body Press|p1a: Weezing
|-resisted|p1a: Weezing
|-damage|p1a: Weezing|53/100
|
|upkeep
|turn|35
|
|t:|1617539020
|switch|p1a: Pyukumuku|Pyukumuku, M|94/100
|move|p2a: Kommo-o|Substitute|p2a: Kommo-o
|-fail|p2a: Kommo-o|move: Substitute
|
|upkeep
|turn|36
|
|t:|1617539022
|move|p2a: Kommo-o|Iron Defense|p2a: Kommo-o
|-boost|p2a: Kommo-o|def|0
|move|p1a: Pyukumuku|Spite|p2a: Kommo-o
|-activate|p2a: Kommo-o|move: Spite|Iron Defense|4
|
|upkeep
|turn|37
|
|t:|1617539024
|move|p2a: Kommo-o|Toxic|p1a: Pyukumuku
|-activate|p1a: Pyukumuku|move: Misty Terrain
|move|p1a: Pyukumuku|Spite|p2a: Kommo-o
|-activate|p2a: Kommo-o|move: Spite|Toxic|4
|
|upkeep
|turn|38
|
|t:|1617539027
|move|p2a: Kommo-o|Iron Defense|p2a: Kommo-o
|-boost|p2a: Kommo-o|def|0
|move|p1a: Pyukumuku|Spite|p2a: Kommo-o
|-activate|p2a: Kommo-o|move: Spite|Iron Defense|4
|
|-fieldend|Misty Terrain
|upkeep
|turn|39
|
|t:|1617539029
|move|p2a: Kommo-o|Body Press|p1a: Pyukumuku
|-damage|p1a: Pyukumuku|63/100
|move|p1a: Pyukumuku|Spite|p2a: Kommo-o
|-activate|p2a: Kommo-o|move: Spite|Body Press|4
|
|upkeep
|turn|40
|
|t:|1617539034
|switch|p1a: Weezing|Weezing-Galar, M|53/100
|-fieldstart|move: Misty Terrain|[from] ability: Misty Surge|[of] p1a: Weezing
|move|p2a: Kommo-o|Toxic|p1a: Weezing
|-immune|p1a: Weezing
|
|upkeep
|turn|41
|
|t:|1617539040
|switch|p1a: Pyukumuku|Pyukumuku, M|63/100
|move|p2a: Kommo-o|Body Press|p1a: Pyukumuku
|-damage|p1a: Pyukumuku|33/100
|
|upkeep
|turn|42
|
|t:|1617539044
|move|p2a: Kommo-o|Body Press|p1a: Pyukumuku
|-damage|p1a: Pyukumuku|1/100
|move|p1a: Pyukumuku|Recover|p1a: Pyukumuku
|-heal|p1a: Pyukumuku|51/100
|
|upkeep
|turn|43
|
|t:|1617539049
|move|p2a: Kommo-o|Substitute|p2a: Kommo-o
|-fail|p2a: Kommo-o|move: Substitute
|move|p1a: Pyukumuku|Recover|p1a: Pyukumuku
|-heal|p1a: Pyukumuku|100/100
|
|upkeep
|turn|44
|
|t:|1617539052
|move|p2a: Kommo-o|Substitute|p2a: Kommo-o
|-fail|p2a: Kommo-o|move: Substitute
|move|p1a: Pyukumuku|Spite|p2a: Kommo-o
|-activate|p2a: Kommo-o|move: Spite|Substitute|4
|
|-fieldend|Misty Terrain
|upkeep
|turn|45
|
|t:|1617539058
|switch|p1a: Weezing|Weezing-Galar, M|53/100
|-fieldstart|move: Misty Terrain|[from] ability: Misty Surge|[of] p1a: Weezing
|move|p2a: Kommo-o|Toxic|p1a: Weezing
|-immune|p1a: Weezing
|
|upkeep
|turn|46
|
|t:|1617539061
|switch|p1a: Pyukumuku|Pyukumuku, M|100/100
|move|p2a: Kommo-o|Body Press|p1a: Pyukumuku
|-damage|p1a: Pyukumuku|69/100
|
|upkeep
|turn|47
|
|t:|1617539065
|switch|p2a: Rotom|Rotom-Wash|22/100
|move|p1a: Pyukumuku|Recover|p1a: Pyukumuku
|-heal|p1a: Pyukumuku|100/100
|
|upkeep
|turn|48
|
|t:|1617539068
|switch|p1a: Chansey|Chansey, F|74/100
|move|p2a: Rotom|Defog|p1a: Chansey
|-unboost|p1a: Chansey|evasion|1
|-sideend|p2: 7thfrontier|Spikes|[from] move: Defog|[of] p2a: Rotom
|-fieldend|Misty Terrain
|
|upkeep
|turn|49
|
|t:|1617539070
|move|p2a: Rotom|Volt Switch|p1a: Chansey
|-damage|p1a: Chansey|60/100
|
|t:|1617539073
|switch|p2a: Scizor|Scizor, M, shiny|18/100|[from]move: Volt Switch
|move|p1a: Chansey|Stealth Rock|p2a: Scizor
|-sidestart|p2: 7thfrontier|move: Stealth Rock
|
|upkeep
|turn|50
|
|t:|1617539080
|switch|p1a: Salamence|Salamence, M|82/100 tox
|-ability|p1a: Salamence|Intimidate|boost
|-unboost|p2a: Scizor|atk|1
|move|p2a: Scizor|U-turn|p1a: Salamence
|-resisted|p1a: Salamence
|-damage|p1a: Salamence|67/100 tox
|
|t:|1617539084
|switch|p2a: Primarina|Primarina, M|100/100|[from]move: U-turn
|-damage|p2a: Primarina|88/100|[from] Stealth Rock
|
|-heal|p2a: Primarina|94/100|[from] item: Leftovers
|-damage|p1a: Salamence|61/100 tox|[from] psn
|upkeep
|turn|51
|
|t:|1617539090
|move|p1a: Salamence|Toxic|p2a: Primarina
|-status|p2a: Primarina|tox
|move|p2a: Primarina|Calm Mind|p2a: Primarina
|-boost|p2a: Primarina|spa|1
|-boost|p2a: Primarina|spd|1
|
|-heal|p2a: Primarina|99/100 tox|[from] item: Leftovers
|-damage|p1a: Salamence|49/100 tox|[from] psn
|-damage|p2a: Primarina|94/100 tox|[from] psn
|upkeep
|turn|52
|
|t:|1617539098
|switch|p1a: Chansey|Chansey, F|60/100
|move|p2a: Primarina|Moonblast|p1a: Chansey
|-damage|p1a: Chansey|33/100
|
|-heal|p2a: Primarina|99/100 tox|[from] item: Leftovers
|-damage|p2a: Primarina|88/100 tox|[from] psn
|upkeep
|turn|53
|
|t:|1617539102
|move|p2a: Primarina|Calm Mind|p2a: Primarina
|-boost|p2a: Primarina|spa|1
|-boost|p2a: Primarina|spd|1
|move|p1a: Chansey|Soft-Boiled|p1a: Chansey
|-heal|p1a: Chansey|83/100
|
|-heal|p2a: Primarina|94/100 tox|[from] item: Leftovers
|-damage|p2a: Primarina|76/100 tox|[from] psn
|upkeep
|turn|54
|
|t:|1617539107
|move|p2a: Primarina|Calm Mind|p2a: Primarina
|-boost|p2a: Primarina|spa|1
|-boost|p2a: Primarina|spd|1
|move|p1a: Chansey|Heal Bell|p1a: Chansey
|-activate|p1a: Chansey|move: Heal Bell
|-curestatus|p1: Salamence|tox|[msg]
|
|-heal|p2a: Primarina|82/100 tox|[from] item: Leftovers
|-damage|p2a: Primarina|58/100 tox|[from] psn
|upkeep
|turn|55
|
|t:|1617539109
|move|p2a: Primarina|Moonblast|p1a: Chansey
|-damage|p1a: Chansey|38/100
|move|p1a: Chansey|Soft-Boiled|p1a: Chansey
|-heal|p1a: Chansey|88/100
|
|-heal|p2a: Primarina|64/100 tox|[from] item: Leftovers
|-damage|p2a: Primarina|34/100 tox|[from] psn
|upkeep
|turn|56
|
|t:|1617539112
|move|p2a: Primarina|Scald|p1a: Chansey
|-damage|p1a: Chansey|31/100
|move|p1a: Chansey|Soft-Boiled|p1a: Chansey
|-heal|p1a: Chansey|81/100
|
|-heal|p2a: Primarina|40/100 tox|[from] item: Leftovers
|-damage|p2a: Primarina|3/100 tox|[from] psn
|upkeep
|turn|57
|
|t:|1617539115
|move|p2a: Primarina|Scald|p1a: Chansey
|-damage|p1a: Chansey|25/100
|-status|p1a: Chansey|brn
|move|p1a: Chansey|Soft-Boiled|p1a: Chansey
|-heal|p1a: Chansey|75/100 brn
|
|-heal|p2a: Primarina|9/100 tox|[from] item: Leftovers
|-damage|p2a: Primarina|0 fnt|[from] psn
|faint|p2a: Primarina
|-damage|p1a: Chansey|69/100 brn|[from] brn
|upkeep
|
|t:|1617539121
|switch|p2a: Scizor|Scizor, M, shiny|18/100
|-damage|p2a: Scizor|5/100|[from] Stealth Rock
|turn|58
|
|t:|1617539128
|-curestatus|p1a: Chansey|brn|[from] ability: Natural Cure
|switch|p1a: Weezing|Weezing-Galar, M|53/100
|-fieldstart|move: Misty Terrain|[from] ability: Misty Surge|[of] p1a: Weezing
|move|p2a: Scizor|Dual Wingbeat|p1a: Weezing|[miss]
|-miss|p2a: Scizor|p1a: Weezing
|
|upkeep
|turn|59
|
|t:|1617539134
|move|p1a: Weezing|Endure|p1a: Weezing
|-singleturn|p1a: Weezing|move: Endure
|move|p2a: Scizor|Dual Wingbeat|p1a: Weezing
|-damage|p1a: Weezing|18/100
|-activate|p1a: Weezing|move: Endure
|-damage|p1a: Weezing|1/100
|-hitcount|p1a: Weezing|2
|
|upkeep
|turn|60
|-enditem|p1a: Weezing|Custap Berry|[eat]
|-activate|p1a: Weezing|item: Custap Berry|[consumed]
|
|t:|1617539137
|move|p1a: Weezing|Explosion|p2a: Scizor
|-resisted|p2a: Scizor
|-damage|p2a: Scizor|0 fnt
|faint|p1a: Weezing
|faint|p2a: Scizor
|
|upkeep
|
|t:|1617539149
|switch|p2a: Heliolisk|Heliolisk, M|100/100
|switch|p1a: Chansey|Chansey, F|69/100
|-damage|p2a: Heliolisk|88/100|[from] Stealth Rock
|turn|61
|
|t:|1617539159
|move|p2a: Heliolisk|Volt Switch|p1a: Chansey
|-damage|p1a: Chansey|47/100
|
|t:|1617539161
|switch|p2a: Sylveon|Sylveon, M, shiny|99/100|[from]move: Volt Switch
|-damage|p2a: Sylveon|88/100|[from] Stealth Rock
|move|p1a: Chansey|Soft-Boiled|p1a: Chansey
|-heal|p1a: Chansey|97/100
|
|-heal|p2a: Sylveon|94/100|[from] item: Leftovers
|upkeep
|turn|62
|
|t:|1617539171
|move|p2a: Sylveon|Wish|p2a: Sylveon
|move|p1a: Chansey|Seismic Toss|p2a: Sylveon
|-damage|p2a: Sylveon|69/100
|
|-heal|p2a: Sylveon|75/100|[from] item: Leftovers
|-fieldend|Misty Terrain
|upkeep
|turn|63
|
|t:|1617539175
|move|p2a: Sylveon|Mystical Fire|p1a: Chansey
|-damage|p1a: Chansey|87/100
|-unboost|p1a: Chansey|spa|1
|move|p1a: Chansey|Seismic Toss|p2a: Sylveon
|-damage|p2a: Sylveon|49/100
|
|-heal|p2a: Sylveon|99/100|[from] move: Wish|[wisher] Sylveon
|-heal|p2a: Sylveon|100/100|[from] item: Leftovers
|upkeep
|turn|64
|
|t:|1617539178
|move|p2a: Sylveon|Mystical Fire|p1a: Chansey
|-damage|p1a: Chansey|79/100
|-unboost|p1a: Chansey|spa|1
|move|p1a: Chansey|Seismic Toss|p2a: Sylveon
|-damage|p2a: Sylveon|75/100
|
|-heal|p2a: Sylveon|81/100|[from] item: Leftovers
|upkeep
|turn|65
|
|t:|1617539182
|switch|p1a: Amoonguss|Amoonguss, M|100/100
|move|p2a: Sylveon|Mystical Fire|p1a: Amoonguss
|-supereffective|p1a: Amoonguss
|-damage|p1a: Amoonguss|69/100
|-unboost|p1a: Amoonguss|spa|1
|
|-heal|p2a: Sylveon|87/100|[from] item: Leftovers
|upkeep
|turn|66
|
|t:|1617539186
|move|p2a: Sylveon|Mystical Fire|p1a: Amoonguss
|-supereffective|p1a: Amoonguss
|-damage|p1a: Amoonguss|37/100
|-unboost|p1a: Amoonguss|spa|1
|move|p1a: Amoonguss|Sludge Bomb|p2a: Sylveon
|-supereffective|p2a: Sylveon
|-damage|p2a: Sylveon|69/100
|
|-heal|p2a: Sylveon|75/100|[from] item: Leftovers
|upkeep
|turn|67
|
|t:|1617539196
|move|p2a: Sylveon|Mystical Fire|p1a: Amoonguss
|-supereffective|p1a: Amoonguss
|-damage|p1a: Amoonguss|2/100
|-unboost|p1a: Amoonguss|spa|1
|move|p1a: Amoonguss|Synthesis|p1a: Amoonguss
|-heal|p1a: Amoonguss|52/100
|
|-heal|p2a: Sylveon|81/100|[from] item: Leftovers
|upkeep
|turn|68
|
|t:|1617539199
|switch|p1a: Chansey|Chansey, F|79/100
|move|p2a: Sylveon|Mystical Fire|p1a: Chansey
|-damage|p1a: Chansey|70/100
|-unboost|p1a: Chansey|spa|1
|
|-heal|p2a: Sylveon|87/100|[from] item: Leftovers
|upkeep
|turn|69
|
|t:|1617539202
|move|p2a: Sylveon|Hyper Voice|p1a: Chansey
|-damage|p1a: Chansey|52/100
|move|p1a: Chansey|Seismic Toss|p2a: Sylveon
|-damage|p2a: Sylveon|61/100
|
|-heal|p2a: Sylveon|68/100|[from] item: Leftovers
|upkeep
|turn|70
|
|t:|1617539206
|move|p2a: Sylveon|Hyper Voice|p1a: Chansey
|-crit|p1a: Chansey
|-damage|p1a: Chansey|23/100
|move|p1a: Chansey|Soft-Boiled|p1a: Chansey
|-heal|p1a: Chansey|73/100
|
|-heal|p2a: Sylveon|74/100|[from] item: Leftovers
|upkeep
|turn|71
|
|t:|1617539208
|move|p2a: Sylveon|Hyper Voice|p1a: Chansey
|-damage|p1a: Chansey|54/100
|move|p1a: Chansey|Seismic Toss|p2a: Sylveon
|-damage|p2a: Sylveon|48/100
|
|-heal|p2a: Sylveon|54/100|[from] item: Leftovers
|upkeep
|turn|72
|
|t:|1617539211
|move|p2a: Sylveon|Wish|p2a: Sylveon
|move|p1a: Chansey|Soft-Boiled|p1a: Chansey
|-heal|p1a: Chansey|100/100
|
|-heal|p2a: Sylveon|60/100|[from] item: Leftovers
|upkeep
|turn|73
|
|t:|1617539216
|switch|p2a: Kommo-o|Kommo-o, F, shiny|100/100
|-damage|p2a: Kommo-o|94/100|[from] Stealth Rock
|move|p1a: Chansey|Seismic Toss|p2a: Kommo-o
|-damage|p2a: Kommo-o|66/100
|
|-heal|p2a: Kommo-o|100/100|[from] move: Wish|[wisher] Sylveon
|upkeep
|turn|74
|
|t:|1617539221
|switch|p2a: Sylveon|Sylveon, M, shiny|60/100
|-damage|p2a: Sylveon|48/100|[from] Stealth Rock
|switch|p1a: Salamence|Salamence, M|49/100
|-ability|p1a: Salamence|Intimidate|boost
|-unboost|p2a: Sylveon|atk|1
|
|-heal|p2a: Sylveon|54/100|[from] item: Leftovers
|upkeep
|turn|75
|
|t:|1617539226
|switch|p1a: Pyukumuku|Pyukumuku, M|100/100
|move|p2a: Sylveon|Hyper Voice|p1a: Pyukumuku
|-damage|p1a: Pyukumuku|67/100
|
|-heal|p2a: Sylveon|60/100|[from] item: Leftovers
|upkeep
|turn|76
|
|t:|1617539233
|switch|p2a: Kommo-o|Kommo-o, F, shiny|100/100
|-damage|p2a: Kommo-o|94/100|[from] Stealth Rock
|move|p1a: Pyukumuku|Recover|p1a: Pyukumuku
|-heal|p1a: Pyukumuku|100/100
|
|-heal|p2a: Kommo-o|100/100|[from] item: Leftovers
|upkeep
|turn|77
|
|t:|1617539237
|move|p2a: Kommo-o|Iron Defense|p2a: Kommo-o
|-boost|p2a: Kommo-o|def|2
|move|p1a: Pyukumuku|Toxic|p2a: Kommo-o
|-status|p2a: Kommo-o|tox
|
|-damage|p2a: Kommo-o|94/100 tox|[from] psn
|upkeep
|turn|78
|
|t:|1617539241
|move|p2a: Kommo-o|Iron Defense|p2a: Kommo-o
|-boost|p2a: Kommo-o|def|2
|move|p1a: Pyukumuku|Toxic|p2a: Kommo-o
|-fail|p2a: Kommo-o|tox
|
|-heal|p2a: Kommo-o|100/100 tox|[from] item: Leftovers
|-damage|p2a: Kommo-o|88/100 tox|[from] psn
|upkeep
|turn|79
|
|t:|1617539249
|switch|p1a: Salamence|Salamence, M|49/100
|-ability|p1a: Salamence|Intimidate|boost
|-unboost|p2a: Kommo-o|atk|1
|-activate|p2a: Kommo-o|move: Struggle
|move|p2a: Kommo-o|Struggle|p1a: Salamence
|-damage|p1a: Salamence|44/100
|-damage|p2a: Kommo-o|63/100 tox|[from] recoil
|
|-heal|p2a: Kommo-o|69/100 tox|[from] item: Leftovers
|-damage|p2a: Kommo-o|50/100 tox|[from] psn
|upkeep
|turn|80
|
|t:|1617539252
|move|p1a: Salamence|Roost|p1a: Salamence
|-heal|p1a: Salamence|94/100
|-singleturn|p1a: Salamence|move: Roost
|-activate|p2a: Kommo-o|move: Struggle
|move|p2a: Kommo-o|Struggle|p1a: Salamence
|-damage|p1a: Salamence|88/100
|-damage|p2a: Kommo-o|25/100 tox|[from] recoil
|
|-heal|p2a: Kommo-o|32/100 tox|[from] item: Leftovers
|-damage|p2a: Kommo-o|7/100 tox|[from] psn
|upkeep
|turn|81
|
|t:|1617539258
|move|p1a: Salamence|Roost|p1a: Salamence
|-heal|p1a: Salamence|100/100
|-singleturn|p1a: Salamence|move: Roost
|-activate|p2a: Kommo-o|move: Struggle
|move|p2a: Kommo-o|Struggle|p1a: Salamence
|-damage|p1a: Salamence|95/100
|-damage|p2a: Kommo-o|0 fnt|[from] recoil
|faint|p2a: Kommo-o
|
|upkeep
|
|t:|1617539261
|switch|p2a: Sylveon|Sylveon, M, shiny|60/100
|-damage|p2a: Sylveon|48/100|[from] Stealth Rock
|turn|82
|
|t:|1617539264
|switch|p1a: Pyukumuku|Pyukumuku, M|100/100
|move|p2a: Sylveon|Wish|p2a: Sylveon
|
|-heal|p2a: Sylveon|54/100|[from] item: Leftovers
|upkeep
|turn|83
|
|t:|1617539272
|move|p2a: Sylveon|Protect|p2a: Sylveon
|-singleturn|p2a: Sylveon|Protect
|move|p1a: Pyukumuku|Toxic|p2a: Sylveon
|-activate|p2a: Sylveon|move: Protect
|
|-heal|p2a: Sylveon|100/100|[from] move: Wish|[wisher] Sylveon
|upkeep
|turn|84
|
|t:|1617539274
|switch|p2a: Heliolisk|Heliolisk, M|88/100
|-damage|p2a: Heliolisk|76/100|[from] Stealth Rock
|move|p1a: Pyukumuku|Toxic|p2a: Heliolisk
|-status|p2a: Heliolisk|tox
|
|-damage|p2a: Heliolisk|70/100 tox|[from] psn
|upkeep
|turn|85
|
|t:|1617539280
|switch|p1a: Amoonguss|Amoonguss, M|85/100
|move|p2a: Heliolisk|Volt Switch|p1a: Amoonguss
|-resisted|p1a: Amoonguss
|-damage|p1a: Amoonguss|62/100
|
|t:|1617539285
|switch|p2a: Sylveon|Sylveon, M, shiny|100/100|[from]move: Volt Switch
|-damage|p2a: Sylveon|88/100|[from] Stealth Rock
|
|-heal|p2a: Sylveon|94/100|[from] item: Leftovers
|upkeep
|turn|86
|
|t:|1617539288
|switch|p1a: Pyukumuku|Pyukumuku, M|100/100
|move|p2a: Sylveon|Mystical Fire|p1a: Pyukumuku
|-resisted|p1a: Pyukumuku
|-damage|p1a: Pyukumuku|92/100
|-unboost|p1a: Pyukumuku|spa|1
|
|-heal|p2a: Sylveon|99/100|[from] item: Leftovers
|upkeep
|turn|87
|
|t:|1617539294
|switch|p2a: Rotom|Rotom-Wash|22/100
|-damage|p2a: Rotom|10/100|[from] Stealth Rock
|move|p1a: Pyukumuku|Toxic|p2a: Rotom
|-status|p2a: Rotom|tox
|
|-damage|p2a: Rotom|3/100 tox|[from] psn
|upkeep
|turn|88
|
|t:|1617539301
|switch|p1a: Chansey|Chansey, F|100/100
|move|p2a: Rotom|Defog|p1a: Chansey
|-unboost|p1a: Chansey|evasion|1
|-sideend|p2: 7thfrontier|Stealth Rock|[from] move: Defog|[of] p2a: Rotom
|
|-damage|p2a: Rotom|0 fnt|[from] psn
|faint|p2a: Rotom
|upkeep
|
|t:|1617539305
|switch|p2a: Sylveon|Sylveon, M, shiny|99/100
|turn|89
|
|t:|1617539307
|move|p2a: Sylveon|Hyper Voice|p1a: Chansey
|-damage|p1a: Chansey|82/100
|move|p1a: Chansey|Stealth Rock|p2a: Sylveon
|-sidestart|p2: 7thfrontier|move: Stealth Rock
|
|-heal|p2a: Sylveon|100/100|[from] item: Leftovers
|upkeep
|turn|90
|
|t:|1617539311
|switch|p1a: Pyukumuku|Pyukumuku, M|92/100
|move|p2a: Sylveon|Hyper Voice|p1a: Pyukumuku
|-damage|p1a: Pyukumuku|56/100
|
|upkeep
|turn|91
|
|t:|1617539321
|switch|p2a: Heliolisk|Heliolisk, M|70/100 tox
|-damage|p2a: Heliolisk|57/100 tox|[from] Stealth Rock
|move|p1a: Pyukumuku|Recover|p1a: Pyukumuku
|-heal|p1a: Pyukumuku|100/100
|
|-damage|p2a: Heliolisk|51/100 tox|[from] psn
|upkeep
|turn|92
|
|t:|1617539324
|switch|p1a: Amoonguss|Amoonguss, M|96/100
|move|p2a: Heliolisk|Hyper Voice|p1a: Amoonguss
|-damage|p1a: Amoonguss|39/100
|
|-damage|p2a: Heliolisk|39/100 tox|[from] psn
|upkeep
|turn|93
|
|t:|1617539329
|switch|p1a: Chansey|Chansey, F|82/100
|move|p2a: Heliolisk|Hyper Voice|p1a: Chansey
|-damage|p1a: Chansey|55/100
|
|-damage|p2a: Heliolisk|21/100 tox|[from] psn
|upkeep
|turn|94
|
|t:|1617539331
|switch|p2a: Sylveon|Sylveon, M, shiny|100/100
|-damage|p2a: Sylveon|88/100|[from] Stealth Rock
|move|p1a: Chansey|Soft-Boiled|p1a: Chansey
|-heal|p1a: Chansey|100/100
|
|-heal|p2a: Sylveon|94/100|[from] item: Leftovers
|upkeep
|turn|95
|
|t:|1617539333
|switch|p1a: Amoonguss|Amoonguss, M|72/100
|move|p2a: Sylveon|Hyper Voice|p1a: Amoonguss
|-resisted|p1a: Amoonguss
|-damage|p1a: Amoonguss|53/100
|
|-heal|p2a: Sylveon|99/100|[from] item: Leftovers
|upkeep
|turn|96
|
|t:|1617539335
|switch|p1a: Pyukumuku|Pyukumuku, M|100/100
|move|p2a: Sylveon|Mystical Fire|p1a: Pyukumuku
|-resisted|p1a: Pyukumuku
|-damage|p1a: Pyukumuku|92/100
|-unboost|p1a: Pyukumuku|spa|1
|
|-heal|p2a: Sylveon|100/100|[from] item: Leftovers
|upkeep
|turn|97
|
|t:|1617539338
|move|p2a: Sylveon|Hyper Voice|p1a: Pyukumuku
|-damage|p1a: Pyukumuku|58/100
|move|p1a: Pyukumuku|Toxic|p2a: Sylveon
|-status|p2a: Sylveon|tox
|
|-damage|p2a: Sylveon|94/100 tox|[from] psn
|upkeep
|turn|98
|-message|7thfrontier forfeited.
|
|win|UUBF5 detour
|raw|UUBF5 detour's rating: 1405 &rarr; <strong>1428</strong><br />(+23 for winning)
|raw|7thfrontier's rating: 1451 &rarr; <strong>1428</strong><br />(-23 for losing)
|c|☆7thfrontier|i wish i could report this
