|j|☆iRevali
|j|☆Moontalks
|t:|1663242457
|gametype|singles
|player|p1|iRevali|aaron|
|player|p2|Moontalks|ethan-masters|
|teamsize|p1|6
|teamsize|p2|6
|gen|8
|tier|[Gen 8] UU
|rated|Tournament battle
|rule|Sleep Clause Mod: Limit one foe put to sleep
|rule|Species Clause: Limit one of each Pokémon
|rule|OHKO Clause: OHKO moves are banned
|rule|Evasion Items Clause: Evasion items are banned
|rule|Evasion Moves Clause: Evasion moves are banned
|rule|Endless Battle Clause: Forcing endless battles is banned
|rule|HP Percentage Mod: HP is shown in percentages
|rule|Dynamax Clause: You cannot dynamax
|clearpoke
|poke|p1|Salamence, M|
|poke|p1|Chansey, F|
|poke|p1|Skarmory, F|
|poke|p1|Primarina, F|
|poke|p1|Tapu Bulu|
|poke|p1|Celesteela|
|poke|p2|Raikou|
|poke|p2|Scizor, M|
|poke|p2|Hippowdon, M|
|poke|p2|Zarude|
|poke|p2|Moltres|
|poke|p2|Slowking, F|
|teampreview
|inactive|Battle timer is ON: inactive players will automatically lose when time's up. (requested by Moontalks)
|j| 7MM
|j| Flapsman88888888
|j| alexandermalofeev
|c| Flapsman88888888|yeah lets go moontalks
|
|t:|1663242472
|start
|switch|p1a: Skarmory|Skarmory, F|100/100
|switch|p2a: Raikou|Raikou|100/100
|turn|1
|c|☆Moontalks|no ground challenge ?
|j|%suloxiv 愛
|
|t:|1663242495
|move|p2a: Raikou|Volt Switch|p1a: Skarmory
|-supereffective|p1a: Skarmory
|-damage|p1a: Skarmory|5/100
|
|t:|1663242498
|switch|p2a: Moltres|Moltres|100/100|[from]move: Volt Switch
|move|p1a: Skarmory|Spikes|p2a: Moltres
|-sidestart|p2: Moontalks|Spikes
|
|upkeep
|turn|2
|
|t:|1663242506
|move|p2a: Moltres|Flamethrower|p1a: Skarmory
|-supereffective|p1a: Skarmory
|-damage|p1a: Skarmory|0 fnt
|faint|p1a: Skarmory
|
|upkeep
|
|t:|1663242520
|switch|p1a: Chansey|Chansey, F|100/100
|turn|3
|
|t:|1663242525
|move|p2a: Moltres|U-turn|p1a: Chansey
|-damage|p1a: Chansey|91/100
|
|t:|1663242527
|switch|p2a: Scizor|Scizor, M|100/100|[from]move: U-turn
|move|p1a: Chansey|Teleport|p1a: Chansey
|
|t:|1663242530
|switch|p1a: Salamence|Salamence, M|100/100|[from]move: Teleport
|-ability|p1a: Salamence|Intimidate|boost
|-unboost|p2a: Scizor|atk|1
|
|upkeep
|turn|4
|
|t:|1663242537
|switch|p2a: Hippowdon|Hippowdon, M|100/100
|-damage|p2a: Hippowdon|88/100|[from] Spikes
|-weather|Sandstorm|[from] ability: Sand Stream|[of] p2a: Hippowdon
|move|p1a: Salamence|Flamethrower|p2a: Hippowdon
|-damage|p2a: Hippowdon|71/100
|
|-weather|Sandstorm|[upkeep]
|-damage|p1a: Salamence|94/100|[from] Sandstorm
|-heal|p2a: Hippowdon|77/100|[from] item: Leftovers
|upkeep
|turn|5
|
|t:|1663242545
|switch|p1a: Celesteela|Celesteela|100/100
|move|p2a: Hippowdon|Stealth Rock|p1a: Celesteela
|-sidestart|p1: iRevali|move: Stealth Rock
|
|-weather|Sandstorm|[upkeep]
|-heal|p2a: Hippowdon|84/100|[from] item: Leftovers
|upkeep
|turn|6
|
|t:|1663242550
|switch|p2a: Slowking|Slowking, F|100/100
|-damage|p2a: Slowking|88/100|[from] Spikes
|move|p1a: Celesteela|Leech Seed|p2a: Slowking
|-start|p2a: Slowking|move: Leech Seed
|
|-weather|Sandstorm|[upkeep]
|-damage|p2a: Slowking|82/100|[from] Sandstorm
|-damage|p2a: Slowking|70/100|[from] Leech Seed|[of] p1a: Celesteela
|upkeep
|turn|7
|
|t:|1663242557
|move|p1a: Celesteela|Heavy Slam|p2a: Slowking
|-resisted|p2a: Slowking
|-damage|p2a: Slowking|54/100
|move|p2a: Slowking|Teleport|p2a: Slowking
|
|t:|1663242561
|switch|p2a: Raikou|Raikou|100/100|[from]move: Teleport
|
|-weather|Sandstorm|[upkeep]
|-damage|p2a: Raikou|94/100|[from] Sandstorm
|upkeep
|turn|8
|
|t:|1663242564
|move|p2a: Raikou|Volt Switch|p1a: Celesteela
|-supereffective|p1a: Celesteela
|-damage|p1a: Celesteela|55/100
|c| 7MM|sulonorIV is steela broken?
|
|t:|1663242567
|switch|p2a: Slowking|Slowking, F|87/100|[from]move: Volt Switch
|-damage|p2a: Slowking|74/100|[from] Spikes
|move|p1a: Celesteela|Leech Seed|p2a: Slowking
|-start|p2a: Slowking|move: Leech Seed
|
|-weather|none
|-heal|p1a: Celesteela|61/100|[from] item: Leftovers
|-damage|p2a: Slowking|62/100|[from] Leech Seed|[of] p1a: Celesteela
|-heal|p1a: Celesteela|74/100|[silent]
|upkeep
|turn|9
|
|t:|1663242572
|switch|p1a: Salamence|Salamence, M|94/100
|-ability|p1a: Salamence|Intimidate|boost
|-unboost|p2a: Slowking|atk|1
|move|p2a: Slowking|Teleport|p2a: Slowking
|c|☆Moontalks|it is
|
|t:|1663242578
|switch|p2a: Raikou|Raikou|94/100|[from]move: Teleport
|
|upkeep
|turn|10
|
|t:|1663242587
|switch|p1a: Tapu Bulu|Tapu Bulu|100/100
|-fieldstart|move: Grassy Terrain|[from] ability: Grassy Surge|[of] p1a: Tapu Bulu
|move|p2a: Raikou|Volt Switch|p1a: Tapu Bulu
|-resisted|p1a: Tapu Bulu
|-damage|p1a: Tapu Bulu|84/100
|
|t:|1663242591
|switch|p2a: Scizor|Scizor, M|100/100|[from]move: Volt Switch
|
|-heal|p1a: Tapu Bulu|90/100|[from] Grassy Terrain
|upkeep
|turn|11
|j| PU11 B2
|
|t:|1663242602
|switch|p1a: Salamence|Salamence, M|94/100
|-ability|p1a: Salamence|Intimidate|boost
|-unboost|p2a: Scizor|atk|1
|move|p2a: Scizor|Knock Off|p1a: Salamence
|-damage|p1a: Salamence|73/100
|-enditem|p1a: Salamence|Heavy-Duty Boots|[from] move: Knock Off|[of] p2a: Scizor
|
|upkeep
|turn|12
|
|t:|1663242613
|switch|p2a: Slowking|Slowking, F|95/100
|-damage|p2a: Slowking|83/100|[from] Spikes
|move|p1a: Salamence|Dual Wingbeat|p2a: Slowking
|-damage|p2a: Slowking|69/100
|-damage|p2a: Slowking|55/100
|-hitcount|p2a: Slowking|2
|
|-heal|p2a: Slowking|61/100|[from] Grassy Terrain
|upkeep
|turn|13
|l| PU11 B2
|
|t:|1663242619
|move|p1a: Salamence|Defog|p2a: Slowking
|-unboost|p2a: Slowking|evasion|1
|-sideend|p2: Moontalks|Spikes|[from] move: Defog|[of] p1a: Salamence
|-sideend|p1: iRevali|Stealth Rock|[from] move: Defog|[of] p1a: Salamence
|-fieldend|move: Grassy Terrain
|move|p2a: Slowking|Teleport|p2a: Slowking
|
|t:|1663242624
|switch|p2a: Hippowdon|Hippowdon, M|84/100|[from]move: Teleport
|-weather|Sandstorm|[from] ability: Sand Stream|[of] p2a: Hippowdon
|
|-weather|Sandstorm|[upkeep]
|-damage|p1a: Salamence|67/100|[from] Sandstorm
|-heal|p2a: Hippowdon|90/100|[from] item: Leftovers
|upkeep
|turn|14
|
|t:|1663242634
|switch|p1a: Tapu Bulu|Tapu Bulu|90/100
|-fieldstart|move: Grassy Terrain|[from] ability: Grassy Surge|[of] p1a: Tapu Bulu
|move|p2a: Hippowdon|Stealth Rock|p1a: Tapu Bulu
|-sidestart|p1: iRevali|move: Stealth Rock
|
|-weather|Sandstorm|[upkeep]
|-damage|p1a: Tapu Bulu|84/100|[from] Sandstorm
|-heal|p1a: Tapu Bulu|90/100|[from] Grassy Terrain
|-heal|p2a: Hippowdon|96/100|[from] Grassy Terrain
|-heal|p2a: Hippowdon|100/100|[from] item: Leftovers
|upkeep
|turn|15
|
|t:|1663242648
|switch|p1a: Celesteela|Celesteela|74/100
|-damage|p1a: Celesteela|61/100|[from] Stealth Rock
|switch|p2a: Scizor|Scizor, M|100/100
|
|-weather|Sandstorm|[upkeep]
|-heal|p1a: Celesteela|67/100|[from] item: Leftovers
|upkeep
|turn|16
|
|t:|1663242668
|switch|p2a: Slowking|Slowking, F|95/100
|move|p1a: Celesteela|Leech Seed|p2a: Slowking
|-start|p2a: Slowking|move: Leech Seed
|
|-weather|Sandstorm|[upkeep]
|-damage|p2a: Slowking|89/100|[from] Sandstorm
|-heal|p1a: Celesteela|73/100|[from] item: Leftovers
|-heal|p2a: Slowking|95/100|[from] Grassy Terrain
|-damage|p2a: Slowking|82/100|[from] Leech Seed|[of] p1a: Celesteela
|-heal|p1a: Celesteela|86/100|[silent]
|upkeep
|turn|17
|
|t:|1663242681
|move|p1a: Celesteela|Heavy Slam|p2a: Slowking
|-resisted|p2a: Slowking
|-damage|p2a: Slowking|66/100
|move|p2a: Slowking|Teleport|p2a: Slowking
|
|t:|1663242684
|switch|p2a: Raikou|Raikou|94/100|[from]move: Teleport
|
|-weather|none
|-heal|p2a: Raikou|100/100|[from] Grassy Terrain
|-heal|p1a: Celesteela|92/100|[from] item: Leftovers
|upkeep
|turn|18
|
|t:|1663242688
|move|p1a: Celesteela|Protect|p1a: Celesteela
|-singleturn|p1a: Celesteela|Protect
|move|p2a: Raikou|Volt Switch|p1a: Celesteela
|-activate|p1a: Celesteela|move: Protect
|
|-heal|p1a: Celesteela|98/100|[from] item: Leftovers
|-fieldend|move: Grassy Terrain
|upkeep
|turn|19
|j| cooking book
|
|t:|1663242701
|move|p2a: Raikou|Volt Switch|p1a: Celesteela
|-supereffective|p1a: Celesteela
|-damage|p1a: Celesteela|54/100
|
|t:|1663242704
|switch|p2a: Slowking|Slowking, F|99/100|[from]move: Volt Switch
|move|p1a: Celesteela|Heavy Slam|p2a: Slowking
|-resisted|p2a: Slowking
|-damage|p2a: Slowking|82/100
|
|-heal|p1a: Celesteela|60/100|[from] item: Leftovers
|upkeep
|turn|20
|
|t:|1663242710
|switch|p1a: Salamence|Salamence, M|67/100
|-damage|p1a: Salamence|42/100|[from] Stealth Rock
|-ability|p1a: Salamence|Intimidate|boost
|-unboost|p2a: Slowking|atk|1
|move|p2a: Slowking|Scald|p1a: Salamence
|-resisted|p1a: Salamence
|-damage|p1a: Salamence|26/100
|-status|p1a: Salamence|brn
|
|-damage|p1a: Salamence|20/100 brn|[from] brn
|upkeep
|turn|21
|
|t:|1663242716
|move|p1a: Salamence|Roost|p1a: Salamence
|-heal|p1a: Salamence|70/100 brn
|-singleturn|p1a: Salamence|move: Roost
|move|p2a: Slowking|Teleport|p2a: Slowking
|
|t:|1663242719
|switch|p2a: Raikou|Raikou|100/100|[from]move: Teleport
|
|-damage|p1a: Salamence|64/100 brn|[from] brn
|upkeep
|turn|22
|
|t:|1663242721
|move|p2a: Raikou|Thunderbolt|p1a: Salamence
|-damage|p1a: Salamence|18/100 brn
|move|p1a: Salamence|Defog|p2a: Raikou
|-unboost|p2a: Raikou|evasion|1
|-sideend|p1: iRevali|Stealth Rock|[from] move: Defog|[of] p1a: Salamence
|
|-damage|p1a: Salamence|12/100 brn|[from] brn
|upkeep
|turn|23
|c|%suloxiv 愛|oh
|
|t:|1663242729
|switch|p1a: Chansey|Chansey, F|91/100
|move|p2a: Raikou|Volt Switch|p1a: Chansey
|-damage|p1a: Chansey|82/100
|c|%suloxiv 愛|yeah
|c|%suloxiv 愛|its
|c|%suloxiv 愛|rly rly good
|
|t:|1663242734
|switch|p2a: Scizor|Scizor, M|100/100|[from]move: Volt Switch
|
|upkeep
|turn|24
|c|%suloxiv 愛|sorry i answered like
|c|%suloxiv 愛|10 mins later
|c|%suloxiv 愛|lol.
|c| 7MM|dw
|c| 7MM|its p nuts ye
|inactive|iRevali has 120 seconds left.
|
|t:|1663242774
|move|p2a: Scizor|Knock Off|p1a: Chansey
|-damage|p1a: Chansey|63/100
|-enditem|p1a: Chansey|Eviolite|[from] move: Knock Off|[of] p2a: Scizor
|move|p1a: Chansey|Seismic Toss|p2a: Scizor
|-damage|p2a: Scizor|71/100
|
|upkeep
|turn|25
|
|t:|1663242778
|move|p2a: Scizor|Swords Dance|p2a: Scizor
|-boost|p2a: Scizor|atk|2
|move|p1a: Chansey|Soft-Boiled|p1a: Chansey
|-heal|p1a: Chansey|100/100
|
|upkeep
|turn|26
|
|t:|1663242780
|move|p2a: Scizor|Knock Off|p1a: Chansey
|-damage|p1a: Chansey|62/100
|move|p1a: Chansey|Seismic Toss|p2a: Scizor
|-damage|p2a: Scizor|42/100
|
|upkeep
|turn|27
|
|t:|1663242783
|move|p2a: Scizor|Roost|p2a: Scizor
|-heal|p2a: Scizor|92/100
|-singleturn|p2a: Scizor|move: Roost
|move|p1a: Chansey|Teleport|p1a: Chansey
|
|t:|1663242786
|switch|p1a: Salamence|Salamence, M|12/100 brn|[from]move: Teleport
|-ability|p1a: Salamence|Intimidate|boost
|-unboost|p2a: Scizor|atk|1
|
|-damage|p1a: Salamence|6/100 brn|[from] brn
|upkeep
|turn|28
|
|t:|1663242791
|switch|p1a: Celesteela|Celesteela|60/100
|move|p2a: Scizor|Bullet Punch|p1a: Celesteela
|-resisted|p1a: Celesteela
|-damage|p1a: Celesteela|41/100
|
|-heal|p1a: Celesteela|47/100|[from] item: Leftovers
|upkeep
|turn|29
|
|t:|1663242802
|switch|p2a: Slowking|Slowking, F|100/100
|move|p1a: Celesteela|Leech Seed|p2a: Slowking
|-start|p2a: Slowking|move: Leech Seed
|
|-heal|p1a: Celesteela|53/100|[from] item: Leftovers
|-damage|p2a: Slowking|88/100|[from] Leech Seed|[of] p1a: Celesteela
|-heal|p1a: Celesteela|65/100|[silent]
|upkeep
|turn|30
|
|t:|1663242820
|move|p1a: Celesteela|Heavy Slam|p2a: Slowking
|-resisted|p2a: Slowking
|-damage|p2a: Slowking|71/100
|move|p2a: Slowking|Teleport|p2a: Slowking
|
|t:|1663242823
|switch|p2a: Raikou|Raikou|100/100|[from]move: Teleport
|
|-heal|p1a: Celesteela|71/100|[from] item: Leftovers
|upkeep
|turn|31
|j| vigneshnight
|
|t:|1663242827
|move|p1a: Celesteela|Protect|p1a: Celesteela
|-singleturn|p1a: Celesteela|Protect
|move|p2a: Raikou|Thunderbolt|p1a: Celesteela
|-activate|p1a: Celesteela|move: Protect
|
|-heal|p1a: Celesteela|77/100|[from] item: Leftovers
|upkeep
|turn|32
|l| vigneshnight
|l| Flapsman88888888
|
|t:|1663242836
|move|p2a: Raikou|Volt Switch|p1a: Celesteela
|-supereffective|p1a: Celesteela
|-damage|p1a: Celesteela|37/100
|
|t:|1663242839
|switch|p2a: Zarude|Zarude|100/100|[from]move: Volt Switch
|move|p1a: Celesteela|Leech Seed|p2a: Zarude
|-immune|p2a: Zarude
|
|-heal|p1a: Celesteela|43/100|[from] item: Leftovers
|upkeep
|turn|33
|
|t:|1663242844
|move|p1a: Celesteela|Protect|p1a: Celesteela
|-singleturn|p1a: Celesteela|Protect
|move|p2a: Zarude|Darkest Lariat|p1a: Celesteela
|-activate|p1a: Celesteela|move: Protect
|
|-heal|p1a: Celesteela|49/100|[from] item: Leftovers
|upkeep
|turn|34
|
|t:|1663242847
|move|p2a: Zarude|Darkest Lariat|p1a: Celesteela
|-damage|p1a: Celesteela|0 fnt
|faint|p1a: Celesteela
|
|upkeep
|
|t:|1663242851
|switch|p1a: Salamence|Salamence, M|6/100 brn
|-ability|p1a: Salamence|Intimidate|boost
|-unboost|p2a: Zarude|atk|1
|turn|35
|
|t:|1663242860
|switch|p1a: Tapu Bulu|Tapu Bulu|90/100
|-fieldstart|move: Grassy Terrain|[from] ability: Grassy Surge|[of] p1a: Tapu Bulu
|move|p2a: Zarude|Darkest Lariat|p1a: Tapu Bulu
|-resisted|p1a: Tapu Bulu
|-damage|p1a: Tapu Bulu|75/100
|
|-heal|p1a: Tapu Bulu|81/100|[from] Grassy Terrain
|upkeep
|turn|36
|
|t:|1663242866
|switch|p2a: Scizor|Scizor, M|92/100
|move|p1a: Tapu Bulu|Dazzling Gleam|p2a: Scizor
|-resisted|p2a: Scizor
|-damage|p2a: Scizor|80/100
|
|-heal|p1a: Tapu Bulu|87/100|[from] Grassy Terrain
|-heal|p2a: Scizor|86/100|[from] Grassy Terrain
|upkeep
|turn|37
|c| 7MM|6-0 if real
|
|t:|1663242872
|switch|p1a: Salamence|Salamence, M|6/100 brn
|-ability|p1a: Salamence|Intimidate|boost
|-unboost|p2a: Scizor|atk|1
|move|p2a: Scizor|Swords Dance|p2a: Scizor
|-boost|p2a: Scizor|atk|2
|
|-heal|p2a: Scizor|92/100|[from] Grassy Terrain
|-damage|p1a: Salamence|0 fnt|[from] brn
|faint|p1a: Salamence
|upkeep
|
|t:|1663242876
|switch|p1a: Primarina|Primarina, F|100/100
|turn|38
|
|t:|1663242881
|move|p2a: Scizor|Knock Off|p1a: Primarina
|-resisted|p1a: Primarina
|-damage|p1a: Primarina|74/100
|-enditem|p1a: Primarina|Leftovers|[from] move: Knock Off|[of] p2a: Scizor
|move|p1a: Primarina|Scald|p2a: Scizor
|-damage|p2a: Scizor|51/100
|
|-heal|p2a: Scizor|57/100|[from] Grassy Terrain
|-heal|p1a: Primarina|80/100|[from] Grassy Terrain
|upkeep
|turn|39
|
|t:|1663242890
|move|p2a: Scizor|Bullet Punch|p1a: Primarina
|-damage|p1a: Primarina|30/100
|move|p1a: Primarina|Scald|p2a: Scizor
|-damage|p2a: Scizor|0 fnt
|faint|p2a: Scizor
|
|-heal|p1a: Primarina|36/100|[from] Grassy Terrain
|-fieldend|move: Grassy Terrain
|upkeep
|c|☆Moontalks|noooo
|c| 7MM|aww
|
|t:|1663242898
|switch|p2a: Raikou|Raikou|100/100
|turn|40
|
|t:|1663242910
|switch|p1a: Tapu Bulu|Tapu Bulu|87/100
|-fieldstart|move: Grassy Terrain|[from] ability: Grassy Surge|[of] p1a: Tapu Bulu
|move|p2a: Raikou|Volt Switch|p1a: Tapu Bulu
|-resisted|p1a: Tapu Bulu
|-damage|p1a: Tapu Bulu|70/100
|
|t:|1663242915
|switch|p2a: Moltres|Moltres|100/100|[from]move: Volt Switch
|
|-heal|p1a: Tapu Bulu|76/100|[from] Grassy Terrain
|upkeep
|turn|41
|
|t:|1663242920
|switch|p1a: Chansey|Chansey, F|62/100
|move|p2a: Moltres|U-turn|p1a: Chansey
|-damage|p1a: Chansey|49/100
|
|t:|1663242922
|switch|p2a: Zarude|Zarude|100/100|[from]move: U-turn
|
|-heal|p1a: Chansey|55/100|[from] Grassy Terrain
|upkeep
|turn|42
|
|t:|1663242927
|switch|p1a: Tapu Bulu|Tapu Bulu|76/100
|move|p2a: Zarude|Power Whip|p1a: Tapu Bulu
|-resisted|p1a: Tapu Bulu
|-crit|p1a: Tapu Bulu
|-damage|p1a: Tapu Bulu|19/100
|
|-heal|p1a: Tapu Bulu|25/100|[from] Grassy Terrain
|upkeep
|turn|43
|j| vigneshnight
|c|☆iRevali|Bruh
|l| vigneshnight
|
|t:|1663242943
|move|p2a: Zarude|Power Whip|p1a: Tapu Bulu
|-resisted|p1a: Tapu Bulu
|-damage|p1a: Tapu Bulu|0 fnt
|faint|p1a: Tapu Bulu
|
|upkeep
|
|t:|1663242946
|switch|p1a: Chansey|Chansey, F|55/100
|turn|44
|
|t:|1663242952
|move|p2a: Zarude|Power Whip|p1a: Chansey
|-damage|p1a: Chansey|0 fnt
|faint|p1a: Chansey
|
|-fieldend|move: Grassy Terrain
|upkeep
|c|%suloxiv 愛|its banded in gterrain anw idt u lived
|c|☆Moontalks|whiped
|
|t:|1663242956
|switch|p1a: Primarina|Primarina, F|36/100
|turn|45
|c|☆Moontalks|^
|j| vigneshnight
|l| cooking book
|inactive|iRevali has 120 seconds left.
|c|☆iRevali|I see
|l| alexandermalofeev
|
|t:|1663242999
|move|p2a: Zarude|Power Whip|p1a: Primarina
|-supereffective|p1a: Primarina
|-damage|p1a: Primarina|0 fnt
|faint|p1a: Primarina
|
|win|Moontalks
|n|☆iRevali|irevali
|n|☆Moontalks|moontalks
|n| 7MM|7mm
|n| suloxiv 愛|suloxiv
|n| vigneshnight|vigneshnight
