|j|☆Hastabouddah
|j|☆pokemonisfun
|t:|1662316232
|gametype|singles
|player|p1|Hastabouddah|lance-masters|1467
|player|p2|pokemonisfun|#uutrio2ladder|1779
|teamsize|p1|6
|teamsize|p2|6
|gen|8
|tier|[Gen 8] UU
|rated|
|rule|Sleep Clause Mod: Limit one foe put to sleep
|rule|Species Clause: Limit one of each Pokémon
|rule|OHKO Clause: OHKO moves are banned
|rule|Evasion Items Clause: Evasion items are banned
|rule|Evasion Moves Clause: Evasion moves are banned
|rule|Endless Battle Clause: Forcing endless battles is banned
|rule|HP Percentage Mod: HP is shown in percentages
|rule|Dynamax Clause: You cannot dynamax
|clearpoke
|poke|p1|Gardevoir, M|
|poke|p1|Celesteela|
|poke|p1|Excadrill, F|
|poke|p1|Gyarados, F|
|poke|p1|Jirachi|
|poke|p1|Hydreigon, M|
|poke|p2|Sylveon, M|
|poke|p2|Skarmory, M|
|poke|p2|Tentacruel, M|
|poke|p2|Hippowdon, F|
|poke|p2|Noivern, F|
|poke|p2|Crawdaunt, F|
|teampreview
|
|t:|1662316251
|start
|switch|p1a: Excadrill|Excadrill, F|100/100
|switch|p2a: Hippowdon|Hippowdon, F|100/100
|-ability|p1a: Excadrill|Mold Breaker
|-weather|Sandstorm|[from] ability: Sand Stream|[of] p2a: Hippowdon
|turn|1
|
|t:|1662316292
|move|p1a: Excadrill|Stealth Rock|p2a: Hippowdon
|-sidestart|p2: pokemonisfun|move: Stealth Rock
|move|p2a: Hippowdon|Stealth Rock|p1a: Excadrill
|-sidestart|p1: Hastabouddah|move: Stealth Rock
|
|-weather|Sandstorm|[upkeep]
|upkeep
|turn|2
|
|t:|1662316308
|move|p1a: Excadrill|Rapid Spin|p2a: Hippowdon
|-damage|p2a: Hippowdon|90/100
|-boost|p1a: Excadrill|spe|1
|-sideend|p1: Hastabouddah|Stealth Rock|[from] move: Rapid Spin|[of] p1a: Excadrill
|move|p2a: Hippowdon|Earthquake|p1a: Excadrill
|-supereffective|p1a: Excadrill
|-enditem|p1a: Excadrill|Focus Sash
|-damage|p1a: Excadrill|1/100
|
|-weather|Sandstorm|[upkeep]
|-heal|p2a: Hippowdon|96/100|[from] item: Leftovers
|upkeep
|turn|3
|
|t:|1662316335
|switch|p1a: Celesteela|Celesteela|100/100
|move|p2a: Hippowdon|Stealth Rock|p1a: Celesteela
|-sidestart|p1: Hastabouddah|move: Stealth Rock
|
|-weather|Sandstorm|[upkeep]
|-heal|p2a: Hippowdon|100/100|[from] item: Leftovers
|upkeep
|turn|4
|inactive|Battle timer is ON: inactive players will automatically lose when time's up. (requested by Hastabouddah)
|
|t:|1662316418
|switch|p2a: Tentacruel|Tentacruel, M|100/100
|-damage|p2a: Tentacruel|88/100|[from] Stealth Rock
|move|p1a: Celesteela|Autotomize|p1a: Celesteela
|-boost|p1a: Celesteela|spe|2
|-start|p1a: Celesteela|Autotomize
|
|-weather|Sandstorm|[upkeep]
|-damage|p2a: Tentacruel|82/100|[from] Sandstorm
|-heal|p2a: Tentacruel|88/100|[from] item: Black Sludge
|upkeep
|turn|5
|j| Chiharu haru 愛
|
|t:|1662316425
|move|p1a: Celesteela|Air Slash|p2a: Tentacruel
|-damage|p2a: Tentacruel|61/100
|move|p2a: Tentacruel|Rapid Spin|p1a: Celesteela
|-resisted|p1a: Celesteela
|-damage|p1a: Celesteela|97/100
|-boost|p2a: Tentacruel|spe|1
|-sideend|p2: pokemonisfun|Stealth Rock|[from] move: Rapid Spin|[of] p2a: Tentacruel
|
|-weather|none
|-heal|p2a: Tentacruel|67/100|[from] item: Black Sludge
|upkeep
|turn|6
|
|t:|1662316429
|move|p2a: Tentacruel|Knock Off|p1a: Celesteela
|-damage|p1a: Celesteela|81/100
|-enditem|p1a: Celesteela|Power Herb|[from] move: Knock Off|[of] p2a: Tentacruel
|move|p1a: Celesteela|Autotomize|p1a: Celesteela
|-boost|p1a: Celesteela|spe|2
|-start|p1a: Celesteela|Autotomize
|
|-heal|p2a: Tentacruel|74/100|[from] item: Black Sludge
|upkeep
|turn|7
|
|t:|1662316435
|move|p1a: Celesteela|Air Slash|p2a: Tentacruel
|-damage|p2a: Tentacruel|47/100
|cant|p2a: Tentacruel|flinch
|
|-heal|p2a: Tentacruel|53/100|[from] item: Black Sludge
|upkeep
|turn|8
|l| Chiharu haru 愛
|
|t:|1662316441
|switch|p2a: Sylveon|Sylveon, M|100/100
|move|p1a: Celesteela|Air Slash|p2a: Sylveon
|-damage|p2a: Sylveon|78/100
|
|-heal|p2a: Sylveon|85/100|[from] item: Leftovers
|upkeep
|turn|9
|j| ai ebihara444
|
|t:|1662316446
|switch|p1a: Excadrill|Excadrill, F|1/100
|-damage|p1a: Excadrill|0 fnt|[from] Stealth Rock
|faint|p1a: Excadrill
|move|p2a: Sylveon|Hyper Voice|p1: Excadrill|[notarget]
|-fail|p2a: Sylveon
|
|-heal|p2a: Sylveon|91/100|[from] item: Leftovers
|upkeep
|l| ai ebihara444
|
|t:|1662316476
|switch|p1a: Celesteela|Celesteela|81/100
|-damage|p1a: Celesteela|69/100|[from] Stealth Rock
|turn|10
|inactive|pokemonisfun has 120 seconds left.
|
|t:|1662316507
|move|p1a: Celesteela|Autotomize|p1a: Celesteela
|-boost|p1a: Celesteela|spe|2
|-start|p1a: Celesteela|Autotomize
|move|p2a: Sylveon|Wish|p2a: Sylveon
|
|-heal|p2a: Sylveon|97/100|[from] item: Leftovers
|upkeep
|turn|11
|
|t:|1662316512
|move|p1a: Celesteela|Meteor Beam||[still]
|-prepare|p1a: Celesteela|Meteor Beam
|-boost|p1a: Celesteela|spa|1
|move|p2a: Sylveon|Hyper Voice|p1a: Celesteela
|-resisted|p1a: Celesteela
|-damage|p1a: Celesteela|48/100
|
|-heal|p2a: Sylveon|100/100|[from] move: Wish|[wisher] Sylveon
|upkeep
|turn|12
|inactive|pokemonisfun has 120 seconds left.
|
|t:|1662316537
|move|p1a: Celesteela|Meteor Beam|p2a: Sylveon|[from]lockedmove
|-damage|p2a: Sylveon|67/100
|move|p2a: Sylveon|Hyper Voice|p1a: Celesteela
|-resisted|p1a: Celesteela
|-damage|p1a: Celesteela|29/100
|
|-heal|p2a: Sylveon|73/100|[from] item: Leftovers
|upkeep
|turn|13
|
|t:|1662316544
|move|p1a: Celesteela|Air Slash|p2a: Sylveon
|-damage|p2a: Sylveon|41/100
|move|p2a: Sylveon|Wish|p2a: Sylveon
|
|-heal|p2a: Sylveon|47/100|[from] item: Leftovers
|upkeep
|turn|14
|
|t:|1662316548
|move|p1a: Celesteela|Meteor Beam||[still]
|-prepare|p1a: Celesteela|Meteor Beam
|-boost|p1a: Celesteela|spa|1
|move|p2a: Sylveon|Hyper Voice|p1a: Celesteela
|-resisted|p1a: Celesteela
|-damage|p1a: Celesteela|8/100
|
|-heal|p2a: Sylveon|97/100|[from] move: Wish|[wisher] Sylveon
|-heal|p2a: Sylveon|100/100|[from] item: Leftovers
|upkeep
|turn|15
|
|t:|1662316552
|move|p1a: Celesteela|Meteor Beam|p2a: Sylveon|[from]lockedmove
|-damage|p2a: Sylveon|53/100
|move|p2a: Sylveon|Wish|p2a: Sylveon
|
|-heal|p2a: Sylveon|59/100|[from] item: Leftovers
|upkeep
|turn|16
|
|t:|1662316556
|move|p1a: Celesteela|Air Slash|p2a: Sylveon
|-damage|p2a: Sylveon|14/100
|move|p2a: Sylveon|Hyper Voice|p1a: Celesteela
|-resisted|p1a: Celesteela
|-damage|p1a: Celesteela|0 fnt
|faint|p1a: Celesteela
|
|-heal|p2a: Sylveon|64/100|[from] move: Wish|[wisher] Sylveon
|-heal|p2a: Sylveon|70/100|[from] item: Leftovers
|upkeep
|
|t:|1662316568
|switch|p1a: Jirachi|Jirachi|100/100
|-damage|p1a: Jirachi|94/100|[from] Stealth Rock
|turn|17
|
|t:|1662316590
|switch|p1a: Gardevoir|Gardevoir, M|100/100
|-damage|p1a: Gardevoir|88/100|[from] Stealth Rock
|-ability|p1a: Gardevoir|Pixilate|[from] ability: Trace|[of] p2a: Sylveon
|switch|p2a: Hippowdon|Hippowdon, F|100/100
|-weather|Sandstorm|[from] ability: Sand Stream|[of] p2a: Hippowdon
|
|-weather|Sandstorm|[upkeep]
|-damage|p1a: Gardevoir|82/100|[from] Sandstorm
|upkeep
|turn|18
|
|t:|1662316598
|move|p1a: Gardevoir|Trick|p2a: Hippowdon
|-activate|p1a: Gardevoir|move: Trick|[of] p2a: Hippowdon
|-item|p2a: Hippowdon|Choice Scarf|[from] move: Trick
|-item|p1a: Gardevoir|Leftovers|[from] move: Trick
|move|p2a: Hippowdon|Earthquake|p1a: Gardevoir
|-damage|p1a: Gardevoir|18/100
|
|-weather|Sandstorm|[upkeep]
|-damage|p1a: Gardevoir|12/100|[from] Sandstorm
|-heal|p1a: Gardevoir|18/100|[from] item: Leftovers
|upkeep
|turn|19
|
|t:|1662316609
|switch|p1a: Gyarados|Gyarados, F|100/100
|-damage|p1a: Gyarados|76/100|[from] Stealth Rock
|switch|p2a: Tentacruel|Tentacruel, M|53/100
|
|-weather|Sandstorm|[upkeep]
|-damage|p2a: Tentacruel|47/100|[from] Sandstorm
|-damage|p1a: Gyarados|70/100|[from] Sandstorm
|-heal|p2a: Tentacruel|53/100|[from] item: Black Sludge
|upkeep
|turn|20
|inactive|pokemonisfun has 120 seconds left.
|
|t:|1662316659
|switch|p2a: Skarmory|Skarmory, M|100/100
|move|p1a: Gyarados|Dragon Dance|p1a: Gyarados
|-boost|p1a: Gyarados|atk|1
|-boost|p1a: Gyarados|spe|1
|
|-weather|Sandstorm|[upkeep]
|-damage|p1a: Gyarados|64/100|[from] Sandstorm
|upkeep
|turn|21
|
|t:|1662316670
|move|p1a: Gyarados|Waterfall|p2a: Skarmory
|-damage|p2a: Skarmory|62/100
|-damage|p1a: Gyarados|47/100|[from] item: Rocky Helmet|[of] p2a: Skarmory
|move|p2a: Skarmory|Iron Defense|p2a: Skarmory
|-boost|p2a: Skarmory|def|2
|
|-weather|none
|upkeep
|turn|22
|
|t:|1662316678
|switch|p1a: Gardevoir|Gardevoir, M|18/100
|-damage|p1a: Gardevoir|6/100|[from] Stealth Rock
|-ability|p1a: Gardevoir|Sturdy|[from] ability: Trace|[of] p2a: Skarmory
|move|p2a: Skarmory|Roost|p2a: Skarmory
|-heal|p2a: Skarmory|100/100
|-singleturn|p2a: Skarmory|move: Roost
|
|-heal|p1a: Gardevoir|12/100|[from] item: Leftovers
|upkeep
|turn|23
|inactive|pokemonisfun has 120 seconds left.
|
|t:|1662316690
|switch|p2a: Tentacruel|Tentacruel, M|53/100
|move|p1a: Gardevoir|Psychic|p2a: Tentacruel
|-supereffective|p2a: Tentacruel
|-damage|p2a: Tentacruel|0 fnt
|faint|p2a: Tentacruel
|
|-heal|p1a: Gardevoir|18/100|[from] item: Leftovers
|upkeep
|
|t:|1662316699
|switch|p2a: Noivern|Noivern, F|100/100
|-item|p1a: Gardevoir|Leftovers|[from] ability: Frisk|[of] p2a: Noivern|[identify]
|turn|24
|
|t:|1662316710
|switch|p1a: Gyarados|Gyarados, F|47/100
|-damage|p1a: Gyarados|22/100|[from] Stealth Rock
|move|p2a: Noivern|Flamethrower|p1a: Gyarados
|-resisted|p1a: Gyarados
|-damage|p1a: Gyarados|9/100
|
|upkeep
|turn|25
|
|t:|1662316720
|move|p2a: Noivern|Flamethrower|p1a: Gyarados
|-resisted|p1a: Gyarados
|-damage|p1a: Gyarados|0 fnt
|faint|p1a: Gyarados
|
|upkeep
|
|t:|1662316728
|switch|p1a: Jirachi|Jirachi|94/100
|-damage|p1a: Jirachi|88/100|[from] Stealth Rock
|turn|26
|
|t:|1662316744
|move|p2a: Noivern|Flamethrower|p1a: Jirachi
|-supereffective|p1a: Jirachi
|-crit|p1a: Jirachi
|-damage|p1a: Jirachi|29/100
|-enditem|p1a: Jirachi|Weakness Policy
|-boost|p1a: Jirachi|atk|2|[from] item: Weakness Policy
|-boost|p1a: Jirachi|spa|2|[from] item: Weakness Policy
|move|p1a: Jirachi|Cosmic Power|p1a: Jirachi
|-boost|p1a: Jirachi|def|1
|-boost|p1a: Jirachi|spd|1
|
|upkeep
|turn|27
|
|t:|1662316753
|move|p2a: Noivern|Flamethrower|p1a: Jirachi
|-supereffective|p1a: Jirachi
|-damage|p1a: Jirachi|1/100
|move|p1a: Jirachi|Rest|p1a: Jirachi
|-status|p1a: Jirachi|slp|[from] move: Rest
|-heal|p1a: Jirachi|100/100 slp|[silent]
|
|upkeep
|turn|28
|
|t:|1662316759
|move|p2a: Noivern|Flamethrower|p1a: Jirachi
|-supereffective|p1a: Jirachi
|-damage|p1a: Jirachi|73/100 slp
|cant|p1a: Jirachi|slp
|move|p1a: Jirachi|Snore|p2a: Noivern
|-damage|p2a: Noivern|70/100
|
|upkeep
|turn|29
|
|t:|1662316766
|move|p2a: Noivern|Flamethrower|p1a: Jirachi
|-supereffective|p1a: Jirachi
|-damage|p1a: Jirachi|45/100 slp
|cant|p1a: Jirachi|slp
|move|p1a: Jirachi|Snore|p2a: Noivern
|-damage|p2a: Noivern|38/100
|
|upkeep
|turn|30
|
|t:|1662316770
|move|p2a: Noivern|U-turn|p1a: Jirachi
|-damage|p1a: Jirachi|38/100 slp
|
|t:|1662316772
|switch|p2a: Crawdaunt|Crawdaunt, F|100/100|[from]move: U-turn
|-curestatus|p1a: Jirachi|slp|[msg]
|move|p1a: Jirachi|Rest|p1a: Jirachi
|-status|p1a: Jirachi|slp|[from] move: Rest
|-heal|p1a: Jirachi|100/100 slp|[silent]
|
|upkeep
|turn|31
|
|t:|1662316775
|cant|p1a: Jirachi|slp
|move|p1a: Jirachi|Snore|p2a: Crawdaunt
|-damage|p2a: Crawdaunt|54/100
|move|p2a: Crawdaunt|Knock Off|p1a: Jirachi
|-supereffective|p1a: Jirachi
|-damage|p1a: Jirachi|14/100 slp
|
|upkeep
|turn|32
|
|t:|1662316783
|cant|p1a: Jirachi|slp
|move|p1a: Jirachi|Snore|p2a: Crawdaunt
|-damage|p2a: Crawdaunt|3/100
|cant|p2a: Crawdaunt|flinch
|
|upkeep
|turn|33
|
|t:|1662316795
|-curestatus|p1a: Jirachi|slp|[msg]
|move|p1a: Jirachi|Rest|p1a: Jirachi
|-status|p1a: Jirachi|slp|[from] move: Rest
|-heal|p1a: Jirachi|100/100 slp|[silent]
|move|p2a: Crawdaunt|Knock Off|p1a: Jirachi
|-supereffective|p1a: Jirachi
|-damage|p1a: Jirachi|22/100 slp
|
|upkeep
|turn|34
|
|t:|1662316807
|switch|p2a: Hippowdon|Hippowdon, F|100/100
|-weather|Sandstorm|[from] ability: Sand Stream|[of] p2a: Hippowdon
|cant|p1a: Jirachi|slp
|move|p1a: Jirachi|Snore|p2a: Hippowdon
|-damage|p2a: Hippowdon|81/100
|
|-weather|Sandstorm|[upkeep]
|upkeep
|turn|35
|
|t:|1662316812
|cant|p1a: Jirachi|slp
|move|p1a: Jirachi|Snore|p2a: Hippowdon
|-damage|p2a: Hippowdon|63/100
|move|p2a: Hippowdon|Earthquake|p1a: Jirachi
|-supereffective|p1a: Jirachi
|-damage|p1a: Jirachi|0 fnt
|faint|p1a: Jirachi
|
|-weather|Sandstorm|[upkeep]
|upkeep
|
|t:|1662316823
|switch|p1a: Hydreigon|Hydreigon, M|100/100
|-damage|p1a: Hydreigon|88/100|[from] Stealth Rock
|turn|36
|
|t:|1662316843
|switch|p2a: Sylveon|Sylveon, M|70/100
|move|p1a: Hydreigon|Dragon Dance|p1a: Hydreigon
|-boost|p1a: Hydreigon|atk|1
|-boost|p1a: Hydreigon|spe|1
|
|-weather|Sandstorm|[upkeep]
|-damage|p1a: Hydreigon|82/100|[from] Sandstorm
|-damage|p2a: Sylveon|64/100|[from] Sandstorm
|-heal|p2a: Sylveon|70/100|[from] item: Leftovers
|upkeep
|turn|37
|
|t:|1662316849
|move|p1a: Hydreigon|Thunder Fang|p2a: Sylveon
|-damage|p2a: Sylveon|34/100
|-damage|p1a: Hydreigon|72/100|[from] item: Life Orb
|cant|p2a: Sylveon|flinch
|
|-weather|Sandstorm|[upkeep]
|-damage|p1a: Hydreigon|66/100|[from] Sandstorm
|-damage|p2a: Sylveon|28/100|[from] Sandstorm
|-heal|p2a: Sylveon|34/100|[from] item: Leftovers
|upkeep
|turn|38
|
|t:|1662316860
|move|p1a: Hydreigon|Thunder Fang|p2a: Sylveon
|-damage|p2a: Sylveon|0 fnt
|faint|p2a: Sylveon
|-damage|p1a: Hydreigon|56/100|[from] item: Life Orb
|
|-weather|none
|upkeep
|
|t:|1662316862
|switch|p2a: Skarmory|Skarmory, M|100/100
|turn|39
|
|t:|1662316869
|move|p1a: Hydreigon|Thunder Fang|p2a: Skarmory
|-supereffective|p2a: Skarmory
|-damage|p2a: Skarmory|56/100
|-damage|p1a: Hydreigon|40/100|[from] item: Rocky Helmet|[of] p2a: Skarmory
|-damage|p1a: Hydreigon|30/100|[from] item: Life Orb
|move|p2a: Skarmory|Body Press|p1a: Hydreigon
|-supereffective|p1a: Hydreigon
|-damage|p1a: Hydreigon|0 fnt
|faint|p1a: Hydreigon
|
|upkeep
|
|t:|1662316874
|switch|p1a: Gardevoir|Gardevoir, M|18/100
|-damage|p1a: Gardevoir|6/100|[from] Stealth Rock
|-ability|p1a: Gardevoir|Sturdy|[from] ability: Trace|[of] p2a: Skarmory
|turn|40
|
|t:|1662316877
|move|p1a: Gardevoir|Mystical Fire|p2a: Skarmory
|-supereffective|p2a: Skarmory
|-damage|p2a: Skarmory|0 fnt
|faint|p2a: Skarmory
|
|-heal|p1a: Gardevoir|12/100|[from] item: Leftovers
|upkeep
|
|t:|1662316881
|switch|p2a: Crawdaunt|Crawdaunt, F|3/100
|turn|41
|
|t:|1662316884
|move|p2a: Crawdaunt|Aqua Jet|p1a: Gardevoir
|-damage|p1a: Gardevoir|0 fnt
|faint|p1a: Gardevoir
|
|win|pokemonisfun
|raw|Hastabouddah's rating: 1467 &rarr; <strong>1461</strong><br />(-6 for losing)
|raw|pokemonisfun's rating: 1779 &rarr; <strong>1785</strong><br />(+6 for winning)
|c|☆Hastabouddah|gg
|c|☆pokemonisfun|gg
|l|☆pokemonisfun
