|j|☆Fett und Geil
|j|☆SwitchTheGreat
|t:|1663395749
|gametype|singles
|player|p1|Fett und Geil|1|1259
|player|p2|SwitchTheGreat|1|1489
|teamsize|p1|6
|teamsize|p2|6
|gen|8
|tier|[Gen 8] UU
|rated|
|rule|Sleep Clause Mod: Limit one foe put to sleep
|rule|Species Clause: Limit one of each Pokémon
|rule|OHKO Clause: OHKO moves are banned
|rule|Evasion Items Clause: Evasion items are banned
|rule|Evasion Moves Clause: Evasion moves are banned
|rule|Endless Battle Clause: Forcing endless battles is banned
|rule|HP Percentage Mod: HP is shown in percentages
|rule|Dynamax Clause: You cannot dynamax
|clearpoke
|poke|p1|Hippowdon, F|
|poke|p1|Slowking, M|
|poke|p1|Hydreigon, M|
|poke|p1|Scizor, M|
|poke|p1|Primarina, F|
|poke|p1|Jirachi|
|poke|p2|Talonflame, M|
|poke|p2|Excadrill, M|
|poke|p2|Celesteela|
|poke|p2|Gyarados, F|
|poke|p2|Nihilego|
|poke|p2|Azelf|
|teampreview
|c|☆SwitchTheGreat|good evening
|inactive|Battle timer is ON: inactive players will automatically lose when time's up. (requested by Fett und Geil)
|
|t:|1663395795
|start
|switch|p1a: Jirachi|Jirachi|100/100
|switch|p2a: Celesteela|Celesteela|100/100
|turn|1
|
|t:|1663395798
|move|p1a: Jirachi|U-turn|p2a: Celesteela
|-resisted|p2a: Celesteela
|-damage|p2a: Celesteela|96/100
|
|t:|1663395800
|switch|p1a: Primarina|Primarina, F|100/100|[from]move: U-turn
|move|p2a: Celesteela|Fire Blast|p1a: Primarina
|-resisted|p1a: Primarina
|-damage|p1a: Primarina|86/100
|
|upkeep
|turn|2
|
|t:|1663395807
|switch|p2a: Excadrill|Excadrill, M|100/100
|-ability|p2a: Excadrill|Mold Breaker
|move|p1a: Primarina|Hydro Pump|p2a: Excadrill
|-supereffective|p2a: Excadrill
|-enditem|p2a: Excadrill|Focus Sash
|-damage|p2a: Excadrill|1/100
|
|upkeep
|turn|3
|
|t:|1663395814
|switch|p1a: Scizor|Scizor, M|100/100
|move|p2a: Excadrill|Stealth Rock|p1a: Scizor
|-sidestart|p1: Fett und Geil|move: Stealth Rock
|
|upkeep
|turn|4
|
|t:|1663395819
|move|p1a: Scizor|Bullet Punch|p2a: Excadrill
|-resisted|p2a: Excadrill
|-damage|p2a: Excadrill|0 fnt
|faint|p2a: Excadrill
|
|upkeep
|
|t:|1663395830
|switch|p2a: Talonflame|Talonflame, M|100/100
|turn|5
|
|t:|1663395836
|switch|p1a: Slowking|Slowking, M|100/100
|-damage|p1a: Slowking|88/100|[from] Stealth Rock
|move|p2a: Talonflame|Swords Dance|p2a: Talonflame
|-boost|p2a: Talonflame|atk|2
|
|upkeep
|turn|6
|
|t:|1663395851
|move|p2a: Talonflame|U-turn|p1a: Slowking
|-supereffective|p1a: Slowking
|-damage|p1a: Slowking|34/100
|
|t:|1663395859
|switch|p2a: Azelf|Azelf|100/100|[from]move: U-turn
|move|p1a: Slowking|Scald|p2a: Azelf
|-damage|p2a: Azelf|59/100
|-status|p2a: Azelf|brn
|
|-damage|p2a: Azelf|53/100 brn|[from] brn
|upkeep
|turn|7
|
|t:|1663395867
|move|p2a: Azelf|Energy Ball|p1a: Slowking
|-supereffective|p1a: Slowking
|-damage|p1a: Slowking|0 fnt
|faint|p1a: Slowking
|
|-damage|p2a: Azelf|47/100 brn|[from] brn
|upkeep
|
|t:|1663395873
|switch|p1a: Jirachi|Jirachi|100/100
|-damage|p1a: Jirachi|94/100|[from] Stealth Rock
|turn|8
|
|t:|1663395877
|move|p1a: Jirachi|U-turn|p2a: Azelf
|-supereffective|p2a: Azelf
|-damage|p2a: Azelf|0 fnt
|faint|p2a: Azelf
|
|t:|1663395880
|switch|p1a: Primarina|Primarina, F|86/100|[from]move: U-turn
|-damage|p1a: Primarina|74/100|[from] Stealth Rock
|
|upkeep
|
|t:|1663395905
|switch|p2a: Gyarados|Gyarados, F|100/100
|turn|9
|
|t:|1663395912
|move|p2a: Gyarados|Power Whip|p1a: Primarina|[miss]
|-miss|p2a: Gyarados|p1a: Primarina
|move|p1a: Primarina|Moonblast|p2a: Gyarados
|-damage|p2a: Gyarados|23/100
|
|upkeep
|turn|10
|
|t:|1663395920
|switch|p1a: Jirachi|Jirachi|94/100
|-damage|p1a: Jirachi|88/100|[from] Stealth Rock
|move|p2a: Gyarados|Waterfall|p1a: Jirachi
|-damage|p1a: Jirachi|32/100
|
|upkeep
|turn|11
|
|t:|1663395930
|move|p1a: Jirachi|Iron Head|p2a: Gyarados
|-resisted|p2a: Gyarados
|-damage|p2a: Gyarados|2/100
|move|p2a: Gyarados|Waterfall|p1a: Jirachi
|-damage|p1a: Jirachi|0 fnt
|faint|p1a: Jirachi
|-ability|p2a: Gyarados|Moxie|boost
|-boost|p2a: Gyarados|atk|1
|
|upkeep
|
|t:|1663395938
|switch|p1a: Scizor|Scizor, M|100/100
|-damage|p1a: Scizor|88/100|[from] Stealth Rock
|turn|12
|
|t:|1663395942
|move|p1a: Scizor|Bullet Punch|p2a: Gyarados
|-resisted|p2a: Gyarados
|-damage|p2a: Gyarados|0 fnt
|faint|p2a: Gyarados
|
|upkeep
|
|t:|1663395943
|switch|p2a: Celesteela|Celesteela|96/100
|turn|13
|
|t:|1663395947
|switch|p1a: Hydreigon|Hydreigon, M|100/100
|-damage|p1a: Hydreigon|88/100|[from] Stealth Rock
|move|p2a: Celesteela|Autotomize|p2a: Celesteela
|-boost|p2a: Celesteela|spe|2
|-start|p2a: Celesteela|Autotomize
|
|upkeep
|turn|14
|
|t:|1663395950
|move|p2a: Celesteela|Meteor Beam||[still]
|-prepare|p2a: Celesteela|Meteor Beam
|-boost|p2a: Celesteela|spa|1
|-enditem|p2a: Celesteela|Power Herb
|-anim|p2a: Celesteela|Meteor Beam|p1a: Hydreigon
|-damage|p1a: Hydreigon|58/100
|move|p1a: Hydreigon|Fire Blast|p2a: Celesteela
|-supereffective|p2a: Celesteela
|-crit|p2a: Celesteela
|-damage|p2a: Celesteela|0 fnt
|faint|p2a: Celesteela
|
|upkeep
|
|t:|1663395964
|switch|p2a: Talonflame|Talonflame, M|100/100
|turn|15
|
|t:|1663395968
|move|p2a: Talonflame|U-turn|p1a: Hydreigon
|-supereffective|p1a: Hydreigon
|-damage|p1a: Hydreigon|26/100
|
|t:|1663395971
|switch|p2a: Nihilego|Nihilego|100/100|[from]move: U-turn
|move|p1a: Hydreigon|Draco Meteor|p2a: Nihilego
|-damage|p2a: Nihilego|52/100
|-unboost|p1a: Hydreigon|spa|2
|
|upkeep
|turn|16
|
|t:|1663395984
|move|p2a: Nihilego|Power Gem|p1a: Hydreigon
|-damage|p1a: Hydreigon|6/100
|move|p1a: Hydreigon|U-turn|p2a: Nihilego
|-resisted|p2a: Nihilego
|-damage|p2a: Nihilego|41/100
|
|t:|1663395986
|switch|p1a: Scizor|Scizor, M|88/100|[from]move: U-turn
|-damage|p1a: Scizor|76/100|[from] Stealth Rock
|
|upkeep
|turn|17
|
|t:|1663395991
|move|p1a: Scizor|Bullet Punch|p2a: Nihilego
|-supereffective|p2a: Nihilego
|-damage|p2a: Nihilego|0 fnt
|faint|p2a: Nihilego
|
|upkeep
|
|t:|1663395992
|switch|p2a: Talonflame|Talonflame, M|100/100
|turn|18
|
|t:|1663395995
|switch|p1a: Hydreigon|Hydreigon, M|6/100
|-damage|p1a: Hydreigon|0 fnt|[from] Stealth Rock
|faint|p1a: Hydreigon
|move|p2a: Talonflame|Swords Dance|p2a: Talonflame
|-boost|p2a: Talonflame|atk|2
|
|upkeep
|
|t:|1663396001
|switch|p1a: Hippowdon|Hippowdon, F|100/100
|-damage|p1a: Hippowdon|94/100|[from] Stealth Rock
|-weather|Sandstorm|[from] ability: Sand Stream|[of] p1a: Hippowdon
|turn|19
|
|t:|1663396003
|move|p2a: Talonflame|Acrobatics|p1a: Hippowdon
|-damage|p1a: Hippowdon|36/100
|move|p1a: Hippowdon|Stone Edge|p2a: Talonflame
|-supereffective|p2a: Talonflame
|-damage|p2a: Talonflame|0 fnt
|faint|p2a: Talonflame
|
|win|Fett und Geil
|raw|Fett und Geil's rating: 1259 &rarr; <strong>1298</strong><br />(+39 for winning)
|raw|SwitchTheGreat's rating: 1489 &rarr; <strong>1457</strong><br />(-32 for losing)
|l|☆SwitchTheGreat
