|inactive|Battle timer is ON: inactive players will automatically lose when time's up.
|j|☆pokemonisfun
|j|☆Zephyyyr
|t:|1657246089
|gametype|singles
|player|p1|pokemonisfun|#uutrio2ladder|
|player|p2|Zephyyyr|richboy|
|teamsize|p1|6
|teamsize|p2|6
|gen|8
|tier|[Gen 8] UU
|rated|Tournament battle
|rule|Sleep Clause Mod: Limit one foe put to sleep
|rule|Species Clause: Limit one of each Pokémon
|rule|OHKO Clause: OHKO moves are banned
|rule|Evasion Moves Clause: Evasion moves are banned
|rule|Endless Battle Clause: Forcing endless battles is banned
|rule|HP Percentage Mod: HP is shown in percentages
|rule|Dynamax Clause: You cannot dynamax
|rule|Blitz: Super-fast timer
|clearpoke
|poke|p1|Nihilego|
|poke|p1|Celesteela|
|poke|p1|Excadrill, F|
|poke|p1|Necrozma|
|poke|p1|Scizor, M|
|poke|p1|Gyarados, M|
|poke|p2|Marowak-Alola, F|
|poke|p2|Crawdaunt, M|
|poke|p2|Cresselia, F|
|poke|p2|Porygon2|
|poke|p2|Conkeldurr, M|
|poke|p2|Carbink|
|teampreview
|j| xX✿lUwUl✿Xx
|c|☆Zephyyyr|Hf
|inactive|pokemonisfun has 30 seconds left.
|
|t:|1657246099
|start
|switch|p1a: Metal Mole|Excadrill, F, shiny|100/100
|switch|p2a: Carbink|Carbink|100/100
|-ability|p1a: Metal Mole|Mold Breaker
|turn|1
|j|+suloxiv ✿
|
|t:|1657246103
|move|p1a: Metal Mole|Earthquake|p2a: Carbink
|-supereffective|p2a: Carbink
|-damage|p2a: Carbink|11/100
|move|p2a: Carbink|Trick Room|p2a: Carbink
|-fieldstart|move: Trick Room|[of] p2a: Carbink
|
|upkeep
|turn|2
|j|+Krook❤King
|inactive|Zephyyyr has 10 seconds left.
|
|t:|1657246108
|move|p2a: Carbink|Stealth Rock|p1a: Metal Mole
|-sidestart|p1: pokemonisfun|move: Stealth Rock
|move|p1a: Metal Mole|Stealth Rock|p2a: Carbink
|-sidestart|p2: Zephyyyr|move: Stealth Rock
|
|upkeep
|turn|3
|inactive|pokemonisfun has 10 seconds left.
|
|t:|1657246115
|move|p2a: Carbink|Misty Explosion|p1a: Metal Mole
|-resisted|p1a: Metal Mole
|-damage|p1a: Metal Mole|88/100
|faint|p2a: Carbink
|move|p1a: Metal Mole|Rapid Spin|p2: Carbink|[notarget]
|-fail|p1a: Metal Mole
|
|upkeep
|
|t:|1657246117
|switch|p2a: Marowak|Marowak-Alola, F|100/100
|-damage|p2a: Marowak|76/100|[from] Stealth Rock
|turn|4
|inactive|pokemonisfun has 10 seconds left.
|
|t:|1657246125
|move|p2a: Marowak|Flare Blitz|p1a: Metal Mole
|-supereffective|p1a: Metal Mole
|-damage|p1a: Metal Mole|0 fnt
|faint|p1a: Metal Mole
|
|upkeep
|inactive|pokemonisfun has 10 seconds left.
|inactive|pokemonisfun has 5 seconds left.
|
|t:|1657246135
|switch|p1a: Alaskan Bull Worm|Gyarados, M|100/100
|-damage|p1a: Alaskan Bull Worm|76/100|[from] Stealth Rock
|turn|5
|inactive|pokemonisfun has 10 seconds left this turn.
|inactive|pokemonisfun has 5 seconds left.
|
|t:|1657246140
|move|p2a: Marowak|Poltergeist|p1a: Alaskan Bull Worm
|-activate|p1a: Alaskan Bull Worm|move: Poltergeist|Lum Berry
|-damage|p1a: Alaskan Bull Worm|0 fnt
|faint|p1a: Alaskan Bull Worm
|
|-fieldend|move: Trick Room
|upkeep
|inactive|pokemonisfun has 10 seconds left this turn.
|
|t:|1657246144
|switch|p1a: Bamboo Rocket|Celesteela, shiny|100/100
|-damage|p1a: Bamboo Rocket|88/100|[from] Stealth Rock
|turn|6
|
|t:|1657246146
|switch|p2a: Porygon2|Porygon2|100/100
|-damage|p2a: Porygon2|88/100|[from] Stealth Rock
|-ability|p2a: Porygon2|Beast Boost|[from] ability: Trace|[of] p1a: Bamboo Rocket
|move|p1a: Bamboo Rocket|Meteor Beam||[still]
|-prepare|p1a: Bamboo Rocket|Meteor Beam
|-boost|p1a: Bamboo Rocket|spa|1
|-enditem|p1a: Bamboo Rocket|Power Herb
|-anim|p1a: Bamboo Rocket|Meteor Beam|p2a: Porygon2
|-damage|p2a: Porygon2|59/100
|
|upkeep
|turn|7
|
|t:|1657246150
|move|p1a: Bamboo Rocket|Air Slash|p2a: Porygon2|[miss]
|-miss|p1a: Bamboo Rocket|p2a: Porygon2
|move|p2a: Porygon2|Trick Room|p2a: Porygon2
|-fieldstart|move: Trick Room|[of] p2a: Porygon2
|
|upkeep
|turn|8
|
|t:|1657246153
|move|p1a: Bamboo Rocket|Air Slash|p2a: Porygon2
|-damage|p2a: Porygon2|32/100
|move|p2a: Porygon2|Teleport|p2a: Porygon2
|
|t:|1657246154
|switch|p2a: Marowak|Marowak-Alola, F|76/100|[from]move: Teleport
|-damage|p2a: Marowak|51/100|[from] Stealth Rock
|
|upkeep
|turn|9
|c|+Krook❤King|thats a moment
|
|t:|1657246158
|move|p2a: Marowak|Flare Blitz|p1a: Bamboo Rocket
|-supereffective|p1a: Bamboo Rocket
|-crit|p1a: Bamboo Rocket
|-damage|p1a: Bamboo Rocket|0 fnt
|faint|p1a: Bamboo Rocket
|
|upkeep
|c|+Krook❤King|never seen Air Slash miss before
|inactive|pokemonisfun has 10 seconds left.
|
|t:|1657246166
|switch|p1a: Bloodlust|Scizor, M|100/100
|-damage|p1a: Bloodlust|88/100|[from] Stealth Rock
|turn|10
|
|t:|1657246167
|switch|p1a: Jelly|Nihilego|100/100
|-damage|p1a: Jelly|88/100|[from] Stealth Rock
|move|p2a: Marowak|Flare Blitz|p1a: Jelly
|-resisted|p1a: Jelly
|-damage|p1a: Jelly|9/100
|
|upkeep
|turn|11
|
|t:|1657246172
|move|p2a: Marowak|Flare Blitz|p1a: Jelly
|-resisted|p1a: Jelly
|-crit|p1a: Jelly
|-damage|p1a: Jelly|0 fnt
|faint|p1a: Jelly
|
|-fieldend|move: Trick Room
|upkeep
|inactive|pokemonisfun has 10 seconds left.
|
|t:|1657246177
|switch|p1a: Crystal Gem|Necrozma|100/100
|-damage|p1a: Crystal Gem|88/100|[from] Stealth Rock
|turn|12
|
|t:|1657246181
|switch|p2a: Cresselia|Cresselia, F|100/100
|-damage|p2a: Cresselia|88/100|[from] Stealth Rock
|move|p1a: Crystal Gem|Dragon Dance|p1a: Crystal Gem
|-boost|p1a: Crystal Gem|atk|1
|-boost|p1a: Crystal Gem|spe|1
|
|upkeep
|turn|13
|inactive|pokemonisfun has 10 seconds left.
|
|t:|1657246187
|move|p1a: Crystal Gem|X-Scissor|p2a: Cresselia
|-supereffective|p2a: Cresselia
|-damage|p2a: Cresselia|43/100
|move|p2a: Cresselia|Trick Room|p2a: Cresselia
|-fieldstart|move: Trick Room|[of] p2a: Cresselia
|
|upkeep
|turn|14
|
|t:|1657246191
|move|p2a: Cresselia|Lunar Dance|p2a: Cresselia
|faint|p2a: Cresselia
|move|p1a: Crystal Gem|Dragon Dance|p1a: Crystal Gem
|-boost|p1a: Crystal Gem|atk|1
|-boost|p1a: Crystal Gem|spe|1
|
|upkeep
|
|t:|1657246193
|switch|p2a: Marowak|Marowak-Alola, F|51/100
|-heal|p2a: Marowak|100/100|[from] move: Lunar Dance
|-damage|p2a: Marowak|76/100|[from] Stealth Rock
|turn|15
|inactive|pokemonisfun has 10 seconds left.
|
|t:|1657246199
|move|p2a: Marowak|Flare Blitz|p1a: Crystal Gem
|-damage|p1a: Crystal Gem|0 fnt
|faint|p1a: Crystal Gem
|
|upkeep
|
|t:|1657246201
|switch|p1a: Bloodlust|Scizor, M|88/100
|-damage|p1a: Bloodlust|76/100|[from] Stealth Rock
|turn|16
|
|t:|1657246203
|move|p1a: Bloodlust|Bullet Punch|p2a: Marowak
|-resisted|p2a: Marowak
|-damage|p2a: Marowak|56/100
|-damage|p1a: Bloodlust|66/100|[from] item: Life Orb
|move|p2a: Marowak|Flare Blitz|p1a: Bloodlust
|-supereffective|p1a: Bloodlust
|-damage|p1a: Bloodlust|0 fnt
|faint|p1a: Bloodlust
|
|win|Zephyyyr
|n|☆pokemonisfun|pokemonisfun
|n|☆Zephyyyr|zephyyyr
|n| xX✿lUwUl✿Xx|xxluwulxx
|n| suloxiv ✿|suloxiv
|n|+Krook❤King|krookking
