|j|☆Meow Tse Tung
|j|☆naviii 1
|t:|1597896895
|player|p1|Meow Tse Tung|preschooler|1724
|player|p2|naviii 1|brendan-gen3rs|1658
|teamsize|p1|6
|teamsize|p2|6
|gametype|singles
|gen|8
|tier|[Gen 8] UU
|rated|
|html|<div class="broadcast-blue"><strong>UU is currently suspecting Jirachi! For information on how to participate check out the <a href="https://www.smogon.com/forums/threads/3668911/">suspect thread</a>.</strong></div>
|clearpoke
|poke|p1|Jirachi|
|poke|p1|Slowking, F|
|poke|p1|Druddigon, F|
|poke|p1|Incineroar, F|
|poke|p1|Weezing-Galar, F|
|poke|p1|Gastrodon, M|
|poke|p2|Jirachi|
|poke|p2|Hatterene, F|
|poke|p2|Tentacruel, F|
|poke|p2|Cobalion|
|poke|p2|Rotom-Mow|
|poke|p2|Mimikyu, M|
|rule|Sleep Clause Mod: Limit one foe put to sleep
|rule|Species Clause: Limit one of each Pokémon
|rule|OHKO Clause: OHKO moves are banned
|rule|Evasion Moves Clause: Evasion moves are banned
|rule|Endless Battle Clause: Forcing endless battles is banned
|rule|HP Percentage Mod: HP is shown in percentages
|rule|Dynamax Clause: You cannot dynamax
|teampreview
|inactive|Battle timer is ON: inactive players will automatically lose when time's up. (requested by naviii 1)
|inactive|Meow Tse Tung has 120 seconds left.
|inactive|naviii 1 has 120 seconds left.
|inactive|Meow Tse Tung has 90 seconds left.
|inactive|naviii 1 has 90 seconds left.
|j| Rav3ndan
|
|t:|1597896977
|start
|switch|p1a: Slowking|Slowking, F|100/100
|switch|p2a: Mow em down|Rotom-Mow|100/100
|turn|1
|j| YonkoSupremo
|
|t:|1597896997
|move|p2a: Mow em down|Volt Switch|p1a: Slowking
|-supereffective|p1a: Slowking
|-damage|p1a: Slowking|52/100
|
|t:|1597897012
|switch|p2a: Squidward|Tentacruel, F|100/100|[from]move: Volt Switch
|move|p1a: Slowking|Teleport|p1a: Slowking
|l| YonkoSupremo
|
|t:|1597897024
|switch|p1a: Druddigon|Druddigon, F|100/100|[from]move: Teleport
|
|upkeep
|turn|2
|
|t:|1597897033
|switch|p2a: Mow em down|Rotom-Mow|100/100
|move|p1a: Druddigon|Earthquake|p2a: Mow em down
|-immune|p2a: Mow em down|[from] ability: Levitate
|
|upkeep
|turn|3
|
|t:|1597897045
|switch|p1a: Gastrodon|Gastrodon, M|100/100
|move|p2a: Mow em down|Volt Switch|p1a: Gastrodon
|-immune|p1a: Gastrodon
|
|upkeep
|turn|4
|j| YonkoSupremo
|
|t:|1597897053
|switch|p2a: No Cap|Hatterene, F|100/100
|move|p1a: Gastrodon|Earthquake|p2a: No Cap
|-damage|p2a: No Cap|73/100
|
|-heal|p2a: No Cap|79/100|[from] item: Leftovers
|upkeep
|turn|5
|l| YonkoSupremo
|c|☆Meow Tse Tung|but
|c|☆Meow Tse Tung|it does have a cap
|c|☆Meow Tse Tung|it has a hat
|c|☆Meow Tse Tung|:l
|c|☆naviii 1|true
|inactive|naviii 1 has 120 seconds left.
|
|t:|1597897085
|switch|p2a: Mow em down|Rotom-Mow|100/100
|move|p1a: Gastrodon|Scald|p2a: Mow em down
|-resisted|p2a: Mow em down
|-damage|p2a: Mow em down|84/100
|-status|p2a: Mow em down|brn
|
|-damage|p2a: Mow em down|78/100 brn|[from] brn
|upkeep
|turn|6
|
|t:|1597897099
|switch|p1a: Jirachi|Jirachi|100/100
|move|p2a: Mow em down|Trick|p1a: Jirachi
|-activate|p2a: Mow em down|move: Trick|[of] p1a: Jirachi
|-item|p1a: Jirachi|Choice Scarf|[from] move: Trick
|-item|p2a: Mow em down|Leftovers|[from] move: Trick
|
|-heal|p2a: Mow em down|84/100 brn|[from] item: Leftovers
|-damage|p2a: Mow em down|78/100 brn|[from] brn
|upkeep
|turn|7
|j| zapni
|
|t:|1597897107
|move|p1a: Jirachi|U-turn|p2a: Mow em down
|-supereffective|p2a: Mow em down
|-damage|p2a: Mow em down|37/100 brn
|inactive|Meow Tse Tung has 120 seconds left.
|
|t:|1597897124
|switch|p1a: Druddigon|Druddigon, F|100/100|[from]move: U-turn
|move|p2a: Mow em down|Volt Switch|p1a: Druddigon
|-resisted|p1a: Druddigon
|-damage|p1a: Druddigon|85/100
|inactive|naviii 1 has 120 seconds left.
|
|t:|1597897165
|switch|p2a: flinchflinchflinch|Jirachi|100/100|[from]move: Volt Switch
|
|upkeep
|turn|8
|
|t:|1597897177
|move|p2a: flinchflinchflinch|Substitute|p2a: flinchflinchflinch
|-start|p2a: flinchflinchflinch|Substitute
|-damage|p2a: flinchflinchflinch|75/100
|move|p1a: Druddigon|Earthquake|p2a: flinchflinchflinch
|-supereffective|p2a: flinchflinchflinch
|-end|p2a: flinchflinchflinch|Substitute
|
|-heal|p2a: flinchflinchflinch|82/100|[from] item: Leftovers
|upkeep
|turn|9
|
|t:|1597897184
|move|p2a: flinchflinchflinch|Toxic|p1a: Druddigon
|-status|p1a: Druddigon|tox
|move|p1a: Druddigon|Earthquake|p2a: flinchflinchflinch
|-supereffective|p2a: flinchflinchflinch
|-damage|p2a: flinchflinchflinch|37/100
|
|-heal|p2a: flinchflinchflinch|43/100|[from] item: Leftovers
|-damage|p1a: Druddigon|79/100 tox|[from] psn
|upkeep
|turn|10
|inactive|naviii 1 has 120 seconds left.
|
|t:|1597897192
|switch|p2a: No Cap|Hatterene, F|79/100
|move|p1a: Druddigon|Earthquake|p2a: No Cap
|-damage|p2a: No Cap|57/100
|
|-heal|p2a: No Cap|63/100|[from] item: Leftovers
|-damage|p1a: Druddigon|67/100 tox|[from] psn
|upkeep
|turn|11
|
|t:|1597897199
|switch|p1a: Slowking|Slowking, F|85/100
|switch|p2a: Mow em down|Rotom-Mow|37/100 brn
|
|-heal|p2a: Mow em down|43/100 brn|[from] item: Leftovers
|-damage|p2a: Mow em down|37/100 brn|[from] brn
|upkeep
|turn|12
|
|t:|1597897209
|switch|p1a: Jirachi|Jirachi|100/100
|move|p2a: Mow em down|Thunderbolt|p1a: Jirachi
|-damage|p1a: Jirachi|67/100
|
|-heal|p2a: Mow em down|43/100 brn|[from] item: Leftovers
|-damage|p2a: Mow em down|37/100 brn|[from] brn
|upkeep
|turn|13
|inactive|naviii 1 has 120 seconds left.
|
|t:|1597897246
|switch|p2a: Squidward|Tentacruel, F|100/100
|move|p1a: Jirachi|U-turn|p2a: Squidward
|-resisted|p2a: Squidward
|-damage|p2a: Squidward|93/100
|
|t:|1597897260
|switch|p1a: Slowking|Slowking, F|100/100|[from]move: U-turn
|
|-heal|p2a: Squidward|99/100|[from] item: Black Sludge
|upkeep
|turn|14
|j| Men͜͡gy ㋛
|inactive|naviii 1 has 90 seconds left.
|c| Men͜͡gy ㋛|kingy thingy
|c|☆Meow Tse Tung|king of things
|inactive|naviii 1 has 60 seconds left.
|
|t:|1597897321
|switch|p2a: No Cap|Hatterene, F|63/100
|move|p1a: Slowking|Psyshock|p2a: No Cap
|-resisted|p2a: No Cap
|-damage|p2a: No Cap|48/100
|
|-heal|p2a: No Cap|54/100|[from] item: Leftovers
|upkeep
|turn|15
|c| Men͜͡gy ㋛|oh I was trying to invent a nickname
|c| Men͜͡gy ㋛|I didn't realize that was the established one
|
|t:|1597897331
|move|p2a: No Cap|Draining Kiss|p1a: Slowking
|-damage|p1a: Slowking|82/100
|-heal|p2a: No Cap|71/100|[from] drain|[of] p1a: Slowking
|move|p1a: Slowking|Scald|p2a: No Cap
|-damage|p2a: No Cap|31/100
|
|-heal|p2a: No Cap|37/100|[from] item: Leftovers
|upkeep
|turn|16
|c| Men͜͡gy ㋛|great minds
|c|☆Meow Tse Tung|:P
|j| tester kk
|c|☆Meow Tse Tung|you have a great one
|inactive|naviii 1 has 60 seconds left.
|
|t:|1597897358
|switch|p2a: Squidward|Tentacruel, F|99/100
|move|p1a: Slowking|Scald|p2a: Squidward
|-resisted|p2a: Squidward
|-damage|p2a: Squidward|83/100
|
|-heal|p2a: Squidward|89/100|[from] item: Black Sludge
|upkeep
|turn|17
|
|t:|1597897364
|switch|p2a: flinchflinchflinch|Jirachi|43/100
|move|p1a: Slowking|Psyshock|p2a: flinchflinchflinch
|-resisted|p2a: flinchflinchflinch
|-damage|p2a: flinchflinchflinch|35/100
|
|-heal|p2a: flinchflinchflinch|41/100|[from] item: Leftovers
|upkeep
|turn|18
|inactive|naviii 1 has 60 seconds left.
|inactive|Meow Tse Tung has 120 seconds left.
|inactive|naviii 1 has 30 seconds left.
|inactive|Meow Tse Tung has 90 seconds left.
|
|t:|1597897436
|switch|p1a: Jirachi|Jirachi|67/100
|move|p2a: flinchflinchflinch|Thunder|p1a: Jirachi|[miss]
|-miss|p2a: flinchflinchflinch|p1a: Jirachi
|
|-heal|p2a: flinchflinchflinch|47/100|[from] item: Leftovers
|upkeep
|turn|19
|c|☆naviii 1|:/
|inactive|naviii 1 has 30 seconds left.
|
|t:|1597897452
|move|p1a: Jirachi|U-turn|p2a: flinchflinchflinch
|-damage|p2a: flinchflinchflinch|33/100
|inactive|naviii 1 has 30 seconds left this turn.
|
|t:|1597897481
|switch|p1a: Druddigon|Druddigon, F|67/100 tox|[from]move: U-turn
|move|p2a: flinchflinchflinch|Toxic|p1a: Druddigon
|-fail|p1a: Druddigon|tox
|
|-heal|p2a: flinchflinchflinch|39/100|[from] item: Leftovers
|-damage|p1a: Druddigon|61/100 tox|[from] psn
|upkeep
|turn|20
|
|t:|1597897492
|switch|p2a: Mow em down|Rotom-Mow|37/100 brn
|switch|p1a: Jirachi|Jirachi|67/100
|
|-heal|p2a: Mow em down|43/100 brn|[from] item: Leftovers
|-damage|p2a: Mow em down|37/100 brn|[from] brn
|upkeep
|turn|21
|
|t:|1597897501
|switch|p2a: Koba Leon|Cobalion|100/100
|move|p1a: Jirachi|U-turn|p2a: Koba Leon
|-resisted|p2a: Koba Leon
|-damage|p2a: Koba Leon|97/100
|
|t:|1597897507
|switch|p1a: Slowking|Slowking, F|100/100|[from]move: U-turn
|
|upkeep
|turn|22
|inactive|Meow Tse Tung has 60 seconds left.
|inactive|Meow Tse Tung has 30 seconds left.
|inactive|Meow Tse Tung has 20 seconds left.
|
|t:|1597897570
|move|p2a: Koba Leon|Stealth Rock|p1a: Slowking
|-sidestart|p1: Meow Tse Tung|move: Stealth Rock
|move|p1a: Slowking|Scald|p2a: Koba Leon
|-damage|p2a: Koba Leon|46/100
|-status|p2a: Koba Leon|brn
|
|-damage|p2a: Koba Leon|40/100 brn|[from] brn
|upkeep
|turn|23
|inactive|Meow Tse Tung has 30 seconds left this turn.
|inactive|naviii 1 has 60 seconds left.
|l| tester kk
|inactive|Meow Tse Tung has 20 seconds left.
|
|t:|1597897583
|move|p2a: Koba Leon|Volt Switch|p1a: Slowking
|-supereffective|p1a: Slowking
|-damage|p1a: Slowking|80/100
|inactive|Meow Tse Tung has 25 seconds left this turn.
|inactive|naviii 1 has 60 seconds left.
|
|t:|1597897590
|switch|p2a: Squidward|Tentacruel, F|89/100|[from]move: Volt Switch
|move|p1a: Slowking|Future Sight|p2a: Squidward
|-start|p1a: Slowking|move: Future Sight
|
|-heal|p2a: Squidward|95/100|[from] item: Black Sludge
|upkeep
|turn|24
|inactive|Meow Tse Tung has 30 seconds left.
|inactive|naviii 1 has 60 seconds left.
|
|t:|1597897605
|move|p2a: Squidward|Knock Off|p1a: Slowking
|-supereffective|p1a: Slowking
|-damage|p1a: Slowking|50/100
|-enditem|p1a: Slowking|Heavy-Duty Boots|[from] move: Knock Off|[of] p2a: Squidward
|move|p1a: Slowking|Psyshock|p2a: Squidward
|-supereffective|p2a: Squidward
|-damage|p2a: Squidward|29/100
|
|-heal|p2a: Squidward|35/100|[from] item: Black Sludge
|upkeep
|turn|25
|inactive|Meow Tse Tung has 30 seconds left.
|
|t:|1597897616
|switch|p2a: Koba Leon|Cobalion|40/100 brn
|move|p1a: Slowking|Teleport|p1a: Slowking
|inactive|Meow Tse Tung has 30 seconds left.
|inactive|Meow Tse Tung has 20 seconds left.
|inactive|Meow Tse Tung has 15 seconds left.
|inactive|Meow Tse Tung has 10 seconds left.
|
|t:|1597897643
|switch|p1a: Jirachi|Jirachi|67/100|[from]move: Teleport
|-damage|p1a: Jirachi|61/100|[from] Stealth Rock
|
|-end|p2a: Koba Leon|move: Future Sight
|-damage|p2a: Koba Leon|0 fnt
|faint|p2a: Koba Leon
|upkeep
|inactive|Meow Tse Tung has 15 seconds left this turn.
|j| keppy ㋛
|l| zapni
|c|☆Meow Tse Tung|oh
|c|☆Meow Tse Tung|timer
|j| tester kk
|
|t:|1597897657
|switch|p2a: flinchflinchflinch|Jirachi|39/100
|turn|26
|inactive|Meow Tse Tung has 25 seconds left this turn.
|inactive|Meow Tse Tung has 20 seconds left.
|
|t:|1597897666
|move|p1a: Jirachi|U-turn|p2a: flinchflinchflinch
|-damage|p2a: flinchflinchflinch|25/100
|inactive|Meow Tse Tung has 25 seconds left this turn.
|inactive|Meow Tse Tung has 20 seconds left.
|
|t:|1597897672
|switch|p1a: Druddigon|Druddigon, F|61/100 tox|[from]move: U-turn
|-damage|p1a: Druddigon|49/100 tox|[from] Stealth Rock
|move|p2a: flinchflinchflinch|Thunder|p1a: Druddigon
|-resisted|p1a: Druddigon
|-damage|p1a: Druddigon|36/100 tox
|
|-heal|p2a: flinchflinchflinch|31/100|[from] item: Leftovers
|-damage|p1a: Druddigon|30/100 tox|[from] psn
|upkeep
|turn|27
|inactive|Meow Tse Tung has 30 seconds left this turn.
|
|t:|1597897687
|switch|p2a: Mow em down|Rotom-Mow|37/100 brn
|move|p1a: Druddigon|Stealth Rock|p2a: Mow em down
|-sidestart|p2: naviii 1|move: Stealth Rock
|
|-heal|p2a: Mow em down|43/100 brn|[from] item: Leftovers
|-damage|p2a: Mow em down|37/100 brn|[from] brn
|-damage|p1a: Druddigon|18/100 tox|[from] psn
|upkeep
|turn|28
|inactive|Meow Tse Tung has 30 seconds left.
|
|t:|1597897697
|move|p2a: Mow em down|Volt Switch|p1a: Druddigon
|-resisted|p1a: Druddigon
|-damage|p1a: Druddigon|2/100 tox
|inactive|Meow Tse Tung has 30 seconds left this turn.
|
|t:|1597897706
|switch|p2a: Squidward|Tentacruel, F|35/100|[from]move: Volt Switch
|-damage|p2a: Squidward|22/100|[from] Stealth Rock
|move|p1a: Druddigon|Dragon Tail|p2a: Squidward
|-damage|p2a: Squidward|0 fnt
|faint|p2a: Squidward
|
|-damage|p1a: Druddigon|0 fnt|[from] psn
|faint|p1a: Druddigon
|upkeep
|inactive|naviii 1 has 90 seconds left.
|inactive|Meow Tse Tung has 30 seconds left.
|inactive|Meow Tse Tung has 20 seconds left.
|
|t:|1597897727
|switch|p2a: flinchflinchflinch|Jirachi|31/100
|switch|p1a: Incineroar|Incineroar, F|100/100
|-damage|p2a: flinchflinchflinch|25/100|[from] Stealth Rock
|-ability|p1a: Incineroar|Intimidate|boost
|-unboost|p2a: flinchflinchflinch|atk|1
|turn|29
|inactive|Meow Tse Tung has 30 seconds left this turn.
|inactive|naviii 1 has 90 seconds left.
|
|t:|1597897735
|move|p2a: flinchflinchflinch|Thunder|p1a: Incineroar
|-damage|p1a: Incineroar|73/100
|-status|p1a: Incineroar|par
|cant|p1a: Incineroar|par
|
|-heal|p2a: flinchflinchflinch|31/100|[from] item: Leftovers
|upkeep
|turn|30
|j| teddiursa talk
|
|t:|1597897742
|move|p2a: flinchflinchflinch|Iron Head|p1a: Incineroar
|-resisted|p1a: Incineroar
|-damage|p1a: Incineroar|62/100 par
|cant|p1a: Incineroar|flinch
|
|-heal|p2a: flinchflinchflinch|37/100|[from] item: Leftovers
|upkeep
|turn|31
|
|t:|1597897748
|move|p2a: flinchflinchflinch|Substitute|p2a: flinchflinchflinch
|-start|p2a: flinchflinchflinch|Substitute
|-damage|p2a: flinchflinchflinch|12/100
|move|p1a: Incineroar|Knock Off|p2a: flinchflinchflinch
|-supereffective|p2a: flinchflinchflinch
|-end|p2a: flinchflinchflinch|Substitute
|
|-heal|p2a: flinchflinchflinch|18/100|[from] item: Leftovers
|upkeep
|turn|32
|
|t:|1597897752
|move|p2a: flinchflinchflinch|Iron Head|p1a: Incineroar
|-resisted|p1a: Incineroar
|-damage|p1a: Incineroar|52/100 par
|cant|p1a: Incineroar|flinch
|
|-heal|p2a: flinchflinchflinch|25/100|[from] item: Leftovers
|upkeep
|turn|33
|
|t:|1597897756
|move|p2a: flinchflinchflinch|Iron Head|p1a: Incineroar
|-resisted|p1a: Incineroar
|-damage|p1a: Incineroar|41/100 par
|move|p1a: Incineroar|Knock Off|p2a: flinchflinchflinch
|-supereffective|p2a: flinchflinchflinch
|-damage|p2a: flinchflinchflinch|0 fnt
|-enditem|p2a: flinchflinchflinch|Leftovers|[from] move: Knock Off|[of] p1a: Incineroar
|faint|p2a: flinchflinchflinch
|
|upkeep
|inactive|naviii 1 has 120 seconds left.
|
|t:|1597897765
|switch|p2a: Lonely|Mimikyu, M|100/100
|-damage|p2a: Lonely|88/100|[from] Stealth Rock
|turn|34
|
|t:|1597897769
|move|p2a: Lonely|Swords Dance|p2a: Lonely
|-boost|p2a: Lonely|atk|2
|cant|p1a: Incineroar|par
|
|upkeep
|turn|35
|inactive|naviii 1 has 120 seconds left.
|inactive|naviii 1 has 90 seconds left.
|
|t:|1597897824
|move|p2a: Lonely|Swords Dance|p2a: Lonely
|-boost|p2a: Lonely|atk|2
|cant|p1a: Incineroar|par
|
|upkeep
|turn|36
|c|☆naviii 1|LOL
|inactive|naviii 1 has 90 seconds left.
|c| Men͜͡gy ㋛|again
|inactive|naviii 1 has 60 seconds left.
|
|t:|1597897894
|switch|p1a: Slowking|Slowking, F|83/100
|-damage|p1a: Slowking|71/100|[from] Stealth Rock
|move|p2a: Lonely|Swords Dance|p2a: Lonely
|-boost|p2a: Lonely|atk|2
|
|upkeep
|turn|37
|
|t:|1597897902
|move|p2a: Lonely|Shadow Claw|p1a: Slowking
|-supereffective|p1a: Slowking
|-damage|p1a: Slowking|0 fnt
|-damage|p2a: Lonely|78/100|[from] item: Life Orb
|faint|p1a: Slowking
|
|upkeep
|
|t:|1597897905
|switch|p1a: Incineroar|Incineroar, F|41/100 par
|-ability|p1a: Incineroar|Intimidate|boost
|-unboost|p2a: Lonely|atk|1
|turn|38
|
|t:|1597897925
|switch|p1a: Weezing|Weezing-Galar, F|100/100
|-damage|p1a: Weezing|88/100|[from] Stealth Rock
|move|p2a: Lonely|Play Rough|p1a: Weezing
|-resisted|p1a: Weezing
|-damage|p1a: Weezing|5/100
|-unboost|p1a: Weezing|atk|1
|-damage|p2a: Lonely|68/100|[from] item: Life Orb
|
|-heal|p1a: Weezing|11/100|[from] item: Black Sludge
|upkeep
|turn|39
|inactive|Meow Tse Tung has 90 seconds left.
|
|t:|1597897938
|switch|p1a: Incineroar|Incineroar, F|41/100 par
|-ability|p1a: Incineroar|Intimidate|boost
|-unboost|p2a: Lonely|atk|1
|move|p2a: Lonely|Shadow Claw|p1a: Incineroar
|-resisted|p1a: Incineroar
|-damage|p1a: Incineroar|0 fnt
|-damage|p2a: Lonely|58/100|[from] item: Life Orb
|faint|p1a: Incineroar
|
|upkeep
|
|t:|1597897940
|switch|p1a: Gastrodon|Gastrodon, M|100/100
|turn|40
|
|t:|1597897965
|move|p2a: Lonely|Play Rough|p1a: Gastrodon
|-damage|p1a: Gastrodon|0 fnt
|-damage|p2a: Lonely|48/100|[from] item: Life Orb
|faint|p1a: Gastrodon
|
|upkeep
|c|☆naviii 1|gg
|
|t:|1597897971
|switch|p1a: Jirachi|Jirachi|61/100
|-damage|p1a: Jirachi|55/100|[from] Stealth Rock
|turn|41
|c|☆naviii 1|LOL
|
|t:|1597897976
|move|p2a: Lonely|Shadow Sneak|p1a: Jirachi
|-supereffective|p1a: Jirachi
|-damage|p1a: Jirachi|0 fnt
|-damage|p2a: Lonely|38/100|[from] item: Life Orb
|faint|p1a: Jirachi
|
|upkeep
|c|☆Meow Tse Tung|gg
|
|t:|1597897980
|switch|p1a: Weezing|Weezing-Galar, F|11/100
|-damage|p1a: Weezing|0 fnt|[from] Stealth Rock
|faint|p1a: Weezing
|
|win|naviii 1
|l|☆Meow Tse Tung
|raw|Meow Tse Tung's rating: 1724 &rarr; <strong>1700</strong><br />(-24 for losing)
|raw|naviii 1's rating: 1658 &rarr; <strong>1682</strong><br />(+24 for winning)
