|raw|<div class="broadcast-blue"><strong>This battle is required to be public due to a player having a name starting with 'uult84z'.</div>
|j|☆Kla0Trixx
|j|☆UULT84z jez'
|t:|1623526509
|gametype|singles
|player|p1|Kla0Trixx|170|1551
|player|p2|UULT84z jez'|lusamine|1621
|teamsize|p1|6
|teamsize|p2|6
|gen|8
|tier|[Gen 8] UU
|rated|
|rule|Sleep Clause Mod: Limit one foe put to sleep
|rule|Species Clause: Limit one of each Pokémon
|rule|OHKO Clause: OHKO moves are banned
|rule|Evasion Moves Clause: Evasion moves are banned
|rule|Endless Battle Clause: Forcing endless battles is banned
|rule|HP Percentage Mod: HP is shown in percentages
|rule|Dynamax Clause: You cannot dynamax
|clearpoke
|poke|p1|Amoonguss, F|
|poke|p1|Rotom-Heat|
|poke|p1|Primarina, M|
|poke|p1|Jirachi|
|poke|p1|Mamoswine, M|
|poke|p1|Obstagoon, M|
|poke|p2|Espeon, F|
|poke|p2|Rotom-Heat|
|poke|p2|Cloyster, M|
|poke|p2|Omastar, M|
|poke|p2|Polteageist|
|poke|p2|Indeedee-F, F|
|teampreview
|inactive|Battle timer is ON: inactive players will automatically lose when time's up. (requested by UULT84z jez')
|inactive|Kla0Trixx also wants the timer to be on.
|
|t:|1623526550
|start
|switch|p1a: Rotom|Rotom-Heat|100/100
|switch|p2a: Indeedee|Indeedee-F, F|100/100
|-fieldstart|move: Psychic Terrain|[from] ability: Psychic Surge|[of] p2a: Indeedee
|turn|1
|
|t:|1623526563
|switch|p1a: Obstagoon|Obstagoon, M|100/100
|move|p2a: Indeedee|Expanding Force|p1a: Obstagoon
|-immune|p1a: Obstagoon
|
|-status|p1a: Obstagoon|brn|[from] item: Flame Orb
|upkeep
|turn|2
|j| Zephyyyr
|
|t:|1623526579
|switch|p2a: Omastar|Omastar, M|100/100
|move|p1a: Obstagoon|Knock Off|p2a: Omastar
|-damage|p2a: Omastar|42/100
|-ability|p2a: Omastar|Weak Armor|boost
|-unboost|p2a: Omastar|def|1
|-boost|p2a: Omastar|spe|2
|-enditem|p2a: Omastar|Focus Sash|[from] move: Knock Off|[of] p1a: Obstagoon
|
|-damage|p1a: Obstagoon|94/100 brn|[from] brn
|upkeep
|turn|3
|
|t:|1623526591
|move|p2a: Omastar|Surf|p1a: Obstagoon
|-damage|p1a: Obstagoon|34/100 brn
|move|p1a: Obstagoon|Close Combat|p2a: Omastar
|-supereffective|p2a: Omastar
|-damage|p2a: Omastar|0 fnt
|-unboost|p1a: Obstagoon|def|1
|-unboost|p1a: Obstagoon|spd|1
|faint|p2a: Omastar
|
|-damage|p1a: Obstagoon|28/100 brn|[from] brn
|upkeep
|
|t:|1623526601
|switch|p2a: Polteageist|Polteageist|100/100
|turn|4
|
|t:|1623526605
|move|p1a: Obstagoon|Knock Off|p2a: Polteageist
|-supereffective|p2a: Polteageist
|-enditem|p2a: Polteageist|Focus Sash
|-damage|p2a: Polteageist|1/100
|-ability|p2a: Polteageist|Weak Armor|boost
|-unboost|p2a: Polteageist|def|1
|-boost|p2a: Polteageist|spe|2
|move|p2a: Polteageist|Shell Smash|p2a: Polteageist
|-unboost|p2a: Polteageist|def|1
|-unboost|p2a: Polteageist|spd|1
|-boost|p2a: Polteageist|atk|2
|-boost|p2a: Polteageist|spa|2
|-boost|p2a: Polteageist|spe|2
|
|-damage|p1a: Obstagoon|22/100 brn|[from] brn
|upkeep
|turn|5
|
|t:|1623526619
|switch|p1a: Amoonguss|Amoonguss, F|100/100
|move|p2a: Polteageist|Giga Drain|p1a: Amoonguss
|-resisted|p1a: Amoonguss
|-damage|p1a: Amoonguss|88/100
|-heal|p2a: Polteageist|12/100|[from] drain|[of] p1a: Amoonguss
|
|-heal|p1a: Amoonguss|94/100|[from] item: Black Sludge
|upkeep
|turn|6
|
|t:|1623526628
|switch|p1a: Obstagoon|Obstagoon, M|22/100 brn
|move|p2a: Polteageist|Stored Power|p1a: Obstagoon
|-immune|p1a: Obstagoon
|
|-damage|p1a: Obstagoon|15/100 brn|[from] brn
|upkeep
|turn|7
|
|t:|1623526636
|switch|p1a: Jirachi|Jirachi|100/100
|move|p2a: Polteageist|Giga Drain|p1a: Jirachi
|-resisted|p1a: Jirachi
|-damage|p1a: Jirachi|81/100
|-heal|p2a: Polteageist|27/100|[from] drain|[of] p1a: Jirachi
|
|-heal|p1a: Jirachi|87/100|[from] item: Leftovers
|upkeep
|turn|8
|
|t:|1623526645
|move|p1a: Jirachi|Protect|p1a: Jirachi
|-singleturn|p1a: Jirachi|Protect
|move|p2a: Polteageist|Shadow Ball|p1a: Jirachi
|-activate|p1a: Jirachi|move: Protect
|
|-heal|p1a: Jirachi|94/100|[from] item: Leftovers
|-fieldend|move: Psychic Terrain
|upkeep
|turn|9
|j| QWILY
|
|t:|1623526655
|switch|p1a: Obstagoon|Obstagoon, M|15/100 brn
|move|p2a: Polteageist|Shadow Ball|p1a: Obstagoon
|-immune|p1a: Obstagoon
|
|-damage|p1a: Obstagoon|9/100 brn|[from] brn
|upkeep
|turn|10
|
|t:|1623526663
|move|p2a: Polteageist|Giga Drain|p1a: Obstagoon
|-damage|p1a: Obstagoon|0 fnt
|-heal|p2a: Polteageist|32/100|[from] drain|[of] p1a: Obstagoon
|faint|p1a: Obstagoon
|
|upkeep
|
|t:|1623526666
|switch|p1a: Jirachi|Jirachi|94/100
|turn|11
|
|t:|1623526682
|switch|p1a: Amoonguss|Amoonguss, F|100/100
|move|p2a: Polteageist|Shadow Ball|p1a: Amoonguss
|-damage|p1a: Amoonguss|17/100
|
|-heal|p1a: Amoonguss|23/100|[from] item: Black Sludge
|upkeep
|turn|12
|
|t:|1623526690
|move|p2a: Polteageist|Shadow Ball|p1a: Amoonguss
|-damage|p1a: Amoonguss|0 fnt
|faint|p1a: Amoonguss
|
|upkeep
|
|t:|1623526692
|switch|p1a: Mamoswine|Mamoswine, M|100/100
|turn|13
|inactive|UULT84z jez' has 120 seconds left.
|
|t:|1623526724
|switch|p2a: Indeedee|Indeedee-F, F|100/100
|-fieldstart|move: Psychic Terrain|[from] ability: Psychic Surge|[of] p2a: Indeedee
|move|p1a: Mamoswine|Ice Shard|p2a: Indeedee
|-activate|p2a: Indeedee|move: Psychic Terrain
|
|upkeep
|turn|14
|
|t:|1623526731
|switch|p1a: Jirachi|Jirachi|94/100
|move|p2a: Indeedee|Mystical Fire|p1a: Jirachi
|-supereffective|p1a: Jirachi
|-damage|p1a: Jirachi|70/100
|-unboost|p1a: Jirachi|spa|1
|
|-heal|p1a: Jirachi|76/100|[from] item: Leftovers
|upkeep
|turn|15
|inactive|UULT84z jez' has 120 seconds left.
|
|t:|1623526758
|switch|p2a: Rotom|Rotom-Heat|100/100
|move|p1a: Jirachi|Iron Head|p2a: Rotom
|-resisted|p2a: Rotom
|-damage|p2a: Rotom|93/100
|
|-heal|p1a: Jirachi|82/100|[from] item: Leftovers
|upkeep
|turn|16
|
|t:|1623526766
|move|p1a: Jirachi|Protect|p1a: Jirachi
|-singleturn|p1a: Jirachi|Protect
|move|p2a: Rotom|Volt Switch|p1a: Jirachi
|-activate|p1a: Jirachi|move: Protect
|
|-heal|p1a: Jirachi|88/100|[from] item: Leftovers
|upkeep
|turn|17
|inactive|UULT84z jez' has 120 seconds left.
|
|t:|1623526773
|move|p2a: Rotom|Overheat|p1a: Jirachi
|-supereffective|p1a: Jirachi
|-damage|p1a: Jirachi|36/100
|-unboost|p2a: Rotom|spa|2
|move|p1a: Jirachi|Stealth Rock|p2a: Rotom
|-sidestart|p2: UULT84z jez'|move: Stealth Rock
|
|-heal|p1a: Jirachi|42/100|[from] item: Leftovers
|upkeep
|turn|18
|
|t:|1623526783
|move|p2a: Rotom|Will-O-Wisp|p1a: Jirachi
|-status|p1a: Jirachi|brn
|move|p1a: Jirachi|Wish|p1a: Jirachi
|
|-heal|p1a: Jirachi|48/100 brn|[from] item: Leftovers
|-damage|p1a: Jirachi|42/100 brn|[from] brn
|upkeep
|turn|19
|inactive|UULT84z jez' has 120 seconds left.
|
|t:|1623526805
|move|p1a: Jirachi|Protect|p1a: Jirachi
|-singleturn|p1a: Jirachi|Protect
|move|p2a: Rotom|Defog|p1a: Jirachi
|-activate|p1a: Jirachi|move: Protect
|
|-heal|p1a: Jirachi|92/100 brn|[from] move: Wish|[wisher] Jirachi
|-heal|p1a: Jirachi|98/100 brn|[from] item: Leftovers
|-damage|p1a: Jirachi|92/100 brn|[from] brn
|upkeep
|turn|20
|inactive|UULT84z jez' has 120 seconds left.
|
|t:|1623526815
|switch|p1a: Rotom|Rotom-Heat|100/100
|move|p2a: Rotom|Defog|p1a: Rotom
|-unboost|p1a: Rotom|evasion|1
|-sideend|p2: UULT84z jez'|Stealth Rock|[from] move: Defog|[of] p2a: Rotom
|-fieldend|move: Psychic Terrain
|
|upkeep
|turn|21
|
|t:|1623526823
|move|p2a: Rotom|Volt Switch|p1a: Rotom
|-resisted|p1a: Rotom
|-damage|p1a: Rotom|94/100
|
|t:|1623526827
|switch|p2a: Indeedee|Indeedee-F, F|100/100|[from]move: Volt Switch
|-fieldstart|move: Psychic Terrain|[from] ability: Psychic Surge|[of] p2a: Indeedee
|move|p1a: Rotom|Volt Switch|p2a: Indeedee
|-crit|p2a: Indeedee
|-damage|p2a: Indeedee|52/100
|
|t:|1623526832
|switch|p1a: Jirachi|Jirachi|92/100 brn|[from]move: Volt Switch
|
|-heal|p1a: Jirachi|98/100 brn|[from] item: Leftovers
|-damage|p1a: Jirachi|92/100 brn|[from] brn
|upkeep
|turn|22
|
|t:|1623526840
|move|p2a: Indeedee|Healing Wish|p2a: Indeedee
|faint|p2a: Indeedee
|move|p1a: Jirachi|Wish|p1a: Jirachi
|
|-heal|p1a: Jirachi|98/100 brn|[from] item: Leftovers
|-damage|p1a: Jirachi|92/100 brn|[from] brn
|upkeep
|
|t:|1623526846
|switch|p2a: Polteageist|Polteageist|32/100
|-heal|p2a: Polteageist|100/100|[from] move: Healing Wish
|turn|23
|
|t:|1623526860
|switch|p1a: Rotom|Rotom-Heat|94/100
|move|p2a: Polteageist|Shell Smash|p2a: Polteageist
|-unboost|p2a: Polteageist|def|1
|-unboost|p2a: Polteageist|spd|1
|-boost|p2a: Polteageist|atk|2
|-boost|p2a: Polteageist|spa|2
|-boost|p2a: Polteageist|spe|2
|
|-heal|p1a: Rotom|100/100|[from] move: Wish|[wisher] Jirachi
|upkeep
|turn|24
|c| Zephyyyr|Mdrrrr azy c est trop drole je veux l export
|
|t:|1623526880
|move|p2a: Polteageist|Stored Power|p1a: Rotom
|-damage|p1a: Rotom|0 fnt
|faint|p1a: Rotom
|
|upkeep
|
|t:|1623526883
|switch|p1a: Jirachi|Jirachi|92/100 brn
|turn|25
|
|t:|1623526887
|move|p1a: Jirachi|Protect|p1a: Jirachi
|-singleturn|p1a: Jirachi|Protect
|move|p2a: Polteageist|Shadow Ball|p1a: Jirachi
|-activate|p1a: Jirachi|move: Protect
|
|-heal|p1a: Jirachi|98/100 brn|[from] item: Leftovers
|-damage|p1a: Jirachi|92/100 brn|[from] brn
|upkeep
|turn|26
|
|t:|1623526907
|move|p1a: Jirachi|Protect||[still]
|-fail|p1a: Jirachi
|move|p2a: Polteageist|Shadow Ball|p1a: Jirachi
|-supereffective|p1a: Jirachi
|-damage|p1a: Jirachi|0 fnt
|faint|p1a: Jirachi
|
|upkeep
|-message|Kla0Trixx forfeited.
|
|win|UULT84z jez'
|raw|Kla0Trixx's rating: 1551 &rarr; <strong>1535</strong><br />(-16 for losing)
|raw|UULT84z jez&apos;'s rating: 1621 &rarr; <strong>1637</strong><br />(+16 for winning)
|l|☆Kla0Trixx
|l|☆UULT84z jez'
|l| Zephyyyr
|j| maki
|l| maki
|l| QWILY
|j| fushunha
|j| Kahida
