|html|<div class="broadcast-blue"><strong>[Gen 8] UU is currently suspecting Scizor! For information on how to participate check out the <a href="https://www.smogon.com/forums/threads/ss-uu-stage-12-2-spider-dance.3704866/">suspect thread</a>.</strong></div>
|j|☆UU12S Megahorn
|j|☆5 pia to the top
|t:|1659230203
|gametype|singles
|player|p1|UU12S Megahorn|lance|1044
|player|p2|5 pia to the top|#uutrio2ladder|1105
|teamsize|p1|6
|teamsize|p2|5
|gen|8
|tier|[Gen 8] UU
|rated|
|rule|Sleep Clause Mod: Limit one foe put to sleep
|rule|Species Clause: Limit one of each Pokémon
|rule|OHKO Clause: OHKO moves are banned
|rule|Evasion Moves Clause: Evasion moves are banned
|rule|Endless Battle Clause: Forcing endless battles is banned
|rule|HP Percentage Mod: HP is shown in percentages
|rule|Dynamax Clause: You cannot dynamax
|clearpoke
|poke|p1|Scizor, F|
|poke|p1|Hippowdon, F|
|poke|p1|Celesteela|
|poke|p1|Diggersby, M|
|poke|p1|Keldeo-Resolute|
|poke|p1|Heracross, F|
|poke|p2|Articuno|
|poke|p2|Umbreon, M|
|poke|p2|Quagsire, M|
|poke|p2|Skarmory, M|
|poke|p2|Nihilego|
|teampreview
|
|t:|1659230227
|start
|switch|p1a: Keldeo|Keldeo-Resolute|100/100
|switch|p2a: muddy buddy|Quagsire, M|100/100
|turn|1
|
|t:|1659230231
|move|p1a: Keldeo|Hydro Pump|p2a: muddy buddy
|-damage|p2a: muddy buddy|28/100
|move|p2a: muddy buddy|Toxic|p1a: Keldeo
|-status|p1a: Keldeo|tox
|
|-heal|p2a: muddy buddy|34/100|[from] item: Leftovers
|-damage|p1a: Keldeo|94/100 tox|[from] psn
|upkeep
|turn|2
|
|t:|1659230238
|switch|p2a: freezey vreezey|Articuno|100/100
|-ability|p2a: freezey vreezey|Pressure
|move|p1a: Keldeo|Hydro Pump|p2a: freezey vreezey
|-damage|p2a: freezey vreezey|54/100
|
|-damage|p1a: Keldeo|82/100 tox|[from] psn
|upkeep
|turn|3
|
|t:|1659230248
|switch|p1a: Scizor|Scizor, F|100/100
|move|p2a: freezey vreezey|Roost|p2a: freezey vreezey
|-heal|p2a: freezey vreezey|100/100
|-singleturn|p2a: freezey vreezey|move: Roost
|
|upkeep
|turn|4
|
|t:|1659230255
|switch|p2a: sturdy birdy|Skarmory, M|100/100
|move|p1a: Scizor|Swords Dance|p1a: Scizor
|-boost|p1a: Scizor|atk|2
|
|upkeep
|turn|5
|
|t:|1659230274
|move|p2a: sturdy birdy|Iron Defense|p2a: sturdy birdy
|-boost|p2a: sturdy birdy|def|2
|move|p1a: Scizor|Knock Off|p2a: sturdy birdy
|-damage|p2a: sturdy birdy|82/100
|-damage|p1a: Scizor|84/100|[from] item: Rocky Helmet|[of] p2a: sturdy birdy
|-enditem|p2a: sturdy birdy|Rocky Helmet|[from] move: Knock Off|[of] p1a: Scizor
|
|upkeep
|turn|6
|
|t:|1659230304
|move|p2a: sturdy birdy|Body Press|p1a: Scizor
|-damage|p1a: Scizor|35/100
|-damage|p2a: sturdy birdy|65/100|[from] item: Rocky Helmet|[of] p1a: Scizor
|move|p1a: Scizor|Swords Dance|p1a: Scizor
|-boost|p1a: Scizor|atk|2
|
|upkeep
|turn|7
|
|t:|1659230310
|move|p1a: Scizor|Bullet Punch|p2a: sturdy birdy
|-resisted|p2a: sturdy birdy
|-damage|p2a: sturdy birdy|53/100
|move|p2a: sturdy birdy|Body Press|p1a: Scizor
|-damage|p1a: Scizor|0 fnt
|-damage|p2a: sturdy birdy|36/100|[from] item: Rocky Helmet|[of] p1a: Scizor
|faint|p1a: Scizor
|
|upkeep
|
|t:|1659230314
|switch|p1a: Keldeo|Keldeo-Resolute|82/100 tox
|turn|8
|
|t:|1659230318
|switch|p2a: freezey vreezey|Articuno|100/100
|-ability|p2a: freezey vreezey|Pressure
|move|p1a: Keldeo|Hydro Pump|p2a: freezey vreezey
|-damage|p2a: freezey vreezey|52/100
|
|-damage|p1a: Keldeo|76/100 tox|[from] psn
|upkeep
|turn|9
|
|t:|1659230326
|switch|p1a: Celesteela|Celesteela|100/100
|move|p2a: freezey vreezey|Roost|p2a: freezey vreezey
|-heal|p2a: freezey vreezey|100/100
|-singleturn|p2a: freezey vreezey|move: Roost
|
|upkeep
|turn|10
|
|t:|1659230330
|switch|p2a: umby wumby|Umbreon, M|100/100
|move|p1a: Celesteela|Leech Seed|p2a: umby wumby
|-start|p2a: umby wumby|move: Leech Seed
|
|-damage|p2a: umby wumby|88/100|[from] Leech Seed|[of] p1a: Celesteela
|upkeep
|turn|11
|
|t:|1659230333
|move|p1a: Celesteela|Protect|p1a: Celesteela
|-singleturn|p1a: Celesteela|Protect
|move|p2a: umby wumby|Wish|p2a: umby wumby
|
|-heal|p2a: umby wumby|94/100|[from] item: Leftovers
|-damage|p2a: umby wumby|82/100|[from] Leech Seed|[of] p1a: Celesteela
|upkeep
|turn|12
|
|t:|1659230336
|switch|p2a: muddy buddy|Quagsire, M|34/100
|move|p1a: Celesteela|Heavy Slam|p2a: muddy buddy
|-resisted|p2a: muddy buddy
|-damage|p2a: muddy buddy|13/100
|
|-heal|p2a: muddy buddy|63/100|[from] move: Wish|[wisher] umby wumby
|-heal|p2a: muddy buddy|70/100|[from] item: Leftovers
|upkeep
|turn|13
|j|+udongirl
|
|t:|1659230342
|move|p1a: Celesteela|Leech Seed|p2a: muddy buddy
|-start|p2a: muddy buddy|move: Leech Seed
|move|p2a: muddy buddy|Recover|p2a: muddy buddy
|-heal|p2a: muddy buddy|100/100
|
|-damage|p2a: muddy buddy|88/100|[from] Leech Seed|[of] p1a: Celesteela
|upkeep
|turn|14
|
|t:|1659230347
|switch|p2a: umby wumby|Umbreon, M|82/100
|move|p1a: Celesteela|Flamethrower|p2a: umby wumby
|-damage|p2a: umby wumby|66/100
|
|-heal|p2a: umby wumby|73/100|[from] item: Leftovers
|upkeep
|turn|15
|
|t:|1659230365
|move|p2a: umby wumby|Wish|p2a: umby wumby
|move|p1a: Celesteela|Leech Seed|p2a: umby wumby
|-start|p2a: umby wumby|move: Leech Seed
|
|-heal|p2a: umby wumby|79/100|[from] item: Leftovers
|-damage|p2a: umby wumby|66/100|[from] Leech Seed|[of] p1a: Celesteela
|upkeep
|turn|16
|
|t:|1659230372
|move|p2a: umby wumby|Foul Play|p1a: Celesteela
|-damage|p1a: Celesteela|71/100
|move|p1a: Celesteela|Heavy Slam|p2a: umby wumby
|-damage|p2a: umby wumby|43/100
|
|-heal|p2a: umby wumby|93/100|[from] move: Wish|[wisher] umby wumby
|-heal|p2a: umby wumby|99/100|[from] item: Leftovers
|-heal|p1a: Celesteela|77/100|[from] item: Leftovers
|-damage|p2a: umby wumby|87/100|[from] Leech Seed|[of] p1a: Celesteela
|-heal|p1a: Celesteela|89/100|[silent]
|upkeep
|turn|17
|j|+Mengy ㋛
|
|t:|1659230379
|switch|p2a: muddy buddy|Quagsire, M|88/100
|move|p1a: Celesteela|Protect||[still]
|-fail|p1a: Celesteela
|
|-heal|p1a: Celesteela|95/100|[from] item: Leftovers
|-heal|p2a: muddy buddy|94/100|[from] item: Leftovers
|upkeep
|turn|18
|c|+Mengy ㋛|goooooo pif
|
|t:|1659230383
|move|p1a: Celesteela|Leech Seed|p2a: muddy buddy
|-start|p2a: muddy buddy|move: Leech Seed
|move|p2a: muddy buddy|Scald|p1a: Celesteela
|-damage|p1a: Celesteela|84/100
|
|-heal|p1a: Celesteela|90/100|[from] item: Leftovers
|-heal|p2a: muddy buddy|99/100|[from] item: Leftovers
|-damage|p2a: muddy buddy|88/100|[from] Leech Seed|[of] p1a: Celesteela
|-heal|p1a: Celesteela|100/100|[silent]
|upkeep
|turn|19
|
|t:|1659230411
|switch|p2a: umby wumby|Umbreon, M|87/100
|move|p1a: Celesteela|Flamethrower|p2a: umby wumby
|-damage|p2a: umby wumby|72/100
|
|-heal|p2a: umby wumby|78/100|[from] item: Leftovers
|upkeep
|turn|20
|
|t:|1659230417
|move|p2a: umby wumby|Protect|p2a: umby wumby
|-singleturn|p2a: umby wumby|Protect
|move|p1a: Celesteela|Leech Seed|p2a: umby wumby
|-activate|p2a: umby wumby|move: Protect
|
|-heal|p2a: umby wumby|84/100|[from] item: Leftovers
|upkeep
|turn|21
|j| Shelley_Swampert
|
|t:|1659230421
|move|p2a: umby wumby|Wish|p2a: umby wumby
|move|p1a: Celesteela|Heavy Slam|p2a: umby wumby
|-damage|p2a: umby wumby|58/100
|
|-heal|p2a: umby wumby|64/100|[from] item: Leftovers
|upkeep
|turn|22
|
|t:|1659230430
|move|p2a: umby wumby|Protect|p2a: umby wumby
|-singleturn|p2a: umby wumby|Protect
|move|p1a: Celesteela|Heavy Slam|p2a: umby wumby
|-activate|p2a: umby wumby|move: Protect
|
|-heal|p2a: umby wumby|100/100|[from] move: Wish|[wisher] umby wumby
|upkeep
|turn|23
|j| NoahDeKnight
|
|t:|1659230434
|move|p2a: umby wumby|Wish|p2a: umby wumby
|move|p1a: Celesteela|Leech Seed|p2a: umby wumby
|-start|p2a: umby wumby|move: Leech Seed
|
|-damage|p2a: umby wumby|88/100|[from] Leech Seed|[of] p1a: Celesteela
|upkeep
|turn|24
|c|☆UU12S Megahorn|did i do something
|c|☆5 pia to the top|u played pokemon
|c|☆5 pia to the top|gl with reqs
|c|☆UU12S Megahorn|thx
|
|t:|1659230475
|switch|p2a: muddy buddy|Quagsire, M|88/100
|move|p1a: Celesteela|Heavy Slam|p2a: muddy buddy
|-resisted|p2a: muddy buddy
|-damage|p2a: muddy buddy|69/100
|
|-heal|p2a: muddy buddy|100/100|[from] move: Wish|[wisher] umby wumby
|upkeep
|turn|25
|
|t:|1659230487
|switch|p2a: umby wumby|Umbreon, M|88/100
|move|p1a: Celesteela|Leech Seed|p2a: umby wumby
|-start|p2a: umby wumby|move: Leech Seed
|
|-heal|p2a: umby wumby|94/100|[from] item: Leftovers
|-damage|p2a: umby wumby|82/100|[from] Leech Seed|[of] p1a: Celesteela
|upkeep
|turn|26
|l| NoahDeKnight
|
|t:|1659230495
|switch|p1a: Diggersby|Diggersby, M|100/100
|move|p2a: umby wumby|Wish|p2a: umby wumby
|
|-heal|p2a: umby wumby|88/100|[from] item: Leftovers
|-damage|p2a: umby wumby|75/100|[from] Leech Seed|[of] p1a: Diggersby
|upkeep
|turn|27
|c|+Mengy ㋛|which way are you going to vote
|c|☆UU12S Megahorn|dnb
|c|☆UU12S Megahorn|its good
|c|☆UU12S Megahorn|just not banworthy
|
|t:|1659230513
|switch|p2a: sturdy birdy|Skarmory, M|36/100
|move|p1a: Diggersby|Earthquake|p2a: sturdy birdy
|-immune|p2a: sturdy birdy
|
|-heal|p2a: sturdy birdy|98/100|[from] move: Wish|[wisher] umby wumby
|upkeep
|turn|28
|
|t:|1659230523
|switch|p1a: Celesteela|Celesteela|100/100
|move|p2a: sturdy birdy|Body Press|p1a: Celesteela
|-damage|p1a: Celesteela|75/100
|
|-heal|p1a: Celesteela|81/100|[from] item: Leftovers
|upkeep
|turn|29
|
|t:|1659230530
|switch|p2a: muddy buddy|Quagsire, M|100/100
|move|p1a: Celesteela|Flamethrower|p2a: muddy buddy
|-resisted|p2a: muddy buddy
|-damage|p2a: muddy buddy|92/100
|
|-heal|p1a: Celesteela|87/100|[from] item: Leftovers
|-heal|p2a: muddy buddy|98/100|[from] item: Leftovers
|upkeep
|turn|30
|
|t:|1659230534
|move|p1a: Celesteela|Leech Seed|p2a: muddy buddy
|-start|p2a: muddy buddy|move: Leech Seed
|move|p2a: muddy buddy|Scald|p1a: Celesteela
|-damage|p1a: Celesteela|76/100
|-status|p1a: Celesteela|brn
|
|-heal|p1a: Celesteela|82/100 brn|[from] item: Leftovers
|-heal|p2a: muddy buddy|100/100|[from] item: Leftovers
|-damage|p2a: muddy buddy|88/100|[from] Leech Seed|[of] p1a: Celesteela
|-heal|p1a: Celesteela|94/100 brn|[silent]
|-damage|p1a: Celesteela|88/100 brn|[from] brn
|upkeep
|turn|31
|
|t:|1659230540
|switch|p2a: umby wumby|Umbreon, M|75/100
|move|p1a: Celesteela|Protect||[still]
|-fail|p1a: Celesteela
|
|-heal|p2a: umby wumby|81/100|[from] item: Leftovers
|-heal|p1a: Celesteela|94/100 brn|[from] item: Leftovers
|-damage|p1a: Celesteela|88/100 brn|[from] brn
|upkeep
|turn|32
|
|t:|1659230547
|move|p2a: umby wumby|Protect|p2a: umby wumby
|-singleturn|p2a: umby wumby|Protect
|move|p1a: Celesteela|Heavy Slam|p2a: umby wumby
|-activate|p2a: umby wumby|move: Protect
|
|-heal|p2a: umby wumby|88/100|[from] item: Leftovers
|-heal|p1a: Celesteela|94/100 brn|[from] item: Leftovers
|-damage|p1a: Celesteela|88/100 brn|[from] brn
|upkeep
|turn|33
|
|t:|1659230551
|move|p2a: umby wumby|Foul Play|p1a: Celesteela
|-damage|p1a: Celesteela|61/100 brn
|move|p1a: Celesteela|Flamethrower|p2a: umby wumby
|-damage|p2a: umby wumby|71/100
|
|-heal|p2a: umby wumby|77/100|[from] item: Leftovers
|-heal|p1a: Celesteela|67/100 brn|[from] item: Leftovers
|-damage|p1a: Celesteela|61/100 brn|[from] brn
|upkeep
|turn|34
|
|t:|1659230554
|move|p2a: umby wumby|Protect|p2a: umby wumby
|-singleturn|p2a: umby wumby|Protect
|move|p1a: Celesteela|Flamethrower|p2a: umby wumby
|-activate|p2a: umby wumby|move: Protect
|
|-heal|p2a: umby wumby|83/100|[from] item: Leftovers
|-heal|p1a: Celesteela|67/100 brn|[from] item: Leftovers
|-damage|p1a: Celesteela|61/100 brn|[from] brn
|upkeep
|turn|35
|
|t:|1659230559
|move|p1a: Celesteela|Protect|p1a: Celesteela
|-singleturn|p1a: Celesteela|Protect
|move|p2a: umby wumby|Foul Play|p1a: Celesteela
|-activate|p1a: Celesteela|move: Protect
|
|-heal|p2a: umby wumby|89/100|[from] item: Leftovers
|-heal|p1a: Celesteela|67/100 brn|[from] item: Leftovers
|-damage|p1a: Celesteela|61/100 brn|[from] brn
|upkeep
|turn|36
|j| LT91BB udon
|
|t:|1659230562
|switch|p1a: Heracross|Heracross, F|100/100
|move|p2a: umby wumby|Protect||[still]
|-fail|p2a: umby wumby
|
|-heal|p2a: umby wumby|95/100|[from] item: Leftovers
|upkeep
|turn|37
|
|t:|1659230568
|move|p2a: umby wumby|Protect|p2a: umby wumby
|-singleturn|p2a: umby wumby|Protect
|move|p1a: Heracross|Knock Off|p2a: umby wumby
|-activate|p2a: umby wumby|move: Protect
|
|-heal|p2a: umby wumby|100/100|[from] item: Leftovers
|upkeep
|turn|38
|
|t:|1659230573
|switch|p1a: Celesteela|Celesteela|61/100 brn
|move|p2a: umby wumby|Foul Play|p1a: Celesteela
|-damage|p1a: Celesteela|34/100 brn
|
|-heal|p1a: Celesteela|40/100 brn|[from] item: Leftovers
|-damage|p1a: Celesteela|34/100 brn|[from] brn
|upkeep
|turn|39
|
|t:|1659230578
|move|p2a: umby wumby|Foul Play|p1a: Celesteela
|-damage|p1a: Celesteela|7/100 brn
|move|p1a: Celesteela|Leech Seed|p2a: umby wumby
|-start|p2a: umby wumby|move: Leech Seed
|
|-heal|p1a: Celesteela|13/100 brn|[from] item: Leftovers
|-damage|p2a: umby wumby|88/100|[from] Leech Seed|[of] p1a: Celesteela
|-heal|p1a: Celesteela|25/100 brn|[silent]
|-damage|p1a: Celesteela|19/100 brn|[from] brn
|upkeep
|turn|40
|
|t:|1659230582
|switch|p2a: muddy buddy|Quagsire, M|88/100
|move|p1a: Celesteela|Protect||[still]
|-fail|p1a: Celesteela
|
|-heal|p1a: Celesteela|25/100 brn|[from] item: Leftovers
|-heal|p2a: muddy buddy|94/100|[from] item: Leftovers
|-damage|p1a: Celesteela|19/100 brn|[from] brn
|upkeep
|turn|41
|
|t:|1659230585
|move|p1a: Celesteela|Heavy Slam|p2a: muddy buddy
|-resisted|p2a: muddy buddy
|-damage|p2a: muddy buddy|85/100
|move|p2a: muddy buddy|Scald|p1a: Celesteela
|-damage|p1a: Celesteela|8/100 brn
|
|-heal|p1a: Celesteela|14/100 brn|[from] item: Leftovers
|-heal|p2a: muddy buddy|91/100|[from] item: Leftovers
|-damage|p1a: Celesteela|8/100 brn|[from] brn
|upkeep
|turn|42
|
|t:|1659230588
|move|p1a: Celesteela|Leech Seed|p2a: muddy buddy
|-start|p2a: muddy buddy|move: Leech Seed
|move|p2a: muddy buddy|Scald|p1a: Celesteela
|-damage|p1a: Celesteela|0 fnt
|faint|p1a: Celesteela
|
|-heal|p2a: muddy buddy|97/100|[from] item: Leftovers
|upkeep
|
|t:|1659230596
|switch|p1a: Keldeo|Keldeo-Resolute|76/100 tox
|turn|43
|
|t:|1659230606
|move|p1a: Keldeo|Hydro Pump|p2a: muddy buddy|[miss]
|-miss|p1a: Keldeo|p2a: muddy buddy
|move|p2a: muddy buddy|Recover|p2a: muddy buddy
|-heal|p2a: muddy buddy|100/100
|
|-damage|p2a: muddy buddy|88/100|[from] Leech Seed|[of] p1a: Keldeo
|-heal|p1a: Keldeo|91/100 tox|[silent]
|-damage|p1a: Keldeo|85/100 tox|[from] psn
|upkeep
|turn|44
|
|t:|1659230616
|switch|p2a: freezey vreezey|Articuno|100/100
|-ability|p2a: freezey vreezey|Pressure
|move|p1a: Keldeo|Hydro Pump|p2a: freezey vreezey
|-damage|p2a: freezey vreezey|51/100
|
|-damage|p1a: Keldeo|72/100 tox|[from] psn
|upkeep
|turn|45
|
|t:|1659230622
|switch|p1a: Diggersby|Diggersby, M|100/100
|move|p2a: freezey vreezey|Roost|p2a: freezey vreezey
|-heal|p2a: freezey vreezey|100/100
|-singleturn|p2a: freezey vreezey|move: Roost
|
|upkeep
|turn|46
|
|t:|1659230625
|switch|p2a: sturdy birdy|Skarmory, M|98/100
|move|p1a: Diggersby|Swords Dance|p1a: Diggersby
|-boost|p1a: Diggersby|atk|2
|
|upkeep
|turn|47
|
|t:|1659230629
|move|p1a: Diggersby|Fire Punch|p2a: sturdy birdy
|-supereffective|p2a: sturdy birdy
|-damage|p2a: sturdy birdy|0 fnt
|faint|p2a: sturdy birdy
|-damage|p1a: Diggersby|91/100|[from] item: Life Orb
|
|upkeep
|
|t:|1659230681
|switch|p2a: muddy buddy|Quagsire, M|88/100
|turn|48
|
|t:|1659230685
|move|p1a: Diggersby|Earthquake|p2a: muddy buddy
|-damage|p2a: muddy buddy|6/100
|-damage|p1a: Diggersby|81/100|[from] item: Life Orb
|move|p2a: muddy buddy|Scald|p1a: Diggersby
|-supereffective|p1a: Diggersby
|-damage|p1a: Diggersby|30/100
|
|-heal|p2a: muddy buddy|12/100|[from] item: Leftovers
|upkeep
|turn|49
|
|t:|1659230695
|move|p1a: Diggersby|Quick Attack|p2a: muddy buddy
|-damage|p2a: muddy buddy|0 fnt
|faint|p2a: muddy buddy
|-damage|p1a: Diggersby|20/100|[from] item: Life Orb
|
|upkeep
|
|t:|1659230698
|switch|p2a: stingy thingy|Nihilego|100/100
|turn|50
|
|t:|1659230704
|move|p2a: stingy thingy|Sludge Bomb|p1a: Diggersby
|-resisted|p1a: Diggersby
|-damage|p1a: Diggersby|0 fnt
|faint|p1a: Diggersby
|-ability|p2a: stingy thingy|Beast Boost|boost
|-boost|p2a: stingy thingy|spa|1
|
|upkeep
|
|t:|1659230712
|switch|p1a: Keldeo|Keldeo-Resolute|72/100 tox
|turn|51
|
|t:|1659230724
|move|p1a: Keldeo|Secret Sword|p2a: stingy thingy
|-damage|p2a: stingy thingy|0 fnt
|faint|p2a: stingy thingy
|
|-damage|p1a: Keldeo|66/100 tox|[from] psn
|upkeep
|
|t:|1659230729
|switch|p2a: freezey vreezey|Articuno|100/100
|-ability|p2a: freezey vreezey|Pressure
|turn|52
|
|t:|1659230765
|switch|p1a: Hippowdon|Hippowdon, F|100/100
|-weather|Sandstorm|[from] ability: Sand Stream|[of] p1a: Hippowdon
|move|p2a: freezey vreezey|Roost||[still]
|-fail|p2a: freezey vreezey|heal
|
|-weather|Sandstorm|[upkeep]
|-damage|p2a: freezey vreezey|94/100|[from] Sandstorm
|upkeep
|turn|53
|
|t:|1659230774
|switch|p2a: umby wumby|Umbreon, M|88/100
|move|p1a: Hippowdon|Toxic|p2a: umby wumby
|-status|p2a: umby wumby|tox
|-activate|p2a: umby wumby|ability: Synchronize
|-status|p1a: Hippowdon|tox
|
|-weather|Sandstorm|[upkeep]
|-damage|p2a: umby wumby|82/100 tox|[from] Sandstorm
|-heal|p2a: umby wumby|88/100 tox|[from] item: Leftovers
|-damage|p2a: umby wumby|82/100 tox|[from] psn
|-damage|p1a: Hippowdon|94/100 tox|[from] psn
|upkeep
|turn|54
|
|t:|1659230779
|switch|p1a: Heracross|Heracross, F|100/100
|move|p2a: umby wumby|Heal Bell|p2a: umby wumby
|-activate|p2a: umby wumby|move: Heal Bell
|-curestatus|p2a: umby wumby|tox|[msg]
|
|-weather|Sandstorm|[upkeep]
|-damage|p1a: Heracross|95/100|[from] Sandstorm
|-damage|p2a: umby wumby|76/100|[from] Sandstorm
|-heal|p2a: umby wumby|82/100|[from] item: Leftovers
|upkeep
|turn|55
|
|t:|1659230785
|move|p2a: umby wumby|Protect|p2a: umby wumby
|-singleturn|p2a: umby wumby|Protect
|move|p1a: Heracross|Megahorn|p2a: umby wumby
|-activate|p2a: umby wumby|move: Protect
|
|-weather|Sandstorm|[upkeep]
|-damage|p1a: Heracross|89/100|[from] Sandstorm
|-damage|p2a: umby wumby|76/100|[from] Sandstorm
|-heal|p2a: umby wumby|82/100|[from] item: Leftovers
|upkeep
|turn|56
|
|t:|1659230789
|switch|p2a: freezey vreezey|Articuno|94/100
|-ability|p2a: freezey vreezey|Pressure
|move|p1a: Heracross|Megahorn|p2a: freezey vreezey
|-resisted|p2a: freezey vreezey
|-damage|p2a: freezey vreezey|67/100
|
|-weather|none
|upkeep
|turn|57
|
|t:|1659230794
|switch|p1a: Hippowdon|Hippowdon, F|94/100 tox
|-weather|Sandstorm|[from] ability: Sand Stream|[of] p1a: Hippowdon
|move|p2a: freezey vreezey|Roost|p2a: freezey vreezey
|-heal|p2a: freezey vreezey|100/100
|-singleturn|p2a: freezey vreezey|move: Roost
|
|-weather|Sandstorm|[upkeep]
|-damage|p2a: freezey vreezey|94/100|[from] Sandstorm
|-heal|p1a: Hippowdon|100/100 tox|[from] item: Leftovers
|-damage|p1a: Hippowdon|94/100 tox|[from] psn
|upkeep
|turn|58
|
|t:|1659230811
|switch|p2a: umby wumby|Umbreon, M|82/100
|move|p1a: Hippowdon|Toxic|p2a: umby wumby
|-status|p2a: umby wumby|tox
|-activate|p2a: umby wumby|ability: Synchronize
|-fail|p1a: Hippowdon|tox
|
|-weather|Sandstorm|[upkeep]
|-damage|p2a: umby wumby|76/100 tox|[from] Sandstorm
|-heal|p2a: umby wumby|82/100 tox|[from] item: Leftovers
|-heal|p1a: Hippowdon|100/100 tox|[from] item: Leftovers
|-damage|p2a: umby wumby|76/100 tox|[from] psn
|-damage|p1a: Hippowdon|88/100 tox|[from] psn
|upkeep
|turn|59
|c|+Mengy ㋛|hi udongirl
|
|t:|1659230821
|switch|p1a: Heracross|Heracross, F|89/100
|move|p2a: umby wumby|Heal Bell|p2a: umby wumby
|-activate|p2a: umby wumby|move: Heal Bell
|-curestatus|p2a: umby wumby|tox|[msg]
|
|-weather|Sandstorm|[upkeep]
|-damage|p1a: Heracross|83/100|[from] Sandstorm
|-damage|p2a: umby wumby|70/100|[from] Sandstorm
|-heal|p2a: umby wumby|76/100|[from] item: Leftovers
|upkeep
|turn|60
|c|+Mengy ㋛|I was looking through old replays and found one of you playing gen 6 uu
|c|+Mengy ㋛|I didn't know you were such an old player
|
|t:|1659230853
|move|p2a: umby wumby|Protect|p2a: umby wumby
|-singleturn|p2a: umby wumby|Protect
|move|p1a: Heracross|Stone Edge|p2a: umby wumby
|-activate|p2a: umby wumby|move: Protect
|
|-weather|Sandstorm|[upkeep]
|-damage|p1a: Heracross|77/100|[from] Sandstorm
|-damage|p2a: umby wumby|70/100|[from] Sandstorm
|-heal|p2a: umby wumby|76/100|[from] item: Leftovers
|upkeep
|turn|61
|
|t:|1659230863
|move|p1a: Heracross|Stone Edge|p2a: umby wumby
|-damage|p2a: umby wumby|52/100
|move|p2a: umby wumby|Foul Play|p1a: Heracross
|-resisted|p1a: Heracross
|-damage|p1a: Heracross|40/100
|
|-weather|none
|-heal|p2a: umby wumby|58/100|[from] item: Leftovers
|upkeep
|turn|62
|
|t:|1659230868
|switch|p1a: Keldeo|Keldeo-Resolute|66/100 tox
|move|p2a: umby wumby|Wish|p2a: umby wumby
|
|-heal|p2a: umby wumby|64/100|[from] item: Leftovers
|-damage|p1a: Keldeo|60/100 tox|[from] psn
|upkeep
|turn|63
|j|+Shiba
|
|t:|1659230910
|move|p2a: umby wumby|Protect|p2a: umby wumby
|-singleturn|p2a: umby wumby|Protect
|move|p1a: Keldeo|Secret Sword|p2a: umby wumby
|-activate|p2a: umby wumby|move: Protect
|
|-heal|p2a: umby wumby|100/100|[from] move: Wish|[wisher] umby wumby
|-damage|p1a: Keldeo|48/100 tox|[from] psn
|upkeep
|turn|64
|c|☆UU12S Megahorn|where are people coming from
|
|t:|1659230951
|switch|p1a: Heracross|Heracross, F|40/100
|move|p2a: umby wumby|Wish|p2a: umby wumby
|
|upkeep
|turn|65
|c|☆5 pia to the top|i generally stream these things and get people to watch this content here
|c|☆5 pia to the top|uu focused discord on my smogon https://www.smogon.com/forums/members/pokemonisfun.56643/
|c|☆UU12S Megahorn|ah makes sense
|c|☆5 pia to the top|feel free to join - would love to hear what you think about scizor!!!
|
|t:|1659230992
|move|p1a: Heracross|Close Combat|p2a: umby wumby
|-supereffective|p2a: umby wumby
|-damage|p2a: umby wumby|21/100
|-unboost|p1a: Heracross|def|1
|-unboost|p1a: Heracross|spd|1
|move|p2a: umby wumby|Foul Play|p1a: Heracross
|-resisted|p1a: Heracross
|-damage|p1a: Heracross|0 fnt
|faint|p1a: Heracross
|
|-heal|p2a: umby wumby|71/100|[from] move: Wish|[wisher] umby wumby
|-heal|p2a: umby wumby|77/100|[from] item: Leftovers
|upkeep
|
|t:|1659230999
|switch|p1a: Keldeo|Keldeo-Resolute|48/100 tox
|turn|66
|
|t:|1659231003
|move|p2a: umby wumby|Protect|p2a: umby wumby
|-singleturn|p2a: umby wumby|Protect
|move|p1a: Keldeo|Secret Sword|p2a: umby wumby
|-activate|p2a: umby wumby|move: Protect
|
|-heal|p2a: umby wumby|83/100|[from] item: Leftovers
|-damage|p1a: Keldeo|41/100 tox|[from] psn
|upkeep
|turn|67
|j| Queen of Bean
|
|t:|1659231044
|move|p2a: umby wumby|Protect||[still]
|-fail|p2a: umby wumby
|move|p1a: Keldeo|Secret Sword|p2a: umby wumby
|-supereffective|p2a: umby wumby
|-damage|p2a: umby wumby|5/100
|
|-heal|p2a: umby wumby|11/100|[from] item: Leftovers
|-damage|p1a: Keldeo|29/100 tox|[from] psn
|upkeep
|turn|68
|j| NoahDeKnight
|
|t:|1659231057
|move|p1a: Keldeo|Secret Sword|p2a: umby wumby
|-supereffective|p2a: umby wumby
|-damage|p2a: umby wumby|0 fnt
|faint|p2a: umby wumby
|
|-damage|p1a: Keldeo|10/100 tox|[from] psn
|upkeep
|
|t:|1659231059
|switch|p2a: freezey vreezey|Articuno|94/100
|-ability|p2a: freezey vreezey|Pressure
|turn|69
|l| NoahDeKnight
|l|+Shiba
|
|t:|1659231068
|move|p1a: Keldeo|Secret Sword|p2a: freezey vreezey
|-damage|p2a: freezey vreezey|34/100
|move|p2a: freezey vreezey|Roost|p2a: freezey vreezey
|-heal|p2a: freezey vreezey|84/100
|-singleturn|p2a: freezey vreezey|move: Roost
|
|-damage|p1a: Keldeo|0 fnt|[from] psn
|faint|p1a: Keldeo
|upkeep
|
|t:|1659231072
|switch|p1a: Hippowdon|Hippowdon, F|88/100 tox
|-weather|Sandstorm|[from] ability: Sand Stream|[of] p1a: Hippowdon
|turn|70
|c|☆UU12S Megahorn|gg
|
|t:|1659231075
|move|p2a: freezey vreezey|Freeze-Dry|p1a: Hippowdon
|-supereffective|p1a: Hippowdon
|-damage|p1a: Hippowdon|52/100 tox
|move|p1a: Hippowdon|Toxic|p2a: freezey vreezey
|-status|p2a: freezey vreezey|tox
|
|-weather|Sandstorm|[upkeep]
|-damage|p2a: freezey vreezey|78/100 tox|[from] Sandstorm
|-heal|p1a: Hippowdon|58/100 tox|[from] item: Leftovers
|-damage|p2a: freezey vreezey|72/100 tox|[from] psn
|-damage|p1a: Hippowdon|52/100 tox|[from] psn
|upkeep
|turn|71
|
|t:|1659231079
|move|p2a: freezey vreezey|Freeze-Dry|p1a: Hippowdon
|-supereffective|p1a: Hippowdon
|-damage|p1a: Hippowdon|12/100 tox
|move|p1a: Hippowdon|Slack Off|p1a: Hippowdon
|-heal|p1a: Hippowdon|62/100 tox
|
|-weather|Sandstorm|[upkeep]
|-damage|p2a: freezey vreezey|66/100 tox|[from] Sandstorm
|-heal|p1a: Hippowdon|68/100 tox|[from] item: Leftovers
|-damage|p2a: freezey vreezey|54/100 tox|[from] psn
|-damage|p1a: Hippowdon|56/100 tox|[from] psn
|upkeep
|turn|72
|
|t:|1659231086
|move|p2a: freezey vreezey|Freeze-Dry|p1a: Hippowdon
|-supereffective|p1a: Hippowdon
|-damage|p1a: Hippowdon|20/100 tox
|move|p1a: Hippowdon|Slack Off|p1a: Hippowdon
|-heal|p1a: Hippowdon|70/100 tox
|
|-weather|Sandstorm|[upkeep]
|-damage|p2a: freezey vreezey|48/100 tox|[from] Sandstorm
|-heal|p1a: Hippowdon|76/100 tox|[from] item: Leftovers
|-damage|p2a: freezey vreezey|30/100 tox|[from] psn
|-damage|p1a: Hippowdon|58/100 tox|[from] psn
|upkeep
|turn|73
|
|t:|1659231091
|move|p2a: freezey vreezey|Roost|p2a: freezey vreezey
|-heal|p2a: freezey vreezey|80/100 tox
|-singleturn|p2a: freezey vreezey|move: Roost
|move|p1a: Hippowdon|Slack Off|p1a: Hippowdon
|-heal|p1a: Hippowdon|100/100 tox
|
|-weather|Sandstorm|[upkeep]
|-damage|p2a: freezey vreezey|74/100 tox|[from] Sandstorm
|-damage|p2a: freezey vreezey|50/100 tox|[from] psn
|-damage|p1a: Hippowdon|76/100 tox|[from] psn
|upkeep
|turn|74
|c|☆UU12S Megahorn|i think i lose
|
|t:|1659231112
|move|p2a: freezey vreezey|Roost|p2a: freezey vreezey
|-heal|p2a: freezey vreezey|100/100 tox
|-singleturn|p2a: freezey vreezey|move: Roost
|move|p1a: Hippowdon|Slack Off|p1a: Hippowdon
|-heal|p1a: Hippowdon|100/100 tox
|
|-weather|none
|-damage|p2a: freezey vreezey|70/100 tox|[from] psn
|-damage|p1a: Hippowdon|70/100 tox|[from] psn
|upkeep
|turn|75
|
|t:|1659231120
|move|p2a: freezey vreezey|Freeze-Dry|p1a: Hippowdon
|-supereffective|p1a: Hippowdon
|-damage|p1a: Hippowdon|33/100 tox
|move|p1a: Hippowdon|Slack Off|p1a: Hippowdon
|-heal|p1a: Hippowdon|83/100 tox
|
|-heal|p1a: Hippowdon|90/100 tox|[from] item: Leftovers
|-damage|p2a: freezey vreezey|34/100 tox|[from] psn
|-damage|p1a: Hippowdon|52/100 tox|[from] psn
|upkeep
|turn|76
|
|t:|1659231129
|move|p2a: freezey vreezey|Roost|p2a: freezey vreezey
|-heal|p2a: freezey vreezey|85/100 tox
|-singleturn|p2a: freezey vreezey|move: Roost
|move|p1a: Hippowdon|Slack Off|p1a: Hippowdon
|-heal|p1a: Hippowdon|100/100 tox
|
|-damage|p2a: freezey vreezey|43/100 tox|[from] psn
|-damage|p1a: Hippowdon|57/100 tox|[from] psn
|upkeep
|turn|77
|
|t:|1659231139
|move|p2a: freezey vreezey|Roost|p2a: freezey vreezey
|-heal|p2a: freezey vreezey|93/100 tox
|-singleturn|p2a: freezey vreezey|move: Roost
|move|p1a: Hippowdon|Slack Off|p1a: Hippowdon
|-heal|p1a: Hippowdon|100/100 tox
|
|-damage|p2a: freezey vreezey|45/100 tox|[from] psn
|-damage|p1a: Hippowdon|51/100 tox|[from] psn
|upkeep
|turn|78
|c| Shelley_Swampert|Recoverers with terminal illnesses
|
|t:|1659231149
|move|p2a: freezey vreezey|Roost|p2a: freezey vreezey
|-heal|p2a: freezey vreezey|95/100 tox
|-singleturn|p2a: freezey vreezey|move: Roost
|move|p1a: Hippowdon|Slack Off|p1a: Hippowdon
|-heal|p1a: Hippowdon|100/100 tox
|
|-damage|p2a: freezey vreezey|41/100 tox|[from] psn
|-damage|p1a: Hippowdon|45/100 tox|[from] psn
|upkeep
|turn|79
|
|t:|1659231160
|move|p2a: freezey vreezey|Roost|p2a: freezey vreezey
|-heal|p2a: freezey vreezey|91/100 tox
|-singleturn|p2a: freezey vreezey|move: Roost
|move|p1a: Hippowdon|Slack Off|p1a: Hippowdon
|-heal|p1a: Hippowdon|95/100 tox
|
|-heal|p1a: Hippowdon|100/100 tox|[from] item: Leftovers
|-damage|p2a: freezey vreezey|31/100 tox|[from] psn
|-damage|p1a: Hippowdon|39/100 tox|[from] psn
|upkeep
|turn|80
|c|☆UU12S Megahorn|yeah i lose
|
|t:|1659231167
|move|p2a: freezey vreezey|Roost|p2a: freezey vreezey
|-heal|p2a: freezey vreezey|81/100 tox
|-singleturn|p2a: freezey vreezey|move: Roost
|move|p1a: Hippowdon|Slack Off|p1a: Hippowdon
|-heal|p1a: Hippowdon|89/100 tox
|
|-heal|p1a: Hippowdon|95/100 tox|[from] item: Leftovers
|-damage|p2a: freezey vreezey|15/100 tox|[from] psn
|-damage|p1a: Hippowdon|27/100 tox|[from] psn
|upkeep
|turn|81
|
|t:|1659231173
|move|p2a: freezey vreezey|Freeze-Dry|p1a: Hippowdon
|-supereffective|p1a: Hippowdon
|-damage|p1a: Hippowdon|0 fnt
|faint|p1a: Hippowdon
|
|win|5 pia to the top
|raw|UU12S Megahorn's rating: 1044 &rarr; <strong>1030</strong><br />(-14 for losing)
|raw|5 pia to the top's rating: 1105 &rarr; <strong>1126</strong><br />(+21 for winning)
|c|+Mengy ㋛|if you eq'd on the right turn you could have won
|c|☆UU12S Megahorn|eq which pokemon
|l| Shelley_Swampert
|c|☆5 pia to the top|on the roost
|c|+Mengy ㋛|the roost
|c|☆5 pia to the top|like turn 80
||Ladder isn't responding, score probably updated but might not have (Request timeout).
|c|+Mengy ㋛|it wasn't a force win
|c|+Mengy ㋛|it was a 50/50
|c|+Mengy ㋛|bc if you freeze dry it's a loss
|c|☆UU12S Megahorn|im probably making a new alt now
|l|+udongirl
|n| UU12S MegaRecover|uu12smegahorn
|l| UU12S MegaRecover
