|j|☆cherry heart ♥
|j|☆pokemonisfun
|t:|1641093556
|gametype|singles
|player|p1|cherry heart ♥|lady-gen4|1654
|player|p2|pokemonisfun|#uutrio2ladder|1714
|teamsize|p1|6
|teamsize|p2|6
|gen|8
|tier|[Gen 8] UU
|rated|
|rule|Sleep Clause Mod: Limit one foe put to sleep
|rule|Species Clause: Limit one of each Pokémon
|rule|OHKO Clause: OHKO moves are banned
|rule|Evasion Moves Clause: Evasion moves are banned
|rule|Endless Battle Clause: Forcing endless battles is banned
|rule|HP Percentage Mod: HP is shown in percentages
|rule|Dynamax Clause: You cannot dynamax
|clearpoke
|poke|p1|Mamoswine, F|
|poke|p1|Zarude-Dada|
|poke|p1|Thundurus-Therian, M|
|poke|p1|Cobalion|
|poke|p1|Tentacruel, F|
|poke|p1|Moltres|
|poke|p2|Metagross|
|poke|p2|Moltres-Galar|
|poke|p2|Sylveon, F|
|poke|p2|Thundurus-Therian, M|
|poke|p2|Nihilego|
|poke|p2|Tapu Bulu|
|teampreview
|inactive|Battle timer is ON: inactive players will automatically lose when time's up. (requested by cherry heart ♥)
|c|☆cherry heart ♥|hf
|j| Arxtric
|c|☆pokemonisfun|hf
|inactive|cherry heart ♥ has 120 seconds left.
|inactive|pokemonisfun has 120 seconds left.
|j| Ho-Oh amazing
|j| ASKOV
|j| Y1theking100
|l| Ho-Oh amazing
|l| Arxtric
|inactive|cherry heart ♥ has 90 seconds left.
|
|t:|1641093625
|start
|switch|p1a: Moltres|Moltres|100/100
|switch|p2a: howdy mr cloudy|Thundurus-Therian, M|100/100
|turn|1
|
|t:|1641093640
|switch|p1a: Zarude|Zarude-Dada|100/100
|move|p2a: howdy mr cloudy|Knock Off|p1a: Zarude
|-resisted|p1a: Zarude
|-damage|p1a: Zarude|90/100
|-enditem|p1a: Zarude|Choice Scarf|[from] move: Knock Off|[of] p2a: howdy mr cloudy
|
|upkeep
|turn|2
|j| ChandosH
|inactive|cherry heart ♥ has 120 seconds left.
|l| ASKOV
|inactive|pokemonisfun has 120 seconds left.
|
|t:|1641093676
|move|p1a: Zarude|U-turn|p2a: howdy mr cloudy
|-resisted|p2a: howdy mr cloudy
|-damage|p2a: howdy mr cloudy|82/100
|j| TWFK
|
|t:|1641093685
|switch|p1a: Thundurus|Thundurus-Therian, M|100/100|[from]move: U-turn
|move|p2a: howdy mr cloudy|Focus Blast|p1a: Thundurus
|-resisted|p1a: Thundurus
|-damage|p1a: Thundurus|71/100
|
|upkeep
|turn|3
|l| Y1theking100
|
|t:|1641093696
|switch|p2a: Tapu Bulu|Tapu Bulu|100/100
|-fieldstart|move: Grassy Terrain|[from] ability: Grassy Surge|[of] p2a: Tapu Bulu
|move|p1a: Thundurus|Knock Off|p2a: Tapu Bulu
|-resisted|p2a: Tapu Bulu
|-crit|p2a: Tapu Bulu
|-damage|p2a: Tapu Bulu|88/100
|-enditem|p2a: Tapu Bulu|Heavy-Duty Boots|[from] move: Knock Off|[of] p1a: Thundurus
|
|-heal|p2a: Tapu Bulu|94/100|[from] Grassy Terrain
|upkeep
|turn|4
|
|t:|1641093704
|switch|p1a: Cobalion|Cobalion|100/100
|move|p2a: Tapu Bulu|Horn Leech|p1a: Cobalion
|-resisted|p1a: Cobalion
|-damage|p1a: Cobalion|79/100
|-heal|p2a: Tapu Bulu|100/100|[from] drain|[of] p1a: Cobalion
|
|-heal|p1a: Cobalion|85/100|[from] Grassy Terrain
|upkeep
|turn|5
|
|t:|1641093718
|switch|p2a: metal with mettle|Metagross|100/100
|move|p1a: Cobalion|Stealth Rock|p2a: metal with mettle
|-sidestart|p2: pokemonisfun|move: Stealth Rock
|
|-heal|p1a: Cobalion|91/100|[from] Grassy Terrain
|upkeep
|turn|6
|
|t:|1641093726
|switch|p1a: Moltres|Moltres|100/100
|move|p2a: metal with mettle|Cosmic Power|p2a: metal with mettle
|-boost|p2a: metal with mettle|def|1
|-boost|p2a: metal with mettle|spd|1
|
|upkeep
|turn|7
|
|t:|1641093731
|switch|p2a: nihleggo my eggo|Nihilego|100/100
|-damage|p2a: nihleggo my eggo|88/100|[from] Stealth Rock
|move|p1a: Moltres|Flamethrower|p2a: nihleggo my eggo
|-resisted|p2a: nihleggo my eggo
|-damage|p2a: nihleggo my eggo|70/100
|
|-heal|p2a: nihleggo my eggo|77/100|[from] Grassy Terrain
|-heal|p2a: nihleggo my eggo|83/100|[from] item: Black Sludge
|-fieldend|move: Grassy Terrain
|upkeep
|turn|8
|j| Monky25
|
|t:|1641093736
|switch|p1a: Cobalion|Cobalion|91/100
|move|p2a: nihleggo my eggo|Stealth Rock|p1a: Cobalion
|-sidestart|p1: cherry heart ♥|move: Stealth Rock
|
|-heal|p2a: nihleggo my eggo|89/100|[from] item: Black Sludge
|upkeep
|turn|9
|
|t:|1641093742
|switch|p2a: metal with mettle|Metagross|100/100
|-damage|p2a: metal with mettle|94/100|[from] Stealth Rock
|move|p1a: Cobalion|Close Combat|p2a: metal with mettle
|-damage|p2a: metal with mettle|65/100
|-unboost|p1a: Cobalion|def|1
|-unboost|p1a: Cobalion|spd|1
|
|upkeep
|turn|10
|j| Arxtric
|l| Arxtric
|
|t:|1641093771
|switch|p2a: howdy mr cloudy|Thundurus-Therian, M|82/100
|move|p1a: Cobalion|Stone Edge|p2a: howdy mr cloudy
|-supereffective|p2a: howdy mr cloudy
|-damage|p2a: howdy mr cloudy|0 fnt
|faint|p2a: howdy mr cloudy
|
|upkeep
|c|☆pokemonisfun|....
|c|☆pokemonisfun|how
|
|t:|1641093788
|switch|p2a: singy thingy|Sylveon, F|100/100
|-damage|p2a: singy thingy|88/100|[from] Stealth Rock
|turn|11
|c|☆cherry heart ♥|nice predict lmao
|c|☆pokemonisfun|im shook bro
|c| ChandosH|lol
|l| Monky25
|c|☆pokemonisfun|are my keys logged
|inactive|pokemonisfun has 120 seconds left.
|c|☆pokemonisfun|you cant use rock moves on the steel type
|
|t:|1641093818
|switch|p1a: Tentacruel|Tentacruel, F|100/100
|-damage|p1a: Tentacruel|88/100|[from] Stealth Rock
|move|p2a: singy thingy|Wish|p2a: singy thingy
|
|-heal|p1a: Tentacruel|94/100|[from] item: Black Sludge
|-heal|p2a: singy thingy|94/100|[from] item: Leftovers
|upkeep
|turn|12
|c|☆cherry heart ♥|lmaoo
|inactive|pokemonisfun has 120 seconds left.
|c|☆cherry heart ♥|was a strange play yeah
|c|☆pokemonisfun|it was
|c|☆pokemonisfun|v good
|c|☆pokemonisfun|excellent
|c|☆pokemonisfun|although im kind of fucked
|
|t:|1641093847
|switch|p2a: quirky turkey|Moltres-Galar|100/100
|move|p1a: Tentacruel|Rapid Spin|p2a: quirky turkey
|-damage|p2a: quirky turkey|93/100
|-boost|p1a: Tentacruel|spe|1
|-sideend|p1: cherry heart ♥|Stealth Rock|[from] move: Rapid Spin|[of] p1a: Tentacruel
|
|-heal|p2a: quirky turkey|100/100|[from] move: Wish|[wisher] singy thingy
|-heal|p1a: Tentacruel|99/100|[from] item: Black Sludge
|upkeep
|turn|13
|c|☆pokemonisfun|dont quirk the turk
|
|t:|1641093870
|move|p1a: Tentacruel|Knock Off|p2a: quirky turkey
|-resisted|p2a: quirky turkey
|-damage|p2a: quirky turkey|93/100
|-enditem|p2a: quirky turkey|Heavy-Duty Boots|[from] move: Knock Off|[of] p1a: Tentacruel
|move|p2a: quirky turkey|Nasty Plot|p2a: quirky turkey
|-boost|p2a: quirky turkey|spa|2
|
|-heal|p1a: Tentacruel|100/100|[from] item: Black Sludge
|upkeep
|turn|14
|inactive|cherry heart ♥ has 120 seconds left.
|
|t:|1641093894
|switch|p1a: Cobalion|Cobalion|91/100
|move|p2a: quirky turkey|Fiery Wrath|p1a: Cobalion
|-resisted|p1a: Cobalion
|-damage|p1a: Cobalion|31/100
|-ability|p1a: Cobalion|Justified|boost
|-boost|p1a: Cobalion|atk|1
|
|upkeep
|turn|15
|
|t:|1641093901
|switch|p2a: Tapu Bulu|Tapu Bulu|100/100
|-damage|p2a: Tapu Bulu|88/100|[from] Stealth Rock
|-fieldstart|move: Grassy Terrain|[from] ability: Grassy Surge|[of] p2a: Tapu Bulu
|move|p1a: Cobalion|Stone Edge|p2a: Tapu Bulu
|-damage|p2a: Tapu Bulu|56/100
|
|-heal|p1a: Cobalion|37/100|[from] Grassy Terrain
|-heal|p2a: Tapu Bulu|62/100|[from] Grassy Terrain
|upkeep
|turn|16
|j| ccfbgfxcgfgdfgdfg
|inactive|pokemonisfun has 120 seconds left.
|j| supersecrettesting
|
|t:|1641093914
|switch|p1a: Moltres|Moltres|100/100
|move|p2a: Tapu Bulu|Synthesis|p2a: Tapu Bulu
|-heal|p2a: Tapu Bulu|100/100
|
|upkeep
|turn|17
|
|t:|1641093921
|move|p1a: Moltres|U-turn|p2a: Tapu Bulu
|-damage|p2a: Tapu Bulu|89/100
|
|t:|1641093924
|switch|p1a: Cobalion|Cobalion|37/100|[from]move: U-turn
|move|p2a: Tapu Bulu|Horn Leech|p1a: Cobalion
|-resisted|p1a: Cobalion
|-crit|p1a: Cobalion
|-damage|p1a: Cobalion|8/100
|-heal|p2a: Tapu Bulu|100/100|[from] drain|[of] p1a: Cobalion
|
|-heal|p1a: Cobalion|14/100|[from] Grassy Terrain
|upkeep
|turn|18
|
|t:|1641093937
|switch|p2a: nihleggo my eggo|Nihilego|89/100
|-damage|p2a: nihleggo my eggo|77/100|[from] Stealth Rock
|move|p1a: Cobalion|Stone Edge|p2a: nihleggo my eggo
|-damage|p2a: nihleggo my eggo|26/100
|
|-heal|p1a: Cobalion|20/100|[from] Grassy Terrain
|-heal|p2a: nihleggo my eggo|32/100|[from] Grassy Terrain
|-heal|p2a: nihleggo my eggo|38/100|[from] item: Black Sludge
|upkeep
|turn|19
|l| supersecrettesting
|
|t:|1641093948
|switch|p2a: Tapu Bulu|Tapu Bulu|100/100
|-damage|p2a: Tapu Bulu|88/100|[from] Stealth Rock
|move|p1a: Cobalion|Close Combat|p2a: Tapu Bulu
|-resisted|p2a: Tapu Bulu
|-damage|p2a: Tapu Bulu|67/100
|-unboost|p1a: Cobalion|def|1
|-unboost|p1a: Cobalion|spd|1
|
|-heal|p1a: Cobalion|26/100|[from] Grassy Terrain
|-heal|p2a: Tapu Bulu|73/100|[from] Grassy Terrain
|-fieldend|move: Grassy Terrain
|upkeep
|turn|20
|
|t:|1641093952
|switch|p1a: Moltres|Moltres|100/100
|switch|p2a: nihleggo my eggo|Nihilego|38/100
|-damage|p2a: nihleggo my eggo|26/100|[from] Stealth Rock
|
|-heal|p2a: nihleggo my eggo|32/100|[from] item: Black Sludge
|upkeep
|turn|21
|
|t:|1641093960
|switch|p1a: Tentacruel|Tentacruel, F|100/100
|move|p2a: nihleggo my eggo|Stealth Rock|p1a: Tentacruel
|-sidestart|p1: cherry heart ♥|move: Stealth Rock
|
|-heal|p2a: nihleggo my eggo|38/100|[from] item: Black Sludge
|upkeep
|turn|22
|
|t:|1641093965
|move|p2a: nihleggo my eggo|Knock Off|p1a: Tentacruel
|-damage|p1a: Tentacruel|86/100
|-enditem|p1a: Tentacruel|Black Sludge|[from] move: Knock Off|[of] p2a: nihleggo my eggo
|move|p1a: Tentacruel|Rapid Spin|p2a: nihleggo my eggo
|-resisted|p2a: nihleggo my eggo
|-damage|p2a: nihleggo my eggo|31/100
|-boost|p1a: Tentacruel|spe|1
|-sideend|p1: cherry heart ♥|Stealth Rock|[from] move: Rapid Spin|[of] p1a: Tentacruel
|
|-heal|p2a: nihleggo my eggo|38/100|[from] item: Black Sludge
|upkeep
|turn|23
|
|t:|1641093969
|switch|p2a: quirky turkey|Moltres-Galar|93/100
|-damage|p2a: quirky turkey|68/100|[from] Stealth Rock
|move|p1a: Tentacruel|Scald|p2a: quirky turkey
|-crit|p2a: quirky turkey
|-damage|p2a: quirky turkey|42/100
|-status|p2a: quirky turkey|brn
|-ability|p2a: quirky turkey|Berserk|boost
|-boost|p2a: quirky turkey|spa|1
|
|-damage|p2a: quirky turkey|36/100 brn|[from] brn
|upkeep
|turn|24
|
|t:|1641093982
|switch|p1a: Cobalion|Cobalion|26/100
|move|p2a: quirky turkey|Rest|p2a: quirky turkey
|-status|p2a: quirky turkey|slp|[from] move: Rest
|-heal|p2a: quirky turkey|100/100 slp|[silent]
|
|upkeep
|turn|25
|
|t:|1641093994
|switch|p1a: Moltres|Moltres|100/100
|switch|p2a: Tapu Bulu|Tapu Bulu|73/100
|-damage|p2a: Tapu Bulu|61/100|[from] Stealth Rock
|-fieldstart|move: Grassy Terrain|[from] ability: Grassy Surge|[of] p2a: Tapu Bulu
|
|-heal|p2a: Tapu Bulu|67/100|[from] Grassy Terrain
|upkeep
|turn|26
|
|t:|1641093999
|switch|p2a: singy thingy|Sylveon, F|94/100
|-damage|p2a: singy thingy|82/100|[from] Stealth Rock
|move|p1a: Moltres|Hurricane|p2a: singy thingy
|-damage|p2a: singy thingy|46/100
|
|-heal|p2a: singy thingy|52/100|[from] Grassy Terrain
|-heal|p2a: singy thingy|58/100|[from] item: Leftovers
|upkeep
|turn|27
|
|t:|1641094011
|move|p1a: Moltres|U-turn|p2a: singy thingy
|-resisted|p2a: singy thingy
|-damage|p2a: singy thingy|52/100
|
|t:|1641094012
|switch|p1a: Tentacruel|Tentacruel, F|86/100|[from]move: U-turn
|move|p2a: singy thingy|Wish|p2a: singy thingy
|
|-heal|p1a: Tentacruel|92/100|[from] Grassy Terrain
|-heal|p2a: singy thingy|58/100|[from] Grassy Terrain
|-heal|p2a: singy thingy|64/100|[from] item: Leftovers
|upkeep
|turn|28
|c| ChandosH|man
|
|t:|1641094021
|move|p1a: Tentacruel|Scald|p2a: singy thingy
|-damage|p2a: singy thingy|47/100
|move|p2a: singy thingy|Heal Bell|p2a: singy thingy
|-activate|p2a: singy thingy|move: Heal Bell
|-curestatus|p2: quirky turkey|slp|[msg]
|
|-heal|p2a: singy thingy|97/100|[from] move: Wish|[wisher] singy thingy
|-heal|p1a: Tentacruel|98/100|[from] Grassy Terrain
|-heal|p2a: singy thingy|100/100|[from] Grassy Terrain
|upkeep
|turn|29
|
|t:|1641094031
|move|p1a: Tentacruel|Knock Off|p2a: singy thingy
|-resisted|p2a: singy thingy
|-damage|p2a: singy thingy|94/100
|-enditem|p2a: singy thingy|Leftovers|[from] move: Knock Off|[of] p1a: Tentacruel
|move|p2a: singy thingy|Wish|p2a: singy thingy
|
|-heal|p1a: Tentacruel|100/100|[from] Grassy Terrain
|-heal|p2a: singy thingy|100/100|[from] Grassy Terrain
|-fieldend|move: Grassy Terrain
|upkeep
|turn|30
|
|t:|1641094042
|switch|p2a: quirky turkey|Moltres-Galar|100/100
|-damage|p2a: quirky turkey|76/100|[from] Stealth Rock
|move|p1a: Tentacruel|Scald|p2a: quirky turkey
|-damage|p2a: quirky turkey|58/100
|-status|p2a: quirky turkey|brn
|
|-heal|p2a: quirky turkey|100/100 brn|[from] move: Wish|[wisher] singy thingy
|-damage|p2a: quirky turkey|94/100 brn|[from] brn
|upkeep
|turn|31
|
|t:|1641094052
|switch|p1a: Cobalion|Cobalion|26/100
|move|p2a: quirky turkey|Fiery Wrath|p1a: Cobalion
|-resisted|p1a: Cobalion
|-damage|p1a: Cobalion|0 fnt
|faint|p1a: Cobalion
|
|-damage|p2a: quirky turkey|88/100 brn|[from] brn
|upkeep
|
|t:|1641094055
|switch|p1a: Mamoswine|Mamoswine, F|100/100
|turn|32
|c|☆pokemonisfun|aight
|c|☆pokemonisfun|say a prayer or what
|c|☆pokemonisfun|maybe mono lose to mamo is a bad style
|inactive|pokemonisfun has 120 seconds left.
|
|t:|1641094086
|switch|p2a: metal with mettle|Metagross|65/100
|-damage|p2a: metal with mettle|59/100|[from] Stealth Rock
|move|p1a: Mamoswine|Icicle Crash|p2a: metal with mettle
|-resisted|p2a: metal with mettle
|-damage|p2a: metal with mettle|41/100
|-damage|p1a: Mamoswine|91/100|[from] item: Life Orb
|
|upkeep
|turn|33
|inactive|pokemonisfun has 120 seconds left.
|
|t:|1641094101
|move|p1a: Mamoswine|Earthquake|p2a: metal with mettle
|-supereffective|p2a: metal with mettle
|-damage|p2a: metal with mettle|0 fnt
|faint|p2a: metal with mettle
|-damage|p1a: Mamoswine|81/100|[from] item: Life Orb
|
|upkeep
|
|t:|1641094104
|switch|p2a: singy thingy|Sylveon, F|100/100
|-damage|p2a: singy thingy|88/100|[from] Stealth Rock
|turn|34
|
|t:|1641094111
|switch|p1a: Tentacruel|Tentacruel, F|100/100
|move|p2a: singy thingy|Wish|p2a: singy thingy
|
|upkeep
|turn|35
|
|t:|1641094120
|move|p1a: Tentacruel|Scald|p2a: singy thingy
|-damage|p2a: singy thingy|72/100
|move|p2a: singy thingy|Heal Bell|p2a: singy thingy
|-activate|p2a: singy thingy|move: Heal Bell
|-curestatus|p2: quirky turkey|brn|[msg]
|
|-heal|p2a: singy thingy|100/100|[from] move: Wish|[wisher] singy thingy
|upkeep
|turn|36
|
|t:|1641094125
|move|p1a: Tentacruel|Sludge Bomb|p2a: singy thingy
|-supereffective|p2a: singy thingy
|-damage|p2a: singy thingy|65/100
|-status|p2a: singy thingy|psn
|move|p2a: singy thingy|Wish|p2a: singy thingy
|
|-damage|p2a: singy thingy|53/100 psn|[from] psn
|upkeep
|turn|37
|
|t:|1641094133
|move|p1a: Tentacruel|Sludge Bomb|p2a: singy thingy
|-supereffective|p2a: singy thingy
|-damage|p2a: singy thingy|15/100 psn
|move|p2a: singy thingy|Heal Bell|p2a: singy thingy
|-activate|p2a: singy thingy|move: Heal Bell
|-curestatus|p2a: singy thingy|psn|[msg]
|
|-heal|p2a: singy thingy|65/100|[from] move: Wish|[wisher] singy thingy
|upkeep
|turn|38
|
|t:|1641094136
|move|p2a: singy thingy|Protect|p2a: singy thingy
|-singleturn|p2a: singy thingy|Protect
|move|p1a: Tentacruel|Sludge Bomb|p2a: singy thingy
|-activate|p2a: singy thingy|move: Protect
|
|upkeep
|turn|39
|
|t:|1641094140
|move|p1a: Tentacruel|Sludge Bomb|p2a: singy thingy
|-supereffective|p2a: singy thingy
|-damage|p2a: singy thingy|26/100
|move|p2a: singy thingy|Wish|p2a: singy thingy
|
|upkeep
|turn|40
|c| ChandosH|mamo is pretty good in a meta without too many fighting types tbh
|
|t:|1641094149
|move|p2a: singy thingy|Protect|p2a: singy thingy
|-singleturn|p2a: singy thingy|Protect
|move|p1a: Tentacruel|Sludge Bomb|p2a: singy thingy
|-activate|p2a: singy thingy|move: Protect
|
|-heal|p2a: singy thingy|76/100|[from] move: Wish|[wisher] singy thingy
|upkeep
|turn|41
|c|☆pokemonisfun|maybe we should have
|c|☆pokemonisfun|not banned shao
|c|☆pokemonisfun|...
|
|t:|1641094162
|move|p1a: Tentacruel|Sludge Bomb|p2a: singy thingy
|-supereffective|p2a: singy thingy
|-damage|p2a: singy thingy|38/100
|move|p2a: singy thingy|Wish|p2a: singy thingy
|
|upkeep
|turn|42
|c|☆cherry heart ♥|lmao
|c|☆cherry heart ♥|maybe
|
|t:|1641094174
|move|p2a: singy thingy|Protect|p2a: singy thingy
|-singleturn|p2a: singy thingy|Protect
|move|p1a: Tentacruel|Rapid Spin|p2a: singy thingy
|-activate|p2a: singy thingy|move: Protect
|
|-heal|p2a: singy thingy|88/100|[from] move: Wish|[wisher] singy thingy
|upkeep
|turn|43
|c| ChandosH|lol
|j| UU11M Scorb 3
|
|t:|1641094189
|move|p1a: Tentacruel|Sludge Bomb|p2a: singy thingy
|-supereffective|p2a: singy thingy
|-damage|p2a: singy thingy|50/100
|-status|p2a: singy thingy|psn
|move|p2a: singy thingy|Wish|p2a: singy thingy
|
|-damage|p2a: singy thingy|38/100 psn|[from] psn
|upkeep
|turn|44
|c|☆pokemonisfun|this is looking
|c|☆pokemonisfun|very perd
|inactive|pokemonisfun has 120 seconds left.
|
|t:|1641094241
|switch|p2a: quirky turkey|Moltres-Galar|88/100
|-damage|p2a: quirky turkey|63/100|[from] Stealth Rock
|move|p1a: Tentacruel|Knock Off|p2a: quirky turkey
|-resisted|p2a: quirky turkey
|-damage|p2a: quirky turkey|58/100
|
|-heal|p2a: quirky turkey|100/100|[from] move: Wish|[wisher] singy thingy
|upkeep
|turn|45
|l| UU11M Scorb 3
|inactive|cherry heart ♥ has 120 seconds left.
|
|t:|1641094263
|switch|p1a: Thundurus|Thundurus-Therian, M|71/100
|move|p2a: quirky turkey|Nasty Plot|p2a: quirky turkey
|-boost|p2a: quirky turkey|spa|2
|
|upkeep
|turn|46
|c|☆pokemonisfun|come on turkey
|
|t:|1641094282
|move|p1a: Thundurus|Volt Switch|p2a: quirky turkey
|-supereffective|p2a: quirky turkey
|-damage|p2a: quirky turkey|38/100
|-ability|p2a: quirky turkey|Berserk|boost
|-boost|p2a: quirky turkey|spa|1
|
|t:|1641094285
|switch|p1a: Zarude|Zarude-Dada|90/100|[from]move: Volt Switch
|move|p2a: quirky turkey|Rest|p2a: quirky turkey
|-status|p2a: quirky turkey|slp|[from] move: Rest
|-heal|p2a: quirky turkey|100/100 slp|[silent]
|
|upkeep
|turn|47
|
|t:|1641094289
|move|p1a: Zarude|Power Whip|p2a: quirky turkey
|-resisted|p2a: quirky turkey
|-damage|p2a: quirky turkey|71/100 slp
|cant|p2a: quirky turkey|slp
|move|p2a: quirky turkey|Sleep Talk|p2a: quirky turkey
|move|p2a: quirky turkey|Nasty Plot|p2a: quirky turkey|[from]move: Sleep Talk
|-boost|p2a: quirky turkey|spa|2
|
|upkeep
|turn|48
|
|t:|1641094293
|move|p1a: Zarude|Power Whip|p2a: quirky turkey
|-resisted|p2a: quirky turkey
|-damage|p2a: quirky turkey|43/100 slp
|-ability|p2a: quirky turkey|Berserk|boost
|-boost|p2a: quirky turkey|spa|1
|cant|p2a: quirky turkey|slp
|move|p2a: quirky turkey|Sleep Talk|p2a: quirky turkey
|move|p2a: quirky turkey|Rest||[from]move: Sleep Talk|[still]
|-fail|p2a: quirky turkey
|
|upkeep
|turn|49
|
|t:|1641094297
|move|p1a: Zarude|Power Whip|p2a: quirky turkey
|-resisted|p2a: quirky turkey
|-crit|p2a: quirky turkey
|-damage|p2a: quirky turkey|0 fnt
|faint|p2a: quirky turkey
|
|upkeep
|c| ChandosH|Nice
|c|☆cherry heart ♥|oh
|c|☆pokemonisfun|okay
|c|☆cherry heart ♥|damn
|c| ChandosH|rip
|-message|pokemonisfun forfeited.
|
|win|cherry heart ♥
|raw|cherry heart ♥'s rating: 1654 &rarr; <strong>1677</strong><br />(+23 for winning)
|raw|pokemonisfun's rating: 1714 &rarr; <strong>1691</strong><br />(-23 for losing)
|c|☆pokemonisfun|gg
|c|☆cherry heart ♥|gg
|c|☆pokemonisfun|nice team
|c|☆cherry heart ♥|thx
