|html|<div class="broadcast-blue"><strong>[Gen 8] UU is currently suspecting Mienshao! For information on how to participate check out the <a href="https://www.smogon.com/forums/threads/np-ss-uu-stage-10-3-pumped-up-kicks.3694543/">suspect thread</a>.</strong></div>
|j|☆Longshades438
|j|☆bioche80
|t:|1639950131
|gametype|singles
|player|p1|Longshades438|brendan-gen3rs|1496
|player|p2|bioche80|265|1499
|teamsize|p1|6
|teamsize|p2|6
|gen|8
|tier|[Gen 8] UU
|rated|
|rule|Sleep Clause Mod: Limit one foe put to sleep
|rule|Species Clause: Limit one of each Pokémon
|rule|OHKO Clause: OHKO moves are banned
|rule|Evasion Moves Clause: Evasion moves are banned
|rule|Endless Battle Clause: Forcing endless battles is banned
|rule|HP Percentage Mod: HP is shown in percentages
|rule|Dynamax Clause: You cannot dynamax
|clearpoke
|poke|p1|Torkoal, F|
|poke|p1|Darmanitan, F|
|poke|p1|Venusaur, M|
|poke|p1|Chansey, F|
|poke|p1|Zygarde-10%|
|poke|p1|Thundurus-Therian, M|
|poke|p2|Keldeo-Resolute|
|poke|p2|Tapu Bulu|
|poke|p2|Skarmory, F|
|poke|p2|Darmanitan, F|
|poke|p2|Drapion, M|
|poke|p2|Claydol|
|teampreview
|
|t:|1639950148
|start
|switch|p1a: Torkoal|Torkoal, F|100/100
|switch|p2a: Keldeo|Keldeo-Resolute|100/100
|-weather|SunnyDay|[from] ability: Drought|[of] p1a: Torkoal
|turn|1
|inactive|Battle timer is ON: inactive players will automatically lose when time's up. (requested by Longshades438)
|
|t:|1639950161
|move|p2a: Keldeo|Surf|p1a: Torkoal
|-supereffective|p1a: Torkoal
|-damage|p1a: Torkoal|11/100
|move|p1a: Torkoal|Yawn|p2a: Keldeo
|-start|p2a: Keldeo|move: Yawn|[of] p1a: Torkoal
|
|-weather|SunnyDay|[upkeep]
|upkeep
|turn|2
|
|t:|1639950169
|switch|p2a: Darmanitan|Darmanitan, F|100/100
|move|p1a: Torkoal|Stealth Rock|p2a: Darmanitan
|-sidestart|p2: bioche80|move: Stealth Rock
|
|-weather|SunnyDay|[upkeep]
|upkeep
|turn|3
|
|t:|1639950183
|switch|p1a: Chansey|Chansey, F|100/100
|move|p2a: Darmanitan|Flare Blitz|p1a: Chansey
|-damage|p1a: Chansey|16/100
|-damage|p2a: Darmanitan|45/100|[from] Recoil
|
|-weather|SunnyDay|[upkeep]
|upkeep
|turn|4
|
|t:|1639950193
|move|p2a: Darmanitan|Flare Blitz|p1a: Chansey
|-damage|p1a: Chansey|0 fnt
|faint|p1a: Chansey
|-damage|p2a: Darmanitan|35/100|[from] Recoil
|
|-weather|SunnyDay|[upkeep]
|upkeep
|
|t:|1639950203
|switch|p1a: Venusaur|Venusaur, M|100/100
|turn|5
|
|t:|1639950213
|switch|p2a: Claydol|Claydol|100/100
|-damage|p2a: Claydol|94/100|[from] Stealth Rock
|move|p1a: Venusaur|Weather Ball|p2a: Claydol
|-crit|p2a: Claydol
|-damage|p2a: Claydol|24/100
|-damage|p1a: Venusaur|91/100|[from] item: Life Orb
|
|-weather|SunnyDay|[upkeep]
|-heal|p2a: Claydol|30/100|[from] item: Leftovers
|upkeep
|turn|6
|
|t:|1639950234
|move|p1a: Venusaur|Weather Ball|p2a: Claydol
|-damage|p2a: Claydol|0 fnt
|faint|p2a: Claydol
|-damage|p1a: Venusaur|81/100|[from] item: Life Orb
|
|-weather|SunnyDay|[upkeep]
|upkeep
|
|t:|1639950257
|switch|p2a: Tapu Bulu|Tapu Bulu|100/100
|-damage|p2a: Tapu Bulu|88/100|[from] Stealth Rock
|-fieldstart|move: Grassy Terrain|[from] ability: Grassy Surge|[of] p2a: Tapu Bulu
|turn|7
|
|t:|1639950277
|switch|p2a: Drapion|Drapion, M|100/100
|-damage|p2a: Drapion|88/100|[from] Stealth Rock
|move|p1a: Venusaur|Weather Ball|p2a: Drapion
|-damage|p2a: Drapion|0 fnt
|faint|p2a: Drapion
|-damage|p1a: Venusaur|71/100|[from] item: Life Orb
|
|-weather|SunnyDay|[upkeep]
|-heal|p1a: Venusaur|77/100|[from] Grassy Terrain
|upkeep
|inactive|bioche80 has 120 seconds left.
|
|t:|1639950301
|switch|p2a: Darmanitan|Darmanitan, F|35/100
|-damage|p2a: Darmanitan|10/100|[from] Stealth Rock
|turn|8
|
|t:|1639950308
|move|p1a: Venusaur|Weather Ball|p2a: Darmanitan
|-resisted|p2a: Darmanitan
|-damage|p2a: Darmanitan|0 fnt
|faint|p2a: Darmanitan
|-damage|p1a: Venusaur|67/100|[from] item: Life Orb
|
|-weather|none
|-heal|p1a: Venusaur|73/100|[from] Grassy Terrain
|upkeep
|
|t:|1639950316
|switch|p2a: Skarmory|Skarmory, F|100/100
|-damage|p2a: Skarmory|88/100|[from] Stealth Rock
|turn|9
|
|t:|1639950322
|switch|p1a: Torkoal|Torkoal, F|11/100
|-weather|SunnyDay|[from] ability: Drought|[of] p1a: Torkoal
|move|p2a: Skarmory|Stealth Rock|p1a: Torkoal
|-sidestart|p1: Longshades438|move: Stealth Rock
|
|-weather|SunnyDay|[upkeep]
|-heal|p2a: Skarmory|94/100|[from] item: Leftovers
|-heal|p1a: Torkoal|17/100|[from] Grassy Terrain
|upkeep
|turn|10
|
|t:|1639950347
|switch|p2a: Keldeo|Keldeo-Resolute|100/100
|-damage|p2a: Keldeo|94/100|[from] Stealth Rock
|move|p1a: Torkoal|Yawn|p2a: Keldeo
|-start|p2a: Keldeo|move: Yawn|[of] p1a: Torkoal
|
|-weather|SunnyDay|[upkeep]
|-heal|p2a: Keldeo|100/100|[from] Grassy Terrain
|-heal|p1a: Torkoal|23/100|[from] Grassy Terrain
|upkeep
|turn|11
|
|t:|1639950366
|switch|p2a: Skarmory|Skarmory, F|94/100
|-damage|p2a: Skarmory|82/100|[from] Stealth Rock
|move|p1a: Torkoal|Rapid Spin|p2a: Skarmory
|-resisted|p2a: Skarmory
|-damage|p2a: Skarmory|79/100
|-boost|p1a: Torkoal|spe|1
|-sideend|p1: Longshades438|Stealth Rock|[from] move: Rapid Spin|[of] p1a: Torkoal
|
|-weather|SunnyDay|[upkeep]
|-heal|p2a: Skarmory|85/100|[from] item: Leftovers
|-heal|p1a: Torkoal|29/100|[from] Grassy Terrain
|-fieldend|move: Grassy Terrain
|upkeep
|turn|12
|inactive|Longshades438 has 120 seconds left.
|
|t:|1639950387
|move|p2a: Skarmory|Body Press|p1a: Torkoal
|-damage|p1a: Torkoal|12/100
|move|p1a: Torkoal|Lava Plume|p2a: Skarmory
|-supereffective|p2a: Skarmory
|-damage|p2a: Skarmory|0 fnt
|faint|p2a: Skarmory
|
|-weather|SunnyDay|[upkeep]
|upkeep
|-message|bioche80 forfeited.
|
|win|Longshades438
|raw|Longshades438's rating: 1496 &rarr; <strong>1516</strong><br />(+20 for winning)
|raw|bioche80's rating: 1499 &rarr; <strong>1479</strong><br />(-20 for losing)
