|j|☆Fairlumbo
|j|☆UUH4 SenseiSese
|player|p1|Fairlumbo|209|1413
|player|p2|UUH4 SenseiSese|151|1246
|teamsize|p1|6
|teamsize|p2|6
|gametype|singles
|gen|8
|tier|[Gen 8] UU
|rated|
|html|<div class="broadcast-blue"><strong>UU is currently suspecting Haxorus! For information on how to participate check out the <a href="https://www.smogon.com/forums/threads/3664575/">suspect thread</a>.</strong></div>
|clearpoke
|poke|p1|Pangoro, F|
|poke|p1|Gigalith, M|
|poke|p1|Flygon, M|
|poke|p1|Rotom-Wash|
|poke|p1|Doublade, F|
|poke|p1|Weezing-Galar, M|
|poke|p2|Reuniclus, F|
|poke|p2|Pangoro, M|
|poke|p2|Haxorus, F|
|poke|p2|Cobalion|
|poke|p2|Golisopod, M|
|poke|p2|Weezing-Galar, M|
|rule|Sleep Clause Mod: Limit one foe put to sleep
|rule|Species Clause: Limit one of each Pokémon
|rule|OHKO Clause: OHKO moves are banned
|rule|Evasion Moves Clause: Evasion moves are banned
|rule|Endless Battle Clause: Forcing endless battles is banned
|rule|HP Percentage Mod: HP is shown in percentages
|rule|Dynamax Clause: You cannot dynamax
|teampreview
|
|start
|switch|p1a: Flygon|Flygon, M|100/100
|switch|p2a: Cobalion|Cobalion|100/100
|turn|1
|
|switch|p2a: Golisopod|Golisopod, M|100/100
|move|p1a: Flygon|Earthquake|p2a: Golisopod
|-resisted|p2a: Golisopod
|-damage|p2a: Golisopod|84/100
|
|upkeep
|turn|2
|
|switch|p1a: Doublade|Doublade, F|100/100
|switch|p2a: Cobalion|Cobalion|100/100
|
|upkeep
|turn|3
|
|move|p2a: Cobalion|Stealth Rock|p1a: Doublade
|-sidestart|p1: Fairlumbo|move: Stealth Rock
|move|p1a: Doublade|Swords Dance|p1a: Doublade
|-boost|p1a: Doublade|atk|2
|
|upkeep
|turn|4
|
|move|p2a: Cobalion|Volt Switch|p1a: Doublade
|-crit|p1a: Doublade
|-damage|p1a: Doublade|75/100
|
|switch|p2a: Weezing|Weezing-Galar, M|100/100|[from]move: Volt Switch
|move|p1a: Doublade|Close Combat|p2a: Weezing
|-resisted|p2a: Weezing
|-damage|p2a: Weezing|83/100
|-unboost|p1a: Doublade|def|1
|-unboost|p1a: Doublade|spd|1
|
|-heal|p2a: Weezing|89/100|[from] item: Black Sludge
|upkeep
|turn|5
|
|switch|p1a: Gigalith|Gigalith, M|100/100
|-damage|p1a: Gigalith|88/100|[from] Stealth Rock
|-weather|Sandstorm|[from] ability: Sand Stream|[of] p1a: Gigalith
|move|p2a: Weezing|Fire Blast|p1a: Gigalith|[miss]
|-miss|p2a: Weezing|p1a: Gigalith
|
|-weather|Sandstorm|[upkeep]
|-damage|p2a: Weezing|83/100|[from] Sandstorm
|-heal|p2a: Weezing|89/100|[from] item: Black Sludge
|-heal|p1a: Gigalith|94/100|[from] item: Leftovers
|upkeep
|turn|6
|
|switch|p2a: Cobalion|Cobalion|100/100
|move|p1a: Gigalith|Stealth Rock|p2a: Cobalion
|-sidestart|p2: UUH4 SenseiSese|move: Stealth Rock
|
|-weather|Sandstorm|[upkeep]
|-heal|p1a: Gigalith|100/100|[from] item: Leftovers
|upkeep
|turn|7
|
|switch|p1a: Doublade|Doublade, F|75/100
|-damage|p1a: Doublade|69/100|[from] Stealth Rock
|move|p2a: Cobalion|Volt Switch|p1a: Doublade
|-damage|p1a: Doublade|53/100
|
|switch|p2a: Weezing|Weezing-Galar, M|89/100|[from]move: Volt Switch
|-damage|p2a: Weezing|77/100|[from] Stealth Rock
|
|-weather|Sandstorm|[upkeep]
|-damage|p2a: Weezing|71/100|[from] Sandstorm
|-heal|p2a: Weezing|77/100|[from] item: Black Sludge
|upkeep
|turn|8
|
|switch|p1a: Gigalith|Gigalith, M|100/100
|-damage|p1a: Gigalith|88/100|[from] Stealth Rock
|move|p2a: Weezing|Fire Blast|p1a: Gigalith
|-resisted|p1a: Gigalith
|-damage|p1a: Gigalith|81/100
|-status|p1a: Gigalith|brn
|
|-weather|Sandstorm|[upkeep]
|-damage|p2a: Weezing|71/100|[from] Sandstorm
|-heal|p2a: Weezing|77/100|[from] item: Black Sludge
|-heal|p1a: Gigalith|87/100 brn|[from] item: Leftovers
|-damage|p1a: Gigalith|81/100 brn|[from] brn
|upkeep
|turn|9
|
|switch|p2a: Cobalion|Cobalion|100/100
|-damage|p2a: Cobalion|97/100|[from] Stealth Rock
|move|p1a: Gigalith|Earthquake|p2a: Cobalion
|-supereffective|p2a: Cobalion
|-damage|p2a: Cobalion|72/100
|
|-weather|none
|-heal|p1a: Gigalith|87/100 brn|[from] item: Leftovers
|-damage|p1a: Gigalith|81/100 brn|[from] brn
|upkeep
|turn|10
|
|switch|p1a: Doublade|Doublade, F|53/100
|-damage|p1a: Doublade|47/100|[from] Stealth Rock
|move|p2a: Cobalion|Iron Head|p1a: Doublade
|-resisted|p1a: Doublade
|-crit|p1a: Doublade
|-damage|p1a: Doublade|35/100
|
|upkeep
|turn|11
|
|move|p2a: Cobalion|Volt Switch|p1a: Doublade
|-damage|p1a: Doublade|18/100
|
|switch|p2a: Golisopod|Golisopod, M|84/100|[from]move: Volt Switch
|move|p1a: Doublade|Iron Head|p2a: Golisopod
|-resisted|p2a: Golisopod
|-damage|p2a: Golisopod|70/100
|
|upkeep
|turn|12
|
|move|p1a: Doublade|Shadow Sneak|p2a: Golisopod
|-damage|p2a: Golisopod|56/100
|move|p2a: Golisopod|Liquidation|p1a: Doublade
|-damage|p1a: Doublade|0 fnt
|faint|p1a: Doublade
|
|upkeep
|
|switch|p1a: Rotom|Rotom-Wash|100/100
|-damage|p1a: Rotom|88/100|[from] Stealth Rock
|turn|13
|
|switch|p2a: Reuniclus|Reuniclus, F|100/100
|-damage|p2a: Reuniclus|88/100|[from] Stealth Rock
|move|p1a: Rotom|Volt Switch|p2a: Reuniclus
|-damage|p2a: Reuniclus|75/100
|
|switch|p1a: Pangoro|Pangoro, F|100/100|[from]move: Volt Switch
|-damage|p1a: Pangoro|94/100|[from] Stealth Rock
|
|upkeep
|turn|14
|
|switch|p2a: Weezing|Weezing-Galar, M|77/100
|-damage|p2a: Weezing|64/100|[from] Stealth Rock
|move|p1a: Pangoro|Close Combat|p2a: Weezing
|-resisted|p2a: Weezing
|-damage|p2a: Weezing|42/100
|-unboost|p1a: Pangoro|def|1
|-unboost|p1a: Pangoro|spd|1
|
|-heal|p2a: Weezing|48/100|[from] item: Black Sludge
|upkeep
|turn|15
|
|switch|p1a: Gigalith|Gigalith, M|81/100 brn
|-damage|p1a: Gigalith|69/100 brn|[from] Stealth Rock
|-weather|Sandstorm|[from] ability: Sand Stream|[of] p1a: Gigalith
|move|p2a: Weezing|Strange Steam|p1a: Gigalith
|-damage|p1a: Gigalith|50/100 brn
|
|-weather|Sandstorm|[upkeep]
|-damage|p2a: Weezing|42/100|[from] Sandstorm
|-heal|p2a: Weezing|48/100|[from] item: Black Sludge
|-heal|p1a: Gigalith|56/100 brn|[from] item: Leftovers
|-damage|p1a: Gigalith|50/100 brn|[from] brn
|upkeep
|turn|16
|
|switch|p2a: Cobalion|Cobalion|72/100
|-damage|p2a: Cobalion|69/100|[from] Stealth Rock
|move|p1a: Gigalith|Rock Blast|p2a: Cobalion
|-resisted|p2a: Cobalion
|-damage|p2a: Cobalion|68/100
|-resisted|p2a: Cobalion
|-crit|p2a: Cobalion
|-damage|p2a: Cobalion|66/100
|-resisted|p2a: Cobalion
|-damage|p2a: Cobalion|65/100
|-resisted|p2a: Cobalion
|-damage|p2a: Cobalion|64/100
|-resisted|p2a: Cobalion
|-damage|p2a: Cobalion|63/100
|-hitcount|p2a: Cobalion|5
|
|-weather|Sandstorm|[upkeep]
|-heal|p1a: Gigalith|56/100 brn|[from] item: Leftovers
|-damage|p1a: Gigalith|50/100 brn|[from] brn
|upkeep
|turn|17
|
|move|p2a: Cobalion|Volt Switch|p1a: Gigalith
|-damage|p1a: Gigalith|43/100 brn
|
|switch|p2a: Reuniclus|Reuniclus, F|100/100|[from]move: Volt Switch
|-damage|p2a: Reuniclus|88/100|[from] Stealth Rock
|move|p1a: Gigalith|Earthquake|p2a: Reuniclus
|-damage|p2a: Reuniclus|73/100
|
|-weather|Sandstorm|[upkeep]
|-damage|p2a: Reuniclus|67/100|[from] Sandstorm
|-heal|p1a: Gigalith|49/100 brn|[from] item: Leftovers
|-damage|p1a: Gigalith|43/100 brn|[from] brn
|upkeep
|turn|18
|
|move|p2a: Reuniclus|Future Sight|p1a: Gigalith
|-start|p2a: Reuniclus|move: Future Sight
|move|p1a: Gigalith|Toxic|p2a: Reuniclus
|-status|p2a: Reuniclus|tox
|
|-weather|Sandstorm|[upkeep]
|-damage|p2a: Reuniclus|61/100 tox|[from] Sandstorm
|-heal|p1a: Gigalith|49/100 brn|[from] item: Leftovers
|-damage|p2a: Reuniclus|55/100 tox|[from] psn
|-damage|p1a: Gigalith|43/100 brn|[from] brn
|upkeep
|turn|19
|j| Rantelo
|
|move|p2a: Reuniclus|Focus Blast|p1a: Gigalith
|-supereffective|p1a: Gigalith
|-damage|p1a: Gigalith|0 fnt
|faint|p1a: Gigalith
|
|-weather|none
|-damage|p2a: Reuniclus|43/100 tox|[from] psn
|upkeep
|
|switch|p1a: Pangoro|Pangoro, F|94/100
|-damage|p1a: Pangoro|88/100|[from] Stealth Rock
|turn|20
|
|switch|p2a: Cobalion|Cobalion|63/100
|-damage|p2a: Cobalion|60/100|[from] Stealth Rock
|move|p1a: Pangoro|Knock Off|p2a: Cobalion
|-resisted|p2a: Cobalion
|-damage|p2a: Cobalion|24/100
|-damage|p1a: Pangoro|72/100|[from] item: Rocky Helmet|[of] p2a: Cobalion
|-ability|p2a: Cobalion|Justified|boost
|-boost|p2a: Cobalion|atk|1
|-enditem|p2a: Cobalion|Rocky Helmet|[from] move: Knock Off|[of] p1a: Pangoro
|
|-end|p1a: Pangoro|move: Future Sight
|-immune|p1a: Pangoro
|upkeep
|turn|21
|
|switch|p1a: Weezing|Weezing-Galar, M|100/100
|-damage|p1a: Weezing|88/100|[from] Stealth Rock
|move|p2a: Cobalion|Close Combat|p1a: Weezing
|-resisted|p1a: Weezing
|-damage|p1a: Weezing|71/100
|-unboost|p2a: Cobalion|def|1
|-unboost|p2a: Cobalion|spd|1
|
|-heal|p1a: Weezing|77/100|[from] item: Black Sludge
|upkeep
|turn|22
|
|switch|p1a: Flygon|Flygon, M|100/100
|-damage|p1a: Flygon|95/100|[from] Stealth Rock
|move|p2a: Cobalion|Iron Head|p1a: Flygon
|-damage|p1a: Flygon|23/100
|
|upkeep
|turn|23
|
|switch|p2a: Golisopod|Golisopod, M|56/100
|move|p1a: Flygon|Earthquake|p2a: Golisopod
|-resisted|p2a: Golisopod
|-damage|p2a: Golisopod|40/100
|-activate|p2a: Golisopod|ability: Emergency Exit
|
|switch|p2a: Weezing|Weezing-Galar, M|48/100
|-damage|p2a: Weezing|36/100|[from] Stealth Rock
|
|-heal|p2a: Weezing|42/100|[from] item: Black Sludge
|upkeep
|turn|24
|
|switch|p1a: Weezing|Weezing-Galar, M|77/100
|-damage|p1a: Weezing|65/100|[from] Stealth Rock
|move|p2a: Weezing|Strange Steam|p1a: Weezing
|-resisted|p1a: Weezing
|-damage|p1a: Weezing|36/100
|
|-heal|p2a: Weezing|48/100|[from] item: Black Sludge
|-heal|p1a: Weezing|42/100|[from] item: Black Sludge
|upkeep
|turn|25
|
|move|p2a: Weezing|Sludge Bomb|p1a: Weezing
|-damage|p1a: Weezing|0 fnt
|faint|p1a: Weezing
|
|-heal|p2a: Weezing|54/100|[from] item: Black Sludge
|upkeep
|
|switch|p1a: Rotom|Rotom-Wash|88/100
|-damage|p1a: Rotom|75/100|[from] Stealth Rock
|turn|26
|
|switch|p2a: Reuniclus|Reuniclus, F|76/100 tox
|-damage|p2a: Reuniclus|64/100 tox|[from] Stealth Rock
|move|p1a: Rotom|Hydro Pump|p2a: Reuniclus
|-damage|p2a: Reuniclus|44/100 tox
|
|-heal|p1a: Rotom|82/100|[from] item: Leftovers
|-damage|p2a: Reuniclus|37/100 tox|[from] psn
|upkeep
|turn|27
|
|switch|p1a: Pangoro|Pangoro, F|72/100
|-damage|p1a: Pangoro|66/100|[from] Stealth Rock
|move|p2a: Reuniclus|Future Sight|p1a: Pangoro
|-start|p2a: Reuniclus|move: Future Sight
|
|-damage|p2a: Reuniclus|25/100 tox|[from] psn
|upkeep
|turn|28
|
|move|p1a: Pangoro|Knock Off|p2a: Reuniclus
|-supereffective|p2a: Reuniclus
|-crit|p2a: Reuniclus
|-damage|p2a: Reuniclus|0 fnt
|-enditem|p2a: Reuniclus|Assault Vest|[from] move: Knock Off|[of] p1a: Pangoro
|faint|p2a: Reuniclus
|
|upkeep
|
|switch|p2a: Cobalion|Cobalion|24/100
|-damage|p2a: Cobalion|21/100|[from] Stealth Rock
|turn|29
|
|switch|p1a: Rotom|Rotom-Wash|82/100
|-damage|p1a: Rotom|69/100|[from] Stealth Rock
|move|p2a: Cobalion|Close Combat|p1a: Rotom
|-damage|p1a: Rotom|17/100
|-unboost|p2a: Cobalion|def|1
|-unboost|p2a: Cobalion|spd|1
|
|-end|p1a: Rotom|move: Future Sight
|-damage|p1a: Rotom|0 fnt
|faint|p1a: Rotom
|upkeep
|
|switch|p1a: Flygon|Flygon, M|23/100
|-damage|p1a: Flygon|17/100|[from] Stealth Rock
|turn|30
|
|switch|p2a: Weezing|Weezing-Galar, M|54/100
|-damage|p2a: Weezing|42/100|[from] Stealth Rock
|move|p1a: Flygon|Earthquake|p2a: Weezing
|-immune|p2a: Weezing|[from] ability: Levitate
|
|-heal|p2a: Weezing|48/100|[from] item: Black Sludge
|upkeep
|turn|31
|
|switch|p1a: Pangoro|Pangoro, F|66/100
|-damage|p1a: Pangoro|60/100|[from] Stealth Rock
|move|p2a: Weezing|Strange Steam|p1a: Pangoro
|-supereffective|p1a: Pangoro
|-damage|p1a: Pangoro|0 fnt
|faint|p1a: Pangoro
|
|-heal|p2a: Weezing|54/100|[from] item: Black Sludge
|upkeep
|-message|Fairlumbo forfeited.
|
|win|UUH4 SenseiSese
|l|☆Fairlumbo
|c|☆UUH4 SenseiSese|gg
||Ladder (probably) updated, but score could not be retrieved (Response not received).
