|j|☆haxlolo
|j|☆Permission Slip
|t:|1665102260
|gametype|singles
|player|p1|haxlolo|giovanni-masters|
|player|p2|Permission Slip|morty-masters2|
|teamsize|p1|6
|teamsize|p2|6
|gen|8
|tier|[Gen 8] UU
|rule|Sleep Clause Mod: Limit one foe put to sleep
|rule|Species Clause: Limit one of each Pokémon
|rule|OHKO Clause: OHKO moves are banned
|rule|Evasion Items Clause: Evasion items are banned
|rule|Evasion Moves Clause: Evasion moves are banned
|rule|Endless Battle Clause: Forcing endless battles is banned
|rule|HP Percentage Mod: HP is shown in percentages
|rule|Dynamax Clause: You cannot dynamax
|clearpoke
|poke|p1|Pangoro, M|
|poke|p1|Chansey, F|
|poke|p1|Salamence, M|
|poke|p1|Rotom-Wash|
|poke|p1|Crobat, F|
|poke|p1|Dhelmise|
|poke|p2|Golurk|
|poke|p2|Cobalion|
|poke|p2|Slowking, M|
|poke|p2|Gardevoir, M|
|poke|p2|Tangrowth, F|
|poke|p2|Salamence, M|
|teampreview
|c|☆Permission Slip|hf
|c|☆haxlolo|gl
|j| The SD sweep
|j| pokemonisfun
|j| Liz Angeles
|j| spooko-xiv
|j| jimmy gible
|j| romanji ≛
|
|t:|1665102307
|start
|switch|p1a: Pangoro|Pangoro, M|100/100
|switch|p2a: Golurk|Golurk|100/100
|turn|1
|l| jimmy gible
|j| Luirromen
|c|☆haxlolo|the monsters....
|l| romanji ≛
|j| Queen of Bean ✿
|c|☆Permission Slip|damn bro
|j| jimmy gible
|j| termotanque55
|c| spooko-xiv|switchins
|c|☆Permission Slip|5/6 was a good amount
|c| pokemonisfun|whoever wins this lead wins the game
|j| ibleachyourskin
|j| romanji ≛
|c| spooko-xiv|slip forfeit now
|c|☆Permission Slip|./ff
|c| pokemonisfun|if you forfeit now slip you can get sulo tour banned
|
|t:|1665102360
|switch|p2a: Slowking|Slowking, M|100/100
|move|p1a: Pangoro|Knock Off|p2a: Slowking
|-supereffective|p2a: Slowking
|-enditem|p2a: Slowking|Colbur Berry|[eat]
|-enditem|p2a: Slowking|Colbur Berry|[weaken]
|-damage|p2a: Slowking|42/100
|
|upkeep
|turn|2
|c| ibleachyourskin|slip has hh waifu
|c|☆haxlolo|damaged
|c|☆Permission Slip|got DAMN
|
|t:|1665102368
|switch|p2a: Cobalion|Cobalion|100/100
|move|p1a: Pangoro|Knock Off|p2a: Cobalion
|-resisted|p2a: Cobalion
|-damage|p2a: Cobalion|64/100
|-damage|p1a: Pangoro|84/100|[from] item: Rocky Helmet|[of] p2a: Cobalion
|-ability|p2a: Cobalion|Justified|boost
|-boost|p2a: Cobalion|atk|1
|-enditem|p2a: Cobalion|Rocky Helmet|[from] move: Knock Off|[of] p1a: Pangoro
|
|upkeep
|turn|3
|c|☆haxlolo|HOLY CRAP
|
|t:|1665102376
|switch|p1a: Salamence|Salamence, M|100/100
|-ability|p1a: Salamence|Intimidate|boost
|-unboost|p2a: Cobalion|atk|1
|move|p2a: Cobalion|Volt Switch|p1a: Salamence
|-damage|p1a: Salamence|87/100
|
|t:|1665102378
|switch|p2a: Gardevoir|Gardevoir, M|100/100|[from]move: Volt Switch
|-ability|p2a: Gardevoir|Intimidate|[from] ability: Trace|[of] p1a: Salamence
|-ability|p2a: Gardevoir|Intimidate|boost
|-unboost|p1a: Salamence|atk|1
|
|upkeep
|turn|4
|
|t:|1665102383
|switch|p2a: Golurk|Golurk|100/100
|switch|p1a: Chansey|Chansey, F|100/100
|
|upkeep
|turn|5
|
|t:|1665102390
|switch|p1a: Rotom|Rotom-Wash|100/100
|move|p2a: Golurk|Close Combat|p1a: Rotom
|-damage|p1a: Rotom|33/100
|-unboost|p2a: Golurk|def|1
|-unboost|p2a: Golurk|spd|1
|
|-heal|p1a: Rotom|38/100|[from] item: Leftovers
|upkeep
|turn|6
|
|t:|1665102396
|switch|p2a: Tangrowth|Tangrowth, F|100/100
|move|p1a: Rotom|Pain Split|p2a: Tangrowth
|-sethp|p2a: Tangrowth|65/100|[from] move: Pain Split|[silent]
|-sethp|p1a: Rotom|86/100|[from] move: Pain Split
|
|-heal|p1a: Rotom|92/100|[from] item: Leftovers
|upkeep
|turn|7
|
|t:|1665102400
|move|p1a: Rotom|Volt Switch|p2a: Tangrowth
|-resisted|p2a: Tangrowth
|-crit|p2a: Tangrowth
|-damage|p2a: Tangrowth|51/100
|
|t:|1665102403
|switch|p1a: Crobat|Crobat, F|100/100|[from]move: Volt Switch
|move|p2a: Tangrowth|Knock Off|p1a: Crobat
|-damage|p1a: Crobat|78/100
|-enditem|p1a: Crobat|Heavy-Duty Boots|[from] move: Knock Off|[of] p2a: Tangrowth
|
|upkeep
|turn|8
|
|t:|1665102409
|switch|p2a: Salamence|Salamence, M|100/100
|-ability|p2a: Salamence|Intimidate|boost
|-fail|p1a: Crobat|unboost|Attack|[from] ability: Inner Focus|[of] p1a: Crobat
|move|p1a: Crobat|U-turn|p2a: Salamence
|-resisted|p2a: Salamence
|-damage|p2a: Salamence|94/100
|
|t:|1665102416
|switch|p1a: Rotom|Rotom-Wash|92/100|[from]move: U-turn
|
|-heal|p1a: Rotom|98/100|[from] item: Leftovers
|upkeep
|turn|9
|
|t:|1665102420
|move|p1a: Rotom|Will-O-Wisp|p2a: Salamence
|-status|p2a: Salamence|brn
|move|p2a: Salamence|Toxic|p1a: Rotom
|-status|p1a: Rotom|tox
|
|-heal|p1a: Rotom|100/100 tox|[from] item: Leftovers
|-damage|p1a: Rotom|95/100 tox|[from] psn
|-damage|p2a: Salamence|88/100 brn|[from] brn
|upkeep
|turn|10
|
|t:|1665102427
|move|p1a: Rotom|Volt Switch|p2a: Salamence
|-damage|p2a: Salamence|63/100 brn
|
|t:|1665102429
|switch|p1a: Chansey|Chansey, F|100/100|[from]move: Volt Switch
|move|p2a: Salamence|Toxic|p1a: Chansey
|-status|p1a: Chansey|tox
|
|-damage|p1a: Chansey|94/100 tox|[from] psn
|-damage|p2a: Salamence|57/100 brn|[from] brn
|upkeep
|turn|11
|
|t:|1665102432
|move|p2a: Salamence|Roost|p2a: Salamence
|-heal|p2a: Salamence|100/100 brn
|-singleturn|p2a: Salamence|move: Roost
|move|p1a: Chansey|Teleport|p1a: Chansey
|
|t:|1665102437
|-curestatus|p1a: Chansey|tox|[from] ability: Natural Cure
|switch|p1a: Crobat|Crobat, F|78/100|[from]move: Teleport
|
|-damage|p2a: Salamence|94/100 brn|[from] brn
|upkeep
|turn|12
|
|t:|1665102443
|move|p1a: Crobat|Roost|p1a: Crobat
|-heal|p1a: Crobat|100/100
|-singleturn|p1a: Crobat|move: Roost
|move|p2a: Salamence|Flamethrower|p1a: Crobat
|-damage|p1a: Crobat|74/100
|
|-damage|p2a: Salamence|88/100 brn|[from] brn
|upkeep
|turn|13
|
|t:|1665102450
|move|p1a: Crobat|Brave Bird|p2a: Salamence
|-damage|p2a: Salamence|58/100 brn
|-damage|p1a: Crobat|62/100|[from] Recoil
|move|p2a: Salamence|Flamethrower|p1a: Crobat
|-damage|p1a: Crobat|39/100
|
|-damage|p2a: Salamence|52/100 brn|[from] brn
|upkeep
|turn|14
|
|t:|1665102454
|move|p1a: Crobat|Taunt|p2a: Salamence
|-start|p2a: Salamence|move: Taunt
|cant|p2a: Salamence|move: Taunt|Roost
|
|-damage|p2a: Salamence|46/100 brn|[from] brn
|upkeep
|turn|15
|
|t:|1665102458
|switch|p2a: Gardevoir|Gardevoir, M|100/100
|-ability|p2a: Gardevoir|Inner Focus|[from] ability: Trace|[of] p1a: Crobat
|move|p1a: Crobat|Roost|p1a: Crobat
|-heal|p1a: Crobat|89/100
|-singleturn|p1a: Crobat|move: Roost
|
|upkeep
|turn|16
|
|t:|1665102463
|switch|p1a: Chansey|Chansey, F|94/100
|move|p2a: Gardevoir|Psychic|p1a: Chansey
|-damage|p1a: Chansey|80/100
|
|upkeep
|turn|17
|
|t:|1665102465
|switch|p2a: Golurk|Golurk|100/100
|move|p1a: Chansey|Teleport|p1a: Chansey
|
|t:|1665102467
|switch|p1a: Pangoro|Pangoro, M|84/100|[from]move: Teleport
|
|upkeep
|turn|18
|
|t:|1665102474
|switch|p2a: Salamence|Salamence, M|46/100 brn
|-ability|p2a: Salamence|Intimidate|boost
|-unboost|p1a: Pangoro|atk|1
|move|p1a: Pangoro|Knock Off|p2a: Salamence
|-damage|p2a: Salamence|7/100 brn
|-enditem|p2a: Salamence|Heavy-Duty Boots|[from] move: Knock Off|[of] p1a: Pangoro
|
|-damage|p2a: Salamence|1/100 brn|[from] brn
|upkeep
|turn|19
|c|☆haxlolo|wow
|
|t:|1665102484
|switch|p1a: Crobat|Crobat, F|89/100
|move|p2a: Salamence|Roost|p2a: Salamence
|-heal|p2a: Salamence|51/100 brn
|-singleturn|p2a: Salamence|move: Roost
|
|-damage|p2a: Salamence|45/100 brn|[from] brn
|upkeep
|turn|20
|c|☆Permission Slip|1
|
|t:|1665102490
|move|p1a: Crobat|Brave Bird|p2a: Salamence
|-damage|p2a: Salamence|14/100 brn
|-damage|p1a: Crobat|77/100|[from] Recoil
|move|p2a: Salamence|Roost|p2a: Salamence
|-heal|p2a: Salamence|64/100 brn
|-singleturn|p2a: Salamence|move: Roost
|
|-damage|p2a: Salamence|58/100 brn|[from] brn
|upkeep
|turn|21
|
|t:|1665102495
|switch|p2a: Golurk|Golurk|100/100
|move|p1a: Crobat|Taunt|p2a: Golurk
|-start|p2a: Golurk|move: Taunt
|
|upkeep
|turn|22
|c| termotanque55|Me explicas
|c| termotanque55|Pq
|c| termotanque55|No sos
|c| termotanque55|Scrappy
|
|t:|1665102505
|move|p1a: Crobat|U-turn|p2a: Golurk
|-resisted|p2a: Golurk
|-damage|p2a: Golurk|91/100
|c| Luirromen|me pregunto lo mismo yo
|c| Luirromen|'-'
|c|☆haxlolo|!ds ghost, uu|ru|nu
|c| haxlolo|/raw <div class="infobox"><a href="//dex.pokemonshowdown.com/pokemon/chandelure" target="_blank" class="subtle" style="white-space:nowrap"><psicon pokemon="Chandelure" style="vertical-align:-7px;margin:-2px" />Chandelure</a>, <a href="//dex.pokemonshowdown.com/pokemon/decidueye" target="_blank" class="subtle" style="white-space:nowrap"><psicon pokemon="Decidueye" style="vertical-align:-7px;margin:-2px" />Decidueye</a>, <a href="//dex.pokemonshowdown.com/pokemon/dhelmise" target="_blank" class="subtle" style="white-space:nowrap"><psicon pokemon="Dhelmise" style="vertical-align:-7px;margin:-2px" />Dhelmise</a>, <a href="//dex.pokemonshowdown.com/pokemon/golurk" target="_blank" class="subtle" style="white-space:nowrap"><psicon pokemon="Golurk" style="vertical-align:-7px;margin:-2px" />Golurk</a>, <a href="//dex.pokemonshowdown.com/pokemon/marowakalola" target="_blank" class="subtle" style="white-space:nowrap"><psicon pokemon="Marowak-Alola" style="vertical-align:-7px;margin:-2px" />Marowak-Alola</a>, <a href="//dex.pokemonshowdown.com/pokemon/mimikyu" target="_blank" class="subtle" style="white-space:nowrap"><psicon pokemon="Mimikyu" style="vertical-align:-7px;margin:-2px" />Mimikyu</a>, <a href="//dex.pokemonshowdown.com/pokemon/polteageist" target="_blank" class="subtle" style="white-space:nowrap"><psicon pokemon="Polteageist" style="vertical-align:-7px;margin:-2px" />Polteageist</a></div>
|c|☆haxlolo|'-'
|
|t:|1665102531
|switch|p1a: Salamence|Salamence, M|87/100|[from]move: U-turn
|-ability|p1a: Salamence|Intimidate|boost
|-unboost|p2a: Golurk|atk|1
|move|p2a: Golurk|Close Combat|p1a: Salamence
|-resisted|p1a: Salamence
|-damage|p1a: Salamence|68/100
|-unboost|p2a: Golurk|def|1
|-unboost|p2a: Golurk|spd|1
|
|upkeep
|turn|23
|
|t:|1665102538
|switch|p2a: Gardevoir|Gardevoir, M|100/100
|-ability|p2a: Gardevoir|Intimidate|[from] ability: Trace|[of] p1a: Salamence
|-ability|p2a: Gardevoir|Intimidate|boost
|-unboost|p1a: Salamence|atk|1
|move|p1a: Salamence|Roost|p1a: Salamence
|-heal|p1a: Salamence|100/100
|-singleturn|p1a: Salamence|move: Roost
|
|upkeep
|turn|24
|c| termotanque55|PARA INTIMIDATE
|c| spooko-xiv|IN
|c| Luirromen|scrappy bloquea intimidate sabias
|c|☆haxlolo|jaja
|
|t:|1665102549
|switch|p1a: Chansey|Chansey, F|80/100
|move|p2a: Gardevoir|Moonblast|p1a: Chansey
|-damage|p1a: Chansey|65/100
|
|upkeep
|turn|25
|
|t:|1665102555
|switch|p2a: Cobalion|Cobalion|64/100
|move|p1a: Chansey|Soft-Boiled|p1a: Chansey
|-heal|p1a: Chansey|100/100
|
|upkeep
|turn|26
|
|t:|1665102559
|switch|p1a: Salamence|Salamence, M|100/100
|-ability|p1a: Salamence|Intimidate|boost
|-unboost|p2a: Cobalion|atk|1
|move|p2a: Cobalion|Stealth Rock|p1a: Salamence
|-sidestart|p1: haxlolo|move: Stealth Rock
|
|upkeep
|turn|27
|l| romanji ≛
|
|t:|1665102564
|move|p2a: Cobalion|Volt Switch|p1a: Salamence
|-damage|p1a: Salamence|85/100
|
|t:|1665102567
|switch|p2a: Gardevoir|Gardevoir, M|100/100|[from]move: Volt Switch
|-ability|p2a: Gardevoir|Intimidate|[from] ability: Trace|[of] p1a: Salamence
|-ability|p2a: Gardevoir|Intimidate|boost
|-unboost|p1a: Salamence|atk|1
|move|p1a: Salamence|Hurricane|p2a: Gardevoir
|-damage|p2a: Gardevoir|56/100
|
|upkeep
|turn|28
|
|t:|1665102574
|switch|p2a: Cobalion|Cobalion|64/100
|switch|p1a: Chansey|Chansey, F|100/100
|-damage|p1a: Chansey|88/100|[from] Stealth Rock
|
|upkeep
|turn|29
|l| Queen of Bean ✿
|
|t:|1665102581
|switch|p1a: Dhelmise|Dhelmise|100/100
|move|p2a: Cobalion|Iron Head|p1a: Dhelmise
|-damage|p1a: Dhelmise|66/100
|
|upkeep
|turn|30
|
|t:|1665102585
|move|p2a: Cobalion|Volt Switch|p1a: Dhelmise
|-resisted|p1a: Dhelmise
|-damage|p1a: Dhelmise|60/100
|
|t:|1665102588
|switch|p2a: Golurk|Golurk|91/100|[from]move: Volt Switch
|move|p1a: Dhelmise|Rapid Spin|p2a: Golurk
|-immune|p2a: Golurk
|
|upkeep
|turn|31
|
|t:|1665102593
|switch|p1a: Salamence|Salamence, M|85/100
|-ability|p1a: Salamence|Intimidate|boost
|-unboost|p2a: Golurk|atk|1
|move|p2a: Golurk|Poltergeist|p1a: Salamence
|-activate|p1a: Salamence|move: Poltergeist|Heavy-Duty Boots
|-damage|p1a: Salamence|27/100
|
|upkeep
|turn|32
|j| Queen of Bean ✿
|
|t:|1665102600
|switch|p2a: Slowking|Slowking, M|76/100
|move|p1a: Salamence|Roost|p1a: Salamence
|-heal|p1a: Salamence|77/100
|-singleturn|p1a: Salamence|move: Roost
|
|upkeep
|turn|33
|
|t:|1665102603
|move|p1a: Salamence|Toxic|p2a: Slowking
|-status|p2a: Slowking|tox
|move|p2a: Slowking|Future Sight|p1a: Salamence
|-start|p2a: Slowking|move: Future Sight
|
|-damage|p2a: Slowking|69/100 tox|[from] psn
|upkeep
|turn|34
|
|t:|1665102608
|move|p1a: Salamence|Roost|p1a: Salamence
|-heal|p1a: Salamence|100/100
|-singleturn|p1a: Salamence|move: Roost
|move|p2a: Slowking|Teleport|p2a: Slowking
|j| TheShowdownHoedown
|
|t:|1665102619
|switch|p2a: Tangrowth|Tangrowth, F|84/100|[from]move: Teleport
|
|upkeep
|turn|35
|
|t:|1665102638
|move|p1a: Salamence|Hurricane|p2a: Tangrowth
|-supereffective|p2a: Tangrowth
|-damage|p2a: Tangrowth|18/100
|-start|p2a: Tangrowth|confusion
|-activate|p2a: Tangrowth|confusion
|move|p2a: Tangrowth|Sludge Bomb|p1a: Salamence
|-damage|p1a: Salamence|75/100
|
|-end|p1a: Salamence|move: Future Sight
|-damage|p1a: Salamence|29/100
|upkeep
|turn|36
|
|t:|1665102644
|switch|p2a: Gardevoir|Gardevoir, M|56/100
|-ability|p2a: Gardevoir|Intimidate|[from] ability: Trace|[of] p1a: Salamence
|-ability|p2a: Gardevoir|Intimidate|boost
|-unboost|p1a: Salamence|atk|1
|move|p1a: Salamence|Roost|p1a: Salamence
|-heal|p1a: Salamence|79/100
|-singleturn|p1a: Salamence|move: Roost
|
|upkeep
|turn|37
|
|t:|1665102650
|switch|p2a: Golurk|Golurk|91/100
|switch|p1a: Chansey|Chansey, F|88/100
|-damage|p1a: Chansey|75/100|[from] Stealth Rock
|
|upkeep
|turn|38
|
|t:|1665102659
|switch|p1a: Crobat|Crobat, F|77/100
|-damage|p1a: Crobat|52/100|[from] Stealth Rock
|move|p2a: Golurk|Close Combat|p1a: Crobat
|-resisted|p1a: Crobat
|-damage|p1a: Crobat|37/100
|-unboost|p2a: Golurk|def|1
|-unboost|p2a: Golurk|spd|1
|
|upkeep
|turn|39
|j| romanji ≛
|
|t:|1665102666
|switch|p2a: Slowking|Slowking, M|100/100 tox
|move|p1a: Crobat|Roost|p1a: Crobat
|-heal|p1a: Crobat|87/100
|-singleturn|p1a: Crobat|move: Roost
|
|-damage|p2a: Slowking|94/100 tox|[from] psn
|upkeep
|turn|40
|
|t:|1665102670
|move|p1a: Crobat|Taunt|p2a: Slowking
|-start|p2a: Slowking|move: Taunt
|move|p2a: Slowking|Future Sight|p1a: Crobat
|-start|p2a: Slowking|move: Future Sight
|
|-damage|p2a: Slowking|82/100 tox|[from] psn
|upkeep
|turn|41
|j| Redplayerlost
|
|t:|1665102674
|switch|p2a: Cobalion|Cobalion|64/100
|move|p1a: Crobat|U-turn|p2a: Cobalion
|-resisted|p2a: Cobalion
|-damage|p2a: Cobalion|61/100
|l| Redplayerlost
|
|t:|1665102692
|switch|p1a: Dhelmise|Dhelmise|60/100|[from]move: U-turn
|
|upkeep
|turn|42
|
|t:|1665102695
|move|p2a: Cobalion|Iron Head|p1a: Dhelmise
|-damage|p1a: Dhelmise|29/100
|move|p1a: Dhelmise|Synthesis|p1a: Dhelmise
|-heal|p1a: Dhelmise|79/100
|
|-end|p1a: Dhelmise|move: Future Sight
|-damage|p1a: Dhelmise|41/100
|upkeep
|turn|43
|
|t:|1665102700
|move|p2a: Cobalion|Iron Head|p1a: Dhelmise
|-damage|p1a: Dhelmise|7/100
|cant|p1a: Dhelmise|flinch
|
|upkeep
|turn|44
|c|☆haxlolo|hm
|
|t:|1665102709
|switch|p1a: Salamence|Salamence, M|79/100
|-ability|p1a: Salamence|Intimidate|boost
|-unboost|p2a: Cobalion|atk|1
|move|p2a: Cobalion|Iron Head|p1a: Salamence
|-damage|p1a: Salamence|58/100
|
|upkeep
|turn|45
|c| spooko-xiv|slip lucking as usual
|c|☆Permission Slip|bad player gets bad play
|
|t:|1665102715
|move|p2a: Cobalion|Volt Switch|p1a: Salamence
|-damage|p1a: Salamence|43/100
|
|t:|1665102718
|switch|p2a: Slowking|Slowking, M|100/100 tox|[from]move: Volt Switch
|move|p1a: Salamence|Roost|p1a: Salamence
|-heal|p1a: Salamence|93/100
|-singleturn|p1a: Salamence|move: Roost
|
|-damage|p2a: Slowking|94/100 tox|[from] psn
|upkeep
|turn|46
|
|t:|1665102721
|switch|p1a: Dhelmise|Dhelmise|7/100
|move|p2a: Slowking|Future Sight|p1a: Dhelmise
|-start|p2a: Slowking|move: Future Sight
|
|-damage|p2a: Slowking|82/100 tox|[from] psn
|upkeep
|turn|47
|
|t:|1665102725
|move|p1a: Dhelmise|Synthesis|p1a: Dhelmise
|-heal|p1a: Dhelmise|57/100
|move|p2a: Slowking|Teleport|p2a: Slowking
|
|t:|1665102728
|switch|p2a: Golurk|Golurk|91/100|[from]move: Teleport
|
|upkeep
|turn|48
|c| Luirromen|pick
|
|t:|1665102737
|switch|p1a: Rotom|Rotom-Wash|95/100 tox
|-damage|p1a: Rotom|82/100 tox|[from] Stealth Rock
|move|p2a: Golurk|Heat Crash|p1a: Rotom
|-resisted|p1a: Rotom
|-damage|p1a: Rotom|50/100 tox
|
|-end|p1a: Rotom|move: Future Sight
|-damage|p1a: Rotom|3/100 tox
|-heal|p1a: Rotom|9/100 tox|[from] item: Leftovers
|-damage|p1a: Rotom|3/100 tox|[from] psn
|upkeep
|turn|49
|c| Luirromen|omg
|
|t:|1665102751
|switch|p2a: Gardevoir|Gardevoir, M|56/100
|-ability|p2a: Gardevoir|Levitate|[from] ability: Trace|[of] p1a: Rotom
|move|p1a: Rotom|Pain Split|p2a: Gardevoir
|-sethp|p2a: Gardevoir|30/100|[from] move: Pain Split|[silent]
|-sethp|p1a: Rotom|27/100 tox|[from] move: Pain Split
|
|-heal|p1a: Rotom|33/100 tox|[from] item: Leftovers
|-damage|p1a: Rotom|21/100 tox|[from] psn
|upkeep
|turn|50
|
|t:|1665102774
|switch|p1a: Chansey|Chansey, F|75/100
|-damage|p1a: Chansey|63/100|[from] Stealth Rock
|move|p2a: Gardevoir|Psychic|p1a: Chansey
|-damage|p1a: Chansey|48/100
|
|upkeep
|turn|51
|c| spooko-xiv|he did not pick
|l| romanji ≛
|
|t:|1665102779
|switch|p2a: Cobalion|Cobalion|61/100
|move|p1a: Chansey|Soft-Boiled|p1a: Chansey
|-heal|p1a: Chansey|98/100
|
|upkeep
|turn|52
|
|t:|1665102782
|switch|p1a: Salamence|Salamence, M|93/100
|-ability|p1a: Salamence|Intimidate|boost
|-unboost|p2a: Cobalion|atk|1
|move|p2a: Cobalion|Volt Switch|p1a: Salamence
|-damage|p1a: Salamence|79/100
|
|t:|1665102790
|switch|p2a: Slowking|Slowking, M|100/100 tox|[from]move: Volt Switch
|
|-damage|p2a: Slowking|94/100 tox|[from] psn
|upkeep
|turn|53
|
|t:|1665102793
|switch|p1a: Rotom|Rotom-Wash|21/100 tox
|-damage|p1a: Rotom|9/100 tox|[from] Stealth Rock
|move|p2a: Slowking|Future Sight|p1a: Rotom
|-start|p2a: Slowking|move: Future Sight
|
|-heal|p1a: Rotom|15/100 tox|[from] item: Leftovers
|-damage|p1a: Rotom|9/100 tox|[from] psn
|-damage|p2a: Slowking|82/100 tox|[from] psn
|upkeep
|turn|54
|
|t:|1665102801
|switch|p2a: Gardevoir|Gardevoir, M|30/100
|-ability|p2a: Gardevoir|Levitate|[from] ability: Trace|[of] p1a: Rotom
|move|p1a: Rotom|Volt Switch|p2a: Gardevoir
|-damage|p2a: Gardevoir|1/100
|
|t:|1665102805
|switch|p1a: Pangoro|Pangoro, M|84/100|[from]move: Volt Switch
|-damage|p1a: Pangoro|78/100|[from] Stealth Rock
|
|upkeep
|turn|55
|
|t:|1665102808
|move|p1a: Pangoro|Bullet Punch|p2a: Gardevoir
|-supereffective|p2a: Gardevoir
|-damage|p2a: Gardevoir|0 fnt
|faint|p2a: Gardevoir
|
|-end|p1a: Pangoro|move: Future Sight
|-immune|p1a: Pangoro
|upkeep
|c| spooko-xiv|1
|c|☆Permission Slip|bp pangoro...
|
|t:|1665102821
|switch|p2a: Golurk|Golurk|91/100
|turn|56
|
|t:|1665102826
|switch|p1a: Rotom|Rotom-Wash|9/100 tox
|-damage|p1a: Rotom|0 fnt|[from] Stealth Rock
|faint|p1a: Rotom
|move|p2a: Golurk|Poltergeist|p1: Rotom|[notarget]
|-fail|p2a: Golurk
|
|upkeep
|j| BigFatMantis
|
|t:|1665102841
|switch|p1a: Chansey|Chansey, F|98/100
|-damage|p1a: Chansey|85/100|[from] Stealth Rock
|turn|57
|
|t:|1665102854
|switch|p2a: Cobalion|Cobalion|61/100
|move|p1a: Chansey|Stealth Rock|p2a: Cobalion
|-sidestart|p2: Permission Slip|move: Stealth Rock
|
|upkeep
|turn|58
|c| Luirromen|esto te lo buildeo franco o que
|
|t:|1665102868
|switch|p1a: Salamence|Salamence, M|79/100
|-ability|p1a: Salamence|Intimidate|boost
|-unboost|p2a: Cobalion|atk|1
|move|p2a: Cobalion|Volt Switch|p1a: Salamence
|-damage|p1a: Salamence|66/100
|c|☆haxlolo|no
|c|☆haxlolo|este lo hice yo soliyo
|
|t:|1665102876
|switch|p2a: Slowking|Slowking, M|100/100 tox|[from]move: Volt Switch
|-damage|p2a: Slowking|88/100 tox|[from] Stealth Rock
|
|-damage|p2a: Slowking|82/100 tox|[from] psn
|upkeep
|turn|59
|l| Queen of Bean ✿
|c|☆haxlolo|solito
|c|☆haxlolo|el anterior si fue franco jasjasj
|
|t:|1665102885
|move|p1a: Salamence|Roost|p1a: Salamence
|-heal|p1a: Salamence|100/100
|-singleturn|p1a: Salamence|move: Roost
|move|p2a: Slowking|Future Sight|p1a: Salamence
|-start|p2a: Slowking|move: Future Sight
|
|-damage|p2a: Slowking|70/100 tox|[from] psn
|upkeep
|turn|60
|
|t:|1665102889
|move|p1a: Salamence|Hurricane|p2a: Slowking
|-damage|p2a: Slowking|40/100 tox
|move|p2a: Slowking|Teleport|p2a: Slowking
|
|t:|1665102894
|switch|p2a: Golurk|Golurk|91/100|[from]move: Teleport
|-damage|p2a: Golurk|85/100|[from] Stealth Rock
|
|upkeep
|turn|61
|
|t:|1665102916
|switch|p1a: Pangoro|Pangoro, M|78/100
|-damage|p1a: Pangoro|72/100|[from] Stealth Rock
|move|p2a: Golurk|Poltergeist|p1a: Pangoro
|-activate|p1a: Pangoro|move: Poltergeist|Choice Band
|-resisted|p1a: Pangoro
|-damage|p1a: Pangoro|13/100
|
|-end|p1a: Pangoro|move: Future Sight
|-immune|p1a: Pangoro
|upkeep
|turn|62
|
|t:|1665102923
|switch|p2a: Salamence|Salamence, M|58/100 brn
|-damage|p2a: Salamence|33/100 brn|[from] Stealth Rock
|-ability|p2a: Salamence|Intimidate|boost
|-unboost|p1a: Pangoro|atk|1
|move|p1a: Pangoro|Close Combat|p2a: Salamence
|-resisted|p2a: Salamence
|-damage|p2a: Salamence|6/100 brn
|-unboost|p1a: Pangoro|def|1
|-unboost|p1a: Pangoro|spd|1
|
|-damage|p2a: Salamence|0 fnt|[from] brn
|faint|p2a: Salamence
|upkeep
|
|t:|1665102929
|switch|p2a: Cobalion|Cobalion|61/100
|-damage|p2a: Cobalion|57/100|[from] Stealth Rock
|turn|63
|j| Queen of Bean ✿
|
|t:|1665102934
|switch|p1a: Salamence|Salamence, M|100/100
|-ability|p1a: Salamence|Intimidate|boost
|-unboost|p2a: Cobalion|atk|1
|move|p2a: Cobalion|Volt Switch|p1a: Salamence
|-damage|p1a: Salamence|87/100
|
|t:|1665102936
|switch|p2a: Slowking|Slowking, M|73/100 tox|[from]move: Volt Switch
|-damage|p2a: Slowking|61/100 tox|[from] Stealth Rock
|
|-damage|p2a: Slowking|54/100 tox|[from] psn
|upkeep
|turn|64
|
|t:|1665102945
|switch|p1a: Dhelmise|Dhelmise|57/100
|move|p2a: Slowking|Slack Off|p2a: Slowking
|-heal|p2a: Slowking|100/100 tox
|
|-damage|p2a: Slowking|88/100 tox|[from] psn
|upkeep
|turn|65
|j| romanji ≛
|
|t:|1665102960
|move|p1a: Dhelmise|Power Whip|p2a: Slowking
|-supereffective|p2a: Slowking
|-damage|p2a: Slowking|13/100 tox
|move|p2a: Slowking|Future Sight|p1a: Dhelmise
|-start|p2a: Slowking|move: Future Sight
|
|-damage|p2a: Slowking|0 fnt|[from] psn
|faint|p2a: Slowking
|upkeep
|
|t:|1665102964
|switch|p2a: Golurk|Golurk|85/100
|-damage|p2a: Golurk|79/100|[from] Stealth Rock
|turn|66
|
|t:|1665102998
|switch|p1a: Pangoro|Pangoro, M|13/100
|-damage|p1a: Pangoro|7/100|[from] Stealth Rock
|move|p2a: Golurk|Heat Crash|p1a: Pangoro
|-damage|p1a: Pangoro|0 fnt
|faint|p1a: Pangoro
|
|upkeep
|
|t:|1665103000
|switch|p1a: Salamence|Salamence, M|87/100
|-ability|p1a: Salamence|Intimidate|boost
|-unboost|p2a: Golurk|atk|1
|turn|67
|
|t:|1665103007
|switch|p2a: Tangrowth|Tangrowth, F|51/100
|-damage|p2a: Tangrowth|38/100|[from] Stealth Rock
|move|p1a: Salamence|Hurricane|p2a: Tangrowth
|-supereffective|p2a: Tangrowth
|-damage|p2a: Tangrowth|0 fnt
|faint|p2a: Tangrowth
|
|-end|p1a: Salamence|move: Future Sight
|-damage|p1a: Salamence|46/100
|upkeep
|
|t:|1665103013
|switch|p2a: Cobalion|Cobalion|57/100
|-damage|p2a: Cobalion|54/100|[from] Stealth Rock
|turn|68
|
|t:|1665103024
|switch|p1a: Crobat|Crobat, F|87/100
|-damage|p1a: Crobat|62/100|[from] Stealth Rock
|move|p2a: Cobalion|Iron Head|p1a: Crobat
|-damage|p1a: Crobat|29/100
|
|upkeep
|turn|69
|
|t:|1665103030
|move|p1a: Crobat|Roost|p1a: Crobat
|-heal|p1a: Crobat|79/100
|-singleturn|p1a: Crobat|move: Roost
|move|p2a: Cobalion|Iron Head|p1a: Crobat
|-damage|p1a: Crobat|43/100
|
|upkeep
|turn|70
|l| romanji ≛
|
|t:|1665103033
|move|p1a: Crobat|Roost|p1a: Crobat
|-heal|p1a: Crobat|93/100
|-singleturn|p1a: Crobat|move: Roost
|move|p2a: Cobalion|Volt Switch|p1a: Crobat
|-damage|p1a: Crobat|76/100
|
|t:|1665103035
|switch|p2a: Golurk|Golurk|79/100|[from]move: Volt Switch
|-damage|p2a: Golurk|73/100|[from] Stealth Rock
|
|upkeep
|turn|71
|
|t:|1665103037
|move|p1a: Crobat|Brave Bird|p2a: Golurk
|-damage|p2a: Golurk|24/100
|-damage|p1a: Crobat|61/100|[from] Recoil
|move|p2a: Golurk|Poltergeist||[still]
|-fail|p2a: Golurk
|
|upkeep
|turn|72
|c|☆haxlolo|gg
|c|☆Permission Slip|o right
|c|☆Permission Slip|LOL
|c|☆Permission Slip|gg
|-message|Permission Slip forfeited.
|
|win|haxlolo
|l| spooko-xiv
|l|☆haxlolo
|l| jimmy gible
|c| ibleachyourskin|better stall
|l| Queen of Bean ✿
|l| ibleachyourskin
|l| TheShowdownHoedown
|l| The SD sweep
|l| Luirromen
|l| Liz Angeles
|l| termotanque55
|j| jimmy gible
|l| jimmy gible
|l| BigFatMantis
|j| romanji ≛
|l| romanji ≛
|j| jade bloom ✿
|l| jade bloom ✿
|j| Kingdom Heartz
|j| spooko-xiv
|l| Kingdom Heartz
