|j|☆Final Retribution
|j|☆la nouille
|t:|1613259819
|player|p1|Final Retribution|blue|1380
|player|p2|la nouille|schoolkid|1449
|teamsize|p1|6
|teamsize|p2|6
|gametype|singles
|gen|8
|tier|[Gen 8] UU
|rated|
|clearpoke
|poke|p1|Grimmsnarl, M|
|poke|p1|Krookodile, M|
|poke|p1|Gyarados, M|
|poke|p1|Zeraora|
|poke|p1|Moltres-Galar|
|poke|p1|Scizor, M|
|poke|p2|Nihilego|
|poke|p2|Thundurus, M|
|poke|p2|Hatterene, F|
|poke|p2|Ditto|
|poke|p2|Salamence, F|
|poke|p2|Terrakion|
|rule|Sleep Clause Mod: Limit one foe put to sleep
|rule|Species Clause: Limit one of each Pokémon
|rule|OHKO Clause: OHKO moves are banned
|rule|Evasion Moves Clause: Evasion moves are banned
|rule|Endless Battle Clause: Forcing endless battles is banned
|rule|HP Percentage Mod: HP is shown in percentages
|rule|Dynamax Clause: You cannot dynamax
|teampreview
|inactive|Battle timer is ON: inactive players will automatically lose when time's up. (requested by Final Retribution)
|
|t:|1613259828
|start
|switch|p1a: Krookodile|Krookodile, M|100/100
|switch|p2a: Hatterene|Hatterene, F|100/100
|-ability|p1a: Krookodile|Intimidate|boost
|-unboost|p2a: Hatterene|atk|1
|turn|1
|
|t:|1613259835
|move|p1a: Krookodile|Knock Off|p2a: Hatterene
|-damage|p2a: Hatterene|62/100
|-enditem|p2a: Hatterene|Leftovers|[from] move: Knock Off|[of] p1a: Krookodile
|move|p2a: Hatterene|Draining Kiss|p1a: Krookodile
|-supereffective|p1a: Krookodile
|-damage|p1a: Krookodile|42/100
|-heal|p2a: Hatterene|100/100|[from] drain|[of] p1a: Krookodile
|
|upkeep
|turn|2
|inactive|Final Retribution has 120 seconds left.
|
|t:|1613259887
|switch|p1a: Scizor|Scizor, M|100/100
|move|p2a: Hatterene|Draining Kiss|p1a: Scizor
|-resisted|p1a: Scizor
|-damage|p1a: Scizor|86/100
|
|upkeep
|turn|3
|
|t:|1613259894
|switch|p2a: Salamence|Salamence, F|100/100
|-ability|p2a: Salamence|Intimidate|boost
|-unboost|p1a: Scizor|atk|1
|move|p1a: Scizor|Bullet Punch|p2a: Salamence
|-damage|p2a: Salamence|71/100
|-damage|p1a: Scizor|76/100|[from] item: Life Orb
|
|upkeep
|turn|4
|
|t:|1613259902
|switch|p1a: Grimmsnarl|Grimmsnarl, M|100/100
|move|p2a: Salamence|Roost|p2a: Salamence
|-heal|p2a: Salamence|100/100
|-singleturn|p2a: Salamence|move: Roost
|
|upkeep
|turn|5
|inactive|Final Retribution has 120 seconds left.
|
|t:|1613259917
|switch|p2a: Hatterene|Hatterene, F|100/100
|move|p1a: Grimmsnarl|Spirit Break|p2a: Hatterene
|-damage|p2a: Hatterene|63/100
|-unboost|p2a: Hatterene|spa|1
|
|upkeep
|turn|6
|
|t:|1613259925
|move|p1a: Grimmsnarl|Light Screen|p1a: Grimmsnarl
|-sidestart|p1: Final Retribution|move: Light Screen
|move|p2a: Hatterene|Nuzzle|p1a: Grimmsnarl
|-damage|p1a: Grimmsnarl|95/100
|-status|p1a: Grimmsnarl|par
|
|upkeep
|turn|7
|
|t:|1613259938
|move|p1a: Grimmsnarl|Reflect|p1a: Grimmsnarl
|-sidestart|p1: Final Retribution|Reflect
|move|p2a: Hatterene|Draining Kiss|p1a: Grimmsnarl
|-supereffective|p1a: Grimmsnarl
|-damage|p1a: Grimmsnarl|75/100 par
|-heal|p2a: Hatterene|78/100|[from] drain|[of] p1a: Grimmsnarl
|
|upkeep
|turn|8
|inactive|Final Retribution has 120 seconds left.
|inactive|la nouille has 120 seconds left.
|inactive|Final Retribution has 90 seconds left.
|
|t:|1613259989
|switch|p1a: Zeraora|Zeraora|100/100
|move|p2a: Hatterene|Calm Mind|p2a: Hatterene
|-boost|p2a: Hatterene|spa|1
|-boost|p2a: Hatterene|spd|1
|
|upkeep
|turn|9
|inactive|la nouille has 120 seconds left.
|
|t:|1613260002
|move|p1a: Zeraora|Plasma Fists|p2a: Hatterene
|-damage|p2a: Hatterene|35/100
|-fieldactivate|move: Ion Deluge
|move|p2a: Hatterene|Calm Mind|p2a: Hatterene
|-boost|p2a: Hatterene|spa|1
|-boost|p2a: Hatterene|spd|1
|
|upkeep
|turn|10
|inactive|la nouille has 120 seconds left.
|
|t:|1613260013
|switch|p2a: Salamence|Salamence, F|100/100
|-ability|p2a: Salamence|Intimidate|boost
|-unboost|p1a: Zeraora|atk|1
|move|p1a: Zeraora|Plasma Fists|p2a: Salamence
|-damage|p2a: Salamence|66/100
|-fieldactivate|move: Ion Deluge
|
|upkeep
|turn|11
|
|t:|1613260023
|move|p1a: Zeraora|Bulk Up|p1a: Zeraora
|-boost|p1a: Zeraora|atk|1
|-boost|p1a: Zeraora|def|1
|move|p2a: Salamence|Draco Meteor|p1a: Zeraora|[miss]
|-miss|p2a: Salamence|p1a: Zeraora
|
|upkeep
|turn|12
|
|t:|1613260031
|move|p1a: Zeraora|Play Rough|p2a: Salamence
|-supereffective|p2a: Salamence
|-damage|p2a: Salamence|8/100
|-unboost|p2a: Salamence|atk|1
|move|p2a: Salamence|Draco Meteor|p1a: Zeraora
|-damage|p1a: Zeraora|61/100
|-unboost|p2a: Salamence|spa|2
|
|-heal|p1a: Zeraora|67/100|[from] item: Leftovers
|upkeep
|turn|13
|
|t:|1613260047
|move|p1a: Zeraora|Plasma Fists|p2a: Salamence
|-damage|p2a: Salamence|0 fnt
|-fieldactivate|move: Ion Deluge
|faint|p2a: Salamence
|
|-heal|p1a: Zeraora|73/100|[from] item: Leftovers
|-sideend|p1: Final Retribution|move: Light Screen
|upkeep
|
|t:|1613260060
|switch|p2a: Thundurus|Thundurus, M|100/100
|turn|14
|inactive|Final Retribution has 90 seconds left.
|
|t:|1613260105
|switch|p1a: Moltres|Moltres-Galar|100/100
|move|p2a: Thundurus|Sludge Wave|p1a: Moltres
|-damage|p1a: Moltres|61/100
|
|-sideend|p1: Final Retribution|Reflect
|upkeep
|turn|15
|
|t:|1613260112
|switch|p2a: Nihilego|Nihilego|100/100
|switch|p1a: Krookodile|Krookodile, M|42/100
|-ability|p1a: Krookodile|Intimidate|boost
|-unboost|p2a: Nihilego|atk|1
|
|upkeep
|turn|16
|
|t:|1613260119
|move|p2a: Nihilego|Grass Knot|p1a: Krookodile
|-supereffective|p1a: Krookodile
|-damage|p1a: Krookodile|0 fnt
|faint|p1a: Krookodile
|-ability|p2a: Nihilego|Beast Boost|boost
|-boost|p2a: Nihilego|spe|1
|
|upkeep
|inactive|Final Retribution has 90 seconds left.
|
|t:|1613260127
|switch|p1a: Scizor|Scizor, M|76/100
|turn|17
|
|t:|1613260132
|switch|p2a: Hatterene|Hatterene, F|35/100
|move|p1a: Scizor|Bullet Punch|p2a: Hatterene
|-supereffective|p2a: Hatterene
|-damage|p2a: Hatterene|0 fnt
|-damage|p1a: Scizor|66/100|[from] item: Life Orb
|faint|p2a: Hatterene
|
|upkeep
|
|t:|1613260139
|switch|p2a: Thundurus|Thundurus, M|100/100
|turn|18
|inactive|Final Retribution has 90 seconds left.
|
|t:|1613260176
|switch|p2a: Ditto|Ditto|100/100
|-transform|p2a: Ditto|p1a: Scizor|[from] ability: Imposter
|switch|p1a: Zeraora|Zeraora|73/100
|
|-heal|p1a: Zeraora|79/100|[from] item: Leftovers
|upkeep
|turn|19
|
|t:|1613260187
|move|p1a: Zeraora|Blaze Kick|p2a: Ditto
|-supereffective|p2a: Ditto
|-damage|p2a: Ditto|0 fnt
|faint|p2a: Ditto
|
|-heal|p1a: Zeraora|85/100|[from] item: Leftovers
|upkeep
|
|t:|1613260193
|switch|p2a: Nihilego|Nihilego|100/100
|turn|20
|inactive|Final Retribution has 90 seconds left.
|
|t:|1613260209
|move|p1a: Zeraora|Plasma Fists|p2a: Nihilego
|-damage|p2a: Nihilego|19/100
|-fieldactivate|move: Ion Deluge
|move|p2a: Nihilego|Meteor Beam||[still]
|-prepare|p2a: Nihilego|Meteor Beam
|-boost|p2a: Nihilego|spa|1
|-enditem|p2a: Nihilego|Power Herb
|-anim|p2a: Nihilego|Meteor Beam|p1a: Zeraora
|-damage|p1a: Zeraora|0 fnt
|faint|p1a: Zeraora
|-ability|p2a: Nihilego|Beast Boost|boost
|-boost|p2a: Nihilego|spe|1
|
|upkeep
|
|t:|1613260219
|switch|p1a: Scizor|Scizor, M|66/100
|turn|21
|inactive|Final Retribution has 90 seconds left.
|
|t:|1613260227
|move|p1a: Scizor|Bullet Punch|p2a: Nihilego
|-supereffective|p2a: Nihilego
|-damage|p2a: Nihilego|0 fnt
|-damage|p1a: Scizor|57/100|[from] item: Life Orb
|faint|p2a: Nihilego
|
|upkeep
|
|t:|1613260232
|switch|p2a: Thundurus|Thundurus, M|100/100
|turn|22
|
|t:|1613260241
|switch|p1a: Moltres|Moltres-Galar|61/100
|move|p2a: Thundurus|Thunderbolt|p1a: Moltres
|-supereffective|p1a: Moltres
|-damage|p1a: Moltres|0 fnt
|faint|p1a: Moltres
|
|upkeep
|
|t:|1613260243
|switch|p1a: Grimmsnarl|Grimmsnarl, M|75/100 par
|turn|23
|
|t:|1613260249
|move|p1a: Grimmsnarl|Light Screen|p1a: Grimmsnarl
|-sidestart|p1: Final Retribution|move: Light Screen
|move|p2a: Thundurus|Thunderbolt|p1a: Grimmsnarl
|-damage|p1a: Grimmsnarl|30/100 par
|
|upkeep
|turn|24
|
|t:|1613260254
|move|p1a: Grimmsnarl|Reflect|p1a: Grimmsnarl
|-sidestart|p1: Final Retribution|Reflect
|move|p2a: Thundurus|Thunderbolt|p1a: Grimmsnarl
|-damage|p1a: Grimmsnarl|0 fnt
|faint|p1a: Grimmsnarl
|
|upkeep
|inactive|Final Retribution has 120 seconds left.
|
|t:|1613260264
|switch|p1a: Scizor|Scizor, M|57/100
|turn|25
|
|t:|1613260267
|move|p2a: Thundurus|Thunderbolt|p1a: Scizor
|-damage|p1a: Scizor|12/100
|move|p1a: Scizor|Knock Off|p2a: Thundurus
|-damage|p2a: Thundurus|22/100
|-enditem|p2a: Thundurus|Choice Specs|[from] move: Knock Off|[of] p1a: Scizor
|-damage|p1a: Scizor|2/100|[from] item: Life Orb
|
|upkeep
|turn|26
|
|t:|1613260275
|move|p1a: Scizor|Quick Attack|p2a: Thundurus
|-damage|p2a: Thundurus|0 fnt
|-damage|p1a: Scizor|0 fnt|[from] item: Life Orb
|faint|p2a: Thundurus
|faint|p1a: Scizor
|
|upkeep
|
|t:|1613260280
|switch|p2a: Terrakion|Terrakion|100/100
|switch|p1a: Gyarados|Gyarados, M|100/100
|turn|27
|
|t:|1613260286
|move|p2a: Terrakion|Stone Edge|p1a: Gyarados
|-supereffective|p1a: Gyarados
|-crit|p1a: Gyarados
|-damage|p1a: Gyarados|0 fnt
|-damage|p2a: Terrakion|91/100|[from] item: Life Orb
|faint|p1a: Gyarados
|
|win|la nouille
|c|☆la nouille|gg
|l|☆Final Retribution
|raw|Final Retribution's rating: 1392 &rarr; <strong>1375</strong><br />(-17 for losing)
|raw|la nouille's rating: 1449 &rarr; <strong>1466</strong><br />(+17 for winning)
