|j|☆DarkHorse344
|j|☆Corporate Donkey
|t:|1667360215
|gametype|singles
|player|p1|DarkHorse344|brendan-gen3rs|1307
|player|p2|Corporate Donkey|ingo|1445
|teamsize|p1|6
|teamsize|p2|6
|gen|8
|tier|[Gen 8] UU
|rated|
|rule|Sleep Clause Mod: Limit one foe put to sleep
|rule|Species Clause: Limit one of each Pokémon
|rule|OHKO Clause: OHKO moves are banned
|rule|Evasion Items Clause: Evasion items are banned
|rule|Evasion Moves Clause: Evasion moves are banned
|rule|Endless Battle Clause: Forcing endless battles is banned
|rule|HP Percentage Mod: HP is shown in percentages
|rule|Dynamax Clause: You cannot dynamax
|clearpoke
|poke|p1|Registeel|
|poke|p1|Zygarde-10%|
|poke|p1|Chansey, F|
|poke|p1|Amoonguss, F|
|poke|p1|Conkeldurr, F|
|poke|p1|Salamence, M|
|poke|p2|Hippowdon, M|
|poke|p2|Hydreigon, F|
|poke|p2|Cobalion|
|poke|p2|Necrozma|
|poke|p2|Primarina, F|
|poke|p2|Amoonguss, M|
|teampreview
|c|☆Corporate Donkey|gl hf
|j| RockcatcherRichard
|c|☆DarkHorse344|you too!
|c|☆Corporate Donkey|thanks
|
|t:|1667360244
|start
|switch|p1a: Registeel|Registeel|100/100
|switch|p2a: Hippowdon|Hippowdon, M|100/100
|turn|1
|
|t:|1667360253
|move|p1a: Registeel|Iron Defense|p1a: Registeel
|-boost|p1a: Registeel|def|2
|move|p2a: Hippowdon|Stealth Rock|p1a: Registeel
|-sidestart|p1: DarkHorse344|move: Stealth Rock
|
|upkeep
|turn|2
|
|t:|1667360262
|switch|p2a: Necrozma|Necrozma|100/100
|move|p1a: Registeel|Iron Defense|p1a: Registeel
|-boost|p1a: Registeel|def|2
|
|upkeep
|turn|3
|
|t:|1667360265
|move|p2a: Necrozma|Calm Mind|p2a: Necrozma
|-boost|p2a: Necrozma|spa|1
|-boost|p2a: Necrozma|spd|1
|move|p1a: Registeel|Amnesia|p1a: Registeel
|-boost|p1a: Registeel|spd|2
|
|upkeep
|turn|4
|
|t:|1667360269
|move|p2a: Necrozma|Heat Wave|p1a: Registeel
|-supereffective|p1a: Registeel
|-damage|p1a: Registeel|72/100
|move|p1a: Registeel|Amnesia|p1a: Registeel
|-boost|p1a: Registeel|spd|2
|
|-heal|p1a: Registeel|79/100|[from] item: Leftovers
|upkeep
|turn|5
|
|t:|1667360272
|move|p2a: Necrozma|Calm Mind|p2a: Necrozma
|-boost|p2a: Necrozma|spa|1
|-boost|p2a: Necrozma|spd|1
|move|p1a: Registeel|Amnesia|p1a: Registeel
|-boost|p1a: Registeel|spd|2
|
|-heal|p1a: Registeel|85/100|[from] item: Leftovers
|upkeep
|turn|6
|
|t:|1667360273
|move|p2a: Necrozma|Calm Mind|p2a: Necrozma
|-boost|p2a: Necrozma|spa|1
|-boost|p2a: Necrozma|spd|1
|move|p1a: Registeel|Iron Defense|p1a: Registeel
|-boost|p1a: Registeel|def|2
|
|-heal|p1a: Registeel|91/100|[from] item: Leftovers
|upkeep
|turn|7
|
|t:|1667360277
|move|p2a: Necrozma|Calm Mind|p2a: Necrozma
|-boost|p2a: Necrozma|spa|1
|-boost|p2a: Necrozma|spd|1
|move|p1a: Registeel|Body Press|p2a: Necrozma
|-resisted|p2a: Necrozma
|-damage|p2a: Necrozma|49/100
|
|-heal|p1a: Registeel|97/100|[from] item: Leftovers
|upkeep
|turn|8
|
|t:|1667360280
|move|p2a: Necrozma|Moonlight|p2a: Necrozma
|-heal|p2a: Necrozma|99/100
|move|p1a: Registeel|Body Press|p2a: Necrozma
|-resisted|p2a: Necrozma
|-damage|p2a: Necrozma|54/100
|
|-heal|p1a: Registeel|100/100|[from] item: Leftovers
|upkeep
|turn|9
|
|t:|1667360283
|move|p2a: Necrozma|Heat Wave|p1a: Registeel
|-supereffective|p1a: Registeel
|-damage|p1a: Registeel|69/100
|move|p1a: Registeel|Body Press|p2a: Necrozma
|-resisted|p2a: Necrozma
|-damage|p2a: Necrozma|4/100
|
|-heal|p1a: Registeel|75/100|[from] item: Leftovers
|upkeep
|turn|10
|
|t:|1667360290
|move|p2a: Necrozma|Moonlight|p2a: Necrozma
|-heal|p2a: Necrozma|54/100
|move|p1a: Registeel|Body Press|p2a: Necrozma
|-resisted|p2a: Necrozma
|-damage|p2a: Necrozma|6/100
|
|-heal|p1a: Registeel|81/100|[from] item: Leftovers
|upkeep
|turn|11
|
|t:|1667360293
|move|p2a: Necrozma|Heat Wave|p1a: Registeel
|-supereffective|p1a: Registeel
|-damage|p1a: Registeel|53/100
|move|p1a: Registeel|Body Press|p2a: Necrozma
|-resisted|p2a: Necrozma
|-damage|p2a: Necrozma|0 fnt
|faint|p2a: Necrozma
|
|-heal|p1a: Registeel|59/100|[from] item: Leftovers
|upkeep
|
|t:|1667360299
|switch|p2a: Hippowdon|Hippowdon, M|100/100
|turn|12
|
|t:|1667360301
|move|p1a: Registeel|Body Press|p2a: Hippowdon
|-damage|p2a: Hippowdon|18/100
|move|p2a: Hippowdon|Earthquake|p1a: Registeel
|-supereffective|p1a: Registeel
|-damage|p1a: Registeel|49/100
|
|-heal|p1a: Registeel|55/100|[from] item: Leftovers
|-heal|p2a: Hippowdon|25/100|[from] item: Leftovers
|upkeep
|turn|13
|
|t:|1667360306
|move|p1a: Registeel|Body Press|p2a: Hippowdon
|-damage|p2a: Hippowdon|0 fnt
|faint|p2a: Hippowdon
|
|-heal|p1a: Registeel|61/100|[from] item: Leftovers
|upkeep
|
|t:|1667360308
|switch|p2a: Cobalion|Cobalion|100/100
|turn|14
|
|t:|1667360310
|move|p2a: Cobalion|Close Combat|p1a: Registeel
|-supereffective|p1a: Registeel
|-damage|p1a: Registeel|48/100
|-unboost|p2a: Cobalion|def|1
|-unboost|p2a: Cobalion|spd|1
|move|p1a: Registeel|Body Press|p2a: Cobalion
|-supereffective|p2a: Cobalion
|-damage|p2a: Cobalion|0 fnt
|-damage|p1a: Registeel|32/100|[from] item: Rocky Helmet|[of] p2a: Cobalion
|faint|p2a: Cobalion
|
|-heal|p1a: Registeel|38/100|[from] item: Leftovers
|upkeep
|
|t:|1667360313
|switch|p2a: Hydreigon|Hydreigon, F|100/100
|turn|15
|
|t:|1667360315
|move|p2a: Hydreigon|Dark Pulse|p1a: Registeel
|-damage|p1a: Registeel|31/100
|move|p1a: Registeel|Body Press|p2a: Hydreigon
|-supereffective|p2a: Hydreigon
|-crit|p2a: Hydreigon
|-damage|p2a: Hydreigon|0 fnt
|faint|p2a: Hydreigon
|
|-heal|p1a: Registeel|37/100|[from] item: Leftovers
|upkeep
|
|t:|1667360320
|switch|p2a: Primarina|Primarina, F|100/100
|turn|16
|
|t:|1667360322
|move|p2a: Primarina|Scald|p1a: Registeel
|-damage|p1a: Registeel|32/100
|-status|p1a: Registeel|brn
|move|p1a: Registeel|Body Press|p2a: Primarina
|-resisted|p2a: Primarina
|-damage|p2a: Primarina|65/100
|
|-heal|p2a: Primarina|71/100|[from] item: Leftovers
|-heal|p1a: Registeel|38/100 brn|[from] item: Leftovers
|-damage|p1a: Registeel|32/100 brn|[from] brn
|upkeep
|turn|17
|
|t:|1667360326
|move|p2a: Primarina|Scald|p1a: Registeel
|-damage|p1a: Registeel|26/100 brn
|move|p1a: Registeel|Body Press|p2a: Primarina
|-resisted|p2a: Primarina
|-damage|p2a: Primarina|35/100
|
|-heal|p2a: Primarina|41/100|[from] item: Leftovers
|-heal|p1a: Registeel|32/100 brn|[from] item: Leftovers
|-damage|p1a: Registeel|26/100 brn|[from] brn
|upkeep
|turn|18
|
|t:|1667360328
|move|p2a: Primarina|Scald|p1a: Registeel
|-damage|p1a: Registeel|20/100 brn
|move|p1a: Registeel|Body Press|p2a: Primarina
|-resisted|p2a: Primarina
|-damage|p2a: Primarina|5/100
|
|-heal|p2a: Primarina|11/100|[from] item: Leftovers
|-heal|p1a: Registeel|26/100 brn|[from] item: Leftovers
|-damage|p1a: Registeel|20/100 brn|[from] brn
|upkeep
|turn|19
|
|t:|1667360333
|move|p2a: Primarina|Scald|p1a: Registeel
|-damage|p1a: Registeel|11/100 brn
|move|p1a: Registeel|Body Press|p2a: Primarina
|-resisted|p2a: Primarina
|-damage|p2a: Primarina|0 fnt
|faint|p2a: Primarina
|
|-heal|p1a: Registeel|17/100 brn|[from] item: Leftovers
|-damage|p1a: Registeel|11/100 brn|[from] brn
|upkeep
|
|t:|1667360335
|switch|p2a: Amoonguss|Amoonguss, M|100/100
|turn|20
|
|t:|1667360338
|move|p1a: Registeel|Rest|p1a: Registeel
|-status|p1a: Registeel|slp|[from] move: Rest
|-heal|p1a: Registeel|100/100 slp|[silent]
|move|p2a: Amoonguss|Foul Play|p1a: Registeel
|-damage|p1a: Registeel|99/100 slp
|
|-heal|p1a: Registeel|100/100 slp|[from] item: Leftovers
|upkeep
|turn|21
|-message|Corporate Donkey forfeited.
|
|win|DarkHorse344
|raw|DarkHorse344's rating: 1307 &rarr; <strong>1335</strong><br />(+28 for winning)
|raw|Corporate Donkey's rating: 1445 &rarr; <strong>1417</strong><br />(-28 for losing)
|l|☆Corporate Donkey
|c|☆DarkHorse344|gg!
||Ladder isn't responding, score probably updated but might not have (Request timeout).
