|j|☆Queen of Bean ✿
|j|☆kindersurprise2 0
|t:|1663395076
|gametype|singles
|player|p1|Queen of Bean ✿|hexmaniac-gen6|1350
|player|p2|kindersurprise2 0|emmet|1482
|teamsize|p1|6
|teamsize|p2|6
|gen|8
|tier|[Gen 8] UU
|rated|
|rule|Sleep Clause Mod: Limit one foe put to sleep
|rule|Species Clause: Limit one of each Pokémon
|rule|OHKO Clause: OHKO moves are banned
|rule|Evasion Items Clause: Evasion items are banned
|rule|Evasion Moves Clause: Evasion moves are banned
|rule|Endless Battle Clause: Forcing endless battles is banned
|rule|HP Percentage Mod: HP is shown in percentages
|rule|Dynamax Clause: You cannot dynamax
|clearpoke
|poke|p1|Nidoqueen, F|
|poke|p1|Celesteela|
|poke|p1|Hydreigon, M|
|poke|p1|Slowking, F|
|poke|p1|Tangrowth, M|
|poke|p1|Rotom-Heat|
|poke|p2|Slowbro-Galar, M|
|poke|p2|Zarude-Dada|
|poke|p2|Rotom-Wash|
|poke|p2|Moltres|
|poke|p2|Hippowdon, F|
|poke|p2|Celesteela|
|teampreview
|
|t:|1663395087
|start
|switch|p1a: Hydreigon|Hydreigon, M|100/100
|switch|p2a: Cabbage|Rotom-Wash|100/100
|turn|1
|
|t:|1663395101
|move|p1a: Hydreigon|Dark Pulse|p2a: Cabbage
|-damage|p2a: Cabbage|57/100
|move|p2a: Cabbage|Trick|p1a: Hydreigon
|-activate|p2a: Cabbage|move: Trick|[of] p1a: Hydreigon
|-item|p1a: Hydreigon|Choice Scarf|[from] move: Trick
|-item|p2a: Cabbage|Choice Scarf|[from] move: Trick
|
|upkeep
|turn|2
|
|t:|1663395105
|switch|p2a: Ermm|Zarude-Dada|100/100
|move|p1a: Hydreigon|Dark Pulse|p2a: Ermm
|-resisted|p2a: Ermm
|-damage|p2a: Ermm|81/100
|
|upkeep
|turn|3
|
|t:|1663395112
|switch|p1a: Celesteela|Celesteela|100/100
|move|p2a: Ermm|U-turn|p1a: Celesteela
|-resisted|p1a: Celesteela
|-damage|p1a: Celesteela|94/100
|
|t:|1663395122
|switch|p2a: Cabbage|Rotom-Wash|57/100|[from]move: U-turn
|
|-heal|p1a: Celesteela|99/100|[from] item: Leftovers
|upkeep
|turn|4
|
|t:|1663395139
|switch|p1a: Hydreigon|Hydreigon, M|100/100
|move|p2a: Cabbage|Volt Switch|p1a: Hydreigon
|-resisted|p1a: Hydreigon
|-damage|p1a: Hydreigon|84/100
|
|t:|1663395156
|switch|p2a: Avocado|Moltres|100/100|[from]move: Volt Switch
|
|upkeep
|turn|5
|
|t:|1663395177
|move|p1a: Hydreigon|Draco Meteor|p2a: Avocado
|-damage|p2a: Avocado|24/100
|-unboost|p1a: Hydreigon|spa|2
|move|p2a: Avocado|Roost|p2a: Avocado
|-heal|p2a: Avocado|74/100
|-singleturn|p2a: Avocado|move: Roost
|
|upkeep
|turn|6
|
|t:|1663395185
|switch|p1a: Rotom|Rotom-Heat|100/100
|move|p2a: Avocado|Toxic|p1a: Rotom
|-status|p1a: Rotom|tox
|
|-damage|p1a: Rotom|94/100 tox|[from] psn
|upkeep
|turn|7
|
|t:|1663395194
|move|p2a: Avocado|Roost|p2a: Avocado
|-heal|p2a: Avocado|100/100
|-singleturn|p2a: Avocado|move: Roost
|move|p1a: Rotom|Toxic|p2a: Avocado
|-status|p2a: Avocado|tox
|
|-damage|p2a: Avocado|94/100 tox|[from] psn
|-damage|p1a: Rotom|82/100 tox|[from] psn
|upkeep
|turn|8
|
|t:|1663395202
|move|p2a: Avocado|U-turn|p1a: Rotom
|-resisted|p1a: Rotom
|-damage|p1a: Rotom|75/100 tox
|
|t:|1663395205
|switch|p2a: Hax Repellant 3.0|Slowbro-Galar, M|100/100|[from]move: U-turn
|move|p1a: Rotom|Volt Switch|p2a: Hax Repellant 3.0
|-damage|p2a: Hax Repellant 3.0|84/100
|
|t:|1663395213
|switch|p1a: Nidoqueen|Nidoqueen, F|100/100|[from]move: Volt Switch
|
|upkeep
|turn|9
|
|t:|1663395218
|move|p1a: Nidoqueen|Stealth Rock|p2a: Hax Repellant 3.0
|-sidestart|p2: kindersurprise2 0|move: Stealth Rock
|move|p2a: Hax Repellant 3.0|Future Sight|p1a: Nidoqueen
|-start|p2a: Hax Repellant 3.0|move: Future Sight
|
|upkeep
|turn|10
|
|t:|1663395228
|move|p1a: Nidoqueen|Earth Power|p2a: Hax Repellant 3.0
|-supereffective|p2a: Hax Repellant 3.0
|-damage|p2a: Hax Repellant 3.0|0 fnt
|faint|p2a: Hax Repellant 3.0
|
|upkeep
|
|t:|1663395257
|switch|p2a: Ermm|Zarude-Dada|81/100
|-damage|p2a: Ermm|69/100|[from] Stealth Rock
|turn|11
|
|t:|1663395276
|switch|p1a: Celesteela|Celesteela|99/100
|move|p2a: Ermm|Darkest Lariat|p1a: Celesteela
|-damage|p1a: Celesteela|48/100
|
|-end|p1a: Celesteela|move: Future Sight
|-resisted|p1a: Celesteela
|-damage|p1a: Celesteela|35/100
|-heal|p1a: Celesteela|41/100|[from] item: Leftovers
|upkeep
|turn|12
|
|t:|1663395282
|move|p1a: Celesteela|Protect|p1a: Celesteela
|-singleturn|p1a: Celesteela|Protect
|move|p2a: Ermm|Darkest Lariat|p1a: Celesteela
|-activate|p1a: Celesteela|move: Protect
|
|-heal|p1a: Celesteela|47/100|[from] item: Leftovers
|upkeep
|turn|13
|
|t:|1663395290
|switch|p1a: Tangrowth|Tangrowth, M|100/100
|move|p2a: Ermm|Darkest Lariat|p1a: Tangrowth
|-crit|p1a: Tangrowth
|-damage|p1a: Tangrowth|41/100
|
|upkeep
|turn|14
|
|t:|1663395305
|switch|p2a: Avocado|Moltres|94/100 tox
|switch|p1a: Celesteela|Celesteela|47/100
|
|-heal|p1a: Celesteela|53/100|[from] item: Leftovers
|-damage|p2a: Avocado|88/100 tox|[from] psn
|upkeep
|turn|15
|
|t:|1663395313
|move|p1a: Celesteela|Protect|p1a: Celesteela
|-singleturn|p1a: Celesteela|Protect
|move|p2a: Avocado|Mystical Fire|p1a: Celesteela
|-activate|p1a: Celesteela|move: Protect
|
|-heal|p1a: Celesteela|59/100|[from] item: Leftovers
|-damage|p2a: Avocado|76/100 tox|[from] psn
|upkeep
|turn|16
|
|t:|1663395322
|switch|p1a: Rotom|Rotom-Heat|75/100 tox
|move|p2a: Avocado|U-turn|p1a: Rotom
|-resisted|p1a: Rotom
|-damage|p1a: Rotom|69/100 tox
|
|t:|1663395327
|switch|p2a: Ermm|Zarude-Dada|69/100|[from]move: U-turn
|-damage|p2a: Ermm|56/100|[from] Stealth Rock
|
|-damage|p1a: Rotom|62/100 tox|[from] psn
|upkeep
|turn|17
|
|t:|1663395335
|move|p2a: Ermm|U-turn|p1a: Rotom
|-resisted|p1a: Rotom
|-damage|p1a: Rotom|45/100 tox
|
|t:|1663395338
|switch|p2a: Cocoa|Hippowdon, F|100/100|[from]move: U-turn
|-damage|p2a: Cocoa|94/100|[from] Stealth Rock
|-weather|Sandstorm|[from] ability: Sand Stream|[of] p2a: Cocoa
|move|p1a: Rotom|Overheat|p2a: Cocoa|[miss]
|-miss|p1a: Rotom|p2a: Cocoa
|
|-weather|Sandstorm|[upkeep]
|-damage|p1a: Rotom|39/100 tox|[from] Sandstorm
|-heal|p2a: Cocoa|100/100|[from] item: Leftovers
|-damage|p1a: Rotom|26/100 tox|[from] psn
|upkeep
|turn|18
|
|t:|1663395347
|switch|p2a: Avocado|Moltres|76/100 tox
|move|p1a: Rotom|Pain Split|p2a: Avocado
|-sethp|p2a: Avocado|49/100 tox|[from] move: Pain Split|[silent]
|-sethp|p1a: Rotom|58/100 tox|[from] move: Pain Split
|
|-weather|Sandstorm|[upkeep]
|-damage|p2a: Avocado|43/100 tox|[from] Sandstorm
|-damage|p1a: Rotom|52/100 tox|[from] Sandstorm
|-damage|p2a: Avocado|37/100 tox|[from] psn
|-damage|p1a: Rotom|33/100 tox|[from] psn
|upkeep
|turn|19
|
|t:|1663395358
|switch|p1a: Celesteela|Celesteela|59/100
|move|p2a: Avocado|Roost|p2a: Avocado
|-heal|p2a: Avocado|87/100 tox
|-singleturn|p2a: Avocado|move: Roost
|
|-weather|Sandstorm|[upkeep]
|-damage|p2a: Avocado|81/100 tox|[from] Sandstorm
|-heal|p1a: Celesteela|65/100|[from] item: Leftovers
|-damage|p2a: Avocado|69/100 tox|[from] psn
|upkeep
|turn|20
|
|t:|1663395365
|switch|p2a: Cabbage|Rotom-Wash|57/100
|-damage|p2a: Cabbage|45/100|[from] Stealth Rock
|move|p1a: Celesteela|Protect||[still]
|-fail|p1a: Celesteela
|
|-weather|Sandstorm|[upkeep]
|-damage|p2a: Cabbage|39/100|[from] Sandstorm
|-heal|p1a: Celesteela|71/100|[from] item: Leftovers
|upkeep
|turn|21
|
|t:|1663395376
|switch|p1a: Hydreigon|Hydreigon, M|84/100
|move|p2a: Cabbage|Defog|p1a: Hydreigon
|-unboost|p1a: Hydreigon|evasion|1
|-sideend|p2: kindersurprise2 0|Stealth Rock|[from] move: Defog|[of] p2a: Cabbage
|
|-weather|none
|upkeep
|turn|22
|
|t:|1663395394
|switch|p2a: Cocoa|Hippowdon, F|100/100
|-weather|Sandstorm|[from] ability: Sand Stream|[of] p2a: Cocoa
|move|p1a: Hydreigon|Dark Pulse|p2a: Cocoa
|-damage|p2a: Cocoa|55/100
|
|-weather|Sandstorm|[upkeep]
|-damage|p1a: Hydreigon|78/100|[from] Sandstorm
|-heal|p2a: Cocoa|61/100|[from] item: Leftovers
|upkeep
|turn|23
|
|t:|1663395408
|switch|p1a: Rotom|Rotom-Heat|33/100 tox
|move|p2a: Cocoa|Stealth Rock|p1a: Rotom
|-sidestart|p1: Queen of Bean ✿|move: Stealth Rock
|
|-weather|Sandstorm|[upkeep]
|-damage|p1a: Rotom|27/100 tox|[from] Sandstorm
|-heal|p2a: Cocoa|67/100|[from] item: Leftovers
|-damage|p1a: Rotom|21/100 tox|[from] psn
|upkeep
|turn|24
|
|t:|1663395416
|switch|p2a: Avocado|Moltres|69/100 tox
|move|p1a: Rotom|Pain Split|p2a: Avocado
|-sethp|p2a: Avocado|43/100 tox|[from] move: Pain Split|[silent]
|-sethp|p1a: Rotom|51/100 tox|[from] move: Pain Split
|
|-weather|Sandstorm|[upkeep]
|-damage|p2a: Avocado|37/100 tox|[from] Sandstorm
|-damage|p1a: Rotom|45/100 tox|[from] Sandstorm
|-damage|p2a: Avocado|31/100 tox|[from] psn
|-damage|p1a: Rotom|32/100 tox|[from] psn
|upkeep
|turn|25
|
|t:|1663395428
|move|p2a: Avocado|Roost|p2a: Avocado
|-heal|p2a: Avocado|81/100 tox
|-singleturn|p2a: Avocado|move: Roost
|move|p1a: Rotom|Volt Switch|p2a: Avocado
|-damage|p2a: Avocado|55/100 tox
|
|t:|1663395436
|switch|p1a: Slowking|Slowking, F|100/100|[from]move: Volt Switch
|
|-weather|Sandstorm|[upkeep]
|-damage|p2a: Avocado|49/100 tox|[from] Sandstorm
|-damage|p1a: Slowking|94/100|[from] Sandstorm
|-damage|p2a: Avocado|36/100 tox|[from] psn
|upkeep
|turn|26
|
|t:|1663395453
|move|p2a: Avocado|Toxic|p1a: Slowking|[miss]
|-miss|p2a: Avocado|p1a: Slowking
|move|p1a: Slowking|Teleport|p1a: Slowking
|
|t:|1663395459
|switch|p1a: Hydreigon|Hydreigon, M|78/100|[from]move: Teleport
|-damage|p1a: Hydreigon|65/100|[from] Stealth Rock
|
|-weather|none
|-damage|p2a: Avocado|18/100 tox|[from] psn
|upkeep
|turn|27
|
|t:|1663395465
|move|p1a: Hydreigon|Dark Pulse|p2a: Avocado
|-damage|p2a: Avocado|0 fnt
|faint|p2a: Avocado
|
|upkeep
|
|t:|1663395473
|switch|p2a: Ermm|Zarude-Dada|56/100
|turn|28
|
|t:|1663395486
|switch|p1a: Tangrowth|Tangrowth, M|74/100
|-damage|p1a: Tangrowth|62/100|[from] Stealth Rock
|move|p2a: Ermm|Close Combat|p1a: Tangrowth
|-damage|p1a: Tangrowth|25/100
|-unboost|p2a: Ermm|def|1
|-unboost|p2a: Ermm|spd|1
|
|upkeep
|turn|29
|
|t:|1663395491
|switch|p1a: Slowking|Slowking, F|100/100
|move|p2a: Ermm|Close Combat|p1a: Slowking
|-resisted|p1a: Slowking
|-damage|p1a: Slowking|79/100
|-unboost|p2a: Ermm|def|1
|-unboost|p2a: Ermm|spd|1
|
|upkeep
|turn|30
|
|t:|1663395496
|switch|p2a: Cabbage|Rotom-Wash|39/100
|move|p1a: Slowking|Scald|p2a: Cabbage
|-resisted|p2a: Cabbage
|-damage|p2a: Cabbage|25/100
|
|upkeep
|turn|31
|
|t:|1663395503
|move|p2a: Cabbage|Volt Switch|p1a: Slowking
|-supereffective|p1a: Slowking
|-damage|p1a: Slowking|28/100
|
|t:|1663395507
|switch|p2a: Panda|Celesteela, shiny|100/100|[from]move: Volt Switch
|move|p1a: Slowking|Teleport|p1a: Slowking
|
|t:|1663395516
|switch|p1a: Rotom|Rotom-Heat|32/100 tox|[from]move: Teleport
|
|-damage|p1a: Rotom|26/100 tox|[from] psn
|upkeep
|turn|32
|
|t:|1663395524
|switch|p2a: Cocoa|Hippowdon, F|67/100
|-weather|Sandstorm|[from] ability: Sand Stream|[of] p2a: Cocoa
|move|p1a: Rotom|Toxic|p2a: Cocoa
|-status|p2a: Cocoa|tox
|
|-weather|Sandstorm|[upkeep]
|-damage|p1a: Rotom|20/100 tox|[from] Sandstorm
|-heal|p2a: Cocoa|73/100 tox|[from] item: Leftovers
|-damage|p1a: Rotom|7/100 tox|[from] psn
|-damage|p2a: Cocoa|67/100 tox|[from] psn
|upkeep
|turn|33
|
|t:|1663395547
|move|p1a: Rotom|Pain Split|p2a: Cocoa
|-sethp|p2a: Cocoa|36/100 tox|[from] move: Pain Split|[silent]
|-sethp|p1a: Rotom|50/100 tox|[from] move: Pain Split
|move|p2a: Cocoa|Slack Off|p2a: Cocoa
|-heal|p2a: Cocoa|86/100 tox
|
|-weather|Sandstorm|[upkeep]
|-damage|p1a: Rotom|44/100 tox|[from] Sandstorm
|-heal|p2a: Cocoa|92/100 tox|[from] item: Leftovers
|-damage|p1a: Rotom|25/100 tox|[from] psn
|-damage|p2a: Cocoa|80/100 tox|[from] psn
|upkeep
|turn|34
|
|t:|1663395560
|switch|p1a: Celesteela|Celesteela|71/100
|-damage|p1a: Celesteela|59/100|[from] Stealth Rock
|switch|p2a: Cabbage|Rotom-Wash|25/100
|
|-weather|Sandstorm|[upkeep]
|-damage|p2a: Cabbage|19/100|[from] Sandstorm
|-heal|p1a: Celesteela|65/100|[from] item: Leftovers
|upkeep
|turn|35
|
|t:|1663395567
|move|p1a: Celesteela|Protect|p1a: Celesteela
|-singleturn|p1a: Celesteela|Protect
|move|p2a: Cabbage|Hydro Pump|p1a: Celesteela
|-activate|p1a: Celesteela|move: Protect
|
|-weather|Sandstorm|[upkeep]
|-damage|p2a: Cabbage|13/100|[from] Sandstorm
|-heal|p1a: Celesteela|71/100|[from] item: Leftovers
|upkeep
|turn|36
|
|t:|1663395573
|move|p2a: Cabbage|Hydro Pump|p1a: Celesteela
|-crit|p1a: Celesteela
|-damage|p1a: Celesteela|27/100
|move|p1a: Celesteela|Heavy Slam|p2a: Cabbage
|-resisted|p2a: Cabbage
|-damage|p2a: Cabbage|2/100
|
|-weather|none
|-heal|p1a: Celesteela|33/100|[from] item: Leftovers
|upkeep
|turn|37
|
|t:|1663395579
|move|p1a: Celesteela|Protect|p1a: Celesteela
|-singleturn|p1a: Celesteela|Protect
|move|p2a: Cabbage|Hydro Pump|p1a: Celesteela
|-activate|p1a: Celesteela|move: Protect
|
|-heal|p1a: Celesteela|39/100|[from] item: Leftovers
|upkeep
|turn|38
|
|t:|1663395583
|move|p2a: Cabbage|Hydro Pump|p1a: Celesteela
|-damage|p1a: Celesteela|7/100
|move|p1a: Celesteela|Heavy Slam|p2a: Cabbage
|-resisted|p2a: Cabbage
|-damage|p2a: Cabbage|0 fnt
|faint|p2a: Cabbage
|-ability|p1a: Celesteela|Beast Boost|boost
|-boost|p1a: Celesteela|spd|1
|
|-heal|p1a: Celesteela|13/100|[from] item: Leftovers
|upkeep
|
|t:|1663395586
|switch|p2a: Panda|Celesteela, shiny|100/100
|turn|39
|
|t:|1663395590
|move|p1a: Celesteela|Protect|p1a: Celesteela
|-singleturn|p1a: Celesteela|Protect
|move|p2a: Panda|Autotomize|p2a: Panda
|-boost|p2a: Panda|spe|2
|-start|p2a: Panda|Autotomize
|
|-heal|p1a: Celesteela|19/100|[from] item: Leftovers
|upkeep
|turn|40
|
|t:|1663395600
|move|p2a: Panda|Meteor Beam||[still]
|-prepare|p2a: Panda|Meteor Beam
|-boost|p2a: Panda|spa|1
|-enditem|p2a: Panda|Power Herb
|-anim|p2a: Panda|Meteor Beam|p1a: Celesteela
|-crit|p1a: Celesteela
|-damage|p1a: Celesteela|0 fnt
|faint|p1a: Celesteela
|-ability|p2a: Panda|Beast Boost|boost
|-boost|p2a: Panda|spa|1
|
|upkeep
|
|t:|1663395607
|switch|p1a: Nidoqueen|Nidoqueen, F|100/100
|-damage|p1a: Nidoqueen|94/100|[from] Stealth Rock
|turn|41
|
|t:|1663395609
|move|p2a: Panda|Air Slash|p1a: Nidoqueen
|-damage|p1a: Nidoqueen|12/100
|move|p1a: Nidoqueen|Fire Blast|p2a: Panda
|-supereffective|p2a: Panda
|-damage|p2a: Panda|2/100
|
|upkeep
|turn|42
|
|t:|1663395615
|move|p2a: Panda|Flamethrower|p1a: Nidoqueen
|-damage|p1a: Nidoqueen|0 fnt
|faint|p1a: Nidoqueen
|-ability|p2a: Panda|Beast Boost|boost
|-boost|p2a: Panda|spa|1
|
|upkeep
|
|t:|1663395618
|switch|p1a: Hydreigon|Hydreigon, M|65/100
|-damage|p1a: Hydreigon|53/100|[from] Stealth Rock
|turn|43
|
|t:|1663395621
|move|p1a: Hydreigon|Dark Pulse|p2a: Panda
|-damage|p2a: Panda|0 fnt
|faint|p2a: Panda
|
|upkeep
|
|t:|1663395625
|switch|p2a: Ermm|Zarude-Dada|56/100
|turn|44
|
|t:|1663395632
|switch|p1a: Rotom|Rotom-Heat|25/100 tox
|move|p2a: Ermm|U-turn|p1a: Rotom
|-resisted|p1a: Rotom
|-damage|p1a: Rotom|10/100 tox
|
|t:|1663395636
|switch|p2a: Cocoa|Hippowdon, F|80/100 tox|[from]move: U-turn
|-weather|Sandstorm|[from] ability: Sand Stream|[of] p2a: Cocoa
|
|-weather|Sandstorm|[upkeep]
|-damage|p1a: Rotom|3/100 tox|[from] Sandstorm
|-heal|p2a: Cocoa|86/100 tox|[from] item: Leftovers
|-damage|p1a: Rotom|0 fnt|[from] psn
|faint|p1a: Rotom
|-damage|p2a: Cocoa|80/100 tox|[from] psn
|upkeep
|
|t:|1663395640
|switch|p1a: Tangrowth|Tangrowth, M|58/100
|-damage|p1a: Tangrowth|46/100|[from] Stealth Rock
|turn|45
|
|t:|1663395649
|move|p2a: Cocoa|Toxic|p1a: Tangrowth
|-status|p1a: Tangrowth|tox
|move|p1a: Tangrowth|Power Whip|p2a: Cocoa
|-supereffective|p2a: Cocoa
|-damage|p2a: Cocoa|36/100 tox
|
|-weather|Sandstorm|[upkeep]
|-damage|p1a: Tangrowth|40/100 tox|[from] Sandstorm
|-heal|p2a: Cocoa|42/100 tox|[from] item: Leftovers
|-damage|p2a: Cocoa|30/100 tox|[from] psn
|-damage|p1a: Tangrowth|34/100 tox|[from] psn
|upkeep
|turn|46
|
|t:|1663395655
|move|p2a: Cocoa|Slack Off|p2a: Cocoa
|-heal|p2a: Cocoa|80/100 tox
|move|p1a: Tangrowth|Power Whip|p2a: Cocoa
|-supereffective|p2a: Cocoa
|-damage|p2a: Cocoa|39/100 tox
|
|-weather|Sandstorm|[upkeep]
|-damage|p1a: Tangrowth|27/100 tox|[from] Sandstorm
|-heal|p2a: Cocoa|45/100 tox|[from] item: Leftovers
|-damage|p2a: Cocoa|27/100 tox|[from] psn
|-damage|p1a: Tangrowth|15/100 tox|[from] psn
|upkeep
|turn|47
|
|t:|1663395663
|switch|p2a: Ermm|Zarude-Dada|56/100
|switch|p1a: Slowking|Slowking, F|62/100
|
|-weather|Sandstorm|[upkeep]
|-damage|p2a: Ermm|50/100|[from] Sandstorm
|-damage|p1a: Slowking|56/100|[from] Sandstorm
|upkeep
|turn|48
|
|t:|1663395679
|switch|p1a: Tangrowth|Tangrowth, M|48/100 tox
|-damage|p1a: Tangrowth|36/100 tox|[from] Stealth Rock
|move|p2a: Ermm|U-turn|p1a: Tangrowth
|-supereffective|p1a: Tangrowth
|-damage|p1a: Tangrowth|0 fnt
|faint|p1a: Tangrowth
|
|t:|1663395682
|switch|p2a: Cocoa|Hippowdon, F|27/100 tox|[from]move: U-turn
|
|-weather|none
|-heal|p2a: Cocoa|33/100 tox|[from] item: Leftovers
|-damage|p2a: Cocoa|27/100 tox|[from] psn
|upkeep
|
|t:|1663395689
|switch|p1a: Hydreigon|Hydreigon, M|53/100
|-damage|p1a: Hydreigon|41/100|[from] Stealth Rock
|turn|49
|
|t:|1663395694
|move|p1a: Hydreigon|Draco Meteor|p2a: Cocoa
|-damage|p2a: Cocoa|0 fnt
|-unboost|p1a: Hydreigon|spa|2
|faint|p2a: Cocoa
|
|upkeep
|
|t:|1663395696
|switch|p2a: Ermm|Zarude-Dada|50/100
|turn|50
|c|☆Queen of Bean ✿|gg
|
|t:|1663395717
|switch|p1a: Slowking|Slowking, F|89/100
|move|p2a: Ermm|U-turn|p1a: Slowking
|-supereffective|p1a: Slowking
|-damage|p1a: Slowking|40/100
|
|upkeep
|turn|51
|
|t:|1663395723
|move|p2a: Ermm|U-turn|p1a: Slowking
|-supereffective|p1a: Slowking
|-damage|p1a: Slowking|0 fnt
|faint|p1a: Slowking
|
|upkeep
|
|t:|1663395726
|switch|p1a: Hydreigon|Hydreigon, M|41/100
|-damage|p1a: Hydreigon|29/100|[from] Stealth Rock
|turn|52
|c|☆kindersurprise2 0|How can you be so sure
|c|☆Queen of Bean ✿|please hit
|
|t:|1663395734
|move|p1a: Hydreigon|Draco Meteor|p2a: Ermm
|-damage|p2a: Ermm|0 fnt
|-unboost|p1a: Hydreigon|spa|2
|faint|p2a: Ermm
|
|win|Queen of Bean ✿
|raw|Queen of Bean ✿'s rating: 1350 &rarr; <strong>1377</strong><br />(+27 for winning)
|raw|kindersurprise2 0's rating: 1482 &rarr; <strong>1455</strong><br />(-27 for losing)
|c|☆Queen of Bean ✿|i knew your cb
|c|☆kindersurprise2 0|I knew draco had a chance to miss :]
|c|☆Queen of Bean ✿|it was choice band damage according to my headcalc
|c|☆kindersurprise2 0|It was indeed
|c|☆Queen of Bean ✿|and your scarf rotom
|c|☆Queen of Bean ✿|that was fun!
|c|☆Queen of Bean ✿|gg w[
|c|☆Queen of Bean ✿|wp
|c|☆kindersurprise2 0|But saying gg early when you have a chance to miss isn't ideal :]
|c|☆Queen of Bean ✿|sorry
|l|☆kindersurprise2 0
|c|☆Queen of Bean ✿|would u turn ko?
