|j|☆GryphonEx
|j|☆ARandomFailure
|t:|1666120038
|gametype|singles
|player|p1|GryphonEx|gardenia|1566
|player|p2|ARandomFailure|gentleman|1437
|teamsize|p1|6
|teamsize|p2|6
|gen|8
|tier|[Gen 8] UU
|rated|
|rule|Sleep Clause Mod: Limit one foe put to sleep
|rule|Species Clause: Limit one of each Pokémon
|rule|OHKO Clause: OHKO moves are banned
|rule|Evasion Items Clause: Evasion items are banned
|rule|Evasion Moves Clause: Evasion moves are banned
|rule|Endless Battle Clause: Forcing endless battles is banned
|rule|HP Percentage Mod: HP is shown in percentages
|rule|Dynamax Clause: You cannot dynamax
|clearpoke
|poke|p1|Hydreigon, F|
|poke|p1|Crawdaunt, M|
|poke|p1|Zarude|
|poke|p1|Salamence, F|
|poke|p1|Chansey, F|
|poke|p1|Corsola-Galar, F|
|poke|p2|Scizor, M|
|poke|p2|Conkeldurr, M|
|poke|p2|Amoonguss, F|
|poke|p2|Hydreigon, M|
|poke|p2|Hippowdon, F|
|poke|p2|Nihilego|
|teampreview
|c|☆GryphonEx|Good luck
|inactive|Battle timer is ON: inactive players will automatically lose when time's up. (requested by GryphonEx)
|
|t:|1666120074
|start
|switch|p1a: Crawdaunt|Crawdaunt, M|100/100
|switch|p2a: Conkeldurr|Conkeldurr, M|100/100
|turn|1
|
|t:|1666120079
|move|p2a: Conkeldurr|Mach Punch|p1a: Crawdaunt
|-supereffective|p1a: Crawdaunt
|-damage|p1a: Crawdaunt|5/100
|move|p1a: Crawdaunt|Crabhammer|p2a: Conkeldurr
|-damage|p2a: Conkeldurr|0 fnt
|faint|p2a: Conkeldurr
|
|upkeep
|c|☆ARandomFailure|glhf to you too
|
|t:|1666120090
|switch|p2a: Scizor|Scizor, M|100/100
|turn|2
|
|t:|1666120103
|switch|p1a: r|Salamence, F|100/100
|-ability|p1a: r|Intimidate|boost
|-unboost|p2a: Scizor|atk|1
|move|p2a: Scizor|Bullet Punch|p1a: r
|-damage|p1a: r|85/100
|
|upkeep
|turn|3
|
|t:|1666120112
|switch|p2a: Hydreigon|Hydreigon, M|100/100
|move|p1a: r|Flamethrower|p2a: Hydreigon
|-resisted|p2a: Hydreigon
|-damage|p2a: Hydreigon|87/100
|
|upkeep
|turn|4
|
|t:|1666120119
|switch|p1a: Corsola-Kanye|Chansey, F|100/100
|move|p2a: Hydreigon|U-turn|p1a: Corsola-Kanye
|-damage|p1a: Corsola-Kanye|90/100
|
|t:|1666120128
|switch|p2a: Amoonguss|Amoonguss, F|100/100|[from]move: U-turn
|
|upkeep
|turn|5
|
|t:|1666120133
|move|p1a: Corsola-Kanye|Thunder Wave|p2a: Amoonguss|[miss]
|-miss|p1a: Corsola-Kanye|p2a: Amoonguss
|move|p2a: Amoonguss|Sludge Bomb|p1a: Corsola-Kanye
|-damage|p1a: Corsola-Kanye|81/100
|
|upkeep
|turn|6
|
|t:|1666120140
|move|p2a: Amoonguss|Spore|p1a: Corsola-Kanye
|-status|p1a: Corsola-Kanye|slp|[from] move: Spore
|cant|p1a: Corsola-Kanye|slp
|
|upkeep
|turn|7
|
|t:|1666120143
|cant|p1a: Corsola-Kanye|slp
|move|p2a: Amoonguss|Spore|p1a: Corsola-Kanye
|-fail|p1a: Corsola-Kanye|slp
|
|upkeep
|turn|8
|
|t:|1666120145
|cant|p1a: Corsola-Kanye|slp
|move|p2a: Amoonguss|Sludge Bomb|p1a: Corsola-Kanye
|-damage|p1a: Corsola-Kanye|72/100 slp
|
|upkeep
|turn|9
|
|t:|1666120148
|switch|p2a: Hippowdon|Hippowdon, F|100/100
|-weather|Sandstorm|[from] ability: Sand Stream|[of] p2a: Hippowdon
|-curestatus|p1a: Corsola-Kanye|slp|[msg]
|move|p1a: Corsola-Kanye|Thunder Wave|p2a: Hippowdon
|-immune|p2a: Hippowdon
|
|-weather|Sandstorm|[upkeep]
|-damage|p1a: Corsola-Kanye|66/100|[from] Sandstorm
|upkeep
|turn|10
|
|t:|1666120152
|move|p2a: Hippowdon|Stealth Rock|p1a: Corsola-Kanye
|-sidestart|p1: GryphonEx|move: Stealth Rock
|move|p1a: Corsola-Kanye|Teleport|p1a: Corsola-Kanye
|
|t:|1666120155
|switch|p1a: Yup buttons|Zarude|100/100|[from]move: Teleport
|-damage|p1a: Yup buttons|88/100|[from] Stealth Rock
|
|-weather|Sandstorm|[upkeep]
|-damage|p1a: Yup buttons|82/100|[from] Sandstorm
|upkeep
|turn|11
|
|t:|1666120160
|switch|p2a: Amoonguss|Amoonguss, F|100/100
|move|p1a: Yup buttons|U-turn|p2a: Amoonguss
|-damage|p2a: Amoonguss|66/100
|-damage|p1a: Yup buttons|66/100|[from] item: Rocky Helmet|[of] p2a: Amoonguss
|
|t:|1666120165
|switch|p1a: Gateskeeper|Hydreigon, F|100/100|[from]move: U-turn
|-damage|p1a: Gateskeeper|88/100|[from] Stealth Rock
|
|-weather|Sandstorm|[upkeep]
|-damage|p1a: Gateskeeper|82/100|[from] Sandstorm
|-damage|p2a: Amoonguss|59/100|[from] Sandstorm
|upkeep
|turn|12
|
|t:|1666120177
|switch|p2a: Hippowdon|Hippowdon, F|100/100
|move|p1a: Gateskeeper|Dark Pulse|p2a: Hippowdon
|-damage|p2a: Hippowdon|50/100
|
|-weather|Sandstorm|[upkeep]
|-damage|p1a: Gateskeeper|76/100|[from] Sandstorm
|-heal|p2a: Hippowdon|56/100|[from] item: Leftovers
|upkeep
|turn|13
|
|t:|1666120185
|switch|p1a: Yup buttons|Zarude|66/100
|-damage|p1a: Yup buttons|53/100|[from] Stealth Rock
|move|p2a: Hippowdon|Slack Off|p2a: Hippowdon
|-heal|p2a: Hippowdon|100/100
|
|-weather|none
|upkeep
|turn|14
|
|t:|1666120188
|switch|p2a: Amoonguss|Amoonguss, F|93/100
|move|p1a: Yup buttons|Power Whip|p2a: Amoonguss
|-resisted|p2a: Amoonguss
|-damage|p2a: Amoonguss|71/100
|-damage|p1a: Yup buttons|37/100|[from] item: Rocky Helmet|[of] p2a: Amoonguss
|
|upkeep
|turn|15
|
|t:|1666120197
|switch|p1a: r|Salamence, F|85/100
|-ability|p1a: r|Intimidate|boost
|-unboost|p2a: Amoonguss|atk|1
|move|p2a: Amoonguss|Spore|p1a: r
|-status|p1a: r|slp|[from] move: Spore
|
|upkeep
|turn|16
|
|t:|1666120206
|switch|p2a: Hydreigon|Hydreigon, M|87/100
|cant|p1a: r|slp
|
|upkeep
|turn|17
|
|t:|1666120211
|switch|p1a: Corsola-Kanye|Chansey, F|66/100
|-damage|p1a: Corsola-Kanye|53/100|[from] Stealth Rock
|move|p2a: Hydreigon|U-turn|p1a: Corsola-Kanye
|-damage|p1a: Corsola-Kanye|44/100
|
|t:|1666120218
|switch|p2a: Scizor|Scizor, M|100/100|[from]move: U-turn
|
|upkeep
|turn|18
|
|t:|1666120225
|switch|p1a: r|Salamence, F|85/100 slp
|-ability|p1a: r|Intimidate|boost
|-unboost|p2a: Scizor|atk|1
|move|p2a: Scizor|U-turn|p1a: r
|-resisted|p1a: r
|-damage|p1a: r|76/100 slp
|
|t:|1666120233
|switch|p2a: Hydreigon|Hydreigon, M|87/100|[from]move: U-turn
|
|upkeep
|turn|19
|
|t:|1666120238
|switch|p1a: Corsola-Kanye|Chansey, F|44/100
|-damage|p1a: Corsola-Kanye|31/100|[from] Stealth Rock
|move|p2a: Hydreigon|Draco Meteor|p1a: Corsola-Kanye
|-crit|p1a: Corsola-Kanye
|-damage|p1a: Corsola-Kanye|0 fnt
|-unboost|p2a: Hydreigon|spa|2
|faint|p1a: Corsola-Kanye
|
|upkeep
|
|t:|1666120246
|switch|p1a: Yup buttons|Zarude|37/100
|-damage|p1a: Yup buttons|25/100|[from] Stealth Rock
|turn|20
|
|t:|1666120252
|switch|p2a: Amoonguss|Amoonguss, F|100/100
|move|p1a: Yup buttons|U-turn|p2a: Amoonguss
|-damage|p2a: Amoonguss|67/100
|-damage|p1a: Yup buttons|8/100|[from] item: Rocky Helmet|[of] p2a: Amoonguss
|
|t:|1666120257
|switch|p1a: Gateskeeper|Hydreigon, F|76/100|[from]move: U-turn
|-damage|p1a: Gateskeeper|64/100|[from] Stealth Rock
|
|upkeep
|turn|21
|
|t:|1666120264
|switch|p2a: Hippowdon|Hippowdon, F|100/100
|-weather|Sandstorm|[from] ability: Sand Stream|[of] p2a: Hippowdon
|move|p1a: Gateskeeper|Draco Meteor|p2a: Hippowdon
|-damage|p2a: Hippowdon|23/100
|-unboost|p1a: Gateskeeper|spa|2
|
|-weather|Sandstorm|[upkeep]
|-damage|p1a: Gateskeeper|57/100|[from] Sandstorm
|-heal|p2a: Hippowdon|29/100|[from] item: Leftovers
|upkeep
|turn|22
|
|t:|1666120274
|move|p1a: Gateskeeper|Draco Meteor|p2a: Hippowdon
|-damage|p2a: Hippowdon|0 fnt
|-unboost|p1a: Gateskeeper|spa|2
|faint|p2a: Hippowdon
|
|-weather|Sandstorm|[upkeep]
|-damage|p1a: Gateskeeper|51/100|[from] Sandstorm
|upkeep
|
|t:|1666120286
|switch|p2a: Scizor|Scizor, M|100/100
|turn|23
|
|t:|1666120289
|switch|p1a: If you switch conk|Corsola-Galar, F|100/100
|-damage|p1a: If you switch conk|88/100|[from] Stealth Rock
|move|p2a: Scizor|U-turn|p1a: If you switch conk
|-resisted|p1a: If you switch conk
|-damage|p1a: If you switch conk|77/100
|-start|p2a: Scizor|Disable|U-turn|[from] ability: Cursed Body|[of] p1a: If you switch conk
|
|t:|1666120296
|switch|p2a: Hydreigon|Hydreigon, M|87/100|[from]move: U-turn
|
|-weather|Sandstorm|[upkeep]
|-damage|p2a: Hydreigon|81/100|[from] Sandstorm
|-damage|p1a: If you switch conk|71/100|[from] Sandstorm
|upkeep
|turn|24
|
|t:|1666120301
|move|p2a: Hydreigon|Dark Pulse|p1a: If you switch conk
|-supereffective|p1a: If you switch conk
|-damage|p1a: If you switch conk|31/100
|move|p1a: If you switch conk|Strength Sap|p2a: Hydreigon
|-unboost|p2a: Hydreigon|atk|1
|-heal|p1a: If you switch conk|99/100
|
|-weather|Sandstorm|[upkeep]
|-damage|p2a: Hydreigon|75/100|[from] Sandstorm
|-damage|p1a: If you switch conk|93/100|[from] Sandstorm
|upkeep
|turn|25
|
|t:|1666120306
|move|p2a: Hydreigon|Dark Pulse|p1a: If you switch conk
|-supereffective|p1a: If you switch conk
|-damage|p1a: If you switch conk|54/100
|move|p1a: If you switch conk|Will-O-Wisp|p2a: Hydreigon
|-status|p2a: Hydreigon|brn
|
|-weather|none
|-damage|p2a: Hydreigon|68/100 brn|[from] brn
|upkeep
|turn|26
|
|t:|1666120310
|move|p2a: Hydreigon|Dark Pulse|p1a: If you switch conk
|-supereffective|p1a: If you switch conk
|-damage|p1a: If you switch conk|11/100
|move|p1a: If you switch conk|Strength Sap|p2a: Hydreigon
|-unboost|p2a: Hydreigon|atk|1
|-heal|p1a: If you switch conk|56/100
|
|-damage|p2a: Hydreigon|62/100 brn|[from] brn
|upkeep
|turn|27
|
|t:|1666120314
|move|p2a: Hydreigon|Dark Pulse|p1a: If you switch conk
|-supereffective|p1a: If you switch conk
|-damage|p1a: If you switch conk|12/100
|cant|p1a: If you switch conk|flinch
|
|-damage|p2a: Hydreigon|56/100 brn|[from] brn
|upkeep
|turn|28
|
|t:|1666120318
|move|p2a: Hydreigon|Dark Pulse|p1a: If you switch conk
|-supereffective|p1a: If you switch conk
|-damage|p1a: If you switch conk|0 fnt
|faint|p1a: If you switch conk
|
|-damage|p2a: Hydreigon|50/100 brn|[from] brn
|upkeep
|
|t:|1666120324
|switch|p1a: Gateskeeper|Hydreigon, F|51/100
|-damage|p1a: Gateskeeper|39/100|[from] Stealth Rock
|turn|29
|
|t:|1666120333
|move|p2a: Hydreigon|Dark Pulse|p1a: Gateskeeper
|-resisted|p1a: Gateskeeper
|-damage|p1a: Gateskeeper|15/100
|move|p1a: Gateskeeper|Flamethrower|p2a: Hydreigon
|-resisted|p2a: Hydreigon
|-damage|p2a: Hydreigon|26/100 brn
|
|-damage|p2a: Hydreigon|20/100 brn|[from] brn
|upkeep
|turn|30
|
|t:|1666120342
|move|p2a: Hydreigon|Dark Pulse|p1a: Gateskeeper
|-resisted|p1a: Gateskeeper
|-damage|p1a: Gateskeeper|0 fnt
|faint|p1a: Gateskeeper
|
|-damage|p2a: Hydreigon|14/100 brn|[from] brn
|upkeep
|
|t:|1666120344
|switch|p1a: r|Salamence, F|76/100 slp
|-ability|p1a: r|Intimidate|boost
|-unboost|p2a: Hydreigon|atk|1
|turn|31
|
|t:|1666120347
|move|p2a: Hydreigon|Dark Pulse|p1a: r
|-damage|p1a: r|32/100 slp
|cant|p1a: r|slp
|
|-damage|p2a: Hydreigon|8/100 brn|[from] brn
|upkeep
|turn|32
|
|t:|1666120350
|move|p2a: Hydreigon|Dark Pulse|p1a: r
|-crit|p1a: r
|-damage|p1a: r|0 fnt
|faint|p1a: r
|
|-damage|p2a: Hydreigon|1/100 brn|[from] brn
|upkeep
|c|☆ARandomFailure|gg
|
|t:|1666120353
|switch|p1a: Yup buttons|Zarude|8/100
|-damage|p1a: Yup buttons|0 fnt|[from] Stealth Rock
|faint|p1a: Yup buttons
|
|t:|1666120356
|switch|p1a: Crawdaunt|Crawdaunt, M|5/100
|-damage|p1a: Crawdaunt|0 fnt|[from] Stealth Rock
|faint|p1a: Crawdaunt
|
|win|ARandomFailure
|raw|GryphonEx's rating: 1566 &rarr; <strong>1539</strong><br />(-27 for losing)
|raw|ARandomFailure's rating: 1437 &rarr; <strong>1464</strong><br />(+27 for winning)
