|raw|<div class="broadcast-blue"><strong>This battle is required to be public due to a player having a name starting with 'uult91w'.</div>
|j|☆UULT91w Adaam
|j|☆pokemonisfun
|t:|1651942121
|gametype|singles
|player|p1|UULT91w Adaam|2|1682
|player|p2|pokemonisfun|#uutrio2ladder|1725
|teamsize|p1|6
|teamsize|p2|6
|gen|8
|tier|[Gen 8] UU
|rated|
|rule|Sleep Clause Mod: Limit one foe put to sleep
|rule|Species Clause: Limit one of each Pokémon
|rule|OHKO Clause: OHKO moves are banned
|rule|Evasion Moves Clause: Evasion moves are banned
|rule|Endless Battle Clause: Forcing endless battles is banned
|rule|HP Percentage Mod: HP is shown in percentages
|rule|Dynamax Clause: You cannot dynamax
|clearpoke
|poke|p1|Registeel|
|poke|p1|Amoonguss, M|
|poke|p1|Salamence, F|
|poke|p1|Nihilego|
|poke|p1|Rotom-Wash|
|poke|p1|Chansey, F|
|poke|p2|Zygarde-10%|
|poke|p2|Primarina, F|
|poke|p2|Scizor, M|
|poke|p2|Slowking, M|
|poke|p2|Krookodile, F|
|poke|p2|Rotom-Heat|
|teampreview
|c|☆UULT91w Adaam|hf ily
|j| UULT91W bulufan
|c|☆pokemonisfun|i lose to regi
|c|☆UULT91w Adaam|submit to chinese regi
|j| Dunoks
|j| Gods armada
|c|☆pokemonisfun|hf ily
|
|t:|1651942160
|start
|switch|p1a: Amoonguss|Amoonguss, M|100/100
|switch|p2a: think PINK|Slowking, M|100/100
|turn|1
|c| Gods armada|ohh banger
|
|t:|1651942165
|move|p1a: Amoonguss|Spore|p2a: think PINK
|-status|p2a: think PINK|slp|[from] move: Spore
|cant|p2a: think PINK|slp
|
|upkeep
|turn|2
|
|t:|1651942167
|move|p1a: Amoonguss|Giga Drain|p2a: think PINK
|-supereffective|p2a: think PINK
|-damage|p2a: think PINK|64/100 slp
|cant|p2a: think PINK|slp
|
|upkeep
|turn|3
|
|t:|1651942170
|move|p1a: Amoonguss|Giga Drain|p2a: think PINK
|-supereffective|p2a: think PINK
|-damage|p2a: think PINK|29/100 slp
|cant|p2a: think PINK|slp
|
|upkeep
|turn|4
|
|t:|1651942177
|switch|p1a: Rotom|Rotom-Wash|100/100
|switch|p2a: chuggy buggy|Scizor, M|100/100
|
|upkeep
|turn|5
|
|t:|1651942188
|switch|p2a: think PINK|Slowking, M|62/100 slp
|move|p1a: Rotom|Trick|p2a: think PINK
|-activate|p1a: Rotom|move: Trick|[of] p2a: think PINK
|-item|p2a: think PINK|Choice Scarf|[from] move: Trick
|-item|p1a: Rotom|Colbur Berry|[from] move: Trick
|
|upkeep
|turn|6
|
|t:|1651942200
|move|p1a: Rotom|Volt Switch|p2a: think PINK
|-supereffective|p2a: think PINK
|-crit|p2a: think PINK
|-damage|p2a: think PINK|6/100 slp
|j| opela
|
|t:|1651942206
|switch|p1a: Amoonguss|Amoonguss, M|100/100|[from]move: Volt Switch
|-curestatus|p2a: think PINK|slp|[msg]
|move|p2a: think PINK|Future Sight|p1a: Amoonguss
|-start|p2a: think PINK|move: Future Sight
|
|upkeep
|turn|7
|
|t:|1651942217
|move|p1a: Amoonguss|Spore|p2a: think PINK
|-status|p2a: think PINK|slp|[from] move: Spore
|cant|p2a: think PINK|slp
|
|upkeep
|turn|8
|j| RTSG tests
|c|☆pokemonisfun|that stay in was pretty good
|j| Cute Kover Weeb
|c|☆pokemonisfun|wasnt it
|c|☆UULT91w Adaam|yeah it was sick
|
|t:|1651942246
|switch|p1a: Chansey|Chansey, F|100/100
|switch|p2a: mitey bitey|Krookodile, F|100/100
|-ability|p2a: mitey bitey|Intimidate|boost
|-unboost|p1a: Chansey|atk|1
|
|-end|p1a: Chansey|move: Future Sight
|-damage|p1a: Chansey|89/100
|upkeep
|turn|9
|c|☆pokemonisfun|i like making sick plays before losing to registeel
|c|☆pokemonisfun|it makes me feel strong
|c|☆UULT91w Adaam|just crit it with zygarde
|c|☆UULT91w Adaam|you got this
|
|t:|1651942270
|move|p2a: mitey bitey|Stealth Rock|p1a: Chansey
|-sidestart|p1: UULT91w Adaam|move: Stealth Rock
|move|p1a: Chansey|Toxic|p2a: mitey bitey
|-status|p2a: mitey bitey|tox
|
|-damage|p2a: mitey bitey|94/100 tox|[from] psn
|upkeep
|turn|10
|c| Gods armada|it aint about if you lose its about how you lose
|
|t:|1651942280
|switch|p1a: Salamence|Salamence, F|100/100
|-ability|p1a: Salamence|Intimidate|boost
|-unboost|p2a: mitey bitey|atk|1
|move|p2a: mitey bitey|Knock Off|p1a: Salamence
|-damage|p1a: Salamence|66/100
|-enditem|p1a: Salamence|Heavy-Duty Boots|[from] move: Knock Off|[of] p2a: mitey bitey
|
|-heal|p2a: mitey bitey|100/100 tox|[from] item: Leftovers
|-damage|p2a: mitey bitey|88/100 tox|[from] psn
|upkeep
|turn|11
|
|t:|1651942287
|switch|p2a: seal that squeals|Primarina, F|100/100
|move|p1a: Salamence|Defog|p2a: seal that squeals
|-unboost|p2a: seal that squeals|evasion|1
|-sideend|p1: UULT91w Adaam|Stealth Rock|[from] move: Defog|[of] p1a: Salamence
|
|upkeep
|turn|12
|c|☆UULT91w Adaam|wtf 34
|c|☆UULT91w Adaam|cb rocks krook
|
|t:|1651942297
|switch|p1a: Amoonguss|Amoonguss, M|100/100
|switch|p2a: mitey bitey|Krookodile, F|88/100 tox
|-ability|p2a: mitey bitey|Intimidate|boost
|-unboost|p1a: Amoonguss|atk|1
|
|-heal|p2a: mitey bitey|94/100 tox|[from] item: Leftovers
|-damage|p2a: mitey bitey|88/100 tox|[from] psn
|upkeep
|turn|13
|
|t:|1651942301
|switch|p1a: Salamence|Salamence, F|66/100
|-ability|p1a: Salamence|Intimidate|boost
|-unboost|p2a: mitey bitey|atk|1
|move|p2a: mitey bitey|Stealth Rock|p1a: Salamence
|-sidestart|p1: UULT91w Adaam|move: Stealth Rock
|
|-heal|p2a: mitey bitey|94/100 tox|[from] item: Leftovers
|-damage|p2a: mitey bitey|82/100 tox|[from] psn
|upkeep
|turn|14
|j| hariyana grande
|
|t:|1651942306
|move|p1a: Salamence|Defog|p2a: mitey bitey
|-unboost|p2a: mitey bitey|evasion|1
|-sideend|p1: UULT91w Adaam|Stealth Rock|[from] move: Defog|[of] p1a: Salamence
|move|p2a: mitey bitey|Taunt|p1a: Salamence
|-start|p1a: Salamence|move: Taunt
|
|-heal|p2a: mitey bitey|88/100 tox|[from] item: Leftovers
|-damage|p2a: mitey bitey|70/100 tox|[from] psn
|upkeep
|turn|15
|j| Le Dictionnaire
|
|t:|1651942314
|move|p1a: Salamence|Dual Wingbeat|p2a: mitey bitey
|-damage|p2a: mitey bitey|49/100 tox
|-damage|p2a: mitey bitey|27/100 tox
|-hitcount|p2a: mitey bitey|2
|move|p2a: mitey bitey|Stealth Rock|p1a: Salamence
|-sidestart|p1: UULT91w Adaam|move: Stealth Rock
|
|-heal|p2a: mitey bitey|33/100 tox|[from] item: Leftovers
|-damage|p2a: mitey bitey|9/100 tox|[from] psn
|upkeep
|turn|16
|l| Cute Kover Weeb
|
|t:|1651942330
|switch|p2a: shakey bakey|Rotom-Heat|100/100
|move|p1a: Salamence|Dual Wingbeat|p2a: shakey bakey
|-resisted|p2a: shakey bakey
|-damage|p2a: shakey bakey|92/100
|-resisted|p2a: shakey bakey
|-damage|p2a: shakey bakey|82/100
|-hitcount|p2a: shakey bakey|2
|
|upkeep
|turn|17
|c|☆pokemonisfun|wait
|l| RTSG tests
|c|☆pokemonisfun|the taunt still lasts?
|c|☆pokemonisfun|wow im so good
|c|☆UULT91w Adaam|it was a slow taunt yeah
|c|☆pokemonisfun|its 2022 and i just learned taunt mechanics
|
|t:|1651942367
|switch|p1a: Rotom|Rotom-Wash|100/100
|-damage|p1a: Rotom|88/100|[from] Stealth Rock
|move|p2a: shakey bakey|Volt Switch|p1a: Rotom
|-damage|p1a: Rotom|63/100
|
|t:|1651942376
|switch|p2a: Zygarde-10% off|Zygarde-10%|100/100|[from]move: Volt Switch
|-ability|p2a: Zygarde-10% off|Aura Break
|
|upkeep
|turn|18
|
|t:|1651942384
|switch|p1a: Amoonguss|Amoonguss, M|100/100
|-damage|p1a: Amoonguss|88/100|[from] Stealth Rock
|move|p2a: Zygarde-10% off|Thousand Arrows|p1a: Amoonguss
|-damage|p1a: Amoonguss|45/100
|
|upkeep
|turn|19
|
|t:|1651942395
|move|p2a: Zygarde-10% off|Thousand Arrows|p1a: Amoonguss
|-damage|p1a: Amoonguss|1/100
|move|p1a: Amoonguss|Foul Play|p2a: Zygarde-10% off
|-damage|p2a: Zygarde-10% off|50/100
|
|upkeep
|turn|20
|c|☆UULT91w Adaam|chip
|c|☆pokemonisfun|no
|c|☆pokemonisfun|you have to say evd
|j| UULT91w St3ve
|
|t:|1651942467
|move|p2a: Zygarde-10% off|Thousand Arrows|p1a: Amoonguss
|-damage|p1a: Amoonguss|0 fnt
|faint|p1a: Amoonguss
|
|upkeep
|
|t:|1651942485
|switch|p1a: Chansey|Chansey, F|89/100
|-damage|p1a: Chansey|76/100|[from] Stealth Rock
|turn|21
|
|t:|1651942496
|switch|p2a: shakey bakey|Rotom-Heat|82/100
|move|p1a: Chansey|Soft-Boiled|p1a: Chansey
|-heal|p1a: Chansey|100/100
|
|upkeep
|turn|22
|
|t:|1651942502
|move|p2a: shakey bakey|Volt Switch|p1a: Chansey
|-damage|p1a: Chansey|92/100
|
|t:|1651942526
|switch|p2a: chuggy buggy|Scizor, M|100/100|[from]move: Volt Switch
|move|p1a: Chansey|Seismic Toss|p2a: chuggy buggy
|-damage|p2a: chuggy buggy|71/100
|
|upkeep
|turn|23
|
|t:|1651942539
|move|p2a: chuggy buggy|Swords Dance|p2a: chuggy buggy
|-boost|p2a: chuggy buggy|atk|2
|move|p1a: Chansey|Seismic Toss|p2a: chuggy buggy
|-damage|p2a: chuggy buggy|42/100
|
|upkeep
|turn|24
|
|t:|1651942552
|switch|p1a: Salamence|Salamence, F|66/100
|-damage|p1a: Salamence|41/100|[from] Stealth Rock
|-ability|p1a: Salamence|Intimidate|boost
|-unboost|p2a: chuggy buggy|atk|1
|move|p2a: chuggy buggy|Roost|p2a: chuggy buggy
|-heal|p2a: chuggy buggy|92/100
|-singleturn|p2a: chuggy buggy|move: Roost
|
|upkeep
|turn|25
|
|t:|1651942577
|move|p2a: chuggy buggy|Bullet Punch|p1a: Salamence
|-damage|p1a: Salamence|2/100
|move|p1a: Salamence|Defog|p2a: chuggy buggy
|-unboost|p2a: chuggy buggy|evasion|1
|-sideend|p1: UULT91w Adaam|Stealth Rock|[from] move: Defog|[of] p1a: Salamence
|
|upkeep
|turn|26
|c|☆UULT91w Adaam|NOOOO
|c|☆pokemonisfun|scizor: do not ban
|j| Micciu20250
|
|t:|1651942597
|switch|p1a: Registeel|Registeel|100/100
|move|p2a: chuggy buggy|Bullet Punch|p1a: Registeel
|-resisted|p1a: Registeel
|-damage|p1a: Registeel|90/100
|
|upkeep
|turn|27
|c|☆UULT91w Adaam|its time
|
|t:|1651942606
|move|p2a: chuggy buggy|Knock Off|p1a: Registeel
|-damage|p1a: Registeel|68/100
|-enditem|p1a: Registeel|Chesto Berry|[from] move: Knock Off|[of] p2a: chuggy buggy
|move|p1a: Registeel|Iron Defense|p1a: Registeel
|-boost|p1a: Registeel|def|2
|
|upkeep
|turn|28
|c|☆UULT91w Adaam|imagine thinking sciz is broken
|c|☆UULT91w Adaam|when theres a better steel type sweeper
|c|☆pokemonisfun|why does scizor not learn darkest lariat
|c|☆UULT91w Adaam|or sacred sword
|
|t:|1651942682
|switch|p2a: mitey bitey|Krookodile, F|9/100 tox
|-ability|p2a: mitey bitey|Intimidate|boost
|-fail|p1a: Registeel|unboost|[from] ability: Clear Body|[of] p1a: Registeel
|move|p1a: Registeel|Amnesia|p1a: Registeel
|-boost|p1a: Registeel|spd|2
|
|-heal|p2a: mitey bitey|15/100 tox|[from] item: Leftovers
|-damage|p2a: mitey bitey|9/100 tox|[from] psn
|upkeep
|turn|29
|j| itsjustdrew
|
|t:|1651942695
|move|p2a: mitey bitey|Taunt|p1a: Registeel
|-start|p1a: Registeel|move: Taunt
|move|p1a: Registeel|Body Press|p2a: mitey bitey
|-supereffective|p2a: mitey bitey
|-damage|p2a: mitey bitey|0 fnt
|faint|p2a: mitey bitey
|
|upkeep
|c|☆UULT91w Adaam|i predicted taunt wow!!!
|
|t:|1651942714
|switch|p2a: seal that squeals|Primarina, F|100/100
|turn|30
|j| UULT91w Micciu
|j| mncmt
|c|☆UULT91w Adaam|ok so 2 turns of taunt remain right
|c|☆pokemonisfun|i would tell you
|c|☆pokemonisfun|but thats ghosting
|c|☆pokemonisfun|i wish i had a ghost type
|c|☆pokemonisfun|right now
|c|☆pokemonisfun|that doesnt get pp stalled by aegi
|
|t:|1651942792
|move|p2a: seal that squeals|Surf|p1a: Registeel
|-damage|p1a: Registeel|47/100
|move|p1a: Registeel|Body Press|p2a: seal that squeals
|-resisted|p2a: seal that squeals
|-damage|p2a: seal that squeals|60/100
|
|upkeep
|turn|31
|c|☆UULT91w Adaam|genius prim now torrent kos
|c|☆pokemonisfun|252+ SpA Choice Specs Primarina Surf vs. +2 252 HP / 0 SpD Registeel: 84-100 (23 - 27.4%) -- 66.1% chance to 4HKO
|c|☆pokemonisfun|how did i do 21
|c|☆pokemonisfun|onlh
|c|☆UULT91w Adaam|i have spdef i think
|c|☆pokemonisfun|what the fuck
|c|☆pokemonisfun|its already broken
|c|☆pokemonisfun|stop making it more broken
|
|t:|1651942837
|switch|p1a: Chansey|Chansey, F|92/100
|move|p2a: seal that squeals|Surf|p1a: Chansey
|-damage|p1a: Chansey|70/100
|
|upkeep
|turn|32
|
|t:|1651942850
|switch|p1a: Rotom|Rotom-Wash|63/100
|move|p2a: seal that squeals|Surf|p1a: Rotom
|-resisted|p1a: Rotom
|-damage|p1a: Rotom|23/100
|
|upkeep
|turn|33
|
|t:|1651942858
|move|p1a: Rotom|Pain Split|p2a: seal that squeals
|-sethp|p2a: seal that squeals|41/100|[from] move: Pain Split|[silent]
|-sethp|p1a: Rotom|41/100|[from] move: Pain Split
|move|p2a: seal that squeals|Surf|p1a: Rotom
|-resisted|p1a: Rotom
|-damage|p1a: Rotom|4/100
|
|upkeep
|turn|34
|c|☆UULT91w Adaam|im clicking hydro
|c|☆UULT91w Adaam|fuck
|l| itsjustdrew
|
|t:|1651942877
|move|p1a: Rotom|Volt Switch|p2a: seal that squeals
|-supereffective|p2a: seal that squeals
|-damage|p2a: seal that squeals|0 fnt
|faint|p2a: seal that squeals
|c|☆UULT91w Adaam|im gonna lose to scizor
|c|☆UULT91w Adaam|scizor is broken
|c|☆pokemonisfun|registeel wins
|c|☆pokemonisfun|trust
|j| itsjustdrew
|
|t:|1651942896
|switch|p1a: Chansey|Chansey, F|70/100|[from]move: Volt Switch
|
|upkeep
|j| Parpar
|
|t:|1651942904
|switch|p2a: chuggy buggy|Scizor, M|92/100
|turn|35
|
|t:|1651942907
|switch|p1a: Registeel|Registeel|47/100
|move|p2a: chuggy buggy|Swords Dance|p2a: chuggy buggy
|-boost|p2a: chuggy buggy|atk|2
|
|upkeep
|turn|36
|
|t:|1651942916
|switch|p2a: shakey bakey|Rotom-Heat|82/100
|move|p1a: Registeel|Iron Defense|p1a: Registeel
|-boost|p1a: Registeel|def|2
|
|upkeep
|turn|37
|
|t:|1651942939
|move|p2a: shakey bakey|Volt Switch|p1a: Registeel
|-damage|p1a: Registeel|32/100
|c|☆pokemonisfun|bhjfew
|j| Today is sunny
|c|☆pokemonisfun|if i forfeit now
|c|☆pokemonisfun|do i get tbanned
|
|t:|1651942954
|switch|p2a: Zygarde-10% off|Zygarde-10%|50/100|[from]move: Volt Switch
|-ability|p2a: Zygarde-10% off|Aura Break
|move|p1a: Registeel|Rest|p1a: Registeel
|-status|p1a: Registeel|slp|[from] move: Rest
|-heal|p1a: Registeel|100/100 slp|[silent]
|
|upkeep
|turn|38
|c|☆UULT91w Adaam|idk
|c|☆UULT91w Adaam|my gut says no
|c|☆pokemonisfun|i need to go for crits
|c|☆UULT91w Adaam|actualy yes
|c|☆pokemonisfun|at least
|c|☆UULT91w Adaam|bc u can crit
|
|t:|1651942997
|switch|p1a: Rotom|Rotom-Wash|4/100
|move|p2a: Zygarde-10% off|Thousand Arrows|p1a: Rotom
|-supereffective|p1a: Rotom
|-damage|p1a: Rotom|0 fnt
|faint|p1a: Rotom
|
|upkeep
|
|t:|1651942999
|switch|p1a: Chansey|Chansey, F|70/100
|turn|39
|
|t:|1651943018
|switch|p2a: chuggy buggy|Scizor, M|92/100
|move|p1a: Chansey|Soft-Boiled|p1a: Chansey
|-heal|p1a: Chansey|100/100
|
|upkeep
|turn|40
|
|t:|1651943024
|move|p2a: chuggy buggy|Swords Dance|p2a: chuggy buggy
|-boost|p2a: chuggy buggy|atk|2
|move|p1a: Chansey|Aromatherapy|p1a: Chansey
|-activate|p1a: Chansey|move: Aromatherapy
|-curestatus|p1: Registeel|slp|[msg]
|
|upkeep
|turn|41
|c|☆pokemonisfun|jkvnkjvnfn
|c| UULT91W bulufan|oh thats nice
|c|☆UULT91w Adaam|this is monky team btw hes a genius
|c|☆UULT91w Adaam|aroma regi
|c| UULT91W bulufan|the mag team you used earlier is cool too
|
|t:|1651943070
|switch|p1a: Registeel|Registeel|100/100
|move|p2a: chuggy buggy|Swords Dance|p2a: chuggy buggy
|-boost|p2a: chuggy buggy|atk|2
|
|upkeep
|turn|42
|c|☆UULT91w Adaam|thank you
|c|☆UULT91w Adaam|how much is this doing
|c|☆UULT91w Adaam|32?
|
|t:|1651943087
|move|p2a: chuggy buggy|Knock Off|p1a: Registeel
|-damage|p1a: Registeel|69/100
|move|p1a: Registeel|Iron Defense|p1a: Registeel
|-boost|p1a: Registeel|def|2
|
|upkeep
|turn|43
|c|☆UULT91w Adaam|oh my fgod
|c| UULT91w St3ve|31
|j| ramoloST
|c| ramoloST|go pifd fuck him up
|c|☆pokemonisfun|im getting fucked
|c| UULT91w Micciu|Regi moment
|c| ramoloST|just crit
|c| hariyana grande|+6 laser focus'd knock kills btw
|c|☆pokemonisfun|a crit is doing
|c|☆pokemonisfun|45
|c|☆pokemonisfun|LOL
|c|☆pokemonisfun|+4 crit
|c| ramoloST|no its not
|c| ramoloST|yes it is
|
|t:|1651943162
|switch|p2a: shakey bakey|Rotom-Heat|82/100
|move|p1a: Registeel|Amnesia|p1a: Registeel
|-boost|p1a: Registeel|spd|2
|
|upkeep
|turn|44
|c| ramoloST|actually
|c| ramoloST|just double crit
|c|☆UULT91w Adaam|crit wins
|c|☆pokemonisfun|crit
|c|☆pokemonisfun|rn
|
|t:|1651943178
|move|p2a: shakey bakey|Overheat|p1a: Registeel|[miss]
|-miss|p2a: shakey bakey|p1a: Registeel
|move|p1a: Registeel|Iron Defense|p1a: Registeel
|-boost|p1a: Registeel|def|2
|
|upkeep
|turn|45
|
|t:|1651943196
|move|p2a: shakey bakey|Overheat|p1a: Registeel|[miss]
|-miss|p2a: shakey bakey|p1a: Registeel
|move|p1a: Registeel|Body Press|p2a: shakey bakey
|-damage|p2a: shakey bakey|0 fnt
|faint|p2a: shakey bakey
|
|upkeep
|c| hariyana grande|lol
|
|t:|1651943201
|switch|p2a: Zygarde-10% off|Zygarde-10%|50/100
|-ability|p2a: Zygarde-10% off|Aura Break
|turn|46
|c|☆pokemonisfun|crit
|c| UULT91w St3ve|nice crit
|c|☆UULT91w Adaam|that was critting if it hit
|
|t:|1651943217
|move|p2a: Zygarde-10% off|Thousand Arrows|p1a: Registeel
|-supereffective|p1a: Registeel
|-damage|p1a: Registeel|48/100
|move|p1a: Registeel|Body Press|p2a: Zygarde-10% off
|-damage|p2a: Zygarde-10% off|0 fnt
|faint|p2a: Zygarde-10% off
|
|upkeep
|j| UULT91w Luirro
|-message|pokemonisfun forfeited.
|
|win|UULT91w Adaam
|raw|UULT91w Adaam's rating: 1682 &rarr; <strong>1704</strong><br />(+22 for winning)
|raw|pokemonisfun's rating: 1725 &rarr; <strong>1703</strong><br />(-22 for losing)
|c|☆pokemonisfun|gg
|c|☆UULT91w Adaam|yeah! regi
|c|☆UULT91w Adaam|gg
|l|☆UULT91w Adaam
|j| UULT91w Toto
|c|☆pokemonisfun|yeah! regi
|l| itsjustdrew
|l| UULT91w Toto
|j|☆UULT91w Adaam
|player|p1|UULT91w Adaam|2
|l| mncmt
|l| Today is sunny
||Ladder isn't responding, score probably updated but might not have (Request timeout).
