|raw|<div class="broadcast-blue"><strong>This battle is required to be public due to a player having a name starting with 'uult91w'.</div>
|j|☆kolom
|j|☆uult91w mush
|t:|1651915386
|gametype|singles
|player|p1|kolom|101|1490
|player|p2|uult91w mush|lucas|1651
|teamsize|p1|6
|teamsize|p2|6
|gen|8
|tier|[Gen 8] UU
|rated|
|rule|Sleep Clause Mod: Limit one foe put to sleep
|rule|Species Clause: Limit one of each Pokémon
|rule|OHKO Clause: OHKO moves are banned
|rule|Evasion Moves Clause: Evasion moves are banned
|rule|Endless Battle Clause: Forcing endless battles is banned
|rule|HP Percentage Mod: HP is shown in percentages
|rule|Dynamax Clause: You cannot dynamax
|clearpoke
|poke|p1|Slowking, F|
|poke|p1|Mamoswine, F|
|poke|p1|Mandibuzz, F|
|poke|p1|Thundurus-Therian, M|
|poke|p1|Keldeo-Resolute|
|poke|p1|Cobalion|
|poke|p2|Rotom-Heat|
|poke|p2|Tentacruel, F|
|poke|p2|Hippowdon, F|
|poke|p2|Hydreigon, F|
|poke|p2|Azelf|
|poke|p2|Scizor, M|
|teampreview
|inactive|Battle timer is ON: inactive players will automatically lose when time's up. (requested by kolom)
|c|☆uult91w mush|hf
|j| dragonitenb
|j| UULT91w St3ve
|j| Menacce17
|
|t:|1651915414
|start
|switch|p1a: Cobalion|Cobalion|100/100
|switch|p2a: Azelf|Azelf|100/100
|turn|1
|l| UULT91w St3ve
|
|t:|1651915430
|switch|p2a: Hippowdon|Hippowdon, F|100/100
|-weather|Sandstorm|[from] ability: Sand Stream|[of] p2a: Hippowdon
|move|p1a: Cobalion|Stealth Rock|p2a: Hippowdon
|-sidestart|p2: uult91w mush|move: Stealth Rock
|
|-weather|Sandstorm|[upkeep]
|upkeep
|turn|2
|
|t:|1651915437
|switch|p1a: Slowking|Slowking, F|100/100
|move|p2a: Hippowdon|Toxic|p1a: Slowking
|-status|p1a: Slowking|tox
|
|-weather|Sandstorm|[upkeep]
|-damage|p1a: Slowking|94/100 tox|[from] Sandstorm
|-damage|p1a: Slowking|88/100 tox|[from] psn
|upkeep
|turn|3
|
|t:|1651915444
|move|p2a: Hippowdon|Stealth Rock|p1a: Slowking
|-sidestart|p1: kolom|move: Stealth Rock
|move|p1a: Slowking|Future Sight|p2a: Hippowdon
|-start|p1a: Slowking|move: Future Sight
|
|-weather|Sandstorm|[upkeep]
|-damage|p1a: Slowking|82/100 tox|[from] Sandstorm
|-damage|p1a: Slowking|70/100 tox|[from] psn
|upkeep
|turn|4
|
|t:|1651915456
|switch|p2a: Azelf|Azelf|100/100
|move|p1a: Slowking|Teleport|p1a: Slowking
|
|t:|1651915465
|switch|p1a: Thundurus|Thundurus-Therian, M|100/100|[from]move: Teleport
|
|-weather|Sandstorm|[upkeep]
|-damage|p2a: Azelf|94/100|[from] Sandstorm
|-damage|p1a: Thundurus|94/100|[from] Sandstorm
|upkeep
|turn|5
|
|t:|1651915482
|move|p2a: Azelf|U-turn|p1a: Thundurus
|-resisted|p1a: Thundurus
|-damage|p1a: Thundurus|80/100
|
|t:|1651915485
|switch|p2a: Hippowdon|Hippowdon, F|100/100|[from]move: U-turn
|-damage|p2a: Hippowdon|94/100|[from] Stealth Rock
|move|p1a: Thundurus|Thunderbolt|p2a: Hippowdon
|-immune|p2a: Hippowdon
|
|-weather|none
|-end|p2a: Hippowdon|move: Future Sight
|-damage|p2a: Hippowdon|60/100
|-heal|p2a: Hippowdon|67/100|[from] item: Leftovers
|upkeep
|turn|6
|inactive|uult91w mush has 120 seconds left.
|l| dragonitenb
|inactive|uult91w mush has 90 seconds left.
|
|t:|1651915555
|switch|p2a: Rotom|Rotom-Heat|100/100
|move|p1a: Thundurus|Grass Knot|p2a: Rotom
|-resisted|p2a: Rotom
|-damage|p2a: Rotom|97/100
|
|upkeep
|turn|7
|
|t:|1651915566
|switch|p1a: Slowking|Slowking, F|100/100 tox
|move|p2a: Rotom|Toxic|p1a: Slowking
|-fail|p1a: Slowking|tox
|
|-damage|p1a: Slowking|94/100 tox|[from] psn
|upkeep
|turn|8
|
|t:|1651915574
|move|p2a: Rotom|Volt Switch|p1a: Slowking
|-supereffective|p1a: Slowking
|-damage|p1a: Slowking|50/100 tox
|
|t:|1651915576
|switch|p2a: Scizor|Scizor, M|100/100|[from]move: Volt Switch
|-damage|p2a: Scizor|88/100|[from] Stealth Rock
|move|p1a: Slowking|Teleport|p1a: Slowking
|
|t:|1651915579
|switch|p1a: Keldeo|Keldeo-Resolute|100/100|[from]move: Teleport
|-damage|p1a: Keldeo|94/100|[from] Stealth Rock
|
|upkeep
|turn|9
|
|t:|1651915586
|switch|p1a: Mamoswine|Mamoswine, F|100/100
|-damage|p1a: Mamoswine|88/100|[from] Stealth Rock
|switch|p2a: Tentacruel|Tentacruel, F|100/100
|-damage|p2a: Tentacruel|88/100|[from] Stealth Rock
|
|-heal|p2a: Tentacruel|94/100|[from] item: Black Sludge
|upkeep
|turn|10
|inactive|uult91w mush has 120 seconds left.
|
|t:|1651915598
|switch|p2a: Scizor|Scizor, M|88/100
|-damage|p2a: Scizor|76/100|[from] Stealth Rock
|move|p1a: Mamoswine|Stone Edge|p2a: Scizor
|-damage|p2a: Scizor|50/100
|
|upkeep
|turn|11
|
|t:|1651915603
|switch|p1a: Cobalion|Cobalion|100/100
|-damage|p1a: Cobalion|97/100|[from] Stealth Rock
|move|p2a: Scizor|Bullet Punch|p1a: Cobalion
|-resisted|p1a: Cobalion
|-damage|p1a: Cobalion|85/100
|
|-heal|p1a: Cobalion|92/100|[from] item: Leftovers
|upkeep
|turn|12
|
|t:|1651915615
|switch|p2a: Tentacruel|Tentacruel, F|94/100
|-damage|p2a: Tentacruel|82/100|[from] Stealth Rock
|move|p1a: Cobalion|Close Combat|p2a: Tentacruel
|-resisted|p2a: Tentacruel
|-damage|p2a: Tentacruel|55/100
|-unboost|p1a: Cobalion|def|1
|-unboost|p1a: Cobalion|spd|1
|
|-heal|p1a: Cobalion|98/100|[from] item: Leftovers
|-heal|p2a: Tentacruel|61/100|[from] item: Black Sludge
|upkeep
|turn|13
|
|t:|1651915619
|move|p1a: Cobalion|Volt Switch|p2a: Tentacruel
|-supereffective|p2a: Tentacruel
|-damage|p2a: Tentacruel|38/100
|
|t:|1651915633
|switch|p1a: Thundurus|Thundurus-Therian, M|80/100|[from]move: Volt Switch
|move|p2a: Tentacruel|Rapid Spin|p1a: Thundurus
|-damage|p1a: Thundurus|68/100
|-boost|p2a: Tentacruel|spe|1
|-sideend|p2: uult91w mush|Stealth Rock|[from] move: Rapid Spin|[of] p2a: Tentacruel
|
|-heal|p2a: Tentacruel|44/100|[from] item: Black Sludge
|upkeep
|turn|14
|
|t:|1651915642
|switch|p2a: Hippowdon|Hippowdon, F|67/100
|-weather|Sandstorm|[from] ability: Sand Stream|[of] p2a: Hippowdon
|move|p1a: Thundurus|Grass Knot|p2a: Hippowdon
|-supereffective|p2a: Hippowdon
|-damage|p2a: Hippowdon|0 fnt
|faint|p2a: Hippowdon
|
|-weather|Sandstorm|[upkeep]
|-damage|p1a: Thundurus|62/100|[from] Sandstorm
|upkeep
|
|t:|1651915650
|switch|p2a: Azelf|Azelf|94/100
|turn|15
|
|t:|1651915653
|switch|p1a: Mandibuzz|Mandibuzz, F|100/100
|move|p2a: Azelf|Knock Off|p1a: Mandibuzz
|-resisted|p1a: Mandibuzz
|-damage|p1a: Mandibuzz|93/100
|-enditem|p1a: Mandibuzz|Heavy-Duty Boots|[from] move: Knock Off|[of] p2a: Azelf
|
|-weather|Sandstorm|[upkeep]
|-damage|p2a: Azelf|88/100|[from] Sandstorm
|upkeep
|turn|16
|
|t:|1651915655
|move|p2a: Azelf|U-turn|p1a: Mandibuzz
|-crit|p1a: Mandibuzz
|-damage|p1a: Mandibuzz|77/100
|
|t:|1651915658
|switch|p2a: Hydreigon|Hydreigon, F|100/100|[from]move: U-turn
|move|p1a: Mandibuzz|Defog|p2a: Hydreigon
|-unboost|p2a: Hydreigon|evasion|1
|-sideend|p1: kolom|Stealth Rock|[from] move: Defog|[of] p1a: Mandibuzz
|
|-weather|Sandstorm|[upkeep]
|-damage|p2a: Hydreigon|94/100|[from] Sandstorm
|upkeep
|turn|17
|
|t:|1651915661
|move|p2a: Hydreigon|Draco Meteor|p1a: Mandibuzz
|-damage|p1a: Mandibuzz|2/100
|-unboost|p2a: Hydreigon|spa|2
|move|p1a: Mandibuzz|Roost|p1a: Mandibuzz
|-heal|p1a: Mandibuzz|52/100
|-singleturn|p1a: Mandibuzz|move: Roost
|
|-weather|Sandstorm|[upkeep]
|-damage|p2a: Hydreigon|88/100|[from] Sandstorm
|upkeep
|turn|18
|j| Jelly Cookie
|
|t:|1651915665
|move|p2a: Hydreigon|Draco Meteor|p1a: Mandibuzz|[miss]
|-miss|p2a: Hydreigon|p1a: Mandibuzz
|move|p1a: Mandibuzz|Roost|p1a: Mandibuzz
|-heal|p1a: Mandibuzz|100/100
|-singleturn|p1a: Mandibuzz|move: Roost
|
|-weather|none
|upkeep
|turn|19
|
|t:|1651915669
|switch|p2a: Tentacruel|Tentacruel, F|44/100
|move|p1a: Mandibuzz|U-turn|p2a: Tentacruel
|-resisted|p2a: Tentacruel
|-damage|p2a: Tentacruel|38/100
|
|t:|1651915672
|switch|p1a: Thundurus|Thundurus-Therian, M|62/100|[from]move: U-turn
|
|-heal|p2a: Tentacruel|44/100|[from] item: Black Sludge
|upkeep
|turn|20
|
|t:|1651915675
|switch|p2a: Rotom|Rotom-Heat|97/100
|move|p1a: Thundurus|Volt Switch|p2a: Rotom
|-resisted|p2a: Rotom
|-crit|p2a: Rotom
|-damage|p2a: Rotom|66/100
|
|t:|1651915679
|switch|p1a: Keldeo|Keldeo-Resolute|94/100|[from]move: Volt Switch
|
|upkeep
|turn|21
|
|t:|1651915682
|switch|p2a: Hydreigon|Hydreigon, F|88/100
|move|p1a: Keldeo|Scald|p2a: Hydreigon
|-resisted|p2a: Hydreigon
|-damage|p2a: Hydreigon|55/100
|
|upkeep
|turn|22
|
|t:|1651915690
|switch|p1a: Cobalion|Cobalion|98/100
|move|p2a: Hydreigon|Draco Meteor|p1a: Cobalion
|-resisted|p1a: Cobalion
|-damage|p1a: Cobalion|33/100
|-unboost|p2a: Hydreigon|spa|2
|
|-heal|p1a: Cobalion|40/100|[from] item: Leftovers
|upkeep
|turn|23
|
|t:|1651915696
|switch|p2a: Azelf|Azelf|88/100
|move|p1a: Cobalion|Volt Switch|p2a: Azelf
|-damage|p2a: Azelf|66/100
|
|t:|1651915699
|switch|p1a: Mandibuzz|Mandibuzz, F|100/100|[from]move: Volt Switch
|
|upkeep
|turn|24
|
|t:|1651915702
|move|p2a: Azelf|U-turn|p1a: Mandibuzz
|-damage|p1a: Mandibuzz|89/100
|
|t:|1651915705
|switch|p2a: Tentacruel|Tentacruel, F|44/100|[from]move: U-turn
|move|p1a: Mandibuzz|U-turn|p2a: Tentacruel
|-resisted|p2a: Tentacruel
|-damage|p2a: Tentacruel|38/100
|
|t:|1651915707
|switch|p1a: Thundurus|Thundurus-Therian, M|62/100|[from]move: U-turn
|
|-heal|p2a: Tentacruel|44/100|[from] item: Black Sludge
|upkeep
|turn|25
|
|t:|1651915713
|switch|p2a: Azelf|Azelf|66/100
|move|p1a: Thundurus|Volt Switch|p2a: Azelf
|-damage|p2a: Azelf|7/100
|l| Menacce17
|
|t:|1651915724
|switch|p1a: Mandibuzz|Mandibuzz, F|89/100|[from]move: Volt Switch
|
|upkeep
|turn|26
|
|t:|1651915728
|switch|p2a: Scizor|Scizor, M|50/100
|move|p1a: Mandibuzz|U-turn|p2a: Scizor
|-resisted|p2a: Scizor
|-damage|p2a: Scizor|46/100
|
|t:|1651915730
|switch|p1a: Keldeo|Keldeo-Resolute|94/100|[from]move: U-turn
|
|upkeep
|turn|27
|-message|uult91w mush forfeited.
|
|win|kolom
|raw|kolom's rating: 1490 &rarr; <strong>1519</strong><br />(+29 for winning)
|raw|uult91w mush's rating: 1651 &rarr; <strong>1622</strong><br />(-29 for losing)
|l|☆uult91w mush
|l| Jelly Cookie
||Ladder isn't responding, score probably updated but might not have (Request timeout).
