|j|☆Solobigbagalert@!
|j|☆naviii 1
|t:|1602900936
|player|p1|Solobigbagalert|lucas|1744
|player|p2|naviii 1|brendan-gen3rs|1673
|teamsize|p1|6
|teamsize|p2|6
|gametype|singles
|gen|8
|tier|[Gen 8] UU
|rated|
|clearpoke
|poke|p1|Araquanid, F|
|poke|p1|Mimikyu, F|
|poke|p1|Bisharp, M|
|poke|p1|Noivern, F|
|poke|p1|Cobalion|
|poke|p1|Necrozma|
|poke|p2|Barbaracle, M|
|poke|p2|Slowbro-Galar, M|
|poke|p2|Sharpedo, M|
|poke|p2|Mimikyu, M|
|poke|p2|Noivern, F|
|poke|p2|Necrozma|
|rule|Sleep Clause Mod: Limit one foe put to sleep
|rule|Species Clause: Limit one of each Pokémon
|rule|OHKO Clause: OHKO moves are banned
|rule|Evasion Moves Clause: Evasion moves are banned
|rule|Endless Battle Clause: Forcing endless battles is banned
|rule|HP Percentage Mod: HP is shown in percentages
|rule|Dynamax Clause: You cannot dynamax
|teampreview
|inactive|Battle timer is ON: inactive players will automatically lose when time's up. (requested by naviii 1)
|j| gb uu alt
|inactive|Solobigbagalert has 120 seconds left.
|inactive|naviii 1 has 120 seconds left.
|j| Eltobogandepiojos
|
|t:|1602900984
|start
|switch|p1a: Noivern|Noivern, F|100/100
|switch|p2a: Monstrosity|Barbaracle, M|100/100
|turn|1
|
|t:|1602900998
|move|p1a: Noivern|Draco Meteor|p2a: Monstrosity|[miss]
|-miss|p1a: Noivern|p2a: Monstrosity
|move|p2a: Monstrosity|Shell Smash|p2a: Monstrosity
|-unboost|p2a: Monstrosity|def|1
|-unboost|p2a: Monstrosity|spd|1
|-boost|p2a: Monstrosity|atk|2
|-boost|p2a: Monstrosity|spa|2
|-boost|p2a: Monstrosity|spe|2
|
|upkeep
|turn|2
|
|t:|1602901007
|move|p2a: Monstrosity|Stone Edge|p1a: Noivern
|-supereffective|p1a: Noivern
|-damage|p1a: Noivern|0 fnt
|faint|p1a: Noivern
|
|upkeep
|
|t:|1602901014
|switch|p1a: Mimikyu|Mimikyu, F|100/100
|turn|3
|
|t:|1602901018
|move|p2a: Monstrosity|Earthquake|p1a: Mimikyu
|-activate|p1a: Mimikyu|ability: Disguise
|-damage|p1a: Mimikyu|100/100
|detailschange|p1a: Mimikyu|Mimikyu-Busted, F
|-damage|p1a: Mimikyu|88/100|[from] pokemon: Mimikyu-Busted
|move|p1a: Mimikyu|Shadow Claw|p2a: Monstrosity
|-damage|p2a: Monstrosity|40/100
|-damage|p1a: Mimikyu|78/100|[from] item: Life Orb
|
|upkeep
|turn|4
|
|t:|1602901044
|move|p1a: Mimikyu|Shadow Sneak|p2a: Monstrosity
|-damage|p2a: Monstrosity|6/100
|-damage|p1a: Mimikyu|68/100|[from] item: Life Orb
|move|p2a: Monstrosity|Earthquake|p1a: Mimikyu
|-damage|p1a: Mimikyu|0 fnt
|faint|p1a: Mimikyu
|
|upkeep
|
|t:|1602901056
|switch|p1a: Bisharp|Bisharp, M|100/100
|turn|5
|
|t:|1602901059
|move|p2a: Monstrosity|Earthquake|p1a: Bisharp
|-supereffective|p1a: Bisharp
|-damage|p1a: Bisharp|0 fnt
|faint|p1a: Bisharp
|
|upkeep
|
|t:|1602901068
|switch|p1a: Necrozma|Necrozma|100/100
|turn|6
|
|t:|1602901078
|switch|p1a: Cobalion|Cobalion|100/100
|move|p2a: Monstrosity|Earthquake|p1a: Cobalion
|-supereffective|p1a: Cobalion
|-damage|p1a: Cobalion|7/100
|
|upkeep
|turn|7
|
|t:|1602901089
|move|p2a: Monstrosity|Earthquake|p1a: Cobalion
|-supereffective|p1a: Cobalion
|-damage|p1a: Cobalion|0 fnt
|faint|p1a: Cobalion
|
|upkeep
|
|t:|1602901100
|switch|p1a: Araquanid|Araquanid, F|100/100
|turn|8
|
|t:|1602901105
|move|p2a: Monstrosity|Stone Edge|p1a: Araquanid|[miss]
|-miss|p2a: Monstrosity|p1a: Araquanid
|move|p1a: Araquanid|Sticky Web|p2a: Monstrosity
|-sidestart|p2: naviii 1|move: Sticky Web
|
|upkeep
|turn|9
|
|t:|1602901110
|move|p2a: Monstrosity|Stone Edge|p1a: Araquanid
|-supereffective|p1a: Araquanid
|-damage|p1a: Araquanid|0 fnt
|faint|p1a: Araquanid
|
|upkeep
|
|t:|1602901114
|switch|p1a: Necrozma|Necrozma|100/100
|turn|10
|inactive|naviii 1 has 120 seconds left.
|
|t:|1602901160
|move|p2a: Monstrosity|Earthquake|p1a: Necrozma
|-damage|p1a: Necrozma|46/100
|move|p1a: Necrozma|Autotomize|p1a: Necrozma
|-boost|p1a: Necrozma|spe|2
|-start|p1a: Necrozma|Autotomize
|
|upkeep
|turn|11
|
|t:|1602901164
|move|p2a: Monstrosity|Earthquake|p1a: Necrozma
|-damage|p1a: Necrozma|0 fnt
|faint|p1a: Necrozma
|
|win|naviii 1
|l|☆Solobigbagalert
|raw|Solobigbagalert's rating: 1744 &rarr; <strong>1719</strong><br />(-25 for losing)
|raw|naviii 1's rating: 1652 &rarr; <strong>1677</strong><br />(+25 for winning)
|l| Eltobogandepiojos
|j| Enrlque ㋡
|l|☆naviii 1
