|j|☆Dru Hill
|j|☆DDD951
|t:|1653702015
|gametype|singles
|player|p1|Dru Hill|hoopster|1311
|player|p2|DDD951|1|1417
|teamsize|p1|6
|teamsize|p2|6
|gen|8
|tier|[Gen 8] UU
|rated|
|rule|Sleep Clause Mod: Limit one foe put to sleep
|rule|Species Clause: Limit one of each Pokémon
|rule|OHKO Clause: OHKO moves are banned
|rule|Evasion Moves Clause: Evasion moves are banned
|rule|Endless Battle Clause: Forcing endless battles is banned
|rule|HP Percentage Mod: HP is shown in percentages
|rule|Dynamax Clause: You cannot dynamax
|clearpoke
|poke|p1|Nihilego|
|poke|p1|Mandibuzz, F|
|poke|p1|Chansey, F|
|poke|p1|Rotom-Wash|
|poke|p1|Conkeldurr, F|
|poke|p1|Gardevoir, F|
|poke|p2|Aegislash, F|
|poke|p2|Gyarados, M|
|poke|p2|Starmie|
|poke|p2|Mamoswine, F|
|poke|p2|Tangrowth, M|
|poke|p2|Darmanitan, F|
|teampreview
|
|t:|1653702027
|start
|switch|p1a: Mandibuzz|Mandibuzz, F|100/100
|switch|p2a: Tangrowth|Tangrowth, M|100/100
|turn|1
|
|t:|1653702038
|move|p1a: Mandibuzz|Brave Bird|p2a: Tangrowth
|-supereffective|p2a: Tangrowth
|-damage|p2a: Tangrowth|57/100
|-damage|p1a: Mandibuzz|86/100|[from] Recoil
|move|p2a: Tangrowth|Knock Off|p1a: Mandibuzz
|-resisted|p1a: Mandibuzz
|-damage|p1a: Mandibuzz|79/100
|-enditem|p1a: Mandibuzz|Heavy-Duty Boots|[from] move: Knock Off|[of] p2a: Tangrowth
|
|upkeep
|turn|2
|
|t:|1653702048
|switch|p2a: Darmanitan|Darmanitan, F|100/100
|move|p1a: Mandibuzz|Foul Play|p2a: Darmanitan
|-damage|p2a: Darmanitan|24/100
|
|upkeep
|turn|3
|
|t:|1653702054
|switch|p1a: Rotom|Rotom-Wash|100/100
|move|p2a: Darmanitan|U-turn|p1a: Rotom
|-damage|p1a: Rotom|77/100
|
|t:|1653702060
|switch|p2a: Tangrowth|Tangrowth, M|90/100|[from]move: U-turn
|
|-heal|p1a: Rotom|83/100|[from] item: Leftovers
|upkeep
|turn|4
|
|t:|1653702069
|switch|p1a: Mandibuzz|Mandibuzz, F|79/100
|move|p2a: Tangrowth|Sludge Bomb|p1a: Mandibuzz
|-damage|p1a: Mandibuzz|62/100
|
|upkeep
|turn|5
|
|t:|1653702075
|move|p1a: Mandibuzz|Roost|p1a: Mandibuzz
|-heal|p1a: Mandibuzz|100/100
|-singleturn|p1a: Mandibuzz|move: Roost
|move|p2a: Tangrowth|Sludge Bomb|p1a: Mandibuzz
|-damage|p1a: Mandibuzz|83/100
|
|upkeep
|turn|6
|
|t:|1653702083
|switch|p1a: Conkeldurr|Conkeldurr, F|100/100
|move|p2a: Tangrowth|Sludge Bomb|p1a: Conkeldurr
|-damage|p1a: Conkeldurr|74/100
|
|-status|p1a: Conkeldurr|brn|[from] item: Flame Orb
|upkeep
|turn|7
|
|t:|1653702103
|switch|p2a: Darmanitan|Darmanitan, F|24/100
|move|p1a: Conkeldurr|Drain Punch|p2a: Darmanitan
|-damage|p2a: Darmanitan|0 fnt
|-heal|p1a: Conkeldurr|84/100 brn|[from] drain|[of] p2a: Darmanitan
|faint|p2a: Darmanitan
|
|-damage|p1a: Conkeldurr|78/100 brn|[from] brn
|upkeep
|
|t:|1653702114
|switch|p2a: Starmie|Starmie|100/100
|turn|8
|
|t:|1653702121
|switch|p1a: Chansey|Chansey, F|100/100
|move|p2a: Starmie|Psyshock|p1a: Chansey
|-damage|p1a: Chansey|62/100
|-damage|p2a: Starmie|91/100|[from] item: Life Orb
|
|upkeep
|turn|9
|
|t:|1653702128
|switch|p2a: Mamoswine|Mamoswine, F|100/100
|move|p1a: Chansey|Soft-Boiled|p1a: Chansey
|-heal|p1a: Chansey|100/100
|
|upkeep
|turn|10
|
|t:|1653702133
|switch|p1a: Rotom|Rotom-Wash|83/100
|move|p2a: Mamoswine|Stealth Rock|p1a: Rotom
|-sidestart|p1: Dru Hill|move: Stealth Rock
|
|-heal|p1a: Rotom|89/100|[from] item: Leftovers
|upkeep
|turn|11
|
|t:|1653702143
|switch|p2a: Tangrowth|Tangrowth, M|100/100
|move|p1a: Rotom|Will-O-Wisp|p2a: Tangrowth|[miss]
|-miss|p1a: Rotom|p2a: Tangrowth
|
|-heal|p1a: Rotom|95/100|[from] item: Leftovers
|upkeep
|turn|12
|
|t:|1653702152
|switch|p1a: Mandibuzz|Mandibuzz, F|83/100
|-damage|p1a: Mandibuzz|58/100|[from] Stealth Rock
|move|p2a: Tangrowth|Knock Off|p1a: Mandibuzz
|-resisted|p1a: Mandibuzz
|-damage|p1a: Mandibuzz|53/100
|
|upkeep
|turn|13
|
|t:|1653702158
|move|p1a: Mandibuzz|Defog|p2a: Tangrowth
|-unboost|p2a: Tangrowth|evasion|1
|-sideend|p1: Dru Hill|Stealth Rock|[from] move: Defog|[of] p1a: Mandibuzz
|move|p2a: Tangrowth|Sludge Bomb|p1a: Mandibuzz
|-damage|p1a: Mandibuzz|37/100
|
|upkeep
|turn|14
|
|t:|1653702165
|move|p1a: Mandibuzz|Roost|p1a: Mandibuzz
|-heal|p1a: Mandibuzz|87/100
|-singleturn|p1a: Mandibuzz|move: Roost
|move|p2a: Tangrowth|Giga Drain|p1a: Mandibuzz
|-damage|p1a: Mandibuzz|65/100
|
|upkeep
|turn|15
|
|t:|1653702172
|move|p1a: Mandibuzz|Brave Bird|p2a: Tangrowth
|-supereffective|p2a: Tangrowth
|-damage|p2a: Tangrowth|55/100
|-damage|p1a: Mandibuzz|51/100|[from] Recoil
|move|p2a: Tangrowth|Sludge Bomb|p1a: Mandibuzz
|-damage|p1a: Mandibuzz|34/100
|-status|p1a: Mandibuzz|psn
|
|-damage|p1a: Mandibuzz|22/100 psn|[from] psn
|upkeep
|turn|16
|
|t:|1653702181
|move|p1a: Mandibuzz|Roost|p1a: Mandibuzz
|-heal|p1a: Mandibuzz|72/100 psn
|-singleturn|p1a: Mandibuzz|move: Roost
|move|p2a: Tangrowth|Giga Drain|p1a: Mandibuzz
|-damage|p1a: Mandibuzz|51/100 psn
|-heal|p2a: Tangrowth|66/100|[from] drain|[of] p1a: Mandibuzz
|
|-damage|p1a: Mandibuzz|39/100 psn|[from] psn
|upkeep
|turn|17
|
|t:|1653702190
|switch|p2a: Mamoswine|Mamoswine, F|100/100
|move|p1a: Mandibuzz|Brave Bird|p2a: Mamoswine
|-damage|p2a: Mamoswine|66/100
|-damage|p1a: Mandibuzz|29/100 psn|[from] Recoil
|
|-damage|p1a: Mandibuzz|17/100 psn|[from] psn
|upkeep
|turn|18
|
|t:|1653702201
|move|p2a: Mamoswine|Stealth Rock|p1a: Mandibuzz
|-sidestart|p1: Dru Hill|move: Stealth Rock
|move|p1a: Mandibuzz|Foul Play|p2a: Mamoswine
|-damage|p2a: Mamoswine|1/100
|
|-damage|p1a: Mandibuzz|4/100 psn|[from] psn
|upkeep
|turn|19
|
|t:|1653702212
|move|p2a: Mamoswine|Ice Shard|p1a: Mandibuzz
|-supereffective|p1a: Mandibuzz
|-damage|p1a: Mandibuzz|0 fnt
|faint|p1a: Mandibuzz
|-damage|p2a: Mamoswine|0 fnt|[from] item: Life Orb
|faint|p2a: Mamoswine
|
|upkeep
|
|t:|1653702224
|switch|p2a: Starmie|Starmie|91/100
|switch|p1a: Conkeldurr|Conkeldurr, F|78/100 brn
|-damage|p1a: Conkeldurr|72/100 brn|[from] Stealth Rock
|turn|20
|
|t:|1653702230
|switch|p2a: Tangrowth|Tangrowth, M|99/100
|switch|p1a: Chansey|Chansey, F|100/100
|-damage|p1a: Chansey|88/100|[from] Stealth Rock
|
|upkeep
|turn|21
|
|t:|1653702236
|move|p1a: Chansey|Toxic|p2a: Tangrowth
|-status|p2a: Tangrowth|tox
|move|p2a: Tangrowth|Knock Off|p1a: Chansey
|-damage|p1a: Chansey|74/100
|-enditem|p1a: Chansey|Eviolite|[from] move: Knock Off|[of] p2a: Tangrowth
|
|-damage|p2a: Tangrowth|93/100 tox|[from] psn
|upkeep
|turn|22
|
|t:|1653702245
|switch|p2a: Starmie|Starmie|91/100
|move|p1a: Chansey|Teleport|p1a: Chansey
|
|t:|1653702261
|switch|p1a: Gardevoir|Gardevoir, F, shiny|100/100|[from]move: Teleport
|-damage|p1a: Gardevoir|88/100|[from] Stealth Rock
|-ability|p1a: Gardevoir|Analytic|[from] ability: Trace|[of] p2a: Starmie
|
|upkeep
|turn|23
|
|t:|1653702272
|move|p2a: Starmie|Hydro Pump|p1a: Gardevoir
|-damage|p1a: Gardevoir|18/100
|-damage|p2a: Starmie|81/100|[from] item: Life Orb
|move|p1a: Gardevoir|Trick|p2a: Starmie
|-activate|p1a: Gardevoir|move: Trick|[of] p2a: Starmie
|-item|p2a: Starmie|Choice Specs|[from] move: Trick
|-item|p1a: Gardevoir|Life Orb|[from] move: Trick
|
|upkeep
|turn|24
|
|t:|1653702281
|switch|p1a: Chansey|Chansey, F|74/100
|-damage|p1a: Chansey|61/100|[from] Stealth Rock
|move|p2a: Starmie|Psyshock|p1a: Chansey
|-damage|p1a: Chansey|0 fnt
|faint|p1a: Chansey
|
|upkeep
|-message|Dru Hill forfeited.
|
|win|DDD951
|raw|Dru Hill's rating: 1311 &rarr; <strong>1297</strong><br />(-14 for losing)
|raw|DDD951's rating: 1417 &rarr; <strong>1431</strong><br />(+14 for winning)
|l|☆Dru Hill
||Ladder isn't responding, score probably updated but might not have (Request timeout).
