|j|☆Liz Angeles
|j|‽zouzouni12
|t:|1664803565
|gametype|singles
|player|p1|Liz Angeles|marley|1480
|player|p2|zouzouni12|169|1450
|teamsize|p1|6
|teamsize|p2|6
|gen|8
|tier|[Gen 8] UU
|rated|
|rule|Sleep Clause Mod: Limit one foe put to sleep
|rule|Species Clause: Limit one of each Pokémon
|rule|OHKO Clause: OHKO moves are banned
|rule|Evasion Items Clause: Evasion items are banned
|rule|Evasion Moves Clause: Evasion moves are banned
|rule|Endless Battle Clause: Forcing endless battles is banned
|rule|HP Percentage Mod: HP is shown in percentages
|rule|Dynamax Clause: You cannot dynamax
|clearpoke
|poke|p1|Nidoqueen, F|
|poke|p1|Mandibuzz, F|
|poke|p1|Scizor, M|
|poke|p1|Azelf|
|poke|p1|Noivern, M|
|poke|p1|Keldeo-Resolute|
|poke|p2|Torkoal, F|
|poke|p2|Venusaur, M|
|poke|p2|Charizard, F|
|poke|p2|Quagsire, F|
|poke|p2|Mandibuzz, F|
|poke|p2|Entei|
|teampreview
|
|t:|1664803574
|start
|switch|p1a: Nidoqueen|Nidoqueen, F|100/100
|switch|p2a: Torkoal|Torkoal, F|100/100
|-weather|SunnyDay|[from] ability: Drought|[of] p2a: Torkoal
|turn|1
|
|t:|1664803581
|switch|p2a: Mandibuzz|Mandibuzz, F|100/100
|move|p1a: Nidoqueen|Earth Power|p2a: Mandibuzz
|-immune|p2a: Mandibuzz
|
|-weather|SunnyDay|[upkeep]
|upkeep
|turn|2
|
|t:|1664803587
|move|p1a: Nidoqueen|Stealth Rock|p2a: Mandibuzz
|-sidestart|p2: zouzouni12|move: Stealth Rock
|move|p2a: Mandibuzz|Knock Off|p1a: Nidoqueen
|-crit|p1a: Nidoqueen
|-damage|p1a: Nidoqueen|62/100
|-enditem|p1a: Nidoqueen|Life Orb|[from] move: Knock Off|[of] p2a: Mandibuzz
|
|-weather|SunnyDay|[upkeep]
|upkeep
|turn|3
|
|t:|1664803597
|move|p1a: Nidoqueen|Sludge Wave|p2a: Mandibuzz
|-damage|p2a: Mandibuzz|70/100
|move|p2a: Mandibuzz|Defog|p1a: Nidoqueen
|-unboost|p1a: Nidoqueen|evasion|1
|-sideend|p2: zouzouni12|Stealth Rock|[from] move: Defog|[of] p2a: Mandibuzz
|
|-weather|SunnyDay|[upkeep]
|upkeep
|turn|4
|
|t:|1664803604
|move|p1a: Nidoqueen|Stealth Rock|p2a: Mandibuzz
|-sidestart|p2: zouzouni12|move: Stealth Rock
|move|p2a: Mandibuzz|Knock Off|p1a: Nidoqueen
|-damage|p1a: Nidoqueen|45/100
|
|-weather|SunnyDay|[upkeep]
|upkeep
|turn|5
|
|t:|1664803611
|move|p1a: Nidoqueen|Sludge Wave|p2a: Mandibuzz
|-damage|p2a: Mandibuzz|39/100
|move|p2a: Mandibuzz|Defog|p1a: Nidoqueen
|-unboost|p1a: Nidoqueen|evasion|1
|-sideend|p2: zouzouni12|Stealth Rock|[from] move: Defog|[of] p2a: Mandibuzz
|
|-weather|SunnyDay|[upkeep]
|upkeep
|turn|6
|
|t:|1664803617
|move|p1a: Nidoqueen|Stealth Rock|p2a: Mandibuzz
|-sidestart|p2: zouzouni12|move: Stealth Rock
|move|p2a: Mandibuzz|Roost|p2a: Mandibuzz
|-heal|p2a: Mandibuzz|89/100
|-singleturn|p2a: Mandibuzz|move: Roost
|
|-weather|SunnyDay|[upkeep]
|upkeep
|turn|7
|
|t:|1664803624
|move|p1a: Nidoqueen|Sludge Wave|p2a: Mandibuzz
|-damage|p2a: Mandibuzz|57/100
|move|p2a: Mandibuzz|Defog|p1a: Nidoqueen
|-unboost|p1a: Nidoqueen|evasion|1
|-sideend|p2: zouzouni12|Stealth Rock|[from] move: Defog|[of] p2a: Mandibuzz
|
|-weather|SunnyDay|[upkeep]
|upkeep
|turn|8
|
|t:|1664803631
|move|p1a: Nidoqueen|Sludge Wave|p2a: Mandibuzz
|-damage|p2a: Mandibuzz|25/100
|move|p2a: Mandibuzz|Roost|p2a: Mandibuzz
|-heal|p2a: Mandibuzz|75/100
|-singleturn|p2a: Mandibuzz|move: Roost
|
|-weather|none
|upkeep
|turn|9
|
|t:|1664803638
|switch|p1a: Keldeo|Keldeo-Resolute|100/100
|move|p2a: Mandibuzz|Roost|p2a: Mandibuzz
|-heal|p2a: Mandibuzz|100/100
|-singleturn|p2a: Mandibuzz|move: Roost
|
|upkeep
|turn|10
|
|t:|1664803645
|move|p1a: Keldeo|Surf|p2a: Mandibuzz
|-damage|p2a: Mandibuzz|62/100
|move|p2a: Mandibuzz|Knock Off|p1a: Keldeo
|-resisted|p1a: Keldeo
|-damage|p1a: Keldeo|87/100
|-ability|p1a: Keldeo|Justified|boost
|-boost|p1a: Keldeo|atk|1
|-enditem|p1a: Keldeo|Choice Specs|[from] move: Knock Off|[of] p2a: Mandibuzz
|
|upkeep
|turn|11
|
|t:|1664803655
|move|p1a: Keldeo|Secret Sword|p2a: Mandibuzz
|-damage|p2a: Mandibuzz|27/100
|move|p2a: Mandibuzz|Roost|p2a: Mandibuzz
|-heal|p2a: Mandibuzz|77/100
|-singleturn|p2a: Mandibuzz|move: Roost
|
|upkeep
|turn|12
|
|t:|1664803662
|move|p1a: Keldeo|Secret Sword|p2a: Mandibuzz
|-damage|p2a: Mandibuzz|42/100
|move|p2a: Mandibuzz|Roost|p2a: Mandibuzz
|-heal|p2a: Mandibuzz|92/100
|-singleturn|p2a: Mandibuzz|move: Roost
|
|upkeep
|turn|13
|
|t:|1664803674
|switch|p2a: Torkoal|Torkoal, F|100/100
|-weather|SunnyDay|[from] ability: Drought|[of] p2a: Torkoal
|move|p1a: Keldeo|Air Slash|p2a: Torkoal
|-damage|p2a: Torkoal|66/100
|
|-weather|SunnyDay|[upkeep]
|upkeep
|turn|14
|
|t:|1664803683
|switch|p2a: Quagsire|Quagsire, F|100/100
|move|p1a: Keldeo|Air Slash|p2a: Quagsire
|-damage|p2a: Quagsire|71/100
|
|-weather|SunnyDay|[upkeep]
|-heal|p2a: Quagsire|77/100|[from] item: Leftovers
|upkeep
|turn|15
|
|t:|1664803695
|switch|p1a: Mandibuzz|Mandibuzz, F|100/100
|move|p2a: Quagsire|Toxic|p1a: Mandibuzz
|-status|p1a: Mandibuzz|tox
|
|-weather|SunnyDay|[upkeep]
|-heal|p2a: Quagsire|83/100|[from] item: Leftovers
|-damage|p1a: Mandibuzz|94/100 tox|[from] psn
|upkeep
|turn|16
|
|t:|1664803706
|switch|p2a: Charizard|Charizard, F|100/100
|move|p1a: Mandibuzz|U-turn|p2a: Charizard
|-resisted|p2a: Charizard
|-damage|p2a: Charizard|97/100
|
|t:|1664803714
|switch|p1a: Noivern|Noivern, M|100/100|[from]move: U-turn
|-item|p2a: Charizard|Choice Specs|[from] ability: Frisk|[of] p1a: Noivern|[identify]
|
|-weather|SunnyDay|[upkeep]
|-damage|p2a: Charizard|85/100|[from] ability: Solar Power|[of] p2a: Charizard
|upkeep
|turn|17
|
|t:|1664803727
|switch|p2a: Mandibuzz|Mandibuzz, F|92/100
|move|p1a: Noivern|Draco Meteor|p2a: Mandibuzz
|-damage|p2a: Mandibuzz|59/100
|-unboost|p1a: Noivern|spa|2
|
|-weather|SunnyDay|[upkeep]
|upkeep
|turn|18
|
|t:|1664803735
|move|p1a: Noivern|U-turn|p2a: Mandibuzz
|-damage|p2a: Mandibuzz|51/100
|
|t:|1664803744
|switch|p1a: Scizor|Scizor, M|100/100|[from]move: U-turn
|move|p2a: Mandibuzz|Roost|p2a: Mandibuzz
|-heal|p2a: Mandibuzz|100/100
|-singleturn|p2a: Mandibuzz|move: Roost
|
|-weather|SunnyDay|[upkeep]
|upkeep
|turn|19
|
|t:|1664803751
|move|p2a: Mandibuzz|Knock Off|p1a: Scizor
|-damage|p1a: Scizor|83/100
|-enditem|p1a: Scizor|Heavy-Duty Boots|[from] move: Knock Off|[of] p2a: Mandibuzz
|move|p1a: Scizor|Knock Off|p2a: Mandibuzz
|-resisted|p2a: Mandibuzz
|-damage|p2a: Mandibuzz|89/100
|-enditem|p2a: Mandibuzz|Heavy-Duty Boots|[from] move: Knock Off|[of] p1a: Scizor
|
|-weather|SunnyDay|[upkeep]
|upkeep
|turn|20
|
|t:|1664803760
|move|p2a: Mandibuzz|U-turn|p1a: Scizor
|-resisted|p1a: Scizor
|-damage|p1a: Scizor|79/100
|
|t:|1664803768
|switch|p2a: Torkoal|Torkoal, F|66/100|[from]move: U-turn
|move|p1a: Scizor|U-turn|p2a: Torkoal
|-resisted|p2a: Torkoal
|-damage|p2a: Torkoal|58/100
|
|t:|1664803777
|switch|p1a: Nidoqueen|Nidoqueen, F|45/100|[from]move: U-turn
|
|-weather|none
|upkeep
|turn|21
|
|t:|1664803782
|switch|p2a: Mandibuzz|Mandibuzz, F|89/100
|move|p1a: Nidoqueen|Stealth Rock|p2a: Mandibuzz
|-sidestart|p2: zouzouni12|move: Stealth Rock
|
|upkeep
|turn|22
|
|t:|1664803787
|move|p1a: Nidoqueen|Sludge Wave|p2a: Mandibuzz
|-damage|p2a: Mandibuzz|62/100
|move|p2a: Mandibuzz|Defog|p1a: Nidoqueen
|-unboost|p1a: Nidoqueen|evasion|1
|-sideend|p2: zouzouni12|Stealth Rock|[from] move: Defog|[of] p2a: Mandibuzz
|
|upkeep
|turn|23
|
|t:|1664803792
|move|p1a: Nidoqueen|Sludge Wave|p2a: Mandibuzz
|-damage|p2a: Mandibuzz|32/100
|move|p2a: Mandibuzz|Roost|p2a: Mandibuzz
|-heal|p2a: Mandibuzz|82/100
|-singleturn|p2a: Mandibuzz|move: Roost
|
|upkeep
|turn|24
|
|t:|1664803799
|switch|p1a: Scizor|Scizor, M|79/100
|move|p2a: Mandibuzz|Knock Off|p1a: Scizor
|-damage|p1a: Scizor|66/100
|
|upkeep
|turn|25
|j| blastmiss
|
|t:|1664803812
|switch|p2a: Quagsire|Quagsire, F|83/100
|move|p1a: Scizor|U-turn|p2a: Quagsire
|-damage|p2a: Quagsire|61/100
|
|t:|1664803820
|switch|p1a: Azelf|Azelf|100/100|[from]move: U-turn
|
|-heal|p2a: Quagsire|67/100|[from] item: Leftovers
|upkeep
|turn|26
|
|t:|1664803829
|switch|p2a: Mandibuzz|Mandibuzz, F|82/100
|move|p1a: Azelf|Knock Off|p2a: Mandibuzz
|-resisted|p2a: Mandibuzz
|-damage|p2a: Mandibuzz|76/100
|
|upkeep
|turn|27
|
|t:|1664803837
|move|p1a: Azelf|U-turn|p2a: Mandibuzz
|-damage|p2a: Mandibuzz|60/100
|inactive|Battle timer is ON: inactive players will automatically lose when time's up. (requested by Liz Angeles)
|
|t:|1664803841
|switch|p1a: Scizor|Scizor, M|66/100|[from]move: U-turn
|move|p2a: Mandibuzz|U-turn|p1a: Scizor
|-resisted|p1a: Scizor
|-damage|p1a: Scizor|62/100
|
|t:|1664803847
|switch|p2a: Torkoal|Torkoal, F|58/100|[from]move: U-turn
|-weather|SunnyDay|[from] ability: Drought|[of] p2a: Torkoal
|
|-weather|SunnyDay|[upkeep]
|upkeep
|turn|28
|
|t:|1664803853
|move|p1a: Scizor|U-turn|p2a: Torkoal
|-resisted|p2a: Torkoal
|-damage|p2a: Torkoal|50/100
|
|t:|1664803856
|switch|p1a: Nidoqueen|Nidoqueen, F|45/100|[from]move: U-turn
|move|p2a: Torkoal|Stealth Rock|p1a: Nidoqueen
|-sidestart|p1: Liz Angeles|move: Stealth Rock
|
|-weather|SunnyDay|[upkeep]
|upkeep
|turn|29
|
|t:|1664803864
|switch|p2a: Charizard|Charizard, F|85/100
|move|p1a: Nidoqueen|Stealth Rock|p2a: Charizard
|-sidestart|p2: zouzouni12|move: Stealth Rock
|
|-weather|SunnyDay|[upkeep]
|-damage|p2a: Charizard|72/100|[from] ability: Solar Power|[of] p2a: Charizard
|upkeep
|turn|30
|
|t:|1664803871
|move|p2a: Charizard|Weather Ball|p1a: Nidoqueen
|-damage|p1a: Nidoqueen|0 fnt
|faint|p1a: Nidoqueen
|
|-weather|SunnyDay|[upkeep]
|-damage|p2a: Charizard|60/100|[from] ability: Solar Power|[of] p2a: Charizard
|upkeep
|inactive|Liz Angeles has 120 seconds left.
|
|t:|1664803924
|switch|p1a: Noivern|Noivern, M|100/100
|-item|p2a: Charizard|Choice Specs|[from] ability: Frisk|[of] p1a: Noivern|[identify]
|turn|31
|
|t:|1664803933
|move|p1a: Noivern|Draco Meteor|p2a: Charizard
|-damage|p2a: Charizard|0 fnt
|-unboost|p1a: Noivern|spa|2
|faint|p2a: Charizard
|
|-weather|SunnyDay|[upkeep]
|upkeep
|
|t:|1664803939
|switch|p2a: Mandibuzz|Mandibuzz, F|60/100
|-damage|p2a: Mandibuzz|35/100|[from] Stealth Rock
|turn|32
|
|t:|1664803944
|move|p1a: Noivern|U-turn|p2a: Mandibuzz
|-damage|p2a: Mandibuzz|28/100
|
|t:|1664803947
|switch|p1a: Scizor|Scizor, M|62/100|[from]move: U-turn
|-damage|p1a: Scizor|50/100|[from] Stealth Rock
|move|p2a: Mandibuzz|Roost|p2a: Mandibuzz
|-heal|p2a: Mandibuzz|78/100
|-singleturn|p2a: Mandibuzz|move: Roost
|
|-weather|SunnyDay|[upkeep]
|upkeep
|turn|33
|
|t:|1664803955
|move|p2a: Mandibuzz|Defog|p1a: Scizor
|-unboost|p1a: Scizor|evasion|1
|-sideend|p1: Liz Angeles|Stealth Rock|[from] move: Defog|[of] p2a: Mandibuzz
|-sideend|p2: zouzouni12|Stealth Rock|[from] move: Defog|[of] p2a: Mandibuzz
|move|p1a: Scizor|Roost|p1a: Scizor
|-heal|p1a: Scizor|99/100
|-singleturn|p1a: Scizor|move: Roost
|
|-weather|SunnyDay|[upkeep]
|upkeep
|turn|34
|
|t:|1664803967
|switch|p2a: Quagsire|Quagsire, F|67/100
|move|p1a: Scizor|U-turn|p2a: Quagsire
|-damage|p2a: Quagsire|45/100
|
|t:|1664803979
|switch|p1a: Azelf|Azelf|100/100|[from]move: U-turn
|
|-weather|none
|-heal|p2a: Quagsire|52/100|[from] item: Leftovers
|upkeep
|turn|35
|
|t:|1664803986
|move|p1a: Azelf|Psychic|p2a: Quagsire
|-damage|p2a: Quagsire|0 fnt
|faint|p2a: Quagsire
|
|upkeep
|
|t:|1664803994
|switch|p2a: Torkoal|Torkoal, F|50/100
|-weather|SunnyDay|[from] ability: Drought|[of] p2a: Torkoal
|turn|36
|
|t:|1664804000
|switch|p2a: Mandibuzz|Mandibuzz, F|78/100
|move|p1a: Azelf|Psychic|p2a: Mandibuzz
|-immune|p2a: Mandibuzz
|
|-weather|SunnyDay|[upkeep]
|upkeep
|turn|37
|
|t:|1664804006
|move|p1a: Azelf|U-turn|p2a: Mandibuzz
|-damage|p2a: Mandibuzz|62/100
|
|t:|1664804009
|switch|p1a: Scizor|Scizor, M|99/100|[from]move: U-turn
|move|p2a: Mandibuzz|U-turn|p1a: Scizor
|-resisted|p1a: Scizor
|-damage|p1a: Scizor|96/100
|
|t:|1664804015
|switch|p2a: Entei|Entei|100/100|[from]move: U-turn
|
|-weather|SunnyDay|[upkeep]
|upkeep
|turn|38
|
|t:|1664804021
|switch|p1a: Noivern|Noivern, M|100/100
|-item|p2a: Entei|Choice Band|[from] ability: Frisk|[of] p1a: Noivern|[identify]
|move|p2a: Entei|Sacred Fire|p1a: Noivern|[miss]
|-miss|p2a: Entei|p1a: Noivern
|
|-weather|SunnyDay|[upkeep]
|upkeep
|turn|39
|
|t:|1664804033
|switch|p2a: Mandibuzz|Mandibuzz, F|62/100
|move|p1a: Noivern|Draco Meteor|p2a: Mandibuzz
|-damage|p2a: Mandibuzz|30/100
|-unboost|p1a: Noivern|spa|2
|
|-weather|SunnyDay|[upkeep]
|upkeep
|turn|40
|
|t:|1664804040
|move|p1a: Noivern|U-turn|p2a: Mandibuzz
|-damage|p2a: Mandibuzz|22/100
|
|t:|1664804042
|switch|p1a: Scizor|Scizor, M|96/100|[from]move: U-turn
|move|p2a: Mandibuzz|Roost|p2a: Mandibuzz
|-heal|p2a: Mandibuzz|72/100
|-singleturn|p2a: Mandibuzz|move: Roost
|
|-weather|SunnyDay|[upkeep]
|upkeep
|turn|41
|
|t:|1664804050
|move|p2a: Mandibuzz|Roost|p2a: Mandibuzz
|-heal|p2a: Mandibuzz|100/100
|-singleturn|p2a: Mandibuzz|move: Roost
|move|p1a: Scizor|U-turn|p2a: Mandibuzz
|-supereffective|p2a: Mandibuzz
|-damage|p2a: Mandibuzz|49/100
|
|t:|1664804062
|switch|p1a: Mandibuzz|Mandibuzz, F|94/100 tox|[from]move: U-turn
|
|-weather|SunnyDay|[upkeep]
|-damage|p1a: Mandibuzz|88/100 tox|[from] psn
|upkeep
|turn|42
|
|t:|1664804067
|move|p1a: Mandibuzz|Toxic|p2a: Mandibuzz
|-status|p2a: Mandibuzz|tox
|move|p2a: Mandibuzz|Roost|p2a: Mandibuzz
|-heal|p2a: Mandibuzz|99/100 tox
|-singleturn|p2a: Mandibuzz|move: Roost
|
|-weather|SunnyDay|[upkeep]
|-damage|p1a: Mandibuzz|76/100 tox|[from] psn
|-damage|p2a: Mandibuzz|93/100 tox|[from] psn
|upkeep
|turn|43
|
|t:|1664804076
|move|p1a: Mandibuzz|U-turn|p2a: Mandibuzz
|-damage|p2a: Mandibuzz|84/100 tox
|
|t:|1664804087
|switch|p1a: Noivern|Noivern, M|100/100|[from]move: U-turn
|move|p2a: Mandibuzz|U-turn|p1a: Noivern
|-resisted|p1a: Noivern
|-damage|p1a: Noivern|92/100
|
|t:|1664804099
|switch|p2a: Entei|Entei|100/100|[from]move: U-turn
|
|-weather|none
|upkeep
|turn|44
|
|t:|1664804104
|switch|p2a: Mandibuzz|Mandibuzz, F|84/100 tox
|move|p1a: Noivern|Draco Meteor|p2a: Mandibuzz|[miss]
|-miss|p1a: Noivern|p2a: Mandibuzz
|
|-damage|p2a: Mandibuzz|78/100 tox|[from] psn
|upkeep
|turn|45
|
|t:|1664804111
|move|p1a: Noivern|U-turn|p2a: Mandibuzz
|-damage|p2a: Mandibuzz|70/100 tox
|
|t:|1664804118
|switch|p1a: Keldeo|Keldeo-Resolute|87/100|[from]move: U-turn
|move|p2a: Mandibuzz|U-turn|p1a: Keldeo
|-resisted|p1a: Keldeo
|-damage|p1a: Keldeo|80/100
|
|t:|1664804125
|switch|p2a: Torkoal|Torkoal, F|50/100|[from]move: U-turn
|-weather|SunnyDay|[from] ability: Drought|[of] p2a: Torkoal
|
|-weather|SunnyDay|[upkeep]
|upkeep
|turn|46
|
|t:|1664804133
|move|p1a: Keldeo|Air Slash|p2a: Torkoal
|-damage|p2a: Torkoal|14/100
|cant|p2a: Torkoal|flinch
|
|-weather|SunnyDay|[upkeep]
|upkeep
|turn|47
|
|t:|1664804144
|switch|p2a: Mandibuzz|Mandibuzz, F|70/100 tox
|move|p1a: Keldeo|Secret Sword|p2a: Mandibuzz
|-damage|p2a: Mandibuzz|36/100 tox
|
|-weather|SunnyDay|[upkeep]
|-damage|p2a: Mandibuzz|30/100 tox|[from] psn
|upkeep
|turn|48
|
|t:|1664804153
|move|p1a: Keldeo|Secret Sword|p2a: Mandibuzz
|-damage|p2a: Mandibuzz|0 fnt
|faint|p2a: Mandibuzz
|
|-weather|SunnyDay|[upkeep]
|upkeep
|
|t:|1664804158
|switch|p2a: Venusaur|Venusaur, M|100/100
|turn|49
|
|t:|1664804162
|move|p2a: Venusaur|Growth|p2a: Venusaur
|-boost|p2a: Venusaur|atk|2
|-boost|p2a: Venusaur|spa|2
|move|p1a: Keldeo|Icy Wind|p2a: Venusaur
|-supereffective|p2a: Venusaur
|-damage|p2a: Venusaur|55/100
|-unboost|p2a: Venusaur|spe|1
|
|-weather|SunnyDay|[upkeep]
|upkeep
|turn|50
|
|t:|1664804173
|move|p2a: Venusaur|Weather Ball|p1a: Keldeo
|-resisted|p1a: Keldeo
|-damage|p1a: Keldeo|14/100
|-damage|p2a: Venusaur|45/100|[from] item: Life Orb
|move|p1a: Keldeo|Icy Wind|p2a: Venusaur
|-supereffective|p2a: Venusaur
|-damage|p2a: Venusaur|0 fnt
|faint|p2a: Venusaur
|
|-weather|SunnyDay|[upkeep]
|upkeep
|-message|zouzouni12 forfeited.
|
|win|Liz Angeles
|raw|Liz Angeles's rating: 1490 &rarr; <strong>1508</strong><br />(+18 for winning)
|raw|zouzouni12's rating: 1450 &rarr; <strong>1432</strong><br />(-18 for losing)
|l|‽zouzouni12
|l| blastmiss
||Ladder isn't responding, score probably updated but might not have (Request timeout).
