|j|☆uult1 freitas
|j|☆Carkoaler
|player|p1|uult1 freitas|swimmerm-gen3|1532
|player|p2|Carkoaler|hapu|1350
|teamsize|p1|6
|teamsize|p2|6
|gametype|singles
|gen|8
|tier|[Gen 8] UU
|rated|
|clearpoke
|poke|p1|Sylveon, M|
|poke|p1|Golisopod, M|
|poke|p1|Gigalith, F|
|poke|p1|Rotom-Wash|
|poke|p1|Cobalion|
|poke|p1|Roserade, F|
|poke|p2|Escavalier, F|
|poke|p2|Gigalith, F|
|poke|p2|Noivern, M|
|poke|p2|Rotom-Wash|
|poke|p2|Sylveon, F|
|poke|p2|Roserade, M|
|rule|Sleep Clause Mod: Limit one foe put to sleep
|rule|Species Clause: Limit one of each Pokémon
|rule|OHKO Clause: OHKO moves are banned
|rule|Evasion Moves Clause: Evasion moves are banned
|rule|Endless Battle Clause: Forcing endless battles is banned
|rule|HP Percentage Mod: HP is shown in percentages
|rule|Dynamax Clause: You cannot dynamax
|teampreview
|j| nlt53cv ask
|c|☆uult1 freitas|hf
|c|☆Carkoaler|u2
|inactive|Battle timer is ON: inactive players will automatically lose when time's up. (requested by uult1 freitas)
|l| nlt53cv ask
|
|start
|switch|p1a: Rotom|Rotom-Wash|100/100
|switch|p2a: Escavalier|Escavalier, F|100/100
|turn|1
|j| mncmt
|
|move|p1a: Rotom|Volt Switch|p2a: Escavalier
|-damage|p2a: Escavalier|79/100
|
|switch|p1a: Golisopod|Golisopod, M|100/100|[from]move: Volt Switch
|move|p2a: Escavalier|Knock Off|p1a: Golisopod
|-damage|p1a: Golisopod|77/100
|-enditem|p1a: Golisopod|Heavy-Duty Boots|[from] move: Knock Off|[of] p2a: Escavalier
|
|-heal|p2a: Escavalier|85/100|[from] item: Leftovers
|upkeep
|turn|2
|
|move|p1a: Golisopod|Knock Off|p2a: Escavalier
|-damage|p2a: Escavalier|53/100
|-enditem|p2a: Escavalier|Leftovers|[from] move: Knock Off|[of] p1a: Golisopod
|move|p2a: Escavalier|Megahorn|p1a: Golisopod
|-damage|p1a: Golisopod|34/100
|-activate|p1a: Golisopod|ability: Emergency Exit
|
|switch|p1a: Rotom|Rotom-Wash|100/100
|
|upkeep
|turn|3
|
|move|p1a: Rotom|Volt Switch|p2a: Escavalier
|-damage|p2a: Escavalier|28/100
|
|switch|p1a: Golisopod|Golisopod, M|34/100|[from]move: Volt Switch
|move|p2a: Escavalier|Knock Off|p1a: Golisopod
|-damage|p1a: Golisopod|18/100
|
|upkeep
|turn|4
|
|move|p1a: Golisopod|Knock Off|p2a: Escavalier
|-damage|p2a: Escavalier|9/100
|move|p2a: Escavalier|Megahorn|p1a: Golisopod
|-damage|p1a: Golisopod|0 fnt
|faint|p1a: Golisopod
|
|upkeep
|
|switch|p1a: Rotom|Rotom-Wash|100/100
|turn|5
|
|move|p1a: Rotom|Volt Switch|p2a: Escavalier
|-damage|p2a: Escavalier|0 fnt
|faint|p2a: Escavalier
|
|switch|p1a: Roserade|Roserade, F|100/100|[from]move: Volt Switch
|
|upkeep
|
|switch|p2a: Noivern|Noivern, M|100/100
|turn|6
|
|switch|p1a: Gigalith|Gigalith, F|100/100
|-weather|Sandstorm|[from] ability: Sand Stream|[of] p1a: Gigalith
|move|p2a: Noivern|Flamethrower|p1a: Gigalith
|-resisted|p1a: Gigalith
|-damage|p1a: Gigalith|96/100
|
|-weather|Sandstorm|[upkeep]
|-damage|p2a: Noivern|94/100|[from] Sandstorm
|-heal|p1a: Gigalith|100/100|[from] item: Leftovers
|upkeep
|turn|7
|
|move|p2a: Noivern|U-turn|p1a: Gigalith
|-crit|p1a: Gigalith
|-damage|p1a: Gigalith|89/100
|
|switch|p2a: Roserade|Roserade, M|100/100|[from]move: U-turn
|move|p1a: Gigalith|Stealth Rock|p2a: Roserade
|-sidestart|p2: Carkoaler|move: Stealth Rock
|
|-weather|Sandstorm|[upkeep]
|-damage|p2a: Roserade|94/100|[from] Sandstorm
|-heal|p1a: Gigalith|95/100|[from] item: Leftovers
|upkeep
|turn|8
|
|move|p2a: Roserade|Leaf Storm|p1a: Gigalith
|-supereffective|p1a: Gigalith
|-damage|p1a: Gigalith|5/100
|-unboost|p2a: Roserade|spa|2
|-damage|p2a: Roserade|84/100|[from] item: Life Orb
|move|p1a: Gigalith|Stone Edge|p2a: Roserade
|-damage|p2a: Roserade|8/100
|
|-weather|Sandstorm|[upkeep]
|-damage|p2a: Roserade|2/100|[from] Sandstorm
|-heal|p1a: Gigalith|11/100|[from] item: Leftovers
|upkeep
|turn|9
|
|switch|p1a: Roserade|Roserade, F|100/100
|move|p2a: Roserade|Rest|p2a: Roserade
|-status|p2a: Roserade|slp|[from] move: Rest
|-heal|p2a: Roserade|100/100 slp|[silent]
|
|-weather|Sandstorm|[upkeep]
|-damage|p2a: Roserade|94/100 slp|[from] Sandstorm
|-damage|p1a: Roserade|94/100|[from] Sandstorm
|-heal|p1a: Roserade|100/100|[from] item: Black Sludge
|upkeep
|turn|10
|j| uult1 mrodrigues
|
|switch|p2a: Noivern|Noivern, M|94/100
|move|p1a: Roserade|Sludge Bomb|p2a: Noivern
|-damage|p2a: Noivern|43/100
|
|-weather|none
|upkeep
|turn|11
|j| UULT1 liolae
|inactive|Carkoaler has 120 seconds left.
|
|switch|p1a: Gigalith|Gigalith, F|11/100
|-weather|Sandstorm|[from] ability: Sand Stream|[of] p1a: Gigalith
|move|p2a: Noivern|Draco Meteor|p1a: Gigalith
|-crit|p1a: Gigalith
|-damage|p1a: Gigalith|0 fnt
|-unboost|p2a: Noivern|spa|2
|faint|p1a: Gigalith
|
|-weather|Sandstorm|[upkeep]
|-damage|p2a: Noivern|37/100|[from] Sandstorm
|upkeep
|
|switch|p1a: Roserade|Roserade, F|100/100
|turn|12
|
|move|p2a: Noivern|Roost|p2a: Noivern
|-heal|p2a: Noivern|87/100
|-singleturn|p2a: Noivern|move: Roost
|move|p1a: Roserade|Sludge Bomb|p2a: Noivern
|-damage|p2a: Noivern|36/100
|
|-weather|Sandstorm|[upkeep]
|-damage|p2a: Noivern|29/100|[from] Sandstorm
|-damage|p1a: Roserade|94/100|[from] Sandstorm
|-heal|p1a: Roserade|100/100|[from] item: Black Sludge
|upkeep
|turn|13
|
|move|p2a: Noivern|U-turn|p1a: Roserade
|-damage|p1a: Roserade|79/100
|
|switch|p2a: Roserade|Roserade, M|94/100|[from]move: U-turn
|-damage|p2a: Roserade|82/100|[from] Stealth Rock
|move|p1a: Roserade|Sludge Bomb|p2a: Roserade
|-damage|p2a: Roserade|26/100
|
|-weather|Sandstorm|[upkeep]
|-damage|p1a: Roserade|73/100|[from] Sandstorm
|-damage|p2a: Roserade|20/100|[from] Sandstorm
|-heal|p1a: Roserade|79/100|[from] item: Black Sludge
|upkeep
|turn|14
|
|move|p2a: Roserade|Rest|p2a: Roserade
|-status|p2a: Roserade|slp|[from] move: Rest
|-heal|p2a: Roserade|100/100 slp|[silent]
|move|p1a: Roserade|Sludge Bomb|p2a: Roserade
|-damage|p2a: Roserade|43/100 slp
|
|-weather|Sandstorm|[upkeep]
|-damage|p1a: Roserade|73/100|[from] Sandstorm
|-damage|p2a: Roserade|37/100 slp|[from] Sandstorm
|-heal|p1a: Roserade|79/100|[from] item: Black Sludge
|upkeep
|turn|15
|
|-curestatus|p2a: Roserade|slp|[from] ability: Natural Cure
|switch|p2a: Gigalith|Gigalith, F|100/100
|-damage|p2a: Gigalith|88/100|[from] Stealth Rock
|move|p1a: Roserade|Sludge Bomb|p2a: Gigalith
|-resisted|p2a: Gigalith
|-damage|p2a: Gigalith|77/100
|
|-weather|none
|-heal|p1a: Roserade|85/100|[from] item: Black Sludge
|-heal|p2a: Gigalith|83/100|[from] item: Leftovers
|upkeep
|turn|16
|
|switch|p2a: Noivern|Noivern, M|29/100
|move|p1a: Roserade|Leaf Storm|p2a: Noivern
|-resisted|p2a: Noivern
|-damage|p2a: Noivern|11/100
|-unboost|p1a: Roserade|spa|2
|
|-heal|p1a: Roserade|91/100|[from] item: Black Sludge
|upkeep
|turn|17
|
|switch|p1a: Sylveon|Sylveon, M|100/100
|move|p2a: Noivern|Roost|p2a: Noivern
|-heal|p2a: Noivern|61/100
|-singleturn|p2a: Noivern|move: Roost
|
|upkeep
|turn|18
|
|move|p2a: Noivern|U-turn|p1a: Sylveon
|-resisted|p1a: Sylveon
|-damage|p1a: Sylveon|93/100
|
|switch|p2a: Sylveon|Sylveon, F|100/100|[from]move: U-turn
|-damage|p2a: Sylveon|88/100|[from] Stealth Rock
|move|p1a: Sylveon|Hyper Voice|p2a: Sylveon
|-damage|p2a: Sylveon|32/100
|
|-heal|p2a: Sylveon|38/100|[from] item: Leftovers
|upkeep
|turn|19
|
|move|p2a: Sylveon|Protect|p2a: Sylveon
|-singleturn|p2a: Sylveon|Protect
|move|p1a: Sylveon|Hyper Voice|p2a: Sylveon
|-activate|p2a: Sylveon|move: Protect
|
|-heal|p2a: Sylveon|44/100|[from] item: Leftovers
|upkeep
|turn|20
|
|switch|p2a: Gigalith|Gigalith, F|83/100
|-damage|p2a: Gigalith|71/100|[from] Stealth Rock
|-weather|Sandstorm|[from] ability: Sand Stream|[of] p2a: Gigalith
|move|p1a: Sylveon|Hyper Voice|p2a: Gigalith
|-damage|p2a: Gigalith|29/100
|
|-weather|Sandstorm|[upkeep]
|-damage|p1a: Sylveon|87/100|[from] Sandstorm
|-heal|p2a: Gigalith|35/100|[from] item: Leftovers
|upkeep
|turn|21
|
|move|p1a: Sylveon|Hyper Voice|p2a: Gigalith
|-crit|p2a: Gigalith
|-damage|p2a: Gigalith|0 fnt
|faint|p2a: Gigalith
|
|-weather|Sandstorm|[upkeep]
|-damage|p1a: Sylveon|81/100|[from] Sandstorm
|upkeep
|-message|Carkoaler forfeited.
|
|win|uult1 freitas
