|raw|<div class="broadcast-blue"><strong>This battle is required to be public due to a player having a name starting with 'uult93j'.</div>
|j|☆uult93 Java
|j|☆Hastabouddah
|t:|1653061269
|gametype|singles
|player|p1|uult93 Java|#avarice|1411
|player|p2|Hastabouddah|tuberf|1525
|teamsize|p1|6
|teamsize|p2|6
|gen|8
|tier|[Gen 8] UU
|rated|
|rule|Sleep Clause Mod: Limit one foe put to sleep
|rule|Species Clause: Limit one of each Pokémon
|rule|OHKO Clause: OHKO moves are banned
|rule|Evasion Moves Clause: Evasion moves are banned
|rule|Endless Battle Clause: Forcing endless battles is banned
|rule|HP Percentage Mod: HP is shown in percentages
|rule|Dynamax Clause: You cannot dynamax
|clearpoke
|poke|p1|Togekiss, M|
|poke|p1|Nidoqueen, F|
|poke|p1|Hydreigon, F|
|poke|p1|Rotom-Heat|
|poke|p1|Scizor, F|
|poke|p1|Tangrowth, M|
|poke|p2|Umbreon, M|
|poke|p2|Togekiss, M|
|poke|p2|Nihilego|
|poke|p2|Aegislash, M|
|poke|p2|Cobalion|
|poke|p2|Crobat, M|
|teampreview
|inactive|Battle timer is ON: inactive players will automatically lose when time's up. (requested by uult93 Java)
|c|☆Hastabouddah|gl hf
|inactive|Hastabouddah has 120 seconds left.
|inactive|Hastabouddah has 90 seconds left.
|
|t:|1653061339
|start
|switch|p1a: Nidoqueen|Nidoqueen, F|100/100
|switch|p2a: Crobat|Crobat, M|100/100
|turn|1
|
|t:|1653061348
|move|p2a: Crobat|Brave Bird|p1a: Nidoqueen
|-damage|p1a: Nidoqueen|49/100
|-damage|p2a: Crobat|81/100|[from] Recoil
|move|p1a: Nidoqueen|Stealth Rock|p2a: Crobat
|-sidestart|p2: Hastabouddah|move: Stealth Rock
|
|upkeep
|turn|2
|
|t:|1653061356
|switch|p1a: Rotom|Rotom-Heat|100/100
|move|p2a: Crobat|U-turn|p1a: Rotom
|-resisted|p1a: Rotom
|-damage|p1a: Rotom|91/100
|j| Sly666
|inactive|Hastabouddah has 120 seconds left.
|
|t:|1653061399
|switch|p2a: Nihilego|Nihilego|100/100|[from]move: U-turn
|-damage|p2a: Nihilego|88/100|[from] Stealth Rock
|
|upkeep
|turn|3
|
|t:|1653061406
|switch|p1a: Scizor|Scizor, F|100/100
|move|p2a: Nihilego|Power Gem|p1a: Scizor
|-damage|p1a: Scizor|64/100
|
|upkeep
|turn|4
|inactive|Hastabouddah has 120 seconds left.
|
|t:|1653061415
|switch|p2a: Cobalion|Cobalion|100/100
|-damage|p2a: Cobalion|97/100|[from] Stealth Rock
|move|p1a: Scizor|Bullet Punch|p2a: Cobalion
|-resisted|p2a: Cobalion
|-damage|p2a: Cobalion|86/100
|-damage|p1a: Scizor|47/100|[from] item: Rocky Helmet|[of] p2a: Cobalion
|
|upkeep
|turn|5
|
|t:|1653061420
|move|p2a: Cobalion|Stealth Rock|p1a: Scizor
|-sidestart|p1: uult93 Java|move: Stealth Rock
|move|p1a: Scizor|Roost|p1a: Scizor
|-heal|p1a: Scizor|97/100
|-singleturn|p1a: Scizor|move: Roost
|
|upkeep
|turn|6
|
|t:|1653061426
|switch|p1a: Tangrowth|Tangrowth, M|100/100
|-damage|p1a: Tangrowth|88/100|[from] Stealth Rock
|move|p2a: Cobalion|Close Combat|p1a: Tangrowth
|-damage|p1a: Tangrowth|58/100
|-unboost|p2a: Cobalion|def|1
|-unboost|p2a: Cobalion|spd|1
|-damage|p2a: Cobalion|69/100|[from] item: Rocky Helmet|[of] p1a: Tangrowth
|
|upkeep
|turn|7
|
|t:|1653061434
|move|p2a: Cobalion|Volt Switch|p1a: Tangrowth
|-resisted|p1a: Tangrowth
|-damage|p1a: Tangrowth|51/100
|
|t:|1653061450
|switch|p2a: Umbreon|Umbreon, M|100/100|[from]move: Volt Switch
|-damage|p2a: Umbreon|88/100|[from] Stealth Rock
|move|p1a: Tangrowth|Stun Spore|p2a: Umbreon
|-status|p2a: Umbreon|par
|
|-heal|p2a: Umbreon|94/100 par|[from] item: Leftovers
|upkeep
|turn|8
|inactive|Hastabouddah has 120 seconds left.
|
|t:|1653061484
|switch|p2a: Togekiss|Togekiss, M|100/100
|move|p1a: Tangrowth|Knock Off|p2a: Togekiss
|-resisted|p2a: Togekiss
|-damage|p2a: Togekiss|91/100
|-enditem|p2a: Togekiss|Heavy-Duty Boots|[from] move: Knock Off|[of] p1a: Tangrowth
|
|upkeep
|turn|9
|
|t:|1653061494
|switch|p1a: Rotom|Rotom-Heat|91/100
|move|p2a: Togekiss|Air Slash|p1a: Rotom
|-resisted|p1a: Rotom
|-damage|p1a: Rotom|74/100
|
|upkeep
|turn|10
|
|t:|1653061502
|move|p1a: Rotom|Volt Switch|p2a: Togekiss
|-supereffective|p2a: Togekiss
|-damage|p2a: Togekiss|52/100
|
|t:|1653061507
|switch|p1a: Scizor|Scizor, F|97/100|[from]move: Volt Switch
|-damage|p1a: Scizor|85/100|[from] Stealth Rock
|move|p2a: Togekiss|Roost|p2a: Togekiss
|-heal|p2a: Togekiss|100/100
|-singleturn|p2a: Togekiss|move: Roost
|
|upkeep
|turn|11
|
|t:|1653061514
|move|p2a: Togekiss|Air Slash|p1a: Scizor
|-damage|p1a: Scizor|57/100
|move|p1a: Scizor|Knock Off|p2a: Togekiss
|-resisted|p2a: Togekiss
|-damage|p2a: Togekiss|90/100
|
|upkeep
|turn|12
|
|t:|1653061523
|switch|p2a: Cobalion|Cobalion|69/100
|-damage|p2a: Cobalion|66/100|[from] Stealth Rock
|move|p1a: Scizor|Roost|p1a: Scizor
|-heal|p1a: Scizor|100/100
|-singleturn|p1a: Scizor|move: Roost
|
|upkeep
|turn|13
|
|t:|1653061534
|switch|p2a: Togekiss|Togekiss, M|90/100
|-damage|p2a: Togekiss|65/100|[from] Stealth Rock
|switch|p1a: Tangrowth|Tangrowth, M|85/100
|-damage|p1a: Tangrowth|72/100|[from] Stealth Rock
|
|upkeep
|turn|14
|inactive|Hastabouddah has 120 seconds left.
|
|t:|1653061555
|switch|p2a: Nihilego|Nihilego|88/100
|-damage|p2a: Nihilego|76/100|[from] Stealth Rock
|switch|p1a: Rotom|Rotom-Heat|74/100
|
|upkeep
|turn|15
|
|t:|1653061563
|switch|p1a: Scizor|Scizor, F|100/100
|-damage|p1a: Scizor|88/100|[from] Stealth Rock
|move|p2a: Nihilego|Power Gem|p1a: Scizor
|-damage|p1a: Scizor|53/100
|
|upkeep
|turn|16
|
|t:|1653061572
|move|p2a: Nihilego|Meteor Beam||[still]
|-prepare|p2a: Nihilego|Meteor Beam
|-boost|p2a: Nihilego|spa|1
|-enditem|p2a: Nihilego|Power Herb
|-anim|p2a: Nihilego|Meteor Beam|p1a: Scizor
|-damage|p1a: Scizor|0 fnt
|faint|p1a: Scizor
|-ability|p2a: Nihilego|Beast Boost|boost
|-boost|p2a: Nihilego|spe|1
|
|upkeep
|
|t:|1653061577
|switch|p1a: Hydreigon|Hydreigon, F|100/100
|-damage|p1a: Hydreigon|88/100|[from] Stealth Rock
|turn|17
|inactive|Hastabouddah has 120 seconds left.
|inactive|Hastabouddah has 90 seconds left.
|
|t:|1653061654
|switch|p2a: Umbreon|Umbreon, M|94/100 par
|-damage|p2a: Umbreon|82/100 par|[from] Stealth Rock
|move|p1a: Hydreigon|Earth Power|p2a: Umbreon
|-damage|p2a: Umbreon|61/100 par
|
|-heal|p2a: Umbreon|67/100 par|[from] item: Leftovers
|upkeep
|turn|18
|
|t:|1653061670
|switch|p1a: Togekiss|Togekiss, M|100/100
|cant|p2a: Umbreon|par
|
|-heal|p2a: Umbreon|73/100 par|[from] item: Leftovers
|upkeep
|turn|19
|
|t:|1653061679
|switch|p2a: Aegislash|Aegislash, M|100/100
|-damage|p2a: Aegislash|94/100|[from] Stealth Rock
|move|p1a: Togekiss|Nasty Plot|p1a: Togekiss
|-boost|p1a: Togekiss|spa|2
|
|upkeep
|turn|20
|
|t:|1653061693
|move|p1a: Togekiss|Air Slash|p2a: Aegislash
|-resisted|p2a: Aegislash
|-damage|p2a: Aegislash|61/100
|cant|p2a: Aegislash|flinch
|
|upkeep
|turn|21
|
|t:|1653061698
|switch|p2a: Nihilego|Nihilego|76/100
|-damage|p2a: Nihilego|63/100|[from] Stealth Rock
|move|p1a: Togekiss|Air Slash|p2a: Nihilego
|-resisted|p2a: Nihilego
|-damage|p2a: Nihilego|41/100
|
|upkeep
|turn|22
|
|t:|1653061707
|switch|p1a: Nidoqueen|Nidoqueen, F|49/100
|-damage|p1a: Nidoqueen|42/100|[from] Stealth Rock
|move|p2a: Nihilego|Sludge Wave|p1a: Nidoqueen
|-resisted|p1a: Nidoqueen
|-damage|p1a: Nidoqueen|31/100
|
|upkeep
|turn|23
|inactive|Hastabouddah has 60 seconds left.
|
|t:|1653061745
|switch|p2a: Umbreon|Umbreon, M|73/100 par
|-damage|p2a: Umbreon|60/100 par|[from] Stealth Rock
|move|p1a: Nidoqueen|Earth Power|p2a: Umbreon
|-damage|p2a: Umbreon|15/100 par
|
|-heal|p2a: Umbreon|21/100 par|[from] item: Leftovers
|upkeep
|turn|24
|inactive|Hastabouddah has 60 seconds left.
|
|t:|1653061757
|move|p1a: Nidoqueen|Sludge Wave|p2a: Umbreon
|-damage|p2a: Umbreon|0 fnt
|faint|p2a: Umbreon
|
|upkeep
|
|t:|1653061783
|switch|p2a: Crobat|Crobat, M|81/100
|turn|25
|
|t:|1653061787
|switch|p1a: Rotom|Rotom-Heat|74/100
|move|p2a: Crobat|Brave Bird|p1a: Rotom
|-resisted|p1a: Rotom
|-damage|p1a: Rotom|50/100
|-damage|p2a: Crobat|74/100|[from] Recoil
|
|upkeep
|turn|26
|
|t:|1653061797
|move|p2a: Crobat|U-turn|p1a: Rotom
|-resisted|p1a: Rotom
|-damage|p1a: Rotom|39/100
|
|t:|1653061805
|switch|p2a: Nihilego|Nihilego|41/100|[from]move: U-turn
|-damage|p2a: Nihilego|28/100|[from] Stealth Rock
|move|p1a: Rotom|Volt Switch|p2a: Nihilego
|-damage|p2a: Nihilego|9/100
|
|t:|1653061811
|switch|p1a: Hydreigon|Hydreigon, F|88/100|[from]move: Volt Switch
|-damage|p1a: Hydreigon|76/100|[from] Stealth Rock
|
|upkeep
|turn|27
|
|t:|1653061833
|switch|p2a: Cobalion|Cobalion|66/100
|-damage|p2a: Cobalion|63/100|[from] Stealth Rock
|move|p1a: Hydreigon|Dark Pulse|p2a: Cobalion
|-resisted|p2a: Cobalion
|-damage|p2a: Cobalion|36/100
|-ability|p2a: Cobalion|Justified|boost
|-boost|p2a: Cobalion|atk|1
|
|upkeep
|turn|28
|
|t:|1653061849
|switch|p1a: Tangrowth|Tangrowth, M|100/100
|-damage|p1a: Tangrowth|88/100|[from] Stealth Rock
|move|p2a: Cobalion|Close Combat|p1a: Tangrowth
|-damage|p1a: Tangrowth|46/100
|-unboost|p2a: Cobalion|def|1
|-unboost|p2a: Cobalion|spd|1
|-damage|p2a: Cobalion|20/100|[from] item: Rocky Helmet|[of] p1a: Tangrowth
|
|upkeep
|turn|29
|
|t:|1653061859
|move|p2a: Cobalion|Iron Head|p1a: Tangrowth
|-damage|p1a: Tangrowth|13/100
|-damage|p2a: Cobalion|3/100|[from] item: Rocky Helmet|[of] p1a: Tangrowth
|move|p1a: Tangrowth|Stun Spore|p2a: Cobalion|[miss]
|-miss|p1a: Tangrowth|p2a: Cobalion
|
|upkeep
|turn|30
|
|t:|1653061878
|move|p2a: Cobalion|Iron Head|p1a: Tangrowth
|-damage|p1a: Tangrowth|0 fnt
|-damage|p2a: Cobalion|0 fnt|[from] item: Rocky Helmet|[of] p1a: Tangrowth
|faint|p1a: Tangrowth
|faint|p2a: Cobalion
|
|upkeep
|inactive|Hastabouddah has 30 seconds left.
|inactive|Hastabouddah has 20 seconds left.
|inactive|Hastabouddah has 15 seconds left.
|
|t:|1653061909
|switch|p2a: Crobat|Crobat, M|74/100
|switch|p1a: Rotom|Rotom-Heat|39/100
|turn|31
|inactive|Hastabouddah has 25 seconds left this turn.
|inactive|Hastabouddah has 20 seconds left.
|inactive|Hastabouddah has 15 seconds left.
|inactive|Hastabouddah has 10 seconds left.
|
|t:|1653061924
|move|p2a: Crobat|Defog|p1a: Rotom
|-unboost|p1a: Rotom|evasion|1
|-sideend|p1: uult93 Java|Stealth Rock|[from] move: Defog|[of] p2a: Crobat
|-sideend|p2: Hastabouddah|Stealth Rock|[from] move: Defog|[of] p2a: Crobat
|move|p1a: Rotom|Pain Split|p2a: Crobat
|-sethp|p2a: Crobat|56/100|[from] move: Pain Split|[silent]
|-sethp|p1a: Rotom|58/100|[from] move: Pain Split
|
|upkeep
|turn|32
|inactive|Hastabouddah has 20 seconds left this turn.
|
|t:|1653061929
|move|p2a: Crobat|Roost|p2a: Crobat
|-heal|p2a: Crobat|100/100
|-singleturn|p2a: Crobat|move: Roost
|move|p1a: Rotom|Volt Switch|p2a: Crobat
|-damage|p2a: Crobat|70/100
|inactive|Hastabouddah has 25 seconds left this turn.
|
|t:|1653061934
|switch|p1a: Hydreigon|Hydreigon, F|76/100|[from]move: Volt Switch
|
|upkeep
|turn|33
|inactive|Hastabouddah has 30 seconds left.
|
|t:|1653061943
|switch|p2a: Togekiss|Togekiss, M|65/100
|move|p1a: Hydreigon|U-turn|p2a: Togekiss
|-resisted|p2a: Togekiss
|-damage|p2a: Togekiss|61/100
|
|t:|1653061948
|switch|p1a: Rotom|Rotom-Heat|58/100|[from]move: U-turn
|
|upkeep
|turn|34
|
|t:|1653061952
|move|p1a: Rotom|Volt Switch|p2a: Togekiss
|-supereffective|p2a: Togekiss
|-damage|p2a: Togekiss|16/100
|
|t:|1653061956
|switch|p1a: Togekiss|Togekiss, M|100/100|[from]move: Volt Switch
|move|p2a: Togekiss|Roost|p2a: Togekiss
|-heal|p2a: Togekiss|66/100
|-singleturn|p2a: Togekiss|move: Roost
|
|upkeep
|turn|35
|
|t:|1653061970
|switch|p2a: Aegislash|Aegislash, M|61/100
|move|p1a: Togekiss|Air Slash|p2a: Aegislash
|-resisted|p2a: Aegislash
|-damage|p2a: Aegislash|44/100
|
|upkeep
|turn|36
|
|t:|1653061986
|move|p1a: Togekiss|Air Slash|p2a: Aegislash
|-resisted|p2a: Aegislash
|-damage|p2a: Aegislash|27/100
|cant|p2a: Aegislash|flinch
|
|upkeep
|turn|37
|
|t:|1653061990
|move|p1a: Togekiss|Air Slash|p2a: Aegislash
|-resisted|p2a: Aegislash
|-damage|p2a: Aegislash|12/100
|cant|p2a: Aegislash|flinch
|
|upkeep
|turn|38
|
|t:|1653061994
|move|p1a: Togekiss|Air Slash|p2a: Aegislash
|-resisted|p2a: Aegislash
|-damage|p2a: Aegislash|0 fnt
|faint|p2a: Aegislash
|
|upkeep
|
|t:|1653061997
|switch|p2a: Nihilego|Nihilego|9/100
|turn|39
|
|t:|1653062004
|switch|p1a: Nidoqueen|Nidoqueen, F|31/100
|move|p2a: Nihilego|Sludge Wave|p1a: Nidoqueen
|-resisted|p1a: Nidoqueen
|-damage|p1a: Nidoqueen|17/100
|
|upkeep
|turn|40
|
|t:|1653062010
|move|p2a: Nihilego|Grass Knot|p1a: Nidoqueen
|-damage|p1a: Nidoqueen|0 fnt
|faint|p1a: Nidoqueen
|-ability|p2a: Nihilego|Beast Boost|boost
|-boost|p2a: Nihilego|spe|1
|
|upkeep
|
|t:|1653062013
|switch|p1a: Hydreigon|Hydreigon, F|76/100
|turn|41
|
|t:|1653062027
|switch|p2a: Togekiss|Togekiss, M|66/100
|move|p1a: Hydreigon|Dark Pulse|p2a: Togekiss
|-resisted|p2a: Togekiss
|-damage|p2a: Togekiss|50/100
|
|upkeep
|turn|42
|
|t:|1653062032
|switch|p1a: Rotom|Rotom-Heat|58/100
|switch|p2a: Nihilego|Nihilego|9/100
|
|upkeep
|turn|43
|
|t:|1653062043
|switch|p1a: Hydreigon|Hydreigon, F|76/100
|move|p2a: Nihilego|Power Gem|p1a: Hydreigon
|-damage|p1a: Hydreigon|31/100
|
|upkeep
|turn|44
|
|t:|1653062052
|switch|p2a: Crobat|Crobat, M|70/100
|move|p1a: Hydreigon|U-turn|p2a: Crobat
|-resisted|p2a: Crobat
|-damage|p2a: Crobat|65/100
|
|t:|1653062055
|switch|p1a: Rotom|Rotom-Heat|58/100|[from]move: U-turn
|
|upkeep
|turn|45
|inactive|Hastabouddah has 120 seconds left.
|
|t:|1653062073
|move|p2a: Crobat|Roost|p2a: Crobat
|-heal|p2a: Crobat|100/100
|-singleturn|p2a: Crobat|move: Roost
|move|p1a: Rotom|Volt Switch|p2a: Crobat
|-damage|p2a: Crobat|69/100
|
|t:|1653062079
|switch|p1a: Hydreigon|Hydreigon, F|31/100|[from]move: Volt Switch
|
|upkeep
|turn|46
|inactive|Hastabouddah has 120 seconds left.
|
|t:|1653062105
|switch|p2a: Togekiss|Togekiss, M|50/100
|move|p1a: Hydreigon|Dark Pulse|p2a: Togekiss
|-resisted|p2a: Togekiss
|-damage|p2a: Togekiss|33/100
|
|upkeep
|turn|47
|
|t:|1653062113
|move|p1a: Hydreigon|Dark Pulse|p2a: Togekiss
|-resisted|p2a: Togekiss
|-damage|p2a: Togekiss|15/100
|move|p2a: Togekiss|Roost|p2a: Togekiss
|-heal|p2a: Togekiss|65/100
|-singleturn|p2a: Togekiss|move: Roost
|
|upkeep
|turn|48
|
|t:|1653062134
|move|p1a: Hydreigon|Dark Pulse|p2a: Togekiss
|-resisted|p2a: Togekiss
|-damage|p2a: Togekiss|48/100
|move|p2a: Togekiss|Nasty Plot|p2a: Togekiss
|-boost|p2a: Togekiss|spa|2
|
|upkeep
|turn|49
|
|t:|1653062138
|switch|p1a: Rotom|Rotom-Heat|58/100
|move|p2a: Togekiss|Roost|p2a: Togekiss
|-heal|p2a: Togekiss|98/100
|-singleturn|p2a: Togekiss|move: Roost
|
|upkeep
|turn|50
|
|t:|1653062149
|move|p1a: Rotom|Pain Split|p2a: Togekiss
|-sethp|p2a: Togekiss|73/100|[from] move: Pain Split|[silent]
|-sethp|p1a: Rotom|89/100|[from] move: Pain Split
|move|p2a: Togekiss|Nasty Plot|p2a: Togekiss
|-boost|p2a: Togekiss|spa|2
|
|upkeep
|turn|51
|
|t:|1653062155
|move|p1a: Rotom|Volt Switch|p2a: Togekiss
|-supereffective|p2a: Togekiss
|-damage|p2a: Togekiss|33/100
|
|t:|1653062157
|switch|p1a: Togekiss|Togekiss, M|100/100|[from]move: Volt Switch
|move|p2a: Togekiss|Roost|p2a: Togekiss
|-heal|p2a: Togekiss|84/100
|-singleturn|p2a: Togekiss|move: Roost
|
|upkeep
|turn|52
|
|t:|1653062162
|move|p2a: Togekiss|Air Slash|p1a: Togekiss
|-damage|p1a: Togekiss|23/100
|cant|p1a: Togekiss|flinch
|
|upkeep
|turn|53
|c|☆uult93 Java|wp
|c|☆uult93 Java|still no electric immunity tho.
|-message|uult93 Java forfeited.
|
|win|Hastabouddah
|raw|uult93 Java's rating: 1411 &rarr; <strong>1397</strong><br />(-14 for losing)
|raw|Hastabouddah's rating: 1525 &rarr; <strong>1539</strong><br />(+14 for winning)
|l|☆uult93 Java
|c|☆Hastabouddah|ah yeah
||Ladder isn't responding, score probably updated but might not have (Request timeout).
|l| Sly666
|n| Springerk|hastabouddah
