|j|☆MiniTotomon
|j|☆Fudarus
|t:|1665264722
|gametype|singles
|player|p1|MiniTotomon|fantina|1181
|player|p2|Fudarus|blackbelt-gen4|1474
|teamsize|p1|6
|teamsize|p2|6
|gen|8
|tier|[Gen 8] UU
|rated|
|rule|Sleep Clause Mod: Limit one foe put to sleep
|rule|Species Clause: Limit one of each Pokémon
|rule|OHKO Clause: OHKO moves are banned
|rule|Evasion Items Clause: Evasion items are banned
|rule|Evasion Moves Clause: Evasion moves are banned
|rule|Endless Battle Clause: Forcing endless battles is banned
|rule|HP Percentage Mod: HP is shown in percentages
|rule|Dynamax Clause: You cannot dynamax
|clearpoke
|poke|p1|Cobalion|
|poke|p1|Chansey, F|
|poke|p1|Crobat, F|
|poke|p1|Mamoswine, F|
|poke|p1|Thundurus-Therian, M|
|poke|p1|Slowking, M|
|poke|p2|Hydreigon, F|
|poke|p2|Chansey, F|
|poke|p2|Tangrowth, F|
|poke|p2|Cobalion|
|poke|p2|Slowking, F|
|poke|p2|Diggersby, F|
|teampreview
|c|☆MiniTotomon|fousfall
|
|t:|1665264742
|start
|switch|p1a: Crobat|Crobat, F|100/100
|switch|p2a: Slowking|Slowking, F|100/100
|turn|1
|
|t:|1665264745
|move|p1a: Crobat|U-turn|p2a: Slowking
|-supereffective|p2a: Slowking
|-damage|p2a: Slowking|72/100
|
|t:|1665264748
|switch|p1a: Slowking|Slowking, M|100/100|[from]move: U-turn
|move|p2a: Slowking|Future Sight|p1a: Slowking
|-start|p2a: Slowking|move: Future Sight
|
|upkeep
|turn|2
|
|t:|1665264763
|move|p1a: Slowking|Future Sight|p2a: Slowking
|-start|p1a: Slowking|move: Future Sight
|move|p2a: Slowking|Teleport|p2a: Slowking
|
|t:|1665264765
|switch|p2a: Hydreigon|Hydreigon, F|100/100|[from]move: Teleport
|
|upkeep
|turn|3
|
|t:|1665264771
|switch|p1a: Chansey|Chansey, F|100/100
|move|p2a: Hydreigon|Dark Pulse|p1a: Chansey
|-damage|p1a: Chansey|83/100
|
|-end|p1a: Chansey|move: Future Sight
|-damage|p1a: Chansey|70/100
|upkeep
|turn|4
|
|t:|1665264789
|switch|p2a: Chansey|Chansey, F|100/100
|move|p1a: Chansey|Teleport|p1a: Chansey
|
|t:|1665264793
|switch|p1a: Crobat|Crobat, F|100/100|[from]move: Teleport
|
|-end|p2a: Chansey|move: Future Sight
|-damage|p2a: Chansey|88/100
|upkeep
|turn|5
|
|t:|1665264812
|move|p1a: Crobat|Taunt|p2a: Chansey
|-start|p2a: Chansey|move: Taunt
|cant|p2a: Chansey|move: Taunt|Thunder Wave
|
|upkeep
|turn|6
|
|t:|1665264817
|switch|p2a: Cobalion|Cobalion|100/100
|move|p1a: Crobat|U-turn|p2a: Cobalion
|-resisted|p2a: Cobalion
|-damage|p2a: Cobalion|96/100
|-damage|p1a: Crobat|84/100|[from] item: Rocky Helmet|[of] p2a: Cobalion
|
|t:|1665264830
|switch|p1a: Slowking|Slowking, M|100/100|[from]move: U-turn
|
|upkeep
|turn|7
|
|t:|1665264834
|move|p2a: Cobalion|Stealth Rock|p1a: Slowking
|-sidestart|p1: MiniTotomon|move: Stealth Rock
|move|p1a: Slowking|Scald|p2a: Cobalion
|-damage|p2a: Cobalion|61/100
|
|upkeep
|turn|8
|
|t:|1665264878
|switch|p2a: Slowking|Slowking, F|100/100
|move|p1a: Slowking|Future Sight|p2a: Slowking
|-start|p1a: Slowking|move: Future Sight
|
|upkeep
|turn|9
|
|t:|1665264896
|move|p2a: Slowking|Future Sight|p1a: Slowking
|-start|p2a: Slowking|move: Future Sight
|move|p1a: Slowking|Teleport|p1a: Slowking
|
|t:|1665264899
|switch|p1a: Thundurus|Thundurus-Therian, M|100/100|[from]move: Teleport
|
|upkeep
|turn|10
|
|t:|1665264914
|move|p1a: Thundurus|Volt Switch|p2a: Slowking
|-supereffective|p2a: Slowking
|-damage|p2a: Slowking|41/100
|
|t:|1665264921
|switch|p1a: Crobat|Crobat, F|84/100|[from]move: Volt Switch
|move|p2a: Slowking|Teleport|p2a: Slowking
|
|t:|1665264936
|switch|p2a: Diggersby|Diggersby, F|100/100|[from]move: Teleport
|
|-end|p2a: Diggersby|move: Future Sight
|-damage|p2a: Diggersby|48/100
|upkeep
|turn|11
|
|t:|1665264945
|move|p2a: Diggersby|Body Slam|p1a: Crobat
|-damage|p1a: Crobat|18/100
|-status|p1a: Crobat|par
|move|p1a: Crobat|U-turn|p2a: Diggersby
|-damage|p2a: Diggersby|23/100
|
|t:|1665264952
|switch|p1a: Slowking|Slowking, M|100/100|[from]move: U-turn
|
|-end|p1a: Slowking|move: Future Sight
|-resisted|p1a: Slowking
|-damage|p1a: Slowking|85/100
|upkeep
|turn|12
|
|t:|1665264957
|switch|p2a: Slowking|Slowking, F|74/100
|move|p1a: Slowking|Future Sight|p2a: Slowking
|-start|p1a: Slowking|move: Future Sight
|
|upkeep
|turn|13
|
|t:|1665264961
|move|p2a: Slowking|Future Sight|p1a: Slowking
|-start|p2a: Slowking|move: Future Sight
|move|p1a: Slowking|Teleport|p1a: Slowking
|
|t:|1665264968
|switch|p1a: Thundurus|Thundurus-Therian, M|100/100|[from]move: Teleport
|
|upkeep
|turn|14
|
|t:|1665264980
|switch|p2a: Tangrowth|Tangrowth, F|100/100
|move|p1a: Thundurus|Volt Switch|p2a: Tangrowth
|-resisted|p2a: Tangrowth
|-damage|p2a: Tangrowth|80/100
|
|t:|1665264995
|switch|p1a: Crobat|Crobat, F|18/100 par|[from]move: Volt Switch
|
|-end|p2a: Tangrowth|move: Future Sight
|-damage|p2a: Tangrowth|36/100
|upkeep
|turn|15
|
|t:|1665265013
|switch|p2a: Cobalion|Cobalion|61/100
|move|p1a: Crobat|U-turn|p2a: Cobalion
|-resisted|p2a: Cobalion
|-damage|p2a: Cobalion|57/100
|-damage|p1a: Crobat|1/100 par|[from] item: Rocky Helmet|[of] p2a: Cobalion
|inactive|Battle timer is ON: inactive players will automatically lose when time's up. (requested by Fudarus)
|
|t:|1665265052
|switch|p1a: Thundurus|Thundurus-Therian, M|100/100|[from]move: U-turn
|
|-end|p1a: Thundurus|move: Future Sight
|-damage|p1a: Thundurus|46/100
|upkeep
|turn|16
|
|t:|1665265058
|switch|p1a: Slowking|Slowking, M|100/100
|move|p2a: Cobalion|Iron Head|p1a: Slowking
|-resisted|p1a: Slowking
|-damage|p1a: Slowking|88/100
|
|upkeep
|turn|17
|
|t:|1665265066
|switch|p2a: Hydreigon|Hydreigon, F|100/100
|move|p1a: Slowking|Teleport|p1a: Slowking
|
|t:|1665265070
|switch|p1a: Cobalion|Cobalion|100/100|[from]move: Teleport
|-damage|p1a: Cobalion|97/100|[from] Stealth Rock
|
|upkeep
|turn|18
|
|t:|1665265077
|switch|p2a: Slowking|Slowking, F|100/100
|move|p1a: Cobalion|Close Combat|p2a: Slowking
|-resisted|p2a: Slowking
|-damage|p2a: Slowking|83/100
|-unboost|p1a: Cobalion|def|1
|-unboost|p1a: Cobalion|spd|1
|
|upkeep
|turn|19
|
|t:|1665265079
|move|p1a: Cobalion|Stealth Rock|p2a: Slowking
|-sidestart|p2: Fudarus|move: Stealth Rock
|move|p2a: Slowking|Scald|p1a: Cobalion
|-damage|p1a: Cobalion|42/100
|-status|p1a: Cobalion|brn
|
|-damage|p1a: Cobalion|36/100 brn|[from] brn
|upkeep
|turn|20
|
|t:|1665265082
|switch|p1a: Slowking|Slowking, M|100/100
|move|p2a: Slowking|Future Sight|p1a: Slowking
|-start|p2a: Slowking|move: Future Sight
|
|upkeep
|turn|21
|
|t:|1665265086
|move|p2a: Slowking|Teleport|p2a: Slowking
|
|t:|1665265088
|switch|p2a: Hydreigon|Hydreigon, F|100/100|[from]move: Teleport
|-damage|p2a: Hydreigon|88/100|[from] Stealth Rock
|move|p1a: Slowking|Teleport|p1a: Slowking
|
|t:|1665265093
|switch|p1a: Chansey|Chansey, F|70/100|[from]move: Teleport
|-damage|p1a: Chansey|58/100|[from] Stealth Rock
|
|upkeep
|turn|22
|
|t:|1665265096
|move|p2a: Hydreigon|U-turn|p1a: Chansey
|-damage|p1a: Chansey|47/100
|
|t:|1665265099
|switch|p2a: Cobalion|Cobalion|57/100|[from]move: U-turn
|-damage|p2a: Cobalion|54/100|[from] Stealth Rock
|move|p1a: Chansey|Soft-Boiled|p1a: Chansey
|-heal|p1a: Chansey|97/100
|
|-end|p1a: Chansey|move: Future Sight
|-damage|p1a: Chansey|83/100
|upkeep
|turn|23
|
|t:|1665265103
|switch|p2a: Hydreigon|Hydreigon, F|88/100
|-damage|p2a: Hydreigon|76/100|[from] Stealth Rock
|move|p1a: Chansey|Thunder Wave|p2a: Hydreigon
|-status|p2a: Hydreigon|par
|
|upkeep
|turn|24
|
|t:|1665265108
|move|p2a: Hydreigon|U-turn|p1a: Chansey
|-damage|p1a: Chansey|73/100
|
|t:|1665265112
|switch|p2a: Slowking|Slowking, F|100/100|[from]move: U-turn
|-damage|p2a: Slowking|88/100|[from] Stealth Rock
|move|p1a: Chansey|Teleport|p1a: Chansey
|
|t:|1665265116
|switch|p1a: Slowking|Slowking, M|100/100|[from]move: Teleport
|
|upkeep
|turn|25
|
|t:|1665265121
|move|p2a: Slowking|Future Sight|p1a: Slowking
|-start|p2a: Slowking|move: Future Sight
|move|p1a: Slowking|Future Sight|p2a: Slowking
|-start|p1a: Slowking|move: Future Sight
|
|upkeep
|turn|26
|
|t:|1665265126
|move|p2a: Slowking|Scald|p1a: Slowking
|-resisted|p1a: Slowking
|-damage|p1a: Slowking|90/100
|move|p1a: Slowking|Teleport|p1a: Slowking
|
|t:|1665265129
|switch|p1a: Chansey|Chansey, F|73/100|[from]move: Teleport
|-damage|p1a: Chansey|60/100|[from] Stealth Rock
|
|upkeep
|turn|27
|
|t:|1665265133
|move|p1a: Chansey|Soft-Boiled|p1a: Chansey
|-heal|p1a: Chansey|100/100
|move|p2a: Slowking|Scald|p1a: Chansey
|-damage|p1a: Chansey|91/100
|
|-end|p2a: Slowking|move: Future Sight
|-resisted|p2a: Slowking
|-damage|p2a: Slowking|72/100
|-end|p1a: Chansey|move: Future Sight
|-damage|p1a: Chansey|77/100
|upkeep
|turn|28
|
|t:|1665265138
|move|p1a: Chansey|Thunder Wave|p2a: Slowking
|-status|p2a: Slowking|par
|move|p2a: Slowking|Teleport|p2a: Slowking
|
|t:|1665265139
|switch|p2a: Tangrowth|Tangrowth, F|69/100|[from]move: Teleport
|-damage|p2a: Tangrowth|57/100|[from] Stealth Rock
|
|upkeep
|turn|29
|
|t:|1665265144
|switch|p1a: Cobalion|Cobalion|36/100 brn
|-damage|p1a: Cobalion|33/100 brn|[from] Stealth Rock
|move|p2a: Tangrowth|Knock Off|p1a: Cobalion
|-resisted|p1a: Cobalion
|-crit|p1a: Cobalion
|-damage|p1a: Cobalion|18/100 brn
|-damage|p2a: Tangrowth|40/100|[from] item: Rocky Helmet|[of] p1a: Cobalion
|-ability|p1a: Cobalion|Justified|boost
|-boost|p1a: Cobalion|atk|1
|-enditem|p1a: Cobalion|Rocky Helmet|[from] move: Knock Off|[of] p2a: Tangrowth
|
|-damage|p1a: Cobalion|12/100 brn|[from] brn
|upkeep
|turn|30
|
|t:|1665265160
|switch|p2a: Slowking|Slowking, F|100/100 par
|-damage|p2a: Slowking|88/100 par|[from] Stealth Rock
|move|p1a: Cobalion|Iron Head|p2a: Slowking
|-resisted|p2a: Slowking
|-damage|p2a: Slowking|79/100 par
|
|-damage|p1a: Cobalion|6/100 brn|[from] brn
|upkeep
|turn|31
|
|t:|1665265165
|switch|p1a: Slowking|Slowking, M|100/100
|cant|p2a: Slowking|par
|
|upkeep
|turn|32
|
|t:|1665265169
|move|p1a: Slowking|Future Sight|p2a: Slowking
|-start|p1a: Slowking|move: Future Sight
|move|p2a: Slowking|Future Sight|p1a: Slowking
|-start|p2a: Slowking|move: Future Sight
|
|upkeep
|turn|33
|
|t:|1665265176
|cant|p2a: Slowking|par
|move|p1a: Slowking|Teleport|p1a: Slowking
|
|t:|1665265179
|switch|p1a: Thundurus|Thundurus-Therian, M|46/100|[from]move: Teleport
|
|upkeep
|turn|34
|
|t:|1665265189
|move|p1a: Thundurus|Volt Switch|p2a: Slowking
|-supereffective|p2a: Slowking
|-damage|p2a: Slowking|20/100 par
|
|t:|1665265193
|switch|p1a: Slowking|Slowking, M|100/100|[from]move: Volt Switch
|cant|p2a: Slowking|par
|
|-end|p2a: Slowking|move: Future Sight
|-resisted|p2a: Slowking
|-damage|p2a: Slowking|4/100 par
|-end|p1a: Slowking|move: Future Sight
|-resisted|p1a: Slowking
|-damage|p1a: Slowking|83/100
|upkeep
|turn|35
|
|t:|1665265198
|switch|p2a: Tangrowth|Tangrowth, F|74/100
|-damage|p2a: Tangrowth|61/100|[from] Stealth Rock
|move|p1a: Slowking|Scald|p2a: Tangrowth
|-resisted|p2a: Tangrowth
|-damage|p2a: Tangrowth|47/100
|
|upkeep
|turn|36
|
|t:|1665265208
|switch|p1a: Cobalion|Cobalion|6/100 brn
|-damage|p1a: Cobalion|3/100 brn|[from] Stealth Rock
|move|p2a: Tangrowth|Knock Off|p1a: Cobalion
|-resisted|p1a: Cobalion
|-damage|p1a: Cobalion|0 fnt
|faint|p1a: Cobalion
|
|upkeep
|
|t:|1665265210
|switch|p1a: Mamoswine|Mamoswine, F|100/100
|-damage|p1a: Mamoswine|88/100|[from] Stealth Rock
|turn|37
|
|t:|1665265223
|switch|p2a: Chansey|Chansey, F|88/100
|-damage|p2a: Chansey|75/100|[from] Stealth Rock
|move|p1a: Mamoswine|Icicle Crash|p2a: Chansey
|-damage|p2a: Chansey|37/100
|-damage|p1a: Mamoswine|78/100|[from] item: Life Orb
|
|upkeep
|turn|38
|
|t:|1665265231
|move|p1a: Mamoswine|Earthquake|p2a: Chansey
|-damage|p2a: Chansey|0 fnt
|faint|p2a: Chansey
|-damage|p1a: Mamoswine|68/100|[from] item: Life Orb
|
|upkeep
|
|t:|1665265234
|switch|p2a: Cobalion|Cobalion|54/100
|-damage|p2a: Cobalion|51/100|[from] Stealth Rock
|turn|39
|
|t:|1665265238
|switch|p2a: Hydreigon|Hydreigon, F|76/100 par
|-damage|p2a: Hydreigon|64/100 par|[from] Stealth Rock
|switch|p1a: Slowking|Slowking, M|100/100
|
|upkeep
|turn|40
|
|t:|1665265242
|switch|p1a: Chansey|Chansey, F|77/100
|-damage|p1a: Chansey|65/100|[from] Stealth Rock
|cant|p2a: Hydreigon|par
|
|upkeep
|turn|41
|
|t:|1665265248
|move|p2a: Hydreigon|U-turn|p1a: Chansey
|-damage|p1a: Chansey|56/100
|
|t:|1665265251
|switch|p2a: Tangrowth|Tangrowth, F|80/100|[from]move: U-turn
|-damage|p2a: Tangrowth|68/100|[from] Stealth Rock
|move|p1a: Chansey|Teleport|p1a: Chansey
|
|t:|1665265254
|switch|p1a: Mamoswine|Mamoswine, F|68/100|[from]move: Teleport
|-damage|p1a: Mamoswine|56/100|[from] Stealth Rock
|
|upkeep
|turn|42
|
|t:|1665265259
|move|p1a: Mamoswine|Icicle Crash|p2a: Tangrowth
|-supereffective|p2a: Tangrowth
|-damage|p2a: Tangrowth|0 fnt
|faint|p2a: Tangrowth
|-damage|p1a: Mamoswine|46/100|[from] item: Life Orb
|
|upkeep
|-message|Fudarus forfeited.
|
|win|MiniTotomon
|raw|MiniTotomon's rating: 1181 &rarr; <strong>1224</strong><br />(+43 for winning)
|raw|Fudarus's rating: 1490 &rarr; <strong>1456</strong><br />(-34 for losing)
|l|☆Fudarus
