|html|<div class="broadcast-blue"><strong>[Gen 8] UU is currently suspecting Scizor! For information on how to participate check out the <a href="https://www.smogon.com/forums/threads/ss-uu-stage-12-2-spider-dance.3704866/">suspect thread</a>.</strong></div>
|j|☆5 pia to the top
|j|‽That_ur_Best?
|t:|1659232449
|gametype|singles
|player|p1|5 pia to the top|#uutrio2ladder|1188
|player|p2|That_ur_Best?|170|1300
|teamsize|p1|5
|teamsize|p2|6
|gen|8
|tier|[Gen 8] UU
|rated|
|rule|Sleep Clause Mod: Limit one foe put to sleep
|rule|Species Clause: Limit one of each Pokémon
|rule|OHKO Clause: OHKO moves are banned
|rule|Evasion Moves Clause: Evasion moves are banned
|rule|Endless Battle Clause: Forcing endless battles is banned
|rule|HP Percentage Mod: HP is shown in percentages
|rule|Dynamax Clause: You cannot dynamax
|clearpoke
|poke|p1|Articuno|
|poke|p1|Umbreon, F|
|poke|p1|Quagsire, M|
|poke|p1|Skarmory, F|
|poke|p1|Nihilego|
|poke|p2|Chansey, F|
|poke|p2|Skarmory, M|
|poke|p2|Tangrowth, F|
|poke|p2|Rhyperior, M|
|poke|p2|Hatterene, F|
|poke|p2|Mandibuzz, F|
|teampreview
|inactive|Battle timer is ON: inactive players will automatically lose when time's up. (requested by That_ur_Best?)
|
|t:|1659232471
|start
|switch|p1a: stingy thingy|Nihilego|100/100
|switch|p2a: Rhyperior|Rhyperior, M|100/100
|turn|1
|
|t:|1659232477
|switch|p1a: sturdy birdy|Skarmory, F|100/100
|move|p2a: Rhyperior|Earthquake|p1a: sturdy birdy
|-immune|p1a: sturdy birdy
|
|upkeep
|turn|2
|
|t:|1659232481
|move|p1a: sturdy birdy|Body Press|p2a: Rhyperior
|-supereffective|p2a: Rhyperior
|-damage|p2a: Rhyperior|78/100
|move|p2a: Rhyperior|Stealth Rock|p1a: sturdy birdy
|-sidestart|p1: 5 pia to the top|move: Stealth Rock
|
|-heal|p2a: Rhyperior|84/100|[from] item: Leftovers
|upkeep
|turn|3
|
|t:|1659232485
|move|p2a: Rhyperior|Protect|p2a: Rhyperior
|-singleturn|p2a: Rhyperior|Protect
|move|p1a: sturdy birdy|Defog|p2a: Rhyperior
|-activate|p2a: Rhyperior|move: Protect
|
|-heal|p2a: Rhyperior|91/100|[from] item: Leftovers
|upkeep
|turn|4
|j|+Mengy ㋛
|
|t:|1659232489
|switch|p2a: Hatterene|Hatterene, F|100/100
|move|p1a: sturdy birdy|Defog|p2a: Hatterene
|move|p2a: Hatterene|Defog|p1a: sturdy birdy|[from]ability: Magic Bounce
|-unboost|p1a: sturdy birdy|evasion|1
|-sideend|p1: 5 pia to the top|Stealth Rock|[from] move: Defog|[of] p2a: Hatterene
|
|upkeep
|turn|5
|
|t:|1659232496
|switch|p1a: freezey vreezey|Articuno|100/100
|-ability|p1a: freezey vreezey|Pressure
|move|p2a: Hatterene|Calm Mind|p2a: Hatterene
|-boost|p2a: Hatterene|spa|1
|-boost|p2a: Hatterene|spd|1
|
|upkeep
|turn|6
|c|+Mengy ㋛|be careful this guy's 1300
|
|t:|1659232501
|move|p1a: freezey vreezey|Haze|p1a: freezey vreezey
|-clearallboost
|move|p2a: Hatterene|Calm Mind|p2a: Hatterene
|-boost|p2a: Hatterene|spa|1
|-boost|p2a: Hatterene|spd|1
|
|upkeep
|turn|7
|
|t:|1659232507
|move|p1a: freezey vreezey|Haze|p1a: freezey vreezey
|-clearallboost
|move|p2a: Hatterene|Mystical Fire|p1a: freezey vreezey
|-supereffective|p1a: freezey vreezey
|-damage|p1a: freezey vreezey|76/100
|-unboost|p1a: freezey vreezey|spa|1
|
|upkeep
|turn|8
|
|t:|1659232511
|move|p1a: freezey vreezey|Freeze-Dry|p2a: Hatterene
|-damage|p2a: Hatterene|85/100
|move|p2a: Hatterene|Mystical Fire|p1a: freezey vreezey
|-supereffective|p1a: freezey vreezey
|-damage|p1a: freezey vreezey|51/100
|-unboost|p1a: freezey vreezey|spa|1
|
|-heal|p2a: Hatterene|91/100|[from] item: Leftovers
|upkeep
|turn|9
|j| Shelley_Swampert
|
|t:|1659232515
|switch|p2a: Rhyperior|Rhyperior, M|91/100
|move|p1a: freezey vreezey|Roost|p1a: freezey vreezey
|-heal|p1a: freezey vreezey|100/100
|-singleturn|p1a: freezey vreezey|move: Roost
|
|-heal|p2a: Rhyperior|97/100|[from] item: Leftovers
|upkeep
|turn|10
|
|t:|1659232518
|switch|p1a: sturdy birdy|Skarmory, F|100/100
|move|p2a: Rhyperior|Toxic|p1a: sturdy birdy
|-immune|p1a: sturdy birdy
|
|-heal|p2a: Rhyperior|100/100|[from] item: Leftovers
|upkeep
|turn|11
|
|t:|1659232531
|switch|p2a: Skarmory|Skarmory, M|100/100
|move|p1a: sturdy birdy|Body Press|p2a: Skarmory
|-crit|p2a: Skarmory
|-damage|p2a: Skarmory|73/100
|
|-heal|p2a: Skarmory|79/100|[from] item: Leftovers
|upkeep
|turn|12
|
|t:|1659232537
|move|p2a: Skarmory|Protect|p2a: Skarmory
|-singleturn|p2a: Skarmory|Protect
|move|p1a: sturdy birdy|Iron Defense|p1a: sturdy birdy
|-boost|p1a: sturdy birdy|def|2
|
|-heal|p2a: Skarmory|85/100|[from] item: Leftovers
|upkeep
|turn|13
|
|t:|1659232542
|move|p1a: sturdy birdy|Body Press|p2a: Skarmory
|-damage|p2a: Skarmory|49/100
|move|p2a: Skarmory|Spikes|p1a: sturdy birdy
|-sidestart|p1: 5 pia to the top|Spikes
|
|-heal|p2a: Skarmory|55/100|[from] item: Leftovers
|upkeep
|turn|14
|
|t:|1659232548
|move|p1a: sturdy birdy|Defog|p2a: Skarmory
|-unboost|p2a: Skarmory|evasion|1
|-sideend|p1: 5 pia to the top|Spikes|[from] move: Defog|[of] p1a: sturdy birdy
|move|p2a: Skarmory|Roost|p2a: Skarmory
|-heal|p2a: Skarmory|100/100
|-singleturn|p2a: Skarmory|move: Roost
|
|upkeep
|turn|15
|
|t:|1659232553
|switch|p2a: Mandibuzz|Mandibuzz, F|100/100
|move|p1a: sturdy birdy|Iron Defense|p1a: sturdy birdy
|-boost|p1a: sturdy birdy|def|2
|
|upkeep
|turn|16
|
|t:|1659232557
|move|p1a: sturdy birdy|Body Press|p2a: Mandibuzz
|-damage|p2a: Mandibuzz|23/100
|move|p2a: Mandibuzz|Whirlwind|p1a: sturdy birdy
|drag|p1a: umby wumby|Umbreon, F|100/100
|
|upkeep
|turn|17
|
|t:|1659232562
|switch|p1a: stingy thingy|Nihilego|100/100
|move|p2a: Mandibuzz|Roost|p2a: Mandibuzz
|-heal|p2a: Mandibuzz|73/100
|-singleturn|p2a: Mandibuzz|move: Roost
|
|upkeep
|turn|18
|
|t:|1659232567
|move|p1a: stingy thingy|Stealth Rock|p2a: Mandibuzz
|-sidestart|p2: That_ur_Best?|move: Stealth Rock
|move|p2a: Mandibuzz|Knock Off|p1a: stingy thingy
|-damage|p1a: stingy thingy|58/100
|-enditem|p1a: stingy thingy|Black Sludge|[from] move: Knock Off|[of] p2a: Mandibuzz
|
|upkeep
|turn|19
|
|t:|1659232575
|switch|p1a: freezey vreezey|Articuno|100/100
|-ability|p1a: freezey vreezey|Pressure
|move|p2a: Mandibuzz|Knock Off|p1a: freezey vreezey
|-damage|p1a: freezey vreezey|79/100
|-enditem|p1a: freezey vreezey|Heavy-Duty Boots|[from] move: Knock Off|[of] p2a: Mandibuzz
|
|upkeep
|turn|20
|
|t:|1659232579
|move|p1a: freezey vreezey|Freeze-Dry|p2a: Mandibuzz
|-supereffective|p2a: Mandibuzz
|-damage|p2a: Mandibuzz|47/100
|move|p2a: Mandibuzz|Toxic|p1a: freezey vreezey
|-status|p1a: freezey vreezey|tox
|
|-damage|p1a: freezey vreezey|73/100 tox|[from] psn
|upkeep
|turn|21
|
|t:|1659232588
|switch|p1a: stingy thingy|Nihilego|58/100
|move|p2a: Mandibuzz|Roost|p2a: Mandibuzz
|-heal|p2a: Mandibuzz|97/100
|-singleturn|p2a: Mandibuzz|move: Roost
|
|upkeep
|turn|22
|
|t:|1659232592
|move|p1a: stingy thingy|Power Gem|p2a: Mandibuzz
|-supereffective|p2a: Mandibuzz
|-damage|p2a: Mandibuzz|50/100
|move|p2a: Mandibuzz|Knock Off|p1a: stingy thingy
|-crit|p1a: stingy thingy
|-damage|p1a: stingy thingy|15/100
|
|upkeep
|turn|23
|
|t:|1659232604
|switch|p2a: Rhyperior|Rhyperior, M|100/100
|-damage|p2a: Rhyperior|94/100|[from] Stealth Rock
|move|p1a: stingy thingy|Power Gem|p2a: Rhyperior
|-resisted|p2a: Rhyperior
|-damage|p2a: Rhyperior|67/100
|
|-heal|p2a: Rhyperior|73/100|[from] item: Leftovers
|upkeep
|turn|24
|
|t:|1659232609
|switch|p1a: umby wumby|Umbreon, F|100/100
|move|p2a: Rhyperior|Stealth Rock|p1a: umby wumby
|-sidestart|p1: 5 pia to the top|move: Stealth Rock
|
|-heal|p2a: Rhyperior|79/100|[from] item: Leftovers
|upkeep
|turn|25
|
|t:|1659232615
|move|p1a: umby wumby|Heal Bell|p1a: umby wumby
|-activate|p1a: umby wumby|move: Heal Bell
|-curestatus|p1: freezey vreezey|tox|[msg]
|move|p2a: Rhyperior|Toxic|p1a: umby wumby
|-status|p1a: umby wumby|tox
|-activate|p1a: umby wumby|ability: Synchronize
|-status|p2a: Rhyperior|tox
|
|-heal|p2a: Rhyperior|86/100 tox|[from] item: Leftovers
|-damage|p1a: umby wumby|94/100 tox|[from] psn
|-damage|p2a: Rhyperior|79/100 tox|[from] psn
|upkeep
|turn|26
|
|t:|1659232620
|move|p1a: umby wumby|Heal Bell|p1a: umby wumby
|-activate|p1a: umby wumby|move: Heal Bell
|-curestatus|p1a: umby wumby|tox|[msg]
|move|p2a: Rhyperior|Toxic|p1a: umby wumby|[miss]
|-miss|p2a: Rhyperior|p1a: umby wumby
|
|-heal|p1a: umby wumby|100/100|[from] item: Leftovers
|-heal|p2a: Rhyperior|86/100 tox|[from] item: Leftovers
|-damage|p2a: Rhyperior|73/100 tox|[from] psn
|upkeep
|turn|27
|
|t:|1659232629
|switch|p2a: Hatterene|Hatterene, F|91/100
|-damage|p2a: Hatterene|79/100|[from] Stealth Rock
|move|p1a: umby wumby|Foul Play|p2a: Hatterene
|-damage|p2a: Hatterene|59/100
|
|-heal|p2a: Hatterene|65/100|[from] item: Leftovers
|upkeep
|turn|28
|
|t:|1659232636
|switch|p1a: muddy buddy|Quagsire, M|100/100
|-damage|p1a: muddy buddy|94/100|[from] Stealth Rock
|move|p2a: Hatterene|Calm Mind|p2a: Hatterene
|-boost|p2a: Hatterene|spa|1
|-boost|p2a: Hatterene|spd|1
|
|-heal|p1a: muddy buddy|100/100|[from] item: Leftovers
|-heal|p2a: Hatterene|71/100|[from] item: Leftovers
|upkeep
|turn|29
|
|t:|1659232639
|move|p1a: muddy buddy|Scald|p2a: Hatterene
|-damage|p2a: Hatterene|50/100
|move|p2a: Hatterene|Draining Kiss|p1a: muddy buddy
|-damage|p1a: muddy buddy|81/100
|-heal|p2a: Hatterene|68/100|[from] drain|[of] p1a: muddy buddy
|
|-heal|p1a: muddy buddy|88/100|[from] item: Leftovers
|-heal|p2a: Hatterene|74/100|[from] item: Leftovers
|upkeep
|turn|30
|
|t:|1659232644
|switch|p2a: Chansey|Chansey, F|100/100
|-damage|p2a: Chansey|88/100|[from] Stealth Rock
|move|p1a: muddy buddy|Scald|p2a: Chansey
|-damage|p2a: Chansey|82/100
|
|-heal|p1a: muddy buddy|94/100|[from] item: Leftovers
|upkeep
|turn|31
|
|t:|1659232648
|switch|p1a: sturdy birdy|Skarmory, F|100/100
|-damage|p1a: sturdy birdy|88/100|[from] Stealth Rock
|move|p2a: Chansey|Heal Bell|p2a: Chansey
|-activate|p2a: Chansey|move: Heal Bell
|-curestatus|p2: Rhyperior|tox|[msg]
|
|upkeep
|turn|32
|
|t:|1659232654
|move|p1a: sturdy birdy|Iron Defense|p1a: sturdy birdy
|-boost|p1a: sturdy birdy|def|2
|move|p2a: Chansey|Wish|p2a: Chansey
|
|upkeep
|turn|33
|
|t:|1659232660
|switch|p2a: Mandibuzz|Mandibuzz, F|50/100
|move|p1a: sturdy birdy|Iron Defense|p1a: sturdy birdy
|-boost|p1a: sturdy birdy|def|2
|
|-heal|p2a: Mandibuzz|100/100|[from] move: Wish|[wisher] Chansey
|upkeep
|turn|34
|
|t:|1659232662
|move|p1a: sturdy birdy|Body Press|p2a: Mandibuzz
|-damage|p2a: Mandibuzz|27/100
|move|p2a: Mandibuzz|Whirlwind|p1a: sturdy birdy
|drag|p1a: umby wumby|Umbreon, F|100/100
|-damage|p1a: umby wumby|88/100|[from] Stealth Rock
|
|-heal|p1a: umby wumby|94/100|[from] item: Leftovers
|upkeep
|turn|35
|
|t:|1659232668
|switch|p1a: freezey vreezey|Articuno|73/100
|-damage|p1a: freezey vreezey|23/100|[from] Stealth Rock
|-ability|p1a: freezey vreezey|Pressure
|move|p2a: Mandibuzz|Roost|p2a: Mandibuzz
|-heal|p2a: Mandibuzz|77/100
|-singleturn|p2a: Mandibuzz|move: Roost
|
|upkeep
|turn|36
|
|t:|1659232677
|move|p1a: freezey vreezey|Defog|p2a: Mandibuzz
|-unboost|p2a: Mandibuzz|evasion|1
|-sideend|p2: That_ur_Best?|Stealth Rock|[from] move: Defog|[of] p1a: freezey vreezey
|-sideend|p1: 5 pia to the top|Stealth Rock|[from] move: Defog|[of] p1a: freezey vreezey
|move|p2a: Mandibuzz|Toxic|p1a: freezey vreezey
|-status|p1a: freezey vreezey|tox
|
|-damage|p1a: freezey vreezey|17/100 tox|[from] psn
|upkeep
|turn|37
|
|t:|1659232681
|move|p1a: freezey vreezey|Roost|p1a: freezey vreezey
|-heal|p1a: freezey vreezey|67/100 tox
|-singleturn|p1a: freezey vreezey|move: Roost
|move|p2a: Mandibuzz|Knock Off|p1a: freezey vreezey
|-damage|p1a: freezey vreezey|52/100 tox
|
|-damage|p1a: freezey vreezey|40/100 tox|[from] psn
|upkeep
|turn|38
|
|t:|1659232689
|move|p1a: freezey vreezey|Roost|p1a: freezey vreezey
|-heal|p1a: freezey vreezey|90/100 tox
|-singleturn|p1a: freezey vreezey|move: Roost
|move|p2a: Mandibuzz|Roost|p2a: Mandibuzz
|-heal|p2a: Mandibuzz|100/100
|-singleturn|p2a: Mandibuzz|move: Roost
|
|-damage|p1a: freezey vreezey|72/100 tox|[from] psn
|upkeep
|turn|39
|
|t:|1659232698
|move|p1a: freezey vreezey|Freeze-Dry|p2a: Mandibuzz
|-supereffective|p2a: Mandibuzz
|-damage|p2a: Mandibuzz|75/100
|move|p2a: Mandibuzz|Knock Off|p1a: freezey vreezey
|-damage|p1a: freezey vreezey|58/100 tox
|
|-damage|p1a: freezey vreezey|34/100 tox|[from] psn
|upkeep
|turn|40
|c|+Mengy ㋛|if you win you will both be 1200
|inactive|That_ur_Best? has 120 seconds left.
|
|t:|1659232733
|move|p1a: freezey vreezey|Roost|p1a: freezey vreezey
|-heal|p1a: freezey vreezey|84/100 tox
|-singleturn|p1a: freezey vreezey|move: Roost
|move|p2a: Mandibuzz|Roost|p2a: Mandibuzz
|-heal|p2a: Mandibuzz|100/100
|-singleturn|p2a: Mandibuzz|move: Roost
|
|-damage|p1a: freezey vreezey|54/100 tox|[from] psn
|upkeep
|turn|41
|
|t:|1659232740
|switch|p1a: sturdy birdy|Skarmory, F|88/100
|move|p2a: Mandibuzz|Knock Off|p1a: sturdy birdy
|-damage|p1a: sturdy birdy|72/100
|-damage|p2a: Mandibuzz|84/100|[from] item: Rocky Helmet|[of] p1a: sturdy birdy
|-enditem|p1a: sturdy birdy|Rocky Helmet|[from] move: Knock Off|[of] p2a: Mandibuzz
|
|upkeep
|turn|42
|
|t:|1659232745
|move|p1a: sturdy birdy|Roost|p1a: sturdy birdy
|-heal|p1a: sturdy birdy|100/100
|-singleturn|p1a: sturdy birdy|move: Roost
|move|p2a: Mandibuzz|Whirlwind|p1a: sturdy birdy
|drag|p1a: muddy buddy|Quagsire, M|94/100
|
|-heal|p1a: muddy buddy|99/100|[from] item: Leftovers
|upkeep
|turn|43
|
|t:|1659232751
|switch|p1a: sturdy birdy|Skarmory, F|100/100
|move|p2a: Mandibuzz|Toxic|p1a: sturdy birdy
|-immune|p1a: sturdy birdy
|
|upkeep
|turn|44
|
|t:|1659232755
|move|p1a: sturdy birdy|Iron Defense|p1a: sturdy birdy
|-boost|p1a: sturdy birdy|def|2
|move|p2a: Mandibuzz|Whirlwind|p1a: sturdy birdy
|drag|p1a: umby wumby|Umbreon, F|94/100
|
|-heal|p1a: umby wumby|99/100|[from] item: Leftovers
|upkeep
|turn|45
|
|t:|1659232762
|switch|p1a: freezey vreezey|Articuno|54/100 tox
|-ability|p1a: freezey vreezey|Pressure
|move|p2a: Mandibuzz|Whirlwind|p1a: freezey vreezey
|drag|p1a: stingy thingy|Nihilego|15/100
|
|upkeep
|turn|46
|
|t:|1659232765
|switch|p1a: freezey vreezey|Articuno|54/100 tox
|-ability|p1a: freezey vreezey|Pressure
|move|p2a: Mandibuzz|Knock Off|p1a: freezey vreezey
|-damage|p1a: freezey vreezey|39/100 tox
|
|-damage|p1a: freezey vreezey|33/100 tox|[from] psn
|upkeep
|turn|47
|
|t:|1659232771
|switch|p2a: Skarmory|Skarmory, M|100/100
|move|p1a: freezey vreezey|Roost|p1a: freezey vreezey
|-heal|p1a: freezey vreezey|84/100 tox
|-singleturn|p1a: freezey vreezey|move: Roost
|
|-damage|p1a: freezey vreezey|72/100 tox|[from] psn
|upkeep
|turn|48
|
|t:|1659232776
|switch|p1a: sturdy birdy|Skarmory, F|100/100
|move|p2a: Skarmory|Spikes|p1a: sturdy birdy
|-sidestart|p1: 5 pia to the top|Spikes
|
|upkeep
|turn|49
|
|t:|1659232783
|switch|p2a: Mandibuzz|Mandibuzz, F|84/100
|move|p1a: sturdy birdy|Iron Defense|p1a: sturdy birdy
|-boost|p1a: sturdy birdy|def|2
|
|upkeep
|turn|50
|
|t:|1659232786
|move|p1a: sturdy birdy|Defog|p2a: Mandibuzz
|-unboost|p2a: Mandibuzz|evasion|1
|-sideend|p1: 5 pia to the top|Spikes|[from] move: Defog|[of] p1a: sturdy birdy
|move|p2a: Mandibuzz|Whirlwind|p1a: sturdy birdy
|drag|p1a: freezey vreezey|Articuno|72/100 tox
|-ability|p1a: freezey vreezey|Pressure
|
|-damage|p1a: freezey vreezey|66/100 tox|[from] psn
|upkeep
|turn|51
|
|t:|1659232792
|move|p1a: freezey vreezey|Freeze-Dry|p2a: Mandibuzz
|-supereffective|p2a: Mandibuzz
|-damage|p2a: Mandibuzz|59/100
|move|p2a: Mandibuzz|Roost|p2a: Mandibuzz
|-heal|p2a: Mandibuzz|100/100
|-singleturn|p2a: Mandibuzz|move: Roost
|
|-damage|p1a: freezey vreezey|54/100 tox|[from] psn
|upkeep
|turn|52
|
|t:|1659232796
|move|p1a: freezey vreezey|Roost|p1a: freezey vreezey
|-heal|p1a: freezey vreezey|100/100 tox
|-singleturn|p1a: freezey vreezey|move: Roost
|move|p2a: Mandibuzz|Whirlwind|p1a: freezey vreezey
|drag|p1a: stingy thingy|Nihilego|15/100
|
|upkeep
|turn|53
|
|t:|1659232800
|switch|p1a: sturdy birdy|Skarmory, F|100/100
|move|p2a: Mandibuzz|Knock Off|p1a: sturdy birdy
|-damage|p1a: sturdy birdy|90/100
|
|upkeep
|turn|54
|
|t:|1659232806
|switch|p2a: Hatterene|Hatterene, F|74/100
|switch|p1a: umby wumby|Umbreon, F|99/100
|
|-heal|p1a: umby wumby|100/100|[from] item: Leftovers
|-heal|p2a: Hatterene|80/100|[from] item: Leftovers
|upkeep
|turn|55
|
|t:|1659232809
|move|p1a: umby wumby|Heal Bell|p1a: umby wumby
|-activate|p1a: umby wumby|move: Heal Bell
|-curestatus|p1: freezey vreezey|tox|[msg]
|move|p2a: Hatterene|Draining Kiss|p1a: umby wumby
|-supereffective|p1a: umby wumby
|-damage|p1a: umby wumby|70/100
|-heal|p2a: Hatterene|100/100|[from] drain|[of] p1a: umby wumby
|
|-heal|p1a: umby wumby|76/100|[from] item: Leftovers
|upkeep
|turn|56
|
|t:|1659232826
|move|p1a: umby wumby|Wish|p1a: umby wumby
|move|p2a: Hatterene|Draining Kiss|p1a: umby wumby
|-supereffective|p1a: umby wumby
|-damage|p1a: umby wumby|43/100
|
|-heal|p1a: umby wumby|49/100|[from] item: Leftovers
|upkeep
|turn|57
|
|t:|1659232832
|move|p1a: umby wumby|Protect|p1a: umby wumby
|-singleturn|p1a: umby wumby|Protect
|move|p2a: Hatterene|Calm Mind|p2a: Hatterene
|-boost|p2a: Hatterene|spa|1
|-boost|p2a: Hatterene|spd|1
|
|-heal|p1a: umby wumby|99/100|[from] move: Wish|[wisher] umby wumby
|-heal|p1a: umby wumby|100/100|[from] item: Leftovers
|upkeep
|turn|58
|
|t:|1659232836
|switch|p1a: muddy buddy|Quagsire, M|99/100
|move|p2a: Hatterene|Draining Kiss|p1a: muddy buddy
|-damage|p1a: muddy buddy|82/100
|
|-heal|p1a: muddy buddy|88/100|[from] item: Leftovers
|upkeep
|turn|59
|
|t:|1659232840
|move|p1a: muddy buddy|Scald|p2a: Hatterene
|-damage|p2a: Hatterene|79/100
|move|p2a: Hatterene|Draining Kiss|p1a: muddy buddy
|-damage|p1a: muddy buddy|68/100
|-heal|p2a: Hatterene|98/100|[from] drain|[of] p1a: muddy buddy
|
|-heal|p1a: muddy buddy|74/100|[from] item: Leftovers
|-heal|p2a: Hatterene|100/100|[from] item: Leftovers
|upkeep
|turn|60
|
|t:|1659232844
|move|p1a: muddy buddy|Scald|p2a: Hatterene
|-damage|p2a: Hatterene|79/100
|-status|p2a: Hatterene|brn
|move|p2a: Hatterene|Draining Kiss|p1a: muddy buddy
|-damage|p1a: muddy buddy|55/100
|-heal|p2a: Hatterene|96/100 brn|[from] drain|[of] p1a: muddy buddy
|
|-heal|p1a: muddy buddy|61/100|[from] item: Leftovers
|-heal|p2a: Hatterene|100/100 brn|[from] item: Leftovers
|-damage|p2a: Hatterene|95/100 brn|[from] brn
|upkeep
|turn|61
|
|t:|1659232846
|move|p1a: muddy buddy|Scald|p2a: Hatterene
|-damage|p2a: Hatterene|74/100 brn
|move|p2a: Hatterene|Draining Kiss|p1a: muddy buddy
|-damage|p1a: muddy buddy|44/100
|-heal|p2a: Hatterene|91/100 brn|[from] drain|[of] p1a: muddy buddy
|
|-heal|p1a: muddy buddy|50/100|[from] item: Leftovers
|-heal|p2a: Hatterene|97/100 brn|[from] item: Leftovers
|-damage|p2a: Hatterene|91/100 brn|[from] brn
|upkeep
|turn|62
|
|t:|1659232849
|move|p1a: muddy buddy|Recover|p1a: muddy buddy
|-heal|p1a: muddy buddy|99/100
|move|p2a: Hatterene|Draining Kiss|p1a: muddy buddy
|-damage|p1a: muddy buddy|80/100
|-heal|p2a: Hatterene|100/100 brn|[from] drain|[of] p1a: muddy buddy
|
|-heal|p1a: muddy buddy|86/100|[from] item: Leftovers
|-damage|p2a: Hatterene|95/100 brn|[from] brn
|upkeep
|turn|63
|
|t:|1659232853
|switch|p2a: Tangrowth|Tangrowth, F|100/100
|move|p1a: muddy buddy|Scald|p2a: Tangrowth
|-resisted|p2a: Tangrowth
|-damage|p2a: Tangrowth|95/100
|
|-heal|p1a: muddy buddy|92/100|[from] item: Leftovers
|upkeep
|turn|64
|
|t:|1659232859
|switch|p1a: sturdy birdy|Skarmory, F|90/100
|move|p2a: Tangrowth|Giga Drain|p1a: sturdy birdy
|-resisted|p1a: sturdy birdy
|-damage|p1a: sturdy birdy|81/100
|-heal|p2a: Tangrowth|98/100|[from] drain|[of] p1a: sturdy birdy
|
|upkeep
|turn|65
|
|t:|1659232864
|switch|p2a: Rhyperior|Rhyperior, M|73/100
|move|p1a: sturdy birdy|Iron Defense|p1a: sturdy birdy
|-boost|p1a: sturdy birdy|def|2
|
|-heal|p2a: Rhyperior|79/100|[from] item: Leftovers
|upkeep
|turn|66
|
|t:|1659232875
|move|p1a: sturdy birdy|Iron Defense|p1a: sturdy birdy
|-boost|p1a: sturdy birdy|def|2
|move|p2a: Rhyperior|Stealth Rock|p1a: sturdy birdy
|-sidestart|p1: 5 pia to the top|move: Stealth Rock
|
|-heal|p2a: Rhyperior|86/100|[from] item: Leftovers
|upkeep
|turn|67
|
|t:|1659232882
|switch|p2a: Skarmory|Skarmory, M|100/100
|move|p1a: sturdy birdy|Body Press|p2a: Skarmory
|-damage|p2a: Skarmory|40/100
|
|-heal|p2a: Skarmory|46/100|[from] item: Leftovers
|upkeep
|turn|68
|-message|That_ur_Best? forfeited.
|
|win|5 pia to the top
|raw|5 pia to the top's rating: 1188 &rarr; <strong>1221</strong><br />(+33 for winning)
|raw|That_ur_Best?'s rating: 1300 &rarr; <strong>1267</strong><br />(-33 for losing)
|l|‽That_ur_Best?
|l| Shelley_Swampert
||Ladder isn't responding, score probably updated but might not have (Request timeout).
