|j|☆detonating
|j|☆d01ph1ne
|t:|1663110901
|gametype|singles
|player|p1|detonating|170|1454
|player|p2|d01ph1ne|1|1366
|teamsize|p1|6
|teamsize|p2|6
|gen|8
|tier|[Gen 8] UU
|rated|
|rule|Sleep Clause Mod: Limit one foe put to sleep
|rule|Species Clause: Limit one of each Pokémon
|rule|OHKO Clause: OHKO moves are banned
|rule|Evasion Items Clause: Evasion items are banned
|rule|Evasion Moves Clause: Evasion moves are banned
|rule|Endless Battle Clause: Forcing endless battles is banned
|rule|HP Percentage Mod: HP is shown in percentages
|rule|Dynamax Clause: You cannot dynamax
|clearpoke
|poke|p1|Azelf|
|poke|p1|Conkeldurr, F|
|poke|p1|Jirachi|
|poke|p1|Salamence, M|
|poke|p1|Mimikyu, F|
|poke|p1|Rotom-Heat|
|poke|p2|Conkeldurr, F|
|poke|p2|Zarude-Dada|
|poke|p2|Scizor, M|
|poke|p2|Salamence, F|
|poke|p2|Nidoqueen, F|
|poke|p2|Slowking, M|
|teampreview
|
|t:|1663110924
|start
|switch|p1a: Azelf|Azelf|100/100
|switch|p2a: Salamence|Salamence, F|100/100
|-ability|p2a: Salamence|Intimidate|boost
|-unboost|p1a: Azelf|atk|1
|turn|1
|
|t:|1663110934
|switch|p2a: Zarude|Zarude-Dada|100/100
|move|p1a: Azelf|Psyshock|p2a: Zarude
|-immune|p2a: Zarude
|
|upkeep
|turn|2
|
|t:|1663110944
|move|p2a: Zarude|U-turn|p1a: Azelf
|-supereffective|p1a: Azelf
|-damage|p1a: Azelf|15/100
|
|t:|1663110946
|switch|p2a: Scizor|Scizor, M|100/100|[from]move: U-turn
|move|p1a: Azelf|Fire Blast|p2a: Scizor
|-supereffective|p2a: Scizor
|-damage|p2a: Scizor|0 fnt
|faint|p2a: Scizor
|
|upkeep
|
|t:|1663110947
|switch|p2a: Zarude|Zarude-Dada|100/100
|turn|3
|
|t:|1663110953
|switch|p1a: Conkeldurr|Conkeldurr, F|100/100
|move|p2a: Zarude|U-turn|p1a: Conkeldurr
|-resisted|p1a: Conkeldurr
|-damage|p1a: Conkeldurr|91/100
|
|t:|1663110957
|switch|p2a: Salamence|Salamence, F|100/100|[from]move: U-turn
|-ability|p2a: Salamence|Intimidate|boost
|-unboost|p1a: Conkeldurr|atk|1
|
|-status|p1a: Conkeldurr|brn|[from] item: Flame Orb
|upkeep
|turn|4
|
|t:|1663110963
|switch|p2a: Slowking|Slowking, M|100/100
|switch|p1a: Jirachi|Jirachi|100/100
|
|upkeep
|turn|5
|
|t:|1663110966
|switch|p2a: Nidoqueen|Nidoqueen, F|100/100
|move|p1a: Jirachi|U-turn|p2a: Nidoqueen
|-resisted|p2a: Nidoqueen
|-damage|p2a: Nidoqueen|90/100
|
|t:|1663110969
|switch|p1a: Azelf|Azelf|15/100|[from]move: U-turn
|
|upkeep
|turn|6
|
|t:|1663110973
|switch|p2a: Zarude|Zarude-Dada|100/100
|move|p1a: Azelf|Stealth Rock|p2a: Zarude
|-sidestart|p2: d01ph1ne|move: Stealth Rock
|
|upkeep
|turn|7
|
|t:|1663110979
|switch|p1a: Conkeldurr|Conkeldurr, F|91/100 brn
|move|p2a: Zarude|U-turn|p1a: Conkeldurr
|-resisted|p1a: Conkeldurr
|-damage|p1a: Conkeldurr|82/100 brn
|
|t:|1663110982
|switch|p2a: Salamence|Salamence, F|100/100|[from]move: U-turn
|-ability|p2a: Salamence|Intimidate|boost
|-unboost|p1a: Conkeldurr|atk|1
|
|-damage|p1a: Conkeldurr|76/100 brn|[from] brn
|upkeep
|turn|8
|
|t:|1663110986
|switch|p2a: Slowking|Slowking, M|100/100
|-damage|p2a: Slowking|88/100|[from] Stealth Rock
|switch|p1a: Jirachi|Jirachi|100/100
|
|upkeep
|turn|9
|
|t:|1663110989
|move|p1a: Jirachi|Trick|p2a: Slowking
|-activate|p1a: Jirachi|move: Trick|[of] p2a: Slowking
|-item|p2a: Slowking|Choice Scarf|[from] move: Trick
|-item|p1a: Jirachi|Colbur Berry|[from] move: Trick
|move|p2a: Slowking|Scald|p1a: Jirachi
|-damage|p1a: Jirachi|71/100
|
|upkeep
|turn|10
|
|t:|1663110997
|move|p1a: Jirachi|U-turn|p2a: Slowking
|-supereffective|p2a: Slowking
|-damage|p2a: Slowking|60/100
|
|t:|1663111018
|switch|p1a: Azelf|Azelf|15/100|[from]move: U-turn
|move|p2a: Slowking|Scald|p1a: Azelf
|-damage|p1a: Azelf|0 fnt
|faint|p1a: Azelf
|
|upkeep
|
|t:|1663111019
|switch|p1a: Salamence|Salamence, M|100/100
|turn|11
|
|t:|1663111029
|switch|p2a: Salamence|Salamence, F|100/100
|-ability|p2a: Salamence|Intimidate|boost
|-unboost|p1a: Salamence|atk|1
|move|p1a: Salamence|Dragon Dance|p1a: Salamence
|-boost|p1a: Salamence|atk|1
|-boost|p1a: Salamence|spe|1
|
|upkeep
|turn|12
|
|t:|1663111037
|move|p1a: Salamence|Dual Wingbeat|p2a: Salamence
|-damage|p2a: Salamence|81/100
|-damage|p2a: Salamence|64/100
|-hitcount|p2a: Salamence|2
|move|p2a: Salamence|Dual Wingbeat|p1a: Salamence
|-damage|p1a: Salamence|76/100
|-damage|p1a: Salamence|53/100
|-hitcount|p1a: Salamence|2
|
|upkeep
|turn|13
|
|t:|1663111046
|switch|p1a: Jirachi|Jirachi|71/100
|move|p2a: Salamence|Dual Wingbeat|p1a: Jirachi
|-resisted|p1a: Jirachi
|-damage|p1a: Jirachi|62/100
|-resisted|p1a: Jirachi
|-damage|p1a: Jirachi|53/100
|-hitcount|p1a: Jirachi|2
|
|upkeep
|turn|14
|
|t:|1663111054
|move|p1a: Jirachi|Iron Head|p2a: Salamence
|-damage|p2a: Salamence|39/100
|move|p2a: Salamence|Flamethrower|p1a: Jirachi
|-supereffective|p1a: Jirachi
|-damage|p1a: Jirachi|10/100
|
|upkeep
|turn|15
|
|t:|1663111059
|switch|p2a: Slowking|Slowking, M|93/100
|-damage|p2a: Slowking|80/100|[from] Stealth Rock
|move|p1a: Jirachi|Iron Head|p2a: Slowking
|-resisted|p2a: Slowking
|-damage|p2a: Slowking|68/100
|
|upkeep
|turn|16
|
|t:|1663111062
|move|p1a: Jirachi|Healing Wish|p1a: Jirachi
|faint|p1a: Jirachi
|move|p2a: Slowking|Teleport|p2a: Slowking
|
|t:|1663111070
|switch|p2a: Zarude|Zarude-Dada|100/100|[from]move: Teleport
|-damage|p2a: Zarude|88/100|[from] Stealth Rock
|
|upkeep
|
|t:|1663111076
|switch|p1a: Salamence|Salamence, M|53/100
|-heal|p1a: Salamence|100/100|[from] move: Healing Wish
|turn|17
|
|t:|1663111079
|move|p2a: Zarude|U-turn|p1a: Salamence
|-resisted|p1a: Salamence
|-damage|p1a: Salamence|86/100
|
|t:|1663111081
|switch|p2a: Salamence|Salamence, F|39/100|[from]move: U-turn
|-ability|p2a: Salamence|Intimidate|boost
|-unboost|p1a: Salamence|atk|1
|move|p1a: Salamence|Dragon Dance|p1a: Salamence
|-boost|p1a: Salamence|atk|1
|-boost|p1a: Salamence|spe|1
|
|upkeep
|turn|18
|
|t:|1663111087
|move|p1a: Salamence|Dual Wingbeat|p2a: Salamence
|-damage|p2a: Salamence|21/100
|-damage|p2a: Salamence|3/100
|-hitcount|p2a: Salamence|2
|move|p2a: Salamence|Dual Wingbeat|p1a: Salamence
|-damage|p1a: Salamence|61/100
|-damage|p1a: Salamence|34/100
|-hitcount|p1a: Salamence|2
|
|upkeep
|turn|19
|
|t:|1663111095
|move|p1a: Salamence|Dual Wingbeat|p2a: Salamence
|-damage|p2a: Salamence|0 fnt
|faint|p2a: Salamence
|-ability|p1a: Salamence|Moxie|boost
|-boost|p1a: Salamence|atk|1
|-hitcount|p2: Salamence|1
|
|upkeep
|
|t:|1663111096
|switch|p2a: Zarude|Zarude-Dada|88/100
|-damage|p2a: Zarude|76/100|[from] Stealth Rock
|turn|20
|
|t:|1663111108
|move|p2a: Zarude|Darkest Lariat|p1a: Salamence
|-damage|p1a: Salamence|0 fnt
|faint|p1a: Salamence
|
|upkeep
|
|t:|1663111111
|switch|p1a: Conkeldurr|Conkeldurr, F|76/100 brn
|turn|21
|
|t:|1663111121
|switch|p2a: Slowking|Slowking, M|100/100
|-damage|p2a: Slowking|88/100|[from] Stealth Rock
|move|p1a: Conkeldurr|Knock Off|p2a: Slowking
|-supereffective|p2a: Slowking
|-damage|p2a: Slowking|3/100
|-enditem|p2a: Slowking|Choice Scarf|[from] move: Knock Off|[of] p1a: Conkeldurr
|
|-damage|p1a: Conkeldurr|70/100 brn|[from] brn
|upkeep
|turn|22
|
|t:|1663111128
|move|p1a: Conkeldurr|Drain Punch|p2a: Slowking
|-resisted|p2a: Slowking
|-damage|p2a: Slowking|0 fnt
|-heal|p1a: Conkeldurr|71/100 brn|[from] drain|[of] p2a: Slowking
|faint|p2a: Slowking
|
|-damage|p1a: Conkeldurr|65/100 brn|[from] brn
|upkeep
|
|t:|1663111131
|switch|p2a: Nidoqueen|Nidoqueen, F|90/100
|-damage|p2a: Nidoqueen|84/100|[from] Stealth Rock
|turn|23
|
|t:|1663111147
|switch|p1a: Rotom|Rotom-Heat|100/100
|move|p2a: Nidoqueen|Earth Power|p1a: Rotom
|-immune|p1a: Rotom|[from] ability: Levitate
|
|upkeep
|turn|24
|
|t:|1663111153
|move|p1a: Rotom|Overheat|p2a: Nidoqueen
|-damage|p2a: Nidoqueen|23/100
|-unboost|p1a: Rotom|spa|2
|move|p2a: Nidoqueen|Stealth Rock|p1a: Rotom
|-sidestart|p1: detonating|move: Stealth Rock
|
|upkeep
|turn|25
|
|t:|1663111161
|switch|p2a: Conkeldurr|Conkeldurr, F|100/100
|-damage|p2a: Conkeldurr|95/100|[from] Stealth Rock
|move|p1a: Rotom|Overheat|p2a: Conkeldurr
|-damage|p2a: Conkeldurr|56/100
|-unboost|p1a: Rotom|spa|2
|
|-status|p2a: Conkeldurr|brn|[from] item: Flame Orb
|upkeep
|turn|26
|
|t:|1663111182
|move|p1a: Rotom|Overheat|p2a: Conkeldurr
|-damage|p2a: Conkeldurr|30/100 brn
|-unboost|p1a: Rotom|spa|2
|move|p2a: Conkeldurr|Knock Off|p1a: Rotom
|-damage|p1a: Rotom|35/100
|-enditem|p1a: Rotom|Heavy-Duty Boots|[from] move: Knock Off|[of] p2a: Conkeldurr
|
|-damage|p2a: Conkeldurr|24/100 brn|[from] brn
|upkeep
|turn|27
|
|t:|1663111187
|move|p1a: Rotom|Overheat|p2a: Conkeldurr
|-damage|p2a: Conkeldurr|4/100 brn
|move|p2a: Conkeldurr|Drain Punch|p1a: Rotom
|-damage|p1a: Rotom|0 fnt
|-heal|p2a: Conkeldurr|20/100 brn|[from] drain|[of] p1a: Rotom
|faint|p1a: Rotom
|
|-damage|p2a: Conkeldurr|14/100 brn|[from] brn
|upkeep
|
|t:|1663111191
|switch|p1a: Mimikyu|Mimikyu, F|100/100
|-damage|p1a: Mimikyu|88/100|[from] Stealth Rock
|turn|28
|
|t:|1663111195
|move|p1a: Mimikyu|Play Rough|p2a: Conkeldurr
|-supereffective|p2a: Conkeldurr
|-damage|p2a: Conkeldurr|0 fnt
|faint|p2a: Conkeldurr
|-damage|p1a: Mimikyu|78/100|[from] item: Life Orb
|
|upkeep
|
|t:|1663111197
|switch|p2a: Zarude|Zarude-Dada|76/100
|-damage|p2a: Zarude|64/100|[from] Stealth Rock
|turn|29
|
|t:|1663111203
|switch|p1a: Conkeldurr|Conkeldurr, F|65/100 brn
|-damage|p1a: Conkeldurr|59/100 brn|[from] Stealth Rock
|move|p2a: Zarude|U-turn|p1a: Conkeldurr
|-resisted|p1a: Conkeldurr
|-damage|p1a: Conkeldurr|50/100 brn
|
|t:|1663111205
|switch|p2a: Nidoqueen|Nidoqueen, F|23/100|[from]move: U-turn
|-damage|p2a: Nidoqueen|17/100|[from] Stealth Rock
|
|-damage|p1a: Conkeldurr|43/100 brn|[from] brn
|upkeep
|turn|30
|
|t:|1663111214
|move|p2a: Nidoqueen|Earth Power|p1a: Conkeldurr
|-damage|p1a: Conkeldurr|0 fnt
|faint|p1a: Conkeldurr
|
|upkeep
|
|t:|1663111216
|switch|p1a: Mimikyu|Mimikyu, F|78/100
|-damage|p1a: Mimikyu|66/100|[from] Stealth Rock
|turn|31
|
|t:|1663111220
|move|p1a: Mimikyu|Shadow Claw|p2a: Nidoqueen
|-crit|p2a: Nidoqueen
|-damage|p2a: Nidoqueen|0 fnt
|faint|p2a: Nidoqueen
|-damage|p1a: Mimikyu|56/100|[from] item: Life Orb
|
|upkeep
|
|t:|1663111222
|switch|p2a: Zarude|Zarude-Dada|64/100
|-damage|p2a: Zarude|51/100|[from] Stealth Rock
|turn|32
|
|t:|1663111225
|move|p2a: Zarude|U-turn|p1a: Mimikyu
|-activate|p1a: Mimikyu|ability: Disguise
|-damage|p1a: Mimikyu|56/100
|detailschange|p1a: Mimikyu|Mimikyu-Busted, F
|-damage|p1a: Mimikyu|44/100|[from] pokemon: Mimikyu-Busted
|move|p1a: Mimikyu|Play Rough|p2a: Zarude
|-supereffective|p2a: Zarude
|-damage|p2a: Zarude|0 fnt
|faint|p2a: Zarude
|-damage|p1a: Mimikyu|34/100|[from] item: Life Orb
|
|win|detonating
|raw|detonating's rating: 1454 &rarr; <strong>1469</strong><br />(+15 for winning)
|raw|d01ph1ne's rating: 1366 &rarr; <strong>1351</strong><br />(-15 for losing)
|l|☆d01ph1ne
||Ladder isn't responding, score probably updated but might not have (Request timeout).
