|inactive|Battle timer is ON: inactive players will automatically lose when time's up.
|j|☆paradisin
|j|☆EliotEnRetar
|t:|1612987086
|player|p1|paradisin|phoebe-gen3|
|player|p2|EliotEnRetar|falkner|
|teamsize|p1|6
|teamsize|p2|6
|gametype|singles
|gen|8
|tier|[Gen 8] UU
|rated|Tournament battle
|clearpoke
|poke|p1|Zeraora|
|poke|p1|Tapu Bulu|
|poke|p1|Suicune|
|poke|p1|Kommo-o, M|
|poke|p1|Moltres-Galar|
|poke|p1|Jirachi|
|poke|p2|Porygon-Z|
|poke|p2|Krookodile, F|
|poke|p2|Rotom-Wash|
|poke|p2|Scizor, F|
|poke|p2|Talonflame, M|
|poke|p2|Sylveon, F|
|rule|Sleep Clause Mod: Limit one foe put to sleep
|rule|Species Clause: Limit one of each Pokémon
|rule|OHKO Clause: OHKO moves are banned
|rule|Evasion Moves Clause: Evasion moves are banned
|rule|Endless Battle Clause: Forcing endless battles is banned
|rule|HP Percentage Mod: HP is shown in percentages
|rule|Dynamax Clause: You cannot dynamax
|rule|Blitz: Super-fast timer
|teampreview
|j| ThAtS qUiTe UnFoR
|j| wolfarren
|j| dna sprayer
|
|t:|1612987095
|start
|switch|p1a: Jirachi|Jirachi|100/100
|switch|p2a: Porygon-NUBL|Porygon-Z|100/100
|turn|1
|
|t:|1612987098
|move|p1a: Jirachi|Light Screen|p1a: Jirachi
|-sidestart|p1: paradisin|move: Light Screen
|move|p2a: Porygon-NUBL|Trick|p1a: Jirachi
|-activate|p2a: Porygon-NUBL|move: Trick|[of] p1a: Jirachi
|-item|p1a: Jirachi|Choice Specs|[from] move: Trick
|-item|p2a: Porygon-NUBL|Light Clay|[from] move: Trick
|
|upkeep
|turn|2
|inactive|paradisin has 10 seconds left.
|
|t:|1612987105
|switch|p2a: CauetBurger|Rotom-Wash|100/100
|move|p1a: Jirachi|Stealth Rock|p2a: CauetBurger
|-sidestart|p2: EliotEnRetar|move: Stealth Rock
|
|upkeep
|turn|3
|
|t:|1612987109
|switch|p1a: Moltres|Moltres-Galar|100/100
|move|p2a: CauetBurger|Defog|p1a: Moltres
|-unboost|p1a: Moltres|evasion|1
|-sideend|p1: paradisin|move: Light Screen
|-sideend|p2: EliotEnRetar|Stealth Rock|[from] move: Defog|[of] p2a: CauetBurger
|
|upkeep
|turn|4
|
|t:|1612987111
|move|p1a: Moltres|Agility|p1a: Moltres
|-boost|p1a: Moltres|spe|2
|move|p2a: CauetBurger|Volt Switch|p1a: Moltres
|-supereffective|p1a: Moltres
|-damage|p1a: Moltres|56/100
|-enditem|p1a: Moltres|Weakness Policy
|-boost|p1a: Moltres|atk|2|[from] item: Weakness Policy
|-boost|p1a: Moltres|spa|2|[from] item: Weakness Policy
|inactive|EliotEnRetar has 10 seconds left.
|
|t:|1612987120
|switch|p2a: Ouais|Sylveon, F|100/100|[from]move: Volt Switch
|
|upkeep
|turn|5
|
|t:|1612987122
|move|p1a: Moltres|Hurricane|p2a: Ouais
|-damage|p2a: Ouais|42/100
|move|p2a: Ouais|Hyper Voice|p1a: Moltres
|-supereffective|p1a: Moltres
|-damage|p1a: Moltres|0 fnt
|faint|p1a: Moltres
|
|-heal|p2a: Ouais|48/100|[from] item: Leftovers
|upkeep
|
|t:|1612987127
|switch|p1a: Jirachi|Jirachi|100/100
|turn|6
|
|t:|1612987130
|switch|p2a: CauetBurger|Rotom-Wash|100/100
|move|p1a: Jirachi|Stealth Rock|p2a: CauetBurger
|-sidestart|p2: EliotEnRetar|move: Stealth Rock
|
|upkeep
|turn|7
|
|t:|1612987131
|switch|p1a: Tapu Bulu|Tapu Bulu|100/100
|-fieldstart|move: Grassy Terrain|[from] ability: Grassy Surge|[of] p1a: Tapu Bulu
|move|p2a: CauetBurger|Defog|p1a: Tapu Bulu
|-unboost|p1a: Tapu Bulu|evasion|1
|-sideend|p2: EliotEnRetar|Stealth Rock|[from] move: Defog|[of] p2a: CauetBurger
|-fieldend|move: Grassy Terrain
|
|upkeep
|turn|8
|
|t:|1612987135
|switch|p1a: Jirachi|Jirachi|100/100
|switch|p2a: Schlass|Scizor, F|100/100
|
|upkeep
|turn|9
|
|t:|1612987139
|move|p1a: Jirachi|Stealth Rock|p2a: Schlass
|-sidestart|p2: EliotEnRetar|move: Stealth Rock
|move|p2a: Schlass|Swords Dance|p2a: Schlass
|-boost|p2a: Schlass|atk|2
|
|upkeep
|turn|10
|
|t:|1612987144
|switch|p1a: Tapu Bulu|Tapu Bulu|100/100
|-fieldstart|move: Grassy Terrain|[from] ability: Grassy Surge|[of] p1a: Tapu Bulu
|move|p2a: Schlass|Swords Dance|p2a: Schlass
|-boost|p2a: Schlass|atk|2
|
|upkeep
|turn|11
|
|t:|1612987148
|move|p2a: Schlass|Bullet Punch|p1a: Tapu Bulu
|-supereffective|p1a: Tapu Bulu
|-damage|p1a: Tapu Bulu|0 fnt
|faint|p1a: Tapu Bulu
|
|upkeep
|
|t:|1612987149
|switch|p1a: Suicune|Suicune|100/100
|-ability|p1a: Suicune|Pressure
|-enditem|p1a: Suicune|Grassy Seed
|-boost|p1a: Suicune|def|1|[from] item: Grassy Seed
|turn|12
|
|t:|1612987152
|move|p1a: Suicune|Scald|p2a: Schlass
|-damage|p2a: Schlass|69/100
|move|p2a: Schlass|Dual Wingbeat|p1a: Suicune
|-damage|p1a: Suicune|75/100
|-damage|p1a: Suicune|51/100
|-hitcount|p1a: Suicune|2
|
|-heal|p1a: Suicune|57/100|[from] Grassy Terrain
|-heal|p2a: Schlass|75/100|[from] Grassy Terrain
|upkeep
|turn|13
|
|t:|1612987155
|move|p1a: Suicune|Scald|p2a: Schlass
|-damage|p2a: Schlass|44/100
|move|p2a: Schlass|Dual Wingbeat|p1a: Suicune
|-damage|p1a: Suicune|31/100
|-damage|p1a: Suicune|6/100
|-hitcount|p1a: Suicune|2
|
|-heal|p1a: Suicune|13/100|[from] Grassy Terrain
|-heal|p2a: Schlass|50/100|[from] Grassy Terrain
|upkeep
|turn|14
|c|☆paradisin|lol
|inactive|paradisin has 10 seconds left.
|
|t:|1612987161
|move|p2a: Schlass|Bullet Punch|p1a: Suicune
|-resisted|p1a: Suicune
|-damage|p1a: Suicune|0 fnt
|faint|p1a: Suicune
|
|-heal|p2a: Schlass|56/100|[from] Grassy Terrain
|-fieldend|move: Grassy Terrain
|upkeep
|
|t:|1612987164
|switch|p1a: Zeraora|Zeraora|100/100
|turn|15
|c|☆EliotEnRetar|bruh
|
|t:|1612987166
|move|p2a: Schlass|Bullet Punch|p1a: Zeraora
|-resisted|p1a: Zeraora
|-damage|p1a: Zeraora|20/100
|-enditem|p1a: Zeraora|Sitrus Berry|[eat]
|-heal|p1a: Zeraora|45/100|[from] item: Sitrus Berry
|move|p1a: Zeraora|Plasma Fists|p2a: Schlass
|-damage|p2a: Schlass|1/100
|-fieldactivate|move: Ion Deluge
|
|upkeep
|turn|16
|inactive|paradisin has 10 seconds left.
|c|☆paradisin|so garbage
|inactive|paradisin has 5 seconds left.
|-message|paradisin forfeited.
|
|win|EliotEnRetar
|inactive|paradisin has 10 seconds left this turn.
|n|☆paradisin|paradisin
|n|☆EliotEnRetar|eliotenretar
|n| ThAtS qUiTe UnFoR|thatsquiteunfor
|n| wolfarren|wolfarren
|n| dna sprayer|dnasprayer
