|j|☆predator145
|j|☆G-Luke
|player|p1|predator145|49|1426
|player|p2|G-Luke|battlegirl-gen4|1374
|teamsize|p1|6
|teamsize|p2|6
|gametype|singles
|gen|8
|tier|[Gen 8] UU
|rated|
|rule|Sleep Clause Mod: Limit one foe put to sleep
|rule|Species Clause: Limit one of each Pokémon
|rule|OHKO Clause: OHKO moves are banned
|rule|Evasion Moves Clause: Evasion moves are banned
|rule|Endless Battle Clause: Forcing endless battles is banned
|rule|HP Percentage Mod: HP is shown in percentages
|clearpoke
|poke|p1|Bronzong|
|poke|p1|Kommo-o, M|
|poke|p1|Sylveon, F|
|poke|p1|Diggersby, F|
|poke|p1|Morpeko, M|
|poke|p1|Boltund, F|
|poke|p2|Mew|
|poke|p2|Mantine, M|
|poke|p2|Sylveon, F|
|poke|p2|Snorlax, F|
|poke|p2|Doublade, M|
|poke|p2|Tsareena, F|
|rule|Dynamax Clause: You cannot dynamax
|teampreview
|
|start
|switch|p1a: Boltund|Boltund, F|100/100
|switch|p2a: Embryo|Mew|100/100
|turn|1
|
|move|p1a: Boltund|Crunch|p2a: Embryo
|-supereffective|p2a: Embryo
|-damage|p2a: Embryo|38/100
|-unboost|p2a: Embryo|def|1
|move|p2a: Embryo|Psychic|p1a: Boltund
|-damage|p1a: Boltund|22/100
|
|-heal|p2a: Embryo|44/100|[from] item: Leftovers
|upkeep
|turn|2
|
|switch|p2a: QT|Sylveon, F|100/100
|move|p1a: Boltund|Crunch|p2a: QT
|-resisted|p2a: QT
|-damage|p2a: QT|85/100
|
|-heal|p2a: QT|91/100|[from] item: Leftovers
|upkeep
|turn|3
|
|switch|p1a: Bronzong|Bronzong|100/100
|move|p2a: QT|Wish|p2a: QT
|
|-heal|p2a: QT|97/100|[from] item: Leftovers
|upkeep
|turn|4
|
|switch|p2a: Embryo|Mew|44/100
|move|p1a: Bronzong|Stealth Rock|p2a: Embryo
|-sidestart|p2: G-Luke|move: Stealth Rock
|
|-heal|p2a: Embryo|100/100|[from] move: Wish|[wisher] QT
|upkeep
|turn|5
|
|move|p2a: Embryo|Stealth Rock|p1a: Bronzong
|-sidestart|p1: predator145|move: Stealth Rock
|move|p1a: Bronzong|Gyro Ball|p2a: Embryo
|-damage|p2a: Embryo|61/100
|
|-heal|p2a: Embryo|67/100|[from] item: Leftovers
|upkeep
|turn|6
|
|move|p2a: Embryo|Flamethrower|p1a: Bronzong
|-supereffective|p1a: Bronzong
|-damage|p1a: Bronzong|57/100
|-status|p1a: Bronzong|brn
|move|p1a: Bronzong|Gyro Ball|p2a: Embryo
|-damage|p2a: Embryo|45/100
|
|-heal|p2a: Embryo|51/100|[from] item: Leftovers
|-heal|p1a: Bronzong|64/100 brn|[from] item: Leftovers
|-damage|p1a: Bronzong|57/100 brn|[from] brn
|upkeep
|turn|7
|
|move|p2a: Embryo|Spikes|p1a: Bronzong
|-sidestart|p1: predator145|Spikes
|move|p1a: Bronzong|Gyro Ball|p2a: Embryo
|-damage|p2a: Embryo|32/100
|
|-heal|p2a: Embryo|38/100|[from] item: Leftovers
|-heal|p1a: Bronzong|64/100 brn|[from] item: Leftovers
|-damage|p1a: Bronzong|57/100 brn|[from] brn
|upkeep
|turn|8
|
|switch|p2a: Da G|Mantine, M|100/100
|move|p1a: Bronzong|Gyro Ball|p2a: Da G
|-resisted|p2a: Da G
|-damage|p2a: Da G|94/100
|
|-heal|p1a: Bronzong|64/100 brn|[from] item: Leftovers
|-damage|p1a: Bronzong|57/100 brn|[from] brn
|upkeep
|turn|9
|
|move|p2a: Da G|Scald|p1a: Bronzong
|-damage|p1a: Bronzong|36/100 brn
|move|p1a: Bronzong|Psychic|p2a: Da G
|-damage|p2a: Da G|81/100
|
|-heal|p1a: Bronzong|42/100 brn|[from] item: Leftovers
|-damage|p1a: Bronzong|36/100 brn|[from] brn
|upkeep
|turn|10
|
|move|p2a: Da G|Scald|p1a: Bronzong
|-damage|p1a: Bronzong|17/100 brn
|move|p1a: Bronzong|Psychic|p2a: Da G
|-damage|p2a: Da G|65/100
|
|-heal|p1a: Bronzong|23/100 brn|[from] item: Leftovers
|-damage|p1a: Bronzong|17/100 brn|[from] brn
|upkeep
|turn|11
|
|move|p2a: Da G|Roost|p2a: Da G
|-heal|p2a: Da G|100/100
|-singleturn|p2a: Da G|move: Roost
|move|p1a: Bronzong|Psychic|p2a: Da G
|-damage|p2a: Da G|86/100
|
|-heal|p1a: Bronzong|23/100 brn|[from] item: Leftovers
|-damage|p1a: Bronzong|17/100 brn|[from] brn
|upkeep
|turn|12
|
|move|p2a: Da G|Scald|p1a: Bronzong
|-damage|p1a: Bronzong|0 fnt
|faint|p1a: Bronzong
|
|upkeep
|
|switch|p1a: Morpeko|Morpeko, M|100/100
|turn|13
|
|switch|p2a: Sword and Sword|Doublade, M|100/100
|-damage|p2a: Sword and Sword|95/100|[from] Stealth Rock
|move|p1a: Morpeko|Rapid Spin|p2a: Sword and Sword
|-immune|p2a: Sword and Sword
|
|-formechange|p1a: Morpeko|Morpeko-Hangry||[from] ability: Hunger Switch
|upkeep
|turn|14
|
|move|p1a: Morpeko|Aura Wheel|p2a: Sword and Sword
|-supereffective|p2a: Sword and Sword
|-damage|p2a: Sword and Sword|49/100
|-boost|p1a: Morpeko|spe|1
|move|p2a: Sword and Sword|Brick Break|p1a: Morpeko
|-supereffective|p1a: Morpeko
|-damage|p1a: Morpeko|3/100
|
|-formechange|p1a: Morpeko|Morpeko||[from] ability: Hunger Switch
|upkeep
|turn|15
|
|switch|p1a: Diggersby|Diggersby, F|100/100
|-damage|p1a: Diggersby|94/100|[from] Stealth Rock
|-damage|p1a: Diggersby|82/100|[from] Spikes
|move|p2a: Sword and Sword|Shadow Sneak|p1a: Diggersby
|-immune|p1a: Diggersby
|
|upkeep
|turn|16
|
|switch|p2a: Da G|Mantine, M|86/100
|move|p1a: Diggersby|Earthquake|p2a: Da G
|-immune|p2a: Da G
|
|upkeep
|turn|17
|
|move|p1a: Diggersby|Swords Dance|p1a: Diggersby
|-boost|p1a: Diggersby|atk|2
|move|p2a: Da G|Scald|p1a: Diggersby
|-supereffective|p1a: Diggersby
|-damage|p1a: Diggersby|20/100
|
|upkeep
|turn|18
|
|move|p1a: Diggersby|Body Slam|p2a: Da G
|-damage|p2a: Da G|0 fnt
|-damage|p1a: Diggersby|10/100|[from] item: Life Orb
|faint|p2a: Da G
|
|upkeep
|
|switch|p2a: Embryo|Mew|38/100
|-damage|p2a: Embryo|25/100|[from] Stealth Rock
|turn|19
|
|move|p1a: Diggersby|Quick Attack|p2a: Embryo
|-damage|p2a: Embryo|0 fnt
|-damage|p1a: Diggersby|0 fnt|[from] item: Life Orb
|faint|p2a: Embryo
|faint|p1a: Diggersby
|
|upkeep
|
|switch|p2a: QT|Sylveon, F|97/100
|switch|p1a: Morpeko|Morpeko, M|3/100
|-damage|p2a: QT|85/100|[from] Stealth Rock
|turn|20
|
|switch|p2a: Sword and Sword|Doublade, M|49/100
|-damage|p2a: Sword and Sword|43/100|[from] Stealth Rock
|move|p1a: Morpeko|Rapid Spin|p2a: Sword and Sword
|-immune|p2a: Sword and Sword
|
|-formechange|p1a: Morpeko|Morpeko-Hangry||[from] ability: Hunger Switch
|upkeep
|turn|21
|
|switch|p1a: Kommo-o|Kommo-o, M|100/100
|-damage|p1a: Kommo-o|95/100|[from] Stealth Rock
|-damage|p1a: Kommo-o|82/100|[from] Spikes
|move|p2a: Sword and Sword|Shadow Sneak|p1a: Kommo-o
|-damage|p1a: Kommo-o|64/100
|
|upkeep
|turn|22
|
|switch|p2a: QT|Sylveon, F|85/100
|-damage|p2a: QT|73/100|[from] Stealth Rock
|move|p1a: Kommo-o|Earthquake|p2a: QT
|-damage|p2a: QT|40/100
|
|-heal|p2a: QT|46/100|[from] item: Leftovers
|upkeep
|turn|23
|
|switch|p1a: Sylveon|Sylveon, F|100/100
|-damage|p1a: Sylveon|88/100|[from] Stealth Rock
|-damage|p1a: Sylveon|76/100|[from] Spikes
|move|p2a: QT|Wish|p2a: QT
|
|-heal|p1a: Sylveon|82/100|[from] item: Leftovers
|-heal|p2a: QT|52/100|[from] item: Leftovers
|upkeep
|turn|24
|
|move|p2a: QT|Protect|p2a: QT
|-singleturn|p2a: QT|Protect
|move|p1a: Sylveon|Calm Mind|p1a: Sylveon
|-boost|p1a: Sylveon|spa|1
|-boost|p1a: Sylveon|spd|1
|
|-heal|p2a: QT|100/100|[from] move: Wish|[wisher] QT
|-heal|p1a: Sylveon|88/100|[from] item: Leftovers
|upkeep
|turn|25
|
|move|p1a: Sylveon|Calm Mind|p1a: Sylveon
|-boost|p1a: Sylveon|spa|1
|-boost|p1a: Sylveon|spd|1
|move|p2a: QT|Wish|p2a: QT
|
|-heal|p1a: Sylveon|94/100|[from] item: Leftovers
|upkeep
|turn|26
|
|switch|p2a: Spin2Win|Tsareena, F|100/100
|move|p1a: Sylveon|Moonblast|p2a: Spin2Win
|-damage|p2a: Spin2Win|14/100
|
|-heal|p2a: Spin2Win|83/100|[from] move: Wish|[wisher] QT
|-heal|p1a: Sylveon|99/100|[from] item: Leftovers
|upkeep
|turn|27
|
|move|p2a: Spin2Win|Power Whip|p1a: Sylveon
|-damage|p1a: Sylveon|50/100
|move|p1a: Sylveon|Wish|p1a: Sylveon
|
|-heal|p1a: Sylveon|56/100|[from] item: Leftovers
|upkeep
|turn|28
|
|move|p2a: Spin2Win|Rapid Spin|p1a: Sylveon
|-damage|p1a: Sylveon|42/100
|-sideend|p2: G-Luke|Stealth Rock|[from] move: Rapid Spin|[of] p2a: Spin2Win
|-boost|p2a: Spin2Win|spe|1
|move|p1a: Sylveon|Moonblast|p2a: Spin2Win
|-damage|p2a: Spin2Win|0 fnt
|faint|p2a: Spin2Win
|
|-heal|p1a: Sylveon|92/100|[from] move: Wish|[wisher] Sylveon
|-heal|p1a: Sylveon|98/100|[from] item: Leftovers
|upkeep
|
|switch|p2a: The Big Boi|Snorlax, F|100/100
|turn|29
|
|move|p1a: Sylveon|Calm Mind|p1a: Sylveon
|-boost|p1a: Sylveon|spa|1
|-boost|p1a: Sylveon|spd|1
|move|p2a: The Big Boi|Rest|p2a: The Big Boi
|-fail|p2a: The Big Boi|heal
|
|-heal|p1a: Sylveon|100/100|[from] item: Leftovers
|upkeep
|turn|30
|
|move|p1a: Sylveon|Wish|p1a: Sylveon
|move|p2a: The Big Boi|Rest|p2a: The Big Boi
|-fail|p2a: The Big Boi|heal
|
|upkeep
|turn|31
|
|move|p1a: Sylveon|Calm Mind|p1a: Sylveon
|-boost|p1a: Sylveon|spa|1
|-boost|p1a: Sylveon|spd|1
|move|p2a: The Big Boi|Body Slam|p1a: Sylveon
|-damage|p1a: Sylveon|62/100
|
|-heal|p1a: Sylveon|100/100|[from] move: Wish|[wisher] Sylveon
|upkeep
|turn|32
|
|move|p1a: Sylveon|Calm Mind|p1a: Sylveon
|-boost|p1a: Sylveon|spa|1
|-boost|p1a: Sylveon|spd|1
|move|p2a: The Big Boi|Body Slam|p1a: Sylveon
|-crit|p1a: Sylveon
|-damage|p1a: Sylveon|50/100
|
|-heal|p1a: Sylveon|56/100|[from] item: Leftovers
|upkeep
|turn|33
|
|move|p1a: Sylveon|Wish|p1a: Sylveon
|move|p2a: The Big Boi|Body Slam|p1a: Sylveon
|-damage|p1a: Sylveon|20/100
|
|-heal|p1a: Sylveon|26/100|[from] item: Leftovers
|upkeep
|turn|34
|
|move|p1a: Sylveon|Protect|p1a: Sylveon
|-singleturn|p1a: Sylveon|Protect
|move|p2a: The Big Boi|Rest|p2a: The Big Boi
|-fail|p2a: The Big Boi|heal
|
|-heal|p1a: Sylveon|76/100|[from] move: Wish|[wisher] Sylveon
|-heal|p1a: Sylveon|82/100|[from] item: Leftovers
|upkeep
|turn|35
|
|move|p1a: Sylveon|Moonblast|p2a: The Big Boi
|-damage|p2a: The Big Boi|29/100
|-unboost|p2a: The Big Boi|spa|1
|move|p2a: The Big Boi|Body Slam|p1a: Sylveon
|-damage|p1a: Sylveon|46/100
|-status|p1a: Sylveon|par
|
|-heal|p2a: The Big Boi|35/100|[from] item: Leftovers
|-heal|p1a: Sylveon|52/100 par|[from] item: Leftovers
|upkeep
|turn|36
|
|move|p2a: The Big Boi|Rest|p2a: The Big Boi
|-status|p2a: The Big Boi|slp|[from] move: Rest
|-heal|p2a: The Big Boi|100/100 slp|[silent]
|move|p1a: Sylveon|Wish|p1a: Sylveon
|
|-heal|p1a: Sylveon|58/100 par|[from] item: Leftovers
|upkeep
|turn|37
|
|cant|p2a: The Big Boi|slp
|move|p2a: The Big Boi|Sleep Talk|p2a: The Big Boi
|move|p2a: The Big Boi|Darkest Lariat|p1a: Sylveon|[from]Sleep Talk
|-resisted|p1a: Sylveon
|-damage|p1a: Sylveon|46/100 par
|cant|p1a: Sylveon|par
|
|-heal|p1a: Sylveon|96/100 par|[from] move: Wish|[wisher] Sylveon
|-heal|p1a: Sylveon|100/100 par|[from] item: Leftovers
|upkeep
|turn|38
|
|cant|p2a: The Big Boi|slp
|move|p2a: The Big Boi|Sleep Talk|p2a: The Big Boi
|move|p2a: The Big Boi|Darkest Lariat|p1a: Sylveon|[from]Sleep Talk
|-resisted|p1a: Sylveon
|-damage|p1a: Sylveon|88/100 par
|move|p1a: Sylveon|Moonblast|p2a: The Big Boi
|-damage|p2a: The Big Boi|24/100 slp
|
|-heal|p2a: The Big Boi|30/100 slp|[from] item: Leftovers
|-heal|p1a: Sylveon|94/100 par|[from] item: Leftovers
|upkeep
|turn|39
|
|-curestatus|p2a: The Big Boi|slp|[msg]
|move|p2a: The Big Boi|Rest|p2a: The Big Boi
|-status|p2a: The Big Boi|slp|[from] move: Rest
|-heal|p2a: The Big Boi|100/100 slp|[silent]
|move|p1a: Sylveon|Moonblast|p2a: The Big Boi
|-damage|p2a: The Big Boi|31/100 slp
|
|-heal|p2a: The Big Boi|37/100 slp|[from] item: Leftovers
|-heal|p1a: Sylveon|99/100 par|[from] item: Leftovers
|upkeep
|turn|40
|
|cant|p2a: The Big Boi|slp
|move|p2a: The Big Boi|Sleep Talk|p2a: The Big Boi
|move|p2a: The Big Boi|Body Slam|p1a: Sylveon|[from]Sleep Talk
|-damage|p1a: Sylveon|68/100 par
|cant|p1a: Sylveon|par
|
|-heal|p2a: The Big Boi|43/100 slp|[from] item: Leftovers
|-heal|p1a: Sylveon|74/100 par|[from] item: Leftovers
|upkeep
|turn|41
|
|cant|p2a: The Big Boi|slp
|move|p2a: The Big Boi|Sleep Talk|p2a: The Big Boi
|move|p2a: The Big Boi|Darkest Lariat|p1a: Sylveon|[from]Sleep Talk
|-resisted|p1a: Sylveon
|-damage|p1a: Sylveon|63/100 par
|move|p1a: Sylveon|Moonblast|p2a: The Big Boi
|-damage|p2a: The Big Boi|0 fnt
|faint|p2a: The Big Boi
|
|-heal|p1a: Sylveon|69/100 par|[from] item: Leftovers
|upkeep
|
|switch|p2a: Sword and Sword|Doublade, M|43/100
|turn|42
|
|move|p2a: Sword and Sword|Iron Head|p1a: Sylveon
|-supereffective|p1a: Sylveon
|-damage|p1a: Sylveon|8/100 par
|cant|p1a: Sylveon|flinch
|
|-heal|p1a: Sylveon|14/100 par|[from] item: Leftovers
|upkeep
|turn|43
|
|move|p2a: Sword and Sword|Iron Head|p1a: Sylveon
|-supereffective|p1a: Sylveon
|-damage|p1a: Sylveon|0 fnt
|faint|p1a: Sylveon
|
|upkeep
|
|switch|p1a: Kommo-o|Kommo-o, M|64/100
|-damage|p1a: Kommo-o|52/100|[from] Spikes
|-damage|p1a: Kommo-o|46/100|[from] Stealth Rock
|turn|44
|
|switch|p2a: QT|Sylveon, F|100/100
|move|p1a: Kommo-o|Iron Head|p2a: QT
|-supereffective|p2a: QT
|-damage|p2a: QT|52/100
|
|-heal|p2a: QT|58/100|[from] item: Leftovers
|upkeep
|turn|45
|
|move|p2a: QT|Protect|p2a: QT
|-singleturn|p2a: QT|Protect
|move|p1a: Kommo-o|Iron Head|p2a: QT
|-activate|p2a: QT|move: Protect
|
|-heal|p2a: QT|64/100|[from] item: Leftovers
|upkeep
|turn|46
|
|switch|p1a: Morpeko|Morpeko, M|3/100
|move|p2a: QT|Wish|p2a: QT
|
|-heal|p2a: QT|71/100|[from] item: Leftovers
|-formechange|p1a: Morpeko|Morpeko-Hangry||[from] ability: Hunger Switch
|upkeep
|turn|47
|
|switch|p2a: Sword and Sword|Doublade, M|43/100
|move|p1a: Morpeko|Rapid Spin|p2a: Sword and Sword
|-immune|p2a: Sword and Sword
|
|-heal|p2a: Sword and Sword|100/100|[from] move: Wish|[wisher] QT
|-formechange|p1a: Morpeko|Morpeko||[from] ability: Hunger Switch
|upkeep
|turn|48
|
|move|p1a: Morpeko|Parting Shot|p2a: Sword and Sword
|-unboost|p2a: Sword and Sword|atk|1
|-unboost|p2a: Sword and Sword|spa|1
|
|switch|p1a: Kommo-o|Kommo-o, M|46/100|[from]move: Parting Shot
|-damage|p1a: Kommo-o|34/100|[from] Spikes
|-damage|p1a: Kommo-o|28/100|[from] Stealth Rock
|move|p2a: Sword and Sword|Iron Head|p1a: Kommo-o
|-damage|p1a: Kommo-o|5/100
|
|upkeep
|turn|49
|
|move|p2a: Sword and Sword|Shadow Sneak|p1a: Kommo-o
|-damage|p1a: Kommo-o|0 fnt
|faint|p1a: Kommo-o
|
|upkeep
|
|switch|p1a: Boltund|Boltund, F|22/100
|-damage|p1a: Boltund|10/100|[from] Spikes
|-damage|p1a: Boltund|0 fnt|[from] Stealth Rock
|faint|p1a: Boltund
|c|☆predator145|gg
|-message|predator145 forfeited.
|
|win|G-Luke
|l|☆predator145
|c|☆G-Luke|gg
||Ladder (probably) updated, but score could not be retrieved (Response not received).
