|j|☆Meow Tse Tung
|j|☆UULT82n Monke
|t:|1621916716
|gametype|singles
|player|p1|Meow Tse Tung|pokekid|1520
|player|p2|UULT82n Monke|veteran|1568
|teamsize|p1|6
|teamsize|p2|6
|gen|8
|tier|[Gen 8] UU
|rated|
|rule|Sleep Clause Mod: Limit one foe put to sleep
|rule|Species Clause: Limit one of each Pokémon
|rule|OHKO Clause: OHKO moves are banned
|rule|Evasion Moves Clause: Evasion moves are banned
|rule|Endless Battle Clause: Forcing endless battles is banned
|rule|HP Percentage Mod: HP is shown in percentages
|rule|Dynamax Clause: You cannot dynamax
|clearpoke
|poke|p1|Volcanion|
|poke|p1|Mienshao, M|
|poke|p1|Thundurus, M|
|poke|p1|Krookodile, F|
|poke|p1|Aegislash, F|
|poke|p1|Gyarados, F|
|poke|p2|Necrozma|
|poke|p2|Ninetales-Alola, M|
|poke|p2|Gyarados, M|
|poke|p2|Kommo-o, M|
|poke|p2|Diggersby, M|
|poke|p2|Celesteela|
|teampreview
|inactive|Battle timer is ON: inactive players will automatically lose when time's up. (requested by UULT82n Monke)
|
|t:|1621916739
|start
|switch|p1a: Mienshao|Mienshao, M|100/100
|switch|p2a: Necrozma|Necrozma|100/100
|turn|1
|j| UULT82N Grew
|
|t:|1621916753
|move|p1a: Mienshao|Knock Off|p2a: Necrozma
|-supereffective|p2a: Necrozma
|-damage|p2a: Necrozma|37/100
|-enditem|p2a: Necrozma|Power Herb|[from] move: Knock Off|[of] p1a: Mienshao
|-damage|p1a: Mienshao|91/100|[from] item: Life Orb
|move|p2a: Necrozma|Stealth Rock|p1a: Mienshao
|-sidestart|p1: Meow Tse Tung|move: Stealth Rock
|
|upkeep
|turn|2
|
|t:|1621916779
|move|p1a: Mienshao|Knock Off|p2a: Necrozma
|-supereffective|p2a: Necrozma
|-damage|p2a: Necrozma|0 fnt
|faint|p2a: Necrozma
|-damage|p1a: Mienshao|81/100|[from] item: Life Orb
|
|upkeep
|
|t:|1621916781
|switch|p2a: Ninetales|Ninetales-Alola, M|100/100
|-weather|Hail|[from] ability: Snow Warning|[of] p2a: Ninetales
|turn|3
|
|t:|1621916793
|switch|p1a: Volcanion|Volcanion|100/100
|move|p2a: Ninetales|Aurora Veil|p2a: Ninetales
|-sidestart|p2: UULT82n Monke|move: Aurora Veil
|
|-weather|Hail|[upkeep]
|-damage|p1a: Volcanion|95/100|[from] Hail
|upkeep
|turn|4
|
|t:|1621916816
|move|p2a: Ninetales|Hypnosis|p1a: Volcanion
|-status|p1a: Volcanion|slp|[from] move: Hypnosis
|cant|p1a: Volcanion|slp
|
|-weather|Hail|[upkeep]
|-damage|p1a: Volcanion|89/100 slp|[from] Hail
|upkeep
|turn|5
|
|t:|1621916821
|switch|p2a: Kommo-o|Kommo-o, M|100/100
|cant|p1a: Volcanion|slp
|
|-weather|Hail|[upkeep]
|-damage|p1a: Volcanion|83/100 slp|[from] Hail
|upkeep
|turn|6
|
|t:|1621916838
|move|p2a: Kommo-o|Clangorous Soul|p2a: Kommo-o
|-boost|p2a: Kommo-o|atk|1
|-boost|p2a: Kommo-o|def|1
|-boost|p2a: Kommo-o|spa|1
|-boost|p2a: Kommo-o|spd|1
|-boost|p2a: Kommo-o|spe|1
|-damage|p2a: Kommo-o|68/100
|-enditem|p2a: Kommo-o|Throat Spray
|-boost|p2a: Kommo-o|spa|1|[from] item: Throat Spray
|-curestatus|p1a: Volcanion|slp|[msg]
|move|p1a: Volcanion|Defog|p2a: Kommo-o
|-unboost|p2a: Kommo-o|evasion|1
|-sideend|p2: UULT82n Monke|move: Aurora Veil
|-sideend|p1: Meow Tse Tung|Stealth Rock|[from] move: Defog|[of] p1a: Volcanion
|
|-weather|Hail|[upkeep]
|-damage|p1a: Volcanion|77/100|[from] Hail
|upkeep
|turn|7
|j| UULT82n BigMFM
|
|t:|1621916859
|move|p2a: Kommo-o|Clanging Scales|p1a: Volcanion
|-damage|p1a: Volcanion|0 fnt
|faint|p1a: Volcanion
|-unboost|p2a: Kommo-o|def|1
|
|-weather|none
|upkeep
|inactive|Meow Tse Tung has 120 seconds left.
|
|t:|1621916875
|switch|p1a: Krookodile|Krookodile, F|100/100
|-ability|p1a: Krookodile|Intimidate|boost
|-unboost|p2a: Kommo-o|atk|1
|turn|8
|inactive|Meow Tse Tung has 120 seconds left.
|
|t:|1621916884
|move|p1a: Krookodile|Earthquake|p2a: Kommo-o
|-damage|p2a: Kommo-o|23/100
|move|p2a: Kommo-o|Clanging Scales|p1a: Krookodile
|-damage|p1a: Krookodile|0 fnt
|faint|p1a: Krookodile
|-unboost|p2a: Kommo-o|def|1
|
|upkeep
|
|t:|1621916889
|switch|p1a: Aegislash|Aegislash, F|100/100
|turn|9
|
|t:|1621916893
|-formechange|p1a: Aegislash|Aegislash-Blade||[from] ability: Stance Change
|move|p1a: Aegislash|Shadow Sneak|p2a: Kommo-o
|-crit|p2a: Kommo-o
|-damage|p2a: Kommo-o|0 fnt
|faint|p2a: Kommo-o
|
|upkeep
|
|t:|1621916896
|switch|p2a: Ninetales|Ninetales-Alola, M|100/100
|-weather|Hail|[from] ability: Snow Warning|[of] p2a: Ninetales
|turn|10
|
|t:|1621916918
|move|p1a: Aegislash|Shadow Sneak|p2a: Ninetales
|-damage|p2a: Ninetales|74/100
|move|p2a: Ninetales|Aurora Veil|p2a: Ninetales
|-sidestart|p2: UULT82n Monke|move: Aurora Veil
|
|-weather|Hail|[upkeep]
|-damage|p1a: Aegislash|94/100|[from] Hail
|upkeep
|turn|11
|
|t:|1621916936
|switch|p1a: Mienshao|Mienshao, M|100/100
|move|p2a: Ninetales|Hypnosis|p1a: Mienshao
|-status|p1a: Mienshao|slp|[from] move: Hypnosis
|
|-weather|Hail|[upkeep]
|-damage|p1a: Mienshao|95/100 slp|[from] Hail
|upkeep
|turn|12
|
|t:|1621916948
|switch|p2a: Celesteela|Celesteela|100/100
|cant|p1a: Mienshao|slp
|
|-weather|Hail|[upkeep]
|-damage|p1a: Mienshao|89/100 slp|[from] Hail
|-damage|p2a: Celesteela|94/100|[from] Hail
|upkeep
|turn|13
|inactive|Meow Tse Tung has 120 seconds left.
|
|t:|1621916973
|-curestatus|p1a: Mienshao|slp|[msg]
|move|p1a: Mienshao|Knock Off|p2a: Celesteela
|-damage|p2a: Celesteela|73/100
|-enditem|p2a: Celesteela|Power Herb|[from] move: Knock Off|[of] p1a: Mienshao
|-damage|p1a: Mienshao|79/100|[from] item: Life Orb
|move|p2a: Celesteela|Autotomize|p2a: Celesteela
|-boost|p2a: Celesteela|spe|2
|-start|p2a: Celesteela|Autotomize
|
|-weather|Hail|[upkeep]
|-damage|p2a: Celesteela|67/100|[from] Hail
|-damage|p1a: Mienshao|73/100|[from] Hail
|upkeep
|turn|14
|
|t:|1621916979
|switch|p1a: Thundurus|Thundurus, M|100/100
|move|p2a: Celesteela|Air Slash|p1a: Thundurus
|-resisted|p1a: Thundurus
|-damage|p1a: Thundurus|74/100
|
|-weather|none
|upkeep
|turn|15
|j| Let me hear fear
|
|t:|1621916988
|move|p2a: Celesteela|Meteor Beam||[still]
|-prepare|p2a: Celesteela|Meteor Beam
|-boost|p2a: Celesteela|spa|1
|move|p1a: Thundurus|Thunderbolt|p2a: Celesteela
|-supereffective|p2a: Celesteela
|-damage|p2a: Celesteela|20/100
|-status|p2a: Celesteela|par
|
|upkeep
|turn|16
|
|t:|1621917016
|move|p1a: Thundurus|Thunderbolt|p2a: Celesteela
|-supereffective|p2a: Celesteela
|-damage|p2a: Celesteela|0 fnt
|faint|p2a: Celesteela
|
|upkeep
|
|t:|1621917019
|switch|p2a: Diggersby|Diggersby, M|100/100
|turn|17
|
|t:|1621917024
|move|p1a: Thundurus|U-turn|p2a: Diggersby
|-damage|p2a: Diggersby|91/100
|
|t:|1621917027
|switch|p1a: snek snekkerson|Gyarados, F|100/100|[from]move: U-turn
|-ability|p1a: snek snekkerson|Intimidate|boost
|-unboost|p2a: Diggersby|atk|1
|move|p2a: Diggersby|Swords Dance|p2a: Diggersby
|-boost|p2a: Diggersby|atk|2
|
|-sideend|p2: UULT82n Monke|move: Aurora Veil
|upkeep
|turn|18
|
|t:|1621917040
|move|p2a: Diggersby|Quick Attack|p1a: snek snekkerson
|-crit|p1a: snek snekkerson
|-damage|p1a: snek snekkerson|25/100
|move|p1a: snek snekkerson|Waterfall|p2a: Diggersby
|-supereffective|p2a: Diggersby
|-damage|p2a: Diggersby|0 fnt
|faint|p2a: Diggersby
|
|upkeep
|
|t:|1621917052
|switch|p2a: Ninetales|Ninetales-Alola, M|74/100
|-weather|Hail|[from] ability: Snow Warning|[of] p2a: Ninetales
|turn|19
|c| UULT82n BigMFM|not the snek snekkerson
|c|☆Meow Tse Tung|dont snek on me
|
|t:|1621917078
|switch|p1a: Mienshao|Mienshao, M|100/100
|move|p2a: Ninetales|Aurora Veil|p2a: Ninetales
|-sidestart|p2: UULT82n Monke|move: Aurora Veil
|
|-weather|Hail|[upkeep]
|-damage|p1a: Mienshao|95/100|[from] Hail
|upkeep
|turn|20
|
|t:|1621917083
|move|p2a: Ninetales|Freeze-Dry|p1a: Mienshao
|-damage|p1a: Mienshao|57/100
|-status|p1a: Mienshao|frz
|cant|p1a: Mienshao|frz
|
|-weather|Hail|[upkeep]
|-damage|p1a: Mienshao|51/100 frz|[from] Hail
|upkeep
|turn|21
|c|☆UULT82n Monke|sorry
|c|☆Meow Tse Tung|The opposing Celesteela is paralyzed! It may be unable to move!
|
|t:|1621917102
|switch|p2a: Gyarados|Gyarados, M|100/100
|switch|p1a: Aegislash|Aegislash, F|94/100
|
|-weather|Hail|[upkeep]
|-damage|p2a: Gyarados|94/100|[from] Hail
|-damage|p1a: Aegislash|88/100|[from] Hail
|upkeep
|turn|22
|c| UULT82n BigMFM|yo why is that snek the only nicknamed mon lmao
|
|t:|1621917114
|move|p2a: Gyarados|Dragon Dance|p2a: Gyarados
|-boost|p2a: Gyarados|atk|1
|-boost|p2a: Gyarados|spe|1
|-formechange|p1a: Aegislash|Aegislash-Blade||[from] ability: Stance Change
|move|p1a: Aegislash|Shadow Ball|p2a: Gyarados
|-damage|p2a: Gyarados|69/100
|
|-weather|Hail|[upkeep]
|-damage|p2a: Gyarados|63/100|[from] Hail
|-damage|p1a: Aegislash|82/100|[from] Hail
|upkeep
|turn|23
|
|t:|1621917120
|-formechange|p1a: Aegislash|Aegislash||[from] ability: Stance Change
|move|p1a: Aegislash|King's Shield|p1a: Aegislash
|-singleturn|p1a: Aegislash|Protect
|move|p2a: Gyarados|Waterfall|p1a: Aegislash
|-activate|p1a: Aegislash|move: Protect
|-unboost|p2a: Gyarados|atk|1
|
|-weather|none
|upkeep
|turn|24
|
|t:|1621917131
|move|p2a: Gyarados|Dragon Dance|p2a: Gyarados
|-boost|p2a: Gyarados|atk|1
|-boost|p2a: Gyarados|spe|1
|-formechange|p1a: Aegislash|Aegislash-Blade||[from] ability: Stance Change
|move|p1a: Aegislash|Shadow Ball|p2a: Gyarados
|-damage|p2a: Gyarados|36/100
|-unboost|p2a: Gyarados|spd|1
|
|upkeep
|turn|25
|
|t:|1621917150
|switch|p1a: snek snekkerson|Gyarados, F|25/100
|-ability|p1a: snek snekkerson|Intimidate|boost
|-unboost|p2a: Gyarados|atk|1
|move|p2a: Gyarados|Waterfall|p1a: snek snekkerson
|-resisted|p1a: snek snekkerson
|-damage|p1a: snek snekkerson|0 fnt
|faint|p1a: snek snekkerson
|-ability|p2a: Gyarados|Moxie|boost
|-boost|p2a: Gyarados|atk|1
|
|upkeep
|c|☆Meow Tse Tung|lol
|
|t:|1621917157
|switch|p1a: Aegislash|Aegislash, F|82/100
|turn|26
|
|t:|1621917164
|move|p2a: Gyarados|Dragon Dance|p2a: Gyarados
|-boost|p2a: Gyarados|atk|1
|-boost|p2a: Gyarados|spe|1
|-formechange|p1a: Aegislash|Aegislash-Blade||[from] ability: Stance Change
|move|p1a: Aegislash|Shadow Ball|p2a: Gyarados
|-damage|p2a: Gyarados|0 fnt
|faint|p2a: Gyarados
|
|-sideend|p2: UULT82n Monke|move: Aurora Veil
|upkeep
|
|t:|1621917166
|switch|p2a: Ninetales|Ninetales-Alola, M|74/100
|-weather|Hail|[from] ability: Snow Warning|[of] p2a: Ninetales
|turn|27
|
|t:|1621917175
|move|p1a: Aegislash|Shadow Sneak|p2a: Ninetales
|-damage|p2a: Ninetales|47/100
|move|p2a: Ninetales|Aurora Veil|p2a: Ninetales
|-sidestart|p2: UULT82n Monke|move: Aurora Veil
|
|-weather|Hail|[upkeep]
|-damage|p1a: Aegislash|76/100|[from] Hail
|upkeep
|turn|28
|
|t:|1621917183
|move|p1a: Aegislash|Shadow Sneak|p2a: Ninetales
|-damage|p2a: Ninetales|32/100
|move|p2a: Ninetales|Hypnosis|p1a: Aegislash
|-status|p1a: Aegislash|slp|[from] move: Hypnosis
|
|-weather|Hail|[upkeep]
|-damage|p1a: Aegislash|70/100 slp|[from] Hail
|upkeep
|turn|29
|
|t:|1621917188
|switch|p1a: Mienshao|Mienshao, M|84/100 frz
|move|p2a: Ninetales|Freeze-Dry|p1a: Mienshao
|-damage|p1a: Mienshao|48/100 frz
|
|-weather|Hail|[upkeep]
|-damage|p1a: Mienshao|42/100 frz|[from] Hail
|upkeep
|turn|30
|
|t:|1621917191
|move|p2a: Ninetales|Freeze-Dry|p1a: Mienshao
|-damage|p1a: Mienshao|7/100 frz
|cant|p1a: Mienshao|frz
|
|-weather|Hail|[upkeep]
|-damage|p1a: Mienshao|1/100 frz|[from] Hail
|upkeep
|turn|31
|
|t:|1621917194
|move|p2a: Ninetales|Freeze-Dry|p1a: Mienshao
|-damage|p1a: Mienshao|0 fnt
|faint|p1a: Mienshao
|
|-weather|none
|upkeep
|
|t:|1621917198
|switch|p1a: Thundurus|Thundurus, M|74/100
|turn|32
|
|t:|1621917201
|move|p1a: Thundurus|U-turn|p2a: Ninetales
|-resisted|p2a: Ninetales
|-damage|p2a: Ninetales|28/100
|j| Totem skarm
|
|t:|1621917204
|switch|p1a: Aegislash|Aegislash, F|70/100 slp|[from]move: U-turn
|move|p2a: Ninetales|Freeze-Dry|p1a: Aegislash
|-resisted|p1a: Aegislash
|-damage|p1a: Aegislash|60/100 slp
|
|upkeep
|turn|33
|
|t:|1621917207
|move|p2a: Ninetales|Freeze-Dry|p1a: Aegislash
|-resisted|p1a: Aegislash
|-damage|p1a: Aegislash|48/100 slp
|cant|p1a: Aegislash|slp
|
|upkeep
|turn|34
|
|t:|1621917210
|move|p2a: Ninetales|Freeze-Dry|p1a: Aegislash
|-resisted|p1a: Aegislash
|-damage|p1a: Aegislash|36/100 slp
|-curestatus|p1a: Aegislash|slp|[msg]
|-formechange|p1a: Aegislash|Aegislash-Blade||[from] ability: Stance Change
|move|p1a: Aegislash|Shadow Ball|p2a: Ninetales
|-damage|p2a: Ninetales|0 fnt
|faint|p2a: Ninetales
|
|win|Meow Tse Tung
|raw|Meow Tse Tung's rating: 1520 &rarr; <strong>1543</strong><br />(+23 for winning)
|raw|UULT82n Monke's rating: 1568 &rarr; <strong>1545</strong><br />(-23 for losing)
|c|☆Meow Tse Tung|gg
|c|☆UULT82n Monke|gg
|l| Totem skarm
|l| UULT82n BigMFM
|l|☆UULT82n Monke
|l| UULT82N Grew
|l| Let me hear fear
