|j|☆anamchara
|j|☆johnfisher225
|t:|1667816591
|gametype|singles
|player|p1|anamchara|101|1322
|player|p2|johnfisher225|janitor|1527
|teamsize|p1|6
|teamsize|p2|6
|gen|8
|tier|[Gen 8] UU
|rated|
|rule|Sleep Clause Mod: Limit one foe put to sleep
|rule|Species Clause: Limit one of each Pokémon
|rule|OHKO Clause: OHKO moves are banned
|rule|Evasion Items Clause: Evasion items are banned
|rule|Evasion Moves Clause: Evasion moves are banned
|rule|Endless Battle Clause: Forcing endless battles is banned
|rule|HP Percentage Mod: HP is shown in percentages
|rule|Dynamax Clause: You cannot dynamax
|clearpoke
|poke|p1|Conkeldurr, M|
|poke|p1|Azelf|
|poke|p1|Gyarados, M|
|poke|p1|Darmanitan, M|
|poke|p1|Hippowdon, F|
|poke|p1|Keldeo-Resolute|
|poke|p2|Lycanroc-Dusk, M|
|poke|p2|Azelf|
|poke|p2|Polteageist|
|poke|p2|Cobalion|
|poke|p2|Flygon, F|
|poke|p2|Celesteela|
|teampreview
|inactive|Battle timer is ON: inactive players will automatically lose when time's up. (requested by johnfisher225)
|
|t:|1667816602
|start
|switch|p1a: Hippowdon|Hippowdon, F|100/100
|switch|p2a: Lycanroc|Lycanroc-Dusk, M|100/100
|turn|1
|
|t:|1667816609
|move|p2a: Lycanroc|Stealth Rock|p1a: Hippowdon
|-sidestart|p1: anamchara|move: Stealth Rock
|move|p1a: Hippowdon|Stealth Rock|p2a: Lycanroc
|-sidestart|p2: johnfisher225|move: Stealth Rock
|
|upkeep
|turn|2
|
|t:|1667816614
|move|p2a: Lycanroc|Accelerock|p1a: Hippowdon
|-resisted|p1a: Hippowdon
|-damage|p1a: Hippowdon|92/100
|move|p1a: Hippowdon|Earthquake|p2a: Lycanroc
|-supereffective|p2a: Lycanroc
|-enditem|p2a: Lycanroc|Focus Sash
|-damage|p2a: Lycanroc|1/100
|
|-heal|p1a: Hippowdon|98/100|[from] item: Leftovers
|upkeep
|turn|3
|
|t:|1667816617
|move|p2a: Lycanroc|Endeavor|p1a: Hippowdon
|-damage|p1a: Hippowdon|1/100
|move|p1a: Hippowdon|Earthquake|p2a: Lycanroc
|-supereffective|p2a: Lycanroc
|-damage|p2a: Lycanroc|0 fnt
|faint|p2a: Lycanroc
|
|-heal|p1a: Hippowdon|7/100|[from] item: Leftovers
|upkeep
|
|t:|1667816626
|switch|p2a: Flygon|Flygon, F|100/100
|-damage|p2a: Flygon|95/100|[from] Stealth Rock
|turn|4
|
|t:|1667816630
|move|p2a: Flygon|Earthquake|p1a: Hippowdon
|-damage|p1a: Hippowdon|0 fnt
|faint|p1a: Hippowdon
|-damage|p2a: Flygon|85/100|[from] item: Life Orb
|
|upkeep
|
|t:|1667816632
|switch|p1a: Gyarados|Gyarados, M|100/100
|turn|5
|
|t:|1667816635
|move|p2a: Flygon|Dragon Dance|p2a: Flygon
|-boost|p2a: Flygon|atk|1
|-boost|p2a: Flygon|spe|1
|move|p1a: Gyarados|Dragon Dance|p1a: Gyarados
|-boost|p1a: Gyarados|atk|1
|-boost|p1a: Gyarados|spe|1
|
|upkeep
|turn|6
|
|t:|1667816637
|move|p2a: Flygon|Outrage|p1a: Gyarados
|-damage|p1a: Gyarados|0 fnt
|faint|p1a: Gyarados
|-damage|p2a: Flygon|75/100|[from] item: Life Orb
|
|upkeep
|
|t:|1667816642
|switch|p1a: Conkeldurr|Conkeldurr, M|100/100
|-damage|p1a: Conkeldurr|94/100|[from] Stealth Rock
|turn|7
|
|t:|1667816644
|move|p2a: Flygon|Outrage|p1a: Conkeldurr|[from]lockedmove
|-damage|p1a: Conkeldurr|0 fnt
|faint|p1a: Conkeldurr
|-damage|p2a: Flygon|65/100|[from] item: Life Orb
|-start|p2a: Flygon|confusion|[fatigue]
|
|upkeep
|-message|anamchara forfeited.
|
|win|johnfisher225
|raw|anamchara's rating: 1287 &rarr; <strong>1277</strong><br />(-10 for losing)
|raw|johnfisher225's rating: 1527 &rarr; <strong>1535</strong><br />(+8 for winning)
|l|☆anamchara
