|j|☆Giogiovannio
|j|☆The SD sweep
|t:|1666720916
|gametype|singles
|player|p1|Giogiovannio|drayden|1572
|player|p2|The SD sweep|karen|1689
|teamsize|p1|6
|teamsize|p2|6
|gen|8
|tier|[Gen 8] UU
|rated|
|rule|Sleep Clause Mod: Limit one foe put to sleep
|rule|Species Clause: Limit one of each Pokémon
|rule|OHKO Clause: OHKO moves are banned
|rule|Evasion Items Clause: Evasion items are banned
|rule|Evasion Moves Clause: Evasion moves are banned
|rule|Endless Battle Clause: Forcing endless battles is banned
|rule|HP Percentage Mod: HP is shown in percentages
|rule|Dynamax Clause: You cannot dynamax
|clearpoke
|poke|p1|Shuckle, M|
|poke|p1|Celesteela|
|poke|p1|Diggersby, F|
|poke|p1|Nidoking, M|
|poke|p1|Swampert, F|
|poke|p1|Decidueye, M|
|poke|p2|Scizor, F|
|poke|p2|Zarude-Dada|
|poke|p2|Keldeo-Resolute|
|poke|p2|Hippowdon, M|
|poke|p2|Slowking, M|
|poke|p2|Primarina, F|
|teampreview
|inactive|Battle timer is ON: inactive players will automatically lose when time's up. (requested by The SD sweep)
|
|t:|1666720927
|start
|switch|p1a: Shuckle|Shuckle, M|100/100
|switch|p2a: Keldeo|Keldeo-Resolute|100/100
|turn|1
|
|t:|1666720929
|move|p2a: Keldeo|Surf|p1a: Shuckle
|-supereffective|p1a: Shuckle
|-damage|p1a: Shuckle|11/100
|move|p1a: Shuckle|Sticky Web|p2a: Keldeo
|-sidestart|p2: The SD sweep|move: Sticky Web
|
|upkeep
|turn|2
|
|t:|1666720937
|move|p2a: Keldeo|Surf|p1a: Shuckle
|-supereffective|p1a: Shuckle
|-damage|p1a: Shuckle|0 fnt
|faint|p1a: Shuckle
|
|upkeep
|
|t:|1666720940
|switch|p1a: Decidueye|Decidueye, M|100/100
|turn|3
|
|t:|1666720945
|switch|p2a: Zarude|Zarude-Dada|100/100
|-activate|p2a: Zarude|move: Sticky Web
|-unboost|p2a: Zarude|spe|1
|move|p1a: Decidueye|U-turn|p2a: Zarude
|-supereffective|p2a: Zarude
|-damage|p2a: Zarude|0 fnt
|faint|p2a: Zarude
|
|t:|1666720953
|switch|p1a: Swampert|Swampert, F|100/100|[from]move: U-turn
|
|upkeep
|
|t:|1666720957
|switch|p2a: Primarina|Primarina, F, shiny|100/100
|-activate|p2a: Primarina|move: Sticky Web
|-unboost|p2a: Primarina|spe|1
|turn|4
|
|t:|1666720960
|move|p1a: Swampert|Earthquake|p2a: Primarina
|-damage|p2a: Primarina|0 fnt
|faint|p2a: Primarina
|
|upkeep
|
|t:|1666720969
|switch|p2a: Slowking|Slowking, M, shiny|100/100
|-activate|p2a: Slowking|move: Sticky Web
|-unboost|p2a: Slowking|spe|1
|turn|5
|
|t:|1666720972
|move|p1a: Swampert|Earthquake|p2a: Slowking
|-damage|p2a: Slowking|48/100
|move|p2a: Slowking|Scald|p1a: Swampert
|-damage|p1a: Swampert|72/100
|
|upkeep
|turn|6
|
|t:|1666720976
|switch|p2a: Hippowdon|Hippowdon, M|100/100
|-activate|p2a: Hippowdon|move: Sticky Web
|-unboost|p2a: Hippowdon|spe|1
|-weather|Sandstorm|[from] ability: Sand Stream|[of] p2a: Hippowdon
|move|p1a: Swampert|Earthquake|p2a: Hippowdon
|-damage|p2a: Hippowdon|55/100
|
|-weather|Sandstorm|[upkeep]
|-heal|p2a: Hippowdon|61/100|[from] item: Leftovers
|upkeep
|turn|7
|
|t:|1666720982
|switch|p1a: Decidueye|Decidueye, M|100/100
|move|p2a: Hippowdon|Slack Off|p2a: Hippowdon
|-heal|p2a: Hippowdon|100/100
|
|-weather|Sandstorm|[upkeep]
|-damage|p1a: Decidueye|94/100|[from] Sandstorm
|upkeep
|turn|8
|
|t:|1666720988
|move|p1a: Decidueye|Poltergeist|p2a: Hippowdon
|-activate|p2a: Hippowdon|move: Poltergeist|Leftovers
|-damage|p2a: Hippowdon|48/100
|move|p2a: Hippowdon|Stealth Rock|p1a: Decidueye
|-sidestart|p1: Giogiovannio|move: Stealth Rock
|
|-weather|Sandstorm|[upkeep]
|-damage|p1a: Decidueye|88/100|[from] Sandstorm
|-heal|p2a: Hippowdon|54/100|[from] item: Leftovers
|upkeep
|turn|9
|
|t:|1666720991
|move|p1a: Decidueye|Poltergeist|p2a: Hippowdon
|-activate|p2a: Hippowdon|move: Poltergeist|Leftovers
|-damage|p2a: Hippowdon|5/100
|move|p2a: Hippowdon|Slack Off|p2a: Hippowdon
|-heal|p2a: Hippowdon|55/100
|
|-weather|Sandstorm|[upkeep]
|-damage|p1a: Decidueye|82/100|[from] Sandstorm
|-heal|p2a: Hippowdon|61/100|[from] item: Leftovers
|upkeep
|turn|10
|
|t:|1666720995
|switch|p1a: Swampert|Swampert, F|72/100
|-damage|p1a: Swampert|66/100|[from] Stealth Rock
|move|p2a: Hippowdon|Slack Off|p2a: Hippowdon
|-heal|p2a: Hippowdon|100/100
|
|-weather|none
|upkeep
|turn|11
|
|t:|1666720998
|switch|p2a: Slowking|Slowking, M, shiny|81/100
|-activate|p2a: Slowking|move: Sticky Web
|-unboost|p2a: Slowking|spe|1
|move|p1a: Swampert|Flip Turn|p2a: Slowking
|-resisted|p2a: Slowking
|-damage|p2a: Slowking|64/100
|
|t:|1666721001
|switch|p1a: Decidueye|Decidueye, M|82/100|[from]move: Flip Turn
|-damage|p1a: Decidueye|70/100|[from] Stealth Rock
|
|upkeep
|turn|12
|
|t:|1666721004
|switch|p2a: Hippowdon|Hippowdon, M|100/100
|-activate|p2a: Hippowdon|move: Sticky Web
|-unboost|p2a: Hippowdon|spe|1
|-weather|Sandstorm|[from] ability: Sand Stream|[of] p2a: Hippowdon
|move|p1a: Decidueye|U-turn|p2a: Hippowdon
|-damage|p2a: Hippowdon|79/100
|
|t:|1666721006
|switch|p1a: Swampert|Swampert, F|66/100|[from]move: U-turn
|-damage|p1a: Swampert|60/100|[from] Stealth Rock
|
|-weather|Sandstorm|[upkeep]
|-heal|p2a: Hippowdon|85/100|[from] item: Leftovers
|upkeep
|turn|13
|
|t:|1666721010
|switch|p2a: Slowking|Slowking, M, shiny|98/100
|-activate|p2a: Slowking|move: Sticky Web
|-unboost|p2a: Slowking|spe|1
|move|p1a: Swampert|Flip Turn|p2a: Slowking
|-resisted|p2a: Slowking
|-damage|p2a: Slowking|82/100
|
|t:|1666721012
|switch|p1a: Decidueye|Decidueye, M|70/100|[from]move: Flip Turn
|-damage|p1a: Decidueye|57/100|[from] Stealth Rock
|
|-weather|Sandstorm|[upkeep]
|-damage|p1a: Decidueye|51/100|[from] Sandstorm
|-damage|p2a: Slowking|76/100|[from] Sandstorm
|upkeep
|turn|14
|
|t:|1666721017
|switch|p2a: Scizor|Scizor, F|100/100
|-activate|p2a: Scizor|move: Sticky Web
|-unboost|p2a: Scizor|spe|1
|move|p1a: Decidueye|Poltergeist|p2a: Scizor
|-activate|p2a: Scizor|move: Poltergeist|Choice Band
|-damage|p2a: Scizor|0 fnt
|faint|p2a: Scizor
|
|-weather|Sandstorm|[upkeep]
|-damage|p1a: Decidueye|45/100|[from] Sandstorm
|upkeep
|
|t:|1666721019
|switch|p2a: Keldeo|Keldeo-Resolute|100/100
|-activate|p2a: Keldeo|move: Sticky Web
|-unboost|p2a: Keldeo|spe|1
|turn|15
|
|t:|1666721027
|move|p1a: Decidueye|Poltergeist|p2a: Keldeo
|-activate|p2a: Keldeo|move: Poltergeist|Choice Specs
|-damage|p2a: Keldeo|3/100
|move|p2a: Keldeo|Air Slash|p1a: Decidueye
|-supereffective|p1a: Decidueye
|-damage|p1a: Decidueye|0 fnt
|faint|p1a: Decidueye
|
|-weather|Sandstorm|[upkeep]
|-damage|p2a: Keldeo|0 fnt|[from] Sandstorm
|faint|p2a: Keldeo
|upkeep
|
|t:|1666721037
|switch|p2a: Slowking|Slowking, M, shiny|100/100
|switch|p1a: Swampert|Swampert, F|60/100
|-damage|p1a: Swampert|54/100|[from] Stealth Rock
|-activate|p2a: Slowking|move: Sticky Web
|-unboost|p2a: Slowking|spe|1
|turn|16
|
|t:|1666721045
|move|p1a: Swampert|Earthquake|p2a: Slowking
|-damage|p2a: Slowking|41/100
|move|p2a: Slowking|Slack Off|p2a: Slowking
|-heal|p2a: Slowking|91/100
|
|-weather|none
|upkeep
|turn|17
|
|t:|1666721049
|move|p1a: Swampert|Earthquake|p2a: Slowking
|-damage|p2a: Slowking|34/100
|move|p2a: Slowking|Scald|p1a: Swampert
|-damage|p1a: Swampert|22/100
|-status|p1a: Swampert|brn
|
|-damage|p1a: Swampert|16/100 brn|[from] brn
|upkeep
|turn|18
|
|t:|1666721058
|switch|p1a: Diggersby|Diggersby, F|100/100
|-damage|p1a: Diggersby|94/100|[from] Stealth Rock
|move|p2a: Slowking|Slack Off|p2a: Slowking
|-heal|p2a: Slowking|84/100
|
|upkeep
|turn|19
|
|t:|1666721060
|move|p1a: Diggersby|Body Slam|p2a: Slowking
|-damage|p2a: Slowking|34/100
|move|p2a: Slowking|Slack Off|p2a: Slowking
|-heal|p2a: Slowking|84/100
|
|upkeep
|turn|20
|
|t:|1666721063
|move|p1a: Diggersby|Body Slam|p2a: Slowking
|-damage|p2a: Slowking|35/100
|move|p2a: Slowking|Scald|p1a: Diggersby
|-supereffective|p1a: Diggersby
|-damage|p1a: Diggersby|22/100
|
|upkeep
|turn|21
|
|t:|1666721066
|switch|p2a: Hippowdon|Hippowdon, M|85/100
|-activate|p2a: Hippowdon|move: Sticky Web
|-unboost|p2a: Hippowdon|spe|1
|-weather|Sandstorm|[from] ability: Sand Stream|[of] p2a: Hippowdon
|move|p1a: Diggersby|Body Slam|p2a: Hippowdon
|-damage|p2a: Hippowdon|45/100
|
|-weather|Sandstorm|[upkeep]
|-heal|p2a: Hippowdon|51/100|[from] item: Leftovers
|upkeep
|turn|22
|
|t:|1666721073
|move|p1a: Diggersby|Swords Dance|p1a: Diggersby
|-boost|p1a: Diggersby|atk|2
|move|p2a: Hippowdon|Slack Off|p2a: Hippowdon
|-heal|p2a: Hippowdon|100/100
|
|-weather|Sandstorm|[upkeep]
|upkeep
|turn|23
|
|t:|1666721075
|move|p1a: Diggersby|Body Slam|p2a: Hippowdon
|-damage|p2a: Hippowdon|22/100
|move|p2a: Hippowdon|Earthquake|p1a: Diggersby
|-damage|p1a: Diggersby|0 fnt
|faint|p1a: Diggersby
|
|-weather|Sandstorm|[upkeep]
|-heal|p2a: Hippowdon|28/100|[from] item: Leftovers
|upkeep
|
|t:|1666721080
|switch|p1a: Nidoking|Nidoking, M|100/100
|-damage|p1a: Nidoking|95/100|[from] Stealth Rock
|turn|24
|
|t:|1666721083
|move|p1a: Nidoking|Earth Power|p2a: Hippowdon
|-damage|p2a: Hippowdon|0 fnt
|faint|p2a: Hippowdon
|
|-weather|Sandstorm|[upkeep]
|upkeep
|
|t:|1666721084
|switch|p2a: Slowking|Slowking, M, shiny|68/100
|-activate|p2a: Slowking|move: Sticky Web
|-unboost|p2a: Slowking|spe|1
|turn|25
|
|t:|1666721086
|move|p1a: Nidoking|Thunderbolt|p2a: Slowking
|-supereffective|p2a: Slowking
|-damage|p2a: Slowking|3/100
|move|p2a: Slowking|Slack Off|p2a: Slowking
|-heal|p2a: Slowking|53/100
|
|-weather|none
|upkeep
|turn|26
|
|t:|1666721089
|move|p1a: Nidoking|Thunderbolt|p2a: Slowking
|-supereffective|p2a: Slowking
|-damage|p2a: Slowking|0 fnt
|faint|p2a: Slowking
|
|win|Giogiovannio
|raw|Giogiovannio's rating: 1572 &rarr; <strong>1598</strong><br />(+26 for winning)
|raw|The SD sweep's rating: 1689 &rarr; <strong>1663</strong><br />(-26 for losing)
|l|☆The SD sweep
||Ladder isn't responding, score probably updated but might not have (Request timeout).
