|j|☆Shades438
|j|☆Sacredbyrd13
|t:|1662351668
|gametype|singles
|player|p1|Shades438|brendan-gen3rs|1383
|player|p2|Sacredbyrd13|pokemonbreeder-gen4|1326
|teamsize|p1|6
|teamsize|p2|6
|gen|8
|tier|[Gen 8] UU
|rated|
|rule|Sleep Clause Mod: Limit one foe put to sleep
|rule|Species Clause: Limit one of each Pokémon
|rule|OHKO Clause: OHKO moves are banned
|rule|Evasion Items Clause: Evasion items are banned
|rule|Evasion Moves Clause: Evasion moves are banned
|rule|Endless Battle Clause: Forcing endless battles is banned
|rule|HP Percentage Mod: HP is shown in percentages
|rule|Dynamax Clause: You cannot dynamax
|clearpoke
|poke|p1|Politoed, F|
|poke|p1|Kingdra, M|
|poke|p1|Salamence, M|
|poke|p1|Amoonguss, M|
|poke|p1|Kabutops, F|
|poke|p1|Thundurus-Therian, M|
|poke|p2|Porygon2|
|poke|p2|Conkeldurr, F|
|poke|p2|Crawdaunt, F|
|poke|p2|Xatu, F|
|poke|p2|Diancie|
|poke|p2|Steelix, M|
|teampreview
|
|t:|1662351679
|start
|switch|p1a: Politoed|Politoed, F|100/100
|switch|p2a: Crawdaunt|Crawdaunt, F|100/100
|-weather|RainDance|[from] ability: Drizzle|[of] p1a: Politoed
|turn|1
|
|t:|1662351689
|switch|p1a: Salamence|Salamence, M|100/100
|-ability|p1a: Salamence|Intimidate|boost
|-unboost|p2a: Crawdaunt|atk|1
|move|p2a: Crawdaunt|Knock Off|p1a: Salamence
|-damage|p1a: Salamence|41/100
|-enditem|p1a: Salamence|Heavy-Duty Boots|[from] move: Knock Off|[of] p2a: Crawdaunt
|-damage|p2a: Crawdaunt|90/100|[from] item: Life Orb
|
|-weather|RainDance|[upkeep]
|upkeep
|turn|2
|
|t:|1662351701
|switch|p2a: Porygon2|Porygon2|100/100
|-ability|p2a: Porygon2|Intimidate|[from] ability: Trace|[of] p1a: Salamence
|-ability|p2a: Porygon2|Intimidate|boost
|-unboost|p1a: Salamence|atk|1
|move|p1a: Salamence|Roost|p1a: Salamence
|-heal|p1a: Salamence|91/100
|-singleturn|p1a: Salamence|move: Roost
|
|-weather|RainDance|[upkeep]
|upkeep
|turn|3
|
|t:|1662351730
|switch|p1a: Thundurus|Thundurus-Therian, M|100/100
|move|p2a: Porygon2|Trick Room|p2a: Porygon2
|-fieldstart|move: Trick Room|[of] p2a: Porygon2
|
|-weather|RainDance|[upkeep]
|upkeep
|turn|4
|
|t:|1662351737
|move|p1a: Thundurus|Weather Ball|p2a: Porygon2
|-damage|p2a: Porygon2|61/100
|move|p2a: Porygon2|Teleport|p2a: Porygon2
|
|t:|1662351747
|switch|p2a: Steelix|Steelix, M|100/100|[from]move: Teleport
|
|-weather|RainDance|[upkeep]
|upkeep
|turn|5
|
|t:|1662351757
|switch|p1a: Salamence|Salamence, M|91/100
|-ability|p1a: Salamence|Intimidate|boost
|-unboost|p2a: Steelix|atk|1
|move|p2a: Steelix|Stone Edge|p1a: Salamence
|-supereffective|p1a: Salamence
|-damage|p1a: Salamence|37/100
|-damage|p2a: Steelix|91/100|[from] item: Life Orb
|
|-weather|RainDance|[upkeep]
|upkeep
|turn|6
|
|t:|1662351767
|switch|p1a: Amoonguss|Amoonguss, M|100/100
|move|p2a: Steelix|Stone Edge|p1a: Amoonguss
|-damage|p1a: Amoonguss|81/100
|-enditem|p1a: Amoonguss|Eject Button
|-damage|p2a: Steelix|81/100|[from] item: Life Orb
|
|t:|1662351782
|switch|p1a: Kingdra|Kingdra, M|100/100
|
|-weather|RainDance|[upkeep]
|upkeep
|turn|7
|inactive|Battle timer is ON: inactive players will automatically lose when time's up. (requested by Shades438)
|
|t:|1662351794
|move|p2a: Steelix|Stone Edge|p1a: Kingdra
|-damage|p1a: Kingdra|69/100
|-damage|p2a: Steelix|71/100|[from] item: Life Orb
|move|p1a: Kingdra|Surf|p2a: Steelix
|-supereffective|p2a: Steelix
|-damage|p2a: Steelix|0 fnt
|faint|p2a: Steelix
|
|-weather|RainDance|[upkeep]
|-fieldend|move: Trick Room
|upkeep
|
|t:|1662351800
|switch|p2a: Porygon2|Porygon2|61/100
|-ability|p2a: Porygon2|Swift Swim|[from] ability: Trace|[of] p1a: Kingdra
|turn|8
|
|t:|1662351802
|move|p1a: Kingdra|Surf|p2a: Porygon2
|-damage|p2a: Porygon2|17/100
|move|p2a: Porygon2|Recover|p2a: Porygon2
|-heal|p2a: Porygon2|67/100
|
|-weather|none
|upkeep
|turn|9
|
|t:|1662351806
|switch|p1a: Politoed|Politoed, F|100/100
|-weather|RainDance|[from] ability: Drizzle|[of] p1a: Politoed
|move|p2a: Porygon2|Trick Room|p2a: Porygon2
|-fieldstart|move: Trick Room|[of] p2a: Porygon2
|
|-weather|RainDance|[upkeep]
|upkeep
|turn|10
|
|t:|1662351811
|move|p1a: Politoed|Toxic|p2a: Porygon2
|-status|p2a: Porygon2|tox
|move|p2a: Porygon2|Teleport|p2a: Porygon2
|
|t:|1662351815
|switch|p2a: Conkeldurr|Conkeldurr, F|100/100|[from]move: Teleport
|
|-weather|RainDance|[upkeep]
|-status|p2a: Conkeldurr|brn|[from] item: Flame Orb
|upkeep
|turn|11
|
|t:|1662351819
|switch|p1a: Salamence|Salamence, M|37/100
|-ability|p1a: Salamence|Intimidate|boost
|-unboost|p2a: Conkeldurr|atk|1
|move|p2a: Conkeldurr|Facade|p1a: Salamence
|-damage|p1a: Salamence|0 fnt
|faint|p1a: Salamence
|
|-weather|RainDance|[upkeep]
|-damage|p2a: Conkeldurr|94/100 brn|[from] brn
|upkeep
|
|t:|1662351835
|switch|p1a: Thundurus|Thundurus-Therian, M|100/100
|turn|12
|
|t:|1662351840
|move|p2a: Conkeldurr|Facade|p1a: Thundurus
|-damage|p1a: Thundurus|18/100
|move|p1a: Thundurus|Psychic|p2a: Conkeldurr
|-supereffective|p2a: Conkeldurr
|-damage|p2a: Conkeldurr|0 fnt
|faint|p2a: Conkeldurr
|
|-weather|RainDance|[upkeep]
|upkeep
|
|t:|1662351850
|switch|p2a: Diancie|Diancie|100/100
|turn|13
|
|t:|1662351868
|move|p2a: Diancie|Diamond Storm|p1a: Thundurus
|-supereffective|p1a: Thundurus
|-damage|p1a: Thundurus|0 fnt
|faint|p1a: Thundurus
|
|-weather|RainDance|[upkeep]
|-fieldend|move: Trick Room
|upkeep
|
|t:|1662351874
|switch|p1a: Kingdra|Kingdra, M|69/100
|turn|14
|
|t:|1662351885
|move|p1a: Kingdra|Surf|p2a: Diancie
|-supereffective|p2a: Diancie
|-damage|p2a: Diancie|0 fnt
|faint|p2a: Diancie
|
|-weather|RainDance|[upkeep]
|upkeep
|
|t:|1662351888
|switch|p2a: Porygon2|Porygon2|67/100 tox
|-ability|p2a: Porygon2|Swift Swim|[from] ability: Trace|[of] p1a: Kingdra
|turn|15
|
|t:|1662351890
|move|p1a: Kingdra|Surf|p2a: Porygon2
|-crit|p2a: Porygon2
|-damage|p2a: Porygon2|2/100 tox
|move|p2a: Porygon2|Trick Room|p2a: Porygon2
|-fieldstart|move: Trick Room|[of] p2a: Porygon2
|
|-weather|RainDance|[upkeep]
|-damage|p2a: Porygon2|0 fnt|[from] psn
|faint|p2a: Porygon2
|upkeep
|
|t:|1662351893
|switch|p2a: Crawdaunt|Crawdaunt, F|90/100
|turn|16
|
|t:|1662351919
|switch|p1a: Amoonguss|Amoonguss, M|100/100
|move|p2a: Crawdaunt|Knock Off|p1a: Amoonguss
|-crit|p1a: Amoonguss
|-damage|p1a: Amoonguss|29/100
|-damage|p2a: Crawdaunt|80/100|[from] item: Life Orb
|
|-weather|none
|upkeep
|turn|17
|
|t:|1662351931
|switch|p1a: Politoed|Politoed, F|100/100
|-weather|RainDance|[from] ability: Drizzle|[of] p1a: Politoed
|move|p2a: Crawdaunt|Knock Off|p1a: Politoed
|-damage|p1a: Politoed|31/100
|-enditem|p1a: Politoed|Damp Rock|[from] move: Knock Off|[of] p2a: Crawdaunt
|-damage|p2a: Crawdaunt|70/100|[from] item: Life Orb
|
|-weather|RainDance|[upkeep]
|upkeep
|turn|18
|
|t:|1662351940
|switch|p1a: Amoonguss|Amoonguss, M|62/100
|move|p2a: Crawdaunt|Liquidation|p1a: Amoonguss
|-resisted|p1a: Amoonguss
|-damage|p1a: Amoonguss|20/100
|-damage|p2a: Crawdaunt|60/100|[from] item: Life Orb
|
|-weather|RainDance|[upkeep]
|upkeep
|turn|19
|inactive|Shades438 has 120 seconds left.
|
|t:|1662351971
|switch|p1a: Kabutops|Kabutops, F|100/100
|switch|p2a: Xatu|Xatu, F|100/100
|
|-weather|RainDance|[upkeep]
|-fieldend|move: Trick Room
|upkeep
|turn|20
|
|t:|1662351978
|move|p1a: Kabutops|Stone Edge|p2a: Xatu|[miss]
|-miss|p1a: Kabutops|p2a: Xatu
|move|p2a: Xatu|Trick Room|p2a: Xatu
|-fieldstart|move: Trick Room|[of] p2a: Xatu
|
|-weather|RainDance|[upkeep]
|upkeep
|turn|21
|
|t:|1662351980
|move|p1a: Kabutops|Stone Edge|p2a: Xatu
|-supereffective|p2a: Xatu
|-damage|p2a: Xatu|0 fnt
|faint|p2a: Xatu
|-damage|p1a: Kabutops|91/100|[from] item: Life Orb
|
|-weather|RainDance|[upkeep]
|upkeep
|
|t:|1662351982
|switch|p2a: Crawdaunt|Crawdaunt, F|60/100
|turn|22
|
|t:|1662351988
|move|p1a: Kabutops|Aqua Jet|p2a: Crawdaunt
|-resisted|p2a: Crawdaunt
|-damage|p2a: Crawdaunt|34/100
|-damage|p1a: Kabutops|81/100|[from] item: Life Orb
|move|p2a: Crawdaunt|Knock Off|p1a: Kabutops
|-damage|p1a: Kabutops|0 fnt
|-enditem|p1a: Kabutops|Life Orb|[from] move: Knock Off|[of] p2a: Crawdaunt
|faint|p1a: Kabutops
|-damage|p2a: Crawdaunt|24/100|[from] item: Life Orb
|
|-weather|RainDance|[upkeep]
|upkeep
|
|t:|1662351991
|switch|p1a: Amoonguss|Amoonguss, M|53/100
|turn|23
|
|t:|1662351997
|switch|p1a: Politoed|Politoed, F|31/100
|move|p2a: Crawdaunt|Liquidation|p1a: Politoed
|-resisted|p1a: Politoed
|-crit|p1a: Politoed
|-damage|p1a: Politoed|0 fnt
|faint|p1a: Politoed
|-damage|p2a: Crawdaunt|14/100|[from] item: Life Orb
|
|-weather|RainDance|[upkeep]
|upkeep
|
|t:|1662352001
|switch|p1a: Amoonguss|Amoonguss, M|87/100
|turn|24
|-message|Sacredbyrd13 forfeited.
|
|win|Shades438
|raw|Shades438's rating: 1383 &rarr; <strong>1400</strong><br />(+17 for winning)
|raw|Sacredbyrd13's rating: 1326 &rarr; <strong>1309</strong><br />(-17 for losing)
|l|☆Sacredbyrd13
