|j|☆uult1 beebs
|j|☆uult1 shoot
|player|p1|uult1 beebs|dawn|1639
|player|p2|uult1 shoot|silver-gen2|1647
|teamsize|p1|6
|teamsize|p2|6
|gametype|singles
|gen|8
|tier|[Gen 8] UU
|rated|
|clearpoke
|poke|p1|Escavalier, M|
|poke|p1|Haxorus, M|
|poke|p1|Sylveon, M|
|poke|p1|Rotom-Wash|
|poke|p1|Rhyperior, F|
|poke|p1|Roserade, M|
|poke|p2|Polteageist|
|poke|p2|Pangoro, F|
|poke|p2|Froslass, F|
|poke|p2|Haxorus, M|
|poke|p2|Necrozma|
|poke|p2|Tsareena, F|
|rule|Sleep Clause Mod: Limit one foe put to sleep
|rule|Species Clause: Limit one of each Pokémon
|rule|OHKO Clause: OHKO moves are banned
|rule|Evasion Moves Clause: Evasion moves are banned
|rule|Endless Battle Clause: Forcing endless battles is banned
|rule|HP Percentage Mod: HP is shown in percentages
|rule|Dynamax Clause: You cannot dynamax
|teampreview
|c|☆uult1 beebs|hf
|c|☆uult1 shoot|u2
|
|start
|switch|p1a: run it|Escavalier, M|100/100
|switch|p2a: cheesy lady 1|Froslass, F, shiny|100/100
|turn|1
|
|move|p2a: cheesy lady 1|Spikes|p1a: run it
|-sidestart|p1: uult1 beebs|Spikes
|move|p1a: run it|Iron Head|p2a: cheesy lady 1
|-supereffective|p2a: cheesy lady 1
|-damage|p2a: cheesy lady 1|11/100
|-start|p1a: run it|Disable|Iron Head|[from] ability: Cursed Body|[of] p2a: cheesy lady 1
|
|upkeep
|turn|2
|
|switch|p1a: bill collector|Rotom-Wash|100/100
|move|p2a: cheesy lady 1|Destiny Bond|p2a: cheesy lady 1
|-singlemove|p2a: cheesy lady 1|Destiny Bond
|
|upkeep
|turn|3
|
|move|p2a: cheesy lady 1|Spikes|p1a: bill collector
|-sidestart|p1: uult1 beebs|Spikes
|move|p1a: bill collector|Volt Switch|p2a: cheesy lady 1
|-damage|p2a: cheesy lady 1|0 fnt
|faint|p2a: cheesy lady 1
|j| UULT1 SOLO DOLO
|
|switch|p1a: blueface|Sylveon, M|100/100|[from]move: Volt Switch
|-damage|p1a: blueface|84/100|[from] Spikes
|
|-heal|p1a: blueface|90/100|[from] item: Leftovers
|upkeep
|c| UULT1 SOLO DOLO|LGI BEBOOOOOOOOOOOOOOO
|j| lucqq
|c|☆uult1 beebs|yessuhhh
|
|switch|p2a: cheesy lady 2|Tsareena, F|100/100
|turn|4
|j| uult1bcwishkiller
|c| lucqq|lgi bebo c:
|
|move|p1a: blueface|Protect|p1a: blueface
|-singleturn|p1a: blueface|Protect
|move|p2a: cheesy lady 2|Knock Off|p1a: blueface
|-activate|p1a: blueface|move: Protect
|
|-heal|p1a: blueface|96/100|[from] item: Leftovers
|upkeep
|turn|5
|j|+Amane Misa
|c| uult1bcwishkiller|bro
|
|switch|p1a: bill collector|Rotom-Wash|100/100
|move|p2a: cheesy lady 2|Knock Off|p1a: bill collector
|-damage|p1a: bill collector|73/100
|-enditem|p1a: bill collector|Leftovers|[from] move: Knock Off|[of] p2a: cheesy lady 2
|
|upkeep
|turn|6
|c| uult1bcwishkiller|why is this not shiny
|
|move|p2a: cheesy lady 2|Power Whip|p1a: bill collector
|-supereffective|p1a: bill collector
|-damage|p1a: bill collector|0 fnt
|faint|p1a: bill collector
|
|upkeep
|c|☆uult1 beebs|fuck
|c| uult1bcwishkiller|blueface but its pink
|c|☆uult1 beebs|bois
|c| uult1bcwishkiller|,
|c|☆uult1 beebs|this aint looking good
|
|switch|p1a: pop smoke|Roserade, M|100/100
|-damage|p1a: pop smoke|84/100|[from] Spikes
|turn|7
|c| lucqq|highs n lows
|c| lucqq|we push
|inactive|Battle timer is ON: inactive players will automatically lose when time's up. (requested by uult1 beebs)
|c|☆uult1 shoot|bebo, do u know it means drunk in portuguese?
|c|☆uult1 beebs|yes i do
|c|☆uult1 beebs|it also means drink in spanish
|
|switch|p2a: black catcher|Necrozma|100/100
|move|p1a: pop smoke|Sludge Bomb|p2a: black catcher
|-crit|p2a: black catcher
|-damage|p2a: black catcher|46/100
|
|-heal|p1a: pop smoke|90/100|[from] item: Black Sludge
|upkeep
|turn|8
|c| UULT1 SOLO DOLO|bebado
|j| treeckomaman
|c| lucqq|puta
|c| treeckomaman|solo do u play today
|
|move|p1a: pop smoke|Leaf Storm|p2a: black catcher
|-damage|p2a: black catcher|0 fnt
|-unboost|p1a: pop smoke|spa|2
|faint|p2a: black catcher
|
|-heal|p1a: pop smoke|96/100|[from] item: Black Sludge
|upkeep
|c| UULT1 SOLO DOLO|i do
|c| UULT1 SOLO DOLO|8pm
|c| uult1bcwishkiller|when
|
|switch|p2a: cheesing u|Polteageist, shiny|100/100
|turn|9
|c| uult1bcwishkiller|fuck
|c| treeckomaman|oof
|c| uult1bcwishkiller|thats so long
|
|switch|p1a: run it|Escavalier, M|100/100
|-damage|p1a: run it|84/100|[from] Spikes
|move|p2a: cheesing u|Shell Smash|p2a: cheesing u
|-unboost|p2a: cheesing u|def|1
|-unboost|p2a: cheesing u|spd|1
|-boost|p2a: cheesing u|atk|2
|-boost|p2a: cheesing u|spa|2
|-boost|p2a: cheesing u|spe|2
|
|-heal|p1a: run it|90/100|[from] item: Leftovers
|upkeep
|turn|10
|
|move|p2a: cheesing u|Shadow Ball|p1a: run it
|-damage|p1a: run it|7/100
|-unboost|p1a: run it|spd|1
|move|p1a: run it|Knock Off|p2a: cheesing u
|-supereffective|p2a: cheesing u
|-crit|p2a: cheesing u
|-enditem|p2a: cheesing u|Focus Sash
|-damage|p2a: cheesing u|1/100
|-ability|p2a: cheesing u|Weak Armor|boost
|-unboost|p2a: cheesing u|def|1
|-boost|p2a: cheesing u|spe|2
|
|-heal|p1a: run it|13/100|[from] item: Leftovers
|upkeep
|turn|11
|
|move|p2a: cheesing u|Shadow Ball|p1a: run it
|-damage|p1a: run it|0 fnt
|faint|p1a: run it
|
|upkeep
|
|switch|p1a: dump it|Haxorus, M|100/100
|-damage|p1a: dump it|84/100|[from] Spikes
|-ability|p1a: dump it|Mold Breaker
|turn|12
|
|move|p2a: cheesing u|Protect|p2a: cheesing u
|-singleturn|p2a: cheesing u|Protect
|move|p1a: dump it|First Impression|p2a: cheesing u
|-activate|p2a: cheesing u|move: Protect
|
|upkeep
|turn|13
|c|☆uult1 beebs|gg
|c| uult1bcwishkiller|my god
|c|☆uult1 shoot|gg
|
|switch|p1a: hunnids|Rhyperior, F|100/100
|-damage|p1a: hunnids|84/100|[from] Spikes
|move|p2a: cheesing u|Stored Power|p1a: hunnids
|-damage|p1a: hunnids|0 fnt
|faint|p1a: hunnids
|
|upkeep
|c| UULT1 SOLO DOLO|he changed the set
|c| UULT1 SOLO DOLO|FUCK
|c| lucqq|oml
|c| uult1bcwishkiller|makes sense ig
|
|switch|p1a: pop smoke|Roserade, M|96/100
|-damage|p1a: pop smoke|80/100|[from] Spikes
|turn|14
|
|move|p2a: cheesing u|Stored Power|p1a: pop smoke
|-supereffective|p1a: pop smoke
|-damage|p1a: pop smoke|0 fnt
|faint|p1a: pop smoke
|
|upkeep
|c|☆uult1 beebs|fuck
|c|☆uult1 beebs|what a cteam
|
|switch|p1a: blueface|Sylveon, M|96/100
|-damage|p1a: blueface|80/100|[from] Spikes
|turn|15
|
|move|p2a: cheesing u|Stored Power|p1a: blueface
|-damage|p1a: blueface|0 fnt
|faint|p1a: blueface
|
|upkeep
|c| lucqq|drunkard
|-message|uult1 beebs forfeited.
|
|win|uult1 shoot
|l| lucqq
|l|☆uult1 beebs
|l| uult1bcwishkiller
|l| treeckomaman
|l|+Amane Misa
||Ladder (probably) updated, but score could not be retrieved (Response not received).
