|j|☆Verstraeten
|j|☆EliotEnRetar
|t:|1620471312
|gametype|singles
|player|p1|Verstraeten|scientist|1274
|player|p2|EliotEnRetar|falkner|1442
|teamsize|p1|6
|teamsize|p2|6
|gen|8
|tier|[Gen 8] UU
|rated|
|rule|Sleep Clause Mod: Limit one foe put to sleep
|rule|Species Clause: Limit one of each Pokémon
|rule|OHKO Clause: OHKO moves are banned
|rule|Evasion Moves Clause: Evasion moves are banned
|rule|Endless Battle Clause: Forcing endless battles is banned
|rule|HP Percentage Mod: HP is shown in percentages
|rule|Dynamax Clause: You cannot dynamax
|clearpoke
|poke|p1|Salamence, M|
|poke|p1|Xurkitree|
|poke|p1|Tsareena, F|
|poke|p1|Galvantula, F|
|poke|p1|Salazzle, F|
|poke|p1|Carracosta, M|
|poke|p2|Tyrantrum, M|
|poke|p2|Rotom-Mow|
|poke|p2|Talonflame, M|
|poke|p2|Krookodile, F|
|poke|p2|Ribombee, M|
|poke|p2|Scizor, M|
|teampreview
|c|☆Verstraeten|glhf!
|c|☆EliotEnRetar|u2
|inactive|Battle timer is ON: inactive players will automatically lose when time's up. (requested by Verstraeten)
|
|t:|1620471327
|start
|switch|p1a: Galvan-Eyes|Galvantula, F, shiny|100/100
|switch|p2a: Salut|Ribombee, M|100/100
|turn|1
|
|t:|1620471332
|move|p2a: Salut|Moonblast|p1a: Galvan-Eyes
|-damage|p1a: Galvan-Eyes|21/100
|move|p1a: Galvan-Eyes|Sticky Web|p2a: Salut
|-sidestart|p2: EliotEnRetar|move: Sticky Web
|
|upkeep
|turn|2
|
|t:|1620471341
|move|p2a: Salut|Moonblast|p1a: Galvan-Eyes
|-damage|p1a: Galvan-Eyes|0 fnt
|faint|p1a: Galvan-Eyes
|
|upkeep
|
|t:|1620471347
|switch|p1a: WhiteWomanSpotted|Salazzle, F, shiny|100/100
|-item|p1a: WhiteWomanSpotted|Air Balloon
|turn|3
|
|t:|1620471353
|move|p2a: Salut|Sticky Web|p1a: WhiteWomanSpotted
|-sidestart|p1: Verstraeten|move: Sticky Web
|move|p1a: WhiteWomanSpotted|Flamethrower|p2a: Salut
|-supereffective|p2a: Salut
|-enditem|p2a: Salut|Focus Sash
|-damage|p2a: Salut|1/100
|
|upkeep
|turn|4
|
|t:|1620471367
|move|p2a: Salut|Bug Buzz|p1a: WhiteWomanSpotted
|-resisted|p1a: WhiteWomanSpotted
|-damage|p1a: WhiteWomanSpotted|82/100
|-enditem|p1a: WhiteWomanSpotted|Air Balloon
|move|p1a: WhiteWomanSpotted|Nasty Plot|p1a: WhiteWomanSpotted
|-boost|p1a: WhiteWomanSpotted|spa|2
|
|upkeep
|turn|5
|
|t:|1620471376
|move|p2a: Salut|Moonblast|p1a: WhiteWomanSpotted
|-resisted|p1a: WhiteWomanSpotted
|-damage|p1a: WhiteWomanSpotted|64/100
|move|p1a: WhiteWomanSpotted|Flamethrower|p2a: Salut
|-supereffective|p2a: Salut
|-damage|p2a: Salut|0 fnt
|faint|p2a: Salut
|
|upkeep
|
|t:|1620471380
|switch|p2a: BizouJeManvol|Talonflame, M|100/100
|turn|6
|
|t:|1620471382
|move|p2a: BizouJeManvol|Brave Bird|p1a: WhiteWomanSpotted
|-damage|p1a: WhiteWomanSpotted|0 fnt
|faint|p1a: WhiteWomanSpotted
|-damage|p2a: BizouJeManvol|81/100|[from] Recoil
|
|upkeep
|
|t:|1620471390
|switch|p1a: Salamenace|Salamence, M|100/100
|turn|7
|
|t:|1620471396
|move|p2a: BizouJeManvol|Brave Bird|p1a: Salamenace
|-damage|p1a: Salamenace|34/100
|-damage|p2a: BizouJeManvol|56/100|[from] Recoil
|move|p1a: Salamenace|Dragon Dance|p1a: Salamenace
|-boost|p1a: Salamenace|atk|1
|-boost|p1a: Salamenace|spe|1
|
|-heal|p1a: Salamenace|40/100|[from] item: Leftovers
|upkeep
|turn|8
|
|t:|1620471400
|move|p1a: Salamenace|Fly||[still]
|-prepare|p1a: Salamenace|Fly
|move|p2a: BizouJeManvol|Brave Bird|p1a: Salamenace|[miss]
|-miss|p2a: BizouJeManvol|p1a: Salamenace
|
|-heal|p1a: Salamenace|46/100|[from] item: Leftovers
|upkeep
|turn|9
|
|t:|1620471404
|switch|p2a: LouisV|Krookodile, F|100/100
|-activate|p2a: LouisV|move: Sticky Web
|-unboost|p2a: LouisV|spe|1
|-ability|p2a: LouisV|Intimidate|boost
|-unboost|p1a: Salamenace|atk|1
|move|p1a: Salamenace|Fly|p2a: LouisV|[from]lockedmove
|-damage|p2a: LouisV|39/100
|
|-heal|p1a: Salamenace|52/100|[from] item: Leftovers
|upkeep
|turn|10
|
|t:|1620471411
|switch|p2a: Cauet|Scizor, M|100/100
|-activate|p2a: Cauet|move: Sticky Web
|-unboost|p2a: Cauet|spe|1
|move|p1a: Salamenace|Dragon Claw|p2a: Cauet
|-resisted|p2a: Cauet
|-damage|p2a: Cauet|76/100
|
|-heal|p1a: Salamenace|58/100|[from] item: Leftovers
|upkeep
|turn|11
|
|t:|1620471414
|move|p2a: Cauet|Bullet Punch|p1a: Salamenace
|-damage|p1a: Salamenace|18/100
|move|p1a: Salamenace|Fly||[still]
|-prepare|p1a: Salamenace|Fly
|
|-heal|p1a: Salamenace|24/100|[from] item: Leftovers
|upkeep
|turn|12
|
|t:|1620471420
|switch|p2a: LouisV|Krookodile, F|39/100
|-activate|p2a: LouisV|move: Sticky Web
|-unboost|p2a: LouisV|spe|1
|-ability|p2a: LouisV|Intimidate|boost
|-unboost|p1a: Salamenace|atk|1
|move|p1a: Salamenace|Fly|p2a: LouisV|[from]lockedmove
|-damage|p2a: LouisV|1/100
|
|-heal|p1a: Salamenace|30/100|[from] item: Leftovers
|upkeep
|turn|13
|
|t:|1620471426
|move|p1a: Salamenace|Dragon Claw|p2a: LouisV
|-damage|p2a: LouisV|0 fnt
|faint|p2a: LouisV
|-ability|p1a: Salamenace|Moxie|boost
|-boost|p1a: Salamenace|atk|1
|
|-heal|p1a: Salamenace|36/100|[from] item: Leftovers
|upkeep
|
|t:|1620471433
|switch|p2a: Rotom|Rotom-Mow|100/100
|turn|14
|
|t:|1620471437
|move|p1a: Salamenace|Fly||[still]
|-prepare|p1a: Salamenace|Fly
|move|p2a: Rotom|Will-O-Wisp|p1a: Salamenace|[miss]
|-miss|p2a: Rotom|p1a: Salamenace
|
|-heal|p1a: Salamenace|42/100|[from] item: Leftovers
|upkeep
|turn|15
|
|t:|1620471440
|move|p1a: Salamenace|Fly|p2a: Rotom|[from]lockedmove
|-damage|p2a: Rotom|37/100
|move|p2a: Rotom|Will-O-Wisp|p1a: Salamenace
|-status|p1a: Salamenace|brn
|
|-heal|p1a: Salamenace|49/100 brn|[from] item: Leftovers
|-heal|p2a: Rotom|43/100|[from] item: Leftovers
|-damage|p1a: Salamenace|42/100 brn|[from] brn
|upkeep
|turn|16
|
|t:|1620471447
|move|p1a: Salamenace|Fly||[still]
|-prepare|p1a: Salamenace|Fly
|move|p2a: Rotom|Volt Switch|p1a: Salamenace|[miss]
|-miss|p2a: Rotom|p1a: Salamenace
|
|-heal|p1a: Salamenace|49/100 brn|[from] item: Leftovers
|-heal|p2a: Rotom|49/100|[from] item: Leftovers
|-damage|p1a: Salamenace|42/100 brn|[from] brn
|upkeep
|turn|17
|
|t:|1620471450
|move|p1a: Salamenace|Fly|p2a: Rotom|[from]lockedmove
|-damage|p2a: Rotom|15/100
|move|p2a: Rotom|Volt Switch|p1a: Salamenace
|-damage|p1a: Salamenace|2/100 brn
|
|t:|1620471458
|switch|p2a: Cauet|Scizor, M|76/100|[from]move: Volt Switch
|-activate|p2a: Cauet|move: Sticky Web
|-unboost|p2a: Cauet|spe|1
|
|-heal|p1a: Salamenace|8/100 brn|[from] item: Leftovers
|-damage|p1a: Salamenace|2/100 brn|[from] brn
|upkeep
|turn|18
|
|t:|1620471461
|move|p1a: Salamenace|Fly||[still]
|-prepare|p1a: Salamenace|Fly
|move|p2a: Cauet|Swords Dance|p2a: Cauet
|-boost|p2a: Cauet|atk|2
|
|-heal|p1a: Salamenace|8/100 brn|[from] item: Leftovers
|-damage|p1a: Salamenace|2/100 brn|[from] brn
|upkeep
|turn|19
|
|t:|1620471464
|move|p2a: Cauet|Bullet Punch|p1a: Salamenace|[miss]
|-miss|p2a: Cauet|p1a: Salamenace
|move|p1a: Salamenace|Fly|p2a: Cauet|[from]lockedmove
|-damage|p2a: Cauet|51/100
|
|-heal|p1a: Salamenace|8/100 brn|[from] item: Leftovers
|-damage|p1a: Salamenace|2/100 brn|[from] brn
|upkeep
|turn|20
|
|t:|1620471466
|move|p2a: Cauet|Bullet Punch|p1a: Salamenace
|-damage|p1a: Salamenace|0 fnt
|faint|p1a: Salamenace
|
|upkeep
|
|t:|1620471476
|switch|p1a: Xmastree|Xurkitree, shiny|100/100
|-activate|p1a: Xmastree|move: Sticky Web
|-unboost|p1a: Xmastree|spe|1
|turn|21
|
|t:|1620471480
|move|p1a: Xmastree|Thunderbolt|p2a: Cauet
|-damage|p2a: Cauet|0 fnt
|faint|p2a: Cauet
|-ability|p1a: Xmastree|Beast Boost|boost
|-boost|p1a: Xmastree|spa|1
|
|upkeep
|
|t:|1620471490
|switch|p2a: Scregneugneu|Tyrantrum, M|100/100
|-activate|p2a: Scregneugneu|move: Sticky Web
|-unboost|p2a: Scregneugneu|spe|1
|turn|22
|
|t:|1620471492
|move|p1a: Xmastree|Dazzling Gleam|p2a: Scregneugneu
|-supereffective|p2a: Scregneugneu
|-damage|p2a: Scregneugneu|0 fnt
|faint|p2a: Scregneugneu
|-ability|p1a: Xmastree|Beast Boost|boost
|-boost|p1a: Xmastree|spa|1
|
|upkeep
|
|t:|1620471497
|switch|p2a: BizouJeManvol|Talonflame, M|56/100
|turn|23
|
|t:|1620471500
|move|p2a: BizouJeManvol|Flare Blitz|p1a: Xmastree
|-damage|p1a: Xmastree|32/100
|-damage|p2a: BizouJeManvol|33/100|[from] Recoil
|move|p1a: Xmastree|Thunderbolt|p2a: BizouJeManvol
|-supereffective|p2a: BizouJeManvol
|-damage|p2a: BizouJeManvol|0 fnt
|faint|p2a: BizouJeManvol
|-ability|p1a: Xmastree|Beast Boost|boost
|-boost|p1a: Xmastree|spa|1
|
|upkeep
|
|t:|1620471504
|switch|p2a: Rotom|Rotom-Mow|15/100
|turn|24
|c|☆EliotEnRetar|gg
|
|t:|1620471507
|move|p2a: Rotom|Leaf Storm|p1a: Xmastree
|-damage|p1a: Xmastree|0 fnt
|-unboost|p2a: Rotom|spa|2
|faint|p1a: Xmastree
|
|-heal|p2a: Rotom|22/100|[from] item: Leftovers
|upkeep
|c|☆Verstraeten|gg
|
|t:|1620471511
|switch|p1a: #Slay|Tsareena, F, shiny|100/100
|-activate|p1a: #Slay|move: Sticky Web
|-unboost|p1a: #Slay|spe|1
|turn|25
|
|t:|1620471518
|move|p2a: Rotom|Will-O-Wisp|p1a: #Slay
|-status|p1a: #Slay|brn
|move|p1a: #Slay|Triple Axel|p2a: Rotom
|-supereffective|p2a: Rotom
|-damage|p2a: Rotom|13/100
|-supereffective|p2a: Rotom
|-damage|p2a: Rotom|0 fnt
|-hitcount|p2a: Rotom|2
|faint|p2a: Rotom
|
|win|Verstraeten
|raw|Verstraeten's rating: 1274 &rarr; <strong>1310</strong><br />(+36 for winning)
|raw|EliotEnRetar's rating: 1442 &rarr; <strong>1413</strong><br />(-29 for losing)
