|j|☆The SD sweep
|j|☆DarkHorse344
|t:|1668093567
|gametype|singles
|player|p1|The SD sweep|red|1464
|player|p2|DarkHorse344|brendan-gen3rs|1561
|teamsize|p1|6
|teamsize|p2|6
|gen|8
|tier|[Gen 8] UU
|rated|
|rule|Sleep Clause Mod: Limit one foe put to sleep
|rule|Species Clause: Limit one of each Pokémon
|rule|OHKO Clause: OHKO moves are banned
|rule|Evasion Items Clause: Evasion items are banned
|rule|Evasion Moves Clause: Evasion moves are banned
|rule|Endless Battle Clause: Forcing endless battles is banned
|rule|HP Percentage Mod: HP is shown in percentages
|rule|Dynamax Clause: You cannot dynamax
|clearpoke
|poke|p1|Excadrill, M|
|poke|p1|Celesteela|
|poke|p1|Necrozma|
|poke|p1|Gyarados, M|
|poke|p1|Lycanroc-Dusk, M|
|poke|p1|Cloyster, M|
|poke|p2|Politoed, F|
|poke|p2|Kingdra, F|
|poke|p2|Salamence, M|
|poke|p2|Amoonguss, M|
|poke|p2|Kabutops, F|
|poke|p2|Tornadus, M|
|teampreview
|inactive|Battle timer is ON: inactive players will automatically lose when time's up. (requested by The SD sweep)
|
|t:|1668093576
|start
|switch|p1a: Excadrill|Excadrill, M|100/100
|switch|p2a: Politoed|Politoed, F|100/100
|-ability|p1a: Excadrill|Mold Breaker
|-weather|RainDance|[from] ability: Drizzle|[of] p2a: Politoed
|turn|1
|
|t:|1668093579
|move|p1a: Excadrill|Stealth Rock|p2a: Politoed
|-sidestart|p2: DarkHorse344|move: Stealth Rock
|move|p2a: Politoed|Scald|p1a: Excadrill
|-supereffective|p1a: Excadrill
|-enditem|p1a: Excadrill|Focus Sash
|-damage|p1a: Excadrill|1/100
|
|-weather|RainDance|[upkeep]
|upkeep
|turn|2
|
|t:|1668093586
|move|p1a: Excadrill|Earthquake|p2a: Politoed
|-damage|p2a: Politoed|61/100
|move|p2a: Politoed|Scald|p1a: Excadrill
|-supereffective|p1a: Excadrill
|-damage|p1a: Excadrill|0 fnt
|faint|p1a: Excadrill
|
|-weather|RainDance|[upkeep]
|upkeep
|
|t:|1668093590
|switch|p1a: Gyarados|Gyarados, M|100/100
|turn|3
|
|t:|1668093595
|move|p1a: Gyarados|Dragon Dance|p1a: Gyarados
|-boost|p1a: Gyarados|atk|1
|-boost|p1a: Gyarados|spe|1
|move|p2a: Politoed|Encore|p1a: Gyarados
|-start|p1a: Gyarados|Encore
|
|-weather|RainDance|[upkeep]
|upkeep
|turn|4
|
|t:|1668093615
|switch|p1a: Necrozma|Necrozma, shiny|100/100
|switch|p2a: Kingdra|Kingdra, F|100/100
|-damage|p2a: Kingdra|88/100|[from] Stealth Rock
|
|-weather|RainDance|[upkeep]
|upkeep
|turn|5
|
|t:|1668093621
|move|p2a: Kingdra|Surf|p1a: Necrozma
|-damage|p1a: Necrozma|0 fnt
|faint|p1a: Necrozma
|
|-weather|RainDance|[upkeep]
|upkeep
|
|t:|1668093625
|switch|p1a: Cloyster|Cloyster, M|100/100
|turn|6
|
|t:|1668093626
|move|p2a: Kingdra|Surf|p1a: Cloyster
|-resisted|p1a: Cloyster
|-enditem|p1a: Cloyster|Focus Sash
|-damage|p1a: Cloyster|1/100
|move|p1a: Cloyster|Shell Smash|p1a: Cloyster
|-unboost|p1a: Cloyster|def|1
|-unboost|p1a: Cloyster|spd|1
|-boost|p1a: Cloyster|atk|2
|-boost|p1a: Cloyster|spa|2
|-boost|p1a: Cloyster|spe|2
|
|-weather|RainDance|[upkeep]
|upkeep
|turn|7
|
|t:|1668093634
|move|p2a: Kingdra|Surf|p1a: Cloyster
|-resisted|p1a: Cloyster
|-damage|p1a: Cloyster|0 fnt
|faint|p1a: Cloyster
|
|-weather|RainDance|[upkeep]
|upkeep
|
|t:|1668093637
|switch|p1a: Gyarados|Gyarados, M|100/100
|turn|8
|
|t:|1668093640
|move|p2a: Kingdra|Surf|p1a: Gyarados
|-resisted|p1a: Gyarados
|-damage|p1a: Gyarados|49/100
|move|p1a: Gyarados|Power Whip|p2a: Kingdra
|-damage|p2a: Kingdra|36/100
|
|-weather|none
|-heal|p1a: Gyarados|55/100|[from] item: Leftovers
|upkeep
|turn|9
|
|t:|1668093648
|switch|p2a: Amoonguss|Amoonguss, M|100/100
|-damage|p2a: Amoonguss|88/100|[from] Stealth Rock
|move|p1a: Gyarados|Dragon Dance|p1a: Gyarados
|-boost|p1a: Gyarados|atk|1
|-boost|p1a: Gyarados|spe|1
|
|-heal|p1a: Gyarados|62/100|[from] item: Leftovers
|upkeep
|turn|10
|
|t:|1668093653
|move|p1a: Gyarados|Ice Fang|p2a: Amoonguss|[miss]
|-miss|p1a: Gyarados|p2a: Amoonguss
|move|p2a: Amoonguss|Foul Play|p1a: Gyarados
|-damage|p1a: Gyarados|1/100
|
|-heal|p1a: Gyarados|7/100|[from] item: Leftovers
|upkeep
|turn|11
|
|t:|1668093664
|move|p1a: Gyarados|Ice Fang|p2a: Amoonguss
|-supereffective|p2a: Amoonguss
|-damage|p2a: Amoonguss|40/100
|-enditem|p2a: Amoonguss|Eject Button
|
|t:|1668093670
|switch|p2a: Kabutops|Kabutops, F|100/100
|-damage|p2a: Kabutops|88/100|[from] Stealth Rock
|
|-heal|p1a: Gyarados|13/100|[from] item: Leftovers
|upkeep
|turn|12
|
|t:|1668093673
|switch|p1a: Celesteela|Celesteela, shiny|100/100
|move|p2a: Kabutops|Aqua Jet|p1a: Celesteela
|-crit|p1a: Celesteela
|-damage|p1a: Celesteela|58/100
|-damage|p2a: Kabutops|78/100|[from] item: Life Orb
|
|upkeep
|turn|13
|
|t:|1668093677
|switch|p2a: Politoed|Politoed, F|61/100
|-damage|p2a: Politoed|49/100|[from] Stealth Rock
|-weather|RainDance|[from] ability: Drizzle|[of] p2a: Politoed
|move|p1a: Celesteela|Meteor Beam||[still]
|-prepare|p1a: Celesteela|Meteor Beam
|-boost|p1a: Celesteela|spa|1
|-enditem|p1a: Celesteela|Power Herb
|-anim|p1a: Celesteela|Meteor Beam|p2a: Politoed
|-damage|p2a: Politoed|0 fnt
|faint|p2a: Politoed
|-ability|p1a: Celesteela|Beast Boost|boost
|-boost|p1a: Celesteela|spa|1
|
|-weather|RainDance|[upkeep]
|upkeep
|
|t:|1668093691
|switch|p2a: Kingdra|Kingdra, F|36/100
|-damage|p2a: Kingdra|24/100|[from] Stealth Rock
|turn|14
|
|t:|1668093694
|move|p2a: Kingdra|Surf|p1a: Celesteela
|-damage|p1a: Celesteela|0 fnt
|faint|p1a: Celesteela
|
|-weather|RainDance|[upkeep]
|upkeep
|
|t:|1668093696
|switch|p1a: Lycanroc|Lycanroc-Dusk, M, shiny|100/100
|turn|15
|
|t:|1668093702
|move|p1a: Lycanroc|Accelerock|p2a: Kingdra
|-damage|p2a: Kingdra|0 fnt
|faint|p2a: Kingdra
|-damage|p1a: Lycanroc|91/100|[from] item: Life Orb
|
|-weather|RainDance|[upkeep]
|upkeep
|
|t:|1668093708
|switch|p2a: Kabutops|Kabutops, F|78/100
|-damage|p2a: Kabutops|66/100|[from] Stealth Rock
|turn|16
|
|t:|1668093714
|move|p2a: Kabutops|Aqua Jet|p1a: Lycanroc
|-supereffective|p1a: Lycanroc
|-damage|p1a: Lycanroc|0 fnt
|faint|p1a: Lycanroc
|-damage|p2a: Kabutops|56/100|[from] item: Life Orb
|
|-weather|RainDance|[upkeep]
|upkeep
|
|t:|1668093716
|switch|p1a: Gyarados|Gyarados, M|13/100
|turn|17
|
|t:|1668093718
|move|p2a: Kabutops|Aqua Jet|p1a: Gyarados
|-resisted|p1a: Gyarados
|-damage|p1a: Gyarados|0 fnt
|faint|p1a: Gyarados
|-damage|p2a: Kabutops|46/100|[from] item: Life Orb
|
|win|DarkHorse344
|raw|The SD sweep's rating: 1464 &rarr; <strong>1449</strong><br />(-15 for losing)
|raw|DarkHorse344's rating: 1561 &rarr; <strong>1576</strong><br />(+15 for winning)
|l|☆The SD sweep
