|j|☆TheBNL
|j|☆PlasticPinnochio
|t:|1627571600
|gametype|singles
|player|p1|TheBNL|102|1511
|player|p2|PlasticPinnochio|policeman|1357
|teamsize|p1|6
|teamsize|p2|6
|gen|8
|tier|[Gen 8] UU
|rated|
|rule|Sleep Clause Mod: Limit one foe put to sleep
|rule|Species Clause: Limit one of each Pokémon
|rule|OHKO Clause: OHKO moves are banned
|rule|Evasion Moves Clause: Evasion moves are banned
|rule|Endless Battle Clause: Forcing endless battles is banned
|rule|HP Percentage Mod: HP is shown in percentages
|rule|Dynamax Clause: You cannot dynamax
|clearpoke
|poke|p1|Keldeo-Resolute|
|poke|p1|Togekiss, F|
|poke|p1|Rhyperior, M|
|poke|p1|Tangrowth, M|
|poke|p1|Jirachi|
|poke|p1|Salamence, M|
|poke|p2|Raikou|
|poke|p2|Amoonguss, M|
|poke|p2|Zarude-Dada|
|poke|p2|Togekiss, M|
|poke|p2|Buzzwole|
|poke|p2|Nidoking, M|
|teampreview
|inactive|Battle timer is ON: inactive players will automatically lose when time's up. (requested by PlasticPinnochio)
|inactive|TheBNL has 120 seconds left.
|
|t:|1627571638
|start
|switch|p1a: Salamence|Salamence, M|100/100
|switch|p2a: Raikou|Raikou|100/100
|-ability|p2a: Raikou|Pressure
|-ability|p1a: Salamence|Intimidate|boost
|-unboost|p2a: Raikou|atk|1
|turn|1
|
|t:|1627571653
|switch|p1a: Rhyperior|Rhyperior, M|100/100
|move|p2a: Raikou|Protect||[still]
|-fail|p2a: Raikou
|
|upkeep
|turn|2
|
|t:|1627571658
|move|p2a: Raikou|Scald|p1a: Rhyperior
|-supereffective|p1a: Rhyperior
|-damage|p1a: Rhyperior|45/100
|move|p1a: Rhyperior|Stealth Rock|p2a: Raikou
|-sidestart|p2: PlasticPinnochio|move: Stealth Rock
|
|-heal|p1a: Rhyperior|51/100|[from] item: Leftovers
|upkeep
|turn|3
|
|t:|1627571664
|switch|p1a: Tangrowth|Tangrowth, M|100/100
|move|p2a: Raikou|Scald|p1a: Tangrowth
|-resisted|p1a: Tangrowth
|-damage|p1a: Tangrowth|93/100
|
|upkeep
|turn|4
|
|t:|1627571668
|move|p2a: Raikou|Toxic|p1a: Tangrowth
|-status|p1a: Tangrowth|tox
|move|p1a: Tangrowth|Knock Off|p2a: Raikou
|-damage|p2a: Raikou|70/100
|-enditem|p2a: Raikou|Leftovers|[from] move: Knock Off|[of] p1a: Tangrowth
|
|-damage|p1a: Tangrowth|87/100 tox|[from] psn
|upkeep
|turn|5
|
|t:|1627571684
|move|p2a: Raikou|Protect|p2a: Raikou
|-singleturn|p2a: Raikou|Protect
|move|p1a: Tangrowth|Giga Drain|p2a: Raikou
|-activate|p2a: Raikou|move: Protect
|
|-damage|p1a: Tangrowth|74/100 tox|[from] psn
|upkeep
|turn|6
|
|t:|1627571691
|move|p2a: Raikou|Volt Switch|p1a: Tangrowth
|-resisted|p1a: Tangrowth
|-damage|p1a: Tangrowth|64/100 tox
|
|t:|1627571694
|switch|p2a: Amoonguss|Amoonguss, M|100/100|[from]move: Volt Switch
|-damage|p2a: Amoonguss|88/100|[from] Stealth Rock
|move|p1a: Tangrowth|Earthquake|p2a: Amoonguss
|-damage|p2a: Amoonguss|70/100
|
|-damage|p1a: Tangrowth|46/100 tox|[from] psn
|upkeep
|turn|7
|
|t:|1627571707
|switch|p1a: Togekiss|Togekiss, F|100/100
|move|p2a: Amoonguss|Spore|p1a: Togekiss
|-status|p1a: Togekiss|slp|[from] move: Spore
|
|upkeep
|turn|8
|
|t:|1627571714
|switch|p1a: Salamence|Salamence, M|100/100
|-ability|p1a: Salamence|Intimidate|boost
|-unboost|p2a: Amoonguss|atk|1
|switch|p2a: Nidoking|Nidoking, M|100/100
|-damage|p2a: Nidoking|95/100|[from] Stealth Rock
|
|upkeep
|turn|9
|
|t:|1627571721
|switch|p2a: Togekiss|Togekiss, M|100/100
|move|p1a: Salamence|Dual Wingbeat|p2a: Togekiss
|-damage|p2a: Togekiss|84/100
|-damage|p2a: Togekiss|67/100
|-hitcount|p2a: Togekiss|2
|
|upkeep
|turn|10
|
|t:|1627571728
|switch|p1a: Jirachi|Jirachi|100/100
|move|p2a: Togekiss|Defog|p1a: Jirachi
|-unboost|p1a: Jirachi|evasion|1
|-sideend|p2: PlasticPinnochio|Stealth Rock|[from] move: Defog|[of] p2a: Togekiss
|
|upkeep
|turn|11
|
|t:|1627571733
|switch|p2a: Amoonguss|Amoonguss, M|100/100
|move|p1a: Jirachi|U-turn|p2a: Amoonguss
|-damage|p2a: Amoonguss|87/100
|-damage|p1a: Jirachi|84/100|[from] item: Rocky Helmet|[of] p2a: Amoonguss
|
|t:|1627571758
|switch|p1a: Salamence|Salamence, M|100/100|[from]move: U-turn
|-ability|p1a: Salamence|Intimidate|boost
|-unboost|p2a: Amoonguss|atk|1
|
|upkeep
|turn|12
|
|t:|1627571766
|switch|p1a: Jirachi|Jirachi|84/100
|switch|p2a: Togekiss|Togekiss, M|67/100
|
|upkeep
|turn|13
|
|t:|1627571776
|switch|p2a: Amoonguss|Amoonguss, M|100/100
|move|p1a: Jirachi|Iron Head|p2a: Amoonguss
|-damage|p2a: Amoonguss|73/100
|-damage|p1a: Jirachi|68/100|[from] item: Rocky Helmet|[of] p2a: Amoonguss
|
|upkeep
|turn|14
|
|t:|1627571783
|switch|p1a: Salamence|Salamence, M|100/100
|-ability|p1a: Salamence|Intimidate|boost
|-unboost|p2a: Amoonguss|atk|1
|move|p2a: Amoonguss|Seed Bomb|p1a: Salamence
|-resisted|p1a: Salamence
|-damage|p1a: Salamence|97/100
|
|upkeep
|turn|15
|
|t:|1627571803
|switch|p1a: Jirachi|Jirachi|68/100
|switch|p2a: Togekiss|Togekiss, M|67/100
|
|upkeep
|turn|16
|
|t:|1627571812
|move|p1a: Jirachi|Trick|p2a: Togekiss
|-activate|p1a: Jirachi|move: Trick|[of] p2a: Togekiss
|-item|p2a: Togekiss|Choice Scarf|[from] move: Trick
|-item|p1a: Jirachi|Heavy-Duty Boots|[from] move: Trick
|move|p2a: Togekiss|Thunder Wave|p1a: Jirachi
|-status|p1a: Jirachi|par
|
|upkeep
|turn|17
|
|t:|1627571824
|switch|p2a: Amoonguss|Amoonguss, M|100/100
|move|p1a: Jirachi|Iron Head|p2a: Amoonguss
|-damage|p2a: Amoonguss|77/100
|-damage|p1a: Jirachi|51/100 par|[from] item: Rocky Helmet|[of] p2a: Amoonguss
|
|upkeep
|turn|18
|
|t:|1627571832
|switch|p1a: Rhyperior|Rhyperior, M|51/100
|move|p2a: Amoonguss|Sludge Bomb|p1a: Rhyperior
|-resisted|p1a: Rhyperior
|-damage|p1a: Rhyperior|45/100
|
|-heal|p1a: Rhyperior|52/100|[from] item: Leftovers
|upkeep
|turn|19
|
|t:|1627571838
|move|p1a: Rhyperior|Stealth Rock|p2a: Amoonguss
|-sidestart|p2: PlasticPinnochio|move: Stealth Rock
|move|p2a: Amoonguss|Seed Bomb|p1a: Rhyperior
|-supereffective|p1a: Rhyperior
|-damage|p1a: Rhyperior|8/100
|
|-heal|p1a: Rhyperior|14/100|[from] item: Leftovers
|upkeep
|turn|20
|
|t:|1627571844
|switch|p2a: Buzzwole|Buzzwole|100/100
|-damage|p2a: Buzzwole|88/100|[from] Stealth Rock
|move|p1a: Rhyperior|Earthquake|p2a: Buzzwole
|-resisted|p2a: Buzzwole
|-damage|p2a: Buzzwole|75/100
|
|-heal|p2a: Buzzwole|81/100|[from] item: Leftovers
|-heal|p1a: Rhyperior|21/100|[from] item: Leftovers
|upkeep
|turn|21
|
|t:|1627571858
|switch|p2a: Raikou|Raikou|70/100
|-damage|p2a: Raikou|57/100|[from] Stealth Rock
|-ability|p2a: Raikou|Pressure
|move|p1a: Rhyperior|Stone Edge|p2a: Raikou
|-damage|p2a: Raikou|0 fnt
|faint|p2a: Raikou
|
|-heal|p1a: Rhyperior|27/100|[from] item: Leftovers
|upkeep
|
|t:|1627571865
|switch|p2a: Zarude|Zarude-Dada|100/100
|turn|22
|
|t:|1627571869
|switch|p1a: Togekiss|Togekiss, F|100/100 slp
|move|p2a: Zarude|Darkest Lariat|p1a: Togekiss
|-resisted|p1a: Togekiss
|-damage|p1a: Togekiss|81/100 slp
|
|upkeep
|turn|23
|
|t:|1627571877
|switch|p1a: Keldeo|Keldeo-Resolute|100/100
|move|p2a: Zarude|U-turn|p1a: Keldeo
|-resisted|p1a: Keldeo
|-damage|p1a: Keldeo|88/100
|
|t:|1627571881
|switch|p2a: Togekiss|Togekiss, M|67/100|[from]move: U-turn
|-damage|p2a: Togekiss|42/100|[from] Stealth Rock
|
|upkeep
|turn|24
|
|t:|1627571886
|move|p1a: Keldeo|Surf|p2a: Togekiss
|-damage|p2a: Togekiss|0 fnt
|faint|p2a: Togekiss
|
|upkeep
|
|t:|1627571889
|switch|p2a: Zarude|Zarude-Dada|100/100
|turn|25
|
|t:|1627571892
|switch|p1a: Togekiss|Togekiss, F|81/100 slp
|move|p2a: Zarude|U-turn|p1a: Togekiss
|-resisted|p1a: Togekiss
|-damage|p1a: Togekiss|76/100 slp
|
|t:|1627571894
|switch|p2a: Nidoking|Nidoking, M|95/100|[from]move: U-turn
|-damage|p2a: Nidoking|89/100|[from] Stealth Rock
|
|upkeep
|turn|26
|
|t:|1627571907
|move|p2a: Nidoking|Sludge Wave|p1a: Togekiss
|-supereffective|p1a: Togekiss
|-damage|p1a: Togekiss|0 fnt
|faint|p1a: Togekiss
|
|upkeep
|
|t:|1627571910
|switch|p1a: Keldeo|Keldeo-Resolute|88/100
|turn|27
|
|t:|1627571914
|switch|p2a: Amoonguss|Amoonguss, M|100/100
|-damage|p2a: Amoonguss|88/100|[from] Stealth Rock
|move|p1a: Keldeo|Surf|p2a: Amoonguss
|-resisted|p2a: Amoonguss
|-damage|p2a: Amoonguss|57/100
|
|upkeep
|turn|28
|
|t:|1627571921
|switch|p1a: Salamence|Salamence, M|97/100
|-ability|p1a: Salamence|Intimidate|boost
|-unboost|p2a: Amoonguss|atk|1
|move|p2a: Amoonguss|Spore|p1a: Salamence
|-status|p1a: Salamence|slp|[from] move: Spore
|
|upkeep
|turn|29
|
|t:|1627571931
|switch|p1a: Keldeo|Keldeo-Resolute|88/100
|switch|p2a: Buzzwole|Buzzwole|81/100
|-damage|p2a: Buzzwole|69/100|[from] Stealth Rock
|
|-heal|p2a: Buzzwole|75/100|[from] item: Leftovers
|upkeep
|turn|30
|
|t:|1627571941
|move|p1a: Keldeo|Air Slash|p2a: Buzzwole
|-supereffective|p2a: Buzzwole
|-damage|p2a: Buzzwole|0 fnt
|faint|p2a: Buzzwole
|
|upkeep
|
|t:|1627571944
|switch|p2a: Nidoking|Nidoking, M|89/100
|-damage|p2a: Nidoking|83/100|[from] Stealth Rock
|turn|31
|
|t:|1627571948
|switch|p1a: Rhyperior|Rhyperior, M|27/100
|move|p2a: Nidoking|Sludge Wave|p1a: Rhyperior
|-resisted|p1a: Rhyperior
|-damage|p1a: Rhyperior|13/100
|
|-heal|p1a: Rhyperior|19/100|[from] item: Leftovers
|upkeep
|turn|32
|
|t:|1627571953
|move|p2a: Nidoking|Earth Power|p1a: Rhyperior
|-supereffective|p1a: Rhyperior
|-damage|p1a: Rhyperior|0 fnt
|faint|p1a: Rhyperior
|
|upkeep
|
|t:|1627571956
|switch|p1a: Keldeo|Keldeo-Resolute|88/100
|turn|33
|
|t:|1627571963
|switch|p2a: Amoonguss|Amoonguss, M|90/100
|-damage|p2a: Amoonguss|78/100|[from] Stealth Rock
|move|p1a: Keldeo|Surf|p2a: Amoonguss
|-resisted|p2a: Amoonguss
|-damage|p2a: Amoonguss|46/100
|
|upkeep
|turn|34
|
|t:|1627571969
|switch|p1a: Salamence|Salamence, M|97/100 slp
|-ability|p1a: Salamence|Intimidate|boost
|-unboost|p2a: Amoonguss|atk|1
|switch|p2a: Zarude|Zarude-Dada|100/100
|
|upkeep
|turn|35
|
|t:|1627571979
|move|p2a: Zarude|Darkest Lariat|p1a: Salamence
|-damage|p1a: Salamence|52/100 slp
|cant|p1a: Salamence|slp
|
|upkeep
|turn|36
|
|t:|1627571984
|switch|p1a: Tangrowth|Tangrowth, M|79/100 tox
|move|p2a: Zarude|Darkest Lariat|p1a: Tangrowth
|-damage|p1a: Tangrowth|47/100 tox
|
|-damage|p1a: Tangrowth|41/100 tox|[from] psn
|upkeep
|turn|37
|
|t:|1627571991
|move|p2a: Zarude|U-turn|p1a: Tangrowth
|-supereffective|p1a: Tangrowth
|-damage|p1a: Tangrowth|11/100 tox
|
|t:|1627571993
|switch|p2a: Amoonguss|Amoonguss, M|79/100|[from]move: U-turn
|-damage|p2a: Amoonguss|66/100|[from] Stealth Rock
|move|p1a: Tangrowth|Knock Off|p2a: Amoonguss
|-damage|p2a: Amoonguss|49/100
|-damage|p1a: Tangrowth|0 fnt|[from] item: Rocky Helmet|[of] p2a: Amoonguss
|faint|p1a: Tangrowth
|
|upkeep
|
|t:|1627572001
|switch|p1a: Keldeo|Keldeo-Resolute|88/100
|turn|38
|
|t:|1627572004
|move|p1a: Keldeo|Air Slash|p2a: Amoonguss
|-supereffective|p2a: Amoonguss
|-damage|p2a: Amoonguss|0 fnt
|faint|p2a: Amoonguss
|
|upkeep
|
|t:|1627572006
|switch|p2a: Nidoking|Nidoking, M|83/100
|-damage|p2a: Nidoking|77/100|[from] Stealth Rock
|turn|39
|
|t:|1627572015
|switch|p1a: Jirachi|Jirachi|51/100 par
|move|p2a: Nidoking|Thunderbolt|p1a: Jirachi
|-damage|p1a: Jirachi|13/100 par
|
|upkeep
|turn|40
|
|t:|1627572020
|move|p2a: Nidoking|Thunderbolt|p1a: Jirachi
|-damage|p1a: Jirachi|0 fnt
|faint|p1a: Jirachi
|
|upkeep
|
|t:|1627572023
|switch|p1a: Keldeo|Keldeo-Resolute|88/100
|turn|41
|
|t:|1627572035
|move|p1a: Keldeo|Secret Sword|p2a: Nidoking
|-resisted|p2a: Nidoking
|-damage|p2a: Nidoking|33/100
|move|p2a: Nidoking|Thunderbolt|p1a: Keldeo
|-supereffective|p1a: Keldeo
|-damage|p1a: Keldeo|0 fnt
|faint|p1a: Keldeo
|
|upkeep
|
|t:|1627572041
|switch|p1a: Salamence|Salamence, M|52/100 slp
|-ability|p1a: Salamence|Intimidate|boost
|-unboost|p2a: Nidoking|atk|1
|turn|42
|
|t:|1627572043
|cant|p1a: Salamence|slp
|move|p2a: Nidoking|Sludge Wave|p1a: Salamence
|-damage|p1a: Salamence|0 fnt
|faint|p1a: Salamence
|
|win|PlasticPinnochio
|raw|TheBNL's rating: 1511 &rarr; <strong>1483</strong><br />(-28 for losing)
|raw|PlasticPinnochio's rating: 1357 &rarr; <strong>1385</strong><br />(+28 for winning)
|c|☆PlasticPinnochio|gg
|l|☆TheBNL
||Ladder isn't responding, score probably updated but might not have (Request timeout).
