|html|<div class="broadcast-blue"><strong>[Gen 8] UU is currently suspecting Thundurus! For information on how to participate check out the <a href="https://www.smogon.com/forums/threads/np-ss-uu-stage-9-1-king-of-the-clouds.3689570/">suspect thread</a>.</strong></div>
|j|☆Fairlumbo
|j|☆FungalSpore
|t:|1629857258
|gametype|singles
|player|p1|Fairlumbo|pokemonranger|1443
|player|p2|FungalSpore|hugh|1451
|teamsize|p1|6
|teamsize|p2|6
|gen|8
|tier|[Gen 8] UU
|rated|
|rule|Sleep Clause Mod: Limit one foe put to sleep
|rule|Species Clause: Limit one of each Pokémon
|rule|OHKO Clause: OHKO moves are banned
|rule|Evasion Moves Clause: Evasion moves are banned
|rule|Endless Battle Clause: Forcing endless battles is banned
|rule|HP Percentage Mod: HP is shown in percentages
|rule|Dynamax Clause: You cannot dynamax
|clearpoke
|poke|p1|Celebi|
|poke|p1|Diancie|
|poke|p1|Umbreon, M|
|poke|p1|Thundurus, M|
|poke|p1|Tentacruel, F|
|poke|p1|Krookodile, M|
|poke|p2|Sylveon, M|
|poke|p2|Regieleki|
|poke|p2|Gyarados, F|
|poke|p2|Zarude|
|poke|p2|Moltres-Galar|
|poke|p2|Seismitoad, F|
|teampreview
|inactive|Battle timer is ON: inactive players will automatically lose when time's up. (requested by FungalSpore)
|
|t:|1629857270
|start
|switch|p1a: Thundurus|Thundurus, M|100/100
|switch|p2a: Zarude|Zarude|100/100
|turn|1
|inactive|FungalSpore has 120 seconds left.
|j| wedgie dealer
|inactive|FungalSpore has 90 seconds left.
|
|t:|1629857333
|move|p2a: Zarude|Darkest Lariat|p1a: Thundurus
|-damage|p1a: Thundurus|38/100
|move|p1a: Thundurus|Knock Off|p2a: Zarude
|-resisted|p2a: Zarude
|-damage|p2a: Zarude|89/100
|-enditem|p2a: Zarude|Choice Scarf|[from] move: Knock Off|[of] p1a: Thundurus
|
|upkeep
|turn|2
|
|t:|1629857340
|move|p1a: Thundurus|U-turn|p2a: Zarude
|-supereffective|p2a: Zarude
|-damage|p2a: Zarude|24/100
|
|t:|1629857346
|switch|p1a: Umbreon|Umbreon, M|100/100|[from]move: U-turn
|move|p2a: Zarude|U-turn|p1a: Umbreon
|-supereffective|p1a: Umbreon
|-damage|p1a: Umbreon|71/100
|
|t:|1629857353
|switch|p2a: Moltres|Moltres-Galar|100/100|[from]move: U-turn
|
|-heal|p1a: Umbreon|77/100|[from] item: Leftovers
|upkeep
|turn|3
|
|t:|1629857358
|move|p2a: Moltres|Air Slash|p1a: Umbreon
|-damage|p1a: Umbreon|54/100
|move|p1a: Umbreon|Toxic|p2a: Moltres
|-status|p2a: Moltres|tox
|
|-heal|p1a: Umbreon|60/100|[from] item: Leftovers
|-damage|p2a: Moltres|94/100 tox|[from] psn
|upkeep
|turn|4
|
|t:|1629857365
|move|p2a: Moltres|Air Slash|p1a: Umbreon
|-damage|p1a: Umbreon|39/100
|move|p1a: Umbreon|Wish|p1a: Umbreon
|
|-heal|p1a: Umbreon|45/100|[from] item: Leftovers
|-damage|p2a: Moltres|82/100 tox|[from] psn
|upkeep
|turn|5
|inactive|FungalSpore has 120 seconds left.
|
|t:|1629857371
|switch|p1a: Thundurus|Thundurus, M|38/100
|move|p2a: Moltres|Fiery Wrath|p1a: Thundurus
|-crit|p1a: Thundurus
|-damage|p1a: Thundurus|0 fnt
|faint|p1a: Thundurus
|
|-damage|p2a: Moltres|63/100 tox|[from] psn
|upkeep
|
|t:|1629857377
|switch|p1a: Diancie|Diancie|100/100
|turn|6
|
|t:|1629857381
|switch|p2a: Seismitoad|Seismitoad, F|100/100
|move|p1a: Diancie|Stealth Rock|p2a: Seismitoad
|-sidestart|p2: FungalSpore|move: Stealth Rock
|
|upkeep
|turn|7
|
|t:|1629857387
|switch|p1a: Umbreon|Umbreon, M|45/100
|move|p2a: Seismitoad|Toxic|p1a: Umbreon|[miss]
|-miss|p2a: Seismitoad|p1a: Umbreon
|
|-heal|p1a: Umbreon|52/100|[from] item: Leftovers
|upkeep
|turn|8
|
|t:|1629857394
|move|p2a: Seismitoad|Stealth Rock|p1a: Umbreon
|-sidestart|p1: Fairlumbo|move: Stealth Rock
|move|p1a: Umbreon|Wish|p1a: Umbreon
|
|-heal|p1a: Umbreon|58/100|[from] item: Leftovers
|upkeep
|turn|9
|
|t:|1629857399
|switch|p2a: Regieleki|Regieleki|100/100
|move|p1a: Umbreon|Toxic|p2a: Regieleki
|-status|p2a: Regieleki|tox
|
|-heal|p1a: Umbreon|100/100|[from] move: Wish|[wisher] Umbreon
|-damage|p2a: Regieleki|95/100 tox|[from] psn
|upkeep
|turn|10
|
|t:|1629857407
|move|p2a: Regieleki|Rapid Spin|p1a: Umbreon
|-damage|p1a: Umbreon|94/100
|-boost|p2a: Regieleki|spe|1
|-sideend|p2: FungalSpore|Stealth Rock|[from] move: Rapid Spin|[of] p2a: Regieleki
|move|p1a: Umbreon|Wish|p1a: Umbreon
|
|-heal|p1a: Umbreon|99/100|[from] item: Leftovers
|-damage|p2a: Regieleki|83/100 tox|[from] psn
|upkeep
|turn|11
|
|t:|1629857418
|switch|p1a: Krookodile|Krookodile, M|100/100
|-damage|p1a: Krookodile|94/100|[from] Stealth Rock
|-ability|p1a: Krookodile|Intimidate|boost
|-unboost|p2a: Regieleki|atk|1
|move|p2a: Regieleki|Volt Switch|p1a: Krookodile
|-immune|p1a: Krookodile
|
|-heal|p1a: Krookodile|100/100|[from] move: Wish|[wisher] Umbreon
|-damage|p2a: Regieleki|65/100 tox|[from] psn
|upkeep
|turn|12
|
|t:|1629857434
|move|p2a: Regieleki|Explosion|p1a: Krookodile
|-damage|p1a: Krookodile|49/100
|faint|p2a: Regieleki
|move|p1a: Krookodile|Knock Off|p2: Regieleki|[notarget]
|-fail|p1a: Krookodile
|
|upkeep
|
|t:|1629857442
|switch|p2a: Zarude|Zarude|24/100
|turn|13
|inactive|Fairlumbo has 120 seconds left.
|
|t:|1629857474
|switch|p1a: Umbreon|Umbreon, M|99/100
|-damage|p1a: Umbreon|87/100|[from] Stealth Rock
|move|p2a: Zarude|Power Whip|p1a: Umbreon|[miss]
|-miss|p2a: Zarude|p1a: Umbreon
|
|-heal|p1a: Umbreon|93/100|[from] item: Leftovers
|upkeep
|turn|14
|
|t:|1629857502
|move|p2a: Zarude|Close Combat|p1a: Umbreon
|-supereffective|p1a: Umbreon
|-damage|p1a: Umbreon|45/100
|-unboost|p2a: Zarude|def|1
|-unboost|p2a: Zarude|spd|1
|move|p1a: Umbreon|Wish|p1a: Umbreon
|
|-heal|p1a: Umbreon|51/100|[from] item: Leftovers
|upkeep
|turn|15
|
|t:|1629857518
|move|p1a: Umbreon|Protect|p1a: Umbreon
|-singleturn|p1a: Umbreon|Protect
|move|p2a: Zarude|Close Combat|p1a: Umbreon
|-activate|p1a: Umbreon|move: Protect
|
|-heal|p1a: Umbreon|100/100|[from] move: Wish|[wisher] Umbreon
|upkeep
|turn|16
|
|t:|1629857525
|move|p2a: Zarude|U-turn|p1a: Umbreon
|-supereffective|p1a: Umbreon
|-damage|p1a: Umbreon|72/100
|
|t:|1629857528
|switch|p2a: Sylveon|Sylveon, M|100/100|[from]move: U-turn
|move|p1a: Umbreon|Wish|p1a: Umbreon
|
|-heal|p1a: Umbreon|78/100|[from] item: Leftovers
|upkeep
|turn|17
|
|t:|1629857542
|switch|p1a: Tentacruel|Tentacruel, F|100/100
|-damage|p1a: Tentacruel|88/100|[from] Stealth Rock
|move|p2a: Sylveon|Moonblast|p1a: Tentacruel
|-resisted|p1a: Tentacruel
|-damage|p1a: Tentacruel|73/100
|
|-heal|p1a: Tentacruel|100/100|[from] move: Wish|[wisher] Umbreon
|upkeep
|turn|18
|
|t:|1629857553
|switch|p2a: Seismitoad|Seismitoad, F|100/100
|move|p1a: Tentacruel|Knock Off|p2a: Seismitoad
|-damage|p2a: Seismitoad|90/100
|-damage|p1a: Tentacruel|84/100|[from] item: Rocky Helmet|[of] p2a: Seismitoad
|-enditem|p2a: Seismitoad|Rocky Helmet|[from] move: Knock Off|[of] p1a: Tentacruel
|
|-heal|p1a: Tentacruel|90/100|[from] item: Black Sludge
|upkeep
|turn|19
|j| steve77s
|
|t:|1629857562
|switch|p1a: Celebi|Celebi|100/100
|-damage|p1a: Celebi|88/100|[from] Stealth Rock
|move|p2a: Seismitoad|Earth Power|p1a: Celebi
|-resisted|p1a: Celebi
|-damage|p1a: Celebi|75/100
|
|-heal|p1a: Celebi|81/100|[from] item: Leftovers
|upkeep
|turn|20
|-message|FungalSpore forfeited.
|
|win|Fairlumbo
|raw|Fairlumbo's rating: 1443 &rarr; <strong>1463</strong><br />(+20 for winning)
|raw|FungalSpore's rating: 1451 &rarr; <strong>1431</strong><br />(-20 for losing)
|l|☆FungalSpore
|c| steve77s|fairlumbo
|c|☆Fairlumbo|what
|c| steve77s|what else
|c| steve77s|you think of the team
|c| steve77s|also nice team
|c|☆Fairlumbo|drop eq on gyara
||Ladder isn't responding, score probably updated but might not have (Request timeout).
|c|☆Fairlumbo|put power whip
|c| steve77s|do you like the core
|c|☆Fairlumbo|idk
|c| steve77s|ik mamoswine
|c| steve77s|handles it I agree
|c| steve77s|but predict heavy
|c|☆Fairlumbo|mowtom is an interesting pick
|c| steve77s|look
|c| steve77s|at rhyperior gyros and rottom typing
|c| steve77s|lose mamo i agree\
|c| steve77s|but top cover each other
|c|☆Fairlumbo|freeze dry runs through
|c| steve77s|I agree
|c| steve77s|except that
|c|☆Fairlumbo|maybe put a steel type
|c|☆Fairlumbo|idk over what
|c| steve77s|one sec
|l| steve77s
|c|☆Fairlumbo|put some speed on mowtom
|l|☆Fairlumbo
|j| steve77s
