|j|☆ExiDudi
|j|☆scrimzn
|t:|1664213742
|gametype|singles
|player|p1|ExiDudi|doctor-gen8|
|player|p2|scrimzn|silver|
|teamsize|p1|6
|teamsize|p2|6
|gen|8
|tier|[Gen 8] UU
|rule|Sleep Clause Mod: Limit one foe put to sleep
|rule|Species Clause: Limit one of each Pokémon
|rule|OHKO Clause: OHKO moves are banned
|rule|Evasion Items Clause: Evasion items are banned
|rule|Evasion Moves Clause: Evasion moves are banned
|rule|Endless Battle Clause: Forcing endless battles is banned
|rule|HP Percentage Mod: HP is shown in percentages
|rule|Dynamax Clause: You cannot dynamax
|clearpoke
|poke|p1|Sigilyph, M|
|poke|p1|Rhyperior, F|
|poke|p1|Cobalion|
|poke|p1|Primarina, M|
|poke|p1|Salamence, M|
|poke|p1|Tangrowth, M|
|poke|p2|Skarmory, F|
|poke|p2|Chansey, F|
|poke|p2|Articuno-Galar|
|poke|p2|Hippowdon, F|
|poke|p2|Nihilego|
|poke|p2|Tentacruel, F|
|teampreview
|c|☆ExiDudi|It's going to be ok
|c|☆scrimzn|scary
|
|t:|1664213781
|start
|switch|p1a: Rhyperior|Rhyperior, F|100/100
|switch|p2a: Hippowdon|Hippowdon, F|100/100
|-weather|Sandstorm|[from] ability: Sand Stream|[of] p2a: Hippowdon
|turn|1
|c|☆ExiDudi|Oh wait I'm seeing the sigi mu
|c|☆ExiDudi|Just sacc your galarticuno pls
|
|t:|1664213801
|move|p2a: Hippowdon|Stealth Rock|p1a: Rhyperior
|-sidestart|p1: ExiDudi|move: Stealth Rock
|move|p1a: Rhyperior|Stealth Rock|p2a: Hippowdon
|-sidestart|p2: scrimzn|move: Stealth Rock
|
|-weather|Sandstorm|[upkeep]
|upkeep
|turn|2
|c|☆scrimzn|aaa
|c|☆ExiDudi|Is something?
|
|t:|1664213852
|switch|p2a: Tentacruel|Tentacruel, F|100/100
|-damage|p2a: Tentacruel|88/100|[from] Stealth Rock
|move|p1a: Rhyperior|Toxic|p2a: Tentacruel|[miss]
|-miss|p1a: Rhyperior|p2a: Tentacruel
|
|-weather|Sandstorm|[upkeep]
|-damage|p2a: Tentacruel|82/100|[from] Sandstorm
|-heal|p2a: Tentacruel|88/100|[from] item: Black Sludge
|upkeep
|turn|3
|c|☆scrimzn|no im just perpetually confused
|
|t:|1664213915
|move|p2a: Tentacruel|Scald|p1a: Rhyperior
|-supereffective|p1a: Rhyperior
|-damage|p1a: Rhyperior|59/100
|-status|p1a: Rhyperior|brn
|move|p1a: Rhyperior|Earthquake|p2a: Tentacruel
|-supereffective|p2a: Tentacruel
|-damage|p2a: Tentacruel|38/100
|
|-weather|Sandstorm|[upkeep]
|-damage|p2a: Tentacruel|32/100|[from] Sandstorm
|-heal|p2a: Tentacruel|38/100|[from] item: Black Sludge
|-heal|p1a: Rhyperior|65/100 brn|[from] item: Leftovers
|-damage|p1a: Rhyperior|59/100 brn|[from] brn
|upkeep
|turn|4
|
|t:|1664213940
|switch|p2a: Skarmory|Skarmory, F|100/100
|-damage|p2a: Skarmory|88/100|[from] Stealth Rock
|move|p1a: Rhyperior|Earthquake|p2a: Skarmory
|-immune|p2a: Skarmory
|
|-weather|Sandstorm|[upkeep]
|-heal|p1a: Rhyperior|65/100 brn|[from] item: Leftovers
|-damage|p1a: Rhyperior|59/100 brn|[from] brn
|upkeep
|turn|5
|
|t:|1664213950
|switch|p1a: Sigilyph|Sigilyph, M|100/100
|move|p2a: Skarmory|Spikes|p1a: Sigilyph
|-sidestart|p1: ExiDudi|Spikes
|
|-weather|none
|upkeep
|turn|6
|
|t:|1664213970
|switch|p2a: Articuno|Articuno-Galar|100/100
|move|p1a: Sigilyph|Calm Mind|p1a: Sigilyph
|-boost|p1a: Sigilyph|spa|1
|-boost|p1a: Sigilyph|spd|1
|
|upkeep
|turn|7
|
|t:|1664213981
|move|p1a: Sigilyph|Calm Mind|p1a: Sigilyph
|-boost|p1a: Sigilyph|spa|1
|-boost|p1a: Sigilyph|spd|1
|move|p2a: Articuno|Hurricane|p1a: Sigilyph
|-damage|p1a: Sigilyph|53/100
|-start|p1a: Sigilyph|confusion
|
|upkeep
|turn|8
|c|☆scrimzn|scary
|c|☆scrimzn|its runnning defensive evs
|c|☆ExiDudi|Let's pretend
|c|☆ExiDudi|I'm not confused
|
|t:|1664214011
|-activate|p1a: Sigilyph|confusion
|move|p1a: Sigilyph|Roost|p1a: Sigilyph
|-heal|p1a: Sigilyph|100/100
|-singleturn|p1a: Sigilyph|move: Roost
|move|p2a: Articuno|Hurricane|p1a: Sigilyph
|-crit|p1a: Sigilyph
|-damage|p1a: Sigilyph|0 fnt
|faint|p1a: Sigilyph
|
|upkeep
|c|☆scrimzn|XD
|c|☆ExiDudi|Okay well
|c|☆ExiDudi|I
|c|☆ExiDudi|Lose now
|c|☆scrimzn|idk how to win
|
|t:|1664214032
|switch|p1a: Cobalion|Cobalion|100/100
|-damage|p1a: Cobalion|97/100|[from] Stealth Rock
|-damage|p1a: Cobalion|85/100|[from] Spikes
|turn|9
|
|t:|1664214040
|switch|p2a: Skarmory|Skarmory, F|88/100
|-damage|p2a: Skarmory|76/100|[from] Stealth Rock
|move|p1a: Cobalion|Swords Dance|p1a: Cobalion
|-boost|p1a: Cobalion|atk|2
|
|-heal|p1a: Cobalion|91/100|[from] item: Leftovers
|upkeep
|turn|10
|c|☆scrimzn|dw
|c|☆ExiDudi|Oh your hippo just does
|c|☆scrimzn|oh i was supposed to switch into hippo?
|c|☆scrimzn|do i lose now
|c|☆ExiDudi|Ye
|c|☆ExiDudi|Bio
|c|☆ExiDudi|Noo*
|c|☆ExiDudi|You don't lose
|c|☆ExiDudi|Unless you allow me to get
|c|☆ExiDudi|+4
|c|☆ExiDudi|Though that'd be Very nice
|
|t:|1664214103
|move|p1a: Cobalion|Close Combat|p2a: Skarmory
|-damage|p2a: Skarmory|19/100
|-unboost|p1a: Cobalion|def|1
|-unboost|p1a: Cobalion|spd|1
|-damage|p1a: Cobalion|75/100|[from] item: Rocky Helmet|[of] p2a: Skarmory
|move|p2a: Skarmory|Iron Defense|p2a: Skarmory
|-boost|p2a: Skarmory|def|2
|
|-heal|p1a: Cobalion|81/100|[from] item: Leftovers
|upkeep
|turn|11
|
|t:|1664214119
|move|p1a: Cobalion|Close Combat|p2a: Skarmory
|-damage|p2a: Skarmory|0 fnt
|-unboost|p1a: Cobalion|def|1
|-unboost|p1a: Cobalion|spd|1
|-damage|p1a: Cobalion|65/100|[from] item: Rocky Helmet|[of] p2a: Skarmory
|faint|p2a: Skarmory
|
|-heal|p1a: Cobalion|71/100|[from] item: Leftovers
|upkeep
|
|t:|1664214142
|switch|p2a: Hippowdon|Hippowdon, F|100/100
|-damage|p2a: Hippowdon|94/100|[from] Stealth Rock
|-weather|Sandstorm|[from] ability: Sand Stream|[of] p2a: Hippowdon
|turn|12
|
|t:|1664214158
|switch|p1a: Tangrowth|Tangrowth, M|100/100
|-damage|p1a: Tangrowth|88/100|[from] Stealth Rock
|-damage|p1a: Tangrowth|76/100|[from] Spikes
|move|p2a: Hippowdon|Earthquake|p1a: Tangrowth
|-resisted|p1a: Tangrowth
|-damage|p1a: Tangrowth|64/100
|
|-weather|Sandstorm|[upkeep]
|-damage|p1a: Tangrowth|58/100|[from] Sandstorm
|upkeep
|turn|13
|
|t:|1664214177
|move|p1a: Tangrowth|Knock Off|p2a: Hippowdon
|-damage|p2a: Hippowdon|80/100
|-damage|p1a: Tangrowth|41/100|[from] item: Rocky Helmet|[of] p2a: Hippowdon
|-enditem|p2a: Hippowdon|Rocky Helmet|[from] move: Knock Off|[of] p1a: Tangrowth
|move|p2a: Hippowdon|Whirlwind|p1a: Tangrowth
|drag|p1a: Rhyperior|Rhyperior, F|59/100 brn
|-damage|p1a: Rhyperior|53/100 brn|[from] Stealth Rock
|-damage|p1a: Rhyperior|40/100 brn|[from] Spikes
|
|-weather|Sandstorm|[upkeep]
|-heal|p1a: Rhyperior|47/100 brn|[from] item: Leftovers
|-damage|p1a: Rhyperior|40/100 brn|[from] brn
|upkeep
|turn|14
|
|t:|1664214194
|move|p2a: Hippowdon|Slack Off|p2a: Hippowdon
|-heal|p2a: Hippowdon|100/100
|move|p1a: Rhyperior|Toxic|p2a: Hippowdon
|-status|p2a: Hippowdon|tox
|
|-weather|Sandstorm|[upkeep]
|-heal|p1a: Rhyperior|47/100 brn|[from] item: Leftovers
|-damage|p2a: Hippowdon|94/100 tox|[from] psn
|-damage|p1a: Rhyperior|40/100 brn|[from] brn
|upkeep
|turn|15
|c|☆scrimzn|shit
|c|☆scrimzn|i got ohko
|
|t:|1664214216
|switch|p1a: Salamence|Salamence, M|100/100
|-ability|p1a: Salamence|Intimidate|boost
|-unboost|p2a: Hippowdon|atk|1
|move|p2a: Hippowdon|Whirlwind|p1a: Salamence
|drag|p1a: Cobalion|Cobalion|71/100
|-damage|p1a: Cobalion|68/100|[from] Stealth Rock
|-damage|p1a: Cobalion|55/100|[from] Spikes
|
|-weather|Sandstorm|[upkeep]
|-heal|p1a: Cobalion|61/100|[from] item: Leftovers
|-damage|p2a: Hippowdon|82/100 tox|[from] psn
|upkeep
|turn|16
|
|t:|1664214232
|switch|p1a: Salamence|Salamence, M|100/100
|-ability|p1a: Salamence|Intimidate|boost
|-unboost|p2a: Hippowdon|atk|1
|move|p2a: Hippowdon|Earthquake|p1a: Salamence
|-immune|p1a: Salamence
|
|-weather|none
|-damage|p2a: Hippowdon|63/100 tox|[from] psn
|upkeep
|turn|17
|
|t:|1664214241
|switch|p2a: Articuno|Articuno-Galar|100/100
|move|p1a: Salamence|Dual Wingbeat|p2a: Articuno|[miss]
|-miss|p1a: Salamence|p2a: Articuno
|
|upkeep
|turn|18
|c|☆ExiDudi|Sad
|
|t:|1664214257
|move|p2a: Articuno|Hurricane|p1a: Salamence
|-damage|p1a: Salamence|39/100
|-start|p1a: Salamence|confusion
|-activate|p1a: Salamence|confusion
|-damage|p1a: Salamence|30/100|[from] confusion
|
|upkeep
|turn|19
|c|☆ExiDudi|Sad
|c|☆scrimzn|omg
|c|☆scrimzn|the hax
|c|☆scrimzn|so ridiculous
|
|t:|1664214271
|switch|p1a: Rhyperior|Rhyperior, F|40/100 brn
|-damage|p1a: Rhyperior|34/100 brn|[from] Stealth Rock
|-damage|p1a: Rhyperior|22/100 brn|[from] Spikes
|move|p2a: Articuno|Hurricane|p1a: Rhyperior
|-resisted|p1a: Rhyperior
|-damage|p1a: Rhyperior|0 fnt
|faint|p1a: Rhyperior
|
|upkeep
|
|t:|1664214274
|switch|p1a: Primarina|Primarina, M|100/100
|-damage|p1a: Primarina|88/100|[from] Stealth Rock
|-damage|p1a: Primarina|76/100|[from] Spikes
|turn|20
|
|t:|1664214304
|switch|p2a: Chansey|Chansey, F|100/100
|-damage|p2a: Chansey|88/100|[from] Stealth Rock
|move|p1a: Primarina|Moonblast|p2a: Chansey
|-damage|p2a: Chansey|75/100
|
|-heal|p1a: Primarina|82/100|[from] item: Leftovers
|upkeep
|turn|21
|
|t:|1664214318
|switch|p1a: Salamence|Salamence, M|30/100
|-ability|p1a: Salamence|Intimidate|boost
|-unboost|p2a: Chansey|atk|1
|move|p2a: Chansey|Teleport|p2a: Chansey
|
|t:|1664214327
|switch|p2a: Nihilego|Nihilego|100/100|[from]move: Teleport
|-damage|p2a: Nihilego|88/100|[from] Stealth Rock
|
|upkeep
|turn|22
|
|t:|1664214336
|move|p2a: Nihilego|Meteor Beam||[still]
|-prepare|p2a: Nihilego|Meteor Beam
|-boost|p2a: Nihilego|spa|1
|-enditem|p2a: Nihilego|Power Herb
|-anim|p2a: Nihilego|Meteor Beam|p1a: Salamence|[miss]
|-miss|p2a: Nihilego|p1a: Salamence
|move|p1a: Salamence|Dual Wingbeat|p2a: Nihilego
|-resisted|p2a: Nihilego
|-damage|p2a: Nihilego|76/100
|-resisted|p2a: Nihilego
|-damage|p2a: Nihilego|63/100
|-hitcount|p2a: Nihilego|2
|
|upkeep
|turn|23
|c|☆ExiDudi|Oh that's convenient
|c|☆scrimzn|uh
|
|t:|1664214357
|move|p2a: Nihilego|Meteor Beam||[still]
|-prepare|p2a: Nihilego|Meteor Beam
|-boost|p2a: Nihilego|spa|1
|move|p1a: Salamence|Dual Wingbeat|p2a: Nihilego
|-resisted|p2a: Nihilego
|-damage|p2a: Nihilego|49/100
|-resisted|p2a: Nihilego
|-damage|p2a: Nihilego|35/100
|-hitcount|p2a: Nihilego|2
|
|upkeep
|turn|24
|
|t:|1664214367
|move|p2a: Nihilego|Meteor Beam|p1a: Salamence|[from]lockedmove|[miss]
|-miss|p2a: Nihilego|p1a: Salamence
|move|p1a: Salamence|Dual Wingbeat|p2a: Nihilego
|-resisted|p2a: Nihilego
|-damage|p2a: Nihilego|21/100
|-resisted|p2a: Nihilego
|-damage|p2a: Nihilego|8/100
|-hitcount|p2a: Nihilego|2
|
|upkeep
|turn|25
|c|☆ExiDudi|Omg
|c|☆scrimzn|lol
|c|☆scrimzn|hax go both ways ig
|
|t:|1664214386
|move|p2a: Nihilego|Thunderbolt|p1a: Salamence
|-damage|p1a: Salamence|0 fnt
|faint|p1a: Salamence
|-ability|p2a: Nihilego|Beast Boost|boost
|-boost|p2a: Nihilego|spe|1
|
|upkeep
|
|t:|1664214392
|switch|p1a: Cobalion|Cobalion|61/100
|-damage|p1a: Cobalion|58/100|[from] Stealth Rock
|-damage|p1a: Cobalion|46/100|[from] Spikes
|turn|26
|c|☆ExiDudi|Welp
|c|☆ExiDudi|Gg
|
|t:|1664214409
|move|p2a: Nihilego|Thunderbolt|p1a: Cobalion
|-damage|p1a: Cobalion|0 fnt
|faint|p1a: Cobalion
|-ability|p2a: Nihilego|Beast Boost|boost
|-boost|p2a: Nihilego|spe|1
|
|upkeep
|
|t:|1664214412
|switch|p1a: Primarina|Primarina, M|82/100
|-damage|p1a: Primarina|69/100|[from] Stealth Rock
|-damage|p1a: Primarina|57/100|[from] Spikes
|turn|27
|c|☆scrimzn|gg xD
|
|t:|1664214419
|move|p2a: Nihilego|Thunderbolt|p1a: Primarina
|-supereffective|p1a: Primarina
|-damage|p1a: Primarina|0 fnt
|faint|p1a: Primarina
|-ability|p2a: Nihilego|Beast Boost|boost
|-boost|p2a: Nihilego|spe|1
|
|upkeep
|
|t:|1664214421
|switch|p1a: Tangrowth|Tangrowth, M|74/100
|-damage|p1a: Tangrowth|62/100|[from] Stealth Rock
|-damage|p1a: Tangrowth|50/100|[from] Spikes
|turn|28
|c|☆scrimzn|deserved win
|
|t:|1664214432
|move|p2a: Nihilego|Sludge Wave|p1a: Tangrowth
|-supereffective|p1a: Tangrowth
|-damage|p1a: Tangrowth|0 fnt
|faint|p1a: Tangrowth
|
|win|scrimzn
|l|☆scrimzn
|j|☆scrimzn
|player|p2|scrimzn|silver
