|raw|<div class="broadcast-blue"><strong>This battle is required to be public due to a player having a name starting with 'uult91w'.</div>
|j|☆UULT91w Corp N
|j|☆UULT91w TT
|t:|1652057534
|gametype|singles
|player|p1|UULT91w Corp N|n|1652
|player|p2|UULT91w TT|cynthia|1564
|teamsize|p1|6
|teamsize|p2|6
|gen|8
|tier|[Gen 8] UU
|rated|
|rule|Sleep Clause Mod: Limit one foe put to sleep
|rule|Species Clause: Limit one of each Pokémon
|rule|OHKO Clause: OHKO moves are banned
|rule|Evasion Moves Clause: Evasion moves are banned
|rule|Endless Battle Clause: Forcing endless battles is banned
|rule|HP Percentage Mod: HP is shown in percentages
|rule|Dynamax Clause: You cannot dynamax
|clearpoke
|poke|p1|Keldeo-Resolute|
|poke|p1|Aegislash, M|
|poke|p1|Zarude-Dada|
|poke|p1|Cobalion|
|poke|p1|Mamoswine, M|
|poke|p1|Tentacruel, F|
|poke|p2|Zygarde-10%|
|poke|p2|Tangrowth, F|
|poke|p2|Nihilego|
|poke|p2|Excadrill, M|
|poke|p2|Salamence, F|
|poke|p2|Chansey, F|
|teampreview
|inactive|Battle timer is ON: inactive players will automatically lose when time's up. (requested by UULT91w Corp N)
|
|t:|1652057549
|start
|switch|p1a: Keldeo|Keldeo-Resolute|100/100
|switch|p2a: Tangrowth|Tangrowth, F|100/100
|turn|1
|
|t:|1652057554
|switch|p2a: Chansey|Chansey, F|100/100
|move|p1a: Keldeo|Flip Turn|p2a: Chansey
|-damage|p2a: Chansey|92/100
|j| suloxiv ♫
|
|t:|1652057556
|switch|p1a: Cobalion|Cobalion|100/100|[from]move: Flip Turn
|
|upkeep
|turn|2
|
|t:|1652057561
|switch|p2a: Tangrowth|Tangrowth, F|100/100
|move|p1a: Cobalion|Stealth Rock|p2a: Tangrowth
|-sidestart|p2: UULT91w TT|move: Stealth Rock
|
|upkeep
|turn|3
|j| youke
|
|t:|1652057570
|move|p1a: Cobalion|Close Combat|p2a: Tangrowth
|-damage|p2a: Tangrowth|74/100
|-unboost|p1a: Cobalion|def|1
|-unboost|p1a: Cobalion|spd|1
|-damage|p1a: Cobalion|84/100|[from] item: Rocky Helmet|[of] p2a: Tangrowth
|move|p2a: Tangrowth|Knock Off|p1a: Cobalion
|-resisted|p1a: Cobalion
|-damage|p1a: Cobalion|69/100
|-damage|p2a: Tangrowth|57/100|[from] item: Rocky Helmet|[of] p1a: Cobalion
|-ability|p1a: Cobalion|Justified|boost
|-boost|p1a: Cobalion|atk|1
|-enditem|p1a: Cobalion|Rocky Helmet|[from] move: Knock Off|[of] p2a: Tangrowth
|
|upkeep
|turn|4
|
|t:|1652057580
|move|p1a: Cobalion|Close Combat|p2a: Tangrowth
|-damage|p2a: Tangrowth|20/100
|-unboost|p1a: Cobalion|def|1
|-unboost|p1a: Cobalion|spd|1
|-damage|p1a: Cobalion|53/100|[from] item: Rocky Helmet|[of] p2a: Tangrowth
|move|p2a: Tangrowth|Synthesis|p2a: Tangrowth
|-heal|p2a: Tangrowth|70/100
|
|upkeep
|turn|5
|
|t:|1652057584
|move|p1a: Cobalion|Volt Switch|p2a: Tangrowth
|-resisted|p2a: Tangrowth
|-damage|p2a: Tangrowth|60/100
|
|t:|1652057586
|switch|p1a: Tentacruel|Tentacruel, F|100/100|[from]move: Volt Switch
|move|p2a: Tangrowth|Synthesis|p2a: Tangrowth
|-heal|p2a: Tangrowth|100/100
|
|upkeep
|turn|6
|
|t:|1652057591
|move|p1a: Tentacruel|Knock Off|p2a: Tangrowth
|-damage|p2a: Tangrowth|93/100
|-damage|p1a: Tentacruel|84/100|[from] item: Rocky Helmet|[of] p2a: Tangrowth
|-enditem|p2a: Tangrowth|Rocky Helmet|[from] move: Knock Off|[of] p1a: Tentacruel
|move|p2a: Tangrowth|Knock Off|p1a: Tentacruel
|-damage|p1a: Tentacruel|57/100
|-enditem|p1a: Tentacruel|Black Sludge|[from] move: Knock Off|[of] p2a: Tangrowth
|
|upkeep
|turn|7
|
|t:|1652057596
|move|p1a: Tentacruel|Sludge Bomb|p2a: Tangrowth
|-supereffective|p2a: Tangrowth
|-damage|p2a: Tangrowth|15/100
|move|p2a: Tangrowth|Power Whip|p1a: Tentacruel
|-damage|p1a: Tentacruel|7/100
|
|upkeep
|turn|8
|
|t:|1652057608
|switch|p2a: Salamence|Salamence, F|100/100
|-ability|p2a: Salamence|Intimidate|boost
|-unboost|p1a: Tentacruel|atk|1
|move|p1a: Tentacruel|Scald|p2a: Salamence
|-resisted|p2a: Salamence
|-damage|p2a: Salamence|87/100
|-status|p2a: Salamence|brn
|
|-damage|p2a: Salamence|81/100 brn|[from] brn
|upkeep
|turn|9
|
|t:|1652057629
|move|p2a: Salamence|Flamethrower|p1a: Tentacruel
|-resisted|p1a: Tentacruel
|-damage|p1a: Tentacruel|0 fnt
|faint|p1a: Tentacruel
|
|-damage|p2a: Salamence|75/100 brn|[from] brn
|upkeep
|
|t:|1652057641
|switch|p1a: Mamoswine|Mamoswine, M|100/100
|turn|10
|j| joey milktank
|
|t:|1652057660
|move|p1a: Mamoswine|Ice Shard|p2a: Salamence
|-supereffective|p2a: Salamence
|-damage|p2a: Salamence|0 fnt
|faint|p2a: Salamence
|
|upkeep
|
|t:|1652057674
|switch|p2a: Nihilego|Nihilego|100/100
|-damage|p2a: Nihilego|88/100|[from] Stealth Rock
|turn|11
|
|t:|1652057679
|switch|p1a: Cobalion|Cobalion|53/100
|move|p2a: Nihilego|Power Gem|p1a: Cobalion
|-resisted|p1a: Cobalion
|-damage|p1a: Cobalion|38/100
|
|-heal|p2a: Nihilego|94/100|[from] item: Black Sludge
|upkeep
|turn|12
|
|t:|1652057684
|move|p1a: Cobalion|Close Combat|p2a: Nihilego
|-damage|p2a: Nihilego|12/100
|-unboost|p1a: Cobalion|def|1
|-unboost|p1a: Cobalion|spd|1
|move|p2a: Nihilego|Stealth Rock|p1a: Cobalion
|-sidestart|p1: UULT91w Corp N|move: Stealth Rock
|
|-heal|p2a: Nihilego|18/100|[from] item: Black Sludge
|upkeep
|turn|13
|
|t:|1652057694
|move|p1a: Cobalion|Close Combat|p2a: Nihilego
|-damage|p2a: Nihilego|0 fnt
|-unboost|p1a: Cobalion|def|1
|-unboost|p1a: Cobalion|spd|1
|faint|p2a: Nihilego
|
|upkeep
|
|t:|1652057696
|switch|p2a: Zygarde|Zygarde-10%|100/100
|-damage|p2a: Zygarde|94/100|[from] Stealth Rock
|-ability|p2a: Zygarde|Aura Break
|turn|14
|
|t:|1652057708
|switch|p1a: Zarude|Zarude-Dada|100/100
|-damage|p1a: Zarude|88/100|[from] Stealth Rock
|move|p2a: Zygarde|Thousand Arrows|p1a: Zarude
|-resisted|p1a: Zarude
|-damage|p1a: Zarude|63/100
|
|upkeep
|turn|15
|
|t:|1652057712
|move|p1a: Zarude|Darkest Lariat|p2a: Zygarde
|-damage|p2a: Zygarde|25/100
|move|p2a: Zygarde|Thousand Arrows|p1a: Zarude
|-resisted|p1a: Zarude
|-crit|p1a: Zarude
|-damage|p1a: Zarude|18/100
|
|upkeep
|turn|16
|
|t:|1652057719
|switch|p2a: Chansey|Chansey, F|92/100
|-damage|p2a: Chansey|79/100|[from] Stealth Rock
|move|p1a: Zarude|Darkest Lariat|p2a: Chansey
|-damage|p2a: Chansey|50/100
|
|upkeep
|turn|17
|
|t:|1652057734
|switch|p1a: Keldeo|Keldeo-Resolute|100/100
|-damage|p1a: Keldeo|94/100|[from] Stealth Rock
|move|p2a: Chansey|Teleport|p2a: Chansey
|
|t:|1652057736
|switch|p2a: Zygarde|Zygarde-10%|25/100|[from]move: Teleport
|-damage|p2a: Zygarde|19/100|[from] Stealth Rock
|-ability|p2a: Zygarde|Aura Break
|
|-heal|p1a: Keldeo|100/100|[from] item: Leftovers
|upkeep
|turn|18
|
|t:|1652057748
|switch|p1a: Cobalion|Cobalion|38/100
|-damage|p1a: Cobalion|35/100|[from] Stealth Rock
|move|p2a: Zygarde|Thousand Arrows|p1a: Cobalion
|-supereffective|p1a: Cobalion
|-damage|p1a: Cobalion|0 fnt
|faint|p1a: Cobalion
|
|upkeep
|
|t:|1652057765
|switch|p1a: Mamoswine|Mamoswine, M|100/100
|-damage|p1a: Mamoswine|88/100|[from] Stealth Rock
|turn|19
|
|t:|1652057767
|switch|p2a: Excadrill|Excadrill, M|100/100
|-damage|p2a: Excadrill|98/100|[from] Stealth Rock
|-ability|p2a: Excadrill|Mold Breaker
|move|p1a: Mamoswine|Ice Shard|p2a: Excadrill
|-damage|p2a: Excadrill|62/100
|
|-heal|p2a: Excadrill|68/100|[from] item: Leftovers
|upkeep
|turn|20
|
|t:|1652057776
|switch|p1a: Zarude|Zarude-Dada|18/100
|-damage|p1a: Zarude|6/100|[from] Stealth Rock
|move|p2a: Excadrill|Iron Head|p1a: Zarude
|-damage|p1a: Zarude|0 fnt
|faint|p1a: Zarude
|
|-heal|p2a: Excadrill|75/100|[from] item: Leftovers
|upkeep
|
|t:|1652057779
|switch|p1a: Keldeo|Keldeo-Resolute|100/100
|-damage|p1a: Keldeo|94/100|[from] Stealth Rock
|turn|21
|
|t:|1652057785
|switch|p2a: Chansey|Chansey, F|50/100
|-damage|p2a: Chansey|37/100|[from] Stealth Rock
|move|p1a: Keldeo|Secret Sword|p2a: Chansey
|-supereffective|p2a: Chansey
|-damage|p2a: Chansey|0 fnt
|faint|p2a: Chansey
|
|-heal|p1a: Keldeo|100/100|[from] item: Leftovers
|upkeep
|
|t:|1652057787
|switch|p2a: Zygarde|Zygarde-10%|19/100
|-damage|p2a: Zygarde|13/100|[from] Stealth Rock
|-ability|p2a: Zygarde|Aura Break
|turn|22
|
|t:|1652057792
|move|p2a: Zygarde|Thousand Arrows|p1a: Keldeo
|-damage|p1a: Keldeo|37/100
|move|p1a: Keldeo|Secret Sword|p2a: Zygarde
|-damage|p2a: Zygarde|0 fnt
|faint|p2a: Zygarde
|
|-heal|p1a: Keldeo|43/100|[from] item: Leftovers
|upkeep
|
|t:|1652057795
|switch|p2a: Tangrowth|Tangrowth, F|48/100
|-damage|p2a: Tangrowth|36/100|[from] Stealth Rock
|turn|23
|
|t:|1652057804
|move|p1a: Keldeo|Secret Sword|p2a: Tangrowth
|-damage|p2a: Tangrowth|13/100
|move|p2a: Tangrowth|Knock Off|p1a: Keldeo
|-resisted|p1a: Keldeo
|-damage|p1a: Keldeo|31/100
|-ability|p1a: Keldeo|Justified|boost
|-boost|p1a: Keldeo|atk|1
|-enditem|p1a: Keldeo|Leftovers|[from] move: Knock Off|[of] p2a: Tangrowth
|
|upkeep
|turn|24
|
|t:|1652057814
|switch|p2a: Excadrill|Excadrill, M|75/100
|-damage|p2a: Excadrill|72/100|[from] Stealth Rock
|-ability|p2a: Excadrill|Mold Breaker
|move|p1a: Keldeo|Secret Sword|p2a: Excadrill
|-supereffective|p2a: Excadrill
|-damage|p2a: Excadrill|0 fnt
|faint|p2a: Excadrill
|
|upkeep
|
|t:|1652057815
|switch|p2a: Tangrowth|Tangrowth, F|46/100
|-damage|p2a: Tangrowth|34/100|[from] Stealth Rock
|turn|25
|
|t:|1652057818
|move|p1a: Keldeo|Secret Sword|p2a: Tangrowth
|-damage|p2a: Tangrowth|12/100
|move|p2a: Tangrowth|Synthesis|p2a: Tangrowth
|-heal|p2a: Tangrowth|62/100
|
|upkeep
|turn|26
|
|t:|1652057824
|move|p1a: Keldeo|Toxic|p2a: Tangrowth
|-status|p2a: Tangrowth|tox
|move|p2a: Tangrowth|Synthesis|p2a: Tangrowth
|-heal|p2a: Tangrowth|100/100 tox
|
|-damage|p2a: Tangrowth|94/100 tox|[from] psn
|upkeep
|turn|27
|
|t:|1652057826
|move|p1a: Keldeo|Secret Sword|p2a: Tangrowth
|-damage|p2a: Tangrowth|72/100 tox
|move|p2a: Tangrowth|Power Whip|p1a: Keldeo
|-supereffective|p1a: Keldeo
|-damage|p1a: Keldeo|0 fnt
|faint|p1a: Keldeo
|
|-damage|p2a: Tangrowth|60/100 tox|[from] psn
|upkeep
|
|t:|1652057832
|switch|p1a: Mamoswine|Mamoswine, M|88/100
|-damage|p1a: Mamoswine|76/100|[from] Stealth Rock
|turn|28
|j| uult91w Quartos
|
|t:|1652057852
|move|p1a: Mamoswine|Ice Shard|p2a: Tangrowth
|-supereffective|p2a: Tangrowth
|-damage|p2a: Tangrowth|31/100 tox
|move|p2a: Tangrowth|Power Whip|p1a: Mamoswine
|-supereffective|p1a: Mamoswine
|-damage|p1a: Mamoswine|0 fnt
|faint|p1a: Mamoswine
|
|-damage|p2a: Tangrowth|13/100 tox|[from] psn
|upkeep
|
|t:|1652057856
|switch|p1a: Aegislash|Aegislash, M|100/100
|-damage|p1a: Aegislash|94/100|[from] Stealth Rock
|turn|29
|
|t:|1652057861
|-formechange|p1a: Aegislash|Aegislash-Blade||[from] ability: Stance Change
|move|p1a: Aegislash|Shadow Ball|p2a: Tangrowth
|-damage|p2a: Tangrowth|0 fnt
|faint|p2a: Tangrowth
|
|win|UULT91w Corp N
|raw|UULT91w Corp N's rating: 1652 &rarr; <strong>1667</strong><br />(+15 for winning)
|raw|UULT91w TT's rating: 1564 &rarr; <strong>1549</strong><br />(-15 for losing)
|l|☆UULT91w TT
|l|☆UULT91w Corp N
|l| suloxiv ♫
|l| joey milktank
