|raw|<div class="broadcast-blue"><strong>This battle is required to be public due to a player having a name starting with 'uult84z'.</div>
|j|☆UULT84z
|j|☆AzuJ
|t:|1623572849
|gametype|singles
|player|p1|UULT84z|lucas|1641
|player|p2|AzuJ|juan|1589
|teamsize|p1|6
|teamsize|p2|6
|gen|8
|tier|[Gen 8] UU
|rated|
|rule|Sleep Clause Mod: Limit one foe put to sleep
|rule|Species Clause: Limit one of each Pokémon
|rule|OHKO Clause: OHKO moves are banned
|rule|Evasion Moves Clause: Evasion moves are banned
|rule|Endless Battle Clause: Forcing endless battles is banned
|rule|HP Percentage Mod: HP is shown in percentages
|rule|Dynamax Clause: You cannot dynamax
|clearpoke
|poke|p1|Chansey, F|
|poke|p1|Umbreon, F|
|poke|p1|Salamence, M|
|poke|p1|Tangrowth, M|
|poke|p1|Quagsire, F|
|poke|p1|Slowbro-Galar, F|
|poke|p2|Azumarill, F|
|poke|p2|Stakataka|
|poke|p2|Zygarde-10%|
|poke|p2|Heracross, F|
|poke|p2|Azelf|
|poke|p2|Thundurus-Therian, M|
|teampreview
|inactive|Battle timer is ON: inactive players will automatically lose when time's up. (requested by AzuJ)
|
|t:|1623572900
|start
|switch|p1a: Umbreon|Umbreon, F|100/100
|switch|p2a: Azelf|Azelf|100/100
|turn|1
|c|☆AzuJ|Hf
|
|t:|1623572911
|switch|p2a: Heracross|Heracross, F|100/100
|move|p1a: Umbreon|Foul Play|p2a: Heracross
|-resisted|p2a: Heracross
|-damage|p2a: Heracross|68/100
|
|-status|p2a: Heracross|brn|[from] item: Flame Orb
|upkeep
|turn|2
|
|t:|1623572931
|move|p1a: Umbreon|Protect|p1a: Umbreon
|-singleturn|p1a: Umbreon|Protect
|move|p2a: Heracross|Spikes|p1a: Umbreon
|-sidestart|p1: UULT84z|Spikes
|
|-damage|p2a: Heracross|62/100 brn|[from] brn
|upkeep
|turn|3
|
|t:|1623572936
|switch|p1a: Salamence|Salamence, M|100/100
|-ability|p1a: Salamence|Intimidate|boost
|-unboost|p2a: Heracross|atk|1
|move|p2a: Heracross|Knock Off|p1a: Salamence
|-damage|p1a: Salamence|73/100
|-enditem|p1a: Salamence|Heavy-Duty Boots|[from] move: Knock Off|[of] p2a: Heracross
|
|-damage|p2a: Heracross|56/100 brn|[from] brn
|upkeep
|turn|4
|
|t:|1623572956
|switch|p2a: Azelf|Azelf|100/100
|move|p1a: Salamence|Flamethrower|p2a: Azelf
|-damage|p2a: Azelf|67/100
|
|upkeep
|turn|5
|
|t:|1623572968
|move|p2a: Azelf|Taunt|p1a: Salamence
|-start|p1a: Salamence|move: Taunt
|cant|p1a: Salamence|move: Taunt|Defog
|
|upkeep
|turn|6
|j| Overdragoon
|
|t:|1623572972
|switch|p1a: Umbreon|Umbreon, F|100/100
|-damage|p1a: Umbreon|88/100|[from] Spikes
|move|p2a: Azelf|Stealth Rock|p1a: Umbreon
|-sidestart|p1: UULT84z|move: Stealth Rock
|
|-heal|p1a: Umbreon|94/100|[from] item: Leftovers
|upkeep
|turn|7
|
|t:|1623572990
|move|p2a: Azelf|Knock Off|p1a: Umbreon
|-resisted|p1a: Umbreon
|-damage|p1a: Umbreon|85/100
|-enditem|p1a: Umbreon|Leftovers|[from] move: Knock Off|[of] p2a: Azelf
|move|p1a: Umbreon|Foul Play|p2a: Azelf
|-supereffective|p2a: Azelf
|-damage|p2a: Azelf|0 fnt
|faint|p2a: Azelf
|
|upkeep
|j| QWILY
|inactive|AzuJ has 120 seconds left.
|inactive|AzuJ has 90 seconds left.
|
|t:|1623573048
|switch|p2a: Heracross|Heracross, F|56/100 brn
|turn|8
|inactive|AzuJ has 90 seconds left.
|inactive|UULT84z has 120 seconds left.
|
|t:|1623573085
|switch|p1a: Slowbro|Slowbro-Galar, F|100/100
|-damage|p1a: Slowbro|88/100|[from] Spikes
|-damage|p1a: Slowbro|76/100|[from] Stealth Rock
|move|p2a: Heracross|Close Combat|p1a: Slowbro
|-resisted|p1a: Slowbro
|-damage|p1a: Slowbro|61/100
|-unboost|p2a: Heracross|def|1
|-unboost|p2a: Heracross|spd|1
|
|-damage|p2a: Heracross|50/100 brn|[from] brn
|upkeep
|turn|9
|inactive|UULT84z has 120 seconds left.
|inactive|AzuJ has 60 seconds left.
|
|t:|1623573117
|move|p2a: Heracross|Facade|p1a: Slowbro
|-damage|p1a: Slowbro|18/100
|move|p1a: Slowbro|Scald|p2a: Heracross
|-damage|p2a: Heracross|17/100 brn
|
|-damage|p2a: Heracross|11/100 brn|[from] brn
|upkeep
|turn|10
|inactive|UULT84z has 120 seconds left.
|inactive|AzuJ has 30 seconds left.
|
|t:|1623573156
|move|p2a: Heracross|Close Combat|p1a: Slowbro
|-resisted|p1a: Slowbro
|-damage|p1a: Slowbro|3/100
|-unboost|p2a: Heracross|def|1
|-unboost|p2a: Heracross|spd|1
|move|p1a: Slowbro|Scald|p2a: Heracross
|-damage|p2a: Heracross|0 fnt
|faint|p2a: Heracross
|
|upkeep
|inactive|AzuJ has 30 seconds left this turn.
|
|t:|1623573162
|switch|p2a: Zygarde|Zygarde-10%|100/100
|-ability|p2a: Zygarde|Aura Break
|turn|11
|inactive|UULT84z has 120 seconds left.
|
|t:|1623573179
|move|p2a: Zygarde|Outrage|p1a: Slowbro
|-damage|p1a: Slowbro|0 fnt
|faint|p1a: Slowbro
|
|upkeep
|inactive|UULT84z has 120 seconds left.
|inactive|UULT84z has 90 seconds left.
|inactive|UULT84z has 60 seconds left.
|
|t:|1623573246
|switch|p1a: Salamence|Salamence, M|73/100
|-damage|p1a: Salamence|48/100|[from] Stealth Rock
|-ability|p1a: Salamence|Intimidate|boost
|-unboost|p2a: Zygarde|atk|1
|turn|12
|inactive|UULT84z has 60 seconds left.
|
|t:|1623573264
|switch|p1a: Tangrowth|Tangrowth, M|100/100
|-damage|p1a: Tangrowth|88/100|[from] Spikes
|-damage|p1a: Tangrowth|76/100|[from] Stealth Rock
|move|p2a: Zygarde|Outrage|p1a: Tangrowth|[from]lockedmove
|-damage|p1a: Tangrowth|37/100
|-start|p2a: Zygarde|confusion|[fatigue]
|
|upkeep
|turn|13
|inactive|UULT84z has 60 seconds left.
|inactive|AzuJ has 30 seconds left.
|
|t:|1623573294
|switch|p2a: Thundurus|Thundurus-Therian, M|100/100
|switch|p1a: Umbreon|Umbreon, F|85/100
|-damage|p1a: Umbreon|73/100|[from] Stealth Rock
|-damage|p1a: Umbreon|60/100|[from] Spikes
|
|upkeep
|turn|14
|inactive|UULT84z has 60 seconds left.
|inactive|AzuJ has 30 seconds left.
|inactive|AzuJ has 20 seconds left.
|inactive|AzuJ has 15 seconds left.
|inactive|AzuJ has 10 seconds left.
|
|t:|1623573325
|move|p2a: Thundurus|Focus Blast|p1a: Umbreon
|-supereffective|p1a: Umbreon
|-damage|p1a: Umbreon|0 fnt
|faint|p1a: Umbreon
|
|upkeep
|inactive|AzuJ has 15 seconds left this turn.
|
|t:|1623573330
|switch|p1a: Tangrowth|Tangrowth, M|70/100
|-damage|p1a: Tangrowth|58/100|[from] Spikes
|-damage|p1a: Tangrowth|45/100|[from] Stealth Rock
|turn|15
|inactive|AzuJ has 25 seconds left this turn.
|inactive|AzuJ has 20 seconds left.
|
|t:|1623573340
|move|p2a: Thundurus|Focus Blast|p1a: Tangrowth
|-crit|p1a: Tangrowth
|-damage|p1a: Tangrowth|5/100
|move|p1a: Tangrowth|Sludge Bomb|p2a: Thundurus
|-damage|p2a: Thundurus|72/100
|
|upkeep
|turn|16
|inactive|AzuJ has 30 seconds left this turn.
|
|t:|1623573350
|switch|p1a: Chansey|Chansey, F|100/100
|-damage|p1a: Chansey|88/100|[from] Spikes
|-damage|p1a: Chansey|76/100|[from] Stealth Rock
|move|p2a: Thundurus|Psychic|p1a: Chansey
|-damage|p1a: Chansey|66/100
|-unboost|p1a: Chansey|spd|1
|
|upkeep
|turn|17
|inactive|AzuJ has 30 seconds left.
|
|t:|1623573358
|move|p2a: Thundurus|Nasty Plot|p2a: Thundurus
|-boost|p2a: Thundurus|spa|2
|move|p1a: Chansey|Toxic|p2a: Thundurus
|-status|p2a: Thundurus|tox
|
|-damage|p2a: Thundurus|66/100 tox|[from] psn
|upkeep
|turn|18
|
|t:|1623573364
|switch|p1a: Quagsire|Quagsire, F|100/100
|move|p2a: Thundurus|Focus Blast|p1a: Quagsire
|-damage|p1a: Quagsire|45/100
|
|-damage|p2a: Thundurus|54/100 tox|[from] psn
|upkeep
|turn|19
|
|t:|1623573379
|move|p2a: Thundurus|Focus Blast|p1a: Quagsire
|-damage|p1a: Quagsire|0 fnt
|faint|p1a: Quagsire
|
|-damage|p2a: Thundurus|36/100 tox|[from] psn
|upkeep
|
|t:|1623573383
|switch|p1a: Tangrowth|Tangrowth, M|39/100
|-damage|p1a: Tangrowth|26/100|[from] Spikes
|-damage|p1a: Tangrowth|14/100|[from] Stealth Rock
|turn|20
|
|t:|1623573388
|move|p2a: Thundurus|Psychic|p1a: Tangrowth
|-damage|p1a: Tangrowth|0 fnt
|faint|p1a: Tangrowth
|
|-damage|p2a: Thundurus|12/100 tox|[from] psn
|upkeep
|
|t:|1623573390
|switch|p1a: Salamence|Salamence, M|48/100
|-damage|p1a: Salamence|23/100|[from] Stealth Rock
|-ability|p1a: Salamence|Intimidate|boost
|-unboost|p2a: Thundurus|atk|1
|turn|21
|
|t:|1623573392
|move|p2a: Thundurus|Psychic|p1a: Salamence
|-damage|p1a: Salamence|0 fnt
|faint|p1a: Salamence
|
|-damage|p2a: Thundurus|0 fnt|[from] psn
|faint|p2a: Thundurus
|upkeep
|
|t:|1623573403
|switch|p2a: Stakataka|Stakataka|100/100
|switch|p1a: Chansey|Chansey, F|66/100
|-damage|p1a: Chansey|53/100|[from] Stealth Rock
|-damage|p1a: Chansey|41/100|[from] Spikes
|turn|22
|
|t:|1623573405
|move|p1a: Chansey|Soft-Boiled|p1a: Chansey
|-heal|p1a: Chansey|91/100
|move|p2a: Stakataka|Heavy Slam|p1a: Chansey
|-damage|p1a: Chansey|36/100
|-damage|p2a: Stakataka|91/100|[from] item: Life Orb
|
|upkeep
|turn|23
|
|t:|1623573408
|move|p1a: Chansey|Soft-Boiled|p1a: Chansey
|-heal|p1a: Chansey|87/100
|move|p2a: Stakataka|Heavy Slam|p1a: Chansey
|-damage|p1a: Chansey|28/100
|-damage|p2a: Stakataka|81/100|[from] item: Life Orb
|
|upkeep
|turn|24
|
|t:|1623573410
|move|p1a: Chansey|Soft-Boiled|p1a: Chansey
|-heal|p1a: Chansey|78/100
|move|p2a: Stakataka|Heavy Slam|p1a: Chansey
|-damage|p1a: Chansey|16/100
|-damage|p2a: Stakataka|71/100|[from] item: Life Orb
|
|upkeep
|turn|25
|-message|UULT84z forfeited.
|
|win|AzuJ
|raw|UULT84z's rating: 1641 &rarr; <strong>1618</strong><br />(-23 for losing)
|raw|AzuJ's rating: 1589 &rarr; <strong>1612</strong><br />(+23 for winning)
|l|☆UULT84z
