|j|☆Xoyjaz
|j|☆ASSOLO IL RE
|player|p1|Xoyjaz|lucas|1574
|player|p2|ASSOLO IL RE|beauty-gen2|1559
|teamsize|p1|6
|teamsize|p2|6
|gametype|singles
|gen|8
|tier|[Gen 8] UU
|rated|
|clearpoke
|poke|p1|Mamoswine, F|
|poke|p1|Haxorus, F|
|poke|p1|Rhyperior, M|
|poke|p1|Jellicent, M|
|poke|p1|Salazzle, F|
|poke|p1|Arcanine, M|
|poke|p2|Frosmoth, F|
|poke|p2|Rhyperior, M|
|poke|p2|Umbreon, M|
|poke|p2|Inteleon, M|
|poke|p2|Haxorus, F|
|poke|p2|Weezing-Galar, F|
|rule|Sleep Clause Mod: Limit one foe put to sleep
|rule|Species Clause: Limit one of each Pokémon
|rule|OHKO Clause: OHKO moves are banned
|rule|Evasion Moves Clause: Evasion moves are banned
|rule|Endless Battle Clause: Forcing endless battles is banned
|rule|HP Percentage Mod: HP is shown in percentages
|rule|Dynamax Clause: You cannot dynamax
|teampreview
|j| kickassin666
|inactive|Battle timer is ON: inactive players will automatically lose when time's up. (requested by ASSOLO IL RE)
|j| TR Hurricane
|c| TR Hurricane|What room do u guys talk in now solo
|c|☆ASSOLO IL RE|my discord
|c| TR Hurricane|Rip in venenonats
|c| TR Hurricane|Oh
|c| TR Hurricane|Lol
|inactive|Xoyjaz has 120 seconds left.
|
|start
|switch|p1a: Haxorus|Haxorus, F, shiny|100/100
|switch|p2a: Inteleon|Inteleon, M|100/100
|-ability|p1a: Haxorus|Mold Breaker
|turn|1
|
|switch|p1a: Jellicent|Jellicent, M|100/100
|move|p2a: Inteleon|U-turn|p1a: Jellicent
|-resisted|p1a: Jellicent
|-damage|p1a: Jellicent|94/100
|c| kickassin666|Ppl still use disc?
|
|switch|p2a: Weezing|Weezing-Galar, F|100/100|[from]move: U-turn
|
|-heal|p1a: Jellicent|99/100|[from] item: Leftovers
|upkeep
|turn|2
|
|switch|p2a: Rhyperior|Rhyperior, M|100/100
|move|p1a: Jellicent|Will-O-Wisp|p2a: Rhyperior
|-status|p2a: Rhyperior|brn
|
|-heal|p1a: Jellicent|100/100|[from] item: Leftovers
|-damage|p2a: Rhyperior|94/100 brn|[from] brn
|upkeep
|turn|3
|
|switch|p2a: Weezing|Weezing-Galar, F|100/100
|move|p1a: Jellicent|Taunt|p2a: Weezing
|-start|p2a: Weezing|move: Taunt
|
|upkeep
|turn|4
|j| SkipTheDripBayless
|c|☆ASSOLO IL RE|no brain with u players i stg
|c|☆ASSOLO IL RE|what if i clicked toxic
|
|switch|p2a: Inteleon|Inteleon, M|100/100
|move|p1a: Jellicent|Taunt|p2a: Inteleon
|-start|p2a: Inteleon|move: Taunt
|
|upkeep
|turn|5
|c|☆Xoyjaz|Tunening into top 10 player UU here
|c|☆Xoyjaz|I know your move before you even put it on your mon
|inactive|ASSOLO IL RE has 120 seconds left.
|c| SkipTheDripBayless|LOL
|c|☆ASSOLO IL RE|[Gen 8] UU	1575	68.9%	1650 ± 27	154	108	262
|
|move|p2a: Inteleon|Hydro Pump|p1a: Jellicent
|-immune|p1a: Jellicent|[from] ability: Water Absorb
|move|p1a: Jellicent|Will-O-Wisp|p2a: Inteleon
|-status|p2a: Inteleon|brn
|
|-damage|p2a: Inteleon|94/100 brn|[from] brn
|upkeep
|turn|6
|c|☆ASSOLO IL RE|like why
|c|☆ASSOLO IL RE|are u so
|c|☆Xoyjaz|I am on my way
|c|☆ASSOLO IL RE|braindead
|inactive|Xoyjaz has 120 seconds left.
|c|☆Xoyjaz|Was top 3 in gen 7 UU.
|
|switch|p2a: Umbreon|Umbreon, M|100/100
|move|p1a: Jellicent|Hex|p2a: Umbreon
|-resisted|p2a: Umbreon
|-damage|p2a: Umbreon|95/100
|
|-heal|p2a: Umbreon|100/100|[from] item: Leftovers
|upkeep
|turn|7
|c|☆ASSOLO IL RE|no u werent LOOOOL
|inactive|Xoyjaz has 120 seconds left.
|inactive|ASSOLO IL RE has 120 seconds left.
|c|☆Xoyjaz|Want screenshots?
|c|☆ASSOLO IL RE|[Gen 7] UU	1533	84.5%	1826 ± 70	64	10	74
|c|☆ASSOLO IL RE|enough of the talking.
|c|☆Xoyjaz|Thats because I havnt played
|inactive|Xoyjaz has 90 seconds left.
|inactive|ASSOLO IL RE has 90 seconds left.
|c|☆Xoyjaz|I clap your cheeks fam
|c|☆ASSOLO IL RE|ok
|
|switch|p1a: Arcanine|Arcanine, M|100/100
|-ability|p1a: Arcanine|Intimidate|boost
|-unboost|p2a: Umbreon|atk|1
|move|p2a: Umbreon|Yawn|p1a: Arcanine
|-start|p1a: Arcanine|move: Yawn|[of] p2a: Umbreon
|
|upkeep
|turn|8
|inactive|ASSOLO IL RE has 90 seconds left.
|
|switch|p1a: Rhyperior|Rhyperior, M|100/100
|switch|p2a: Rhyperior|Rhyperior, M|94/100 brn
|
|-heal|p2a: Rhyperior|100/100 brn|[from] item: Leftovers
|-damage|p2a: Rhyperior|94/100 brn|[from] brn
|upkeep
|turn|9
|
|move|p2a: Rhyperior|Stealth Rock|p1a: Rhyperior
|-sidestart|p1: Xoyjaz|move: Stealth Rock
|move|p1a: Rhyperior|Stealth Rock|p2a: Rhyperior
|-sidestart|p2: ASSOLO IL RE|move: Stealth Rock
|
|-heal|p2a: Rhyperior|100/100 brn|[from] item: Leftovers
|-damage|p2a: Rhyperior|94/100 brn|[from] brn
|upkeep
|turn|10
|
|switch|p2a: Weezing|Weezing-Galar, F|100/100
|-damage|p2a: Weezing|88/100|[from] Stealth Rock
|move|p1a: Rhyperior|Earthquake|p2a: Weezing
|-immune|p2a: Weezing|[from] ability: Levitate
|
|-heal|p2a: Weezing|94/100|[from] item: Black Sludge
|upkeep
|turn|11
|
|switch|p2a: Haxorus|Haxorus, F|100/100
|-damage|p2a: Haxorus|88/100|[from] Stealth Rock
|-ability|p2a: Haxorus|Mold Breaker
|move|p1a: Rhyperior|Protect||[still]
|-fail|p1a: Rhyperior
|
|upkeep
|turn|12
|c|☆Xoyjaz|Stay hydrated
|
|move|p2a: Haxorus|Earthquake|p1a: Rhyperior
|-supereffective|p1a: Rhyperior
|-damage|p1a: Rhyperior|43/100
|move|p1a: Rhyperior|Earthquake|p2a: Haxorus
|-damage|p2a: Haxorus|22/100
|
|-heal|p1a: Rhyperior|49/100|[from] item: Leftovers
|upkeep
|turn|13
|inactive|Xoyjaz has 120 seconds left.
|
|move|p1a: Rhyperior|Protect|p1a: Rhyperior
|-singleturn|p1a: Rhyperior|Protect
|move|p2a: Haxorus|Earthquake|p1a: Rhyperior
|-activate|p1a: Rhyperior|move: Protect
|
|-heal|p1a: Rhyperior|56/100|[from] item: Leftovers
|upkeep
|turn|14
|
|move|p1a: Rhyperior|Protect|p1a: Rhyperior
|-singleturn|p1a: Rhyperior|Protect
|move|p2a: Haxorus|Earthquake|p1a: Rhyperior
|-activate|p1a: Rhyperior|move: Protect
|
|-heal|p1a: Rhyperior|62/100|[from] item: Leftovers
|upkeep
|turn|15
|c|☆ASSOLO IL RE|BRO
|c|☆ASSOLO IL RE|U KIDS ARE SO BAD WHAT IN THE FUCK
|c|☆Xoyjaz|ez
|c|☆ASSOLO IL RE|LOLOLOL]
|inactive|ASSOLO IL RE has 120 seconds left.
|c|☆Xoyjaz|Your rage is like a syphony to my balls
|
|switch|p2a: Weezing|Weezing-Galar, F|94/100
|-damage|p2a: Weezing|82/100|[from] Stealth Rock
|move|p1a: Rhyperior|Rock Blast|p2a: Weezing
|-damage|p2a: Weezing|73/100
|-damage|p2a: Weezing|64/100
|-hitcount|p2a: Weezing|2
|
|-heal|p2a: Weezing|70/100|[from] item: Black Sludge
|-heal|p1a: Rhyperior|68/100|[from] item: Leftovers
|upkeep
|turn|16
|inactive|ASSOLO IL RE has 120 seconds left.
|
|switch|p1a: Salazzle|Salazzle, F|100/100
|-damage|p1a: Salazzle|76/100|[from] Stealth Rock
|move|p2a: Weezing|Strange Steam|p1a: Salazzle
|-resisted|p1a: Salazzle
|-damage|p1a: Salazzle|63/100
|
|-heal|p2a: Weezing|76/100|[from] item: Black Sludge
|upkeep
|turn|17
|c|☆Xoyjaz|Ok enough baby plays
|c|☆Xoyjaz|Lets crank it up
|
|switch|p2a: Rhyperior|Rhyperior, M|94/100 brn
|-damage|p2a: Rhyperior|88/100 brn|[from] Stealth Rock
|move|p1a: Salazzle|Sludge Wave|p2a: Rhyperior
|-resisted|p2a: Rhyperior
|-damage|p2a: Rhyperior|71/100 brn
|
|-heal|p2a: Rhyperior|77/100 brn|[from] item: Leftovers
|-damage|p2a: Rhyperior|71/100 brn|[from] brn
|upkeep
|turn|18
|
|switch|p1a: Arcanine|Arcanine, M|100/100
|-ability|p1a: Arcanine|Intimidate|boost
|-unboost|p2a: Rhyperior|atk|1
|move|p2a: Rhyperior|Rock Blast|p1a: Arcanine
|-supereffective|p1a: Arcanine
|-damage|p1a: Arcanine|94/100
|-supereffective|p1a: Arcanine
|-damage|p1a: Arcanine|87/100
|-supereffective|p1a: Arcanine
|-damage|p1a: Arcanine|80/100
|-supereffective|p1a: Arcanine
|-damage|p1a: Arcanine|73/100
|-hitcount|p1a: Arcanine|4
|
|-heal|p2a: Rhyperior|77/100 brn|[from] item: Leftovers
|-damage|p2a: Rhyperior|71/100 brn|[from] brn
|upkeep
|turn|19
|c|☆ASSOLO IL RE|dont ever call yourself good again
|c|☆ASSOLO IL RE|when u switch an arcanine
|c|☆ASSOLO IL RE|into a rhyperior
|c|☆Xoyjaz|I never did, you did
|inactive|ASSOLO IL RE has 120 seconds left.
|
|move|p1a: Arcanine|Morning Sun|p1a: Arcanine
|-heal|p1a: Arcanine|100/100
|move|p2a: Rhyperior|Earthquake|p1a: Arcanine
|-supereffective|p1a: Arcanine
|-damage|p1a: Arcanine|74/100
|
|-heal|p2a: Rhyperior|77/100 brn|[from] item: Leftovers
|-damage|p2a: Rhyperior|71/100 brn|[from] brn
|upkeep
|turn|20
|c|☆Xoyjaz|You sound like that 1300 player that cant get past 1400
|c|☆Xoyjaz|and when he did he start calling himself the UU moral police
|inactive|ASSOLO IL RE has 120 seconds left.
|c|☆ASSOLO IL RE|do u know who your talking too?
|c| SkipTheDripBayless|LOL
|c|☆Xoyjaz|Yeah and asshole
|c|☆ASSOLO IL RE|good
|c|☆Xoyjaz|who is getting his ass ripped
|c|☆Xoyjaz|apart
|c|☆ASSOLO IL RE|ok
|inactive|Xoyjaz has 120 seconds left.
|c|☆ASSOLO IL RE|glad u know
|
|switch|p1a: Jellicent|Jellicent, M|100/100
|-damage|p1a: Jellicent|88/100|[from] Stealth Rock
|move|p2a: Rhyperior|Swords Dance|p2a: Rhyperior
|-boost|p2a: Rhyperior|atk|2
|
|-heal|p1a: Jellicent|94/100|[from] item: Leftovers
|-heal|p2a: Rhyperior|77/100 brn|[from] item: Leftovers
|-damage|p2a: Rhyperior|71/100 brn|[from] brn
|upkeep
|turn|21
|inactive|ASSOLO IL RE has 120 seconds left.
|
|switch|p2a: Umbreon|Umbreon, M|100/100
|-damage|p2a: Umbreon|88/100|[from] Stealth Rock
|move|p1a: Jellicent|Taunt|p2a: Umbreon
|-start|p2a: Umbreon|move: Taunt
|
|-heal|p1a: Jellicent|100/100|[from] item: Leftovers
|-heal|p2a: Umbreon|94/100|[from] item: Leftovers
|upkeep
|turn|22
|inactive|ASSOLO IL RE has 120 seconds left.
|
|move|p1a: Jellicent|Strength Sap|p2a: Umbreon
|-unboost|p2a: Umbreon|atk|1
|move|p2a: Umbreon|Foul Play|p1a: Jellicent
|-supereffective|p1a: Jellicent
|-damage|p1a: Jellicent|63/100
|
|-heal|p1a: Jellicent|70/100|[from] item: Leftovers
|-heal|p2a: Umbreon|99/100|[from] item: Leftovers
|upkeep
|turn|23
|inactive|ASSOLO IL RE has 120 seconds left.
|
|switch|p2a: Weezing|Weezing-Galar, F|76/100
|-damage|p2a: Weezing|63/100|[from] Stealth Rock
|move|p1a: Jellicent|Will-O-Wisp|p2a: Weezing
|-status|p2a: Weezing|brn
|
|-heal|p1a: Jellicent|76/100|[from] item: Leftovers
|-heal|p2a: Weezing|69/100 brn|[from] item: Black Sludge
|-damage|p2a: Weezing|63/100 brn|[from] brn
|upkeep
|turn|24
|
|move|p1a: Jellicent|Hex|p2a: Weezing
|-damage|p2a: Weezing|18/100 brn
|move|p2a: Weezing|Toxic|p1a: Jellicent
|-status|p1a: Jellicent|tox
|
|-heal|p1a: Jellicent|82/100 tox|[from] item: Leftovers
|-heal|p2a: Weezing|24/100 brn|[from] item: Black Sludge
|-damage|p1a: Jellicent|76/100 tox|[from] psn
|-damage|p2a: Weezing|18/100 brn|[from] brn
|upkeep
|turn|25
|
|switch|p2a: Umbreon|Umbreon, M|99/100
|-damage|p2a: Umbreon|88/100|[from] Stealth Rock
|move|p1a: Jellicent|Hex|p2a: Umbreon
|-resisted|p2a: Umbreon
|-damage|p2a: Umbreon|82/100
|
|-heal|p1a: Jellicent|82/100 tox|[from] item: Leftovers
|-heal|p2a: Umbreon|89/100|[from] item: Leftovers
|-damage|p1a: Jellicent|70/100 tox|[from] psn
|upkeep
|turn|26
|l| kickassin666
|
|move|p1a: Jellicent|Will-O-Wisp|p2a: Umbreon|[miss]
|-miss|p1a: Jellicent|p2a: Umbreon
|move|p2a: Umbreon|Wish|p2a: Umbreon
|
|-heal|p1a: Jellicent|76/100 tox|[from] item: Leftovers
|-heal|p2a: Umbreon|95/100|[from] item: Leftovers
|-damage|p1a: Jellicent|57/100 tox|[from] psn
|upkeep
|turn|27
|j| ViniciusYH
|inactive|ASSOLO IL RE has 120 seconds left.
|
|switch|p2a: Weezing|Weezing-Galar, F|18/100 brn
|-damage|p2a: Weezing|6/100 brn|[from] Stealth Rock
|move|p1a: Jellicent|Hex|p2a: Weezing
|-damage|p2a: Weezing|0 fnt
|faint|p2a: Weezing
|
|-heal|p1a: Jellicent|63/100 tox|[from] item: Leftovers
|-damage|p1a: Jellicent|39/100 tox|[from] psn
|upkeep
|
|switch|p2a: Haxorus|Haxorus, F|22/100
|-damage|p2a: Haxorus|10/100|[from] Stealth Rock
|-ability|p2a: Haxorus|Mold Breaker
|turn|28
|c|☆Xoyjaz|Prebunked
|
|switch|p1a: Arcanine|Arcanine, M|74/100
|-ability|p1a: Arcanine|Intimidate|boost
|-unboost|p2a: Haxorus|atk|1
|move|p2a: Haxorus|Earthquake|p1a: Arcanine
|-supereffective|p1a: Arcanine
|-damage|p1a: Arcanine|18/100
|
|upkeep
|turn|29
|inactive|ASSOLO IL RE has 120 seconds left.
|
|switch|p2a: Inteleon|Inteleon, M|94/100 brn
|-damage|p2a: Inteleon|82/100 brn|[from] Stealth Rock
|move|p1a: Arcanine|Morning Sun|p1a: Arcanine
|-heal|p1a: Arcanine|68/100
|
|-damage|p2a: Inteleon|76/100 brn|[from] brn
|upkeep
|turn|30
|
|move|p2a: Inteleon|Dark Pulse|p1a: Arcanine
|-damage|p1a: Arcanine|38/100
|move|p1a: Arcanine|Morning Sun|p1a: Arcanine
|-heal|p1a: Arcanine|88/100
|
|-damage|p2a: Inteleon|70/100 brn|[from] brn
|upkeep
|turn|31
|
|switch|p2a: Rhyperior|Rhyperior, M|71/100 brn
|-damage|p2a: Rhyperior|65/100 brn|[from] Stealth Rock
|move|p1a: Arcanine|Flamethrower|p2a: Rhyperior
|-resisted|p2a: Rhyperior
|-damage|p2a: Rhyperior|50/100 brn
|
|-heal|p2a: Rhyperior|57/100 brn|[from] item: Leftovers
|-damage|p2a: Rhyperior|50/100 brn|[from] brn
|upkeep
|turn|32
|
|switch|p1a: Rhyperior|Rhyperior, M|68/100
|-damage|p1a: Rhyperior|62/100|[from] Stealth Rock
|move|p2a: Rhyperior|Earthquake|p1a: Rhyperior
|-supereffective|p1a: Rhyperior
|-damage|p1a: Rhyperior|43/100
|
|-heal|p2a: Rhyperior|57/100 brn|[from] item: Leftovers
|-heal|p1a: Rhyperior|49/100|[from] item: Leftovers
|-damage|p2a: Rhyperior|50/100 brn|[from] brn
|upkeep
|turn|33
|c|☆Xoyjaz|One day I am going to tell the story about you
|
|move|p2a: Rhyperior|Swords Dance|p2a: Rhyperior
|-boost|p2a: Rhyperior|atk|2
|move|p1a: Rhyperior|Earthquake|p2a: Rhyperior
|-supereffective|p2a: Rhyperior
|-damage|p2a: Rhyperior|0 fnt
|faint|p2a: Rhyperior
|
|-heal|p1a: Rhyperior|55/100|[from] item: Leftovers
|upkeep
|c|☆ASSOLO IL RE|ya u want my nuts
|c|☆ASSOLO IL RE|i understand
|c|☆Xoyjaz|One day hopefully
|c|☆Xoyjaz|I will tell how we remembered you and such
|c|☆Xoyjaz|Like the asshole you were
|inactive|ASSOLO IL RE has 120 seconds left.
|c|☆ASSOLO IL RE|good
|c|☆Xoyjaz|Perfect example of karma
|c|☆ASSOLO IL RE|u want my nuts in your mouth?
|c|☆ASSOLO IL RE|fucking weirdo
|c| SkipTheDripBayless|lol
|c|☆Xoyjaz|How perverted you also was
|
|switch|p2a: Frosmoth|Frosmoth, F|100/100
|turn|34
|
|move|p2a: Frosmoth|Giga Drain|p1a: Rhyperior
|-supereffective|p1a: Rhyperior
|-damage|p1a: Rhyperior|0 fnt
|faint|p1a: Rhyperior
|
|upkeep
|
|switch|p1a: Salazzle|Salazzle, F|63/100
|-damage|p1a: Salazzle|38/100|[from] Stealth Rock
|turn|35
|inactive|ASSOLO IL RE has 120 seconds left.
|
|switch|p2a: Haxorus|Haxorus, F|10/100
|-damage|p2a: Haxorus|0 fnt|[from] Stealth Rock
|faint|p2a: Haxorus
|move|p1a: Salazzle|Fire Blast|p2: Haxorus|[notarget]
|-fail|p1a: Salazzle
|
|upkeep
|inactive|ASSOLO IL RE has 120 seconds left.
|
|switch|p2a: Inteleon|Inteleon, M|70/100 brn
|-damage|p2a: Inteleon|57/100 brn|[from] Stealth Rock
|turn|36
|
|move|p2a: Inteleon|Hydro Pump|p1a: Salazzle|[miss]
|-miss|p2a: Inteleon|p1a: Salazzle
|move|p1a: Salazzle|Fire Blast|p2a: Inteleon|[miss]
|-miss|p1a: Salazzle|p2a: Inteleon
|
|-damage|p2a: Inteleon|51/100 brn|[from] brn
|upkeep
|turn|37
|c|☆Xoyjaz|ok now that sucks
|c|☆Xoyjaz|ill be fair
|inactive|ASSOLO IL RE has 120 seconds left.
|
|move|p2a: Inteleon|Hydro Pump|p1a: Salazzle|[miss]
|-miss|p2a: Inteleon|p1a: Salazzle
|move|p1a: Salazzle|Fire Blast|p2a: Inteleon
|-resisted|p2a: Inteleon
|-damage|p2a: Inteleon|0 fnt
|faint|p2a: Inteleon
|
|upkeep
|inactive|ASSOLO IL RE has 120 seconds left.
|c|☆Xoyjaz|really sucks
|c|☆Xoyjaz|sorry
|
|switch|p2a: Umbreon|Umbreon, M|95/100
|-damage|p2a: Umbreon|82/100|[from] Stealth Rock
|turn|38
|l| SkipTheDripBayless
|
|move|p1a: Salazzle|Fire Blast|p2a: Umbreon
|-damage|p2a: Umbreon|36/100
|move|p2a: Umbreon|Foul Play|p1a: Salazzle
|-damage|p1a: Salazzle|10/100
|
|-heal|p2a: Umbreon|42/100|[from] item: Leftovers
|upkeep
|turn|39
|
|move|p2a: Umbreon|Protect|p2a: Umbreon
|-singleturn|p2a: Umbreon|Protect
|move|p1a: Salazzle|Fire Blast|p2a: Umbreon
|-activate|p2a: Umbreon|move: Protect
|
|-heal|p2a: Umbreon|48/100|[from] item: Leftovers
|upkeep
|turn|40
|c|☆Xoyjaz|but the win was inevitable
|
|move|p1a: Salazzle|Fire Blast|p2a: Umbreon
|-damage|p2a: Umbreon|3/100
|-status|p2a: Umbreon|brn
|-activate|p2a: Umbreon|ability: Synchronize
|-immune|p1a: Salazzle
|move|p2a: Umbreon|Wish|p2a: Umbreon
|
|-heal|p2a: Umbreon|9/100 brn|[from] item: Leftovers
|-damage|p2a: Umbreon|3/100 brn|[from] brn
|upkeep
|turn|41
|
|move|p2a: Umbreon|Protect|p2a: Umbreon
|-singleturn|p2a: Umbreon|Protect
|move|p1a: Salazzle|Fire Blast|p2a: Umbreon
|-activate|p2a: Umbreon|move: Protect
|
|-heal|p2a: Umbreon|53/100 brn|[from] move: Wish|[wisher] Umbreon
|-heal|p2a: Umbreon|59/100 brn|[from] item: Leftovers
|-damage|p2a: Umbreon|53/100 brn|[from] brn
|upkeep
|turn|42
|
|move|p1a: Salazzle|Fire Blast|p2a: Umbreon
|-damage|p2a: Umbreon|8/100 brn
|move|p2a: Umbreon|Wish|p2a: Umbreon
|
|-heal|p2a: Umbreon|14/100 brn|[from] item: Leftovers
|-damage|p2a: Umbreon|8/100 brn|[from] brn
|upkeep
|turn|43
|
|-activate|p1a: Salazzle|move: Struggle
|move|p1a: Salazzle|Struggle|p2a: Umbreon
|-damage|p2a: Umbreon|3/100 brn
|-damage|p1a: Salazzle|0 fnt|[from] recoil
|faint|p1a: Salazzle
|move|p2a: Umbreon|Foul Play|p1: Salazzle|[notarget]
|-fail|p2a: Umbreon
|
|-heal|p2a: Umbreon|53/100 brn|[from] move: Wish|[wisher] Umbreon
|-heal|p2a: Umbreon|59/100 brn|[from] item: Leftovers
|-damage|p2a: Umbreon|53/100 brn|[from] brn
|upkeep
|
|switch|p1a: Haxorus|Haxorus, F, shiny|100/100
|-damage|p1a: Haxorus|88/100|[from] Stealth Rock
|-ability|p1a: Haxorus|Mold Breaker
|turn|44
|
|move|p1a: Haxorus|Close Combat|p2a: Umbreon
|-supereffective|p2a: Umbreon
|-damage|p2a: Umbreon|0 fnt
|-unboost|p1a: Haxorus|def|1
|-unboost|p1a: Haxorus|spd|1
|faint|p2a: Umbreon
|
|upkeep
|
|switch|p2a: Frosmoth|Frosmoth, F|100/100
|turn|45
|
|move|p1a: Haxorus|Close Combat|p2a: Frosmoth
|-damage|p2a: Frosmoth|0 fnt
|-unboost|p1a: Haxorus|def|1
|-unboost|p1a: Haxorus|spd|1
|faint|p2a: Frosmoth
|
|win|Xoyjaz
|l|☆ASSOLO IL RE
|c|☆Xoyjaz|gg fammo
|c|☆Xoyjaz|top 10
|raw|Xoyjaz's rating: 1575 &rarr; <strong>1594</strong><br />(+19 for winning)
|raw|ASSOLO IL RE's rating: 1559 &rarr; <strong>1540</strong><br />(-19 for losing)
|c|☆Xoyjaz|Rest in pieaces fammo
|j| SkipTheDripBayless
|c|☆Xoyjaz|rest in pieaces <3
|c|☆Xoyjaz|Remember my name
|l| ViniciusYH
