|j|☆Puppyvolcano
|j|☆Solobigbagalert@!
|t:|1602898742
|player|p1|Puppyvolcano|medium|1659
|player|p2|Solobigbagalert|lucas|1725
|teamsize|p1|6
|teamsize|p2|6
|gametype|singles
|gen|8
|tier|[Gen 8] UU
|rated|
|clearpoke
|poke|p1|Zarude|
|poke|p1|Incineroar, M|
|poke|p1|Slowbro, M|
|poke|p1|Chansey, F|
|poke|p1|Keldeo-Resolute|
|poke|p1|Scyther, M|
|poke|p2|Araquanid, F|
|poke|p2|Mimikyu, M|
|poke|p2|Bisharp, F|
|poke|p2|Noivern, M|
|poke|p2|Cobalion|
|poke|p2|Necrozma|
|rule|Sleep Clause Mod: Limit one foe put to sleep
|rule|Species Clause: Limit one of each Pokémon
|rule|OHKO Clause: OHKO moves are banned
|rule|Evasion Moves Clause: Evasion moves are banned
|rule|Endless Battle Clause: Forcing endless battles is banned
|rule|HP Percentage Mod: HP is shown in percentages
|rule|Dynamax Clause: You cannot dynamax
|teampreview
|inactive|Battle timer is ON: inactive players will automatically lose when time's up. (requested by Puppyvolcano)
|
|t:|1602898769
|start
|switch|p1a: Scyther|Scyther, M|100/100
|switch|p2a: Noivern|Noivern, M|100/100
|turn|1
|j| Cowboy Corby
|inactive|Puppyvolcano has 120 seconds left.
|
|t:|1602898809
|switch|p1a: Chansey|Chansey, F|100/100
|move|p2a: Noivern|U-turn|p1a: Chansey
|-damage|p1a: Chansey|93/100
|
|t:|1602898813
|switch|p2a: Cobalion|Cobalion|100/100|[from]move: U-turn
|
|upkeep
|turn|2
|
|t:|1602898817
|switch|p1a: Keldeo|Keldeo-Resolute|100/100
|move|p2a: Cobalion|Stealth Rock|p1a: Keldeo
|-sidestart|p1: Puppyvolcano|move: Stealth Rock
|
|upkeep
|turn|3
|
|t:|1602898821
|switch|p2a: Araquanid|Araquanid, F|100/100
|move|p1a: Keldeo|Scald|p2a: Araquanid
|-resisted|p2a: Araquanid
|-damage|p2a: Araquanid|85/100
|
|upkeep
|turn|4
|
|t:|1602898829
|move|p1a: Keldeo|Substitute|p1a: Keldeo
|-start|p1a: Keldeo|Substitute
|-damage|p1a: Keldeo|76/100
|move|p2a: Araquanid|Sticky Web|p1a: Keldeo
|-sidestart|p1: Puppyvolcano|move: Sticky Web
|
|-heal|p1a: Keldeo|82/100|[from] item: Leftovers
|upkeep
|turn|5
|
|t:|1602898835
|switch|p2a: Noivern|Noivern, M|100/100
|move|p1a: Keldeo|Calm Mind|p1a: Keldeo
|-boost|p1a: Keldeo|spa|1
|-boost|p1a: Keldeo|spd|1
|
|-heal|p1a: Keldeo|88/100|[from] item: Leftovers
|upkeep
|turn|6
|
|t:|1602898838
|move|p2a: Noivern|Draco Meteor|p1a: Keldeo
|-damage|p1a: Keldeo|52/100
|-unboost|p2a: Noivern|spa|2
|move|p1a: Keldeo|Calm Mind|p1a: Keldeo
|-boost|p1a: Keldeo|spa|1
|-boost|p1a: Keldeo|spd|1
|
|-heal|p1a: Keldeo|58/100|[from] item: Leftovers
|upkeep
|turn|7
|
|t:|1602898846
|move|p2a: Noivern|Draco Meteor|p1a: Keldeo
|-damage|p1a: Keldeo|46/100
|-unboost|p2a: Noivern|spa|2
|move|p1a: Keldeo|Calm Mind|p1a: Keldeo
|-boost|p1a: Keldeo|spa|1
|-boost|p1a: Keldeo|spd|1
|
|-heal|p1a: Keldeo|52/100|[from] item: Leftovers
|upkeep
|turn|8
|inactive|Solobigbagalert has 120 seconds left.
|j| Eltobogandepiojos
|
|t:|1602898904
|move|p2a: Noivern|Draco Meteor|p1a: Keldeo
|-damage|p1a: Keldeo|44/100
|-unboost|p2a: Noivern|spa|2
|move|p1a: Keldeo|Scald|p2a: Noivern
|-resisted|p2a: Noivern
|-damage|p2a: Noivern|48/100
|
|-heal|p1a: Keldeo|50/100|[from] item: Leftovers
|upkeep
|turn|9
|
|t:|1602898914
|move|p2a: Noivern|Draco Meteor|p1a: Keldeo|[miss]
|-miss|p2a: Noivern|p1a: Keldeo
|move|p1a: Keldeo|Scald|p2a: Noivern
|-resisted|p2a: Noivern
|-damage|p2a: Noivern|0 fnt
|faint|p2a: Noivern
|
|-heal|p1a: Keldeo|56/100|[from] item: Leftovers
|upkeep
|
|t:|1602898923
|switch|p2a: Cobalion|Cobalion|100/100
|turn|10
|
|t:|1602898925
|move|p1a: Keldeo|Secret Sword|p2a: Cobalion
|-supereffective|p2a: Cobalion
|-damage|p2a: Cobalion|0 fnt
|faint|p2a: Cobalion
|
|-heal|p1a: Keldeo|63/100|[from] item: Leftovers
|upkeep
|
|t:|1602898935
|switch|p2a: Mimikyu|Mimikyu, M|100/100
|turn|11
|
|t:|1602898938
|move|p1a: Keldeo|Scald|p2a: Mimikyu
|-activate|p2a: Mimikyu|ability: Disguise
|-damage|p2a: Mimikyu|100/100
|detailschange|p2a: Mimikyu|Mimikyu-Busted, M
|-damage|p2a: Mimikyu|88/100|[from] pokemon: Mimikyu-Busted
|move|p2a: Mimikyu|Play Rough|p1a: Keldeo
|-supereffective|p1a: Keldeo
|-end|p1a: Keldeo|Substitute
|-damage|p2a: Mimikyu|78/100|[from] item: Life Orb
|
|-heal|p1a: Keldeo|69/100|[from] item: Leftovers
|upkeep
|turn|12
|inactive|Solobigbagalert has 120 seconds left.
|
|t:|1602898946
|move|p2a: Mimikyu|Shadow Sneak|p1a: Keldeo
|-damage|p1a: Keldeo|49/100
|-damage|p2a: Mimikyu|68/100|[from] item: Life Orb
|move|p1a: Keldeo|Scald|p2a: Mimikyu
|-damage|p2a: Mimikyu|0 fnt
|faint|p2a: Mimikyu
|
|-heal|p1a: Keldeo|55/100|[from] item: Leftovers
|upkeep
|inactive|Solobigbagalert has 120 seconds left.
|
|t:|1602898958
|switch|p2a: Bisharp|Bisharp, F|100/100
|turn|13
|
|t:|1602898961
|move|p2a: Bisharp|Sucker Punch|p1a: Keldeo
|-resisted|p1a: Keldeo
|-damage|p1a: Keldeo|32/100
|-ability|p1a: Keldeo|Justified|boost
|-boost|p1a: Keldeo|atk|1
|move|p1a: Keldeo|Secret Sword|p2a: Bisharp
|-supereffective|p2a: Bisharp
|-damage|p2a: Bisharp|0 fnt
|faint|p2a: Bisharp
|
|-heal|p1a: Keldeo|39/100|[from] item: Leftovers
|upkeep
|
|t:|1602898967
|switch|p2a: Necrozma|Necrozma|100/100
|turn|14
|
|t:|1602898972
|move|p1a: Keldeo|Scald|p2a: Necrozma
|-damage|p2a: Necrozma|1/100
|move|p2a: Necrozma|Autotomize|p2a: Necrozma
|-boost|p2a: Necrozma|spe|2
|-start|p2a: Necrozma|Autotomize
|
|-heal|p1a: Keldeo|45/100|[from] item: Leftovers
|upkeep
|turn|15
|
|t:|1602898980
|move|p2a: Necrozma|Photon Geyser|p1a: Keldeo
|-supereffective|p1a: Keldeo
|-damage|p1a: Keldeo|4/100
|move|p1a: Keldeo|Scald|p2a: Necrozma
|-damage|p2a: Necrozma|0 fnt
|faint|p2a: Necrozma
|
|-heal|p1a: Keldeo|10/100|[from] item: Leftovers
|upkeep
|l| Eltobogandepiojos
|-message|Solobigbagalert forfeited.
|
|win|Puppyvolcano
|l|☆Solobigbagalert
|raw|Puppyvolcano's rating: 1638 &rarr; <strong>1663</strong><br />(+25 for winning)
|raw|Solobigbagalert's rating: 1725 &rarr; <strong>1700</strong><br />(-25 for losing)
|l|☆Puppyvolcano
|j| taxicabby
