|j|☆lanouille
|j|☆nerdpants19
|t:|1612960332
|player|p1|lanouille|tuber|1342
|player|p2|nerdpants19|riley|1327
|teamsize|p1|6
|teamsize|p2|6
|gametype|singles
|gen|8
|tier|[Gen 8] UU
|rated|
|clearpoke
|poke|p1|Kommo-o, F|
|poke|p1|Incineroar, M|
|poke|p1|Ditto|
|poke|p1|Rotom-Heat|
|poke|p1|Nihilego|
|poke|p1|Jirachi|
|poke|p2|Magnezone|
|poke|p2|Keldeo-Resolute|
|poke|p2|Scizor, F|
|poke|p2|Salamence, F|
|poke|p2|Zygarde-10%|
|poke|p2|Amoonguss, F|
|rule|Sleep Clause Mod: Limit one foe put to sleep
|rule|Species Clause: Limit one of each Pokémon
|rule|OHKO Clause: OHKO moves are banned
|rule|Evasion Moves Clause: Evasion moves are banned
|rule|Endless Battle Clause: Forcing endless battles is banned
|rule|HP Percentage Mod: HP is shown in percentages
|rule|Dynamax Clause: You cannot dynamax
|teampreview
|
|t:|1612960345
|start
|switch|p1a: Incineroar|Incineroar, M|100/100
|switch|p2a: Keldeo|Keldeo-Resolute|100/100
|-ability|p1a: Incineroar|Intimidate|boost
|-unboost|p2a: Keldeo|atk|1
|turn|1
|inactive|Battle timer is ON: inactive players will automatically lose when time's up. (requested by lanouille)
|
|t:|1612960369
|switch|p1a: Jirachi|Jirachi|100/100
|move|p2a: Keldeo|Secret Sword|p1a: Jirachi
|-damage|p1a: Jirachi|46/100
|
|-heal|p1a: Jirachi|52/100|[from] item: Leftovers
|upkeep
|turn|2
|
|t:|1612960385
|move|p2a: Keldeo|Secret Sword|p1a: Jirachi
|-damage|p1a: Jirachi|1/100
|move|p1a: Jirachi|U-turn|p2a: Keldeo
|-resisted|p2a: Keldeo
|-damage|p2a: Keldeo|92/100
|
|t:|1612960392
|switch|p1a: Kommo-o|Kommo-o, F|100/100|[from]move: U-turn
|
|upkeep
|turn|3
|
|t:|1612960397
|move|p2a: Keldeo|Secret Sword|p1a: Kommo-o
|-damage|p1a: Kommo-o|34/100
|move|p1a: Kommo-o|Clangorous Soul|p1a: Kommo-o
|-boost|p1a: Kommo-o|atk|1
|-boost|p1a: Kommo-o|def|1
|-boost|p1a: Kommo-o|spa|1
|-boost|p1a: Kommo-o|spd|1
|-boost|p1a: Kommo-o|spe|1
|-damage|p1a: Kommo-o|1/100
|
|-heal|p1a: Kommo-o|7/100|[from] item: Leftovers
|upkeep
|turn|4
|
|t:|1612960421
|switch|p2a: Scizor|Scizor, F|100/100
|move|p1a: Kommo-o|Drain Punch|p2a: Scizor
|-damage|p2a: Scizor|52/100
|-heal|p1a: Kommo-o|35/100|[from] drain|[of] p2a: Scizor
|
|-heal|p1a: Kommo-o|41/100|[from] item: Leftovers
|upkeep
|turn|5
|
|t:|1612960433
|switch|p2a: Amoonguss|Amoonguss, F|100/100
|move|p1a: Kommo-o|Drain Punch|p2a: Amoonguss
|-resisted|p2a: Amoonguss
|-damage|p2a: Amoonguss|74/100
|-heal|p1a: Kommo-o|60/100|[from] drain|[of] p2a: Amoonguss
|
|-heal|p1a: Kommo-o|66/100|[from] item: Leftovers
|-heal|p2a: Amoonguss|81/100|[from] item: Black Sludge
|upkeep
|turn|6
|
|t:|1612960449
|move|p1a: Kommo-o|Clangorous Soul|p1a: Kommo-o
|-boost|p1a: Kommo-o|atk|1
|-boost|p1a: Kommo-o|def|1
|-boost|p1a: Kommo-o|spa|1
|-boost|p1a: Kommo-o|spd|1
|-boost|p1a: Kommo-o|spe|1
|-damage|p1a: Kommo-o|33/100
|move|p2a: Amoonguss|Spore|p1a: Kommo-o
|-immune|p1a: Kommo-o|[from] ability: Overcoat
|
|-heal|p1a: Kommo-o|40/100|[from] item: Leftovers
|-heal|p2a: Amoonguss|87/100|[from] item: Black Sludge
|upkeep
|turn|7
|
|t:|1612960463
|move|p1a: Kommo-o|Substitute|p1a: Kommo-o
|-start|p1a: Kommo-o|Substitute
|-damage|p1a: Kommo-o|15/100
|move|p2a: Amoonguss|Toxic||[still]
|-fail|p2a: Amoonguss
|
|-heal|p1a: Kommo-o|21/100|[from] item: Leftovers
|-heal|p2a: Amoonguss|93/100|[from] item: Black Sludge
|upkeep
|turn|8
|
|t:|1612960480
|move|p1a: Kommo-o|Drain Punch|p2a: Amoonguss
|-resisted|p2a: Amoonguss
|-damage|p2a: Amoonguss|59/100
|-heal|p1a: Kommo-o|47/100|[from] drain|[of] p2a: Amoonguss
|move|p2a: Amoonguss|Foul Play|p1a: Kommo-o
|-resisted|p1a: Kommo-o
|-activate|p1a: Kommo-o|move: Substitute|[damage]
|
|-heal|p1a: Kommo-o|53/100|[from] item: Leftovers
|-heal|p2a: Amoonguss|65/100|[from] item: Black Sludge
|upkeep
|turn|9
|
|t:|1612960491
|switch|p2a: Salamence|Salamence, F|100/100
|-ability|p2a: Salamence|Intimidate|boost
|-immune|p1a: Kommo-o
|move|p1a: Kommo-o|Clangorous Soul|p1a: Kommo-o
|-boost|p1a: Kommo-o|atk|1
|-boost|p1a: Kommo-o|def|1
|-boost|p1a: Kommo-o|spa|1
|-boost|p1a: Kommo-o|spd|1
|-boost|p1a: Kommo-o|spe|1
|-damage|p1a: Kommo-o|20/100
|
|-heal|p1a: Kommo-o|26/100|[from] item: Leftovers
|upkeep
|turn|10
|
|t:|1612960506
|move|p1a: Kommo-o|Drain Punch|p2a: Salamence
|-resisted|p2a: Salamence
|-damage|p2a: Salamence|47/100
|-heal|p1a: Kommo-o|57/100|[from] drain|[of] p2a: Salamence
|move|p2a: Salamence|Dragon Claw|p1a: Kommo-o
|-supereffective|p1a: Kommo-o
|-end|p1a: Kommo-o|Substitute
|
|-heal|p1a: Kommo-o|63/100|[from] item: Leftovers
|upkeep
|turn|11
|
|t:|1612960516
|move|p1a: Kommo-o|Drain Punch|p2a: Salamence
|-resisted|p2a: Salamence
|-damage|p2a: Salamence|0 fnt
|-heal|p1a: Kommo-o|90/100|[from] drain|[of] p2a: Salamence
|faint|p2a: Salamence
|
|-heal|p1a: Kommo-o|96/100|[from] item: Leftovers
|upkeep
|inactive|nerdpants19 has 120 seconds left.
|-message|nerdpants19 forfeited.
|
|win|lanouille
|l|☆nerdpants19
|raw|lanouille's rating: 1342 &rarr; <strong>1361</strong><br />(+19 for winning)
|raw|nerdpants19's rating: 1327 &rarr; <strong>1308</strong><br />(-19 for losing)
