|j|☆amogusroxyrrrr
|j|☆esqimo589
|t:|1662770111
|gametype|singles
|player|p1|amogusroxyrrrr|scientistf|
|player|p2|esqimo589|n|
|teamsize|p1|6
|teamsize|p2|6
|gen|8
|tier|[Gen 8] UU
|rule|Sleep Clause Mod: Limit one foe put to sleep
|rule|Species Clause: Limit one of each Pokémon
|rule|OHKO Clause: OHKO moves are banned
|rule|Evasion Items Clause: Evasion items are banned
|rule|Evasion Moves Clause: Evasion moves are banned
|rule|Endless Battle Clause: Forcing endless battles is banned
|rule|HP Percentage Mod: HP is shown in percentages
|rule|Dynamax Clause: You cannot dynamax
|clearpoke
|poke|p1|Keldeo-Resolute|
|poke|p1|Thundurus-Therian, M|
|poke|p1|Gyarados, F|
|poke|p1|Regirock|
|poke|p1|Tentacruel, F|
|poke|p1|Skarmory, F|
|poke|p2|Starmie|
|poke|p2|Hydreigon, M|
|poke|p2|Skarmory, M|
|poke|p2|Nihilego|
|poke|p2|Excadrill, M|
|poke|p2|Tangrowth, F|
|teampreview
|inactive|Battle timer is ON: inactive players will automatically lose when time's up. (requested by esqimo589)
|c|☆amogusroxyrrrr|hi
|c|☆amogusroxyrrrr|glhf
|c|☆esqimo589|im scared
|
|t:|1662770137
|start
|switch|p1a: John|Regirock|100/100
|switch|p2a: tangrussy|Tangrowth, F|100/100
|turn|1
|
|t:|1662770147
|move|p1a: John|Stealth Rock|p2a: tangrussy
|-sidestart|p2: esqimo589|move: Stealth Rock
|move|p2a: tangrussy|Power Whip|p1a: John
|-supereffective|p1a: John
|-damage|p1a: John|47/100
|
|upkeep
|turn|2
|
|t:|1662770156
|switch|p1a: Skarmory|Skarmory, F|100/100
|move|p2a: tangrussy|Knock Off|p1a: Skarmory
|-damage|p1a: Skarmory|86/100
|-damage|p2a: tangrussy|84/100|[from] item: Rocky Helmet|[of] p1a: Skarmory
|-enditem|p1a: Skarmory|Rocky Helmet|[from] move: Knock Off|[of] p2a: tangrussy
|
|upkeep
|turn|3
|
|t:|1662770165
|switch|p1a: Keldeo|Keldeo-Resolute|100/100
|switch|p2a: a fishy star|Starmie, shiny|100/100
|-damage|p2a: a fishy star|88/100|[from] Stealth Rock
|
|upkeep
|turn|4
|inactive|amogusroxyrrrr has 270 seconds left.
|
|t:|1662770196
|switch|p1a: Thundurus|Thundurus-Therian, M|100/100
|move|p2a: a fishy star|Ice Beam|p1a: Thundurus
|-supereffective|p1a: Thundurus
|-damage|p1a: Thundurus|0 fnt
|faint|p1a: Thundurus
|-damage|p2a: a fishy star|78/100|[from] item: Life Orb
|
|upkeep
|c|☆esqimo589|gottem
|inactive|amogusroxyrrrr has 270 seconds left.
|c|☆amogusroxyrrrr|i have been got
|
|t:|1662770209
|switch|p1a: John|Regirock|47/100
|turn|5
|
|t:|1662770213
|move|p2a: a fishy star|Surf|p1a: John
|-supereffective|p1a: John
|-damage|p1a: John|0 fnt
|faint|p1a: John
|-damage|p2a: a fishy star|68/100|[from] item: Life Orb
|
|upkeep
|
|t:|1662770222
|switch|p1a: Keldeo|Keldeo-Resolute|100/100
|turn|6
|c|☆esqimo589|starmie is awesome
|
|t:|1662770229
|switch|p2a: tangrussy|Tangrowth, F|100/100
|-damage|p2a: tangrussy|88/100|[from] Stealth Rock
|move|p1a: Keldeo|Hydro Pump|p2a: tangrussy
|-resisted|p2a: tangrussy
|-damage|p2a: tangrussy|61/100
|
|upkeep
|turn|7
|c|☆amogusroxyrrrr|does it even have spin
|c|☆esqimo589|no
|
|t:|1662770241
|switch|p1a: Tentacruel|Tentacruel, F|100/100
|move|p2a: tangrussy|Power Whip|p1a: Tentacruel
|-damage|p1a: Tentacruel|50/100
|
|-heal|p1a: Tentacruel|56/100|[from] item: Black Sludge
|upkeep
|turn|8
|
|t:|1662770248
|move|p1a: Tentacruel|Knock Off|p2a: tangrussy
|-damage|p2a: tangrussy|50/100
|-enditem|p2a: tangrussy|Assault Vest|[from] move: Knock Off|[of] p1a: Tentacruel
|move|p2a: tangrussy|Earthquake|p1a: Tentacruel
|-supereffective|p1a: Tentacruel
|-damage|p1a: Tentacruel|0 fnt
|faint|p1a: Tentacruel
|
|upkeep
|
|t:|1662770252
|switch|p1a: Keldeo|Keldeo-Resolute|100/100
|turn|9
|c|☆esqimo589|offensive set
|c|☆amogusroxyrrrr|i always expect spin starmie
|
|t:|1662770267
|move|p1a: Keldeo|Hydro Pump|p2a: tangrussy
|-resisted|p2a: tangrussy
|-crit|p2a: tangrussy
|-damage|p2a: tangrussy|0 fnt
|faint|p2a: tangrussy
|
|upkeep
|c|☆esqimo589|oh
|
|t:|1662770272
|switch|p2a: dragon my balls|Hydreigon, M|100/100
|-damage|p2a: dragon my balls|88/100|[from] Stealth Rock
|turn|10
|c|☆amogusroxyrrrr|rng carried
|
|t:|1662770283
|switch|p1a: Skarmory|Skarmory, F|86/100
|move|p2a: dragon my balls|Draco Meteor|p1a: Skarmory
|-resisted|p1a: Skarmory
|-damage|p1a: Skarmory|42/100
|-unboost|p2a: dragon my balls|spa|2
|
|upkeep
|turn|11
|c|☆esqimo589|no miss please
|
|t:|1662770289
|switch|p2a: im hard|Skarmory, M|100/100
|-damage|p2a: im hard|88/100|[from] Stealth Rock
|move|p1a: Skarmory|Roost|p1a: Skarmory
|-heal|p1a: Skarmory|92/100
|-singleturn|p1a: Skarmory|move: Roost
|
|upkeep
|turn|12
|
|t:|1662770293
|switch|p2a: a fishy star|Starmie, shiny|68/100
|-damage|p2a: a fishy star|56/100|[from] Stealth Rock
|move|p1a: Skarmory|Iron Defense|p1a: Skarmory
|-boost|p1a: Skarmory|def|2
|
|upkeep
|turn|13
|c|☆esqimo589|i believe gg
|c|☆amogusroxyrrrr|probs
|c|☆amogusroxyrrrr|gg
|
|t:|1662770307
|move|p2a: a fishy star|Thunderbolt|p1a: Skarmory
|-supereffective|p1a: Skarmory
|-damage|p1a: Skarmory|2/100
|-damage|p2a: a fishy star|46/100|[from] item: Life Orb
|move|p1a: Skarmory|Body Press|p2a: a fishy star
|-resisted|p2a: a fishy star
|-damage|p2a: a fishy star|0 fnt
|faint|p2a: a fishy star
|
|upkeep
|c|☆esqimo589|huh
|c|☆esqimo589|you lived
|c|☆esqimo589|somehow
|c|☆amogusroxyrrrr|wtf
|
|t:|1662770323
|switch|p2a: boost that beasts|Nihilego|100/100
|-damage|p2a: boost that beasts|88/100|[from] Stealth Rock
|turn|14
|c|☆esqimo589|i mean its still gg
|c|☆esqimo589|but wtf
|c|☆amogusroxyrrrr|dont mbeam me please and ty
|
|t:|1662770339
|switch|p1a: Keldeo|Keldeo-Resolute|100/100
|move|p2a: boost that beasts|Power Gem|p1a: Keldeo
|-resisted|p1a: Keldeo
|-damage|p1a: Keldeo|77/100
|
|-heal|p2a: boost that beasts|94/100|[from] item: Black Sludge
|upkeep
|turn|15
|c|☆esqimo589|i mean starmie only has 100 spatk
|c|☆esqimo589|so unless the opponent switches its not that strong
|inactive|amogusroxyrrrr has 270 seconds left.
|c|☆esqimo589|but still skarms spdef is like
|c|☆amogusroxyrrrr|im not even running any spdef
|c|☆esqimo589|2
|
|t:|1662770376
|switch|p2a: a mole|Excadrill, M|100/100
|-damage|p2a: a mole|97/100|[from] Stealth Rock
|-ability|p2a: a mole|Mold Breaker
|move|p1a: Keldeo|Secret Sword|p2a: a mole
|-supereffective|p2a: a mole
|-damage|p2a: a mole|0 fnt
|faint|p2a: a mole
|
|upkeep
|
|t:|1662770398
|switch|p2a: dragon my balls|Hydreigon, M|88/100
|-damage|p2a: dragon my balls|76/100|[from] Stealth Rock
|turn|16
|c|☆amogusroxyrrrr|didnt even get to show johns set other than rocks
|inactive|amogusroxyrrrr has 270 seconds left.
|
|t:|1662770404
|switch|p1a: Skarmory|Skarmory, F|2/100
|move|p2a: dragon my balls|Draco Meteor|p1a: Skarmory
|-resisted|p1a: Skarmory
|-damage|p1a: Skarmory|0 fnt
|-unboost|p2a: dragon my balls|spa|2
|faint|p1a: Skarmory
|
|upkeep
|
|t:|1662770407
|switch|p1a: Gyarados|Gyarados, F|100/100
|turn|17
|c|☆esqimo589|lmao
|
|t:|1662770412
|switch|p2a: im hard|Skarmory, M|88/100
|-damage|p2a: im hard|76/100|[from] Stealth Rock
|move|p1a: Gyarados|Dragon Dance|p1a: Gyarados
|-boost|p1a: Gyarados|atk|1
|-boost|p1a: Gyarados|spe|1
|
|upkeep
|turn|18
|
|t:|1662770416
|move|p1a: Gyarados|Dragon Dance|p1a: Gyarados
|-boost|p1a: Gyarados|atk|1
|-boost|p1a: Gyarados|spe|1
|move|p2a: im hard|Iron Defense|p2a: im hard
|-boost|p2a: im hard|def|2
|
|upkeep
|turn|19
|
|t:|1662770418
|switch|p1a: Keldeo|Keldeo-Resolute|77/100
|move|p2a: im hard|Iron Defense|p2a: im hard
|-boost|p2a: im hard|def|2
|
|upkeep
|turn|20
|
|t:|1662770426
|switch|p2a: boost that beasts|Nihilego|94/100
|-damage|p2a: boost that beasts|82/100|[from] Stealth Rock
|move|p1a: Keldeo|Hydro Pump|p2a: boost that beasts
|-supereffective|p2a: boost that beasts
|-damage|p2a: boost that beasts|0 fnt
|faint|p2a: boost that beasts
|
|upkeep
|
|t:|1662770428
|switch|p2a: dragon my balls|Hydreigon, M|76/100
|-damage|p2a: dragon my balls|64/100|[from] Stealth Rock
|turn|21
|
|t:|1662770433
|switch|p1a: Gyarados|Gyarados, F|100/100
|move|p2a: dragon my balls|Draco Meteor|p1a: Gyarados
|-damage|p1a: Gyarados|30/100
|-unboost|p2a: dragon my balls|spa|2
|
|upkeep
|turn|22
|
|t:|1662770437
|move|p2a: dragon my balls|Draco Meteor|p1a: Gyarados
|-damage|p1a: Gyarados|0 fnt
|-unboost|p2a: dragon my balls|spa|2
|faint|p1a: Gyarados
|
|upkeep
|c|☆esqimo589|no miss
|
|t:|1662770439
|switch|p1a: Keldeo|Keldeo-Resolute|77/100
|turn|23
|c|☆esqimo589|nice
|c|☆esqimo589|gg
|
|t:|1662770443
|switch|p2a: im hard|Skarmory, M|76/100
|-damage|p2a: im hard|64/100|[from] Stealth Rock
|move|p1a: Keldeo|Secret Sword|p2a: im hard
|-damage|p2a: im hard|26/100
|
|upkeep
|turn|24
|
|t:|1662770445
|move|p1a: Keldeo|Secret Sword|p2a: im hard
|-damage|p2a: im hard|0 fnt
|faint|p2a: im hard
|
|upkeep
|
|t:|1662770447
|switch|p2a: dragon my balls|Hydreigon, M|64/100
|-damage|p2a: dragon my balls|51/100|[from] Stealth Rock
|turn|25
|
|t:|1662770449
|move|p2a: dragon my balls|Draco Meteor|p1a: Keldeo
|-damage|p1a: Keldeo|2/100
|-unboost|p2a: dragon my balls|spa|2
|move|p1a: Keldeo|Secret Sword|p2a: dragon my balls
|-supereffective|p2a: dragon my balls
|-damage|p2a: dragon my balls|0 fnt
|faint|p2a: dragon my balls
|
|win|amogusroxyrrrr
|c|☆esqimo589|fuck
|c|☆amogusroxyrrrr|bro
|c|☆esqimo589|wtf
|c|☆esqimo589|how
|c|☆amogusroxyrrrr|i did not deserve this win
|c|☆esqimo589|bro i mustve got the lowest rolls both times
|c|☆esqimo589|im calcing this
|c|☆amogusroxyrrrr|you shouldve won by all accounts LMAO
|c|☆amogusroxyrrrr|i got rng carried hard
|c|☆esqimo589|252 SpA Life Orb Starmie Thunderbolt vs. 252 HP / 0 SpD Skarmory: 286-338 (85.6 - 101.1%) -- 43.8% chance to OHKO
|c|☆esqimo589|90% is lik
|c|☆esqimo589|like
|c|☆esqimo589|low mid roll
|c|☆esqimo589|252 SpA Hydreigon Draco Meteor vs. 0 HP / 4 SpD Keldeo: 225-265 (69.6 - 82%) -- guaranteed 2HKO
|c|☆esqimo589|also low mid roll
|c|☆amogusroxyrrrr|huh
|c|☆esqimo589|damn i thought those would do way more
|c|☆amogusroxyrrrr|same
|l|☆esqimo589
|c|☆amogusroxyrrrr|good to know keldeo can take a draco
