|j|☆UUBF5 detour
|j|☆cats suck
|t:|1617539364
|gametype|singles
|player|p1|UUBF5 detour|maid-gen4|1428
|player|p2|cats suck|battlegirl-gen4|1281
|teamsize|p1|6
|teamsize|p2|6
|gen|8
|tier|[Gen 8] UU
|rated|
|clearpoke
|poke|p1|Weezing-Galar, F|
|poke|p1|Pyukumuku, M|
|poke|p1|Chansey, F|
|poke|p1|Mew|
|poke|p1|Salamence, M|
|poke|p1|Amoonguss, M|
|poke|p2|Buzzwole|
|poke|p2|Moltres|
|poke|p2|Gardevoir, M|
|poke|p2|Rotom-Wash|
|poke|p2|Mamoswine, M|
|poke|p2|Zarude|
|rule|Sleep Clause Mod: Limit one foe put to sleep
|rule|Species Clause: Limit one of each Pokémon
|rule|OHKO Clause: OHKO moves are banned
|rule|Evasion Moves Clause: Evasion moves are banned
|rule|Endless Battle Clause: Forcing endless battles is banned
|rule|HP Percentage Mod: HP is shown in percentages
|rule|Dynamax Clause: You cannot dynamax
|teampreview
|
|t:|1617539377
|start
|switch|p1a: Chansey|Chansey, F|100/100
|switch|p2a: Zarude|Zarude|100/100
|turn|1
|
|t:|1617539382
|move|p2a: Zarude|U-turn|p1a: Chansey
|-damage|p1a: Chansey|86/100
|
|t:|1617539388
|switch|p2a: Gardevoir|Gardevoir, M|100/100|[from]move: U-turn
|-ability|p2a: Gardevoir|Natural Cure|[from] ability: Trace|[of] p1a: Chansey
|move|p1a: Chansey|Stealth Rock|p2a: Gardevoir
|-sidestart|p2: cats suck|move: Stealth Rock
|
|upkeep
|turn|2
|
|t:|1617539413
|switch|p1a: Amoonguss|Amoonguss, M|100/100
|move|p2a: Gardevoir|Moonblast|p1a: Amoonguss
|-resisted|p1a: Amoonguss
|-damage|p1a: Amoonguss|77/100
|-unboost|p1a: Amoonguss|spa|1
|
|upkeep
|turn|3
|
|t:|1617539421
|switch|p1a: Chansey|Chansey, F|86/100
|move|p2a: Gardevoir|Psychic|p1a: Chansey
|-damage|p1a: Chansey|72/100
|
|upkeep
|turn|4
|
|t:|1617539426
|move|p2a: Gardevoir|Knock Off|p1a: Chansey
|-damage|p1a: Chansey|61/100
|-enditem|p1a: Chansey|Eviolite|[from] move: Knock Off|[of] p2a: Gardevoir
|move|p1a: Chansey|Seismic Toss|p2a: Gardevoir
|-damage|p2a: Gardevoir|64/100
|
|upkeep
|turn|5
|
|t:|1617539433
|switch|p2a: Moltres|Moltres|100/100
|move|p1a: Chansey|Soft-Boiled|p1a: Chansey
|-heal|p1a: Chansey|100/100
|
|upkeep
|turn|6
|
|t:|1617539440
|move|p2a: Moltres|Toxic|p1a: Chansey
|-status|p1a: Chansey|tox
|move|p1a: Chansey|Seismic Toss|p2a: Moltres
|-damage|p2a: Moltres|74/100
|
|-damage|p1a: Chansey|94/100 tox|[from] psn
|upkeep
|turn|7
|
|t:|1617539442
|switch|p1a: Mew|Mew|100/100
|move|p2a: Moltres|Defog|p1a: Mew
|-unboost|p1a: Mew|evasion|1
|-sideend|p2: cats suck|Stealth Rock|[from] move: Defog|[of] p2a: Moltres
|
|upkeep
|turn|8
|
|t:|1617539448
|switch|p2a: Zarude|Zarude|100/100
|move|p1a: Mew|Spikes|p2a: Zarude
|-sidestart|p2: cats suck|Spikes
|
|upkeep
|turn|9
|
|t:|1617539455
|switch|p1a: Salamence|Salamence, M|100/100
|-ability|p1a: Salamence|Intimidate|boost
|-unboost|p2a: Zarude|atk|1
|move|p2a: Zarude|U-turn|p1a: Salamence
|-resisted|p1a: Salamence
|-damage|p1a: Salamence|95/100
|
|t:|1617539464
|switch|p2a: Rotom|Rotom-Wash|100/100|[from]move: U-turn
|
|upkeep
|turn|10
|
|t:|1617539469
|switch|p1a: Amoonguss|Amoonguss, M|100/100
|move|p2a: Rotom|Volt Switch|p1a: Amoonguss
|-resisted|p1a: Amoonguss
|-damage|p1a: Amoonguss|89/100
|
|t:|1617539475
|switch|p2a: Moltres|Moltres|74/100|[from]move: Volt Switch
|
|upkeep
|turn|11
|
|t:|1617539480
|switch|p1a: Mew|Mew|100/100
|move|p2a: Moltres|Defog|p1a: Mew
|-unboost|p1a: Mew|evasion|1
|-sideend|p2: cats suck|Spikes|[from] move: Defog|[of] p2a: Moltres
|
|upkeep
|turn|12
|
|t:|1617539493
|switch|p2a: Mamoswine|Mamoswine, M|100/100
|move|p1a: Mew|Spikes|p2a: Mamoswine
|-sidestart|p2: cats suck|Spikes
|
|upkeep
|turn|13
|
|t:|1617539498
|move|p1a: Mew|Will-O-Wisp|p2a: Mamoswine
|-status|p2a: Mamoswine|brn
|move|p2a: Mamoswine|Stealth Rock|p1a: Mew
|-sidestart|p1: UUBF5 detour|move: Stealth Rock
|
|-damage|p2a: Mamoswine|94/100 brn|[from] brn
|upkeep
|turn|14
|
|t:|1617539504
|move|p1a: Mew|Spikes|p2a: Mamoswine
|-sidestart|p2: cats suck|Spikes
|move|p2a: Mamoswine|Icicle Crash|p1a: Mew
|-damage|p1a: Mew|85/100
|
|-heal|p1a: Mew|91/100|[from] item: Leftovers
|-damage|p2a: Mamoswine|88/100 brn|[from] brn
|upkeep
|turn|15
|
|t:|1617539510
|move|p1a: Mew|Spikes|p2a: Mamoswine
|-sidestart|p2: cats suck|Spikes
|move|p2a: Mamoswine|Icicle Crash|p1a: Mew
|-damage|p1a: Mew|73/100
|
|-heal|p1a: Mew|79/100|[from] item: Leftovers
|-damage|p2a: Mamoswine|82/100 brn|[from] brn
|upkeep
|turn|16
|
|t:|1617539519
|switch|p2a: Moltres|Moltres|74/100
|move|p1a: Mew|Knock Off|p2a: Moltres
|-damage|p2a: Moltres|54/100
|-enditem|p2a: Moltres|Heavy-Duty Boots|[from] move: Knock Off|[of] p1a: Mew
|
|-heal|p1a: Mew|85/100|[from] item: Leftovers
|upkeep
|turn|17
|
|t:|1617539529
|switch|p1a: Chansey|Chansey, F|94/100
|-damage|p1a: Chansey|82/100|[from] Stealth Rock
|move|p2a: Moltres|Defog|p1a: Chansey
|-unboost|p1a: Chansey|evasion|1
|-sideend|p1: UUBF5 detour|Stealth Rock|[from] move: Defog|[of] p2a: Moltres
|-sideend|p2: cats suck|Spikes|[from] move: Defog|[of] p2a: Moltres
|
|upkeep
|turn|18
|
|t:|1617539536
|switch|p2a: Rotom|Rotom-Wash|100/100
|move|p1a: Chansey|Stealth Rock|p2a: Rotom
|-sidestart|p2: cats suck|move: Stealth Rock
|
|upkeep
|turn|19
|
|t:|1617539543
|move|p2a: Rotom|Volt Switch|p1a: Chansey
|-damage|p1a: Chansey|70/100
|
|t:|1617539547
|switch|p2a: Buzzwole|Buzzwole|100/100|[from]move: Volt Switch
|-damage|p2a: Buzzwole|88/100|[from] Stealth Rock
|move|p1a: Chansey|Seismic Toss|p2a: Buzzwole
|-damage|p2a: Buzzwole|64/100
|-damage|p1a: Chansey|54/100|[from] item: Rocky Helmet|[of] p2a: Buzzwole
|
|upkeep
|turn|20
|
|t:|1617539554
|switch|p2a: Moltres|Moltres|54/100
|-damage|p2a: Moltres|4/100|[from] Stealth Rock
|switch|p1a: Amoonguss|Amoonguss, M|100/100
|
|upkeep
|turn|21
|
|t:|1617539559
|move|p2a: Moltres|Roost|p2a: Moltres
|-heal|p2a: Moltres|54/100
|-singleturn|p2a: Moltres|move: Roost
|move|p1a: Amoonguss|Sludge Bomb|p2a: Moltres
|-crit|p2a: Moltres
|-damage|p2a: Moltres|20/100
|-status|p2a: Moltres|psn
|
|-damage|p2a: Moltres|7/100 psn|[from] psn
|upkeep
|turn|22
|
|t:|1617539563
|switch|p1a: Chansey|Chansey, F|54/100
|move|p2a: Moltres|Defog|p1a: Chansey
|-unboost|p1a: Chansey|evasion|1
|-sideend|p2: cats suck|Stealth Rock|[from] move: Defog|[of] p2a: Moltres
|
|-damage|p2a: Moltres|0 fnt|[from] psn
|faint|p2a: Moltres
|upkeep
|
|t:|1617539567
|switch|p2a: Rotom|Rotom-Wash|100/100
|turn|23
|
|t:|1617539570
|move|p2a: Rotom|Trick|p1a: Chansey
|-activate|p2a: Rotom|move: Trick|[of] p1a: Chansey
|-item|p1a: Chansey|Choice Scarf|[from] move: Trick
|-enditem|p2a: Rotom|Choice Scarf|[silent]|[from] move: Trick
|move|p1a: Chansey|Soft-Boiled|p1a: Chansey
|-heal|p1a: Chansey|100/100
|
|upkeep
|turn|24
|
|t:|1617539575
|switch|p1a: Amoonguss|Amoonguss, M|100/100
|move|p2a: Rotom|Pain Split|p1a: Amoonguss
|-sethp|p1a: Amoonguss|86/100|[from] move: Pain Split|[silent]
|-sethp|p2a: Rotom|100/100|[from] move: Pain Split
|
|upkeep
|turn|25
|
|t:|1617539582
|move|p2a: Rotom|Trick|p1a: Amoonguss
|-activate|p2a: Rotom|move: Trick|[of] p1a: Amoonguss
|-enditem|p1a: Amoonguss|Heavy-Duty Boots|[silent]|[from] move: Trick
|-item|p2a: Rotom|Heavy-Duty Boots|[from] move: Trick
|move|p1a: Amoonguss|Sludge Bomb|p2a: Rotom
|-damage|p2a: Rotom|71/100
|-status|p2a: Rotom|psn
|
|-damage|p2a: Rotom|58/100 psn|[from] psn
|upkeep
|turn|26
|
|t:|1617539587
|move|p2a: Rotom|Pain Split|p1a: Amoonguss
|-sethp|p1a: Amoonguss|63/100|[from] move: Pain Split|[silent]
|-sethp|p2a: Rotom|90/100 psn|[from] move: Pain Split
|move|p1a: Amoonguss|Sludge Bomb|p2a: Rotom
|-damage|p2a: Rotom|62/100 psn
|
|-damage|p2a: Rotom|49/100 psn|[from] psn
|upkeep
|turn|27
|
|t:|1617539590
|move|p2a: Rotom|Volt Switch|p1a: Amoonguss
|-resisted|p1a: Amoonguss
|-damage|p1a: Amoonguss|53/100
|
|t:|1617539595
|switch|p2a: Mamoswine|Mamoswine, M|82/100 brn|[from]move: Volt Switch
|move|p1a: Amoonguss|Sludge Bomb|p2a: Mamoswine
|-resisted|p2a: Mamoswine
|-damage|p2a: Mamoswine|63/100 brn
|
|-damage|p2a: Mamoswine|57/100 brn|[from] brn
|upkeep
|turn|28
|
|t:|1617539600
|switch|p1a: Mew|Mew|85/100
|move|p2a: Mamoswine|Stealth Rock|p1a: Mew
|-sidestart|p1: UUBF5 detour|move: Stealth Rock
|
|-heal|p1a: Mew|92/100|[from] item: Leftovers
|-damage|p2a: Mamoswine|51/100 brn|[from] brn
|upkeep
|turn|29
|
|t:|1617539607
|switch|p2a: Zarude|Zarude|100/100
|move|p1a: Mew|Spikes|p2a: Zarude
|-sidestart|p2: cats suck|Spikes
|
|-heal|p1a: Mew|98/100|[from] item: Leftovers
|upkeep
|turn|30
|
|t:|1617539611
|switch|p1a: Amoonguss|Amoonguss, M|86/100
|-damage|p1a: Amoonguss|73/100|[from] Stealth Rock
|move|p2a: Zarude|U-turn|p1a: Amoonguss
|-damage|p1a: Amoonguss|56/100
|
|t:|1617539617
|switch|p2a: Gardevoir|Gardevoir, M|64/100|[from]move: U-turn
|-ability|p2a: Gardevoir|Regenerator|[from] ability: Trace|[of] p1a: Amoonguss
|
|upkeep
|turn|31
|
|t:|1617539626
|switch|p1a: Mew|Mew|98/100
|-damage|p1a: Mew|85/100|[from] Stealth Rock
|move|p2a: Gardevoir|Psychic|p1a: Mew
|-resisted|p1a: Mew
|-damage|p1a: Mew|67/100
|
|-heal|p1a: Mew|73/100|[from] item: Leftovers
|upkeep
|turn|32
|
|t:|1617539631
|move|p1a: Mew|Knock Off|p2a: Gardevoir
|-damage|p2a: Gardevoir|20/100
|-enditem|p2a: Gardevoir|Heavy-Duty Boots|[from] move: Knock Off|[of] p1a: Mew
|move|p2a: Gardevoir|Moonblast|p1a: Mew
|-damage|p1a: Mew|33/100
|
|-heal|p1a: Mew|39/100|[from] item: Leftovers
|upkeep
|turn|33
|
|t:|1617539637
|move|p1a: Mew|Soft-Boiled|p1a: Mew
|-heal|p1a: Mew|89/100
|move|p2a: Gardevoir|Moonblast|p1a: Mew
|-damage|p1a: Mew|50/100
|
|-heal|p1a: Mew|56/100|[from] item: Leftovers
|upkeep
|turn|34
|
|t:|1617539645
|move|p1a: Mew|Spikes|p2a: Gardevoir
|-sidestart|p2: cats suck|Spikes
|move|p2a: Gardevoir|Moonblast|p1a: Mew
|-damage|p1a: Mew|18/100
|
|-heal|p1a: Mew|25/100|[from] item: Leftovers
|upkeep
|turn|35
|-message|cats suck forfeited.
|
|win|UUBF5 detour
|raw|UUBF5 detour's rating: 1428 &rarr; <strong>1440</strong><br />(+12 for winning)
|raw|cats suck's rating: 1281 &rarr; <strong>1266</strong><br />(-15 for losing)
|l|☆cats suck
