|j|☆Liz Angeles
|j|☆CynthiaBlueheart
|t:|1664477420
|gametype|singles
|player|p1|Liz Angeles|marley|1453
|player|p2|CynthiaBlueheart|clair|1367
|teamsize|p1|6
|teamsize|p2|6
|gen|8
|tier|[Gen 8] UU
|rated|
|rule|Sleep Clause Mod: Limit one foe put to sleep
|rule|Species Clause: Limit one of each Pokémon
|rule|OHKO Clause: OHKO moves are banned
|rule|Evasion Items Clause: Evasion items are banned
|rule|Evasion Moves Clause: Evasion moves are banned
|rule|Endless Battle Clause: Forcing endless battles is banned
|rule|HP Percentage Mod: HP is shown in percentages
|rule|Dynamax Clause: You cannot dynamax
|clearpoke
|poke|p1|Hippowdon, F|
|poke|p1|Amoonguss, F|
|poke|p1|Moltres|
|poke|p1|Azumarill, F|
|poke|p1|Raikou|
|poke|p1|Excadrill, M|
|poke|p2|Amoonguss, M|
|poke|p2|Slowking, M|
|poke|p2|Tangrowth, M|
|poke|p2|Excadrill, M|
|poke|p2|Skarmory, M|
|poke|p2|Scizor, F|
|teampreview
|inactive|Battle timer is ON: inactive players will automatically lose when time's up. (requested by CynthiaBlueheart)
|
|t:|1664477439
|start
|switch|p1a: Kristy|Raikou, shiny|100/100
|switch|p2a: Tangrowth|Tangrowth, M|100/100
|-ability|p1a: Kristy|Pressure
|turn|1
|
|t:|1664477443
|switch|p1a: Malediction|Amoonguss, F, shiny|100/100
|move|p2a: Tangrowth|Knock Off|p1a: Malediction
|-damage|p1a: Malediction|84/100
|-enditem|p1a: Malediction|Black Sludge|[from] move: Knock Off|[of] p2a: Tangrowth
|
|upkeep
|turn|2
|
|t:|1664477450
|switch|p2a: Amoonguss|Amoonguss, M|100/100
|move|p1a: Malediction|Sludge Bomb|p2a: Amoonguss
|-damage|p2a: Amoonguss|84/100
|
|-heal|p2a: Amoonguss|90/100|[from] item: Black Sludge
|upkeep
|turn|3
|
|t:|1664477474
|switch|p1a: Lock|Moltres|100/100
|move|p2a: Amoonguss|Spore|p1a: Lock
|-status|p1a: Lock|slp|[from] move: Spore
|
|-heal|p2a: Amoonguss|96/100|[from] item: Black Sludge
|upkeep
|turn|4
|
|t:|1664477481
|switch|p1a: Vince|Excadrill, M|100/100
|switch|p2a: Slowking|Slowking, M|100/100
|
|upkeep
|turn|5
|j| The ∫quirtle ∫quad
|
|t:|1664477492
|switch|p1a: Kristy|Raikou, shiny|100/100
|-ability|p1a: Kristy|Pressure
|move|p2a: Slowking|Scald|p1a: Kristy
|-damage|p1a: Kristy|74/100
|-status|p1a: Kristy|brn
|
|-heal|p1a: Kristy|80/100 brn|[from] item: Leftovers
|-damage|p1a: Kristy|74/100 brn|[from] brn
|upkeep
|turn|6
|
|t:|1664477501
|switch|p2a: Tangrowth|Tangrowth, M|100/100
|move|p1a: Kristy|Scald|p2a: Tangrowth
|-resisted|p2a: Tangrowth
|-damage|p2a: Tangrowth|84/100
|
|-heal|p1a: Kristy|80/100 brn|[from] item: Leftovers
|-damage|p1a: Kristy|74/100 brn|[from] brn
|upkeep
|turn|7
|
|t:|1664477504
|switch|p1a: Malediction|Amoonguss, F, shiny|100/100
|move|p2a: Tangrowth|Knock Off|p1a: Malediction
|-damage|p1a: Malediction|89/100
|
|upkeep
|turn|8
|
|t:|1664477510
|switch|p2a: Amoonguss|Amoonguss, M|100/100
|move|p1a: Malediction|Spore|p2a: Amoonguss
|-immune|p2a: Amoonguss
|
|upkeep
|turn|9
|
|t:|1664477516
|switch|p2a: Slowking|Slowking, M|100/100
|switch|p1a: Lock|Moltres|100/100 slp
|
|upkeep
|turn|10
|
|t:|1664477521
|switch|p1a: Malediction|Amoonguss, F, shiny|100/100
|move|p2a: Slowking|Scald|p1a: Malediction
|-resisted|p1a: Malediction
|-crit|p1a: Malediction
|-damage|p1a: Malediction|83/100
|
|upkeep
|turn|11
|
|t:|1664477528
|switch|p2a: Amoonguss|Amoonguss, M|100/100
|move|p1a: Malediction|Sludge Bomb|p2a: Amoonguss
|-damage|p2a: Amoonguss|84/100
|
|-heal|p2a: Amoonguss|90/100|[from] item: Black Sludge
|upkeep
|turn|12
|
|t:|1664477533
|switch|p2a: Slowking|Slowking, M|100/100
|switch|p1a: Vince|Excadrill, M|100/100
|
|upkeep
|turn|13
|
|t:|1664477536
|move|p1a: Vince|Swords Dance|p1a: Vince
|-boost|p1a: Vince|atk|2
|move|p2a: Slowking|Scald|p1a: Vince
|-supereffective|p1a: Vince
|-damage|p1a: Vince|30/100
|
|-heal|p1a: Vince|36/100|[from] item: Leftovers
|upkeep
|turn|14
|
|t:|1664477545
|switch|p2a: Tangrowth|Tangrowth, M|100/100
|move|p1a: Vince|Rock Slide|p2a: Tangrowth
|-damage|p2a: Tangrowth|69/100
|
|-heal|p1a: Vince|42/100|[from] item: Leftovers
|upkeep
|turn|15
|
|t:|1664477551
|switch|p1a: Malediction|Amoonguss, F, shiny|100/100
|move|p2a: Tangrowth|Giga Drain|p1a: Malediction
|-resisted|p1a: Malediction
|-damage|p1a: Malediction|94/100
|-heal|p2a: Tangrowth|72/100|[from] drain|[of] p1a: Malediction
|
|upkeep
|turn|16
|
|t:|1664477554
|switch|p2a: Amoonguss|Amoonguss, M|100/100
|switch|p1a: Kristy|Raikou, shiny|74/100 brn
|-ability|p1a: Kristy|Pressure
|
|-heal|p1a: Kristy|80/100 brn|[from] item: Leftovers
|-damage|p1a: Kristy|74/100 brn|[from] brn
|upkeep
|turn|17
|
|t:|1664477557
|move|p1a: Kristy|Substitute|p1a: Kristy
|-start|p1a: Kristy|Substitute
|-damage|p1a: Kristy|49/100 brn
|move|p2a: Amoonguss|Giga Drain|p1a: Kristy
|-activate|p1a: Kristy|move: Substitute|[damage]
|
|-heal|p1a: Kristy|55/100 brn|[from] item: Leftovers
|-damage|p1a: Kristy|49/100 brn|[from] brn
|upkeep
|turn|18
|
|t:|1664477561
|move|p1a: Kristy|Calm Mind|p1a: Kristy
|-boost|p1a: Kristy|spa|1
|-boost|p1a: Kristy|spd|1
|move|p2a: Amoonguss|Giga Drain|p1a: Kristy
|-end|p1a: Kristy|Substitute
|
|-heal|p1a: Kristy|55/100 brn|[from] item: Leftovers
|-damage|p1a: Kristy|49/100 brn|[from] brn
|upkeep
|turn|19
|
|t:|1664477565
|switch|p2a: Tangrowth|Tangrowth, M|100/100
|move|p1a: Kristy|Scald|p2a: Tangrowth
|-resisted|p2a: Tangrowth
|-damage|p2a: Tangrowth|77/100
|
|-heal|p1a: Kristy|55/100 brn|[from] item: Leftovers
|-damage|p1a: Kristy|49/100 brn|[from] brn
|upkeep
|turn|20
|
|t:|1664477574
|switch|p1a: Malediction|Amoonguss, F, shiny|100/100
|move|p2a: Tangrowth|Knock Off|p1a: Malediction
|-damage|p1a: Malediction|89/100
|
|upkeep
|turn|21
|
|t:|1664477579
|switch|p2a: Amoonguss|Amoonguss, M|100/100
|move|p1a: Malediction|Sludge Bomb|p2a: Amoonguss
|-damage|p2a: Amoonguss|82/100
|
|-heal|p2a: Amoonguss|89/100|[from] item: Black Sludge
|upkeep
|turn|22
|
|t:|1664477591
|move|p2a: Amoonguss|Spore|p1a: Malediction
|-immune|p1a: Malediction
|move|p1a: Malediction|Sludge Bomb|p2a: Amoonguss
|-damage|p2a: Amoonguss|71/100
|
|-heal|p2a: Amoonguss|78/100|[from] item: Black Sludge
|upkeep
|turn|23
|
|t:|1664477597
|switch|p2a: Slowking|Slowking, M|100/100
|move|p1a: Malediction|Sludge Bomb|p2a: Slowking
|-damage|p2a: Slowking|84/100
|-status|p2a: Slowking|psn
|
|-heal|p2a: Slowking|90/100 psn|[from] item: Leftovers
|-damage|p2a: Slowking|77/100 psn|[from] psn
|upkeep
|turn|24
|
|t:|1664477620
|move|p2a: Slowking|Scald|p1a: Malediction
|-resisted|p1a: Malediction
|-damage|p1a: Malediction|77/100
|-status|p1a: Malediction|brn
|move|p1a: Malediction|Seed Bomb|p2a: Slowking
|-supereffective|p2a: Slowking
|-damage|p2a: Slowking|53/100 psn
|
|-heal|p2a: Slowking|59/100 psn|[from] item: Leftovers
|-damage|p2a: Slowking|47/100 psn|[from] psn
|-damage|p1a: Malediction|71/100 brn|[from] brn
|upkeep
|turn|25
|inactive|Liz Angeles has 120 seconds left.
|
|t:|1664477649
|switch|p1a: Vince|Excadrill, M|42/100
|move|p2a: Slowking|Slack Off|p2a: Slowking
|-heal|p2a: Slowking|97/100 psn
|
|-heal|p1a: Vince|48/100|[from] item: Leftovers
|-heal|p2a: Slowking|100/100 psn|[from] item: Leftovers
|-damage|p2a: Slowking|88/100 psn|[from] psn
|upkeep
|turn|26
|
|t:|1664477654
|switch|p1a: Malediction|Amoonguss, F, shiny|100/100 brn
|move|p2a: Slowking|Scald|p1a: Malediction
|-resisted|p1a: Malediction
|-damage|p1a: Malediction|89/100 brn
|
|-heal|p2a: Slowking|94/100 psn|[from] item: Leftovers
|-damage|p2a: Slowking|82/100 psn|[from] psn
|-damage|p1a: Malediction|83/100 brn|[from] brn
|upkeep
|turn|27
|
|t:|1664477661
|switch|p2a: Amoonguss|Amoonguss, M|100/100
|move|p1a: Malediction|Sludge Bomb|p2a: Amoonguss
|-damage|p2a: Amoonguss|82/100
|
|-heal|p2a: Amoonguss|89/100|[from] item: Black Sludge
|-damage|p1a: Malediction|76/100 brn|[from] brn
|upkeep
|turn|28
|
|t:|1664477669
|switch|p1a: Vince|Excadrill, M|48/100
|move|p2a: Amoonguss|Spore|p1a: Vince
|-message|Sleep Clause Mod activated.
|
|-heal|p1a: Vince|55/100|[from] item: Leftovers
|-heal|p2a: Amoonguss|95/100|[from] item: Black Sludge
|upkeep
|turn|29
|
|t:|1664477683
|move|p1a: Vince|Earthquake|p2a: Amoonguss
|-damage|p2a: Amoonguss|30/100
|move|p2a: Amoonguss|Giga Drain|p1a: Vince
|-damage|p1a: Vince|24/100
|-heal|p2a: Amoonguss|43/100|[from] drain|[of] p1a: Vince
|
|-heal|p1a: Vince|30/100|[from] item: Leftovers
|-heal|p2a: Amoonguss|50/100|[from] item: Black Sludge
|upkeep
|turn|30
|
|t:|1664477693
|switch|p1a: Malediction|Amoonguss, F, shiny|100/100 brn
|switch|p2a: Tangrowth|Tangrowth, M|100/100
|
|-damage|p1a: Malediction|94/100 brn|[from] brn
|upkeep
|turn|31
|
|t:|1664477697
|switch|p2a: Amoonguss|Amoonguss, M|83/100
|switch|p1a: Vince|Excadrill, M|30/100
|
|-heal|p1a: Vince|36/100|[from] item: Leftovers
|-heal|p2a: Amoonguss|89/100|[from] item: Black Sludge
|upkeep
|turn|32
|
|t:|1664477701
|move|p1a: Vince|Iron Head|p2a: Amoonguss
|-damage|p2a: Amoonguss|40/100
|move|p2a: Amoonguss|Giga Drain|p1a: Vince
|-damage|p1a: Vince|5/100
|-heal|p2a: Amoonguss|53/100|[from] drain|[of] p1a: Vince
|
|-heal|p1a: Vince|11/100|[from] item: Leftovers
|-heal|p2a: Amoonguss|59/100|[from] item: Black Sludge
|upkeep
|turn|33
|
|t:|1664477707
|switch|p2a: Tangrowth|Tangrowth, M|100/100
|move|p1a: Vince|Iron Head|p2a: Tangrowth
|-damage|p2a: Tangrowth|72/100
|-damage|p1a: Vince|0 fnt|[from] item: Rocky Helmet|[of] p2a: Tangrowth
|faint|p1a: Vince
|
|upkeep
|-message|Liz Angeles forfeited.
|
|win|CynthiaBlueheart
|raw|Liz Angeles's rating: 1453 &rarr; <strong>1428</strong><br />(-25 for losing)
|raw|CynthiaBlueheart's rating: 1367 &rarr; <strong>1392</strong><br />(+25 for winning)
|l|☆Liz Angeles
