|j|☆Reviews2D
|j|☆Youngster Maxance
|player|p1|Reviews2D|hilbert-dueldisk|1318
|player|p2|Youngster Maxance|unknown|1238
|teamsize|p1|6
|teamsize|p2|6
|gametype|singles
|gen|8
|tier|[Gen 8] UU
|rated|
|clearpoke
|poke|p1|Golisopod, F|
|poke|p1|Noivern, M|
|poke|p1|Milotic, F|
|poke|p1|Braviary, M|
|poke|p1|Rhyperior, F|
|poke|p1|Abomasnow, M|
|poke|p2|Xatu, F|
|poke|p2|Barbaracle, M|
|poke|p2|Haxorus, M|
|poke|p2|Cobalion|
|poke|p2|Incineroar, F|
|poke|p2|Toxtricity, M|
|rule|Sleep Clause Mod: Limit one foe put to sleep
|rule|Species Clause: Limit one of each Pokémon
|rule|OHKO Clause: OHKO moves are banned
|rule|Evasion Moves Clause: Evasion moves are banned
|rule|Endless Battle Clause: Forcing endless battles is banned
|rule|HP Percentage Mod: HP is shown in percentages
|rule|Dynamax Clause: You cannot dynamax
|teampreview
|inactive|Battle timer is ON: inactive players will automatically lose when time's up. (requested by Reviews2D)
|
|start
|switch|p1a: Abomasnow|Abomasnow, M, shiny|100/100
|switch|p2a: Xatu|Xatu, F|100/100
|-weather|Hail|[from] ability: Snow Warning|[of] p1a: Abomasnow
|turn|1
|
|switch|p2a: Incineroar|Incineroar, F|100/100
|-ability|p2a: Incineroar|Intimidate|boost
|-unboost|p1a: Abomasnow|atk|1
|move|p1a: Abomasnow|Blizzard|p2a: Incineroar
|-resisted|p2a: Incineroar
|-damage|p2a: Incineroar|71/100
|
|-weather|Hail|[upkeep]
|-damage|p2a: Incineroar|65/100|[from] Hail
|upkeep
|turn|2
|
|move|p2a: Incineroar|Knock Off|p1a: Abomasnow
|-damage|p1a: Abomasnow|34/100
|-enditem|p1a: Abomasnow|Focus Sash|[from] move: Knock Off|[of] p2a: Incineroar
|move|p1a: Abomasnow|Earth Power|p2a: Incineroar
|-supereffective|p2a: Incineroar
|-damage|p2a: Incineroar|0 fnt
|faint|p2a: Incineroar
|
|-weather|Hail|[upkeep]
|upkeep
|
|switch|p2a: Toxtricity|Toxtricity, M, shiny|100/100
|turn|3
|
|switch|p1a: Rhyperior|Rhyperior, F|100/100
|move|p2a: Toxtricity|Boomburst|p1a: Rhyperior
|-resisted|p1a: Rhyperior
|-damage|p1a: Rhyperior|79/100
|-enditem|p2a: Toxtricity|Throat Spray
|-boost|p2a: Toxtricity|spa|1|[from] item: Throat Spray
|
|-weather|Hail|[upkeep]
|-damage|p2a: Toxtricity|94/100|[from] Hail
|-damage|p1a: Rhyperior|72/100|[from] Hail
|upkeep
|turn|4
|
|move|p2a: Toxtricity|Boomburst|p1a: Rhyperior
|-resisted|p1a: Rhyperior
|-damage|p1a: Rhyperior|42/100
|move|p1a: Rhyperior|Stone Edge|p2a: Toxtricity
|-damage|p2a: Toxtricity|2/100
|
|-weather|Hail|[upkeep]
|-damage|p2a: Toxtricity|0 fnt|[from] Hail
|-damage|p1a: Rhyperior|36/100|[from] Hail
|faint|p2a: Toxtricity
|upkeep
|
|switch|p2a: Cobalion|Cobalion|100/100
|turn|5
|
|switch|p2a: Xatu|Xatu, F|100/100
|move|p1a: Rhyperior|Earthquake|p2a: Xatu
|-immune|p2a: Xatu
|
|-weather|none
|upkeep
|turn|6
|
|move|p2a: Xatu|Reflect|p2a: Xatu
|-sidestart|p2: Youngster Maxance|Reflect
|move|p1a: Rhyperior|Stone Edge|p2a: Xatu
|-supereffective|p2a: Xatu
|-crit|p2a: Xatu
|-damage|p2a: Xatu|0 fnt
|faint|p2a: Xatu
|
|upkeep
|
|switch|p2a: Barbaracle|Barbaracle, M|100/100
|turn|7
|
|move|p2a: Barbaracle|Shell Smash|p2a: Barbaracle
|-unboost|p2a: Barbaracle|def|1
|-unboost|p2a: Barbaracle|spd|1
|-boost|p2a: Barbaracle|atk|2
|-boost|p2a: Barbaracle|spa|2
|-boost|p2a: Barbaracle|spe|2
|move|p1a: Rhyperior|Dragon Tail|p2a: Barbaracle
|-damage|p2a: Barbaracle|82/100
|drag|p2a: Cobalion|Cobalion|100/100
|
|upkeep
|turn|8
|c|☆Youngster Maxance|wtf
|
|move|p2a: Cobalion|Close Combat|p1a: Rhyperior
|-supereffective|p1a: Rhyperior
|-damage|p1a: Rhyperior|0 fnt
|-unboost|p2a: Cobalion|def|1
|-unboost|p2a: Cobalion|spd|1
|faint|p1a: Rhyperior
|
|upkeep
|
|switch|p1a: Milotic|Milotic, F, shiny|100/100
|turn|9
|
|move|p2a: Cobalion|Thunder Wave|p1a: Milotic|[miss]
|-miss|p2a: Cobalion|p1a: Milotic
|move|p1a: Milotic|Scald|p2a: Cobalion
|-damage|p2a: Cobalion|40/100
|
|upkeep
|turn|10
|
|move|p2a: Cobalion|Thunder Wave|p1a: Milotic|[miss]
|-miss|p2a: Cobalion|p1a: Milotic
|move|p1a: Milotic|Scald|p2a: Cobalion
|-damage|p2a: Cobalion|0 fnt
|faint|p2a: Cobalion
|
|upkeep
|c|☆Youngster Maxance|brooooooooooooooooooooooooooo
|
|switch|p2a: Barbaracle|Barbaracle, M|82/100
|turn|11
|c|☆Reviews2D|F
|
|move|p2a: Barbaracle|Shell Smash|p2a: Barbaracle
|-unboost|p2a: Barbaracle|def|1
|-unboost|p2a: Barbaracle|spd|1
|-boost|p2a: Barbaracle|atk|2
|-boost|p2a: Barbaracle|spa|2
|-boost|p2a: Barbaracle|spe|2
|move|p1a: Milotic|Dragon Tail|p2a: Barbaracle
|-damage|p2a: Barbaracle|74/100
|drag|p2a: Haxorus|Haxorus, M|100/100
|-ability|p2a: Haxorus|Mold Breaker
|
|upkeep
|turn|12
|c|☆Youngster Maxance|WTFFFFFFFFFFFFFFFFFF
|
|move|p2a: Haxorus|Dragon Claw|p1a: Milotic
|-damage|p1a: Milotic|54/100
|-damage|p2a: Haxorus|91/100|[from] item: Life Orb
|move|p1a: Milotic|Dragon Tail|p2a: Haxorus
|-supereffective|p2a: Haxorus
|-damage|p2a: Haxorus|78/100
|drag|p2a: Barbaracle|Barbaracle, M|74/100
|
|-heal|p1a: Milotic|60/100|[from] item: Leftovers
|upkeep
|turn|13
|
|move|p2a: Barbaracle|Stone Edge|p1a: Milotic
|-damage|p1a: Milotic|27/100
|move|p1a: Milotic|Ice Beam|p2a: Barbaracle
|-resisted|p2a: Barbaracle
|-damage|p2a: Barbaracle|61/100
|
|-heal|p1a: Milotic|33/100|[from] item: Leftovers
|-sideend|p2: Youngster Maxance|Reflect
|upkeep
|turn|14
|
|move|p2a: Barbaracle|Shell Smash|p2a: Barbaracle
|-unboost|p2a: Barbaracle|def|1
|-unboost|p2a: Barbaracle|spd|1
|-boost|p2a: Barbaracle|atk|2
|-boost|p2a: Barbaracle|spa|2
|-boost|p2a: Barbaracle|spe|2
|move|p1a: Milotic|Dragon Tail|p2a: Barbaracle
|-damage|p2a: Barbaracle|46/100
|drag|p2a: Haxorus|Haxorus, M|78/100
|-ability|p2a: Haxorus|Mold Breaker
|
|-heal|p1a: Milotic|39/100|[from] item: Leftovers
|upkeep
|turn|15
|
|move|p2a: Haxorus|Dragon Claw|p1a: Milotic
|-damage|p1a: Milotic|0 fnt
|-damage|p2a: Haxorus|68/100|[from] item: Life Orb
|faint|p1a: Milotic
|
|upkeep
|
|switch|p1a: Abomasnow|Abomasnow, M, shiny|34/100
|-weather|Hail|[from] ability: Snow Warning|[of] p1a: Abomasnow
|turn|16
|
|move|p1a: Abomasnow|Ice Shard|p2a: Haxorus
|-supereffective|p2a: Haxorus
|-damage|p2a: Haxorus|37/100
|move|p2a: Haxorus|Poison Jab|p1a: Abomasnow
|-supereffective|p1a: Abomasnow
|-damage|p1a: Abomasnow|0 fnt
|-damage|p2a: Haxorus|27/100|[from] item: Life Orb
|faint|p1a: Abomasnow
|
|-weather|Hail|[upkeep]
|-damage|p2a: Haxorus|21/100|[from] Hail
|upkeep
|
|switch|p1a: Golisopod|Golisopod, F, shiny|100/100
|turn|17
|
|move|p1a: Golisopod|First Impression|p2a: Haxorus
|-damage|p2a: Haxorus|0 fnt
|faint|p2a: Haxorus
|
|-weather|Hail|[upkeep]
|-damage|p1a: Golisopod|94/100|[from] Hail
|-heal|p1a: Golisopod|100/100|[from] item: Leftovers
|upkeep
|
|switch|p2a: Barbaracle|Barbaracle, M|46/100
|turn|18
|
|move|p2a: Barbaracle|Stone Edge|p1a: Golisopod|[miss]
|-miss|p2a: Barbaracle|p1a: Golisopod
|move|p1a: Golisopod|Liquidation|p2a: Barbaracle
|-damage|p2a: Barbaracle|0 fnt
|faint|p2a: Barbaracle
|
|win|Reviews2D
|l|☆Youngster Maxance
||Ladder (probably) updated, but score could not be retrieved (Response not received).
