|j|☆Valiant Hearts
|j|☆AJ∯Electivire∯
|t:|1616469236
|player|p1|Valiant Hearts|psychic-gen3|
|player|p2|AJ∯Electivire∯|cyrus|
|teamsize|p1|6
|teamsize|p2|6
|gametype|singles
|gen|8
|tier|[Gen 8] UU
|rated|Tournament battle
|clearpoke
|poke|p1|Krookodile, F|
|poke|p1|Ninetales-Alola, M|
|poke|p1|Moltres-Galar|
|poke|p1|Zeraora|
|poke|p1|Kommo-o, M|
|poke|p1|Mew|
|poke|p2|Electivire, M|
|poke|p2|Sceptile, M|
|poke|p2|Inteleon, F|
|poke|p2|Toxtricity, M|
|poke|p2|Salamence, M|
|poke|p2|Arcanine, M|
|rule|Sleep Clause Mod: Limit one foe put to sleep
|rule|Species Clause: Limit one of each Pokémon
|rule|OHKO Clause: OHKO moves are banned
|rule|Evasion Moves Clause: Evasion moves are banned
|rule|Endless Battle Clause: Forcing endless battles is banned
|rule|HP Percentage Mod: HP is shown in percentages
|rule|Dynamax Clause: You cannot dynamax
|teampreview
|
|t:|1616469249
|start
|switch|p1a: Krookodile|Krookodile, F|100/100
|switch|p2a: Snipe Hydro|Inteleon, F|100/100
|-ability|p1a: Krookodile|Intimidate|boost
|-unboost|p2a: Snipe Hydro|atk|1
|turn|1
|
|t:|1616469256
|switch|p2a: Arcan Blitz|Arcanine, M|100/100
|-ability|p2a: Arcan Blitz|Intimidate|boost
|-unboost|p1a: Krookodile|atk|1
|move|p1a: Krookodile|Stealth Rock|p2a: Arcan Blitz
|-sidestart|p2: AJ∯Electivire∯|move: Stealth Rock
|
|upkeep
|turn|2
|
|t:|1616469261
|move|p2a: Arcan Blitz|Extreme Speed|p1a: Krookodile
|-damage|p1a: Krookodile|63/100
|-damage|p2a: Arcan Blitz|91/100|[from] item: Life Orb
|move|p1a: Krookodile|Earthquake|p2a: Arcan Blitz
|-supereffective|p2a: Arcan Blitz
|-crit|p2a: Arcan Blitz
|-damage|p2a: Arcan Blitz|0 fnt
|faint|p2a: Arcan Blitz
|
|upkeep
|
|t:|1616469266
|switch|p2a: Blade Storm|Sceptile, M|100/100
|-damage|p2a: Blade Storm|88/100|[from] Stealth Rock
|turn|3
|
|t:|1616469272
|move|p2a: Blade Storm|Work Up|p2a: Blade Storm
|-boost|p2a: Blade Storm|atk|1
|-boost|p2a: Blade Storm|spa|1
|move|p1a: Krookodile|Knock Off|p2a: Blade Storm
|-damage|p2a: Blade Storm|30/100
|-enditem|p2a: Blade Storm|Life Orb|[from] move: Knock Off|[of] p1a: Krookodile
|
|upkeep
|turn|4
|
|t:|1616469279
|move|p2a: Blade Storm|Energy Ball|p1a: Krookodile
|-supereffective|p1a: Krookodile
|-damage|p1a: Krookodile|0 fnt
|faint|p1a: Krookodile
|
|upkeep
|
|t:|1616469288
|switch|p1a: Moltres|Moltres-Galar|100/100
|turn|5
|
|t:|1616469295
|switch|p2a: Electro Bolt|Electivire, M|100/100
|-damage|p2a: Electro Bolt|88/100|[from] Stealth Rock
|move|p1a: Moltres|Agility|p1a: Moltres
|-boost|p1a: Moltres|spe|2
|
|upkeep
|turn|6
|
|t:|1616469301
|switch|p1a: Zeraora|Zeraora, shiny|100/100
|move|p2a: Electro Bolt|Earthquake|p1a: Zeraora
|-supereffective|p1a: Zeraora
|-damage|p1a: Zeraora|0 fnt
|-damage|p2a: Electro Bolt|78/100|[from] item: Life Orb
|faint|p1a: Zeraora
|
|upkeep
|
|t:|1616469312
|switch|p1a: Ninetales|Ninetales-Alola, M|100/100
|-weather|Hail|[from] ability: Snow Warning|[of] p1a: Ninetales
|turn|7
|
|t:|1616469321
|switch|p2a: Snipe Hydro|Inteleon, F|100/100
|-damage|p2a: Snipe Hydro|88/100|[from] Stealth Rock
|move|p1a: Ninetales|Aurora Veil|p1a: Ninetales
|-sidestart|p1: Valiant Hearts|move: Aurora Veil
|
|-weather|Hail|[upkeep]
|-damage|p2a: Snipe Hydro|82/100|[from] Hail
|upkeep
|turn|8
|
|t:|1616469325
|move|p2a: Snipe Hydro|Focus Energy|p2a: Snipe Hydro
|-start|p2a: Snipe Hydro|move: Focus Energy
|move|p1a: Ninetales|Freeze-Dry|p2a: Snipe Hydro
|-supereffective|p2a: Snipe Hydro
|-damage|p2a: Snipe Hydro|13/100
|
|-weather|Hail|[upkeep]
|-damage|p2a: Snipe Hydro|7/100|[from] Hail
|upkeep
|turn|9
|
|t:|1616469332
|move|p2a: Snipe Hydro|Snipe Shot|p1a: Ninetales
|-crit|p1a: Ninetales
|-damage|p1a: Ninetales|15/100
|move|p1a: Ninetales|Freeze-Dry|p2a: Snipe Hydro
|-supereffective|p2a: Snipe Hydro
|-damage|p2a: Snipe Hydro|0 fnt
|faint|p2a: Snipe Hydro
|
|-weather|Hail|[upkeep]
|upkeep
|
|t:|1616469342
|switch|p2a: Blade Storm|Sceptile, M|30/100
|-damage|p2a: Blade Storm|18/100|[from] Stealth Rock
|turn|10
|
|t:|1616469349
|move|p2a: Blade Storm|Energy Ball|p1a: Ninetales
|-damage|p1a: Ninetales|0 fnt
|faint|p1a: Ninetales
|
|-weather|Hail|[upkeep]
|-damage|p2a: Blade Storm|12/100|[from] Hail
|upkeep
|j| SuloTheBoi
|
|t:|1616469353
|switch|p1a: Moltres|Moltres-Galar|100/100
|turn|11
|
|t:|1616469357
|switch|p2a: Electro Bolt|Electivire, M|78/100
|-damage|p2a: Electro Bolt|66/100|[from] Stealth Rock
|move|p1a: Moltres|Agility|p1a: Moltres
|-boost|p1a: Moltres|spe|2
|
|-weather|none
|upkeep
|turn|12
|
|t:|1616469369
|move|p1a: Moltres|Nasty Plot|p1a: Moltres
|-boost|p1a: Moltres|spa|2
|move|p2a: Electro Bolt|Fire Punch|p1a: Moltres
|-damage|p1a: Moltres|82/100
|-damage|p2a: Electro Bolt|56/100|[from] item: Life Orb
|
|upkeep
|turn|13
|
|t:|1616469373
|move|p1a: Moltres|Fiery Wrath|p2a: Electro Bolt
|-damage|p2a: Electro Bolt|0 fnt
|faint|p2a: Electro Bolt
|
|upkeep
|
|t:|1616469379
|switch|p2a: Blade Storm|Sceptile, M|12/100
|-damage|p2a: Blade Storm|0 fnt|[from] Stealth Rock
|faint|p2a: Blade Storm
|
|t:|1616469383
|switch|p2a: Dragon Meteor|Salamence, M|100/100
|-damage|p2a: Dragon Meteor|76/100|[from] Stealth Rock
|turn|14
|
|t:|1616469386
|move|p1a: Moltres|Fiery Wrath|p2a: Dragon Meteor
|-damage|p2a: Dragon Meteor|0 fnt
|faint|p2a: Dragon Meteor
|
|-sideend|p1: Valiant Hearts|move: Aurora Veil
|upkeep
|
|t:|1616469390
|switch|p2a: Electro Rock|Toxtricity, M|100/100
|-damage|p2a: Electro Rock|88/100|[from] Stealth Rock
|turn|15
|c|☆AJ∯Electivire∯|gg
|c|☆Valiant Hearts|gg
|
|t:|1616469403
|move|p1a: Moltres|Fiery Wrath|p2a: Electro Rock
|-damage|p2a: Electro Rock|0 fnt
|faint|p2a: Electro Rock
|
|win|Valiant Hearts
|n|☆Valiant Hearts|valianthearts
|n|☆AJ∯Electivire∯|ajelectivire
|n| SuloTheBoi|sulotheboi
|l|☆Valiant Hearts
|l| SuloTheBoi
