|j|☆coadgreen11
|j|☆UUBF5 detour
|t:|1617818899
|gametype|singles
|player|p1|coadgreen11|170|1298
|player|p2|UUBF5 detour|maid-gen4|1497
|teamsize|p1|6
|teamsize|p2|6
|gen|8
|tier|[Gen 8] UU
|rated|
|clearpoke
|poke|p1|Crobat, M|
|poke|p1|Scizor, M|
|poke|p1|Venusaur, F|
|poke|p1|Tentacruel, F|
|poke|p1|Thundurus-Therian, M|
|poke|p1|Kommo-o, F|
|poke|p2|Weezing-Galar, F|
|poke|p2|Pyukumuku, F|
|poke|p2|Chansey, F|
|poke|p2|Mew|
|poke|p2|Salamence, F|
|poke|p2|Amoonguss, F|
|rule|Sleep Clause Mod: Limit one foe put to sleep
|rule|Species Clause: Limit one of each Pokémon
|rule|OHKO Clause: OHKO moves are banned
|rule|Evasion Moves Clause: Evasion moves are banned
|rule|Endless Battle Clause: Forcing endless battles is banned
|rule|HP Percentage Mod: HP is shown in percentages
|rule|Dynamax Clause: You cannot dynamax
|teampreview
|
|t:|1617818915
|start
|switch|p1a: Thundurus|Thundurus-Therian, M|100/100
|switch|p2a: Mew|Mew|100/100
|turn|1
|
|t:|1617818931
|switch|p2a: Chansey|Chansey, F|100/100
|move|p1a: Thundurus|Volt Switch|p2a: Chansey
|-damage|p2a: Chansey|89/100
|
|t:|1617818934
|switch|p1a: Crobat|Crobat, M|100/100|[from]move: Volt Switch
|
|upkeep
|turn|2
|
|t:|1617818940
|move|p1a: Crobat|Taunt|p2a: Chansey
|-start|p2a: Chansey|move: Taunt
|cant|p2a: Chansey|move: Taunt|Stealth Rock
|
|upkeep
|turn|3
|
|t:|1617818943
|switch|p2a: Salamence|Salamence, F|100/100
|-ability|p2a: Salamence|Intimidate|boost
|-unboost|p1a: Crobat|atk|1
|move|p1a: Crobat|Super Fang|p2a: Salamence
|-damage|p2a: Salamence|50/100
|
|upkeep
|turn|4
|
|t:|1617818967
|switch|p2a: Weezing|Weezing-Galar, F|100/100
|-fieldstart|move: Misty Terrain|[from] ability: Misty Surge|[of] p2a: Weezing
|move|p1a: Crobat|Taunt|p2a: Weezing
|-start|p2a: Weezing|move: Taunt
|
|upkeep
|turn|5
|
|t:|1617818976
|move|p1a: Crobat|Super Fang|p2a: Weezing
|-damage|p2a: Weezing|50/100
|move|p2a: Weezing|Explosion|p1a: Crobat
|-damage|p1a: Crobat|20/100
|faint|p2a: Weezing
|
|-heal|p1a: Crobat|26/100|[from] item: Black Sludge
|upkeep
|
|t:|1617818987
|switch|p2a: Chansey|Chansey, F|89/100
|turn|6
|
|t:|1617818991
|move|p1a: Crobat|Roost|p1a: Crobat
|-heal|p1a: Crobat|76/100
|-singleturn|p1a: Crobat|move: Roost
|move|p2a: Chansey|Seismic Toss|p1a: Crobat
|-damage|p1a: Crobat|50/100
|
|-heal|p1a: Crobat|56/100|[from] item: Black Sludge
|upkeep
|turn|7
|
|t:|1617818994
|move|p1a: Crobat|Taunt|p2a: Chansey
|-start|p2a: Chansey|move: Taunt
|cant|p2a: Chansey|move: Taunt|Stealth Rock
|
|-heal|p1a: Crobat|62/100|[from] item: Black Sludge
|upkeep
|turn|8
|
|t:|1617818999
|switch|p2a: Amoonguss|Amoonguss, F|100/100
|move|p1a: Crobat|Roost|p1a: Crobat
|-heal|p1a: Crobat|100/100
|-singleturn|p1a: Crobat|move: Roost
|
|-fieldend|Misty Terrain
|upkeep
|turn|9
|
|t:|1617819006
|switch|p2a: Chansey|Chansey, F|89/100
|move|p1a: Crobat|Taunt|p2a: Chansey
|-start|p2a: Chansey|move: Taunt
|
|upkeep
|turn|10
|
|t:|1617819009
|switch|p2a: Amoonguss|Amoonguss, F|100/100
|move|p1a: Crobat|Super Fang|p2a: Amoonguss
|-damage|p2a: Amoonguss|50/100
|
|upkeep
|turn|11
|
|t:|1617819013
|switch|p2a: Salamence|Salamence, F|50/100
|-ability|p2a: Salamence|Intimidate|boost
|-unboost|p1a: Crobat|atk|1
|move|p1a: Crobat|Brave Bird|p2a: Salamence
|-damage|p2a: Salamence|36/100
|-damage|p1a: Crobat|95/100|[from] Recoil
|
|-heal|p1a: Crobat|100/100|[from] item: Black Sludge
|upkeep
|turn|12
|
|t:|1617819021
|switch|p1a: Thundurus|Thundurus-Therian, M|100/100
|move|p2a: Salamence|Dual Wingbeat|p1a: Thundurus
|-resisted|p1a: Thundurus
|-damage|p1a: Thundurus|87/100
|-resisted|p1a: Thundurus
|-damage|p1a: Thundurus|73/100
|-hitcount|p1a: Thundurus|2
|
|upkeep
|turn|13
|
|t:|1617819025
|switch|p2a: Amoonguss|Amoonguss, F|84/100
|move|p1a: Thundurus|Volt Switch|p2a: Amoonguss
|-resisted|p2a: Amoonguss
|-damage|p2a: Amoonguss|67/100
|
|t:|1617819031
|switch|p1a: Venusaur|Venusaur, F|100/100|[from]move: Volt Switch
|
|upkeep
|turn|14
|
|t:|1617819036
|switch|p2a: Chansey|Chansey, F|89/100
|move|p1a: Venusaur|Substitute|p1a: Venusaur
|-start|p1a: Venusaur|Substitute
|-damage|p1a: Venusaur|75/100
|
|-heal|p1a: Venusaur|82/100|[from] item: Leftovers
|upkeep
|turn|15
|
|t:|1617819052
|move|p1a: Venusaur|Leech Seed|p2a: Chansey
|-start|p2a: Chansey|move: Leech Seed
|move|p2a: Chansey|Stealth Rock|p1a: Venusaur
|-sidestart|p1: coadgreen11|move: Stealth Rock
|
|-heal|p1a: Venusaur|88/100|[from] item: Leftovers
|-damage|p2a: Chansey|76/100|[from] Leech Seed|[of] p1a: Venusaur
|-heal|p1a: Venusaur|100/100|[silent]
|upkeep
|turn|16
|j| fireware90
|
|t:|1617819059
|switch|p2a: Mew|Mew|100/100
|move|p1a: Venusaur|Sludge Bomb|p2a: Mew
|-damage|p2a: Mew|74/100
|
|-heal|p2a: Mew|80/100|[from] item: Leftovers
|upkeep
|turn|17
|
|t:|1617819064
|move|p2a: Mew|Spikes|p1a: Venusaur
|-sidestart|p1: coadgreen11|Spikes
|move|p1a: Venusaur|Leech Seed|p2a: Mew
|-start|p2a: Mew|move: Leech Seed
|
|-heal|p2a: Mew|86/100|[from] item: Leftovers
|-damage|p2a: Mew|74/100|[from] Leech Seed|[of] p1a: Venusaur
|upkeep
|turn|18
|
|t:|1617819073
|switch|p2a: Chansey|Chansey, F|76/100
|move|p1a: Venusaur|Sludge Bomb|p2a: Chansey
|-damage|p2a: Chansey|66/100
|
|upkeep
|turn|19
|
|t:|1617819079
|move|p1a: Venusaur|Leech Seed|p2a: Chansey
|-start|p2a: Chansey|move: Leech Seed
|move|p2a: Chansey|Soft-Boiled|p2a: Chansey
|-heal|p2a: Chansey|100/100
|
|-damage|p2a: Chansey|88/100|[from] Leech Seed|[of] p1a: Venusaur
|upkeep
|turn|20
|
|t:|1617819084
|switch|p2a: Amoonguss|Amoonguss, F|99/100
|move|p1a: Venusaur|Sludge Bomb|p2a: Amoonguss
|-damage|p2a: Amoonguss|72/100
|
|upkeep
|turn|21
|
|t:|1617819091
|move|p1a: Venusaur|Sludge Bomb|p2a: Amoonguss
|-damage|p2a: Amoonguss|44/100
|move|p2a: Amoonguss|Sludge Bomb|p1a: Venusaur
|-activate|p1a: Venusaur|move: Substitute|[damage]
|
|upkeep
|turn|22
|
|t:|1617819096
|move|p1a: Venusaur|Sludge Bomb|p2a: Amoonguss
|-damage|p2a: Amoonguss|13/100
|move|p2a: Amoonguss|Synthesis|p2a: Amoonguss
|-heal|p2a: Amoonguss|63/100
|
|upkeep
|turn|23
|
|t:|1617819104
|switch|p2a: Mew|Mew|74/100
|move|p1a: Venusaur|Sludge Bomb|p2a: Mew
|-damage|p2a: Mew|50/100
|
|-heal|p2a: Mew|56/100|[from] item: Leftovers
|upkeep
|turn|24
|
|t:|1617819113
|switch|p1a: Tentacruel|Tentacruel, F|100/100
|move|p2a: Mew|Soft-Boiled|p2a: Mew
|-heal|p2a: Mew|100/100
|
|upkeep
|turn|25
|
|t:|1617819119
|move|p1a: Tentacruel|Rapid Spin|p2a: Mew
|-damage|p2a: Mew|96/100
|-boost|p1a: Tentacruel|spe|1
|-sideend|p1: coadgreen11|Spikes|[from] move: Rapid Spin|[of] p1a: Tentacruel
|-sideend|p1: coadgreen11|Stealth Rock|[from] move: Rapid Spin|[of] p1a: Tentacruel
|move|p2a: Mew|Will-O-Wisp|p1a: Tentacruel
|-status|p1a: Tentacruel|brn
|
|-heal|p2a: Mew|100/100|[from] item: Leftovers
|-damage|p1a: Tentacruel|94/100 brn|[from] brn
|upkeep
|turn|26
|
|t:|1617819122
|move|p1a: Tentacruel|Toxic Spikes|p2a: Mew
|-sidestart|p2: UUBF5 detour|move: Toxic Spikes
|move|p2a: Mew|Spikes|p1a: Tentacruel
|-sidestart|p1: coadgreen11|Spikes
|
|-damage|p1a: Tentacruel|88/100 brn|[from] brn
|upkeep
|turn|27
|
|t:|1617819126
|move|p1a: Tentacruel|Toxic Spikes|p2a: Mew
|-sidestart|p2: UUBF5 detour|move: Toxic Spikes
|move|p2a: Mew|Spikes|p1a: Tentacruel
|-sidestart|p1: coadgreen11|Spikes
|
|-damage|p1a: Tentacruel|82/100 brn|[from] brn
|upkeep
|turn|28
|
|t:|1617819130
|move|p1a: Tentacruel|Rapid Spin|p2a: Mew
|-damage|p2a: Mew|98/100
|-boost|p1a: Tentacruel|spe|1
|-sideend|p1: coadgreen11|Spikes|[from] move: Rapid Spin|[of] p1a: Tentacruel
|move|p2a: Mew|Spikes|p1a: Tentacruel
|-sidestart|p1: coadgreen11|Spikes
|
|-heal|p2a: Mew|100/100|[from] item: Leftovers
|-damage|p1a: Tentacruel|76/100 brn|[from] brn
|upkeep
|turn|29
|
|t:|1617819135
|switch|p1a: Crobat|Crobat, M|100/100
|move|p2a: Mew|Spikes|p1a: Crobat
|-sidestart|p1: coadgreen11|Spikes
|
|upkeep
|turn|30
|
|t:|1617819138
|move|p1a: Crobat|Taunt|p2a: Mew
|-start|p2a: Mew|move: Taunt
|move|p2a: Mew|Knock Off|p1a: Crobat
|-damage|p1a: Crobat|74/100
|-enditem|p1a: Crobat|Black Sludge|[from] move: Knock Off|[of] p2a: Mew
|
|upkeep
|turn|31
|
|t:|1617819148
|switch|p1a: Tentacruel|Tentacruel, F|76/100 brn
|switch|p2a: Amoonguss|Amoonguss, F|97/100
|-sideend|p2: UUBF5 detour|move: Toxic Spikes|[of] p2a: Amoonguss
|
|-damage|p1a: Tentacruel|70/100 brn|[from] brn
|upkeep
|turn|32
|
|t:|1617819159
|switch|p2a: Mew|Mew|100/100
|move|p1a: Tentacruel|Rapid Spin|p2a: Mew
|-damage|p2a: Mew|98/100
|-boost|p1a: Tentacruel|spe|1
|-sideend|p1: coadgreen11|Spikes|[from] move: Rapid Spin|[of] p1a: Tentacruel
|
|-heal|p2a: Mew|100/100|[from] item: Leftovers
|-damage|p1a: Tentacruel|64/100 brn|[from] brn
|upkeep
|turn|33
|
|t:|1617819174
|move|p1a: Tentacruel|Scald|p2a: Mew
|-damage|p2a: Mew|82/100
|move|p2a: Mew|Spikes|p1a: Tentacruel
|-sidestart|p1: coadgreen11|Spikes
|
|-heal|p2a: Mew|88/100|[from] item: Leftovers
|-damage|p1a: Tentacruel|58/100 brn|[from] brn
|upkeep
|turn|34
|
|t:|1617819177
|move|p1a: Tentacruel|Scald|p2a: Mew
|-damage|p2a: Mew|70/100
|move|p2a: Mew|Knock Off|p1a: Tentacruel
|-damage|p1a: Tentacruel|29/100 brn
|-enditem|p1a: Tentacruel|Heavy-Duty Boots|[from] move: Knock Off|[of] p2a: Mew
|
|-heal|p2a: Mew|76/100|[from] item: Leftovers
|-damage|p1a: Tentacruel|22/100 brn|[from] brn
|upkeep
|turn|35
|j| Ze Garoa
|j| Zombini62
|
|t:|1617819185
|move|p1a: Tentacruel|Rapid Spin|p2a: Mew
|-damage|p2a: Mew|74/100
|-boost|p1a: Tentacruel|spe|1
|-sideend|p1: coadgreen11|Spikes|[from] move: Rapid Spin|[of] p1a: Tentacruel
|move|p2a: Mew|Soft-Boiled|p2a: Mew
|-heal|p2a: Mew|100/100
|
|-damage|p1a: Tentacruel|16/100 brn|[from] brn
|upkeep
|turn|36
|
|t:|1617819206
|switch|p1a: Crobat|Crobat, M|74/100
|move|p2a: Mew|Spikes|p1a: Crobat
|-sidestart|p1: coadgreen11|Spikes
|
|upkeep
|turn|37
|
|t:|1617819218
|move|p1a: Crobat|Taunt|p2a: Mew
|-start|p2a: Mew|move: Taunt
|cant|p2a: Mew|move: Taunt|Will-O-Wisp
|
|upkeep
|turn|38
|
|t:|1617819222
|switch|p2a: Amoonguss|Amoonguss, F|100/100
|move|p1a: Crobat|Super Fang|p2a: Amoonguss
|-damage|p2a: Amoonguss|50/100
|
|upkeep
|turn|39
|
|t:|1617819229
|switch|p2a: Mew|Mew|100/100
|move|p1a: Crobat|Brave Bird|p2a: Mew
|-damage|p2a: Mew|74/100
|-damage|p1a: Crobat|64/100|[from] Recoil
|
|-heal|p2a: Mew|80/100|[from] item: Leftovers
|upkeep
|turn|40
|
|t:|1617819238
|move|p1a: Crobat|Taunt|p2a: Mew
|-start|p2a: Mew|move: Taunt
|cant|p2a: Mew|move: Taunt|Will-O-Wisp
|
|-heal|p2a: Mew|87/100|[from] item: Leftovers
|upkeep
|turn|41
|
|t:|1617819241
|switch|p2a: Amoonguss|Amoonguss, F|84/100
|move|p1a: Crobat|Super Fang|p2a: Amoonguss|[miss]
|-miss|p1a: Crobat|p2a: Amoonguss
|
|upkeep
|turn|42
|
|t:|1617819246
|switch|p2a: Mew|Mew|87/100
|move|p1a: Crobat|Brave Bird|p2a: Mew
|-damage|p2a: Mew|57/100
|-damage|p1a: Crobat|54/100|[from] Recoil
|
|-heal|p2a: Mew|63/100|[from] item: Leftovers
|upkeep
|turn|43
|
|t:|1617819249
|move|p1a: Crobat|Super Fang|p2a: Mew
|-damage|p2a: Mew|32/100
|move|p2a: Mew|Will-O-Wisp|p1a: Crobat
|-status|p1a: Crobat|brn
|
|-heal|p2a: Mew|38/100|[from] item: Leftovers
|-damage|p1a: Crobat|48/100 brn|[from] brn
|upkeep
|turn|44
|
|t:|1617819253
|move|p1a: Crobat|Taunt|p2a: Mew
|-start|p2a: Mew|move: Taunt
|cant|p2a: Mew|move: Taunt|Soft-Boiled
|
|-heal|p2a: Mew|44/100|[from] item: Leftovers
|-damage|p1a: Crobat|41/100 brn|[from] brn
|upkeep
|turn|45
|
|t:|1617819256
|move|p1a: Crobat|Roost|p1a: Crobat
|-heal|p1a: Crobat|91/100 brn
|-singleturn|p1a: Crobat|move: Roost
|move|p2a: Mew|Knock Off|p1a: Crobat
|-damage|p1a: Crobat|76/100 brn
|
|-heal|p2a: Mew|50/100|[from] item: Leftovers
|-damage|p1a: Crobat|70/100 brn|[from] brn
|upkeep
|turn|46
|
|t:|1617819264
|switch|p2a: Amoonguss|Amoonguss, F|100/100
|move|p1a: Crobat|Super Fang|p2a: Amoonguss
|-damage|p2a: Amoonguss|50/100
|
|-damage|p1a: Crobat|64/100 brn|[from] brn
|upkeep
|turn|47
|
|t:|1617819267
|switch|p2a: Mew|Mew|50/100
|move|p1a: Crobat|Brave Bird|p2a: Mew
|-damage|p2a: Mew|35/100
|-damage|p1a: Crobat|58/100 brn|[from] Recoil
|
|-heal|p2a: Mew|41/100|[from] item: Leftovers
|-damage|p1a: Crobat|52/100 brn|[from] brn
|upkeep
|turn|48
|
|t:|1617819271
|move|p1a: Crobat|Taunt|p2a: Mew
|-start|p2a: Mew|move: Taunt
|cant|p2a: Mew|move: Taunt|Soft-Boiled
|
|-heal|p2a: Mew|47/100|[from] item: Leftovers
|-damage|p1a: Crobat|46/100 brn|[from] brn
|upkeep
|turn|49
|
|t:|1617819274
|move|p1a: Crobat|Roost|p1a: Crobat
|-heal|p1a: Crobat|96/100 brn
|-singleturn|p1a: Crobat|move: Roost
|move|p2a: Mew|Knock Off|p1a: Crobat
|-damage|p1a: Crobat|78/100 brn
|
|-heal|p2a: Mew|53/100|[from] item: Leftovers
|-damage|p1a: Crobat|72/100 brn|[from] brn
|upkeep
|turn|50
|
|t:|1617819277
|switch|p2a: Amoonguss|Amoonguss, F|84/100
|move|p1a: Crobat|Super Fang|p2a: Amoonguss|[miss]
|-miss|p1a: Crobat|p2a: Amoonguss
|
|-damage|p1a: Crobat|66/100 brn|[from] brn
|upkeep
|turn|51
|
|t:|1617819286
|move|p1a: Crobat|Taunt|p2a: Amoonguss
|-start|p2a: Amoonguss|move: Taunt
|move|p2a: Amoonguss|Giga Drain|p1a: Crobat
|-resisted|p1a: Crobat
|-damage|p1a: Crobat|60/100 brn
|-heal|p2a: Amoonguss|86/100|[from] drain|[of] p1a: Crobat
|
|-damage|p1a: Crobat|54/100 brn|[from] brn
|upkeep
|turn|52
|
|t:|1617819289
|switch|p2a: Mew|Mew|53/100
|move|p1a: Crobat|Super Fang|p2a: Mew
|-damage|p2a: Mew|27/100
|
|-heal|p2a: Mew|33/100|[from] item: Leftovers
|-damage|p1a: Crobat|48/100 brn|[from] brn
|upkeep
|turn|53
|
|t:|1617819296
|move|p1a: Crobat|Taunt|p2a: Mew
|-start|p2a: Mew|move: Taunt
|cant|p2a: Mew|move: Taunt|Soft-Boiled
|
|-heal|p2a: Mew|39/100|[from] item: Leftovers
|-damage|p1a: Crobat|42/100 brn|[from] brn
|upkeep
|turn|54
|
|t:|1617819298
|move|p1a: Crobat|Roost|p1a: Crobat
|-heal|p1a: Crobat|92/100 brn
|-singleturn|p1a: Crobat|move: Roost
|move|p2a: Mew|Knock Off|p1a: Crobat
|-damage|p1a: Crobat|76/100 brn
|
|-heal|p2a: Mew|46/100|[from] item: Leftovers
|-damage|p1a: Crobat|70/100 brn|[from] brn
|upkeep
|turn|55
|
|t:|1617819304
|switch|p2a: Amoonguss|Amoonguss, F|100/100
|move|p1a: Crobat|Super Fang|p2a: Amoonguss|[miss]
|-miss|p1a: Crobat|p2a: Amoonguss
|
|-damage|p1a: Crobat|64/100 brn|[from] brn
|upkeep
|turn|56
|
|t:|1617819310
|move|p1a: Crobat|Super Fang|p2a: Amoonguss
|-damage|p2a: Amoonguss|50/100
|move|p2a: Amoonguss|Sludge Bomb|p1a: Crobat
|-resisted|p1a: Crobat
|-damage|p1a: Crobat|48/100 brn
|
|-damage|p1a: Crobat|42/100 brn|[from] brn
|upkeep
|turn|57
|
|t:|1617819313
|switch|p2a: Mew|Mew|46/100
|move|p1a: Crobat|Brave Bird|p2a: Mew
|-damage|p2a: Mew|31/100
|-damage|p1a: Crobat|37/100 brn|[from] Recoil
|
|-heal|p2a: Mew|37/100|[from] item: Leftovers
|-damage|p1a: Crobat|30/100 brn|[from] brn
|upkeep
|turn|58
|
|t:|1617819317
|move|p1a: Crobat|Taunt|p2a: Mew
|-start|p2a: Mew|move: Taunt
|cant|p2a: Mew|move: Taunt|Soft-Boiled
|
|-heal|p2a: Mew|44/100|[from] item: Leftovers
|-damage|p1a: Crobat|24/100 brn|[from] brn
|upkeep
|turn|59
|
|t:|1617819319
|move|p1a: Crobat|Roost|p1a: Crobat
|-heal|p1a: Crobat|74/100 brn
|-singleturn|p1a: Crobat|move: Roost
|move|p2a: Mew|Knock Off|p1a: Crobat
|-damage|p1a: Crobat|57/100 brn
|
|-heal|p2a: Mew|50/100|[from] item: Leftovers
|-damage|p1a: Crobat|50/100 brn|[from] brn
|upkeep
|turn|60
|
|t:|1617819323
|switch|p2a: Amoonguss|Amoonguss, F|84/100
|move|p1a: Crobat|Roost|p1a: Crobat
|-heal|p1a: Crobat|100/100 brn
|-singleturn|p1a: Crobat|move: Roost
|
|-damage|p1a: Crobat|94/100 brn|[from] brn
|upkeep
|turn|61
|
|t:|1617819330
|switch|p1a: Tentacruel|Tentacruel, F|16/100 brn
|-damage|p1a: Tentacruel|4/100 brn|[from] Spikes
|move|p2a: Amoonguss|Sludge Bomb|p1a: Tentacruel
|-resisted|p1a: Tentacruel
|-damage|p1a: Tentacruel|0 fnt
|faint|p1a: Tentacruel
|
|upkeep
|
|t:|1617819340
|switch|p1a: Scizor|Scizor, M|100/100
|-damage|p1a: Scizor|88/100|[from] Spikes
|turn|62
|
|t:|1617819348
|switch|p2a: Pyukumuku|Pyukumuku, F|100/100
|move|p1a: Scizor|U-turn|p2a: Pyukumuku
|-damage|p2a: Pyukumuku|60/100
|
|t:|1617819350
|switch|p1a: Thundurus|Thundurus-Therian, M|73/100|[from]move: U-turn
|
|upkeep
|turn|63
|
|t:|1617819356
|switch|p2a: Amoonguss|Amoonguss, F|100/100
|move|p1a: Thundurus|Thunderbolt|p2a: Amoonguss
|-resisted|p2a: Amoonguss
|-damage|p2a: Amoonguss|79/100
|
|upkeep
|turn|64
|
|t:|1617819365
|switch|p1a: Venusaur|Venusaur, F|100/100
|-damage|p1a: Venusaur|88/100|[from] Spikes
|move|p2a: Amoonguss|Foul Play|p1a: Venusaur
|-damage|p1a: Venusaur|72/100
|
|-heal|p1a: Venusaur|78/100|[from] item: Leftovers
|upkeep
|turn|65
|
|t:|1617819372
|switch|p2a: Mew|Mew|50/100
|move|p1a: Venusaur|Protect||[still]
|-fail|p1a: Venusaur
|
|-heal|p2a: Mew|56/100|[from] item: Leftovers
|-heal|p1a: Venusaur|84/100|[from] item: Leftovers
|upkeep
|turn|66
|
|t:|1617819379
|move|p2a: Mew|Knock Off|p1a: Venusaur
|-damage|p1a: Venusaur|59/100
|-enditem|p1a: Venusaur|Leftovers|[from] move: Knock Off|[of] p2a: Mew
|move|p1a: Venusaur|Leech Seed|p2a: Mew
|-start|p2a: Mew|move: Leech Seed
|
|-heal|p2a: Mew|62/100|[from] item: Leftovers
|-damage|p2a: Mew|50/100|[from] Leech Seed|[of] p1a: Venusaur
|-heal|p1a: Venusaur|73/100|[silent]
|upkeep
|turn|67
|
|t:|1617819384
|switch|p1a: Scizor|Scizor, M|88/100
|-damage|p1a: Scizor|76/100|[from] Spikes
|move|p2a: Mew|Soft-Boiled|p2a: Mew
|-heal|p2a: Mew|99/100
|
|-heal|p2a: Mew|100/100|[from] item: Leftovers
|-damage|p2a: Mew|88/100|[from] Leech Seed|[of] p1a: Scizor
|-heal|p1a: Scizor|91/100|[silent]
|upkeep
|turn|68
|
|t:|1617819390
|switch|p1a: Crobat|Crobat, M|94/100 brn
|move|p2a: Mew|Will-O-Wisp|p1a: Crobat
|-fail|p1a: Crobat|brn
|
|-heal|p2a: Mew|94/100|[from] item: Leftovers
|-damage|p2a: Mew|82/100|[from] Leech Seed|[of] p1a: Crobat
|-heal|p1a: Crobat|100/100 brn|[silent]
|-damage|p1a: Crobat|94/100 brn|[from] brn
|upkeep
|turn|69
|
|t:|1617819396
|switch|p1a: Kommo-o|Kommo-o, F|100/100
|-damage|p1a: Kommo-o|88/100|[from] Spikes
|switch|p2a: Amoonguss|Amoonguss, F|100/100
|
|upkeep
|turn|70
|
|t:|1617819408
|switch|p2a: Salamence|Salamence, F|36/100
|-ability|p2a: Salamence|Intimidate|boost
|-unboost|p1a: Kommo-o|atk|1
|move|p1a: Kommo-o|Iron Defense|p1a: Kommo-o
|-boost|p1a: Kommo-o|def|2
|
|upkeep
|turn|71
|
|t:|1617819412
|move|p2a: Salamence|Roost|p2a: Salamence
|-heal|p2a: Salamence|86/100
|-singleturn|p2a: Salamence|move: Roost
|move|p1a: Kommo-o|Draco Meteor|p2a: Salamence
|-supereffective|p2a: Salamence
|-damage|p2a: Salamence|0 fnt
|-unboost|p1a: Kommo-o|spa|2
|faint|p2a: Salamence
|
|upkeep
|
|t:|1617819417
|switch|p2a: Pyukumuku|Pyukumuku, F|60/100
|turn|72
|
|t:|1617819425
|switch|p1a: Venusaur|Venusaur, F|73/100
|-damage|p1a: Venusaur|61/100|[from] Spikes
|move|p2a: Pyukumuku|Recover|p2a: Pyukumuku
|-heal|p2a: Pyukumuku|100/100
|
|upkeep
|turn|73
|
|t:|1617819432
|switch|p2a: Amoonguss|Amoonguss, F|100/100
|move|p1a: Venusaur|Protect||[still]
|-fail|p1a: Venusaur
|
|upkeep
|turn|74
|l| fireware90
|
|t:|1617819449
|switch|p1a: Scizor|Scizor, M|91/100
|-damage|p1a: Scizor|78/100|[from] Spikes
|move|p2a: Amoonguss|Foul Play|p1a: Scizor
|-damage|p1a: Scizor|41/100
|
|upkeep
|turn|75
|
|t:|1617819455
|move|p1a: Scizor|Knock Off|p2a: Amoonguss
|-damage|p2a: Amoonguss|63/100
|-enditem|p2a: Amoonguss|Heavy-Duty Boots|[from] move: Knock Off|[of] p1a: Scizor
|move|p2a: Amoonguss|Foul Play|p1a: Scizor
|-crit|p1a: Scizor
|-damage|p1a: Scizor|0 fnt
|faint|p1a: Scizor
|
|upkeep
|
|t:|1617819461
|switch|p1a: Kommo-o|Kommo-o, F|88/100
|-damage|p1a: Kommo-o|76/100|[from] Spikes
|turn|76
|
|t:|1617819465
|switch|p2a: Pyukumuku|Pyukumuku, F|100/100
|move|p1a: Kommo-o|Iron Defense|p1a: Kommo-o
|-boost|p1a: Kommo-o|def|2
|
|upkeep
|turn|77
|
|t:|1617819473
|move|p1a: Kommo-o|Iron Defense|p1a: Kommo-o
|-boost|p1a: Kommo-o|def|2
|move|p2a: Pyukumuku|Soak|p1a: Kommo-o
|-start|p1a: Kommo-o|typechange|Water
|
|upkeep
|turn|78
|
|t:|1617819481
|move|p1a: Kommo-o|Body Press|p2a: Pyukumuku
|-damage|p2a: Pyukumuku|81/100
|move|p2a: Pyukumuku|Toxic|p1a: Kommo-o
|-status|p1a: Kommo-o|tox
|
|-damage|p1a: Kommo-o|69/100 tox|[from] psn
|upkeep
|turn|79
|
|t:|1617819492
|switch|p1a: Thundurus|Thundurus-Therian, M|73/100
|move|p2a: Pyukumuku|Recover|p2a: Pyukumuku
|-heal|p2a: Pyukumuku|100/100
|
|upkeep
|turn|80
|
|t:|1617819496
|switch|p2a: Amoonguss|Amoonguss, F|96/100
|move|p1a: Thundurus|Volt Switch|p2a: Amoonguss
|-resisted|p2a: Amoonguss
|-damage|p2a: Amoonguss|79/100
|
|t:|1617819498
|switch|p1a: Crobat|Crobat, M|94/100 brn|[from]move: Volt Switch
|
|-damage|p1a: Crobat|88/100 brn|[from] brn
|upkeep
|turn|81
|
|t:|1617819503
|move|p1a: Crobat|Super Fang|p2a: Amoonguss
|-damage|p2a: Amoonguss|40/100
|move|p2a: Amoonguss|Sludge Bomb|p1a: Crobat
|-resisted|p1a: Crobat
|-damage|p1a: Crobat|72/100 brn
|
|-damage|p1a: Crobat|66/100 brn|[from] brn
|upkeep
|turn|82
|
|t:|1617819509
|switch|p2a: Mew|Mew|82/100
|move|p1a: Crobat|Taunt|p2a: Mew
|-start|p2a: Mew|move: Taunt
|
|-heal|p2a: Mew|88/100|[from] item: Leftovers
|-damage|p1a: Crobat|60/100 brn|[from] brn
|upkeep
|turn|83
|
|t:|1617819516
|switch|p1a: Thundurus|Thundurus-Therian, M|73/100
|switch|p2a: Amoonguss|Amoonguss, F|73/100
|
|upkeep
|turn|84
|-message|coadgreen11 forfeited.
|
|win|UUBF5 detour
|raw|coadgreen11's rating: 1298 &rarr; <strong>1286</strong><br />(-12 for losing)
|raw|UUBF5 detour's rating: 1497 &rarr; <strong>1507</strong><br />(+10 for winning)
|l|☆coadgreen11
||Ladder isn't responding, score probably updated but might not have (Request timeout).
|c| Ze Garoa|gz
|c| Ze Garoa|top 500 now
