|j|☆Aggron
|j|☆uult1 freitas
|player|p1|Aggron|200|1550
|player|p2|uult1 freitas|170|1654
|teamsize|p1|6
|teamsize|p2|6
|gametype|singles
|gen|8
|tier|[Gen 8] UU
|rated|
|clearpoke
|poke|p1|Gardevoir, M|
|poke|p1|Chandelure, M|
|poke|p1|Sirfetch'd, M|
|poke|p1|Vikavolt, F|
|poke|p1|Braviary, M|
|poke|p1|Rhyperior, F|
|poke|p2|Machamp, F|
|poke|p2|Sylveon, F|
|poke|p2|Flygon, F|
|poke|p2|Copperajah, F|
|poke|p2|Rotom-Wash|
|poke|p2|Noivern, F|
|rule|Sleep Clause Mod: Limit one foe put to sleep
|rule|Species Clause: Limit one of each Pokémon
|rule|OHKO Clause: OHKO moves are banned
|rule|Evasion Moves Clause: Evasion moves are banned
|rule|Endless Battle Clause: Forcing endless battles is banned
|rule|HP Percentage Mod: HP is shown in percentages
|rule|Dynamax Clause: You cannot dynamax
|teampreview
|
|start
|switch|p1a: Vikavolt|Vikavolt, F|100/100
|switch|p2a: Noivern|Noivern, F|100/100
|turn|1
|
|switch|p1a: Braviary|Braviary, M|100/100
|move|p2a: Noivern|U-turn|p1a: Braviary
|-resisted|p1a: Braviary
|-damage|p1a: Braviary|95/100
|
|switch|p2a: Rotom|Rotom-Wash|100/100|[from]move: U-turn
|
|-heal|p1a: Braviary|100/100|[from] item: Leftovers
|upkeep
|turn|2
|j| ChillHopListener
|
|switch|p1a: Gardevoir|Gardevoir, M|100/100
|-ability|p1a: Gardevoir|Levitate|[from] ability: Trace|[of] p2a: Rotom
|move|p2a: Rotom|Hydro Pump|p1a: Gardevoir
|-damage|p1a: Gardevoir|55/100
|
|upkeep
|turn|3
|
|move|p1a: Gardevoir|Moonblast|p2a: Rotom
|-damage|p2a: Rotom|49/100
|move|p2a: Rotom|Volt Switch|p1a: Gardevoir
|-damage|p1a: Gardevoir|29/100
|
|switch|p2a: Copperajah|Copperajah, F|100/100|[from]move: Volt Switch
|
|upkeep
|turn|4
|
|switch|p1a: Vikavolt|Vikavolt, F|100/100
|move|p2a: Copperajah|Stealth Rock|p1a: Vikavolt
|-sidestart|p1: Aggron|move: Stealth Rock
|
|upkeep
|turn|5
|
|move|p2a: Copperajah|Heat Crash|p1a: Vikavolt
|-supereffective|p1a: Vikavolt
|-damage|p1a: Vikavolt|47/100
|move|p1a: Vikavolt|Sticky Web|p2a: Copperajah
|-sidestart|p2: uult1 freitas|move: Sticky Web
|
|upkeep
|turn|6
|j| Spl4sh
|
|switch|p1a: Rhyperior|Rhyperior, F|100/100
|-damage|p1a: Rhyperior|94/100|[from] Stealth Rock
|move|p2a: Copperajah|Heavy Slam|p1a: Rhyperior
|-supereffective|p1a: Rhyperior
|-damage|p1a: Rhyperior|42/100
|-enditem|p1a: Rhyperior|Weakness Policy
|-boost|p1a: Rhyperior|atk|2|[from] item: Weakness Policy
|-boost|p1a: Rhyperior|spa|2|[from] item: Weakness Policy
|
|upkeep
|turn|7
|
|switch|p2a: Rotom|Rotom-Wash|49/100
|move|p1a: Rhyperior|Stealth Rock|p2a: Rotom
|-sidestart|p2: uult1 freitas|move: Stealth Rock
|
|-heal|p2a: Rotom|55/100|[from] item: Leftovers
|upkeep
|turn|8
|
|move|p2a: Rotom|Hydro Pump|p1a: Rhyperior|[miss]
|-miss|p2a: Rotom|p1a: Rhyperior
|move|p1a: Rhyperior|Stone Edge|p2a: Rotom
|-crit|p2a: Rotom
|-damage|p2a: Rotom|0 fnt
|faint|p2a: Rotom
|
|upkeep
|j| Hfidowow
|j| BhunderTlunder333
|inactive|Battle timer is ON: inactive players will automatically lose when time's up. (requested by Aggron)
|j| UULT1 Curry
|inactive|uult1 freitas has 120 seconds left.
|
|switch|p2a: Sylveon|Sylveon, F|100/100
|-activate|p2a: Sylveon|move: Sticky Web
|-unboost|p2a: Sylveon|spe|1
|-damage|p2a: Sylveon|88/100|[from] Stealth Rock
|turn|9
|
|move|p2a: Sylveon|Protect|p2a: Sylveon
|-singleturn|p2a: Sylveon|Protect
|move|p1a: Rhyperior|Earthquake|p2a: Sylveon
|-activate|p2a: Sylveon|move: Protect
|
|-heal|p2a: Sylveon|94/100|[from] item: Leftovers
|upkeep
|turn|10
|
|move|p1a: Rhyperior|Stone Edge|p2a: Sylveon
|-damage|p2a: Sylveon|4/100
|move|p2a: Sylveon|Hyper Voice|p1a: Rhyperior
|-damage|p1a: Rhyperior|0 fnt
|faint|p1a: Rhyperior
|
|-heal|p2a: Sylveon|10/100|[from] item: Leftovers
|upkeep
|
|switch|p1a: Gardevoir|Gardevoir, M|29/100
|-damage|p1a: Gardevoir|17/100|[from] Stealth Rock
|-ability|p1a: Gardevoir|Pixilate|[from] ability: Trace|[of] p2a: Sylveon
|turn|11
|
|move|p2a: Sylveon|Protect|p2a: Sylveon
|-singleturn|p2a: Sylveon|Protect
|move|p1a: Gardevoir|Moonblast|p2a: Sylveon
|-activate|p2a: Sylveon|move: Protect
|
|-heal|p2a: Sylveon|16/100|[from] item: Leftovers
|upkeep
|turn|12
|
|switch|p2a: Copperajah|Copperajah, F|100/100
|-activate|p2a: Copperajah|move: Sticky Web
|-unboost|p2a: Copperajah|spe|1
|-damage|p2a: Copperajah|94/100|[from] Stealth Rock
|move|p1a: Gardevoir|Moonblast|p2a: Copperajah
|-resisted|p2a: Copperajah
|-damage|p2a: Copperajah|79/100
|
|-heal|p2a: Copperajah|85/100|[from] item: Leftovers
|upkeep
|turn|13
|
|switch|p1a: Vikavolt|Vikavolt, F|47/100
|move|p2a: Copperajah|Heavy Slam|p1a: Vikavolt
|-resisted|p1a: Vikavolt
|-damage|p1a: Vikavolt|27/100
|
|-heal|p2a: Copperajah|91/100|[from] item: Leftovers
|upkeep
|turn|14
|
|move|p1a: Vikavolt|Roost|p1a: Vikavolt
|-heal|p1a: Vikavolt|77/100
|-singleturn|p1a: Vikavolt|move: Roost
|move|p2a: Copperajah|Heavy Slam|p1a: Vikavolt
|-resisted|p1a: Vikavolt
|-damage|p1a: Vikavolt|59/100
|
|-heal|p2a: Copperajah|98/100|[from] item: Leftovers
|upkeep
|turn|15
|
|move|p1a: Vikavolt|Volt Switch|p2a: Copperajah
|-damage|p2a: Copperajah|76/100
|
|switch|p1a: Chandelure|Chandelure, M|100/100|[from]move: Volt Switch
|-damage|p1a: Chandelure|76/100|[from] Stealth Rock
|move|p2a: Copperajah|Heavy Slam|p1a: Chandelure
|-resisted|p1a: Chandelure
|-damage|p1a: Chandelure|37/100
|
|-heal|p2a: Copperajah|82/100|[from] item: Leftovers
|upkeep
|turn|16
|l| Hfidowow
|
|switch|p2a: Sylveon|Sylveon, F|16/100
|-activate|p2a: Sylveon|move: Sticky Web
|-unboost|p2a: Sylveon|spe|1
|-damage|p2a: Sylveon|3/100|[from] Stealth Rock
|move|p1a: Chandelure|Shadow Ball|p2a: Sylveon
|-damage|p2a: Sylveon|0 fnt
|faint|p2a: Sylveon
|
|upkeep
|
|switch|p2a: Flygon|Flygon, F|100/100
|-damage|p2a: Flygon|95/100|[from] Stealth Rock
|turn|17
|
|switch|p1a: Vikavolt|Vikavolt, F|59/100
|move|p2a: Flygon|Throat Chop|p1a: Vikavolt
|-damage|p1a: Vikavolt|40/100
|-start|p1a: Vikavolt|Throat Chop|[silent]
|
|upkeep
|turn|18
|
|move|p2a: Flygon|Dragon Dance|p2a: Flygon
|-boost|p2a: Flygon|atk|1
|-boost|p2a: Flygon|spe|1
|move|p1a: Vikavolt|Roost|p1a: Vikavolt
|-heal|p1a: Vikavolt|90/100
|-singleturn|p1a: Vikavolt|move: Roost
|
|-end|p1a: Vikavolt|Throat Chop|[silent]
|upkeep
|turn|19
|
|switch|p2a: Copperajah|Copperajah, F|82/100
|-activate|p2a: Copperajah|move: Sticky Web
|-unboost|p2a: Copperajah|spe|1
|-damage|p2a: Copperajah|76/100|[from] Stealth Rock
|switch|p1a: Sirfetch'd|Sirfetch'd, M|100/100
|-damage|p1a: Sirfetch'd|94/100|[from] Stealth Rock
|
|-heal|p2a: Copperajah|82/100|[from] item: Leftovers
|upkeep
|turn|20
|
|switch|p2a: Noivern|Noivern, F|100/100
|move|p1a: Sirfetch'd|Close Combat|p2a: Noivern
|-resisted|p2a: Noivern
|-damage|p2a: Noivern|57/100
|-unboost|p1a: Sirfetch'd|def|1
|-unboost|p1a: Sirfetch'd|spd|1
|
|upkeep
|turn|21
|c|☆Aggron|I shouldn’t say this but
|j| UULT1 Adrift
|c|☆Aggron|throat chop fly shuts down vika
|inactive|Aggron has 120 seconds left.
|j| LiarFairy≧◡≦
|
|move|p2a: Noivern|Hurricane|p1a: Sirfetch'd
|-supereffective|p1a: Sirfetch'd
|-damage|p1a: Sirfetch'd|0 fnt
|faint|p1a: Sirfetch'd
|
|upkeep
|
|switch|p1a: Braviary|Braviary, M|100/100
|-damage|p1a: Braviary|76/100|[from] Stealth Rock
|turn|22
|inactive|Aggron has 120 seconds left.
|c|☆uult1 freitas|woops that's true
|
|move|p2a: Noivern|Hurricane|p1a: Braviary
|-crit|p1a: Braviary
|-damage|p1a: Braviary|21/100
|move|p1a: Braviary|Roost|p1a: Braviary
|-heal|p1a: Braviary|71/100
|-singleturn|p1a: Braviary|move: Roost
|
|-heal|p1a: Braviary|77/100|[from] item: Leftovers
|upkeep
|turn|23
|
|move|p2a: Noivern|Hurricane|p1a: Braviary
|-damage|p1a: Braviary|34/100
|move|p1a: Braviary|Brave Bird|p2a: Noivern
|-crit|p2a: Noivern
|-damage|p2a: Noivern|0 fnt
|-damage|p1a: Braviary|19/100|[from] Recoil
|faint|p2a: Noivern
|
|-heal|p1a: Braviary|25/100|[from] item: Leftovers
|upkeep
|
|switch|p2a: Flygon|Flygon, F|95/100
|-damage|p2a: Flygon|89/100|[from] Stealth Rock
|turn|24
|
|move|p2a: Flygon|Throat Chop|p1a: Braviary
|-damage|p1a: Braviary|2/100
|-start|p1a: Braviary|Throat Chop|[silent]
|move|p1a: Braviary|Roost|p1a: Braviary
|-heal|p1a: Braviary|52/100
|-singleturn|p1a: Braviary|move: Roost
|
|-heal|p1a: Braviary|58/100|[from] item: Leftovers
|upkeep
|turn|25
|c|☆uult1 freitas|aaand i choked again
|
|switch|p2a: Machamp|Machamp, F|100/100
|-activate|p2a: Machamp|move: Sticky Web
|-unboost|p2a: Machamp|spe|1
|-damage|p2a: Machamp|94/100|[from] Stealth Rock
|move|p1a: Braviary|Bulk Up|p1a: Braviary
|-boost|p1a: Braviary|atk|1
|-boost|p1a: Braviary|def|1
|
|-heal|p1a: Braviary|65/100|[from] item: Leftovers
|-end|p1a: Braviary|Throat Chop|[silent]
|-status|p2a: Machamp|brn|[from] item: Flame Orb
|upkeep
|turn|26
|
|switch|p2a: Copperajah|Copperajah, F|82/100
|-damage|p2a: Copperajah|76/100|[from] Stealth Rock
|-activate|p2a: Copperajah|move: Sticky Web
|-unboost|p2a: Copperajah|spe|1
|move|p1a: Braviary|Bulk Up|p1a: Braviary
|-boost|p1a: Braviary|atk|1
|-boost|p1a: Braviary|def|1
|
|-heal|p1a: Braviary|71/100|[from] item: Leftovers
|-heal|p2a: Copperajah|82/100|[from] item: Leftovers
|upkeep
|turn|27
|c|☆uult1 freitas|why would you bulk up again
|
|move|p1a: Braviary|Brave Bird|p2a: Copperajah
|-resisted|p2a: Copperajah
|-damage|p2a: Copperajah|34/100
|-damage|p1a: Braviary|53/100|[from] Recoil
|move|p2a: Copperajah|Heavy Slam|p1a: Braviary
|-damage|p1a: Braviary|23/100
|
|-heal|p1a: Braviary|29/100|[from] item: Leftovers
|-heal|p2a: Copperajah|40/100|[from] item: Leftovers
|upkeep
|turn|28
|c|☆uult1 freitas|i don't get it
|
|move|p1a: Braviary|Roost|p1a: Braviary
|-heal|p1a: Braviary|80/100
|-singleturn|p1a: Braviary|move: Roost
|move|p2a: Copperajah|Heavy Slam|p1a: Braviary
|-damage|p1a: Braviary|52/100
|
|-heal|p1a: Braviary|58/100|[from] item: Leftovers
|-heal|p2a: Copperajah|46/100|[from] item: Leftovers
|upkeep
|turn|29
|
|move|p1a: Braviary|Bulk Up|p1a: Braviary
|-boost|p1a: Braviary|atk|1
|-boost|p1a: Braviary|def|1
|move|p2a: Copperajah|Heavy Slam|p1a: Braviary
|-damage|p1a: Braviary|35/100
|
|-heal|p1a: Braviary|41/100|[from] item: Leftovers
|-heal|p2a: Copperajah|53/100|[from] item: Leftovers
|upkeep
|turn|30
|
|move|p1a: Braviary|Roost|p1a: Braviary
|-heal|p1a: Braviary|91/100
|-singleturn|p1a: Braviary|move: Roost
|move|p2a: Copperajah|Heavy Slam|p1a: Braviary
|-damage|p1a: Braviary|69/100
|
|-heal|p1a: Braviary|75/100|[from] item: Leftovers
|-heal|p2a: Copperajah|59/100|[from] item: Leftovers
|upkeep
|turn|31
|
|move|p1a: Braviary|Brave Bird|p2a: Copperajah
|-resisted|p2a: Copperajah
|-damage|p2a: Copperajah|0 fnt
|-damage|p1a: Braviary|53/100|[from] Recoil
|faint|p2a: Copperajah
|
|-heal|p1a: Braviary|60/100|[from] item: Leftovers
|upkeep
|c|☆uult1 freitas|i mean
|c|☆uult1 freitas|there's no way you would survive a close combat
|c|☆uult1 freitas|from that range
|
|switch|p2a: Flygon|Flygon, F|89/100
|-damage|p2a: Flygon|83/100|[from] Stealth Rock
|turn|32
|c|☆Aggron|Not gonna lie
|c|☆Aggron|i misclicked on mobile but it worked out 😯
|inactive|Aggron has 120 seconds left.
|inactive|uult1 freitas has 120 seconds left.
|c|☆uult1 freitas|,
|
|move|p2a: Flygon|Outrage|p1a: Braviary
|-damage|p1a: Braviary|39/100
|move|p1a: Braviary|Brave Bird|p2a: Flygon
|-damage|p2a: Flygon|0 fnt
|-damage|p1a: Braviary|18/100|[from] Recoil
|faint|p2a: Flygon
|
|-heal|p1a: Braviary|24/100|[from] item: Leftovers
|upkeep
|inactive|uult1 freitas has 120 seconds left.
|
|switch|p2a: Machamp|Machamp, F|94/100 brn
|-activate|p2a: Machamp|move: Sticky Web
|-unboost|p2a: Machamp|spe|1
|-damage|p2a: Machamp|88/100 brn|[from] Stealth Rock
|turn|33
|l| LiarFairy≧◡≦
|c|☆uult1 freitas|PAI BRAZ
|c|☆uult1 freitas|SANTO ANTONIO
|c|☆uult1 freitas|PADIM CICERO
|inactive|uult1 freitas has 120 seconds left.
|
|move|p2a: Machamp|Bullet Punch|p1a: Braviary
|-damage|p1a: Braviary|14/100
|move|p1a: Braviary|Brave Bird|p2a: Machamp
|-supereffective|p2a: Machamp
|-damage|p2a: Machamp|0 fnt
|-damage|p1a: Braviary|0 fnt|[from] Recoil
|faint|p2a: Machamp
|faint|p1a: Braviary
|
|win|Aggron
|c|☆uult1 freitas|yeah fuck me
|c|☆uult1 freitas|gg
|c|☆Aggron|Gg
|l|☆uult1 freitas
|l|☆Aggron
|l| Spl4sh
|l| BhunderTlunder333
|l| ChillHopListener
|raw|Aggron's rating: 1570 &rarr; <strong>1594</strong><br />(+24 for winning)
|raw|uult1 freitas's rating: 1654 &rarr; <strong>1630</strong><br />(-24 for losing)
