|raw|<div class="broadcast-blue"><strong>This battle is required to be public due to a player having a name starting with 'uult84z'.</div>
|j|☆UULT84z ln
|j|☆Karolynia彡
|t:|1623433293
|gametype|singles
|player|p1|UULT84z ln|swimmer-gen4dp|1556
|player|p2|Karolynia彡|n|1503
|teamsize|p1|6
|teamsize|p2|6
|gen|8
|tier|[Gen 8] UU
|rated|
|rule|Sleep Clause Mod: Limit one foe put to sleep
|rule|Species Clause: Limit one of each Pokémon
|rule|OHKO Clause: OHKO moves are banned
|rule|Evasion Moves Clause: Evasion moves are banned
|rule|Endless Battle Clause: Forcing endless battles is banned
|rule|HP Percentage Mod: HP is shown in percentages
|rule|Dynamax Clause: You cannot dynamax
|clearpoke
|poke|p1|Mew|
|poke|p1|Kommo-o, F|
|poke|p1|Scizor, M|
|poke|p1|Thundurus-Therian, M|
|poke|p1|Lycanroc-Dusk, F|
|poke|p1|Primarina, M|
|poke|p2|Rotom-Wash|
|poke|p2|Scizor, M|
|poke|p2|Salamence, M|
|poke|p2|Amoonguss, M|
|poke|p2|Chandelure, M|
|poke|p2|Mamoswine, M|
|teampreview
|c|☆Karolynia彡|glhf
|inactive|Battle timer is ON: inactive players will automatically lose when time's up. (requested by UULT84z ln)
|j| Dunoks
|
|t:|1623433312
|start
|switch|p1a: Kommo-o|Kommo-o, F|100/100
|switch|p2a: Truffle|Mamoswine, M|100/100
|turn|1
|j| 7MM
|j| laevin
|
|t:|1623433325
|switch|p1a: Mew|Mew|100/100
|move|p2a: Truffle|Icicle Crash|p1a: Mew
|-damage|p1a: Mew|65/100
|-enditem|p1a: Mew|Red Card|[of] p2a: Truffle
|drag|p2a: Amorgos|Amoonguss, M|100/100
|
|upkeep
|turn|2
|
|t:|1623433336
|move|p1a: Mew|Stealth Rock|p2a: Amorgos
|-sidestart|p2: Karolynia彡|move: Stealth Rock
|move|p2a: Amorgos|Spore|p1a: Mew
|-status|p1a: Mew|slp|[from] move: Spore
|
|upkeep
|turn|3
|j| hy per space(12)
|
|t:|1623433355
|switch|p2a: Rostom-Wash|Rotom-Wash, shiny|100/100
|-damage|p2a: Rostom-Wash|88/100|[from] Stealth Rock
|cant|p1a: Mew|slp
|
|-heal|p2a: Rostom-Wash|94/100|[from] item: Leftovers
|upkeep
|turn|4
|
|t:|1623433363
|cant|p1a: Mew|slp
|move|p2a: Rostom-Wash|Defog|p1a: Mew
|-unboost|p1a: Mew|evasion|1
|-sideend|p2: Karolynia彡|Stealth Rock|[from] move: Defog|[of] p2a: Rostom-Wash
|
|-heal|p2a: Rostom-Wash|100/100|[from] item: Leftovers
|upkeep
|turn|5
|inactive|Karolynia彡 has 120 seconds left.
|
|t:|1623433395
|-curestatus|p1a: Mew|slp|[msg]
|move|p1a: Mew|Stealth Rock|p2a: Rostom-Wash
|-sidestart|p2: Karolynia彡|move: Stealth Rock
|move|p2a: Rostom-Wash|Volt Switch|p1a: Mew
|-damage|p1a: Mew|43/100
|
|t:|1623433399
|switch|p2a: Vasectomy|Scizor, M|100/100|[from]move: Volt Switch
|-damage|p2a: Vasectomy|88/100|[from] Stealth Rock
|
|-heal|p2a: Vasectomy|94/100|[from] item: Leftovers
|upkeep
|turn|6
|
|t:|1623433413
|move|p1a: Mew|Flare Blitz|p2a: Vasectomy
|-supereffective|p2a: Vasectomy
|-damage|p2a: Vasectomy|0 fnt
|faint|p2a: Vasectomy
|-damage|p1a: Mew|21/100|[from] Recoil
|
|upkeep
|j| Tommaconda
|
|t:|1623433432
|switch|p2a: Rostom-Wash|Rotom-Wash, shiny|100/100
|-damage|p2a: Rostom-Wash|88/100|[from] Stealth Rock
|turn|7
|
|t:|1623433455
|move|p1a: Mew|Explosion|p2a: Rostom-Wash
|-damage|p2a: Rostom-Wash|31/100
|faint|p1a: Mew
|move|p2a: Rostom-Wash|Defog|p1: Mew|[notarget]
|-fail|p2a: Rostom-Wash
|
|-heal|p2a: Rostom-Wash|37/100|[from] item: Leftovers
|upkeep
|inactive|UULT84z ln has 120 seconds left.
|l| Tommaconda
|
|t:|1623433496
|switch|p1a: Kommo-o|Kommo-o, F|100/100
|turn|8
|
|t:|1623433525
|move|p2a: Rostom-Wash|Pain Split|p1a: Kommo-o
|-sethp|p1a: Kommo-o|69/100|[from] move: Pain Split|[silent]
|-sethp|p2a: Rostom-Wash|67/100|[from] move: Pain Split
|move|p1a: Kommo-o|Clangorous Soul|p1a: Kommo-o
|-boost|p1a: Kommo-o|atk|1
|-boost|p1a: Kommo-o|def|1
|-boost|p1a: Kommo-o|spa|1
|-boost|p1a: Kommo-o|spd|1
|-boost|p1a: Kommo-o|spe|1
|-damage|p1a: Kommo-o|36/100
|-enditem|p1a: Kommo-o|Throat Spray
|-boost|p1a: Kommo-o|spa|1|[from] item: Throat Spray
|
|-heal|p2a: Rostom-Wash|73/100|[from] item: Leftovers
|upkeep
|turn|9
|
|t:|1623433537
|move|p1a: Kommo-o|Boomburst|p2a: Rostom-Wash
|-damage|p2a: Rostom-Wash|0 fnt
|faint|p2a: Rostom-Wash
|
|upkeep
|
|t:|1623433539
|switch|p2a: Truffle|Mamoswine, M|100/100
|-damage|p2a: Truffle|88/100|[from] Stealth Rock
|turn|10
|
|t:|1623433553
|switch|p1a: Primarina|Primarina, M|100/100
|move|p2a: Truffle|Ice Shard|p1a: Primarina
|-resisted|p1a: Primarina
|-damage|p1a: Primarina|91/100
|
|-heal|p1a: Primarina|97/100|[from] item: Leftovers
|upkeep
|turn|11
|
|t:|1623433564
|move|p2a: Truffle|Earthquake|p1a: Primarina
|-damage|p1a: Primarina|47/100
|move|p1a: Primarina|Calm Mind|p1a: Primarina
|-boost|p1a: Primarina|spa|1
|-boost|p1a: Primarina|spd|1
|
|-heal|p1a: Primarina|53/100|[from] item: Leftovers
|upkeep
|turn|12
|
|t:|1623433569
|move|p2a: Truffle|Icicle Crash|p1a: Primarina
|-resisted|p1a: Primarina
|-damage|p1a: Primarina|29/100
|cant|p1a: Primarina|flinch
|
|-heal|p1a: Primarina|35/100|[from] item: Leftovers
|upkeep
|turn|13
|
|t:|1623433577
|switch|p1a: Thundurus|Thundurus-Therian, M|100/100
|move|p2a: Truffle|Earthquake|p1a: Thundurus
|-immune|p1a: Thundurus
|
|upkeep
|turn|14
|inactive|UULT84z ln has 120 seconds left.
|
|t:|1623433610
|move|p1a: Thundurus|Grass Knot|p2a: Truffle
|-supereffective|p2a: Truffle
|-damage|p2a: Truffle|0 fnt
|faint|p2a: Truffle
|
|upkeep
|c|☆Karolynia彡|oof wasnt even focus miss
|
|t:|1623433620
|switch|p2a: Shandy|Chandelure, M, shiny|100/100
|-damage|p2a: Shandy|76/100|[from] Stealth Rock
|turn|15
|inactive|UULT84z ln has 90 seconds left.
|
|t:|1623433671
|move|p2a: Shandy|Shadow Ball|p1a: Thundurus
|-damage|p1a: Thundurus|42/100
|move|p1a: Thundurus|U-turn|p2a: Shandy
|-resisted|p2a: Shandy
|-damage|p2a: Shandy|71/100
|
|t:|1623433675
|switch|p1a: Kommo-o|Kommo-o, F|36/100|[from]move: U-turn
|
|upkeep
|turn|16
|
|t:|1623433688
|move|p2a: Shandy|Shadow Ball|p1a: Kommo-o
|-immune|p1a: Kommo-o|[from] ability: Bulletproof
|move|p1a: Kommo-o|Clanging Scales|p2a: Shandy
|-damage|p2a: Shandy|0 fnt
|faint|p2a: Shandy
|-unboost|p1a: Kommo-o|def|1
|
|upkeep
|
|t:|1623433692
|switch|p2a: Alamance|Salamence, M|100/100
|-damage|p2a: Alamance|76/100|[from] Stealth Rock
|turn|17
|
|t:|1623433700
|move|p2a: Alamance|Dual Wingbeat|p1a: Kommo-o
|-supereffective|p1a: Kommo-o
|-damage|p1a: Kommo-o|0 fnt
|faint|p1a: Kommo-o
|-ability|p2a: Alamance|Moxie|boost
|-boost|p2a: Alamance|atk|1
|-hitcount|p1: Kommo-o|1
|
|upkeep
|
|t:|1623433714
|switch|p1a: Lycanroc|Lycanroc-Dusk, F|100/100
|turn|18
|j| Tommaconda
|
|t:|1623433720
|move|p1a: Lycanroc|Accelerock|p2a: Alamance
|-supereffective|p2a: Alamance
|-damage|p2a: Alamance|0 fnt
|faint|p2a: Alamance
|-damage|p1a: Lycanroc|91/100|[from] item: Life Orb
|
|upkeep
|
|t:|1623433721
|switch|p2a: Amorgos|Amoonguss, M|100/100
|-damage|p2a: Amorgos|88/100|[from] Stealth Rock
|turn|19
|
|t:|1623433726
|move|p1a: Lycanroc|Psychic Fangs|p2a: Amorgos
|-supereffective|p2a: Amorgos
|-damage|p2a: Amorgos|15/100
|-damage|p1a: Lycanroc|74/100|[from] item: Rocky Helmet|[of] p2a: Amorgos
|-damage|p1a: Lycanroc|64/100|[from] item: Life Orb
|move|p2a: Amorgos|Giga Drain|p1a: Lycanroc
|-supereffective|p1a: Lycanroc
|-damage|p1a: Lycanroc|0 fnt
|-heal|p2a: Amorgos|36/100|[from] drain|[of] p1a: Lycanroc
|faint|p1a: Lycanroc
|
|upkeep
|
|t:|1623433730
|switch|p1a: Thundurus|Thundurus-Therian, M|42/100
|turn|20
|c|☆Karolynia彡|gg
|
|t:|1623433733
|move|p1a: Thundurus|Psychic|p2a: Amorgos
|-supereffective|p2a: Amorgos
|-damage|p2a: Amorgos|0 fnt
|faint|p2a: Amorgos
|
|win|UULT84z ln
|l|☆UULT84z ln
|raw|UULT84z ln's rating: 1555 &rarr; <strong>1573</strong><br />(+18 for winning)
|raw|Karolynia彡's rating: 1519 &rarr; <strong>1501</strong><br />(-18 for losing)
|l| Dunoks
|l|☆Karolynia彡
|l| Tommaconda
|l| 7MM
||Ladder isn't responding, score probably updated but might not have (Request timeout).
