|j|☆Lnua
|j|☆franky osheen
|player|p1|Lnua|misty-gen2|1176
|player|p2|franky osheen|#vapo|1113
|teamsize|p1|6
|teamsize|p2|6
|gametype|singles
|gen|8
|tier|[Gen 8] UU
|rated|
|clearpoke
|poke|p1|Noivern, F|
|poke|p1|Rhyperior, F|
|poke|p1|Sylveon, F|
|poke|p1|Reuniclus, F|
|poke|p1|Milotic, F|
|poke|p1|Cobalion|
|poke|p2|Vaporeon, M|
|poke|p2|Weezing-Galar, F|
|poke|p2|Incineroar, M|
|poke|p2|Rotom-Mow|
|poke|p2|Flygon, F|
|poke|p2|Bronzong|
|rule|Sleep Clause Mod: Limit one foe put to sleep
|rule|Species Clause: Limit one of each Pokémon
|rule|OHKO Clause: OHKO moves are banned
|rule|Evasion Moves Clause: Evasion moves are banned
|rule|Endless Battle Clause: Forcing endless battles is banned
|rule|HP Percentage Mod: HP is shown in percentages
|rule|Dynamax Clause: You cannot dynamax
|teampreview
|c|☆franky osheen|glhf
|j| Dr. Online
|c|☆Lnua|you too
|c|☆Lnua|nice avatar
|c|☆Lnua|btw
|c|☆franky osheen|thanks!
|
|start
|switch|p1a: Reuniclus|Reuniclus, F|100/100
|switch|p2a: Bronzong|Bronzong|100/100
|turn|1
|
|move|p2a: Bronzong|Stealth Rock|p1a: Reuniclus
|-sidestart|p1: Lnua|move: Stealth Rock
|move|p1a: Reuniclus|Future Sight|p2a: Bronzong
|-start|p1a: Reuniclus|move: Future Sight
|
|upkeep
|turn|2
|
|switch|p2a: Incineroar|Incineroar, M|100/100
|-ability|p2a: Incineroar|Intimidate|boost
|-unboost|p1a: Reuniclus|atk|1
|move|p1a: Reuniclus|Focus Blast|p2a: Incineroar
|-supereffective|p2a: Incineroar
|-damage|p2a: Incineroar|53/100
|
|upkeep
|turn|3
|
|switch|p1a: Cobalion|Cobalion|100/100
|-damage|p1a: Cobalion|97/100|[from] Stealth Rock
|move|p2a: Incineroar|Parting Shot|p1a: Cobalion
|-unboost|p1a: Cobalion|atk|1
|-unboost|p1a: Cobalion|spa|1
|
|switch|p2a: Bronzong|Bronzong|100/100|[from]move: Parting Shot
|
|-end|p2a: Bronzong|move: Future Sight
|-resisted|p2a: Bronzong
|-damage|p2a: Bronzong|92/100
|-heal|p1a: Cobalion|100/100|[from] item: Leftovers
|-heal|p2a: Bronzong|98/100|[from] item: Leftovers
|upkeep
|turn|4
|
|move|p1a: Cobalion|Swords Dance|p1a: Cobalion
|-boost|p1a: Cobalion|atk|2
|move|p2a: Bronzong|Earthquake|p1a: Cobalion
|-supereffective|p1a: Cobalion
|-crit|p1a: Cobalion
|-damage|p1a: Cobalion|45/100
|
|-heal|p1a: Cobalion|52/100|[from] item: Leftovers
|-heal|p2a: Bronzong|100/100|[from] item: Leftovers
|upkeep
|turn|5
|
|move|p1a: Cobalion|Magnet Rise|p1a: Cobalion
|-start|p1a: Cobalion|Magnet Rise
|move|p2a: Bronzong|Earthquake|p1a: Cobalion
|-immune|p1a: Cobalion
|
|-heal|p1a: Cobalion|58/100|[from] item: Leftovers
|upkeep
|turn|6
|c|☆franky osheen|o
|
|switch|p2a: Incineroar|Incineroar, M|53/100
|-ability|p2a: Incineroar|Intimidate|boost
|-unboost|p1a: Cobalion|atk|1
|move|p1a: Cobalion|Swords Dance|p1a: Cobalion
|-boost|p1a: Cobalion|atk|2
|
|-heal|p1a: Cobalion|64/100|[from] item: Leftovers
|upkeep
|turn|7
|
|move|p1a: Cobalion|Close Combat|p2a: Incineroar
|-supereffective|p2a: Incineroar
|-damage|p2a: Incineroar|0 fnt
|-unboost|p1a: Cobalion|def|1
|-unboost|p1a: Cobalion|spd|1
|faint|p2a: Incineroar
|
|-heal|p1a: Cobalion|70/100|[from] item: Leftovers
|upkeep
|
|switch|p2a: Vaporeon|Vaporeon, M|100/100
|turn|8
|
|switch|p1a: Reuniclus|Reuniclus, F|100/100
|-damage|p1a: Reuniclus|88/100|[from] Stealth Rock
|move|p2a: Vaporeon|Scald|p1a: Reuniclus
|-damage|p1a: Reuniclus|74/100
|
|upkeep
|turn|9
|
|move|p2a: Vaporeon|Scald|p1a: Reuniclus
|-damage|p1a: Reuniclus|61/100
|move|p1a: Reuniclus|Future Sight|p2a: Vaporeon
|-start|p1a: Reuniclus|move: Future Sight
|
|upkeep
|turn|10
|
|switch|p1a: yawn|Sylveon, F|100/100
|-damage|p1a: yawn|88/100|[from] Stealth Rock
|move|p2a: Vaporeon|Wish|p2a: Vaporeon
|
|-heal|p1a: yawn|94/100|[from] item: Leftovers
|upkeep
|turn|11
|
|switch|p2a: Bronzong|Bronzong|100/100
|move|p1a: yawn|Calm Mind|p1a: yawn
|-boost|p1a: yawn|spa|1
|-boost|p1a: yawn|spd|1
|
|-end|p2a: Bronzong|move: Future Sight
|-resisted|p2a: Bronzong
|-crit|p2a: Bronzong
|-damage|p2a: Bronzong|89/100
|-heal|p2a: Bronzong|100/100|[from] move: Wish|[wisher] Vaporeon
|-heal|p1a: yawn|99/100|[from] item: Leftovers
|upkeep
|turn|12
|
|move|p1a: yawn|Calm Mind|p1a: yawn
|-boost|p1a: yawn|spa|1
|-boost|p1a: yawn|spd|1
|move|p2a: Bronzong|Toxic|p1a: yawn
|-status|p1a: yawn|tox
|
|-heal|p1a: yawn|100/100 tox|[from] item: Leftovers
|-damage|p1a: yawn|94/100 tox|[from] psn
|upkeep
|turn|13
|
|move|p1a: yawn|Calm Mind|p1a: yawn
|-boost|p1a: yawn|spa|1
|-boost|p1a: yawn|spd|1
|move|p2a: Bronzong|Gyro Ball|p1a: yawn
|-supereffective|p1a: yawn
|-damage|p1a: yawn|62/100 tox
|
|-heal|p1a: yawn|68/100 tox|[from] item: Leftovers
|-damage|p1a: yawn|56/100 tox|[from] psn
|upkeep
|turn|14
|
|switch|p1a: Cobalion|Cobalion|70/100
|-damage|p1a: Cobalion|67/100|[from] Stealth Rock
|move|p2a: Bronzong|Gyro Ball|p1a: Cobalion
|-resisted|p1a: Cobalion
|-damage|p1a: Cobalion|49/100
|
|-heal|p1a: Cobalion|56/100|[from] item: Leftovers
|upkeep
|turn|15
|
|switch|p2a: Vaporeon|Vaporeon, M|100/100
|move|p1a: Cobalion|Magnet Rise|p1a: Cobalion
|-start|p1a: Cobalion|Magnet Rise
|
|-heal|p1a: Cobalion|62/100|[from] item: Leftovers
|upkeep
|turn|16
|
|switch|p1a: yawn|Sylveon, F|56/100 tox
|-damage|p1a: yawn|43/100 tox|[from] Stealth Rock
|move|p2a: Vaporeon|Wish|p2a: Vaporeon
|
|-heal|p1a: yawn|49/100 tox|[from] item: Leftovers
|-damage|p1a: yawn|43/100 tox|[from] psn
|upkeep
|turn|17
|
|switch|p2a: Bronzong|Bronzong|100/100
|move|p1a: yawn|Rest|p1a: yawn
|-status|p1a: yawn|slp|[from] move: Rest
|-heal|p1a: yawn|100/100 slp|[silent]
|
|upkeep
|turn|18
|
|switch|p1a: Rhyperior|Rhyperior, F|100/100
|-damage|p1a: Rhyperior|94/100|[from] Stealth Rock
|move|p2a: Bronzong|Gyro Ball|p1a: Rhyperior
|-supereffective|p1a: Rhyperior
|-damage|p1a: Rhyperior|81/100
|
|-heal|p1a: Rhyperior|87/100|[from] item: Leftovers
|upkeep
|turn|19
|
|switch|p2a: Rotom|Rotom-Mow|100/100
|move|p1a: Rhyperior|Stealth Rock|p2a: Rotom
|-sidestart|p2: franky osheen|move: Stealth Rock
|
|-heal|p1a: Rhyperior|93/100|[from] item: Leftovers
|upkeep
|turn|20
|
|switch|p1a: Reuniclus|Reuniclus, F|94/100
|-damage|p1a: Reuniclus|82/100|[from] Stealth Rock
|move|p2a: Rotom|Nasty Plot|p2a: Rotom
|-boost|p2a: Rotom|spa|2
|
|upkeep
|turn|21
|
|move|p2a: Rotom|Discharge|p1a: Reuniclus
|-damage|p1a: Reuniclus|57/100
|move|p1a: Reuniclus|Psychic|p2a: Rotom
|-damage|p2a: Rotom|60/100
|
|-heal|p2a: Rotom|66/100|[from] item: Leftovers
|upkeep
|turn|22
|
|move|p2a: Rotom|Discharge|p1a: Reuniclus
|-damage|p1a: Reuniclus|33/100
|move|p1a: Reuniclus|Future Sight|p2a: Rotom
|-start|p1a: Reuniclus|move: Future Sight
|
|-heal|p2a: Rotom|72/100|[from] item: Leftovers
|upkeep
|turn|23
|
|switch|p1a: Noivern|Noivern, F|100/100
|-item|p2a: Rotom|Leftovers|[from] ability: Frisk|[of] p1a: Noivern|[identify]
|move|p2a: Rotom|Substitute|p2a: Rotom
|-start|p2a: Rotom|Substitute
|-damage|p2a: Rotom|47/100
|
|-heal|p2a: Rotom|53/100|[from] item: Leftovers
|upkeep
|turn|24
|
|switch|p2a: Bronzong|Bronzong|100/100
|-damage|p2a: Bronzong|94/100|[from] Stealth Rock
|move|p1a: Noivern|Flamethrower|p2a: Bronzong
|-supereffective|p2a: Bronzong
|-damage|p2a: Bronzong|76/100
|
|-end|p2a: Bronzong|move: Future Sight
|-resisted|p2a: Bronzong
|-damage|p2a: Bronzong|67/100
|-heal|p2a: Bronzong|73/100|[from] item: Leftovers
|upkeep
|turn|25
|
|switch|p1a: Reuniclus|Reuniclus, F|66/100
|-damage|p1a: Reuniclus|54/100|[from] Stealth Rock
|move|p2a: Bronzong|Earthquake|p1a: Reuniclus
|-damage|p1a: Reuniclus|33/100
|
|-heal|p2a: Bronzong|79/100|[from] item: Leftovers
|upkeep
|turn|26
|
|switch|p1a: yawn|Sylveon, F|100/100 slp
|-damage|p1a: yawn|88/100 slp|[from] Stealth Rock
|move|p2a: Bronzong|Earthquake|p1a: yawn
|-damage|p1a: yawn|71/100 slp
|
|-heal|p1a: yawn|77/100 slp|[from] item: Leftovers
|-heal|p2a: Bronzong|86/100|[from] item: Leftovers
|upkeep
|turn|27
|
|cant|p1a: yawn|slp
|move|p2a: Bronzong|Gyro Ball|p1a: yawn
|-supereffective|p1a: yawn
|-damage|p1a: yawn|42/100 slp
|
|-heal|p1a: yawn|48/100 slp|[from] item: Leftovers
|-heal|p2a: Bronzong|92/100|[from] item: Leftovers
|upkeep
|turn|28
|
|cant|p1a: yawn|slp
|move|p2a: Bronzong|Gyro Ball|p1a: yawn
|-supereffective|p1a: yawn
|-damage|p1a: yawn|17/100 slp
|
|-heal|p1a: yawn|23/100 slp|[from] item: Leftovers
|-heal|p2a: Bronzong|98/100|[from] item: Leftovers
|upkeep
|turn|29
|
|switch|p2a: Vaporeon|Vaporeon, M|100/100
|-damage|p2a: Vaporeon|88/100|[from] Stealth Rock
|-curestatus|p1a: yawn|slp|[msg]
|move|p1a: yawn|Rest|p1a: yawn
|-status|p1a: yawn|slp|[from] move: Rest
|-heal|p1a: yawn|100/100 slp|[silent]
|
|-heal|p2a: Vaporeon|94/100|[from] item: Leftovers
|upkeep
|turn|30
|
|move|p2a: Vaporeon|Wish|p2a: Vaporeon
|cant|p1a: yawn|slp
|
|-heal|p2a: Vaporeon|100/100|[from] item: Leftovers
|upkeep
|turn|31
|
|switch|p2a: Rotom|Rotom-Mow|53/100
|-damage|p2a: Rotom|41/100|[from] Stealth Rock
|cant|p1a: yawn|slp
|move|p1a: yawn|Snore|p2a: Rotom
|-damage|p2a: Rotom|15/100
|
|-heal|p2a: Rotom|94/100|[from] move: Wish|[wisher] Vaporeon
|-heal|p2a: Rotom|99/100|[from] item: Leftovers
|upkeep
|turn|32
|
|switch|p2a: Bronzong|Bronzong|98/100
|-damage|p2a: Bronzong|92/100|[from] Stealth Rock
|-curestatus|p1a: yawn|slp|[msg]
|move|p1a: yawn|Calm Mind|p1a: yawn
|-boost|p1a: yawn|spa|1
|-boost|p1a: yawn|spd|1
|
|-heal|p2a: Bronzong|98/100|[from] item: Leftovers
|upkeep
|turn|33
|
|move|p1a: yawn|Calm Mind|p1a: yawn
|-boost|p1a: yawn|spa|1
|-boost|p1a: yawn|spd|1
|move|p2a: Bronzong|Toxic|p1a: yawn
|-status|p1a: yawn|tox
|
|-heal|p2a: Bronzong|100/100|[from] item: Leftovers
|-damage|p1a: yawn|94/100 tox|[from] psn
|upkeep
|turn|34
|
|move|p1a: yawn|Calm Mind|p1a: yawn
|-boost|p1a: yawn|spa|1
|-boost|p1a: yawn|spd|1
|move|p2a: Bronzong|Gyro Ball|p1a: yawn
|-supereffective|p1a: yawn
|-damage|p1a: yawn|59/100 tox
|
|-heal|p1a: yawn|65/100 tox|[from] item: Leftovers
|-damage|p1a: yawn|53/100 tox|[from] psn
|upkeep
|turn|35
|
|switch|p2a: Rotom|Rotom-Mow|99/100
|-damage|p2a: Rotom|88/100|[from] Stealth Rock
|move|p1a: yawn|Rest|p1a: yawn
|-status|p1a: yawn|slp|[from] move: Rest
|-heal|p1a: yawn|100/100 slp|[silent]
|
|-heal|p2a: Rotom|94/100|[from] item: Leftovers
|upkeep
|turn|36
|
|move|p2a: Rotom|Nasty Plot|p2a: Rotom
|-boost|p2a: Rotom|spa|2
|cant|p1a: yawn|slp
|move|p1a: yawn|Snore|p2a: Rotom
|-damage|p2a: Rotom|31/100
|
|-heal|p2a: Rotom|37/100|[from] item: Leftovers
|upkeep
|turn|37
|
|move|p2a: Rotom|Leaf Storm|p1a: yawn|[miss]
|-miss|p2a: Rotom|p1a: yawn
|cant|p1a: yawn|slp
|move|p1a: yawn|Snore|p2a: Rotom
|-damage|p2a: Rotom|0 fnt
|faint|p2a: Rotom
|
|upkeep
|-message|franky osheen forfeited.
|
|win|Lnua
|l|☆franky osheen
|c|☆Lnua|ah sorry
|c|☆Lnua|ok then
