|j|☆Xoyjaz
|j|☆MarceloBRx
|player|p1|Xoyjaz|1|1495
|player|p2|MarceloBRx|policeman|1387
|teamsize|p1|6
|teamsize|p2|6
|gametype|singles
|gen|8
|tier|[Gen 8] UU
|rated|
|clearpoke
|poke|p1|Mamoswine, M|
|poke|p1|Chandelure, M|
|poke|p1|Milotic, F|
|poke|p1|Haxorus, F|
|poke|p1|Arcanine, F|
|poke|p1|Rhyperior, M|
|poke|p2|Inteleon, F|
|poke|p2|Frosmoth, M|
|poke|p2|Chandelure, M|
|poke|p2|Steelix, M|
|poke|p2|Snorlax, M|
|poke|p2|Rotom-Fan|
|rule|Sleep Clause Mod: Limit one foe put to sleep
|rule|Species Clause: Limit one of each Pokémon
|rule|OHKO Clause: OHKO moves are banned
|rule|Evasion Moves Clause: Evasion moves are banned
|rule|Endless Battle Clause: Forcing endless battles is banned
|rule|HP Percentage Mod: HP is shown in percentages
|rule|Dynamax Clause: You cannot dynamax
|teampreview
|inactive|Battle timer is ON: inactive players will automatically lose when time's up. (requested by Xoyjaz)
|inactive|Xoyjaz has 120 seconds left.
|inactive|Xoyjaz has 90 seconds left.
|
|start
|switch|p1a: Haxorus|Haxorus, F, shiny|100/100
|switch|p2a: Inteleon|Inteleon, F, shiny|100/100
|-ability|p1a: Haxorus|Mold Breaker
|turn|1
|
|switch|p1a: RABGAFBON|Milotic, F, shiny|100/100
|move|p2a: Inteleon|U-turn|p1a: RABGAFBON
|-crit|p1a: RABGAFBON
|-damage|p1a: RABGAFBON|82/100
|
|switch|p2a: Frosmoth|Frosmoth, M|100/100|[from]move: U-turn
|
|-heal|p1a: RABGAFBON|88/100|[from] item: Leftovers
|upkeep
|turn|2
|
|move|p1a: RABGAFBON|Haze|p1a: RABGAFBON
|-clearallboost
|move|p2a: Frosmoth|Quiver Dance|p2a: Frosmoth
|-boost|p2a: Frosmoth|spa|1
|-boost|p2a: Frosmoth|spd|1
|-boost|p2a: Frosmoth|spe|1
|
|-heal|p1a: RABGAFBON|94/100|[from] item: Leftovers
|upkeep
|turn|3
|
|move|p2a: Frosmoth|Giga Drain|p1a: RABGAFBON
|-supereffective|p1a: RABGAFBON
|-damage|p1a: RABGAFBON|47/100
|move|p1a: RABGAFBON|Haze|p1a: RABGAFBON
|-clearallboost
|
|-heal|p1a: RABGAFBON|53/100|[from] item: Leftovers
|upkeep
|turn|4
|
|move|p1a: RABGAFBON|Recover|p1a: RABGAFBON
|-heal|p1a: RABGAFBON|100/100
|move|p2a: Frosmoth|Quiver Dance|p2a: Frosmoth
|-boost|p2a: Frosmoth|spa|1
|-boost|p2a: Frosmoth|spd|1
|-boost|p2a: Frosmoth|spe|1
|
|upkeep
|turn|5
|
|switch|p1a: Love your style|Chandelure, M, shiny|100/100
|move|p2a: Frosmoth|Giga Drain|p1a: Love your style
|-resisted|p1a: Love your style
|-damage|p1a: Love your style|72/100
|
|upkeep
|turn|6
|
|switch|p2a: Snorlax|Snorlax, M|100/100
|move|p1a: Love your style|Trick|p2a: Snorlax
|-activate|p1a: Love your style|move: Trick|[of] p2a: Snorlax
|-item|p2a: Snorlax|Choice Scarf|[from] move: Trick
|-item|p1a: Love your style|Leftovers|[from] move: Trick
|
|-heal|p1a: Love your style|78/100|[from] item: Leftovers
|upkeep
|turn|7
|
|switch|p1a: Rhyperior|Rhyperior, M|100/100
|switch|p2a: Inteleon|Inteleon, F, shiny|100/100
|
|upkeep
|turn|8
|
|move|p1a: Rhyperior|Protect|p1a: Rhyperior
|-singleturn|p1a: Rhyperior|Protect
|move|p2a: Inteleon|Snipe Shot|p1a: Rhyperior
|-activate|p1a: Rhyperior|move: Protect
|
|upkeep
|turn|9
|
|switch|p1a: RABGAFBON|Milotic, F, shiny|100/100
|move|p2a: Inteleon|U-turn|p1a: RABGAFBON
|-damage|p1a: RABGAFBON|87/100
|
|switch|p2a: Rotom|Rotom-Fan|100/100|[from]move: U-turn
|
|-heal|p1a: RABGAFBON|93/100|[from] item: Leftovers
|upkeep
|turn|10
|
|move|p2a: Rotom|Air Slash|p1a: RABGAFBON
|-damage|p1a: RABGAFBON|60/100
|cant|p1a: RABGAFBON|flinch
|
|-heal|p1a: RABGAFBON|66/100|[from] item: Leftovers
|upkeep
|turn|11
|
|switch|p1a: Rhyperior|Rhyperior, M|100/100
|move|p2a: Rotom|Air Slash|p1a: Rhyperior
|-resisted|p1a: Rhyperior
|-damage|p1a: Rhyperior|79/100
|
|-heal|p1a: Rhyperior|85/100|[from] item: Leftovers
|upkeep
|turn|12
|
|switch|p2a: Steelix|Steelix, M, shiny|100/100
|move|p1a: Rhyperior|Stealth Rock|p2a: Steelix
|-sidestart|p2: MarceloBRx|move: Stealth Rock
|
|-heal|p1a: Rhyperior|91/100|[from] item: Leftovers
|upkeep
|turn|13
|
|switch|p1a: Love your style|Chandelure, M, shiny|78/100
|move|p2a: Steelix|Stealth Rock|p1a: Love your style
|-sidestart|p1: Xoyjaz|move: Stealth Rock
|
|-heal|p1a: Love your style|84/100|[from] item: Leftovers
|upkeep
|turn|14
|
|switch|p2a: Snorlax|Snorlax, M|100/100
|-damage|p2a: Snorlax|88/100|[from] Stealth Rock
|move|p1a: Love your style|Fire Blast|p2a: Snorlax
|-damage|p2a: Snorlax|69/100
|
|-heal|p1a: Love your style|90/100|[from] item: Leftovers
|upkeep
|turn|15
|
|switch|p1a: Arcanine|Arcanine, F|100/100
|-ability|p1a: Arcanine|Intimidate|boost
|-unboost|p2a: Snorlax|atk|1
|move|p2a: Snorlax|Ice Punch|p1a: Arcanine
|-resisted|p1a: Arcanine
|-damage|p1a: Arcanine|95/100
|
|upkeep
|turn|16
|inactive|Xoyjaz has 120 seconds left.
|
|switch|p1a: Rhyperior|Rhyperior, M|91/100
|-damage|p1a: Rhyperior|85/100|[from] Stealth Rock
|switch|p2a: Chandelure|Chandelure, M, shiny|100/100
|-damage|p2a: Chandelure|76/100|[from] Stealth Rock
|
|-heal|p1a: Rhyperior|91/100|[from] item: Leftovers
|upkeep
|turn|17
|inactive|MarceloBRx has 120 seconds left.
|
|move|p1a: Rhyperior|Protect|p1a: Rhyperior
|-singleturn|p1a: Rhyperior|Protect
|move|p2a: Chandelure|Energy Ball|p1a: Rhyperior
|-activate|p1a: Rhyperior|move: Protect
|
|-heal|p1a: Rhyperior|97/100|[from] item: Leftovers
|upkeep
|turn|18
|
|switch|p1a: Haxorus|Haxorus, F, shiny|100/100
|-damage|p1a: Haxorus|88/100|[from] Stealth Rock
|-ability|p1a: Haxorus|Mold Breaker
|move|p2a: Chandelure|Energy Ball|p1a: Haxorus
|-resisted|p1a: Haxorus
|-damage|p1a: Haxorus|62/100
|
|upkeep
|turn|19
|
|switch|p2a: Steelix|Steelix, M, shiny|100/100
|-damage|p2a: Steelix|97/100|[from] Stealth Rock
|move|p1a: Haxorus|Earthquake|p2a: Steelix
|-supereffective|p2a: Steelix
|-damage|p2a: Steelix|65/100
|
|-heal|p2a: Steelix|71/100|[from] item: Leftovers
|upkeep
|turn|20
|
|move|p1a: Haxorus|Earthquake|p2a: Steelix
|-supereffective|p2a: Steelix
|-damage|p2a: Steelix|30/100
|move|p2a: Steelix|Body Press|p1a: Haxorus
|-damage|p1a: Haxorus|7/100
|
|-heal|p2a: Steelix|36/100|[from] item: Leftovers
|upkeep
|turn|21
|
|move|p1a: Haxorus|Earthquake|p2a: Steelix
|-supereffective|p2a: Steelix
|-damage|p2a: Steelix|0 fnt
|faint|p2a: Steelix
|
|upkeep
|inactive|MarceloBRx has 120 seconds left.
|
|switch|p2a: Inteleon|Inteleon, F, shiny|100/100
|-damage|p2a: Inteleon|88/100|[from] Stealth Rock
|turn|22
|
|switch|p1a: RABGAFBON|Milotic, F, shiny|66/100
|-damage|p1a: RABGAFBON|54/100|[from] Stealth Rock
|move|p2a: Inteleon|Snipe Shot|p1a: RABGAFBON
|-resisted|p1a: RABGAFBON
|-crit|p1a: RABGAFBON
|-damage|p1a: RABGAFBON|34/100
|
|-heal|p1a: RABGAFBON|40/100|[from] item: Leftovers
|upkeep
|turn|23
|
|move|p2a: Inteleon|U-turn|p1a: RABGAFBON
|-damage|p1a: RABGAFBON|26/100
|
|switch|p2a: Frosmoth|Frosmoth, M|100/100|[from]move: U-turn
|move|p1a: RABGAFBON|Recover|p1a: RABGAFBON
|-heal|p1a: RABGAFBON|76/100
|
|-heal|p1a: RABGAFBON|82/100|[from] item: Leftovers
|upkeep
|turn|24
|
|move|p1a: RABGAFBON|Scald|p2a: Frosmoth
|-damage|p2a: Frosmoth|87/100
|move|p2a: Frosmoth|Bug Buzz|p1a: RABGAFBON
|-damage|p1a: RABGAFBON|54/100
|
|-heal|p1a: RABGAFBON|60/100|[from] item: Leftovers
|upkeep
|turn|25
|
|switch|p1a: Rhyperior|Rhyperior, M|97/100
|-damage|p1a: Rhyperior|91/100|[from] Stealth Rock
|move|p2a: Frosmoth|Quiver Dance|p2a: Frosmoth
|-boost|p2a: Frosmoth|spa|1
|-boost|p2a: Frosmoth|spd|1
|-boost|p2a: Frosmoth|spe|1
|
|-heal|p1a: Rhyperior|97/100|[from] item: Leftovers
|upkeep
|turn|26
|inactive|MarceloBRx has 120 seconds left.
|inactive|MarceloBRx has 90 seconds left.
|
|move|p2a: Frosmoth|Giga Drain|p1a: Rhyperior
|-supereffective|p1a: Rhyperior
|-damage|p1a: Rhyperior|0 fnt
|-heal|p2a: Frosmoth|100/100|[from] drain|[of] p1a: Rhyperior
|faint|p1a: Rhyperior
|
|upkeep
|
|switch|p1a: Arcanine|Arcanine, F|95/100
|-ability|p1a: Arcanine|Intimidate|boost
|-unboost|p2a: Frosmoth|atk|1
|turn|27
|inactive|MarceloBRx has 90 seconds left.
|
|switch|p2a: Chandelure|Chandelure, M, shiny|76/100
|-damage|p2a: Chandelure|51/100|[from] Stealth Rock
|move|p1a: Arcanine|Flamethrower|p2a: Chandelure
|-start|p2a: Chandelure|ability: Flash Fire
|
|upkeep
|turn|28
|
|move|p2a: Chandelure|Shadow Ball|p1a: Arcanine
|-damage|p1a: Arcanine|46/100
|move|p1a: Arcanine|Morning Sun|p1a: Arcanine
|-heal|p1a: Arcanine|96/100
|
|upkeep
|turn|29
|
|switch|p1a: Haxorus|Haxorus, F, shiny|7/100
|-damage|p1a: Haxorus|0 fnt|[from] Stealth Rock
|faint|p1a: Haxorus
|move|p2a: Chandelure|Shadow Ball|p1: Haxorus|[notarget]
|-fail|p2a: Chandelure
|
|upkeep
|
|switch|p1a: RABGAFBON|Milotic, F, shiny|60/100
|-damage|p1a: RABGAFBON|48/100|[from] Stealth Rock
|turn|30
|
|-end|p2a: Chandelure|ability: Flash Fire|[silent]
|switch|p2a: Frosmoth|Frosmoth, M|100/100
|switch|p1a: Bombaclat|Mamoswine, M|100/100
|-damage|p1a: Bombaclat|88/100|[from] Stealth Rock
|
|upkeep
|turn|31
|inactive|MarceloBRx has 90 seconds left.
|
|switch|p2a: Snorlax|Snorlax, M|69/100
|-damage|p2a: Snorlax|56/100|[from] Stealth Rock
|move|p1a: Bombaclat|Stone Edge|p2a: Snorlax
|-crit|p2a: Snorlax
|-damage|p2a: Snorlax|4/100
|-damage|p1a: Bombaclat|78/100|[from] item: Life Orb
|
|upkeep
|turn|32
|
|move|p1a: Bombaclat|Ice Shard|p2a: Snorlax
|-damage|p2a: Snorlax|0 fnt
|-damage|p1a: Bombaclat|68/100|[from] item: Life Orb
|faint|p2a: Snorlax
|
|upkeep
|inactive|MarceloBRx has 90 seconds left.
|
|switch|p2a: Inteleon|Inteleon, F, shiny|88/100
|-damage|p2a: Inteleon|76/100|[from] Stealth Rock
|turn|33
|inactive|Xoyjaz has 120 seconds left.
|inactive|Xoyjaz has 90 seconds left.
|
|switch|p1a: Love your style|Chandelure, M, shiny|90/100
|-damage|p1a: Love your style|65/100|[from] Stealth Rock
|move|p2a: Inteleon|Snipe Shot|p1a: Love your style
|-supereffective|p1a: Love your style
|-crit|p1a: Love your style
|-damage|p1a: Love your style|0 fnt
|faint|p1a: Love your style
|
|upkeep
|
|switch|p1a: RABGAFBON|Milotic, F, shiny|48/100
|-damage|p1a: RABGAFBON|35/100|[from] Stealth Rock
|turn|34
|
|move|p2a: Inteleon|U-turn|p1a: RABGAFBON
|-damage|p1a: RABGAFBON|22/100
|
|switch|p2a: Frosmoth|Frosmoth, M|100/100|[from]move: U-turn
|move|p1a: RABGAFBON|Recover|p1a: RABGAFBON
|-heal|p1a: RABGAFBON|72/100
|
|-heal|p1a: RABGAFBON|78/100|[from] item: Leftovers
|upkeep
|turn|35
|inactive|MarceloBRx has 90 seconds left.
|
|switch|p2a: Rotom|Rotom-Fan|100/100
|-damage|p2a: Rotom|76/100|[from] Stealth Rock
|move|p1a: RABGAFBON|Scald|p2a: Rotom
|-damage|p2a: Rotom|30/100
|
|-heal|p1a: RABGAFBON|84/100|[from] item: Leftovers
|upkeep
|turn|36
|inactive|MarceloBRx has 90 seconds left.
|inactive|Xoyjaz has 90 seconds left.
|
|move|p2a: Rotom|Air Slash|p1a: RABGAFBON
|-damage|p1a: RABGAFBON|52/100
|cant|p1a: RABGAFBON|flinch
|
|-heal|p1a: RABGAFBON|58/100|[from] item: Leftovers
|upkeep
|turn|37
|
|switch|p1a: Arcanine|Arcanine, F|96/100
|-ability|p1a: Arcanine|Intimidate|boost
|-unboost|p2a: Rotom|atk|1
|move|p2a: Rotom|Air Slash|p1a: Arcanine
|-damage|p1a: Arcanine|46/100
|
|upkeep
|turn|38
|
|move|p2a: Rotom|Air Slash|p1a: Arcanine|[miss]
|-miss|p2a: Rotom|p1a: Arcanine
|move|p1a: Arcanine|Morning Sun|p1a: Arcanine
|-heal|p1a: Arcanine|96/100
|
|upkeep
|turn|39
|
|switch|p1a: RABGAFBON|Milotic, F, shiny|58/100
|-damage|p1a: RABGAFBON|46/100|[from] Stealth Rock
|move|p2a: Rotom|Air Slash|p1a: RABGAFBON
|-damage|p1a: RABGAFBON|16/100
|
|-heal|p1a: RABGAFBON|22/100|[from] item: Leftovers
|upkeep
|turn|40
|inactive|MarceloBRx has 120 seconds left.
|
|move|p2a: Rotom|Air Slash|p1a: RABGAFBON|[miss]
|-miss|p2a: Rotom|p1a: RABGAFBON
|move|p1a: RABGAFBON|Scald|p2a: Rotom
|-damage|p2a: Rotom|0 fnt
|faint|p2a: Rotom
|
|-heal|p1a: RABGAFBON|28/100|[from] item: Leftovers
|upkeep
|inactive|MarceloBRx has 120 seconds left.
|
|switch|p2a: Chandelure|Chandelure, M, shiny|51/100
|-damage|p2a: Chandelure|26/100|[from] Stealth Rock
|turn|41
|
|switch|p1a: Arcanine|Arcanine, F|96/100
|-ability|p1a: Arcanine|Intimidate|boost
|-unboost|p2a: Chandelure|atk|1
|move|p2a: Chandelure|Shadow Ball|p1a: Arcanine
|-damage|p1a: Arcanine|47/100
|
|upkeep
|turn|42
|
|move|p2a: Chandelure|Shadow Ball|p1a: Arcanine
|-damage|p1a: Arcanine|0 fnt
|faint|p1a: Arcanine
|
|upkeep
|
|switch|p1a: Bombaclat|Mamoswine, M|68/100
|-damage|p1a: Bombaclat|56/100|[from] Stealth Rock
|turn|43
|inactive|MarceloBRx has 120 seconds left.
|inactive|MarceloBRx has 90 seconds left.
|
|switch|p2a: Frosmoth|Frosmoth, M|100/100
|move|p1a: Bombaclat|Ice Shard|p2a: Frosmoth
|-resisted|p2a: Frosmoth
|-damage|p2a: Frosmoth|74/100
|-damage|p1a: Bombaclat|46/100|[from] item: Life Orb
|
|upkeep
|turn|44
|
|move|p1a: Bombaclat|Earthquake|p2a: Frosmoth
|-resisted|p2a: Frosmoth
|-damage|p2a: Frosmoth|4/100
|-damage|p1a: Bombaclat|36/100|[from] item: Life Orb
|move|p2a: Frosmoth|Giga Drain|p1a: Bombaclat
|-supereffective|p1a: Bombaclat
|-damage|p1a: Bombaclat|0 fnt
|-heal|p2a: Frosmoth|26/100|[from] drain|[of] p1a: Bombaclat
|faint|p1a: Bombaclat
|
|upkeep
|
|switch|p1a: RABGAFBON|Milotic, F, shiny|28/100
|-damage|p1a: RABGAFBON|16/100|[from] Stealth Rock
|turn|45
|inactive|MarceloBRx has 90 seconds left.
|
|switch|p2a: Chandelure|Chandelure, M, shiny|26/100
|-damage|p2a: Chandelure|1/100|[from] Stealth Rock
|move|p1a: RABGAFBON|Recover|p1a: RABGAFBON
|-heal|p1a: RABGAFBON|66/100
|
|-heal|p1a: RABGAFBON|72/100|[from] item: Leftovers
|upkeep
|turn|46
|
|move|p2a: Chandelure|Trick|p1a: RABGAFBON
|-activate|p2a: Chandelure|move: Trick|[of] p1a: RABGAFBON
|-item|p1a: RABGAFBON|Choice Scarf|[from] move: Trick
|-item|p2a: Chandelure|Leftovers|[from] move: Trick
|move|p1a: RABGAFBON|Recover|p1a: RABGAFBON
|-heal|p1a: RABGAFBON|100/100
|
|-heal|p2a: Chandelure|7/100|[from] item: Leftovers
|upkeep
|turn|47
|l|☆Xoyjaz
|inactive|Xoyjaz disconnected and has a minute to reconnect!
|player|p1|
|c|☆MarceloBRx|U cant touch this
|c|☆MarceloBRx|turururu
|inactive|Xoyjaz has 30 seconds to reconnect!
|inactive|Xoyjaz has 20 seconds to reconnect!
|inactive|Xoyjaz has 15 seconds to reconnect!
|inactive|Xoyjaz has 10 seconds to reconnect!
|inactive|Xoyjaz has 5 seconds to reconnect!
|-message|Xoyjaz lost due to inactivity.
|
|win|MarceloBRx
|raw|Xoyjaz's rating: 1496 &rarr; <strong>1470</strong><br />(-26 for losing)
|raw|MarceloBRx's rating: 1387 &rarr; <strong>1413</strong><br />(+26 for winning)
