|j|☆Moutemoute
|j|☆big baz
|player|p1|Moutemoute|gardenia|1641
|player|p2|big baz|ltsurge|1477
|teamsize|p1|6
|teamsize|p2|6
|gametype|singles
|gen|8
|tier|[Gen 8] UU
|rated|
|clearpoke
|poke|p1|Perrserker, F|
|poke|p1|Flygon, M|
|poke|p1|Bronzong|
|poke|p1|Weezing-Galar, F|
|poke|p1|Drapion, F|
|poke|p1|Vikavolt, F|
|poke|p2|Salazzle, F|
|poke|p2|Diggersby, F|
|poke|p2|Morpeko, F|
|poke|p2|Sirfetch'd, M|
|poke|p2|Haxorus, F|
|poke|p2|Gardevoir, M|
|rule|Sleep Clause Mod: Limit one foe put to sleep
|rule|Species Clause: Limit one of each Pokémon
|rule|OHKO Clause: OHKO moves are banned
|rule|Evasion Moves Clause: Evasion moves are banned
|rule|Endless Battle Clause: Forcing endless battles is banned
|rule|HP Percentage Mod: HP is shown in percentages
|rule|Dynamax Clause: You cannot dynamax
|teampreview
|j| Luna Rox
|c| Luna Rox|hey Moutemoute :D
|c|☆Moutemoute|hey o/
|
|start
|switch|p1a: Flygon|Flygon, M|100/100
|switch|p2a: Sirfetch'd|Sirfetch'd, M|100/100
|turn|1
|c|☆big baz|this mono-levitate team looking threatening ngl
|j| Adrift & Alone
|
|move|p1a: Flygon|U-turn|p2a: Sirfetch'd
|-resisted|p2a: Sirfetch'd
|-damage|p2a: Sirfetch'd|88/100
|
|switch|p1a: Weezing|Weezing-Galar, F|100/100|[from]move: U-turn
|move|p2a: Sirfetch'd|Brave Bird|p1a: Weezing
|-crit|p1a: Weezing
|-damage|p1a: Weezing|34/100
|-damage|p2a: Sirfetch'd|60/100|[from] Recoil
|
|-heal|p1a: Weezing|40/100|[from] item: Black Sludge
|upkeep
|turn|2
|
|switch|p2a: Haxorus|Haxorus, F|100/100
|-ability|p2a: Haxorus|Mold Breaker
|switch|p1a: Bronzong|Bronzong|100/100
|
|upkeep
|turn|3
|
|move|p1a: Bronzong|Protect|p1a: Bronzong
|-singleturn|p1a: Bronzong|Protect
|move|p2a: Haxorus|Earthquake|p1a: Bronzong
|-activate|p1a: Bronzong|move: Protect
|
|upkeep
|turn|4
|
|switch|p1a: Flygon|Flygon, M|100/100
|move|p2a: Haxorus|Dragon Dance|p2a: Haxorus
|-boost|p2a: Haxorus|atk|1
|-boost|p2a: Haxorus|spe|1
|
|upkeep
|turn|5
|
|switch|p2a: Gardevoir|Gardevoir, M|100/100
|-ability|p2a: Gardevoir|Levitate|[from] ability: Trace|[of] p1a: Flygon
|move|p1a: Flygon|Outrage|p2a: Gardevoir
|-immune|p2a: Gardevoir
|
|upkeep
|turn|6
|
|switch|p1a: Drapion|Drapion, F|100/100
|switch|p2a: Haxorus|Haxorus, F|100/100
|-ability|p2a: Haxorus|Mold Breaker
|
|upkeep
|turn|7
|
|move|p2a: Haxorus|Earthquake|p1a: Drapion
|-supereffective|p1a: Drapion
|-damage|p1a: Drapion|25/100
|move|p1a: Drapion|Knock Off|p2a: Haxorus
|-damage|p2a: Haxorus|60/100
|-enditem|p2a: Haxorus|Lum Berry|[from] move: Knock Off|[of] p1a: Drapion
|
|-heal|p1a: Drapion|31/100|[from] item: Black Sludge
|upkeep
|turn|8
|
|switch|p1a: Flygon|Flygon, M|100/100
|move|p2a: Haxorus|Earthquake|p1a: Flygon
|-damage|p1a: Flygon|49/100
|
|upkeep
|turn|9
|
|move|p1a: Flygon|U-turn|p2a: Haxorus
|-damage|p2a: Haxorus|33/100
|
|switch|p1a: Drapion|Drapion, F|31/100|[from]move: U-turn
|move|p2a: Haxorus|Earthquake|p1a: Drapion
|-supereffective|p1a: Drapion
|-damage|p1a: Drapion|0 fnt
|faint|p1a: Drapion
|
|upkeep
|
|switch|p1a: Vikavolt|Vikavolt, F|100/100
|turn|10
|
|move|p2a: Haxorus|Outrage|p1a: Vikavolt
|-damage|p1a: Vikavolt|45/100
|move|p1a: Vikavolt|Bug Buzz|p2a: Haxorus
|-damage|p2a: Haxorus|0 fnt
|faint|p2a: Haxorus
|
|upkeep
|
|switch|p2a: Sirfetch'd|Sirfetch'd, M|60/100
|turn|11
|
|switch|p1a: Bronzong|Bronzong|100/100
|move|p2a: Sirfetch'd|Brave Bird|p1a: Bronzong
|-resisted|p1a: Bronzong
|-damage|p1a: Bronzong|67/100
|-damage|p2a: Sirfetch'd|47/100|[from] Recoil
|
|-heal|p1a: Bronzong|73/100|[from] item: Leftovers
|upkeep
|turn|12
|
|switch|p2a: Morpeko|Morpeko, F|100/100
|move|p1a: Bronzong|Stealth Rock|p2a: Morpeko
|-sidestart|p2: big baz|move: Stealth Rock
|
|-heal|p1a: Bronzong|80/100|[from] item: Leftovers
|-formechange|p2a: Morpeko|Morpeko-Hangry||[from] ability: Hunger Switch
|upkeep
|turn|13
|
|switch|p2a: Sirfetch'd|Sirfetch'd, M|47/100
|-damage|p2a: Sirfetch'd|40/100|[from] Stealth Rock
|move|p1a: Bronzong|Protect||[still]
|-fail|p1a: Bronzong
|
|-heal|p1a: Bronzong|86/100|[from] item: Leftovers
|upkeep
|turn|14
|
|move|p1a: Bronzong|Protect|p1a: Bronzong
|-singleturn|p1a: Bronzong|Protect
|move|p2a: Sirfetch'd|Knock Off|p1a: Bronzong
|-activate|p1a: Bronzong|move: Protect
|
|-heal|p1a: Bronzong|92/100|[from] item: Leftovers
|upkeep
|turn|15
|
|switch|p1a: Weezing|Weezing-Galar, F|40/100
|move|p2a: Sirfetch'd|Knock Off|p1a: Weezing
|-resisted|p1a: Weezing
|-damage|p1a: Weezing|20/100
|-enditem|p1a: Weezing|Black Sludge|[from] move: Knock Off|[of] p2a: Sirfetch'd
|
|upkeep
|turn|16
|
|switch|p2a: Salazzle|Salazzle, F|100/100
|-damage|p2a: Salazzle|76/100|[from] Stealth Rock
|move|p1a: Weezing|Sludge Bomb|p2a: Salazzle
|-resisted|p2a: Salazzle
|-damage|p2a: Salazzle|55/100
|
|-heal|p2a: Salazzle|61/100|[from] item: Black Sludge
|upkeep
|turn|17
|
|switch|p1a: Flygon|Flygon, M|49/100
|move|p2a: Salazzle|Toxic|p1a: Flygon
|-status|p1a: Flygon|tox
|
|-heal|p2a: Salazzle|67/100|[from] item: Black Sludge
|-damage|p1a: Flygon|43/100 tox|[from] psn
|upkeep
|turn|18
|
|move|p2a: Salazzle|Protect|p2a: Salazzle
|-singleturn|p2a: Salazzle|Protect
|move|p1a: Flygon|Earthquake|p2a: Salazzle
|-activate|p2a: Salazzle|move: Protect
|
|-heal|p2a: Salazzle|73/100|[from] item: Black Sludge
|-damage|p1a: Flygon|31/100 tox|[from] psn
|upkeep
|turn|19
|
|switch|p1a: Bronzong|Bronzong|92/100
|switch|p2a: Gardevoir|Gardevoir, M|100/100
|-damage|p2a: Gardevoir|88/100|[from] Stealth Rock
|-ability|p2a: Gardevoir|Levitate|[from] ability: Trace|[of] p1a: Bronzong
|
|-heal|p1a: Bronzong|98/100|[from] item: Leftovers
|upkeep
|turn|20
|
|switch|p2a: Sirfetch'd|Sirfetch'd, M|40/100
|-damage|p2a: Sirfetch'd|34/100|[from] Stealth Rock
|move|p1a: Bronzong|Heavy Slam|p2a: Sirfetch'd
|-damage|p2a: Sirfetch'd|19/100
|
|-heal|p1a: Bronzong|100/100|[from] item: Leftovers
|upkeep
|turn|21
|
|move|p1a: Bronzong|Protect|p1a: Bronzong
|-singleturn|p1a: Bronzong|Protect
|move|p2a: Sirfetch'd|Knock Off|p1a: Bronzong
|-activate|p1a: Bronzong|move: Protect
|
|upkeep
|turn|22
|
|switch|p1a: Weezing|Weezing-Galar, F|20/100
|move|p2a: Sirfetch'd|Knock Off|p1a: Weezing
|-resisted|p1a: Weezing
|-damage|p1a: Weezing|8/100
|
|upkeep
|turn|23
|
|move|p2a: Sirfetch'd|Knock Off|p1a: Weezing
|-resisted|p1a: Weezing
|-damage|p1a: Weezing|0 fnt
|faint|p1a: Weezing
|
|upkeep
|
|switch|p1a: Perrserker|Perrserker, F|100/100
|turn|24
|
|move|p2a: Sirfetch'd|Knock Off|p1a: Perrserker
|-damage|p1a: Perrserker|36/100
|-enditem|p1a: Perrserker|Choice Band|[from] move: Knock Off|[of] p2a: Sirfetch'd
|move|p1a: Perrserker|U-turn|p2a: Sirfetch'd
|-resisted|p2a: Sirfetch'd
|-damage|p2a: Sirfetch'd|4/100
|
|switch|p1a: Flygon|Flygon, M|31/100 tox|[from]move: U-turn
|
|-damage|p1a: Flygon|25/100 tox|[from] psn
|upkeep
|turn|25
|
|switch|p2a: Salazzle|Salazzle, F|73/100
|-damage|p2a: Salazzle|49/100|[from] Stealth Rock
|move|p1a: Flygon|U-turn|p2a: Salazzle
|-resisted|p2a: Salazzle
|-damage|p2a: Salazzle|40/100
|
|switch|p1a: Perrserker|Perrserker, F|36/100|[from]move: U-turn
|
|-heal|p2a: Salazzle|47/100|[from] item: Black Sludge
|upkeep
|turn|26
|
|move|p2a: Salazzle|Protect|p2a: Salazzle
|-singleturn|p2a: Salazzle|Protect
|move|p1a: Perrserker|Iron Head|p2a: Salazzle
|-activate|p2a: Salazzle|move: Protect
|
|-heal|p2a: Salazzle|53/100|[from] item: Black Sludge
|upkeep
|turn|27
|
|move|p2a: Salazzle|Disable|p1a: Perrserker
|-start|p1a: Perrserker|Disable|Iron Head
|cant|p1a: Perrserker|Disable|Iron Head
|
|-heal|p2a: Salazzle|59/100|[from] item: Black Sludge
|upkeep
|turn|28
|
|move|p2a: Salazzle|Toxic|p1a: Perrserker
|-status|p1a: Perrserker|tox
|move|p1a: Perrserker|Close Combat|p2a: Salazzle
|-resisted|p2a: Salazzle
|-crit|p2a: Salazzle
|-damage|p2a: Salazzle|15/100
|-unboost|p1a: Perrserker|def|1
|-unboost|p1a: Perrserker|spd|1
|
|-heal|p2a: Salazzle|21/100|[from] item: Black Sludge
|-damage|p1a: Perrserker|30/100 tox|[from] psn
|upkeep
|turn|29
|
|move|p2a: Salazzle|Protect|p2a: Salazzle
|-singleturn|p2a: Salazzle|Protect
|move|p1a: Perrserker|Close Combat|p2a: Salazzle
|-activate|p2a: Salazzle|move: Protect
|
|-heal|p2a: Salazzle|27/100|[from] item: Black Sludge
|-damage|p1a: Perrserker|18/100 tox|[from] psn
|upkeep
|turn|30
|
|move|p2a: Salazzle|Substitute|p2a: Salazzle
|-start|p2a: Salazzle|Substitute
|-damage|p2a: Salazzle|2/100
|move|p1a: Perrserker|Iron Tail|p2a: Salazzle
|-resisted|p2a: Salazzle
|-end|p2a: Salazzle|Substitute
|
|-heal|p2a: Salazzle|8/100|[from] item: Black Sludge
|-damage|p1a: Perrserker|0 fnt|[from] psn
|faint|p1a: Perrserker
|upkeep
|
|switch|p1a: Bronzong|Bronzong|100/100
|turn|31
|
|move|p2a: Salazzle|Toxic|p1a: Bronzong
|-status|p1a: Bronzong|tox
|move|p1a: Bronzong|Heavy Slam|p2a: Salazzle
|-resisted|p2a: Salazzle
|-damage|p2a: Salazzle|0 fnt
|faint|p2a: Salazzle
|
|-damage|p1a: Bronzong|94/100 tox|[from] psn
|upkeep
|
|switch|p2a: Morpeko|Morpeko, F|100/100
|-damage|p2a: Morpeko|88/100|[from] Stealth Rock
|turn|32
|
|move|p2a: Morpeko|Rapid Spin|p1a: Bronzong
|-resisted|p1a: Bronzong
|-damage|p1a: Bronzong|86/100 tox
|-sideend|p2: big baz|Stealth Rock|[from] move: Rapid Spin|[of] p2a: Morpeko
|-boost|p2a: Morpeko|spe|1
|-damage|p2a: Morpeko|78/100|[from] item: Life Orb
|move|p1a: Bronzong|Toxic|p2a: Morpeko|[miss]
|-miss|p1a: Bronzong|p2a: Morpeko
|
|-heal|p1a: Bronzong|92/100 tox|[from] item: Leftovers
|-damage|p1a: Bronzong|79/100 tox|[from] psn
|-formechange|p2a: Morpeko|Morpeko-Hangry||[from] ability: Hunger Switch
|upkeep
|turn|33
|
|move|p1a: Bronzong|Protect|p1a: Bronzong
|-singleturn|p1a: Bronzong|Protect
|move|p2a: Morpeko|Aura Wheel|p1a: Bronzong
|-activate|p1a: Bronzong|move: Protect
|
|-heal|p1a: Bronzong|86/100 tox|[from] item: Leftovers
|-damage|p1a: Bronzong|67/100 tox|[from] psn
|-formechange|p2a: Morpeko|Morpeko||[from] ability: Hunger Switch
|upkeep
|turn|34
|
|move|p2a: Morpeko|Rapid Spin|p1a: Bronzong
|-resisted|p1a: Bronzong
|-damage|p1a: Bronzong|59/100 tox
|-boost|p2a: Morpeko|spe|1
|-damage|p2a: Morpeko|69/100|[from] item: Life Orb
|move|p1a: Bronzong|Toxic|p2a: Morpeko|[miss]
|-miss|p1a: Bronzong|p2a: Morpeko
|
|-heal|p1a: Bronzong|65/100 tox|[from] item: Leftovers
|-damage|p1a: Bronzong|41/100 tox|[from] psn
|-formechange|p2a: Morpeko|Morpeko-Hangry||[from] ability: Hunger Switch
|upkeep
|turn|35
|c|☆Moutemoute|bruh
|j| Mega TROPI
|
|move|p1a: Bronzong|Protect|p1a: Bronzong
|-singleturn|p1a: Bronzong|Protect
|move|p2a: Morpeko|Aura Wheel|p1a: Bronzong
|-activate|p1a: Bronzong|move: Protect
|
|-heal|p1a: Bronzong|47/100 tox|[from] item: Leftovers
|-damage|p1a: Bronzong|16/100 tox|[from] psn
|-formechange|p2a: Morpeko|Morpeko||[from] ability: Hunger Switch
|upkeep
|turn|36
|c|☆big baz|that's tough
|c|☆big baz|think first impression won anyway but still
|inactive|Battle timer is ON: inactive players will automatically lose when time's up. (requested by big baz)
|j| chris7
|
|move|p2a: Morpeko|Aura Wheel|p1a: Bronzong
|-damage|p1a: Bronzong|0 fnt
|-boost|p2a: Morpeko|spe|1
|-damage|p2a: Morpeko|59/100|[from] item: Life Orb
|faint|p1a: Bronzong
|
|-formechange|p2a: Morpeko|Morpeko-Hangry||[from] ability: Hunger Switch
|upkeep
|
|switch|p1a: Vikavolt|Vikavolt, F|45/100
|turn|37
|
|move|p2a: Morpeko|Aura Wheel|p1a: Vikavolt
|-damage|p1a: Vikavolt|0 fnt
|-boost|p2a: Morpeko|spe|1
|-damage|p2a: Morpeko|49/100|[from] item: Life Orb
|faint|p1a: Vikavolt
|
|-formechange|p2a: Morpeko|Morpeko||[from] ability: Hunger Switch
|upkeep
|
|switch|p1a: Flygon|Flygon, M|25/100 tox
|turn|38
|c|☆Moutemoute|gg
|c|☆big baz|gg
|
|move|p2a: Morpeko|Rapid Spin|p1a: Flygon
|-damage|p1a: Flygon|0 fnt
|-boost|p2a: Morpeko|spe|1
|-damage|p2a: Morpeko|39/100|[from] item: Life Orb
|faint|p1a: Flygon
|
|win|big baz
|l| chris7
|l| Adrift & Alone
||Ladder (probably) updated, but score could not be retrieved (Response not received).
