|j|☆Low Ladder Terror
|j|☆Boolong
|t:|1608080540
|player|p1|Low Ladder Terror|teamrocket|1696
|player|p2|Boolong|blue-gen3champion|1470
|teamsize|p1|6
|teamsize|p2|6
|gametype|singles
|gen|8
|tier|[Gen 8] UU
|rated|
|clearpoke
|poke|p1|Obstagoon, F|
|poke|p1|Kyurem|
|poke|p1|Slowking, M|
|poke|p1|Nidoqueen, F|
|poke|p1|Rotom-Heat|
|poke|p1|Scizor, M|
|poke|p2|Tangrowth, M|
|poke|p2|Slowking, F|
|poke|p2|Nidoqueen, F|
|poke|p2|Moltres-Galar|
|poke|p2|Victini|
|poke|p2|Ninetales-Alola, M|
|rule|Sleep Clause Mod: Limit one foe put to sleep
|rule|Species Clause: Limit one of each Pokémon
|rule|OHKO Clause: OHKO moves are banned
|rule|Evasion Moves Clause: Evasion moves are banned
|rule|Endless Battle Clause: Forcing endless battles is banned
|rule|HP Percentage Mod: HP is shown in percentages
|rule|Dynamax Clause: You cannot dynamax
|teampreview
|inactive|Battle timer is ON: inactive players will automatically lose when time's up. (requested by Low Ladder Terror)
|
|t:|1608080565
|start
|switch|p1a: Rotom|Rotom-Heat, shiny|100/100
|switch|p2a: Slowking|Slowking, F, shiny|100/100
|turn|1
|
|t:|1608080573
|move|p1a: Rotom|Volt Switch|p2a: Slowking
|-supereffective|p2a: Slowking
|-damage|p2a: Slowking|64/100
|
|t:|1608080576
|switch|p1a: Obstagoon|Obstagoon, F, shiny|100/100|[from]move: Volt Switch
|move|p2a: Slowking|Teleport|p2a: Slowking
|j| crazy vibes
|l| crazy vibes
|c|☆Boolong|that is such an ugly shiny i love it
|
|t:|1608080597
|switch|p2a: Tangrowth|Tangrowth, M, shiny|100/100|[from]move: Teleport
|
|-status|p1a: Obstagoon|brn|[from] item: Flame Orb
|upkeep
|turn|2
|c|☆Low Ladder Terror|thought it was kinda chrismas-y
|c|☆Boolong|it is
|
|t:|1608080614
|move|p1a: Obstagoon|Switcheroo|p2a: Tangrowth
|-activate|p1a: Obstagoon|move: Trick|[of] p2a: Tangrowth
|-item|p2a: Tangrowth|Flame Orb|[from] move: Switcheroo
|-item|p1a: Obstagoon|Rocky Helmet|[from] move: Switcheroo
|move|p2a: Tangrowth|Giga Drain|p1a: Obstagoon
|-damage|p1a: Obstagoon|64/100 brn
|
|-damage|p1a: Obstagoon|58/100 brn|[from] brn
|-status|p2a: Tangrowth|brn|[from] item: Flame Orb
|upkeep
|turn|3
|
|t:|1608080624
|switch|p1a: Rotom|Rotom-Heat, shiny|100/100
|move|p2a: Tangrowth|Knock Off|p1a: Rotom
|-damage|p1a: Rotom|92/100
|-enditem|p1a: Rotom|Heavy-Duty Boots|[from] move: Knock Off|[of] p2a: Tangrowth
|
|-damage|p2a: Tangrowth|94/100 brn|[from] brn
|upkeep
|turn|4
|
|t:|1608080632
|switch|p2a: Slowking|Slowking, F, shiny|97/100
|move|p1a: Rotom|Volt Switch|p2a: Slowking
|-supereffective|p2a: Slowking
|-damage|p2a: Slowking|61/100
|
|t:|1608080639
|switch|p1a: Obstagoon|Obstagoon, F, shiny|58/100 brn|[from]move: Volt Switch
|
|-damage|p1a: Obstagoon|52/100 brn|[from] brn
|upkeep
|turn|5
|
|t:|1608080642
|switch|p2a: Tangrowth|Tangrowth, M, shiny|100/100 brn
|move|p1a: Obstagoon|Facade|p2a: Tangrowth
|-damage|p2a: Tangrowth|46/100 brn
|
|-damage|p1a: Obstagoon|46/100 brn|[from] brn
|-damage|p2a: Tangrowth|40/100 brn|[from] brn
|upkeep
|turn|6
|
|t:|1608080651
|move|p1a: Obstagoon|Facade|p2a: Tangrowth
|-damage|p2a: Tangrowth|0 fnt
|faint|p2a: Tangrowth
|
|-damage|p1a: Obstagoon|40/100 brn|[from] brn
|upkeep
|
|t:|1608080660
|switch|p2a: Victini|Victini|100/100
|turn|7
|
|t:|1608080665
|switch|p1a: Slowking|Slowking, M, shiny|100/100
|move|p2a: Victini|U-turn|p1a: Slowking
|-supereffective|p1a: Slowking
|-damage|p1a: Slowking|54/100
|
|t:|1608080675
|switch|p2a: Nidoqueen|Nidoqueen, F, shiny|100/100|[from]move: U-turn
|
|upkeep
|turn|8
|
|t:|1608080698
|move|p2a: Nidoqueen|Stealth Rock|p1a: Slowking
|-sidestart|p1: Low Ladder Terror|move: Stealth Rock
|move|p1a: Slowking|Scald|p2a: Nidoqueen
|-supereffective|p2a: Nidoqueen
|-damage|p2a: Nidoqueen|37/100
|
|upkeep
|turn|9
|
|t:|1608080707
|switch|p2a: Slowking|Slowking, F, shiny|94/100
|move|p1a: Slowking|Teleport|p1a: Slowking
|
|t:|1608080715
|switch|p1a: Obstagoon|Obstagoon, F, shiny|40/100 brn|[from]move: Teleport
|-damage|p1a: Obstagoon|28/100 brn|[from] Stealth Rock
|
|-damage|p1a: Obstagoon|22/100 brn|[from] brn
|upkeep
|turn|10
|
|t:|1608080726
|move|p1a: Obstagoon|Knock Off|p2a: Slowking
|-supereffective|p2a: Slowking
|-damage|p2a: Slowking|0 fnt
|-enditem|p2a: Slowking|Heavy-Duty Boots|[from] move: Knock Off|[of] p1a: Obstagoon
|faint|p2a: Slowking
|
|-damage|p1a: Obstagoon|15/100 brn|[from] brn
|upkeep
|
|t:|1608080731
|switch|p2a: Victini|Victini|100/100
|turn|11
|j| memo boy
|
|t:|1608080749
|switch|p1a: Nidoqueen|Nidoqueen, F|100/100
|-damage|p1a: Nidoqueen|94/100|[from] Stealth Rock
|move|p2a: Victini|U-turn|p1a: Nidoqueen
|-resisted|p1a: Nidoqueen
|-damage|p1a: Nidoqueen|76/100
|
|t:|1608080753
|switch|p2a: Ninetales|Ninetales-Alola, M, shiny|100/100|[from]move: U-turn
|-weather|Hail|[from] ability: Snow Warning|[of] p2a: Ninetales
|
|-weather|Hail|[upkeep]
|-damage|p1a: Nidoqueen|70/100|[from] Hail
|upkeep
|turn|12
|
|t:|1608080765
|move|p2a: Ninetales|Blizzard|p1a: Nidoqueen
|-supereffective|p1a: Nidoqueen
|-damage|p1a: Nidoqueen|0 fnt
|faint|p1a: Nidoqueen
|
|-weather|Hail|[upkeep]
|upkeep
|
|t:|1608080782
|switch|p1a: Rotom|Rotom-Heat, shiny|92/100
|-damage|p1a: Rotom|67/100|[from] Stealth Rock
|turn|13
|
|t:|1608080784
|move|p2a: Ninetales|Aurora Veil|p2a: Ninetales
|-sidestart|p2: Boolong|move: Aurora Veil
|move|p1a: Rotom|Defog|p2a: Ninetales
|-unboost|p2a: Ninetales|evasion|1
|-sideend|p2: Boolong|move: Aurora Veil
|-sideend|p1: Low Ladder Terror|Stealth Rock|[from] move: Defog|[of] p1a: Rotom
|
|-weather|Hail|[upkeep]
|-damage|p1a: Rotom|61/100|[from] Hail
|upkeep
|turn|14
|
|t:|1608080792
|move|p2a: Ninetales|Hypnosis|p1a: Rotom|[miss]
|-miss|p2a: Ninetales|p1a: Rotom
|move|p1a: Rotom|Thunder Wave|p2a: Ninetales
|-status|p2a: Ninetales|par
|
|-weather|Hail|[upkeep]
|-damage|p1a: Rotom|55/100|[from] Hail
|upkeep
|turn|15
|
|t:|1608080800
|switch|p2a: Victini|Victini|100/100
|move|p1a: Rotom|Overheat|p2a: Victini
|-resisted|p2a: Victini
|-damage|p2a: Victini|77/100
|-unboost|p1a: Rotom|spa|2
|
|-weather|none
|upkeep
|turn|16
|
|t:|1608080819
|switch|p2a: Nidoqueen|Nidoqueen, F, shiny|37/100
|switch|p1a: Slowking|Slowking, M, shiny|87/100
|
|upkeep
|turn|17
|
|t:|1608080836
|move|p2a: Nidoqueen|Sludge Wave|p1a: Slowking
|-damage|p1a: Slowking|36/100
|move|p1a: Slowking|Scald|p2a: Nidoqueen
|-supereffective|p2a: Nidoqueen
|-crit|p2a: Nidoqueen
|-damage|p2a: Nidoqueen|0 fnt
|faint|p2a: Nidoqueen
|
|upkeep
|
|t:|1608080850
|switch|p2a: Moltres|Moltres-Galar|100/100
|turn|18
|
|t:|1608080853
|move|p2a: Moltres|Agility|p2a: Moltres
|-boost|p2a: Moltres|spe|2
|move|p1a: Slowking|Teleport|p1a: Slowking
|
|t:|1608080860
|switch|p1a: Rotom|Rotom-Heat, shiny|55/100|[from]move: Teleport
|
|upkeep
|turn|19
|
|t:|1608080870
|move|p2a: Moltres|Fiery Wrath|p1a: Rotom
|-damage|p1a: Rotom|5/100
|move|p1a: Rotom|Thunder Wave|p2a: Moltres
|-status|p2a: Moltres|par
|
|upkeep
|turn|20
|inactive|Low Ladder Terror has 120 seconds left.
|
|t:|1608080901
|move|p2a: Moltres|Agility|p2a: Moltres
|-boost|p2a: Moltres|spe|2
|move|p1a: Rotom|Volt Switch|p2a: Moltres
|-supereffective|p2a: Moltres
|-damage|p2a: Moltres|52/100 par
|
|t:|1608080905
|switch|p1a: Kyurem|Kyurem, shiny|100/100|[from]move: Volt Switch
|-ability|p1a: Kyurem|Pressure
|
|upkeep
|turn|21
|
|t:|1608080912
|move|p1a: Kyurem|Ice Beam|p2a: Moltres
|-supereffective|p2a: Moltres
|-damage|p2a: Moltres|0 fnt
|faint|p2a: Moltres
|
|upkeep
|
|t:|1608080915
|switch|p2a: Ninetales|Ninetales-Alola, M, shiny|100/100 par
|-weather|Hail|[from] ability: Snow Warning|[of] p2a: Ninetales
|turn|22
|
|t:|1608080935
|switch|p1a: Obstagoon|Obstagoon, F, shiny|15/100 brn
|move|p2a: Ninetales|Aurora Veil|p2a: Ninetales
|-sidestart|p2: Boolong|move: Aurora Veil
|
|-weather|Hail|[upkeep]
|-damage|p1a: Obstagoon|9/100 brn|[from] Hail
|-damage|p1a: Obstagoon|3/100 brn|[from] brn
|upkeep
|turn|23
|
|t:|1608080943
|move|p1a: Obstagoon|Facade|p2a: Ninetales
|-damage|p2a: Ninetales|42/100 par
|cant|p2a: Ninetales|par
|
|-weather|Hail|[upkeep]
|-damage|p1a: Obstagoon|0 fnt|[from] Hail
|faint|p1a: Obstagoon
|upkeep
|
|t:|1608080954
|switch|p1a: Scizor|Scizor, M|100/100
|turn|24
|
|t:|1608080959
|move|p1a: Scizor|Bullet Punch|p2a: Ninetales
|-supereffective|p2a: Ninetales
|-damage|p2a: Ninetales|0 fnt
|-damage|p1a: Scizor|91/100|[from] item: Life Orb
|faint|p2a: Ninetales
|
|-weather|Hail|[upkeep]
|-damage|p1a: Scizor|84/100|[from] Hail
|upkeep
|
|t:|1608080960
|switch|p2a: Victini|Victini|77/100
|turn|25
|c|☆Boolong|gg
|
|t:|1608080974
|move|p1a: Scizor|Bullet Punch|p2a: Victini
|-resisted|p2a: Victini
|-damage|p2a: Victini|66/100
|-damage|p1a: Scizor|75/100|[from] item: Life Orb
|move|p2a: Victini|Zen Headbutt|p1a: Scizor
|-resisted|p1a: Scizor
|-damage|p1a: Scizor|46/100
|
|-weather|Hail|[upkeep]
|-damage|p2a: Victini|59/100|[from] Hail
|-damage|p1a: Scizor|40/100|[from] Hail
|upkeep
|turn|26
|c|☆Low Ladder Terror|gg
|
|t:|1608080981
|move|p2a: Victini|Zen Headbutt|p1a: Scizor
|-resisted|p1a: Scizor
|-damage|p1a: Scizor|7/100
|move|p1a: Scizor|Roost|p1a: Scizor
|-heal|p1a: Scizor|57/100
|-singleturn|p1a: Scizor|move: Roost
|
|-weather|none
|upkeep
|turn|27
|
|t:|1608080986
|move|p2a: Victini|Zen Headbutt|p1a: Scizor
|-resisted|p1a: Scizor
|-damage|p1a: Scizor|24/100
|move|p1a: Scizor|Roost|p1a: Scizor
|-heal|p1a: Scizor|74/100
|-singleturn|p1a: Scizor|move: Roost
|
|upkeep
|turn|28
|
|t:|1608080988
|move|p2a: Victini|Zen Headbutt|p1a: Scizor
|-resisted|p1a: Scizor
|-damage|p1a: Scizor|43/100
|move|p1a: Scizor|Roost|p1a: Scizor
|-heal|p1a: Scizor|93/100
|-singleturn|p1a: Scizor|move: Roost
|
|upkeep
|turn|29
|
|t:|1608080991
|move|p2a: Victini|Zen Headbutt|p1a: Scizor
|-resisted|p1a: Scizor
|-crit|p1a: Scizor
|-damage|p1a: Scizor|50/100
|move|p1a: Scizor|Swords Dance|p1a: Scizor
|-boost|p1a: Scizor|atk|2
|
|-sideend|p2: Boolong|move: Aurora Veil
|upkeep
|turn|30
|
|t:|1608080994
|move|p2a: Victini|Zen Headbutt|p1a: Scizor
|-resisted|p1a: Scizor
|-damage|p1a: Scizor|18/100
|move|p1a: Scizor|Roost|p1a: Scizor
|-heal|p1a: Scizor|68/100
|-singleturn|p1a: Scizor|move: Roost
|
|upkeep
|turn|31
|
|t:|1608080997
|move|p1a: Scizor|Bullet Punch|p2a: Victini
|-resisted|p2a: Victini
|-damage|p2a: Victini|14/100
|-damage|p1a: Scizor|58/100|[from] item: Life Orb
|move|p2a: Victini|Zen Headbutt|p1a: Scizor
|-resisted|p1a: Scizor
|-damage|p1a: Scizor|28/100
|
|upkeep
|turn|32
|
|t:|1608081000
|move|p1a: Scizor|Bullet Punch|p2a: Victini
|-resisted|p2a: Victini
|-damage|p2a: Victini|0 fnt
|-damage|p1a: Scizor|18/100|[from] item: Life Orb
|faint|p2a: Victini
|
|win|Low Ladder Terror
|l|☆Boolong
|l| memo boy
|l|☆Low Ladder Terror
|raw|Low Ladder Terror's rating: 1696 &rarr; <strong>1705</strong><br />(+9 for winning)
|raw|Boolong's rating: 1470 &rarr; <strong>1461</strong><br />(-9 for losing)
|j|☆Low Ladder Terror
|player|p1|Low Ladder Terror|teamrocket
