|j|☆frontier UU
|j|☆sachalenul
|t:|1662496717
|gametype|singles
|player|p1|frontier UU|1|1411
|player|p2|sachalenul|firebreather|1465
|teamsize|p1|6
|teamsize|p2|6
|gen|8
|tier|[Gen 8] UU
|rated|
|rule|Sleep Clause Mod: Limit one foe put to sleep
|rule|Species Clause: Limit one of each Pokémon
|rule|OHKO Clause: OHKO moves are banned
|rule|Evasion Items Clause: Evasion items are banned
|rule|Evasion Moves Clause: Evasion moves are banned
|rule|Endless Battle Clause: Forcing endless battles is banned
|rule|HP Percentage Mod: HP is shown in percentages
|rule|Dynamax Clause: You cannot dynamax
|clearpoke
|poke|p1|Weezing-Galar, M|
|poke|p1|Umbreon, M|
|poke|p1|Noivern, M|
|poke|p1|Tentacruel, M|
|poke|p1|Ferroseed, M|
|poke|p1|Swampert, F|
|poke|p2|Tapu Bulu|
|poke|p2|Reuniclus, M|
|poke|p2|Chansey, F|
|poke|p2|Scizor, F|
|poke|p2|Darmanitan, F|
|poke|p2|Rotom-Wash|
|teampreview
|inactive|Battle timer is ON: inactive players will automatically lose when time's up. (requested by frontier UU)
|c|☆sachalenul|stall
|c|☆sachalenul|fuck
|inactive|sachalenul has 120 seconds left.
|
|t:|1662496756
|start
|switch|p1a: Swampert|Swampert, F|100/100
|switch|p2a: Rotom|Rotom-Wash|100/100
|turn|1
|
|t:|1662496769
|move|p2a: Rotom|Will-O-Wisp|p1a: Swampert
|-status|p1a: Swampert|brn
|move|p1a: Swampert|Stealth Rock|p2a: Rotom
|-sidestart|p2: sachalenul|move: Stealth Rock
|
|-damage|p1a: Swampert|94/100 brn|[from] brn
|upkeep
|turn|2
|
|t:|1662496775
|move|p2a: Rotom|Hydro Pump|p1a: Swampert
|-damage|p1a: Swampert|70/100 brn
|move|p1a: Swampert|Toxic|p2a: Rotom
|-status|p2a: Rotom|tox
|
|-heal|p1a: Swampert|76/100 brn|[from] item: Leftovers
|-damage|p2a: Rotom|95/100 tox|[from] psn
|-damage|p1a: Swampert|70/100 brn|[from] brn
|upkeep
|turn|3
|
|t:|1662496784
|move|p2a: Rotom|Defog|p1a: Swampert
|-unboost|p1a: Swampert|evasion|1
|-sideend|p2: sachalenul|Stealth Rock|[from] move: Defog|[of] p2a: Rotom
|move|p1a: Swampert|Stealth Rock|p2a: Rotom
|-sidestart|p2: sachalenul|move: Stealth Rock
|
|-heal|p2a: Rotom|100/100 tox|[from] item: Leftovers
|-heal|p1a: Swampert|76/100 brn|[from] item: Leftovers
|-damage|p2a: Rotom|89/100 tox|[from] psn
|-damage|p1a: Swampert|70/100 brn|[from] brn
|upkeep
|turn|4
|
|t:|1662496796
|switch|p2a: Tapu Bulu|Tapu Bulu|100/100
|-damage|p2a: Tapu Bulu|88/100|[from] Stealth Rock
|-fieldstart|move: Grassy Terrain|[from] ability: Grassy Surge|[of] p2a: Tapu Bulu
|move|p1a: Swampert|Flip Turn|p2a: Tapu Bulu
|-resisted|p2a: Tapu Bulu
|-damage|p2a: Tapu Bulu|84/100
|-damage|p1a: Swampert|53/100 brn|[from] item: Rocky Helmet|[of] p2a: Tapu Bulu
|
|t:|1662496806
|switch|p1a: Tentacruel|Tentacruel, M|100/100|[from]move: Flip Turn
|
|-heal|p2a: Tapu Bulu|90/100|[from] Grassy Terrain
|upkeep
|turn|5
|
|t:|1662496825
|switch|p2a: Darmanitan|Darmanitan, F|100/100
|-damage|p2a: Darmanitan|76/100|[from] Stealth Rock
|move|p1a: Tentacruel|Knock Off|p2a: Darmanitan
|-damage|p2a: Darmanitan|50/100
|-enditem|p2a: Darmanitan|Choice Scarf|[from] move: Knock Off|[of] p1a: Tentacruel
|
|-heal|p2a: Darmanitan|56/100|[from] Grassy Terrain
|upkeep
|turn|6
|
|t:|1662496838
|move|p2a: Darmanitan|Trick|p1a: Tentacruel
|-activate|p2a: Darmanitan|move: Trick|[of] p1a: Tentacruel
|-enditem|p1a: Tentacruel|Black Sludge|[silent]|[from] move: Trick
|-item|p2a: Darmanitan|Black Sludge|[from] move: Trick
|move|p1a: Tentacruel|Scald|p2a: Darmanitan
|-supereffective|p2a: Darmanitan
|-damage|p2a: Darmanitan|0 fnt
|faint|p2a: Darmanitan
|
|upkeep
|
|t:|1662496846
|switch|p2a: Reuniclus|Reuniclus, M|100/100
|-enditem|p2a: Reuniclus|Grassy Seed
|-boost|p2a: Reuniclus|def|1|[from] item: Grassy Seed
|turn|7
|
|t:|1662496867
|switch|p1a: Umbreon|Umbreon, M|100/100
|move|p2a: Reuniclus|Calm Mind|p2a: Reuniclus
|-boost|p2a: Reuniclus|spa|1
|-boost|p2a: Reuniclus|spd|1
|
|upkeep
|turn|8
|
|t:|1662496872
|move|p1a: Umbreon|Foul Play|p2a: Reuniclus
|-supereffective|p2a: Reuniclus
|-damage|p2a: Reuniclus|84/100
|move|p2a: Reuniclus|Calm Mind|p2a: Reuniclus
|-boost|p2a: Reuniclus|spa|1
|-boost|p2a: Reuniclus|spd|1
|
|-heal|p2a: Reuniclus|91/100|[from] Grassy Terrain
|-fieldend|move: Grassy Terrain
|upkeep
|turn|9
|
|t:|1662496881
|move|p1a: Umbreon|Foul Play|p2a: Reuniclus
|-supereffective|p2a: Reuniclus
|-damage|p2a: Reuniclus|74/100
|move|p2a: Reuniclus|Calm Mind|p2a: Reuniclus
|-boost|p2a: Reuniclus|spa|1
|-boost|p2a: Reuniclus|spd|1
|
|upkeep
|turn|10
|
|t:|1662496887
|move|p1a: Umbreon|Foul Play|p2a: Reuniclus
|-supereffective|p2a: Reuniclus
|-damage|p2a: Reuniclus|59/100
|move|p2a: Reuniclus|Recover|p2a: Reuniclus
|-heal|p2a: Reuniclus|100/100
|
|upkeep
|turn|11
|
|t:|1662496894
|move|p1a: Umbreon|Foul Play|p2a: Reuniclus
|-supereffective|p2a: Reuniclus
|-damage|p2a: Reuniclus|83/100
|move|p2a: Reuniclus|Calm Mind|p2a: Reuniclus
|-boost|p2a: Reuniclus|spa|1
|-boost|p2a: Reuniclus|spd|1
|
|upkeep
|turn|12
|
|t:|1662496904
|move|p1a: Umbreon|Foul Play|p2a: Reuniclus
|-supereffective|p2a: Reuniclus
|-damage|p2a: Reuniclus|66/100
|move|p2a: Reuniclus|Focus Blast|p1a: Umbreon
|-supereffective|p1a: Umbreon
|-damage|p1a: Umbreon|0 fnt
|faint|p1a: Umbreon
|
|upkeep
|
|t:|1662496910
|switch|p1a: Tentacruel|Tentacruel, M|100/100
|turn|13
|
|t:|1662496913
|move|p1a: Tentacruel|Sludge Bomb|p2a: Reuniclus
|-damage|p2a: Reuniclus|57/100
|-status|p2a: Reuniclus|psn
|move|p2a: Reuniclus|Stored Power|p1a: Tentacruel
|-supereffective|p1a: Tentacruel
|-damage|p1a: Tentacruel|0 fnt
|faint|p1a: Tentacruel
|
|upkeep
|c|☆frontier UU|gg
|-message|frontier UU forfeited.
|
|win|sachalenul
|raw|frontier UU's rating: 1411 &rarr; <strong>1394</strong><br />(-17 for losing)
|raw|sachalenul's rating: 1465 &rarr; <strong>1482</strong><br />(+17 for winning)
|l|☆frontier UU
|c|☆sachalenul|gg
||Ladder isn't responding, score probably updated but might not have (Request timeout).
