|j|☆thegreatestshowman
|j|☆pokemonisfun
|t:|1641784710
|gametype|singles
|player|p1|thegreatestshowman|n|1472
|player|p2|pokemonisfun|#uutrio2ladder|1718
|teamsize|p1|6
|teamsize|p2|6
|gen|8
|tier|[Gen 8] UU
|rated|
|rule|Sleep Clause Mod: Limit one foe put to sleep
|rule|Species Clause: Limit one of each Pokémon
|rule|OHKO Clause: OHKO moves are banned
|rule|Evasion Moves Clause: Evasion moves are banned
|rule|Endless Battle Clause: Forcing endless battles is banned
|rule|HP Percentage Mod: HP is shown in percentages
|rule|Dynamax Clause: You cannot dynamax
|clearpoke
|poke|p1|Moltres-Galar|
|poke|p1|Azumarill, F|
|poke|p1|Excadrill, M|
|poke|p1|Thundurus-Therian, M|
|poke|p1|Aegislash, M|
|poke|p1|Gyarados, M|
|poke|p2|Tauros, M|
|poke|p2|Thundurus-Therian, M|
|poke|p2|Primarina, M|
|poke|p2|Mandibuzz, F|
|poke|p2|Amoonguss, M|
|poke|p2|Cobalion|
|teampreview
|inactive|Battle timer is ON: inactive players will automatically lose when time's up. (requested by thegreatestshowman)
|
|t:|1641784728
|start
|switch|p1a: Excadrill|Excadrill, M|100/100
|switch|p2a: peck ur neck|Mandibuzz, F|100/100
|-ability|p1a: Excadrill|Mold Breaker
|turn|1
|
|t:|1641784732
|move|p1a: Excadrill|Stealth Rock|p2a: peck ur neck
|-sidestart|p2: pokemonisfun|move: Stealth Rock
|move|p2a: peck ur neck|Foul Play|p1a: Excadrill
|-damage|p1a: Excadrill|27/100
|
|upkeep
|turn|2
|
|t:|1641784741
|move|p1a: Excadrill|Rock Tomb|p2a: peck ur neck
|-supereffective|p2a: peck ur neck
|-damage|p2a: peck ur neck|72/100
|-unboost|p2a: peck ur neck|spe|1
|move|p2a: peck ur neck|Defog|p1a: Excadrill
|-unboost|p1a: Excadrill|evasion|1
|-sideend|p2: pokemonisfun|Stealth Rock|[from] move: Defog|[of] p2a: peck ur neck
|
|upkeep
|turn|3
|
|t:|1641784745
|move|p1a: Excadrill|Stealth Rock|p2a: peck ur neck
|-sidestart|p2: pokemonisfun|move: Stealth Rock
|move|p2a: peck ur neck|Roost|p2a: peck ur neck
|-heal|p2a: peck ur neck|100/100
|-singleturn|p2a: peck ur neck|move: Roost
|
|upkeep
|turn|4
|
|t:|1641784749
|move|p1a: Excadrill|Rock Tomb|p2a: peck ur neck
|-supereffective|p2a: peck ur neck
|-damage|p2a: peck ur neck|76/100
|-unboost|p2a: peck ur neck|spe|1
|move|p2a: peck ur neck|Defog|p1a: Excadrill
|-unboost|p1a: Excadrill|evasion|1
|-sideend|p2: pokemonisfun|Stealth Rock|[from] move: Defog|[of] p2a: peck ur neck
|
|upkeep
|turn|5
|
|t:|1641784751
|move|p1a: Excadrill|Stealth Rock|p2a: peck ur neck
|-sidestart|p2: pokemonisfun|move: Stealth Rock
|move|p2a: peck ur neck|Roost|p2a: peck ur neck
|-heal|p2a: peck ur neck|100/100
|-singleturn|p2a: peck ur neck|move: Roost
|
|upkeep
|turn|6
|
|t:|1641784753
|move|p1a: Excadrill|Rock Tomb|p2a: peck ur neck
|-supereffective|p2a: peck ur neck
|-damage|p2a: peck ur neck|72/100
|-unboost|p2a: peck ur neck|spe|1
|move|p2a: peck ur neck|Defog|p1a: Excadrill
|-unboost|p1a: Excadrill|evasion|1
|-sideend|p2: pokemonisfun|Stealth Rock|[from] move: Defog|[of] p2a: peck ur neck
|
|upkeep
|turn|7
|
|t:|1641784756
|move|p1a: Excadrill|Stealth Rock|p2a: peck ur neck
|-sidestart|p2: pokemonisfun|move: Stealth Rock
|move|p2a: peck ur neck|Roost|p2a: peck ur neck
|-heal|p2a: peck ur neck|100/100
|-singleturn|p2a: peck ur neck|move: Roost
|
|upkeep
|turn|8
|
|t:|1641784759
|move|p1a: Excadrill|Rock Tomb|p2a: peck ur neck
|-supereffective|p2a: peck ur neck
|-damage|p2a: peck ur neck|75/100
|-unboost|p2a: peck ur neck|spe|1
|move|p2a: peck ur neck|Defog|p1a: Excadrill
|-unboost|p1a: Excadrill|evasion|1
|-sideend|p2: pokemonisfun|Stealth Rock|[from] move: Defog|[of] p2a: peck ur neck
|
|upkeep
|turn|9
|
|t:|1641784761
|move|p1a: Excadrill|Stealth Rock|p2a: peck ur neck
|-sidestart|p2: pokemonisfun|move: Stealth Rock
|move|p2a: peck ur neck|Roost|p2a: peck ur neck
|-heal|p2a: peck ur neck|100/100
|-singleturn|p2a: peck ur neck|move: Roost
|
|upkeep
|turn|10
|
|t:|1641784764
|move|p1a: Excadrill|Rock Tomb|p2a: peck ur neck
|-supereffective|p2a: peck ur neck
|-damage|p2a: peck ur neck|73/100
|-unboost|p2a: peck ur neck|spe|1
|move|p2a: peck ur neck|Defog|p1a: Excadrill
|-unboost|p1a: Excadrill|evasion|1
|-sideend|p2: pokemonisfun|Stealth Rock|[from] move: Defog|[of] p2a: peck ur neck
|
|upkeep
|turn|11
|
|t:|1641784770
|move|p1a: Excadrill|Stealth Rock|p2a: peck ur neck
|-sidestart|p2: pokemonisfun|move: Stealth Rock
|move|p2a: peck ur neck|Roost|p2a: peck ur neck
|-heal|p2a: peck ur neck|100/100
|-singleturn|p2a: peck ur neck|move: Roost
|
|upkeep
|turn|12
|
|t:|1641784774
|move|p1a: Excadrill|Rock Tomb|p2a: peck ur neck
|-supereffective|p2a: peck ur neck
|-damage|p2a: peck ur neck|76/100
|-unboost|p2a: peck ur neck|spe|1
|move|p2a: peck ur neck|Defog|p1a: Excadrill
|-unboost|p1a: Excadrill|evasion|1
|-sideend|p2: pokemonisfun|Stealth Rock|[from] move: Defog|[of] p2a: peck ur neck
|
|upkeep
|turn|13
|
|t:|1641784778
|move|p1a: Excadrill|Stealth Rock|p2a: peck ur neck
|-sidestart|p2: pokemonisfun|move: Stealth Rock
|move|p2a: peck ur neck|Roost|p2a: peck ur neck
|-heal|p2a: peck ur neck|100/100
|-singleturn|p2a: peck ur neck|move: Roost
|
|upkeep
|turn|14
|
|t:|1641784789
|move|p1a: Excadrill|Rock Tomb|p2a: peck ur neck
|-supereffective|p2a: peck ur neck
|-damage|p2a: peck ur neck|75/100
|move|p2a: peck ur neck|Defog|p1a: Excadrill
|-unboost|p1a: Excadrill|evasion|0
|-sideend|p2: pokemonisfun|Stealth Rock|[from] move: Defog|[of] p2a: peck ur neck
|
|upkeep
|turn|15
|
|t:|1641784794
|move|p1a: Excadrill|Stealth Rock|p2a: peck ur neck
|-sidestart|p2: pokemonisfun|move: Stealth Rock
|move|p2a: peck ur neck|Roost|p2a: peck ur neck
|-heal|p2a: peck ur neck|100/100
|-singleturn|p2a: peck ur neck|move: Roost
|
|upkeep
|turn|16
|
|t:|1641784796
|move|p1a: Excadrill|Rock Tomb|p2a: peck ur neck
|-supereffective|p2a: peck ur neck
|-damage|p2a: peck ur neck|74/100
|move|p2a: peck ur neck|Defog|p1a: Excadrill
|-unboost|p1a: Excadrill|evasion|0
|-sideend|p2: pokemonisfun|Stealth Rock|[from] move: Defog|[of] p2a: peck ur neck
|
|upkeep
|turn|17
|
|t:|1641784801
|move|p1a: Excadrill|Stealth Rock|p2a: peck ur neck
|-sidestart|p2: pokemonisfun|move: Stealth Rock
|move|p2a: peck ur neck|Roost|p2a: peck ur neck
|-heal|p2a: peck ur neck|100/100
|-singleturn|p2a: peck ur neck|move: Roost
|
|upkeep
|turn|18
|
|t:|1641784802
|move|p1a: Excadrill|Rock Tomb|p2a: peck ur neck
|-supereffective|p2a: peck ur neck
|-damage|p2a: peck ur neck|72/100
|move|p2a: peck ur neck|Defog|p1a: Excadrill
|-unboost|p1a: Excadrill|evasion|0
|-sideend|p2: pokemonisfun|Stealth Rock|[from] move: Defog|[of] p2a: peck ur neck
|
|upkeep
|turn|19
|
|t:|1641784806
|move|p1a: Excadrill|Stealth Rock|p2a: peck ur neck
|-sidestart|p2: pokemonisfun|move: Stealth Rock
|move|p2a: peck ur neck|Roost|p2a: peck ur neck
|-heal|p2a: peck ur neck|100/100
|-singleturn|p2a: peck ur neck|move: Roost
|
|upkeep
|turn|20
|
|t:|1641784809
|move|p1a: Excadrill|Rock Tomb|p2a: peck ur neck
|-supereffective|p2a: peck ur neck
|-damage|p2a: peck ur neck|74/100
|move|p2a: peck ur neck|Defog|p1a: Excadrill
|-unboost|p1a: Excadrill|evasion|0
|-sideend|p2: pokemonisfun|Stealth Rock|[from] move: Defog|[of] p2a: peck ur neck
|
|upkeep
|turn|21
|
|t:|1641784812
|move|p1a: Excadrill|Stealth Rock|p2a: peck ur neck
|-sidestart|p2: pokemonisfun|move: Stealth Rock
|move|p2a: peck ur neck|Roost|p2a: peck ur neck
|-heal|p2a: peck ur neck|100/100
|-singleturn|p2a: peck ur neck|move: Roost
|
|upkeep
|turn|22
|
|t:|1641784814
|move|p1a: Excadrill|Rock Tomb|p2a: peck ur neck
|-supereffective|p2a: peck ur neck
|-damage|p2a: peck ur neck|73/100
|move|p2a: peck ur neck|Defog|p1a: Excadrill
|-unboost|p1a: Excadrill|evasion|0
|-sideend|p2: pokemonisfun|Stealth Rock|[from] move: Defog|[of] p2a: peck ur neck
|
|upkeep
|turn|23
|inactive|thegreatestshowman has 120 seconds left.
|inactive|thegreatestshowman has 90 seconds left.
|
|t:|1641784876
|move|p1a: Excadrill|Stealth Rock|p2a: peck ur neck
|-sidestart|p2: pokemonisfun|move: Stealth Rock
|move|p2a: peck ur neck|Roost|p2a: peck ur neck
|-heal|p2a: peck ur neck|100/100
|-singleturn|p2a: peck ur neck|move: Roost
|
|upkeep
|turn|24
|
|t:|1641784879
|move|p1a: Excadrill|Rock Tomb|p2a: peck ur neck
|-supereffective|p2a: peck ur neck
|-damage|p2a: peck ur neck|75/100
|move|p2a: peck ur neck|Defog|p1a: Excadrill
|-unboost|p1a: Excadrill|evasion|0
|-sideend|p2: pokemonisfun|Stealth Rock|[from] move: Defog|[of] p2a: peck ur neck
|
|upkeep
|turn|25
|
|t:|1641784885
|move|p1a: Excadrill|Stealth Rock|p2a: peck ur neck
|-sidestart|p2: pokemonisfun|move: Stealth Rock
|move|p2a: peck ur neck|Foul Play|p1a: Excadrill
|-damage|p1a: Excadrill|0 fnt
|faint|p1a: Excadrill
|
|upkeep
|inactive|thegreatestshowman has 90 seconds left.
|
|t:|1641784937
|switch|p1a: Moltres|Moltres-Galar|100/100
|turn|26
|
|t:|1641784951
|move|p1a: Moltres|Taunt|p2a: peck ur neck
|-start|p2a: peck ur neck|move: Taunt
|move|p2a: peck ur neck|U-turn|p1a: Moltres
|-damage|p1a: Moltres|86/100
|
|t:|1641784962
|switch|p2a: BENNY|Tauros, M|100/100|[from]move: U-turn
|-damage|p2a: BENNY|88/100|[from] Stealth Rock
|
|upkeep
|turn|27
|
|t:|1641784968
|move|p2a: BENNY|Body Slam|p1a: Moltres
|-damage|p1a: Moltres|12/100
|move|p1a: Moltres|Agility|p1a: Moltres
|-boost|p1a: Moltres|spe|2
|
|upkeep
|turn|28
|inactive|thegreatestshowman has 90 seconds left.
|
|t:|1641784977
|move|p1a: Moltres|Hurricane|p2a: BENNY
|-damage|p2a: BENNY|0 fnt
|faint|p2a: BENNY
|
|upkeep
|
|t:|1641784984
|switch|p2a: howdy mr cloudy|Thundurus-Therian, M|100/100
|turn|29
|
|t:|1641784988
|move|p1a: Moltres|Fiery Wrath|p2a: howdy mr cloudy
|-damage|p2a: howdy mr cloudy|45/100
|move|p2a: howdy mr cloudy|Volt Switch|p1a: Moltres
|-supereffective|p1a: Moltres
|-damage|p1a: Moltres|0 fnt
|faint|p1a: Moltres
|
|t:|1641784995
|switch|p2a: shroomy woomy|Amoonguss, M|100/100|[from]move: Volt Switch
|-damage|p2a: shroomy woomy|88/100|[from] Stealth Rock
|
|upkeep
|inactive|thegreatestshowman has 90 seconds left.
|
|t:|1641785028
|switch|p1a: Thundurus|Thundurus-Therian, M|100/100
|turn|30
|
|t:|1641785043
|move|p1a: Thundurus|Psychic|p2a: shroomy woomy
|-supereffective|p2a: shroomy woomy
|-damage|p2a: shroomy woomy|21/100
|move|p2a: shroomy woomy|Spore|p1a: Thundurus
|-status|p1a: Thundurus|slp|[from] move: Spore
|
|upkeep
|turn|31
|
|t:|1641785053
|switch|p1a: Gyarados|Gyarados, M|100/100
|move|p2a: shroomy woomy|Synthesis|p2a: shroomy woomy
|-heal|p2a: shroomy woomy|71/100
|
|upkeep
|turn|32
|
|t:|1641785057
|move|p1a: Gyarados|Dragon Dance|p1a: Gyarados
|-boost|p1a: Gyarados|atk|1
|-boost|p1a: Gyarados|spe|1
|move|p2a: shroomy woomy|Foul Play|p1a: Gyarados
|-damage|p1a: Gyarados|30/100
|
|-heal|p1a: Gyarados|36/100|[from] item: Leftovers
|upkeep
|turn|33
|
|t:|1641785077
|switch|p2a: peck ur neck|Mandibuzz, F|75/100
|move|p1a: Gyarados|Bounce||[still]
|-prepare|p1a: Gyarados|Bounce
|
|-heal|p1a: Gyarados|42/100|[from] item: Leftovers
|upkeep
|turn|34
|
|t:|1641785082
|move|p1a: Gyarados|Bounce|p2a: peck ur neck|[from]lockedmove
|-damage|p2a: peck ur neck|31/100
|move|p2a: peck ur neck|Foul Play|p1a: Gyarados
|-damage|p1a: Gyarados|0 fnt
|faint|p1a: Gyarados
|
|upkeep
|
|t:|1641785093
|switch|p1a: Azumarill|Azumarill, F|100/100
|turn|35
|
|t:|1641785107
|move|p2a: peck ur neck|Roost|p2a: peck ur neck
|-heal|p2a: peck ur neck|81/100
|-singleturn|p2a: peck ur neck|move: Roost
|move|p1a: Azumarill|Play Rough|p2a: peck ur neck
|-supereffective|p2a: peck ur neck
|-damage|p2a: peck ur neck|11/100
|-unboost|p2a: peck ur neck|atk|1
|
|upkeep
|turn|36
|
|t:|1641785117
|move|p2a: peck ur neck|Roost|p2a: peck ur neck
|-heal|p2a: peck ur neck|61/100
|-singleturn|p2a: peck ur neck|move: Roost
|move|p1a: Azumarill|Belly Drum|p1a: Azumarill
|-damage|p1a: Azumarill|50/100
|-setboost|p1a: Azumarill|atk|6|[from] move: Belly Drum
|-enditem|p1a: Azumarill|Sitrus Berry|[eat]
|-heal|p1a: Azumarill|75/100|[from] item: Sitrus Berry
|
|upkeep
|turn|37
|
|t:|1641785120
|move|p1a: Azumarill|Aqua Jet|p2a: peck ur neck
|-damage|p2a: peck ur neck|2/100
|move|p2a: peck ur neck|Foul Play|p1a: Azumarill
|-resisted|p1a: Azumarill
|-damage|p1a: Azumarill|0 fnt
|faint|p1a: Azumarill
|
|upkeep
|
|t:|1641785129
|switch|p1a: Aegislash|Aegislash, M|100/100
|turn|38
|
|t:|1641785132
|-formechange|p1a: Aegislash|Aegislash-Blade||[from] ability: Stance Change
|move|p1a: Aegislash|Shadow Ball|p2a: peck ur neck
|-resisted|p2a: peck ur neck
|-damage|p2a: peck ur neck|0 fnt
|faint|p2a: peck ur neck
|
|upkeep
|
|t:|1641785144
|switch|p2a: seal that squeals|Primarina, M|100/100
|-damage|p2a: seal that squeals|88/100|[from] Stealth Rock
|turn|39
|
|t:|1641785151
|switch|p1a: Thundurus|Thundurus-Therian, M|100/100 slp
|move|p2a: seal that squeals|Scald|p1a: Thundurus
|-damage|p1a: Thundurus|54/100 slp
|
|-heal|p2a: seal that squeals|94/100|[from] item: Leftovers
|upkeep
|turn|40
|
|t:|1641785156
|cant|p1a: Thundurus|slp
|move|p2a: seal that squeals|Moonblast|p1a: Thundurus
|-damage|p1a: Thundurus|0 fnt
|faint|p1a: Thundurus
|
|-heal|p2a: seal that squeals|99/100|[from] item: Leftovers
|upkeep
|
|t:|1641785159
|switch|p1a: Aegislash|Aegislash, M|100/100
|turn|41
|
|t:|1641785164
|-formechange|p1a: Aegislash|Aegislash-Blade||[from] ability: Stance Change
|move|p1a: Aegislash|Shadow Ball|p2a: seal that squeals
|-damage|p2a: seal that squeals|66/100
|move|p2a: seal that squeals|Scald|p1a: Aegislash
|-damage|p1a: Aegislash|19/100
|-status|p1a: Aegislash|brn
|
|-heal|p2a: seal that squeals|72/100|[from] item: Leftovers
|-damage|p1a: Aegislash|13/100 brn|[from] brn
|upkeep
|turn|42
|
|t:|1641785167
|move|p1a: Aegislash|Shadow Ball|p2a: seal that squeals
|-damage|p2a: seal that squeals|35/100
|move|p2a: seal that squeals|Scald|p1a: Aegislash
|-damage|p1a: Aegislash|0 fnt
|faint|p1a: Aegislash
|
|win|pokemonisfun
|raw|thegreatestshowman's rating: 1472 &rarr; <strong>1464</strong><br />(-8 for losing)
|raw|pokemonisfun's rating: 1718 &rarr; <strong>1726</strong><br />(+8 for winning)
|c|☆thegreatestshowman|gg
|c|☆pokemonisfun|gg
