|j|☆Appleking123
|j|☆SuperDragon050
|t:|1652562578
|gametype|singles
|player|p1|Appleking123|hiker-gen4|
|player|p2|SuperDragon050|101|
|teamsize|p1|6
|teamsize|p2|6
|gen|8
|tier|[Gen 8] UU
|rule|Sleep Clause Mod: Limit one foe put to sleep
|rule|Species Clause: Limit one of each Pokémon
|rule|OHKO Clause: OHKO moves are banned
|rule|Evasion Moves Clause: Evasion moves are banned
|rule|Endless Battle Clause: Forcing endless battles is banned
|rule|HP Percentage Mod: HP is shown in percentages
|rule|Dynamax Clause: You cannot dynamax
|clearpoke
|poke|p1|Rotom-Wash|
|poke|p1|Conkeldurr, F|
|poke|p1|Tangrowth, F|
|poke|p1|Chandelure, M|
|poke|p1|Lycanroc-Dusk, F|
|poke|p1|Chansey, F|
|poke|p2|Tangrowth, M|
|poke|p2|Primarina, F|
|poke|p2|Rotom-Heat|
|poke|p2|Metagross|
|poke|p2|Scolipede, M|
|poke|p2|Salamence, M|
|teampreview
|
|t:|1652562586
|start
|switch|p1a: Bork|Lycanroc-Dusk, F|100/100
|switch|p2a: Keebo|Metagross, shiny|100/100
|turn|1
|
|t:|1652562598
|switch|p1a: Spaghet|Tangrowth, F|100/100
|move|p2a: Keebo|Iron Head|p1a: Spaghet
|-damage|p1a: Spaghet|77/100
|-damage|p2a: Keebo|84/100|[from] item: Rocky Helmet|[of] p1a: Spaghet
|
|upkeep
|turn|2
|
|t:|1652562605
|move|p2a: Keebo|Stealth Rock|p1a: Spaghet
|-sidestart|p1: Appleking123|move: Stealth Rock
|move|p1a: Spaghet|Knock Off|p2a: Keebo
|-supereffective|p2a: Keebo
|-damage|p2a: Keebo|48/100
|-enditem|p2a: Keebo|Expert Belt|[from] move: Knock Off|[of] p1a: Spaghet
|
|upkeep
|turn|3
|
|t:|1652562619
|switch|p2a: Kaito|Salamence, M|100/100
|-ability|p2a: Kaito|Intimidate|boost
|-unboost|p1a: Spaghet|atk|1
|move|p1a: Spaghet|Knock Off|p2a: Kaito
|-crit|p2a: Kaito
|-damage|p2a: Kaito|62/100
|-enditem|p2a: Kaito|Heavy-Duty Boots|[from] move: Knock Off|[of] p1a: Spaghet
|
|upkeep
|turn|4
|
|t:|1652562634
|switch|p1a: Egg|Chansey, F|100/100
|-damage|p1a: Egg|88/100|[from] Stealth Rock
|move|p2a: Kaito|Dragon Dance|p2a: Kaito
|-boost|p2a: Kaito|atk|1
|-boost|p2a: Kaito|spe|1
|
|upkeep
|turn|5
|
|t:|1652562643
|switch|p1a: Spaghet|Tangrowth, F|100/100
|-damage|p1a: Spaghet|88/100|[from] Stealth Rock
|move|p2a: Kaito|Dragon Claw|p1a: Spaghet
|-damage|p1a: Spaghet|48/100
|-damage|p2a: Kaito|46/100|[from] item: Rocky Helmet|[of] p1a: Spaghet
|
|upkeep
|turn|6
|
|t:|1652562656
|move|p2a: Kaito|Dual Wingbeat|p1a: Spaghet
|-supereffective|p1a: Spaghet
|-damage|p1a: Spaghet|12/100
|-damage|p2a: Kaito|29/100|[from] item: Rocky Helmet|[of] p1a: Spaghet
|-supereffective|p1a: Spaghet
|-damage|p1a: Spaghet|0 fnt
|-damage|p2a: Kaito|12/100|[from] item: Rocky Helmet|[of] p1a: Spaghet
|faint|p1a: Spaghet
|-hitcount|p1: Spaghet|2
|
|upkeep
|
|t:|1652562659
|switch|p1a: Bork|Lycanroc-Dusk, F|100/100
|-damage|p1a: Bork|88/100|[from] Stealth Rock
|turn|7
|
|t:|1652562671
|switch|p2a: Kirumi|Primarina, F|100/100
|move|p1a: Bork|Accelerock|p2a: Kirumi
|-damage|p2a: Kirumi|63/100
|-damage|p1a: Bork|78/100|[from] item: Life Orb
|
|upkeep
|turn|8
|
|t:|1652562679
|move|p1a: Bork|Stone Edge|p2a: Kirumi
|-damage|p2a: Kirumi|0 fnt
|faint|p2a: Kirumi
|-damage|p1a: Bork|68/100|[from] item: Life Orb
|
|upkeep
|
|t:|1652562691
|switch|p2a: Yasuhiro|Tangrowth, M|100/100
|turn|9
|
|t:|1652562696
|switch|p1a: Egg|Chansey, F|88/100
|-damage|p1a: Egg|75/100|[from] Stealth Rock
|move|p2a: Yasuhiro|Giga Drain|p1a: Egg
|-damage|p1a: Egg|67/100
|
|upkeep
|turn|10
|
|t:|1652562711
|move|p2a: Yasuhiro|Knock Off|p1a: Egg
|-damage|p1a: Egg|51/100
|-enditem|p1a: Egg|Eviolite|[from] move: Knock Off|[of] p2a: Yasuhiro
|move|p1a: Egg|Teleport|p1a: Egg
|
|t:|1652562714
|switch|p1a: Washington|Rotom-Wash|100/100|[from]move: Teleport
|-damage|p1a: Washington|88/100|[from] Stealth Rock
|
|-heal|p1a: Washington|94/100|[from] item: Leftovers
|upkeep
|turn|11
|
|t:|1652562722
|move|p1a: Washington|Defog|p2a: Yasuhiro
|-unboost|p2a: Yasuhiro|evasion|1
|-sideend|p1: Appleking123|Stealth Rock|[from] move: Defog|[of] p1a: Washington
|move|p2a: Yasuhiro|Sleep Powder|p1a: Washington
|-status|p1a: Washington|slp|[from] move: Sleep Powder
|
|-heal|p1a: Washington|100/100 slp|[from] item: Leftovers
|upkeep
|turn|12
|
|t:|1652562732
|cant|p1a: Washington|slp
|move|p2a: Yasuhiro|Giga Drain|p1a: Washington
|-supereffective|p1a: Washington
|-damage|p1a: Washington|39/100 slp
|
|-heal|p1a: Washington|45/100 slp|[from] item: Leftovers
|upkeep
|turn|13
|
|t:|1652562739
|switch|p1a: Egg|Chansey, F|51/100
|move|p2a: Yasuhiro|Giga Drain|p1a: Egg
|-damage|p1a: Egg|38/100
|
|upkeep
|turn|14
|
|t:|1652562747
|move|p1a: Egg|Soft-Boiled|p1a: Egg
|-heal|p1a: Egg|88/100
|move|p2a: Yasuhiro|Leech Seed|p1a: Egg
|-start|p1a: Egg|move: Leech Seed
|
|-damage|p1a: Egg|75/100|[from] Leech Seed|[of] p2a: Yasuhiro
|upkeep
|turn|15
|
|t:|1652562753
|move|p2a: Yasuhiro|Giga Drain|p1a: Egg
|-damage|p1a: Egg|62/100
|move|p1a: Egg|Teleport|p1a: Egg
|
|t:|1652562755
|switch|p1a: L A M P|Chandelure, M|100/100|[from]move: Teleport
|
|upkeep
|turn|16
|
|t:|1652562765
|switch|p2a: Kaito|Salamence, M|12/100
|-ability|p2a: Kaito|Intimidate|boost
|-unboost|p1a: L A M P|atk|1
|move|p1a: L A M P|Fire Blast|p2a: Kaito
|-resisted|p2a: Kaito
|-damage|p2a: Kaito|0 fnt
|faint|p2a: Kaito
|
|upkeep
|
|t:|1652562785
|switch|p2a: Kokichi|Scolipede, M, shiny|100/100
|turn|17
|
|t:|1652562788
|move|p2a: Kokichi|Protect|p2a: Kokichi
|-singleturn|p2a: Kokichi|Protect
|move|p1a: L A M P|Fire Blast|p2a: Kokichi
|-activate|p2a: Kokichi|move: Protect
|
|-ability|p2a: Kokichi|Speed Boost|boost
|-boost|p2a: Kokichi|spe|1
|upkeep
|turn|18
|
|t:|1652562797
|switch|p1a: Bonk!|Conkeldurr, F|100/100
|move|p2a: Kokichi|Earthquake|p1a: Bonk!
|-damage|p1a: Bonk!|68/100
|
|-ability|p2a: Kokichi|Speed Boost|boost
|-boost|p2a: Kokichi|spe|1
|-status|p1a: Bonk!|brn|[from] item: Flame Orb
|upkeep
|turn|19
|
|t:|1652562815
|move|p2a: Kokichi|Poison Jab|p1a: Bonk!
|-damage|p1a: Bonk!|30/100 brn
|move|p1a: Bonk!|Facade|p2a: Kokichi
|-damage|p2a: Kokichi|3/100
|
|-heal|p2a: Kokichi|9/100|[from] item: Black Sludge
|-damage|p1a: Bonk!|24/100 brn|[from] brn
|-ability|p2a: Kokichi|Speed Boost|boost
|-boost|p2a: Kokichi|spe|1
|upkeep
|turn|20
|
|t:|1652562826
|move|p2a: Kokichi|Protect|p2a: Kokichi
|-singleturn|p2a: Kokichi|Protect
|move|p1a: Bonk!|Mach Punch|p2a: Kokichi
|-activate|p2a: Kokichi|move: Protect
|
|-heal|p2a: Kokichi|15/100|[from] item: Black Sludge
|-damage|p1a: Bonk!|18/100 brn|[from] brn
|-ability|p2a: Kokichi|Speed Boost|boost
|-boost|p2a: Kokichi|spe|1
|upkeep
|turn|21
|
|t:|1652562852
|move|p1a: Bonk!|Mach Punch|p2a: Kokichi
|-resisted|p2a: Kokichi
|-damage|p2a: Kokichi|5/100
|move|p2a: Kokichi|Poison Jab|p1a: Bonk!
|-crit|p1a: Bonk!
|-damage|p1a: Bonk!|0 fnt
|faint|p1a: Bonk!
|
|-heal|p2a: Kokichi|11/100|[from] item: Black Sludge
|-ability|p2a: Kokichi|Speed Boost|boost
|-boost|p2a: Kokichi|spe|1
|upkeep
|
|t:|1652562855
|switch|p1a: Bork|Lycanroc-Dusk, F|68/100
|turn|22
|
|t:|1652562863
|move|p2a: Kokichi|Protect|p2a: Kokichi
|-singleturn|p2a: Kokichi|Protect
|move|p1a: Bork|Accelerock|p2a: Kokichi
|-activate|p2a: Kokichi|move: Protect
|
|-heal|p2a: Kokichi|17/100|[from] item: Black Sludge
|-ability|p2a: Kokichi|Speed Boost|boost
|-boost|p2a: Kokichi|spe|1
|upkeep
|turn|23
|
|t:|1652562872
|switch|p2a: Yasuhiro|Tangrowth, M|100/100
|move|p1a: Bork|Accelerock|p2a: Yasuhiro
|-damage|p2a: Yasuhiro|84/100
|-damage|p1a: Bork|58/100|[from] item: Life Orb
|
|-heal|p2a: Yasuhiro|90/100|[from] item: Leftovers
|upkeep
|turn|24
|
|t:|1652562881
|switch|p1a: Egg|Chansey, F|62/100
|move|p2a: Yasuhiro|Knock Off|p1a: Egg
|-damage|p1a: Egg|49/100
|
|-heal|p2a: Yasuhiro|97/100|[from] item: Leftovers
|upkeep
|turn|25
|
|t:|1652562889
|move|p2a: Yasuhiro|Leech Seed|p1a: Egg
|-start|p1a: Egg|move: Leech Seed
|move|p1a: Egg|Teleport|p1a: Egg
|
|t:|1652562891
|switch|p1a: L A M P|Chandelure, M|100/100|[from]move: Teleport
|
|-heal|p2a: Yasuhiro|100/100|[from] item: Leftovers
|upkeep
|turn|26
|
|t:|1652562907
|switch|p2a: Korekiyo|Rotom-Heat, shiny|100/100
|move|p1a: L A M P|Fire Blast|p2a: Korekiyo
|-resisted|p2a: Korekiyo
|-damage|p2a: Korekiyo|55/100
|
|upkeep
|turn|27
|
|t:|1652562921
|move|p2a: Korekiyo|Volt Switch|p1a: L A M P
|-crit|p1a: L A M P
|-damage|p1a: L A M P|37/100
|
|t:|1652562930
|switch|p2a: Kokichi|Scolipede, M, shiny|17/100|[from]move: Volt Switch
|move|p1a: L A M P|Fire Blast|p2a: Kokichi
|-supereffective|p2a: Kokichi
|-damage|p2a: Kokichi|0 fnt
|faint|p2a: Kokichi
|
|upkeep
|
|t:|1652562938
|switch|p2a: Korekiyo|Rotom-Heat, shiny|55/100
|turn|28
|
|t:|1652562944
|switch|p1a: Washington|Rotom-Wash|45/100 slp
|move|p2a: Korekiyo|Volt Switch|p1a: Washington
|-damage|p1a: Washington|12/100 slp
|
|t:|1652562949
|switch|p2a: Keebo|Metagross, shiny|48/100|[from]move: Volt Switch
|
|-heal|p1a: Washington|18/100 slp|[from] item: Leftovers
|upkeep
|turn|29
|
|t:|1652562958
|cant|p1a: Washington|slp
|move|p2a: Keebo|Power-Up Punch|p1a: Washington
|-damage|p1a: Washington|2/100 slp
|-boost|p2a: Keebo|atk|1
|
|-heal|p1a: Washington|8/100 slp|[from] item: Leftovers
|upkeep
|turn|30
|
|t:|1652562968
|cant|p1a: Washington|slp
|move|p2a: Keebo|Power-Up Punch|p1a: Washington
|-damage|p1a: Washington|0 fnt
|-boost|p2a: Keebo|atk|1
|faint|p1a: Washington
|
|upkeep
|
|t:|1652562970
|switch|p1a: L A M P|Chandelure, M|37/100
|turn|31
|
|t:|1652562977
|move|p1a: L A M P|Overheat|p2a: Keebo
|-supereffective|p2a: Keebo
|-damage|p2a: Keebo|0 fnt
|-unboost|p1a: L A M P|spa|2
|faint|p2a: Keebo
|
|upkeep
|
|t:|1652562983
|switch|p2a: Korekiyo|Rotom-Heat, shiny|55/100
|turn|32
|
|t:|1652562986
|switch|p1a: Egg|Chansey, F|49/100
|move|p2a: Korekiyo|Hex|p1a: Egg
|-immune|p1a: Egg
|
|upkeep
|turn|33
|
|t:|1652562992
|switch|p2a: Yasuhiro|Tangrowth, M|100/100
|move|p1a: Egg|Soft-Boiled|p1a: Egg
|-heal|p1a: Egg|99/100
|
|upkeep
|turn|34
|
|t:|1652563001
|move|p2a: Yasuhiro|Giga Drain|p1a: Egg
|-damage|p1a: Egg|86/100
|move|p1a: Egg|Teleport|p1a: Egg
|
|t:|1652563004
|switch|p1a: L A M P|Chandelure, M|37/100|[from]move: Teleport
|
|upkeep
|turn|35
|
|t:|1652563008
|switch|p2a: Korekiyo|Rotom-Heat, shiny|55/100
|move|p1a: L A M P|Overheat|p2a: Korekiyo
|-resisted|p2a: Korekiyo
|-damage|p2a: Korekiyo|5/100
|-unboost|p1a: L A M P|spa|2
|
|upkeep
|turn|36
|
|t:|1652563018
|switch|p1a: Egg|Chansey, F|86/100
|move|p2a: Korekiyo|Volt Switch|p1a: Egg
|-damage|p1a: Egg|72/100
|
|t:|1652563023
|switch|p2a: Yasuhiro|Tangrowth, M|100/100|[from]move: Volt Switch
|
|upkeep
|turn|37
|
|t:|1652563030
|move|p2a: Yasuhiro|Knock Off|p1a: Egg
|-damage|p1a: Egg|56/100
|move|p1a: Egg|Teleport|p1a: Egg
|
|t:|1652563032
|switch|p1a: L A M P|Chandelure, M|37/100|[from]move: Teleport
|
|upkeep
|turn|38
|
|t:|1652563038
|switch|p2a: Korekiyo|Rotom-Heat, shiny|5/100
|move|p1a: L A M P|Overheat|p2a: Korekiyo
|-resisted|p2a: Korekiyo
|-damage|p2a: Korekiyo|0 fnt
|-unboost|p1a: L A M P|spa|2
|faint|p2a: Korekiyo
|
|upkeep
|
|t:|1652563046
|switch|p2a: Yasuhiro|Tangrowth, M|100/100
|turn|39
|
|t:|1652563050
|switch|p1a: Egg|Chansey, F|56/100
|move|p2a: Yasuhiro|Knock Off|p1a: Egg
|-damage|p1a: Egg|43/100
|
|upkeep
|turn|40
|
|t:|1652563055
|move|p1a: Egg|Soft-Boiled|p1a: Egg
|-heal|p1a: Egg|93/100
|move|p2a: Yasuhiro|Sleep Powder|p1a: Egg
|-status|p1a: Egg|slp|[from] move: Sleep Powder
|
|upkeep
|turn|41
|
|t:|1652563063
|move|p2a: Yasuhiro|Leech Seed|p1a: Egg
|-start|p1a: Egg|move: Leech Seed
|cant|p1a: Egg|slp
|
|-damage|p1a: Egg|80/100 slp|[from] Leech Seed|[of] p2a: Yasuhiro
|upkeep
|turn|42
|
|t:|1652563069
|move|p2a: Yasuhiro|Knock Off|p1a: Egg
|-damage|p1a: Egg|65/100 slp
|cant|p1a: Egg|slp
|
|-damage|p1a: Egg|52/100 slp|[from] Leech Seed|[of] p2a: Yasuhiro
|upkeep
|turn|43
|
|t:|1652563076
|move|p2a: Yasuhiro|Knock Off|p1a: Egg
|-damage|p1a: Egg|36/100 slp
|cant|p1a: Egg|slp
|
|-damage|p1a: Egg|24/100 slp|[from] Leech Seed|[of] p2a: Yasuhiro
|upkeep
|turn|44
|
|t:|1652563082
|-curestatus|p1a: Egg|slp|[msg]
|move|p1a: Egg|Soft-Boiled|p1a: Egg
|-heal|p1a: Egg|74/100
|move|p2a: Yasuhiro|Knock Off|p1a: Egg
|-damage|p1a: Egg|60/100
|
|-damage|p1a: Egg|47/100|[from] Leech Seed|[of] p2a: Yasuhiro
|upkeep
|turn|45
|
|t:|1652563091
|move|p1a: Egg|Soft-Boiled|p1a: Egg
|-heal|p1a: Egg|97/100
|move|p2a: Yasuhiro|Sleep Powder|p1a: Egg
|-status|p1a: Egg|slp|[from] move: Sleep Powder
|
|-damage|p1a: Egg|85/100 slp|[from] Leech Seed|[of] p2a: Yasuhiro
|upkeep
|turn|46
|
|t:|1652563098
|-curestatus|p1a: Egg|slp|[from] ability: Natural Cure
|switch|p1a: Bork|Lycanroc-Dusk, F|58/100
|move|p2a: Yasuhiro|Knock Off|p1a: Bork
|-damage|p1a: Bork|22/100
|-enditem|p1a: Bork|Life Orb|[from] move: Knock Off|[of] p2a: Yasuhiro
|
|upkeep
|turn|47
|
|t:|1652563106
|move|p1a: Bork|Close Combat|p2a: Yasuhiro
|-damage|p2a: Yasuhiro|75/100
|-unboost|p1a: Bork|def|1
|-unboost|p1a: Bork|spd|1
|move|p2a: Yasuhiro|Giga Drain|p1a: Bork
|-supereffective|p1a: Bork
|-crit|p1a: Bork
|-damage|p1a: Bork|0 fnt
|-heal|p2a: Yasuhiro|83/100|[from] drain|[of] p1a: Bork
|faint|p1a: Bork
|
|-heal|p2a: Yasuhiro|89/100|[from] item: Leftovers
|upkeep
|
|t:|1652563109
|switch|p1a: L A M P|Chandelure, M|37/100
|turn|48
|c|☆Appleking123|im just gonna
|
|t:|1652563121
|move|p1a: L A M P|Trick|p2a: Yasuhiro
|-activate|p1a: L A M P|move: Trick|[of] p2a: Yasuhiro
|-item|p2a: Yasuhiro|Choice Scarf|[from] move: Trick
|-item|p1a: L A M P|Leftovers|[from] move: Trick
|move|p2a: Yasuhiro|Knock Off|p1a: L A M P
|-supereffective|p1a: L A M P
|-damage|p1a: L A M P|0 fnt
|-enditem|p1a: L A M P|Leftovers|[from] move: Knock Off|[of] p2a: Yasuhiro
|faint|p1a: L A M P
|
|upkeep
|
|t:|1652563126
|switch|p1a: Egg|Chansey, F|85/100
|turn|49
|c|☆SuperDragon050|oof
|c|☆Appleking123|not even risking the miss
|c|☆Appleking123|i know my luck
|c|☆Appleking123|ggs
|
|t:|1652563145
|move|p2a: Yasuhiro|Knock Off|p1a: Egg
|-damage|p1a: Egg|69/100
|move|p1a: Egg|Seismic Toss|p2a: Yasuhiro
|-damage|p2a: Yasuhiro|64/100
|
|upkeep
|turn|50
|c|☆SuperDragon050|gg
|
|t:|1652563151
|move|p2a: Yasuhiro|Knock Off|p1a: Egg
|-damage|p1a: Egg|54/100
|move|p1a: Egg|Seismic Toss|p2a: Yasuhiro
|-damage|p2a: Yasuhiro|40/100
|
|upkeep
|turn|51
|c|☆SuperDragon050|is it bo3?
|
|t:|1652563163
|move|p2a: Yasuhiro|Knock Off|p1a: Egg
|-damage|p1a: Egg|41/100
|move|p1a: Egg|Seismic Toss|p2a: Yasuhiro
|-damage|p2a: Yasuhiro|15/100
|
|upkeep
|turn|52
|c|☆Appleking123|think so
|
|t:|1652563169
|move|p2a: Yasuhiro|Knock Off|p1a: Egg
|-damage|p1a: Egg|25/100
|move|p1a: Egg|Seismic Toss|p2a: Yasuhiro
|-damage|p2a: Yasuhiro|0 fnt
|faint|p2a: Yasuhiro
|
|win|Appleking123
|l|☆SuperDragon050
