|j|☆5 pia to the top
|j|☆miaomu雾切响子的狗捏
|t:|1660093574
|gametype|singles
|player|p1|5 pia to the top|#uutrio2ladder|1517
|player|p2|miaomu雾切响子的狗捏|wallace|1368
|teamsize|p1|5
|teamsize|p2|6
|gen|8
|tier|[Gen 8] UU
|rated|
|rule|Sleep Clause Mod: Limit one foe put to sleep
|rule|Species Clause: Limit one of each Pokémon
|rule|OHKO Clause: OHKO moves are banned
|rule|Evasion Items Clause: Evasion items are banned
|rule|Evasion Moves Clause: Evasion moves are banned
|rule|Endless Battle Clause: Forcing endless battles is banned
|rule|HP Percentage Mod: HP is shown in percentages
|rule|Dynamax Clause: You cannot dynamax
|clearpoke
|poke|p1|Salamence, F|
|poke|p1|Chansey, F|
|poke|p1|Umbreon, M|
|poke|p1|Quagsire, F|
|poke|p1|Tangrowth, M|
|poke|p2|Conkeldurr, F|
|poke|p2|Porygon2|
|poke|p2|Stakataka|
|poke|p2|Crawdaunt, M|
|poke|p2|Cresselia, F|
|poke|p2|Marowak-Alola, M|
|teampreview
|inactive|Battle timer is ON: inactive players will automatically lose when time's up. (requested by miaomu雾切响子的狗捏)
|j| zeth96
|inactive|5 pia to the top has 120 seconds left.
|inactive|5 pia to the top has 90 seconds left.
|j| Hydreigon > Latias
|
|t:|1660093649
|start
|switch|p1a: megan the eggin|Chansey, F|100/100
|switch|p2a: Porygon2|Porygon2|100/100
|-ability|p2a: Porygon2|Natural Cure|[from] ability: Trace|[of] p1a: megan the eggin
|turn|1
|
|t:|1660093661
|move|p1a: megan the eggin|Stealth Rock|p2a: Porygon2
|-sidestart|p2: miaomu雾切响子的狗捏|move: Stealth Rock
|move|p2a: Porygon2|Trick Room|p2a: Porygon2
|-fieldstart|move: Trick Room|[of] p2a: Porygon2
|
|upkeep
|turn|2
|
|t:|1660093665
|move|p1a: megan the eggin|Toxic|p2a: Porygon2
|-status|p2a: Porygon2|tox
|move|p2a: Porygon2|Teleport|p2a: Porygon2
|
|t:|1660093668
|-curestatus|p2a: Porygon2|tox|[from] ability: Natural Cure
|switch|p2a: Conkeldurr|Conkeldurr, F|100/100|[from]move: Teleport
|-damage|p2a: Conkeldurr|94/100|[from] Stealth Rock
|
|-status|p2a: Conkeldurr|brn|[from] item: Flame Orb
|upkeep
|turn|3
|
|t:|1660093675
|switch|p1a: tang ur wang|Tangrowth, M|100/100
|move|p2a: Conkeldurr|Facade|p1a: tang ur wang
|-crit|p1a: tang ur wang
|-damage|p1a: tang ur wang|16/100
|
|-damage|p2a: Conkeldurr|88/100 brn|[from] brn
|upkeep
|turn|4
|j|+avarice
|
|t:|1660093680
|switch|p1a: scary airy|Salamence, F|100/100
|-ability|p1a: scary airy|Intimidate|boost
|-unboost|p2a: Conkeldurr|atk|1
|move|p2a: Conkeldurr|Facade|p1a: scary airy
|-damage|p1a: scary airy|48/100
|
|-damage|p2a: Conkeldurr|82/100 brn|[from] brn
|upkeep
|turn|5
|
|t:|1660093689
|switch|p1a: umby wumby|Umbreon, M|100/100
|move|p2a: Conkeldurr|Facade|p1a: umby wumby
|-crit|p1a: umby wumby
|-damage|p1a: umby wumby|30/100
|
|-heal|p1a: umby wumby|36/100|[from] item: Leftovers
|-damage|p2a: Conkeldurr|76/100 brn|[from] brn
|-fieldend|move: Trick Room
|upkeep
|turn|6
|
|t:|1660093700
|move|p1a: umby wumby|Protect|p1a: umby wumby
|-singleturn|p1a: umby wumby|Protect
|move|p2a: Conkeldurr|Mach Punch|p1a: umby wumby
|-activate|p1a: umby wumby|move: Protect
|
|-heal|p1a: umby wumby|42/100|[from] item: Leftovers
|-damage|p2a: Conkeldurr|70/100 brn|[from] brn
|upkeep
|turn|7
|
|t:|1660093704
|switch|p1a: scary airy|Salamence, F|48/100
|-ability|p1a: scary airy|Intimidate|boost
|-unboost|p2a: Conkeldurr|atk|1
|switch|p2a: Porygon2|Porygon2|100/100
|-damage|p2a: Porygon2|88/100|[from] Stealth Rock
|-ability|p2a: Porygon2|Intimidate|[from] ability: Trace|[of] p1a: scary airy
|-ability|p2a: Porygon2|Intimidate|boost
|-unboost|p1a: scary airy|atk|1
|
|upkeep
|turn|8
|
|t:|1660093712
|move|p1a: scary airy|Roost|p1a: scary airy
|-heal|p1a: scary airy|98/100
|-singleturn|p1a: scary airy|move: Roost
|move|p2a: Porygon2|Trick Room|p2a: Porygon2
|-fieldstart|move: Trick Room|[of] p2a: Porygon2
|
|upkeep
|turn|9
|
|t:|1660093715
|switch|p1a: umby wumby|Umbreon, M|42/100
|move|p2a: Porygon2|Teleport|p2a: Porygon2
|
|t:|1660093721
|switch|p2a: Conkeldurr|Conkeldurr, F|70/100 brn|[from]move: Teleport
|-damage|p2a: Conkeldurr|64/100 brn|[from] Stealth Rock
|
|-heal|p1a: umby wumby|49/100|[from] item: Leftovers
|-damage|p2a: Conkeldurr|58/100 brn|[from] brn
|upkeep
|turn|10
|
|t:|1660093723
|move|p1a: umby wumby|Protect|p1a: umby wumby
|-singleturn|p1a: umby wumby|Protect
|move|p2a: Conkeldurr|Close Combat|p1a: umby wumby
|-activate|p1a: umby wumby|move: Protect
|
|-heal|p1a: umby wumby|55/100|[from] item: Leftovers
|-damage|p2a: Conkeldurr|52/100 brn|[from] brn
|upkeep
|turn|11
|
|t:|1660093726
|switch|p1a: scary airy|Salamence, F|98/100
|-ability|p1a: scary airy|Intimidate|boost
|-unboost|p2a: Conkeldurr|atk|1
|move|p2a: Conkeldurr|Facade|p1a: scary airy
|-damage|p1a: scary airy|51/100
|
|-damage|p2a: Conkeldurr|46/100 brn|[from] brn
|upkeep
|turn|12
|
|t:|1660093742
|switch|p1a: tang ur wang|Tangrowth, M|50/100
|move|p2a: Conkeldurr|Facade|p1a: tang ur wang
|-damage|p1a: tang ur wang|10/100
|
|-damage|p2a: Conkeldurr|40/100 brn|[from] brn
|-fieldend|move: Trick Room
|upkeep
|turn|13
|
|t:|1660093749
|switch|p1a: scary airy|Salamence, F|51/100
|-ability|p1a: scary airy|Intimidate|boost
|-unboost|p2a: Conkeldurr|atk|1
|move|p2a: Conkeldurr|Knock Off|p1a: scary airy
|-damage|p1a: scary airy|26/100
|-enditem|p1a: scary airy|Heavy-Duty Boots|[from] move: Knock Off|[of] p2a: Conkeldurr
|
|-damage|p2a: Conkeldurr|34/100 brn|[from] brn
|upkeep
|turn|14
|
|t:|1660093755
|switch|p2a: Porygon2|Porygon2|88/100
|-damage|p2a: Porygon2|76/100|[from] Stealth Rock
|-ability|p2a: Porygon2|Intimidate|[from] ability: Trace|[of] p1a: scary airy
|-ability|p2a: Porygon2|Intimidate|boost
|-unboost|p1a: scary airy|atk|1
|move|p1a: scary airy|Roost|p1a: scary airy
|-heal|p1a: scary airy|76/100
|-singleturn|p1a: scary airy|move: Roost
|
|upkeep
|turn|15
|l|☆miaomu雾切响子的狗捏
|inactive|miaomu雾切响子的狗捏 disconnected and has a minute to reconnect!
|player|p2|
|
|t:|1660093778
|switch|p1a: umby wumby|Umbreon, M|55/100
|move|p2a: Porygon2|Trick Room|p2a: Porygon2
|-fieldstart|move: Trick Room|[of] p2a: Porygon2
|
|-heal|p1a: umby wumby|61/100|[from] item: Leftovers
|upkeep
|turn|16
|j|☆miaomu雾切响子的狗捏
|inactive|miaomu雾切响子的狗捏 reconnected and has 140 seconds left.
|player|p2|miaomu雾切响子的狗捏|wallace
|
|t:|1660093792
|move|p1a: umby wumby|Wish|p1a: umby wumby
|move|p2a: Porygon2|Teleport|p2a: Porygon2
|
|t:|1660093794
|switch|p2a: Stakataka|Stakataka|100/100|[from]move: Teleport
|-damage|p2a: Stakataka|94/100|[from] Stealth Rock
|-item|p2a: Stakataka|Air Balloon
|
|-heal|p1a: umby wumby|67/100|[from] item: Leftovers
|upkeep
|turn|17
|
|t:|1660093801
|move|p2a: Stakataka|Stealth Rock|p1a: umby wumby
|-sidestart|p1: 5 pia to the top|move: Stealth Rock
|move|p1a: umby wumby|Foul Play|p2a: Stakataka
|-damage|p2a: Stakataka|60/100
|-enditem|p2a: Stakataka|Air Balloon
|
|-heal|p1a: umby wumby|100/100|[from] move: Wish|[wisher] umby wumby
|upkeep
|turn|18
|l|☆miaomu雾切响子的狗捏
|inactive|miaomu雾切响子的狗捏 disconnected and has a minute to reconnect!
|player|p2|
|j|☆miaomu雾切响子的狗捏
|inactive|miaomu雾切响子的狗捏 reconnected and has 115 seconds left.
|player|p2|miaomu雾切响子的狗捏|wallace
|
|t:|1660093843
|move|p2a: Stakataka|Gyro Ball|p1a: umby wumby
|-damage|p1a: umby wumby|56/100
|move|p1a: umby wumby|Wish|p1a: umby wumby
|
|-heal|p1a: umby wumby|62/100|[from] item: Leftovers
|upkeep
|turn|19
|
|t:|1660093852
|switch|p2a: Porygon2|Porygon2|76/100
|-damage|p2a: Porygon2|64/100|[from] Stealth Rock
|-ability|p2a: Porygon2|Synchronize|[from] ability: Trace|[of] p1a: umby wumby
|move|p1a: umby wumby|Foul Play|p2a: Porygon2
|-damage|p2a: Porygon2|52/100
|
|-heal|p1a: umby wumby|100/100|[from] move: Wish|[wisher] umby wumby
|-fieldend|move: Trick Room
|upkeep
|turn|20
|
|t:|1660093859
|move|p1a: umby wumby|Wish|p1a: umby wumby
|move|p2a: Porygon2|Tri Attack|p1a: umby wumby
|-damage|p1a: umby wumby|80/100
|
|-heal|p1a: umby wumby|86/100|[from] item: Leftovers
|upkeep
|turn|21
|
|t:|1660093870
|switch|p1a: tang ur wang|Tangrowth, M|44/100
|-damage|p1a: tang ur wang|31/100|[from] Stealth Rock
|move|p2a: Porygon2|Recover|p2a: Porygon2
|-heal|p2a: Porygon2|100/100
|
|-heal|p1a: tang ur wang|79/100|[from] move: Wish|[wisher] umby wumby
|upkeep
|turn|22
|
|t:|1660093879
|switch|p1a: umby wumby|Umbreon, M|86/100
|-damage|p1a: umby wumby|74/100|[from] Stealth Rock
|move|p2a: Porygon2|Trick Room|p2a: Porygon2
|-fieldstart|move: Trick Room|[of] p2a: Porygon2
|
|-heal|p1a: umby wumby|80/100|[from] item: Leftovers
|upkeep
|turn|23
|
|t:|1660093888
|move|p1a: umby wumby|Wish|p1a: umby wumby
|move|p2a: Porygon2|Teleport|p2a: Porygon2
|
|t:|1660093894
|switch|p2a: Conkeldurr|Conkeldurr, F|34/100 brn|[from]move: Teleport
|-damage|p2a: Conkeldurr|28/100 brn|[from] Stealth Rock
|
|-heal|p1a: umby wumby|86/100|[from] item: Leftovers
|-damage|p2a: Conkeldurr|22/100 brn|[from] brn
|upkeep
|turn|24
|
|t:|1660093901
|switch|p1a: tang ur wang|Tangrowth, M|100/100
|-damage|p1a: tang ur wang|88/100|[from] Stealth Rock
|move|p2a: Conkeldurr|Facade|p1a: tang ur wang
|-damage|p1a: tang ur wang|31/100
|
|-heal|p1a: tang ur wang|79/100|[from] move: Wish|[wisher] umby wumby
|-damage|p2a: Conkeldurr|16/100 brn|[from] brn
|upkeep
|turn|25
|
|t:|1660093909
|move|p2a: Conkeldurr|Close Combat|p1a: tang ur wang
|-damage|p1a: tang ur wang|0 fnt
|-unboost|p2a: Conkeldurr|def|1
|-unboost|p2a: Conkeldurr|spd|1
|faint|p1a: tang ur wang
|
|-damage|p2a: Conkeldurr|10/100 brn|[from] brn
|upkeep
|
|t:|1660093919
|switch|p1a: umby wumby|Umbreon, M|86/100
|-damage|p1a: umby wumby|74/100|[from] Stealth Rock
|turn|26
|
|t:|1660093924
|move|p1a: umby wumby|Protect|p1a: umby wumby
|-singleturn|p1a: umby wumby|Protect
|move|p2a: Conkeldurr|Close Combat|p1a: umby wumby
|-activate|p1a: umby wumby|move: Protect
|
|-heal|p1a: umby wumby|80/100|[from] item: Leftovers
|-damage|p2a: Conkeldurr|4/100 brn|[from] brn
|-fieldend|move: Trick Room
|upkeep
|turn|27
|
|t:|1660093928
|move|p1a: umby wumby|Foul Play|p2a: Conkeldurr
|-resisted|p2a: Conkeldurr
|-damage|p2a: Conkeldurr|0 fnt
|faint|p2a: Conkeldurr
|
|-heal|p1a: umby wumby|86/100|[from] item: Leftovers
|upkeep
|
|t:|1660093931
|switch|p2a: Porygon2|Porygon2|100/100
|-damage|p2a: Porygon2|88/100|[from] Stealth Rock
|-ability|p2a: Porygon2|Synchronize|[from] ability: Trace|[of] p1a: umby wumby
|turn|28
|
|t:|1660093934
|move|p1a: umby wumby|Wish|p1a: umby wumby
|move|p2a: Porygon2|Trick Room|p2a: Porygon2
|-fieldstart|move: Trick Room|[of] p2a: Porygon2
|
|-heal|p1a: umby wumby|92/100|[from] item: Leftovers
|upkeep
|turn|29
|
|t:|1660093944
|switch|p1a: scary airy|Salamence, F|76/100
|-damage|p1a: scary airy|52/100|[from] Stealth Rock
|-ability|p1a: scary airy|Intimidate|boost
|-unboost|p2a: Porygon2|atk|1
|move|p2a: Porygon2|Teleport|p2a: Porygon2
|
|t:|1660093948
|switch|p2a: Crawdaunt|Crawdaunt, M|100/100|[from]move: Teleport
|-damage|p2a: Crawdaunt|88/100|[from] Stealth Rock
|
|-heal|p1a: scary airy|100/100|[from] move: Wish|[wisher] umby wumby
|upkeep
|turn|30
|
|t:|1660093953
|move|p2a: Crawdaunt|Swords Dance|p2a: Crawdaunt
|-boost|p2a: Crawdaunt|atk|2
|move|p1a: scary airy|Toxic|p2a: Crawdaunt
|-status|p2a: Crawdaunt|tox
|
|-damage|p2a: Crawdaunt|82/100 tox|[from] psn
|upkeep
|turn|31
|
|t:|1660093970
|switch|p1a: poggy froggy|Quagsire, F|100/100
|-damage|p1a: poggy froggy|94/100|[from] Stealth Rock
|move|p2a: Crawdaunt|Knock Off|p1a: poggy froggy
|-damage|p1a: poggy froggy|14/100
|-enditem|p1a: poggy froggy|Leftovers|[from] move: Knock Off|[of] p2a: Crawdaunt
|-damage|p2a: Crawdaunt|72/100 tox|[from] item: Life Orb
|
|-damage|p2a: Crawdaunt|60/100 tox|[from] psn
|upkeep
|turn|32
|
|t:|1660093982
|move|p2a: Crawdaunt|Aqua Jet|p1a: poggy froggy
|-damage|p1a: poggy froggy|0 fnt
|faint|p1a: poggy froggy
|-damage|p2a: Crawdaunt|50/100 tox|[from] item: Life Orb
|
|-damage|p2a: Crawdaunt|32/100 tox|[from] psn
|-fieldend|move: Trick Room
|upkeep
|c| Hydreigon > Latias|pif why u losing to daunt
|
|t:|1660093993
|switch|p1a: umby wumby|Umbreon, M|92/100
|-damage|p1a: umby wumby|80/100|[from] Stealth Rock
|turn|33
|
|t:|1660094004
|switch|p2a: Cresselia|Cresselia, F|100/100
|-damage|p2a: Cresselia|88/100|[from] Stealth Rock
|move|p1a: umby wumby|Foul Play|p2a: Cresselia
|-supereffective|p2a: Cresselia
|-damage|p2a: Cresselia|65/100
|
|-heal|p1a: umby wumby|86/100|[from] item: Leftovers
|upkeep
|turn|34
|
|t:|1660094013
|move|p1a: umby wumby|Foul Play|p2a: Cresselia
|-supereffective|p2a: Cresselia
|-damage|p2a: Cresselia|41/100
|move|p2a: Cresselia|Trick Room|p2a: Cresselia
|-fieldstart|move: Trick Room|[of] p2a: Cresselia
|
|-heal|p1a: umby wumby|92/100|[from] item: Leftovers
|upkeep
|turn|35
|
|t:|1660094020
|move|p2a: Cresselia|Lunar Dance|p2a: Cresselia
|faint|p2a: Cresselia
|move|p1a: umby wumby|Wish|p1a: umby wumby
|
|-heal|p1a: umby wumby|98/100|[from] item: Leftovers
|upkeep
|
|t:|1660094022
|switch|p2a: Crawdaunt|Crawdaunt, M|32/100 tox
|-heal|p2a: Crawdaunt|100/100|[from] move: Lunar Dance
|-damage|p2a: Crawdaunt|88/100|[from] Stealth Rock
|turn|36
|j| Starfall
|
|t:|1660094025
|move|p2a: Crawdaunt|Swords Dance|p2a: Crawdaunt
|-boost|p2a: Crawdaunt|atk|2
|move|p1a: umby wumby|Foul Play|p2a: Crawdaunt
|-resisted|p2a: Crawdaunt
|-damage|p2a: Crawdaunt|22/100
|
|-heal|p1a: umby wumby|100/100|[from] move: Wish|[wisher] umby wumby
|upkeep
|turn|37
|
|t:|1660094034
|move|p1a: umby wumby|Protect|p1a: umby wumby
|-singleturn|p1a: umby wumby|Protect
|move|p2a: Crawdaunt|Crabhammer|p1a: umby wumby
|-activate|p1a: umby wumby|move: Protect
|
|upkeep
|turn|38
|c|☆miaomu雾切响子的狗捏|what?
|
|t:|1660094059
|switch|p1a: scary airy|Salamence, F|100/100
|-damage|p1a: scary airy|76/100|[from] Stealth Rock
|-ability|p1a: scary airy|Intimidate|boost
|-unboost|p2a: Crawdaunt|atk|1
|move|p2a: Crawdaunt|Crabhammer|p1a: scary airy
|-resisted|p1a: scary airy
|-damage|p1a: scary airy|13/100
|-damage|p2a: Crawdaunt|12/100|[from] item: Life Orb
|
|-fieldend|move: Trick Room
|upkeep
|turn|39
|
|t:|1660094064
|move|p2a: Crawdaunt|Aqua Jet|p1a: scary airy
|-resisted|p1a: scary airy
|-damage|p1a: scary airy|0 fnt
|faint|p1a: scary airy
|-damage|p2a: Crawdaunt|2/100|[from] item: Life Orb
|
|upkeep
|
|t:|1660094067
|switch|p1a: umby wumby|Umbreon, M|100/100
|-damage|p1a: umby wumby|88/100|[from] Stealth Rock
|turn|40
|
|t:|1660094074
|move|p1a: umby wumby|Foul Play|p2a: Crawdaunt
|-resisted|p2a: Crawdaunt
|-damage|p2a: Crawdaunt|0 fnt
|faint|p2a: Crawdaunt
|
|-heal|p1a: umby wumby|94/100|[from] item: Leftovers
|upkeep
|
|t:|1660094077
|switch|p2a: Porygon2|Porygon2|88/100
|-damage|p2a: Porygon2|76/100|[from] Stealth Rock
|-ability|p2a: Porygon2|Synchronize|[from] ability: Trace|[of] p1a: umby wumby
|turn|41
|
|t:|1660094084
|switch|p1a: megan the eggin|Chansey, F|100/100
|-damage|p1a: megan the eggin|88/100|[from] Stealth Rock
|move|p2a: Porygon2|Trick Room|p2a: Porygon2
|-fieldstart|move: Trick Room|[of] p2a: Porygon2
|
|upkeep
|turn|42
|
|t:|1660094090
|switch|p1a: umby wumby|Umbreon, M|94/100
|-damage|p1a: umby wumby|82/100|[from] Stealth Rock
|move|p2a: Porygon2|Teleport|p2a: Porygon2
|
|t:|1660094092
|switch|p2a: Marowak|Marowak-Alola, M|100/100|[from]move: Teleport
|-damage|p2a: Marowak|75/100|[from] Stealth Rock
|
|-heal|p1a: umby wumby|88/100|[from] item: Leftovers
|upkeep
|turn|43
|
|t:|1660094100
|switch|p2a: Porygon2|Porygon2|76/100
|-damage|p2a: Porygon2|64/100|[from] Stealth Rock
|-ability|p2a: Porygon2|Synchronize|[from] ability: Trace|[of] p1a: umby wumby
|move|p1a: umby wumby|Foul Play|p2a: Porygon2
|-damage|p2a: Porygon2|54/100
|
|-heal|p1a: umby wumby|94/100|[from] item: Leftovers
|upkeep
|turn|44
|
|t:|1660094105
|switch|p1a: megan the eggin|Chansey, F|88/100
|-damage|p1a: megan the eggin|76/100|[from] Stealth Rock
|move|p2a: Porygon2|Recover|p2a: Porygon2
|-heal|p2a: Porygon2|100/100
|
|upkeep
|turn|45
|
|t:|1660094110
|move|p1a: megan the eggin|Toxic|p2a: Porygon2
|-status|p2a: Porygon2|tox
|-activate|p2a: Porygon2|ability: Synchronize
|-status|p1a: megan the eggin|tox
|move|p2a: Porygon2|Teleport|p2a: Porygon2
|
|t:|1660094112
|switch|p2a: Marowak|Marowak-Alola, M|75/100|[from]move: Teleport
|-damage|p2a: Marowak|50/100|[from] Stealth Rock
|
|-damage|p1a: megan the eggin|70/100 tox|[from] psn
|-fieldend|move: Trick Room
|upkeep
|turn|46
|
|t:|1660094136
|move|p1a: megan the eggin|Toxic|p2a: Marowak
|-status|p2a: Marowak|tox
|move|p2a: Marowak|Flare Blitz|p1a: megan the eggin
|-damage|p1a: megan the eggin|2/100 tox
|
|-damage|p1a: megan the eggin|0 fnt|[from] psn
|faint|p1a: megan the eggin
|-damage|p2a: Marowak|44/100 tox|[from] psn
|upkeep
|
|t:|1660094139
|switch|p1a: umby wumby|Umbreon, M|94/100
|-damage|p1a: umby wumby|82/100|[from] Stealth Rock
|turn|47
|
|t:|1660094145
|switch|p2a: Porygon2|Porygon2|100/100 tox
|-damage|p2a: Porygon2|88/100 tox|[from] Stealth Rock
|-ability|p2a: Porygon2|Synchronize|[from] ability: Trace|[of] p1a: umby wumby
|move|p1a: umby wumby|Foul Play|p2a: Porygon2
|-damage|p2a: Porygon2|78/100 tox
|
|-heal|p1a: umby wumby|88/100|[from] item: Leftovers
|-damage|p2a: Porygon2|72/100 tox|[from] psn
|upkeep
|turn|48
|
|t:|1660094149
|move|p1a: umby wumby|Wish|p1a: umby wumby
|move|p2a: Porygon2|Trick Room|p2a: Porygon2
|-fieldstart|move: Trick Room|[of] p2a: Porygon2
|
|-heal|p1a: umby wumby|94/100|[from] item: Leftovers
|-damage|p2a: Porygon2|60/100 tox|[from] psn
|upkeep
|turn|49
|
|t:|1660094154
|move|p1a: umby wumby|Foul Play|p2a: Porygon2
|-damage|p2a: Porygon2|48/100 tox
|move|p2a: Porygon2|Teleport|p2a: Porygon2
|
|t:|1660094156
|switch|p2a: Stakataka|Stakataka|60/100|[from]move: Teleport
|-damage|p2a: Stakataka|54/100|[from] Stealth Rock
|
|-heal|p1a: umby wumby|100/100|[from] move: Wish|[wisher] umby wumby
|upkeep
|turn|50
|
|t:|1660094160
|move|p1a: umby wumby|Protect|p1a: umby wumby
|-singleturn|p1a: umby wumby|Protect
|move|p2a: Stakataka|Earthquake|p1a: umby wumby
|-activate|p1a: umby wumby|move: Protect
|
|upkeep
|turn|51
|
|t:|1660094162
|move|p2a: Stakataka|Earthquake|p1a: umby wumby
|-damage|p1a: umby wumby|78/100
|move|p1a: umby wumby|Wish|p1a: umby wumby
|
|-heal|p1a: umby wumby|84/100|[from] item: Leftovers
|upkeep
|turn|52
|
|t:|1660094165
|move|p2a: Stakataka|Gyro Ball|p1a: umby wumby
|-damage|p1a: umby wumby|39/100
|move|p1a: umby wumby|Foul Play|p2a: Stakataka
|-damage|p2a: Stakataka|22/100
|
|-heal|p1a: umby wumby|89/100|[from] move: Wish|[wisher] umby wumby
|-heal|p1a: umby wumby|95/100|[from] item: Leftovers
|-fieldend|move: Trick Room
|upkeep
|turn|53
|
|t:|1660094170
|move|p1a: umby wumby|Foul Play|p2a: Stakataka
|-damage|p2a: Stakataka|0 fnt
|faint|p2a: Stakataka
|
|-heal|p1a: umby wumby|100/100|[from] item: Leftovers
|upkeep
|
|t:|1660094171
|switch|p2a: Porygon2|Porygon2|48/100 tox
|-damage|p2a: Porygon2|36/100 tox|[from] Stealth Rock
|-ability|p2a: Porygon2|Synchronize|[from] ability: Trace|[of] p1a: umby wumby
|turn|54
|
|t:|1660094177
|move|p1a: umby wumby|Foul Play|p2a: Porygon2
|-damage|p2a: Porygon2|26/100 tox
|move|p2a: Porygon2|Recover|p2a: Porygon2
|-heal|p2a: Porygon2|76/100 tox
|
|-damage|p2a: Porygon2|70/100 tox|[from] psn
|upkeep
|turn|55
|
|t:|1660094181
|move|p1a: umby wumby|Foul Play|p2a: Porygon2
|-damage|p2a: Porygon2|58/100 tox
|move|p2a: Porygon2|Recover|p2a: Porygon2
|-heal|p2a: Porygon2|100/100 tox
|
|-damage|p2a: Porygon2|88/100 tox|[from] psn
|upkeep
|turn|56
|
|t:|1660094184
|move|p1a: umby wumby|Foul Play|p2a: Porygon2
|-damage|p2a: Porygon2|76/100 tox
|move|p2a: Porygon2|Trick Room|p2a: Porygon2
|-fieldstart|move: Trick Room|[of] p2a: Porygon2
|
|-damage|p2a: Porygon2|58/100 tox|[from] psn
|upkeep
|turn|57
|
|t:|1660094187
|move|p1a: umby wumby|Wish|p1a: umby wumby
|move|p2a: Porygon2|Teleport|p2a: Porygon2
|
|t:|1660094190
|switch|p2a: Marowak|Marowak-Alola, M|44/100 tox|[from]move: Teleport
|-damage|p2a: Marowak|19/100 tox|[from] Stealth Rock
|
|-damage|p2a: Marowak|13/100 tox|[from] psn
|upkeep
|turn|58
|
|t:|1660094193
|move|p2a: Marowak|Swords Dance|p2a: Marowak
|-boost|p2a: Marowak|atk|2
|move|p1a: umby wumby|Foul Play|p2a: Marowak
|-supereffective|p2a: Marowak
|-damage|p2a: Marowak|0 fnt
|faint|p2a: Marowak
|
|upkeep
|
|t:|1660094196
|switch|p2a: Porygon2|Porygon2|58/100 tox
|-damage|p2a: Porygon2|45/100 tox|[from] Stealth Rock
|-ability|p2a: Porygon2|Synchronize|[from] ability: Trace|[of] p1a: umby wumby
|turn|59
|
|t:|1660094199
|move|p2a: Porygon2|Recover|p2a: Porygon2
|-heal|p2a: Porygon2|95/100 tox
|move|p1a: umby wumby|Foul Play|p2a: Porygon2
|-damage|p2a: Porygon2|85/100 tox
|
|-damage|p2a: Porygon2|79/100 tox|[from] psn
|upkeep
|turn|60
|
|t:|1660094202
|move|p2a: Porygon2|Tri Attack|p1a: umby wumby
|-damage|p1a: umby wumby|81/100
|move|p1a: umby wumby|Foul Play|p2a: Porygon2
|-damage|p2a: Porygon2|68/100 tox
|
|-heal|p1a: umby wumby|87/100|[from] item: Leftovers
|-damage|p2a: Porygon2|56/100 tox|[from] psn
|-fieldend|move: Trick Room
|upkeep
|turn|61
|c|☆miaomu雾切响子的狗捏|gg
|c|☆5 pia to the top|gg
|
|t:|1660094206
|move|p1a: umby wumby|Foul Play|p2a: Porygon2
|-damage|p2a: Porygon2|46/100 tox
|move|p2a: Porygon2|Tri Attack|p1a: umby wumby
|-damage|p1a: umby wumby|68/100
|
|-heal|p1a: umby wumby|74/100|[from] item: Leftovers
|-damage|p2a: Porygon2|28/100 tox|[from] psn
|upkeep
|turn|62
|
|t:|1660094210
|move|p1a: umby wumby|Wish|p1a: umby wumby
|move|p2a: Porygon2|Recover|p2a: Porygon2
|-heal|p2a: Porygon2|78/100 tox
|
|-heal|p1a: umby wumby|80/100|[from] item: Leftovers
|-damage|p2a: Porygon2|53/100 tox|[from] psn
|upkeep
|turn|63
|
|t:|1660094213
|move|p1a: umby wumby|Foul Play|p2a: Porygon2
|-damage|p2a: Porygon2|43/100 tox
|move|p2a: Porygon2|Tri Attack|p1a: umby wumby
|-damage|p1a: umby wumby|59/100
|
|-heal|p1a: umby wumby|100/100|[from] move: Wish|[wisher] umby wumby
|-damage|p2a: Porygon2|12/100 tox|[from] psn
|upkeep
|turn|64
|
|t:|1660094218
|move|p1a: umby wumby|Foul Play|p2a: Porygon2
|-damage|p2a: Porygon2|0 fnt
|faint|p2a: Porygon2
|
|win|5 pia to the top
|raw|5 pia to the top's rating: 1517 &rarr; <strong>1529</strong><br />(+12 for winning)
|raw|miaomu雾切响子的狗捏's rating: 1368 &rarr; <strong>1356</strong><br />(-12 for losing)
|l|☆miaomu雾切响子的狗捏
|l|+avarice
||Ladder isn't responding, score probably updated but might not have (Request timeout).
