|j|☆UUH4MOBY
|j|☆RIZ LA VIE
|player|p1|UUH4MOBY|#somalia|1481
|player|p2|RIZ LA VIE|erika-gen2|1395
|teamsize|p1|6
|teamsize|p2|6
|gametype|singles
|gen|8
|tier|[Gen 8] UU
|rated|
|clearpoke
|poke|p1|Rufflet, M|
|poke|p1|Incineroar, M|
|poke|p1|Rotom-Wash|
|poke|p1|Rillaboom, F|
|poke|p1|Sylveon, F|
|poke|p1|Rhyperior, M|
|poke|p2|Chandelure, F|
|poke|p2|Cobalion|
|poke|p2|Weezing-Galar, M|
|poke|p2|Milotic, F|
|poke|p2|Noivern, F|
|poke|p2|Umbreon, F|
|rule|Sleep Clause Mod: Limit one foe put to sleep
|rule|Species Clause: Limit one of each Pokémon
|rule|OHKO Clause: OHKO moves are banned
|rule|Evasion Moves Clause: Evasion moves are banned
|rule|Endless Battle Clause: Forcing endless battles is banned
|rule|HP Percentage Mod: HP is shown in percentages
|rule|Dynamax Clause: You cannot dynamax
|teampreview
|c|☆UUH4MOBY|hf
|c|☆RIZ LA VIE|u2
|
|start
|switch|p1a: DEVIL'S LANCE|Rhyperior, M|100/100
|switch|p2a: Noivern|Noivern, F|100/100
|turn|1
|
|move|p2a: Noivern|U-turn|p1a: DEVIL'S LANCE
|-crit|p1a: DEVIL'S LANCE
|-damage|p1a: DEVIL'S LANCE|91/100
|
|switch|p2a: Weezing|Weezing-Galar, M|100/100|[from]move: U-turn
|move|p1a: DEVIL'S LANCE|Stealth Rock|p2a: Weezing
|-sidestart|p2: RIZ LA VIE|move: Stealth Rock
|
|-heal|p1a: DEVIL'S LANCE|97/100|[from] item: Leftovers
|upkeep
|turn|2
|
|switch|p1a: MOBY|Rotom-Wash|100/100
|move|p2a: Weezing|Toxic Spikes|p1a: MOBY
|-sidestart|p1: UUH4MOBY|move: Toxic Spikes
|
|upkeep
|turn|3
|
|switch|p2a: Umbreon|Umbreon, F|100/100
|-damage|p2a: Umbreon|88/100|[from] Stealth Rock
|move|p1a: MOBY|Hydro Pump|p2a: Umbreon
|-damage|p2a: Umbreon|67/100
|
|-heal|p2a: Umbreon|73/100|[from] item: Leftovers
|upkeep
|turn|4
|
|move|p1a: MOBY|Defog|p2a: Umbreon
|-unboost|p2a: Umbreon|evasion|1
|-sideend|p2: RIZ LA VIE|Stealth Rock|[from] move: Defog|[of] p1a: MOBY
|-sideend|p1: UUH4MOBY|Toxic Spikes|[from] move: Defog|[of] p1a: MOBY
|move|p2a: Umbreon|Wish|p2a: Umbreon
|
|-heal|p2a: Umbreon|79/100|[from] item: Leftovers
|upkeep
|turn|5
|
|switch|p2a: Weezing|Weezing-Galar, M|100/100
|move|p1a: MOBY|Volt Switch|p2a: Weezing
|-damage|p2a: Weezing|64/100
|
|switch|p1a: HAMMER OF BURMA|Incineroar, M|100/100|[from]move: Volt Switch
|-ability|p1a: HAMMER OF BURMA|Intimidate|boost
|-unboost|p2a: Weezing|atk|1
|
|-heal|p2a: Weezing|100/100|[from] move: Wish|[wisher] Umbreon
|upkeep
|turn|6
|
|move|p1a: HAMMER OF BURMA|Swords Dance|p1a: HAMMER OF BURMA
|-boost|p1a: HAMMER OF BURMA|atk|2
|move|p2a: Weezing|Toxic Spikes|p1a: HAMMER OF BURMA
|-sidestart|p1: UUH4MOBY|move: Toxic Spikes
|
|upkeep
|turn|7
|
|switch|p2a: Milotic|Milotic, F|100/100
|move|p1a: HAMMER OF BURMA|Flare Blitz|p2a: Milotic
|-resisted|p2a: Milotic
|-damage|p2a: Milotic|53/100
|-damage|p1a: HAMMER OF BURMA|82/100|[from] Recoil
|
|-heal|p2a: Milotic|59/100|[from] item: Leftovers
|upkeep
|turn|8
|
|switch|p2a: Cobalion|Cobalion|100/100
|move|p1a: HAMMER OF BURMA|Close Combat|p2a: Cobalion
|-supereffective|p2a: Cobalion
|-damage|p2a: Cobalion|0 fnt
|-unboost|p1a: HAMMER OF BURMA|def|1
|-unboost|p1a: HAMMER OF BURMA|spd|1
|faint|p2a: Cobalion
|
|upkeep
|
|switch|p2a: Noivern|Noivern, F|100/100
|turn|9
|
|switch|p1a: DEVIL'S LANCE|Rhyperior, M|97/100
|-status|p1a: DEVIL'S LANCE|psn
|move|p2a: Noivern|Draco Meteor|p1a: DEVIL'S LANCE
|-damage|p1a: DEVIL'S LANCE|49/100 psn
|-unboost|p2a: Noivern|spa|2
|
|-heal|p1a: DEVIL'S LANCE|56/100 psn|[from] item: Leftovers
|-damage|p1a: DEVIL'S LANCE|43/100 psn|[from] psn
|upkeep
|turn|10
|
|move|p2a: Noivern|U-turn|p1a: DEVIL'S LANCE
|-damage|p1a: DEVIL'S LANCE|36/100 psn
|
|switch|p2a: Chandelure|Chandelure, F|100/100|[from]move: U-turn
|move|p1a: DEVIL'S LANCE|Stealth Rock|p2a: Chandelure
|-sidestart|p2: RIZ LA VIE|move: Stealth Rock
|
|-heal|p1a: DEVIL'S LANCE|42/100 psn|[from] item: Leftovers
|-damage|p1a: DEVIL'S LANCE|30/100 psn|[from] psn
|upkeep
|turn|11
|
|move|p2a: Chandelure|Hex|p1a: DEVIL'S LANCE
|-damage|p1a: DEVIL'S LANCE|0 fnt
|faint|p1a: DEVIL'S LANCE
|
|upkeep
|
|switch|p1a: HAMMER OF BURMA|Incineroar, M|82/100
|-ability|p1a: HAMMER OF BURMA|Intimidate|boost
|-unboost|p2a: Chandelure|atk|1
|turn|12
|
|move|p2a: Chandelure|Toxic|p1a: HAMMER OF BURMA
|-status|p1a: HAMMER OF BURMA|tox
|move|p1a: HAMMER OF BURMA|Swords Dance|p1a: HAMMER OF BURMA
|-boost|p1a: HAMMER OF BURMA|atk|2
|
|-damage|p1a: HAMMER OF BURMA|76/100 tox|[from] psn
|upkeep
|turn|13
|
|move|p2a: Chandelure|Protect|p2a: Chandelure
|-singleturn|p2a: Chandelure|Protect
|move|p1a: HAMMER OF BURMA|Knock Off|p2a: Chandelure
|-activate|p2a: Chandelure|move: Protect
|
|-damage|p1a: HAMMER OF BURMA|64/100 tox|[from] psn
|upkeep
|turn|14
|
|move|p2a: Chandelure|Hex|p1a: HAMMER OF BURMA
|-resisted|p1a: HAMMER OF BURMA
|-damage|p1a: HAMMER OF BURMA|24/100 tox
|move|p1a: HAMMER OF BURMA|Knock Off|p2a: Chandelure
|-supereffective|p2a: Chandelure
|-damage|p2a: Chandelure|0 fnt
|-enditem|p2a: Chandelure|Heavy-Duty Boots|[from] move: Knock Off|[of] p1a: HAMMER OF BURMA
|faint|p2a: Chandelure
|
|-damage|p1a: HAMMER OF BURMA|6/100 tox|[from] psn
|upkeep
|
|switch|p2a: Noivern|Noivern, F|100/100
|turn|15
|
|switch|p1a: MOBY|Rotom-Wash|100/100
|move|p2a: Noivern|Flamethrower|p1a: MOBY
|-resisted|p1a: MOBY
|-damage|p1a: MOBY|86/100
|
|-heal|p1a: MOBY|92/100|[from] item: Leftovers
|upkeep
|turn|16
|
|move|p2a: Noivern|Draco Meteor|p1a: MOBY
|-damage|p1a: MOBY|38/100
|-unboost|p2a: Noivern|spa|2
|move|p1a: MOBY|Pain Split|p2a: Noivern
|-sethp|p2a: Noivern|69/100|[from] move: Pain Split|[silent]
|-sethp|p1a: MOBY|70/100|[from] move: Pain Split
|
|-heal|p1a: MOBY|76/100|[from] item: Leftovers
|upkeep
|turn|17
|
|move|p2a: Noivern|U-turn|p1a: MOBY
|-damage|p1a: MOBY|67/100
|
|switch|p2a: Weezing|Weezing-Galar, M|100/100|[from]move: U-turn
|-damage|p2a: Weezing|88/100|[from] Stealth Rock
|move|p1a: MOBY|Defog|p2a: Weezing
|-unboost|p2a: Weezing|evasion|1
|-sideend|p2: RIZ LA VIE|Stealth Rock|[from] move: Defog|[of] p1a: MOBY
|-sideend|p1: UUH4MOBY|Toxic Spikes|[from] move: Defog|[of] p1a: MOBY
|
|-heal|p1a: MOBY|74/100|[from] item: Leftovers
|-heal|p2a: Weezing|94/100|[from] item: Black Sludge
|upkeep
|turn|18
|
|move|p1a: MOBY|Hydro Pump|p2a: Weezing
|-damage|p2a: Weezing|42/100
|move|p2a: Weezing|Sludge Bomb|p1a: MOBY
|-damage|p1a: MOBY|32/100
|
|-heal|p1a: MOBY|38/100|[from] item: Leftovers
|-heal|p2a: Weezing|48/100|[from] item: Black Sludge
|upkeep
|turn|19
|
|switch|p2a: Umbreon|Umbreon, F|79/100
|move|p1a: MOBY|Hydro Pump|p2a: Umbreon
|-damage|p2a: Umbreon|58/100
|
|-heal|p1a: MOBY|44/100|[from] item: Leftovers
|-heal|p2a: Umbreon|64/100|[from] item: Leftovers
|upkeep
|turn|20
|
|move|p1a: MOBY|Volt Switch|p2a: Umbreon
|-damage|p2a: Umbreon|50/100
|
|switch|p1a: LET'S FLY|Rufflet, M|100/100|[from]move: Volt Switch
|move|p2a: Umbreon|Wish|p2a: Umbreon
|
|-heal|p2a: Umbreon|57/100|[from] item: Leftovers
|upkeep
|turn|21
|
|switch|p2a: Milotic|Milotic, F|59/100
|move|p1a: LET'S FLY|Brave Bird|p2a: Milotic
|-damage|p2a: Milotic|0 fnt
|-damage|p1a: LET'S FLY|73/100|[from] Recoil
|faint|p2a: Milotic
|
|upkeep
|
|switch|p2a: Noivern|Noivern, F|69/100
|turn|22
|
|switch|p1a: FAIRY FIRE|Sylveon, F|100/100
|move|p2a: Noivern|Draco Meteor|p1a: FAIRY FIRE
|-immune|p1a: FAIRY FIRE
|
|upkeep
|turn|23
|
|move|p2a: Noivern|U-turn|p1a: FAIRY FIRE
|-resisted|p1a: FAIRY FIRE
|-damage|p1a: FAIRY FIRE|93/100
|
|switch|p2a: Weezing|Weezing-Galar, M|48/100|[from]move: U-turn
|move|p1a: FAIRY FIRE|Hyper Voice|p2a: Weezing
|-resisted|p2a: Weezing
|-damage|p2a: Weezing|0 fnt
|faint|p2a: Weezing
|
|upkeep
|-message|RIZ LA VIE forfeited.
|
|win|UUH4MOBY
|l|☆RIZ LA VIE
||Ladder (probably) updated, but score could not be retrieved (Response not received).
