|j|☆Foxline
|j|☆Firquen
|t:|1596859044
|player|p1|Foxline|266|1461
|player|p2|Firquen|grimsley|1372
|teamsize|p1|6
|teamsize|p2|6
|gametype|singles
|gen|8
|tier|[Gen 8] UU
|rated|
|clearpoke
|poke|p1|Scyther, M|
|poke|p1|Polteageist|
|poke|p1|Skarmory, F|
|poke|p1|Incineroar, F|
|poke|p1|Rotom-Wash|
|poke|p1|Gastrodon, F|
|poke|p2|Sharpedo, M|
|poke|p2|Lycanroc-Dusk, F|
|poke|p2|Mimikyu, F|
|poke|p2|Cobalion|
|poke|p2|Starmie|
|poke|p2|Kyurem|
|rule|Sleep Clause Mod: Limit one foe put to sleep
|rule|Species Clause: Limit one of each Pokémon
|rule|OHKO Clause: OHKO moves are banned
|rule|Evasion Moves Clause: Evasion moves are banned
|rule|Endless Battle Clause: Forcing endless battles is banned
|rule|HP Percentage Mod: HP is shown in percentages
|rule|Dynamax Clause: You cannot dynamax
|teampreview
|inactive|Battle timer is ON: inactive players will automatically lose when time's up. (requested by Foxline)
|
|t:|1596859077
|start
|switch|p1a: Rotom|Rotom-Wash|100/100
|switch|p2a: Lycanroc|Lycanroc-Dusk, F|100/100
|turn|1
|
|t:|1596859082
|move|p1a: Rotom|Hydro Pump|p2a: Lycanroc
|-supereffective|p2a: Lycanroc
|-enditem|p2a: Lycanroc|Focus Sash
|-damage|p2a: Lycanroc|1/100
|move|p2a: Lycanroc|Rock Tomb|p1a: Rotom
|-damage|p1a: Rotom|64/100
|-unboost|p1a: Rotom|spe|1
|
|upkeep
|turn|2
|
|t:|1596859100
|switch|p1a: Skarmory|Skarmory, F|100/100
|move|p2a: Lycanroc|Stealth Rock|p1a: Skarmory
|-sidestart|p1: Foxline|move: Stealth Rock
|
|upkeep
|turn|3
|
|t:|1596859115
|move|p2a: Lycanroc|Taunt|p1a: Skarmory
|-start|p1a: Skarmory|move: Taunt
|cant|p1a: Skarmory|move: Taunt|Defog
|
|upkeep
|turn|4
|
|t:|1596859118
|move|p2a: Lycanroc|Rock Tomb|p1a: Skarmory
|-damage|p1a: Skarmory|83/100
|-unboost|p1a: Skarmory|spe|1
|move|p1a: Skarmory|Body Press|p2a: Lycanroc
|-supereffective|p2a: Lycanroc
|-damage|p2a: Lycanroc|0 fnt
|faint|p2a: Lycanroc
|
|upkeep
|
|t:|1596859121
|switch|p2a: Starmie|Starmie|100/100
|turn|5
|
|t:|1596859125
|switch|p1a: Gastrodon|Gastrodon, F|100/100
|-damage|p1a: Gastrodon|94/100|[from] Stealth Rock
|move|p2a: Starmie|Thunderbolt|p1a: Gastrodon
|-immune|p1a: Gastrodon
|
|-heal|p1a: Gastrodon|100/100|[from] item: Leftovers
|upkeep
|turn|6
|
|t:|1596859135
|move|p2a: Starmie|Ice Beam|p1a: Gastrodon
|-damage|p1a: Gastrodon|78/100
|-status|p1a: Gastrodon|frz
|cant|p1a: Gastrodon|frz
|
|-heal|p1a: Gastrodon|84/100 frz|[from] item: Leftovers
|upkeep
|turn|7
|
|t:|1596859142
|switch|p2a: Kyurem|Kyurem|100/100
|-ability|p2a: Kyurem|Pressure
|cant|p1a: Gastrodon|frz
|
|-heal|p1a: Gastrodon|90/100 frz|[from] item: Leftovers
|upkeep
|turn|8
|
|t:|1596859154
|switch|p1a: Skarmory|Skarmory, F|83/100
|-damage|p1a: Skarmory|70/100|[from] Stealth Rock
|move|p2a: Kyurem|Earth Power|p1a: Skarmory
|-immune|p1a: Skarmory
|
|upkeep
|turn|9
|
|t:|1596859166
|switch|p2a: Starmie|Starmie|100/100
|move|p1a: Skarmory|Defog|p2a: Starmie
|-unboost|p2a: Starmie|evasion|1
|-sideend|p1: Foxline|Stealth Rock|[from] move: Defog|[of] p1a: Skarmory
|
|upkeep
|turn|10
|
|t:|1596859173
|switch|p1a: Gastrodon|Gastrodon, F|90/100 frz
|move|p2a: Starmie|Thunderbolt|p1a: Gastrodon
|-immune|p1a: Gastrodon
|
|-heal|p1a: Gastrodon|96/100 frz|[from] item: Leftovers
|upkeep
|turn|11
|
|t:|1596859177
|move|p2a: Starmie|Psychic|p1a: Gastrodon
|-damage|p1a: Gastrodon|64/100 frz
|cant|p1a: Gastrodon|frz
|
|-heal|p1a: Gastrodon|70/100 frz|[from] item: Leftovers
|upkeep
|turn|12
|
|t:|1596859180
|switch|p2a: Kyurem|Kyurem|100/100
|-ability|p2a: Kyurem|Pressure
|cant|p1a: Gastrodon|frz
|
|-heal|p1a: Gastrodon|76/100 frz|[from] item: Leftovers
|upkeep
|turn|13
|
|t:|1596859187
|switch|p1a: Skarmory|Skarmory, F|70/100
|move|p2a: Kyurem|Freeze-Dry|p1a: Skarmory
|-damage|p1a: Skarmory|0 fnt
|faint|p1a: Skarmory
|
|upkeep
|
|t:|1596859198
|switch|p1a: Rotom|Rotom-Wash|64/100
|turn|14
|
|t:|1596859200
|move|p1a: Rotom|Volt Switch|p2a: Kyurem
|-resisted|p2a: Kyurem
|-crit|p2a: Kyurem
|-damage|p2a: Kyurem|80/100
|
|t:|1596859202
|switch|p1a: Incineroar|Incineroar, F|100/100|[from]move: Volt Switch
|-ability|p1a: Incineroar|Intimidate|boost
|-unboost|p2a: Kyurem|atk|1
|move|p2a: Kyurem|Freeze-Dry|p1a: Incineroar
|-resisted|p1a: Incineroar
|-damage|p1a: Incineroar|85/100
|
|upkeep
|turn|15
|
|t:|1596859209
|switch|p2a: Cobalion|Cobalion|100/100
|move|p1a: Incineroar|Fake Out|p2a: Cobalion
|-resisted|p2a: Cobalion
|-damage|p2a: Cobalion|95/100
|
|-heal|p2a: Cobalion|100/100|[from] item: Leftovers
|upkeep
|turn|16
|
|t:|1596859219
|switch|p1a: Gastrodon|Gastrodon, F|76/100 frz
|move|p2a: Cobalion|Iron Head|p1a: Gastrodon
|-resisted|p1a: Gastrodon
|-damage|p1a: Gastrodon|54/100 frz
|
|-heal|p1a: Gastrodon|60/100 frz|[from] item: Leftovers
|upkeep
|turn|17
|
|t:|1596859221
|move|p2a: Cobalion|Swords Dance|p2a: Cobalion
|-boost|p2a: Cobalion|atk|2
|cant|p1a: Gastrodon|frz
|
|-heal|p1a: Gastrodon|66/100 frz|[from] item: Leftovers
|upkeep
|turn|18
|
|t:|1596859223
|move|p2a: Cobalion|Close Combat|p1a: Gastrodon
|-damage|p1a: Gastrodon|0 fnt
|-unboost|p2a: Cobalion|def|1
|-unboost|p2a: Cobalion|spd|1
|faint|p1a: Gastrodon
|
|upkeep
|
|t:|1596859249
|switch|p1a: Scyther|Scyther, M|100/100
|turn|19
|
|t:|1596859266
|switch|p2a: Starmie|Starmie|100/100
|move|p1a: Scyther|Dual Wingbeat|p2a: Starmie
|-damage|p2a: Starmie|59/100
|-damage|p2a: Starmie|18/100
|-hitcount|p2a: Starmie|2
|
|upkeep
|turn|20
|
|t:|1596859275
|switch|p1a: Rotom|Rotom-Wash|64/100
|move|p2a: Starmie|Ice Beam|p1a: Rotom
|-resisted|p1a: Rotom
|-damage|p1a: Rotom|46/100
|
|upkeep
|turn|21
|
|t:|1596859278
|move|p1a: Rotom|Volt Switch|p2a: Starmie
|-supereffective|p2a: Starmie
|-damage|p2a: Starmie|0 fnt
|faint|p2a: Starmie
|
|t:|1596859282
|switch|p1a: Scyther|Scyther, M|100/100|[from]move: Volt Switch
|
|upkeep
|
|t:|1596859301
|switch|p2a: Kyurem|Kyurem|80/100
|-ability|p2a: Kyurem|Pressure
|turn|22
|
|t:|1596859327
|switch|p1a: Incineroar|Incineroar, F|85/100
|-ability|p1a: Incineroar|Intimidate|boost
|-unboost|p2a: Kyurem|atk|1
|move|p2a: Kyurem|Ice Beam|p1a: Incineroar
|-resisted|p1a: Incineroar
|-damage|p1a: Incineroar|66/100
|-status|p1a: Incineroar|frz
|
|upkeep
|turn|23
|c|☆Firquen|WHAT
|c|☆Firquen|i'm
|c|☆Firquen|really sorry
|
|t:|1596859342
|switch|p2a: Cobalion|Cobalion|100/100
|cant|p1a: Incineroar|frz
|
|upkeep
|turn|24
|
|t:|1596859351
|move|p2a: Cobalion|Close Combat|p1a: Incineroar
|-supereffective|p1a: Incineroar
|-damage|p1a: Incineroar|0 fnt
|-unboost|p2a: Cobalion|def|1
|-unboost|p2a: Cobalion|spd|1
|faint|p1a: Incineroar
|
|upkeep
|
|t:|1596859354
|switch|p1a: Scyther|Scyther, M|100/100
|turn|25
|
|t:|1596859362
|move|p2a: Cobalion|Close Combat|p1a: Scyther
|-resisted|p1a: Scyther
|-damage|p1a: Scyther|89/100
|-unboost|p2a: Cobalion|def|1
|-unboost|p2a: Cobalion|spd|1
|move|p1a: Scyther|Dual Wingbeat|p2a: Cobalion
|-damage|p2a: Cobalion|51/100
|-damage|p2a: Cobalion|8/100
|-hitcount|p2a: Cobalion|2
|
|-heal|p2a: Cobalion|14/100|[from] item: Leftovers
|upkeep
|turn|26
|
|t:|1596859372
|move|p2a: Cobalion|Iron Head|p1a: Scyther
|-damage|p1a: Scyther|57/100
|move|p1a: Scyther|Dual Wingbeat|p2a: Cobalion
|-damage|p2a: Cobalion|0 fnt
|-hitcount|p2a: Cobalion|1
|faint|p2a: Cobalion
|
|upkeep
|
|t:|1596859378
|switch|p2a: Sharpedo|Sharpedo, M|100/100
|turn|27
|
|t:|1596859381
|move|p2a: Sharpedo|Protect|p2a: Sharpedo
|-singleturn|p2a: Sharpedo|Protect
|move|p1a: Scyther|Roost|p1a: Scyther
|-heal|p1a: Scyther|100/100
|-singleturn|p1a: Scyther|move: Roost
|
|-ability|p2a: Sharpedo|Speed Boost|boost
|-boost|p2a: Sharpedo|spe|1
|upkeep
|turn|28
|
|t:|1596859384
|move|p2a: Sharpedo|Liquidation|p1a: Scyther
|-damage|p1a: Scyther|40/100
|-unboost|p1a: Scyther|def|1
|-damage|p2a: Sharpedo|91/100|[from] item: Life Orb
|move|p1a: Scyther|Dual Wingbeat|p2a: Sharpedo
|-damage|p2a: Sharpedo|24/100
|-damage|p2a: Sharpedo|0 fnt
|-hitcount|p2a: Sharpedo|2
|faint|p2a: Sharpedo
|
|upkeep
|
|t:|1596859395
|switch|p2a: Mimikyu|Mimikyu, F|100/100
|turn|29
|
|t:|1596859401
|switch|p1a: Rotom|Rotom-Wash|46/100
|move|p2a: Mimikyu|Shadow Sneak|p1a: Rotom
|-damage|p1a: Rotom|17/100
|-damage|p2a: Mimikyu|91/100|[from] item: Life Orb
|
|upkeep
|turn|30
|
|t:|1596859409
|move|p2a: Mimikyu|Shadow Sneak|p1a: Rotom
|-damage|p1a: Rotom|0 fnt
|-damage|p2a: Mimikyu|81/100|[from] item: Life Orb
|faint|p1a: Rotom
|
|upkeep
|
|t:|1596859411
|switch|p1a: Scyther|Scyther, M|40/100
|turn|31
|
|t:|1596859413
|move|p2a: Mimikyu|Shadow Sneak|p1a: Scyther
|-damage|p1a: Scyther|21/100
|-damage|p2a: Mimikyu|71/100|[from] item: Life Orb
|move|p1a: Scyther|Dual Wingbeat|p2a: Mimikyu
|-activate|p2a: Mimikyu|ability: Disguise
|-damage|p2a: Mimikyu|71/100
|detailschange|p2a: Mimikyu|Mimikyu-Busted, F
|-damage|p2a: Mimikyu|58/100|[from] pokemon: Mimikyu-Busted
|-damage|p2a: Mimikyu|9/100
|-hitcount|p2a: Mimikyu|2
|
|upkeep
|turn|32
|
|t:|1596859436
|move|p2a: Mimikyu|Shadow Sneak|p1a: Scyther
|-damage|p1a: Scyther|0 fnt
|-damage|p2a: Mimikyu|0 fnt|[from] item: Life Orb
|faint|p1a: Scyther
|faint|p2a: Mimikyu
|
|upkeep
|
|t:|1596859439
|switch|p1a: Polteageist|Polteageist|100/100
|switch|p2a: Kyurem|Kyurem|80/100
|-ability|p2a: Kyurem|Pressure
|turn|33
|
|t:|1596859442
|move|p2a: Kyurem|Ice Beam|p1a: Polteageist
|-damage|p1a: Polteageist|23/100
|-start|p2a: Kyurem|Disable|Ice Beam|[from] ability: Cursed Body|[of] p1a: Polteageist
|move|p1a: Polteageist|Shell Smash|p1a: Polteageist
|-unboost|p1a: Polteageist|def|1
|-unboost|p1a: Polteageist|spd|1
|-boost|p1a: Polteageist|atk|2
|-boost|p1a: Polteageist|spa|2
|-boost|p1a: Polteageist|spe|2
|
|upkeep
|turn|34
|
|t:|1596859448
|move|p1a: Polteageist|Stored Power|p2a: Kyurem
|-damage|p2a: Kyurem|0 fnt
|faint|p2a: Kyurem
|
|win|Foxline
|l|☆Firquen
|raw|Foxline's rating: 1461 &rarr; <strong>1476</strong><br />(+15 for winning)
|raw|Firquen's rating: 1372 &rarr; <strong>1357</strong><br />(-15 for losing)
|c|☆Foxline|Gg
|j| DICE.54
|l| DICE.54
|j| DICE.54
|l| DICE.54
