|j|☆Trogba Trogba
|j|☆tufft
|player|p1|Trogba Trogba|lance|1493
|player|p2|tufft|#nerd|1286
|teamsize|p1|6
|teamsize|p2|6
|gametype|singles
|gen|8
|tier|[Gen 8] UU
|rated|
|clearpoke
|poke|p1|Aegislash, F|
|poke|p1|Blissey, F|
|poke|p1|Tyranitar, M|
|poke|p1|Rotom-Wash|
|poke|p1|Jirachi|
|poke|p1|Skarmory, M|
|poke|p2|Hatterene, F|
|poke|p2|Krookodile, F|
|poke|p2|Scyther, F|
|poke|p2|Vaporeon, F|
|poke|p2|Tsareena, F|
|poke|p2|Indeedee, M|
|rule|Sleep Clause Mod: Limit one foe put to sleep
|rule|Species Clause: Limit one of each Pokémon
|rule|OHKO Clause: OHKO moves are banned
|rule|Evasion Moves Clause: Evasion moves are banned
|rule|Endless Battle Clause: Forcing endless battles is banned
|rule|HP Percentage Mod: HP is shown in percentages
|rule|Dynamax Clause: You cannot dynamax
|teampreview
|
|start
|switch|p1a: Jirachi|Jirachi|100/100
|switch|p2a: Scyther|Scyther, F|100/100
|turn|1
|
|move|p1a: Jirachi|Iron Head|p2a: Scyther
|-damage|p2a: Scyther|46/100
|cant|p2a: Scyther|flinch
|
|upkeep
|turn|2
|
|switch|p2a: Vaporeon|Vaporeon, F|100/100
|move|p1a: Jirachi|Iron Head|p2a: Vaporeon
|-resisted|p2a: Vaporeon
|-damage|p2a: Vaporeon|88/100
|
|-heal|p2a: Vaporeon|94/100|[from] item: Leftovers
|upkeep
|turn|3
|
|switch|p1a: Rotom|Rotom-Wash|100/100
|move|p2a: Vaporeon|Wish|p2a: Vaporeon
|
|-heal|p2a: Vaporeon|99/100|[from] item: Leftovers
|upkeep
|turn|4
|
|move|p1a: Rotom|Volt Switch|p2a: Vaporeon
|-supereffective|p2a: Vaporeon
|-damage|p2a: Vaporeon|58/100
|
|switch|p1a: Skarmory|Skarmory, M|100/100|[from]move: Volt Switch
|move|p2a: Vaporeon|Flip Turn|p1a: Skarmory
|-damage|p1a: Skarmory|92/100
|-damage|p2a: Vaporeon|42/100|[from] item: Rocky Helmet|[of] p1a: Skarmory
|
|switch|p2a: Scyther|Scyther, F|46/100|[from]move: Flip Turn
|
|-heal|p2a: Scyther|100/100|[from] move: Wish|[wisher] Vaporeon
|upkeep
|turn|5
|
|switch|p2a: Hatterene|Hatterene, F|100/100
|move|p1a: Skarmory|Brave Bird|p2a: Hatterene
|-damage|p2a: Hatterene|64/100
|-damage|p1a: Skarmory|80/100|[from] Recoil
|
|upkeep
|turn|6
|
|switch|p1a: Tyranitar|Tyranitar, M|100/100
|-weather|Sandstorm|[from] ability: Sand Stream|[of] p1a: Tyranitar
|move|p2a: Hatterene|Nuzzle|p1a: Tyranitar
|-damage|p1a: Tyranitar|97/100
|-status|p1a: Tyranitar|par
|
|-weather|Sandstorm|[upkeep]
|-damage|p2a: Hatterene|58/100|[from] Sandstorm
|upkeep
|turn|7
|
|switch|p2a: Krookodile|Krookodile, F|100/100
|-ability|p2a: Krookodile|Intimidate|boost
|-unboost|p1a: Tyranitar|atk|1
|move|p1a: Tyranitar|Crunch|p2a: Krookodile
|-resisted|p2a: Krookodile
|-damage|p2a: Krookodile|85/100
|-damage|p1a: Tyranitar|81/100 par|[from] item: Rocky Helmet|[of] p2a: Krookodile
|
|-weather|Sandstorm|[upkeep]
|upkeep
|turn|8
|
|switch|p1a: Skarmory|Skarmory, M|80/100
|move|p2a: Krookodile|Stealth Rock|p1a: Skarmory
|-sidestart|p1: Trogba Trogba|move: Stealth Rock
|
|-weather|Sandstorm|[upkeep]
|upkeep
|turn|9
|
|move|p2a: Krookodile|Taunt|p1a: Skarmory
|-start|p1a: Skarmory|move: Taunt
|move|p1a: Skarmory|Brave Bird|p2a: Krookodile
|-damage|p2a: Krookodile|59/100
|-damage|p1a: Skarmory|64/100|[from] item: Rocky Helmet|[of] p2a: Krookodile
|-damage|p1a: Skarmory|53/100|[from] Recoil
|
|-weather|Sandstorm|[upkeep]
|upkeep
|turn|10
|
|switch|p2a: Vaporeon|Vaporeon, F|42/100
|switch|p1a: Rotom|Rotom-Wash|100/100
|-damage|p1a: Rotom|88/100|[from] Stealth Rock
|
|-weather|none
|-heal|p1a: Rotom|94/100|[from] item: Leftovers
|-heal|p2a: Vaporeon|48/100|[from] item: Leftovers
|upkeep
|turn|11
|
|move|p2a: Vaporeon|Protect|p2a: Vaporeon
|-singleturn|p2a: Vaporeon|Protect
|move|p1a: Rotom|Volt Switch|p2a: Vaporeon
|-activate|p2a: Vaporeon|move: Protect
|
|-heal|p1a: Rotom|99/100|[from] item: Leftovers
|-heal|p2a: Vaporeon|54/100|[from] item: Leftovers
|upkeep
|turn|12
|
|switch|p2a: Hatterene|Hatterene, F|58/100
|move|p1a: Rotom|Defog|p2a: Hatterene
|move|p2a: Hatterene|Defog|p1a: Rotom|[from]Magic Bounce
|-unboost|p1a: Rotom|evasion|1
|-sideend|p1: Trogba Trogba|Stealth Rock|[from] move: Defog|[of] p2a: Hatterene
|
|-heal|p1a: Rotom|100/100|[from] item: Leftovers
|upkeep
|turn|13
|
|move|p1a: Rotom|Hydro Pump|p2a: Hatterene
|-damage|p2a: Hatterene|28/100
|move|p2a: Hatterene|Mystical Fire|p1a: Rotom
|-resisted|p1a: Rotom
|-damage|p1a: Rotom|84/100
|-unboost|p1a: Rotom|spa|1
|
|-heal|p1a: Rotom|90/100|[from] item: Leftovers
|upkeep
|turn|14
|
|move|p1a: Rotom|Volt Switch|p2a: Hatterene
|-damage|p2a: Hatterene|16/100
|
|switch|p1a: Blissey|Blissey, F|100/100|[from]move: Volt Switch
|move|p2a: Hatterene|Draining Kiss|p1a: Blissey
|-damage|p1a: Blissey|90/100
|-heal|p2a: Hatterene|33/100|[from] drain|[of] p1a: Blissey
|
|-heal|p1a: Blissey|96/100|[from] item: Leftovers
|upkeep
|turn|15
|
|move|p1a: Blissey|Seismic Toss|p2a: Hatterene
|-damage|p2a: Hatterene|2/100
|move|p2a: Hatterene|Draining Kiss|p1a: Blissey
|-damage|p1a: Blissey|85/100
|-heal|p2a: Hatterene|21/100|[from] drain|[of] p1a: Blissey
|
|-heal|p1a: Blissey|91/100|[from] item: Leftovers
|upkeep
|turn|16
|
|switch|p2a: Scyther|Scyther, F|100/100
|move|p1a: Blissey|Seismic Toss|p2a: Scyther
|-damage|p2a: Scyther|65/100
|
|-heal|p1a: Blissey|97/100|[from] item: Leftovers
|upkeep
|turn|17
|
|switch|p1a: Skarmory|Skarmory, M|53/100
|move|p2a: Scyther|Knock Off|p1a: Skarmory
|-damage|p1a: Skarmory|28/100
|-damage|p2a: Scyther|49/100|[from] item: Rocky Helmet|[of] p1a: Skarmory
|-enditem|p1a: Skarmory|Rocky Helmet|[from] move: Knock Off|[of] p2a: Scyther
|
|upkeep
|turn|18
|
|switch|p2a: Vaporeon|Vaporeon, F|54/100
|move|p1a: Skarmory|Roost|p1a: Skarmory
|-heal|p1a: Skarmory|78/100
|-singleturn|p1a: Skarmory|move: Roost
|
|-heal|p2a: Vaporeon|60/100|[from] item: Leftovers
|upkeep
|turn|19
|
|move|p1a: Skarmory|Spikes|p2a: Vaporeon
|-sidestart|p2: tufft|Spikes
|move|p2a: Vaporeon|Wish|p2a: Vaporeon
|
|-heal|p2a: Vaporeon|67/100|[from] item: Leftovers
|upkeep
|turn|20
|
|move|p1a: Skarmory|Brave Bird|p2a: Vaporeon
|-damage|p2a: Vaporeon|41/100
|-damage|p1a: Skarmory|66/100|[from] Recoil
|move|p2a: Vaporeon|Scald|p1a: Skarmory
|-damage|p1a: Skarmory|30/100
|
|-heal|p2a: Vaporeon|91/100|[from] move: Wish|[wisher] Vaporeon
|-heal|p2a: Vaporeon|98/100|[from] item: Leftovers
|upkeep
|turn|21
|
|move|p1a: Skarmory|Roost|p1a: Skarmory
|-heal|p1a: Skarmory|80/100
|-singleturn|p1a: Skarmory|move: Roost
|move|p2a: Vaporeon|Wish|p2a: Vaporeon
|
|-heal|p2a: Vaporeon|100/100|[from] item: Leftovers
|upkeep
|turn|22
|
|switch|p1a: Jirachi|Jirachi|100/100
|move|p2a: Vaporeon|Flip Turn|p1a: Jirachi
|-crit|p1a: Jirachi
|-damage|p1a: Jirachi|78/100
|
|switch|p2a: Hatterene|Hatterene, F|21/100|[from]move: Flip Turn
|-damage|p2a: Hatterene|9/100|[from] Spikes
|
|-heal|p2a: Hatterene|82/100|[from] move: Wish|[wisher] Vaporeon
|upkeep
|turn|23
|
|switch|p2a: Krookodile|Krookodile, F|59/100
|-damage|p2a: Krookodile|47/100|[from] Spikes
|-ability|p2a: Krookodile|Intimidate|boost
|-unboost|p1a: Jirachi|atk|1
|move|p1a: Jirachi|U-turn|p2a: Krookodile
|-supereffective|p2a: Krookodile
|-damage|p2a: Krookodile|25/100
|-damage|p1a: Jirachi|61/100|[from] item: Rocky Helmet|[of] p2a: Krookodile
|
|switch|p1a: Skarmory|Skarmory, M|80/100|[from]move: U-turn
|
|upkeep
|turn|24
|
|move|p2a: Krookodile|Stealth Rock|p1a: Skarmory
|-sidestart|p1: Trogba Trogba|move: Stealth Rock
|move|p1a: Skarmory|Brave Bird|p2a: Krookodile
|-crit|p2a: Krookodile
|-damage|p2a: Krookodile|0 fnt
|-damage|p1a: Skarmory|64/100|[from] item: Rocky Helmet|[of] p2a: Krookodile
|-damage|p1a: Skarmory|54/100|[from] Recoil
|faint|p2a: Krookodile
|
|upkeep
|
|switch|p2a: Indeedee|Indeedee, M|100/100
|-damage|p2a: Indeedee|88/100|[from] Spikes
|-fieldstart|move: Psychic Terrain|[from] ability: Psychic Surge|[of] p2a: Indeedee
|turn|25
|
|switch|p1a: Blissey|Blissey, F|97/100
|-damage|p1a: Blissey|85/100|[from] Stealth Rock
|move|p2a: Indeedee|Mystical Fire|p1a: Blissey
|-damage|p1a: Blissey|72/100
|-unboost|p1a: Blissey|spa|1
|
|-heal|p1a: Blissey|79/100|[from] item: Leftovers
|upkeep
|turn|26
|
|switch|p2a: Vaporeon|Vaporeon, F|100/100
|-damage|p2a: Vaporeon|88/100|[from] Spikes
|move|p1a: Blissey|Toxic|p2a: Vaporeon|[miss]
|-miss|p1a: Blissey|p2a: Vaporeon
|
|-heal|p2a: Vaporeon|94/100|[from] item: Leftovers
|-heal|p1a: Blissey|85/100|[from] item: Leftovers
|upkeep
|turn|27
|
|switch|p1a: Aegislash|Aegislash, F|100/100
|-damage|p1a: Aegislash|94/100|[from] Stealth Rock
|move|p2a: Vaporeon|Wish|p2a: Vaporeon
|
|-heal|p2a: Vaporeon|100/100|[from] item: Leftovers
|upkeep
|turn|28
|
|switch|p1a: Blissey|Blissey, F|85/100
|-damage|p1a: Blissey|72/100|[from] Stealth Rock
|move|p2a: Vaporeon|Scald|p1a: Blissey
|-damage|p1a: Blissey|62/100
|-status|p1a: Blissey|brn
|
|-heal|p1a: Blissey|68/100 brn|[from] item: Leftovers
|-damage|p1a: Blissey|62/100 brn|[from] brn
|upkeep
|turn|29
|
|move|p2a: Vaporeon|Flip Turn|p1a: Blissey
|-crit|p1a: Blissey
|-damage|p1a: Blissey|44/100 brn
|
|switch|p2a: Hatterene|Hatterene, F|82/100|[from]move: Flip Turn
|-damage|p2a: Hatterene|70/100|[from] Spikes
|move|p1a: Blissey|Toxic|p2a: Hatterene
|move|p2a: Hatterene|Toxic||[from]Magic Bounce|[still]
|-fail|p2a: Hatterene
|
|-heal|p1a: Blissey|50/100 brn|[from] item: Leftovers
|-damage|p1a: Blissey|44/100 brn|[from] brn
|-fieldend|move: Psychic Terrain
|upkeep
|turn|30
|
|move|p1a: Blissey|Soft-Boiled|p1a: Blissey
|-heal|p1a: Blissey|94/100 brn
|move|p2a: Hatterene|Psyshock|p1a: Blissey
|-damage|p1a: Blissey|53/100 brn
|
|-heal|p1a: Blissey|59/100 brn|[from] item: Leftovers
|-damage|p1a: Blissey|53/100 brn|[from] brn
|upkeep
|turn|31
|
|switch|p1a: Aegislash|Aegislash, F|94/100
|-damage|p1a: Aegislash|88/100|[from] Stealth Rock
|move|p2a: Hatterene|Draining Kiss|p1a: Aegislash
|-resisted|p1a: Aegislash
|-damage|p1a: Aegislash|71/100
|-heal|p2a: Hatterene|80/100|[from] drain|[of] p1a: Aegislash
|
|upkeep
|turn|32
|
|switch|p2a: Vaporeon|Vaporeon, F|100/100
|-damage|p2a: Vaporeon|88/100|[from] Spikes
|-formechange|p1a: Aegislash|Aegislash-Blade||[from] ability: Stance Change
|move|p1a: Aegislash|Flash Cannon|p2a: Vaporeon
|-resisted|p2a: Vaporeon
|-damage|p2a: Vaporeon|66/100
|-damage|p1a: Aegislash|61/100|[from] item: Life Orb
|
|-heal|p2a: Vaporeon|72/100|[from] item: Leftovers
|upkeep
|turn|33
|
|switch|p1a: Tyranitar|Tyranitar, M|81/100 par
|-damage|p1a: Tyranitar|68/100 par|[from] Stealth Rock
|-weather|Sandstorm|[from] ability: Sand Stream|[of] p1a: Tyranitar
|move|p2a: Vaporeon|Wish|p2a: Vaporeon
|
|-weather|Sandstorm|[upkeep]
|-damage|p2a: Vaporeon|66/100|[from] Sandstorm
|-heal|p2a: Vaporeon|72/100|[from] item: Leftovers
|upkeep
|turn|34
|
|move|p2a: Vaporeon|Scald|p1a: Tyranitar
|-supereffective|p1a: Tyranitar
|-damage|p1a: Tyranitar|34/100 par
|move|p1a: Tyranitar|Stone Edge|p2a: Vaporeon|[miss]
|-miss|p1a: Tyranitar|p2a: Vaporeon
|
|-weather|Sandstorm|[upkeep]
|-damage|p2a: Vaporeon|66/100|[from] Sandstorm
|-heal|p2a: Vaporeon|100/100|[from] move: Wish|[wisher] Vaporeon
|upkeep
|turn|35
|
|switch|p1a: Blissey|Blissey, F|53/100
|-damage|p1a: Blissey|41/100|[from] Stealth Rock
|move|p2a: Vaporeon|Flip Turn|p1a: Blissey
|-damage|p1a: Blissey|28/100
|
|switch|p2a: Scyther|Scyther, F|49/100|[from]move: Flip Turn
|
|-weather|Sandstorm|[upkeep]
|-damage|p2a: Scyther|42/100|[from] Sandstorm
|-damage|p1a: Blissey|22/100|[from] Sandstorm
|-heal|p1a: Blissey|28/100|[from] item: Leftovers
|upkeep
|turn|36
|
|switch|p1a: Skarmory|Skarmory, M|54/100
|-damage|p1a: Skarmory|42/100|[from] Stealth Rock
|move|p2a: Scyther|U-turn|p1a: Skarmory
|-resisted|p1a: Skarmory
|-damage|p1a: Skarmory|35/100
|
|switch|p2a: Indeedee|Indeedee, M|88/100|[from]move: U-turn
|-damage|p2a: Indeedee|76/100|[from] Spikes
|-fieldstart|move: Psychic Terrain|[from] ability: Psychic Surge|[of] p2a: Indeedee
|
|-weather|Sandstorm|[upkeep]
|-damage|p2a: Indeedee|70/100|[from] Sandstorm
|upkeep
|turn|37
|
|switch|p1a: Tyranitar|Tyranitar, M|34/100 par
|-damage|p1a: Tyranitar|22/100 par|[from] Stealth Rock
|move|p2a: Indeedee|Trick|p1a: Tyranitar
|-activate|p2a: Indeedee|move: Trick|[of] p1a: Tyranitar
|-item|p1a: Tyranitar|Choice Specs|[from] move: Trick
|-item|p2a: Indeedee|Choice Band|[from] move: Trick
|
|-weather|none
|upkeep
|turn|38
|
|move|p2a: Indeedee|Dazzling Gleam|p1a: Tyranitar
|-supereffective|p1a: Tyranitar
|-damage|p1a: Tyranitar|0 fnt
|faint|p1a: Tyranitar
|
|upkeep
|
|switch|p1a: Blissey|Blissey, F|28/100
|-damage|p1a: Blissey|16/100|[from] Stealth Rock
|turn|39
|
|switch|p2a: Hatterene|Hatterene, F|80/100
|-damage|p2a: Hatterene|68/100|[from] Spikes
|move|p1a: Blissey|Soft-Boiled|p1a: Blissey
|-heal|p1a: Blissey|66/100
|
|-heal|p1a: Blissey|72/100|[from] item: Leftovers
|upkeep
|turn|40
|
|move|p1a: Blissey|Protect|p1a: Blissey
|-singleturn|p1a: Blissey|Protect
|move|p2a: Hatterene|Mystical Fire|p1a: Blissey
|-activate|p1a: Blissey|move: Protect
|
|-heal|p1a: Blissey|78/100|[from] item: Leftovers
|-fieldend|move: Psychic Terrain
|upkeep
|turn|41
|
|move|p1a: Blissey|Seismic Toss|p2a: Hatterene
|-damage|p2a: Hatterene|37/100
|move|p2a: Hatterene|Nuzzle|p1a: Blissey
|-crit|p1a: Blissey
|-damage|p1a: Blissey|73/100
|-status|p1a: Blissey|par
|
|-heal|p1a: Blissey|79/100 par|[from] item: Leftovers
|upkeep
|turn|42
|
|switch|p2a: Scyther|Scyther, F|42/100
|move|p1a: Blissey|Seismic Toss|p2a: Scyther
|-damage|p2a: Scyther|7/100
|
|-heal|p1a: Blissey|86/100 par|[from] item: Leftovers
|upkeep
|turn|43
|
|-curestatus|p1a: Blissey|par|[from] ability: Natural Cure
|switch|p1a: Jirachi|Jirachi|61/100
|-damage|p1a: Jirachi|55/100|[from] Stealth Rock
|move|p2a: Scyther|Dual Wingbeat|p1a: Jirachi
|-resisted|p1a: Jirachi
|-damage|p1a: Jirachi|42/100
|-resisted|p1a: Jirachi
|-damage|p1a: Jirachi|28/100
|-hitcount|p1a: Jirachi|2
|
|upkeep
|turn|44
|
|switch|p2a: Tsareena|Tsareena, F|100/100
|-damage|p2a: Tsareena|88/100|[from] Spikes
|move|p1a: Jirachi|U-turn|p2a: Tsareena
|-supereffective|p2a: Tsareena
|-damage|p2a: Tsareena|37/100
|
|switch|p1a: Skarmory|Skarmory, M|35/100|[from]move: U-turn
|-damage|p1a: Skarmory|23/100|[from] Stealth Rock
|
|upkeep
|turn|45
|
|move|p2a: Tsareena|Triple Axel|p1a: Skarmory
|-damage|p1a: Skarmory|18/100
|-damage|p1a: Skarmory|11/100
|-damage|p1a: Skarmory|0 fnt
|-hitcount|p1a: Skarmory|3
|faint|p1a: Skarmory
|
|upkeep
|
|switch|p1a: Jirachi|Jirachi|28/100
|-damage|p1a: Jirachi|22/100|[from] Stealth Rock
|turn|46
|
|switch|p2a: Vaporeon|Vaporeon, F|100/100
|-damage|p2a: Vaporeon|88/100|[from] Spikes
|move|p1a: Jirachi|U-turn|p2a: Vaporeon
|-damage|p2a: Vaporeon|71/100
|
|switch|p1a: Rotom|Rotom-Wash|90/100|[from]move: U-turn
|-damage|p1a: Rotom|78/100|[from] Stealth Rock
|
|-heal|p1a: Rotom|84/100|[from] item: Leftovers
|-heal|p2a: Vaporeon|77/100|[from] item: Leftovers
|upkeep
|turn|47
|
|move|p2a: Vaporeon|Protect|p2a: Vaporeon
|-singleturn|p2a: Vaporeon|Protect
|move|p1a: Rotom|Defog|p2a: Vaporeon
|-activate|p2a: Vaporeon|move: Protect
|
|-heal|p1a: Rotom|90/100|[from] item: Leftovers
|-heal|p2a: Vaporeon|83/100|[from] item: Leftovers
|upkeep
|turn|48
|
|move|p1a: Rotom|Defog|p2a: Vaporeon
|-unboost|p2a: Vaporeon|evasion|1
|-sideend|p2: tufft|Spikes|[from] move: Defog|[of] p1a: Rotom
|-sideend|p1: Trogba Trogba|Stealth Rock|[from] move: Defog|[of] p1a: Rotom
|move|p2a: Vaporeon|Wish|p2a: Vaporeon
|
|-heal|p1a: Rotom|96/100|[from] item: Leftovers
|-heal|p2a: Vaporeon|90/100|[from] item: Leftovers
|upkeep
|turn|49
|
|move|p1a: Rotom|Volt Switch|p2a: Vaporeon
|-supereffective|p2a: Vaporeon
|-damage|p2a: Vaporeon|51/100
|
|switch|p1a: Blissey|Blissey, F|86/100|[from]move: Volt Switch
|move|p2a: Vaporeon|Flip Turn|p1a: Blissey
|-damage|p1a: Blissey|74/100
|
|switch|p2a: Scyther|Scyther, F|7/100|[from]move: Flip Turn
|
|-heal|p2a: Scyther|89/100|[from] move: Wish|[wisher] Vaporeon
|-heal|p1a: Blissey|80/100|[from] item: Leftovers
|upkeep
|turn|50
|
|move|p1a: Blissey|Protect|p1a: Blissey
|-singleturn|p1a: Blissey|Protect
|move|p2a: Scyther|Knock Off|p1a: Blissey
|-activate|p1a: Blissey|move: Protect
|
|-heal|p1a: Blissey|86/100|[from] item: Leftovers
|upkeep
|turn|51
|
|switch|p1a: Rotom|Rotom-Wash|96/100
|move|p2a: Scyther|Knock Off|p1a: Rotom
|-damage|p1a: Rotom|48/100
|-enditem|p1a: Rotom|Leftovers|[from] move: Knock Off|[of] p2a: Scyther
|
|upkeep
|turn|52
|
|switch|p2a: Tsareena|Tsareena, F|37/100
|move|p1a: Rotom|Pain Split|p2a: Tsareena
|-sethp|p2a: Tsareena|44/100|[from] move: Pain Split|[silent]
|-sethp|p1a: Rotom|41/100|[from] move: Pain Split
|
|upkeep
|turn|53
|
|switch|p1a: Blissey|Blissey, F|86/100
|move|p2a: Tsareena|Knock Off|p1a: Blissey
|-damage|p1a: Blissey|61/100
|-enditem|p1a: Blissey|Leftovers|[from] move: Knock Off|[of] p2a: Tsareena
|
|upkeep
|turn|54
|
|switch|p2a: Scyther|Scyther, F|89/100
|move|p1a: Blissey|Toxic|p2a: Scyther|[miss]
|-miss|p1a: Blissey|p2a: Scyther
|
|upkeep
|turn|55
|
|move|p2a: Scyther|U-turn|p1a: Blissey
|-damage|p1a: Blissey|18/100
|
|switch|p2a: Hatterene|Hatterene, F|37/100|[from]move: U-turn
|move|p1a: Blissey|Soft-Boiled|p1a: Blissey
|-heal|p1a: Blissey|68/100
|
|upkeep
|turn|56
|c|☆Trogba Trogba|you don't know how lucky you are
|
|move|p1a: Blissey|Seismic Toss|p2a: Hatterene
|-damage|p2a: Hatterene|5/100
|move|p2a: Hatterene|Nuzzle|p1a: Blissey
|-damage|p1a: Blissey|64/100
|-status|p1a: Blissey|par
|
|upkeep
|turn|57
|
|switch|p2a: Scyther|Scyther, F|89/100
|cant|p1a: Blissey|par
|
|upkeep
|turn|58
|
|-curestatus|p1a: Blissey|par|[from] ability: Natural Cure
|switch|p1a: Rotom|Rotom-Wash|41/100
|move|p2a: Scyther|Dual Wingbeat|p1a: Rotom
|-resisted|p1a: Rotom
|-damage|p1a: Rotom|25/100
|-resisted|p1a: Rotom
|-damage|p1a: Rotom|11/100
|-hitcount|p1a: Rotom|2
|
|upkeep
|turn|59
|
|move|p2a: Scyther|Dual Wingbeat|p1a: Rotom
|-resisted|p1a: Rotom
|-damage|p1a: Rotom|0 fnt
|-hitcount|p1a: Rotom|1
|faint|p1a: Rotom
|
|upkeep
|
|switch|p1a: Aegislash|Aegislash, F|61/100
|turn|60
|
|switch|p2a: Indeedee|Indeedee, M|70/100
|-fieldstart|move: Psychic Terrain|[from] ability: Psychic Surge|[of] p2a: Indeedee
|-formechange|p1a: Aegislash|Aegislash-Blade||[from] ability: Stance Change
|move|p1a: Aegislash|Shadow Ball|p2a: Indeedee
|-immune|p2a: Indeedee
|
|upkeep
|turn|61
|
|switch|p1a: Blissey|Blissey, F|64/100
|move|p2a: Indeedee|Trick|p1a: Blissey
|-activate|p2a: Indeedee|move: Trick|[of] p1a: Blissey
|-item|p1a: Blissey|Choice Band|[from] move: Trick
|-enditem|p2a: Indeedee|Choice Band|[silent]|[from] move: Trick
|
|upkeep
|turn|62
|
|switch|p2a: Hatterene|Hatterene, F|5/100
|move|p1a: Blissey|Soft-Boiled|p1a: Blissey
|-heal|p1a: Blissey|100/100
|
|upkeep
|turn|63
|
|switch|p1a: Aegislash|Aegislash, F|61/100
|move|p2a: Hatterene|Nuzzle|p1a: Aegislash
|-damage|p1a: Aegislash|57/100
|-status|p1a: Aegislash|par
|
|upkeep
|turn|64
|
|switch|p2a: Indeedee|Indeedee, M|70/100
|-formechange|p1a: Aegislash|Aegislash-Blade||[from] ability: Stance Change
|move|p1a: Aegislash|Shadow Ball|p2a: Indeedee
|-immune|p2a: Indeedee
|
|-fieldend|move: Psychic Terrain
|upkeep
|turn|65
|
|move|p2a: Indeedee|Mystical Fire|p1a: Aegislash
|-supereffective|p1a: Aegislash
|-damage|p1a: Aegislash|0 fnt
|faint|p1a: Aegislash
|
|upkeep
|-message|Trogba Trogba forfeited.
|
|win|tufft
|l|☆Trogba Trogba
