|j|☆OUTM oogabooga
|j|☆gijion chilli
|player|p1|OUTM oogabooga|steven|1705
|player|p2|gijion chilli|103|1622
|teamsize|p1|6
|teamsize|p2|6
|gametype|singles
|gen|8
|tier|[Gen 8] UU
|rated|
|clearpoke
|poke|p1|Weavile, F|
|poke|p1|Bronzong|
|poke|p1|Roserade, F|
|poke|p1|Noivern, M|
|poke|p1|Lucario, F|
|poke|p1|Milotic, F|
|poke|p2|Machamp, M|
|poke|p2|Weavile, F|
|poke|p2|Duraludon, F|
|poke|p2|Weezing-Galar, M|
|poke|p2|Doublade, F|
|poke|p2|Gardevoir, M|
|rule|Sleep Clause Mod: Limit one foe put to sleep
|rule|Species Clause: Limit one of each Pokémon
|rule|OHKO Clause: OHKO moves are banned
|rule|Evasion Moves Clause: Evasion moves are banned
|rule|Endless Battle Clause: Forcing endless battles is banned
|rule|HP Percentage Mod: HP is shown in percentages
|rule|Dynamax Clause: You cannot dynamax
|teampreview
|
|start
|switch|p1a: Bronzong|Bronzong|100/100
|switch|p2a: Duraludon|Duraludon, F|100/100
|turn|1
|
|move|p2a: Duraludon|Stealth Rock|p1a: Bronzong
|-sidestart|p1: OUTM oogabooga|move: Stealth Rock
|move|p1a: Bronzong|Stealth Rock|p2a: Duraludon
|-sidestart|p2: gijion chilli|move: Stealth Rock
|
|upkeep
|turn|2
|
|move|p2a: Duraludon|Thunder Wave|p1a: Bronzong
|-status|p1a: Bronzong|par
|cant|p1a: Bronzong|par
|
|upkeep
|turn|3
|
|move|p2a: Duraludon|Thunderbolt|p1a: Bronzong
|-damage|p1a: Bronzong|78/100 par
|cant|p1a: Bronzong|par
|
|-heal|p1a: Bronzong|85/100 par|[from] item: Leftovers
|upkeep
|turn|4
|
|switch|p1a: Roserade|Roserade, F|100/100
|-damage|p1a: Roserade|88/100|[from] Stealth Rock
|move|p2a: Duraludon|Thunderbolt|p1a: Roserade
|-resisted|p1a: Roserade
|-damage|p1a: Roserade|76/100
|
|-heal|p1a: Roserade|83/100|[from] item: Leftovers
|upkeep
|turn|5
|
|move|p2a: Duraludon|Thunder Wave|p1a: Roserade
|-status|p1a: Roserade|par
|cant|p1a: Roserade|par
|
|-heal|p1a: Roserade|89/100 par|[from] item: Leftovers
|upkeep
|turn|6
|
|switch|p2a: Machamp|Machamp, M|100/100
|-damage|p2a: Machamp|94/100|[from] Stealth Rock
|move|p1a: Roserade|Aromatherapy|p1a: Roserade
|-activate|p1a: Roserade|move: Aromatherapy
|-curestatus|p1a: Roserade|par|[msg]
|-curestatus|p1: Bronzong|par|[msg]
|
|-heal|p1a: Roserade|95/100|[from] item: Leftovers
|-status|p2a: Machamp|brn|[from] item: Flame Orb
|upkeep
|turn|7
|
|switch|p1a: Noivern|Noivern, M|100/100
|move|p2a: Machamp|Facade|p1a: Noivern
|-damage|p1a: Noivern|17/100
|
|-damage|p2a: Machamp|88/100 brn|[from] brn
|upkeep
|turn|8
|
|switch|p1a: Milotic|Milotic, F|100/100
|-damage|p1a: Milotic|88/100|[from] Stealth Rock
|move|p2a: Machamp|Bullet Punch|p1a: Milotic
|-resisted|p1a: Milotic
|-damage|p1a: Milotic|80/100
|
|-heal|p1a: Milotic|86/100|[from] item: Leftovers
|-damage|p2a: Machamp|82/100 brn|[from] brn
|upkeep
|turn|9
|
|move|p2a: Machamp|Close Combat|p1a: Milotic
|-damage|p1a: Milotic|7/100
|-unboost|p2a: Machamp|def|1
|-unboost|p2a: Machamp|spd|1
|move|p1a: Milotic|Scald|p2a: Machamp
|-damage|p2a: Machamp|34/100 brn
|
|-heal|p1a: Milotic|13/100|[from] item: Leftovers
|-damage|p2a: Machamp|28/100 brn|[from] brn
|upkeep
|turn|10
|
|move|p2a: Machamp|Close Combat|p1a: Milotic
|-crit|p1a: Milotic
|-damage|p1a: Milotic|0 fnt
|-unboost|p2a: Machamp|def|1
|-unboost|p2a: Machamp|spd|1
|faint|p1a: Milotic
|
|-damage|p2a: Machamp|22/100 brn|[from] brn
|upkeep
|
|switch|p1a: Lucario|Lucario, F|100/100
|-damage|p1a: Lucario|98/100|[from] Stealth Rock
|-item|p1a: Lucario|Air Balloon
|turn|11
|
|switch|p2a: Duraludon|Duraludon, F|100/100
|-damage|p2a: Duraludon|94/100|[from] Stealth Rock
|move|p1a: Lucario|Flash Cannon|p2a: Duraludon
|-resisted|p2a: Duraludon
|-damage|p2a: Duraludon|56/100
|
|upkeep
|turn|12
|
|switch|p2a: Doublade|Doublade, F|100/100
|-damage|p2a: Doublade|94/100|[from] Stealth Rock
|move|p1a: Lucario|Vacuum Wave|p2a: Doublade
|-immune|p2a: Doublade
|
|upkeep
|turn|13
|
|switch|p1a: Roserade|Roserade, F|95/100
|-damage|p1a: Roserade|83/100|[from] Stealth Rock
|move|p2a: Doublade|Shadow Claw|p1a: Roserade
|-damage|p1a: Roserade|30/100
|
|-heal|p1a: Roserade|37/100|[from] item: Leftovers
|upkeep
|turn|14
|
|switch|p2a: Duraludon|Duraludon, F|56/100
|-damage|p2a: Duraludon|50/100|[from] Stealth Rock
|move|p1a: Roserade|Synthesis|p1a: Roserade
|-heal|p1a: Roserade|87/100
|
|-heal|p1a: Roserade|93/100|[from] item: Leftovers
|upkeep
|turn|15
|
|move|p2a: Duraludon|Thunder Wave|p1a: Roserade
|-status|p1a: Roserade|par
|move|p1a: Roserade|Toxic Spikes|p2a: Duraludon
|-sidestart|p2: gijion chilli|move: Toxic Spikes
|
|-heal|p1a: Roserade|99/100 par|[from] item: Leftovers
|upkeep
|turn|16
|
|switch|p2a: Weavile|Weavile, F|100/100
|-damage|p2a: Weavile|76/100|[from] Stealth Rock
|-status|p2a: Weavile|psn
|-ability|p2a: Weavile|Pressure
|switch|p1a: Bronzong|Bronzong|85/100
|-damage|p1a: Bronzong|78/100|[from] Stealth Rock
|
|-heal|p1a: Bronzong|85/100|[from] item: Leftovers
|-damage|p2a: Weavile|63/100 psn|[from] psn
|upkeep
|turn|17
|
|switch|p1a: Lucario|Lucario, F|98/100
|-damage|p1a: Lucario|95/100|[from] Stealth Rock
|-item|p1a: Lucario|Air Balloon
|move|p2a: Weavile|Knock Off|p1a: Lucario
|-resisted|p1a: Lucario
|-damage|p1a: Lucario|44/100
|-ability|p1a: Lucario|Justified|boost
|-boost|p1a: Lucario|atk|1
|-enditem|p1a: Lucario|Air Balloon
|-damage|p2a: Weavile|53/100 psn|[from] item: Life Orb
|
|-damage|p2a: Weavile|41/100 psn|[from] psn
|upkeep
|turn|18
|
|switch|p2a: Gardevoir|Gardevoir, M|100/100
|-status|p2a: Gardevoir|psn
|-damage|p2a: Gardevoir|88/100 psn|[from] Stealth Rock
|-ability|p2a: Gardevoir|Justified|[from] ability: Trace|[of] p1a: Lucario
|move|p1a: Lucario|Flash Cannon|p2a: Gardevoir
|-supereffective|p2a: Gardevoir
|-damage|p2a: Gardevoir|5/100 psn
|
|-damage|p2a: Gardevoir|0 fnt|[from] psn
|faint|p2a: Gardevoir
|upkeep
|j| Solonorrrrr
|
|switch|p2a: Doublade|Doublade, F|94/100
|-damage|p2a: Doublade|88/100|[from] Stealth Rock
|turn|19
|
|move|p1a: Lucario|Flash Cannon|p2a: Doublade
|-resisted|p2a: Doublade
|-damage|p2a: Doublade|65/100
|move|p2a: Doublade|Shadow Claw|p1a: Lucario
|-damage|p1a: Lucario|0 fnt
|faint|p1a: Lucario
|
|upkeep
|
|switch|p1a: Weavile|Weavile, F|100/100
|-ability|p1a: Weavile|Pressure
|turn|20
|
|switch|p2a: Duraludon|Duraludon, F|50/100
|-damage|p2a: Duraludon|44/100|[from] Stealth Rock
|move|p1a: Weavile|Knock Off|p2a: Duraludon
|-damage|p2a: Duraludon|0 fnt
|-enditem|p2a: Duraludon|Focus Sash|[from] move: Knock Off|[of] p1a: Weavile
|faint|p2a: Duraludon
|
|upkeep
|
|switch|p2a: Weezing|Weezing-Galar, M|100/100
|-damage|p2a: Weezing|88/100|[from] Stealth Rock
|turn|21
|
|switch|p1a: Roserade|Roserade, F|99/100
|-damage|p1a: Roserade|87/100|[from] Stealth Rock
|move|p2a: Weezing|Fire Blast|p1a: Roserade|[miss]
|-miss|p2a: Weezing|p1a: Roserade
|
|-heal|p1a: Roserade|93/100|[from] item: Leftovers
|-heal|p2a: Weezing|94/100|[from] item: Black Sludge
|upkeep
|turn|22
|
|move|p1a: Roserade|Sludge Bomb|p2a: Weezing
|-damage|p2a: Weezing|40/100
|move|p2a: Weezing|Fire Blast|p1a: Roserade
|-supereffective|p1a: Roserade
|-damage|p1a: Roserade|50/100
|
|-heal|p1a: Roserade|56/100|[from] item: Leftovers
|-heal|p2a: Weezing|46/100|[from] item: Black Sludge
|upkeep
|turn|23
|
|switch|p1a: Noivern|Noivern, M|17/100
|switch|p2a: Doublade|Doublade, F|65/100
|-damage|p2a: Doublade|59/100|[from] Stealth Rock
|
|upkeep
|turn|24
|
|move|p2a: Doublade|Shadow Sneak|p1a: Noivern
|-damage|p1a: Noivern|0 fnt
|faint|p1a: Noivern
|
|upkeep
|
|switch|p1a: Weavile|Weavile, F|100/100
|-ability|p1a: Weavile|Pressure
|turn|25
|
|move|p1a: Weavile|Knock Off|p2a: Doublade
|-supereffective|p2a: Doublade
|-damage|p2a: Doublade|8/100
|-enditem|p2a: Doublade|Eviolite|[from] move: Knock Off|[of] p1a: Weavile
|move|p2a: Doublade|Iron Head|p1a: Weavile
|-supereffective|p1a: Weavile
|-damage|p1a: Weavile|0 fnt
|faint|p1a: Weavile
|
|upkeep
|
|switch|p1a: Bronzong|Bronzong|85/100
|-damage|p1a: Bronzong|78/100|[from] Stealth Rock
|turn|26
|
|move|p2a: Doublade|Shadow Claw|p1a: Bronzong
|-supereffective|p1a: Bronzong
|-damage|p1a: Bronzong|26/100
|move|p1a: Bronzong|Iron Head|p2a: Doublade
|-resisted|p2a: Doublade
|-damage|p2a: Doublade|0 fnt
|faint|p2a: Doublade
|
|-heal|p1a: Bronzong|32/100|[from] item: Leftovers
|upkeep
|
|switch|p2a: Machamp|Machamp, M|22/100 brn
|-damage|p2a: Machamp|15/100 brn|[from] Stealth Rock
|turn|27
|
|move|p2a: Machamp|Knock Off|p1a: Bronzong
|-supereffective|p1a: Bronzong
|-damage|p1a: Bronzong|0 fnt
|-enditem|p1a: Bronzong|Leftovers|[from] move: Knock Off|[of] p2a: Machamp
|faint|p1a: Bronzong
|
|-damage|p2a: Machamp|9/100 brn|[from] brn
|upkeep
|
|switch|p1a: Roserade|Roserade, F|56/100
|-damage|p1a: Roserade|43/100|[from] Stealth Rock
|turn|28
|
|move|p1a: Roserade|Synthesis|p1a: Roserade
|-heal|p1a: Roserade|93/100
|move|p2a: Machamp|Facade|p1a: Roserade
|-damage|p1a: Roserade|0 fnt
|faint|p1a: Roserade
|
|win|gijion chilli
|j| SkipTheDripBayless
|c|☆gijion chilli|Gg
|c|☆OUTM oogabooga|Gg
