|j|☆StreetBoom
|j|☆le_patrooon
|inactive|Battle timer is ON: inactive players will automatically lose when time's up.
|j|*Lady Monita
|t:|1620733920
|gametype|singles
|player|p1|StreetBoom|gambler|
|player|p2|le_patrooon|lucas|
|teamsize|p1|6
|teamsize|p2|6
|gen|8
|tier|[Gen 8] UU
|rated|Tournament battle
|rule|Sleep Clause Mod: Limit one foe put to sleep
|rule|Species Clause: Limit one of each Pokémon
|rule|OHKO Clause: OHKO moves are banned
|rule|Evasion Moves Clause: Evasion moves are banned
|rule|Endless Battle Clause: Forcing endless battles is banned
|rule|HP Percentage Mod: HP is shown in percentages
|rule|Dynamax Clause: You cannot dynamax
|clearpoke
|poke|p1|Ribombee, M|
|poke|p1|Marowak-Alola, F|
|poke|p1|Noivern, F|
|poke|p1|Tsareena, F|
|poke|p1|Thundurus-Therian, M|
|poke|p1|Celesteela|
|poke|p2|Cloyster, M|
|poke|p2|Weezing-Galar, M|
|poke|p2|Zygarde-10%|
|poke|p2|Registeel|
|poke|p2|Suicune|
|poke|p2|Celebi|
|teampreview
|c|☆StreetBoom|hf
|
|t:|1620733946
|start
|switch|p1a: Ribombee|Ribombee, M|100/100
|switch|p2a: Weezing|Weezing-Galar, M|100/100
|turn|1
|inactive|StreetBoom has 120 seconds left.
|c|☆le_patrooon|u2
|inactive|StreetBoom has 90 seconds left.
|
|t:|1620734036
|move|p1a: Ribombee|Sticky Web|p2a: Weezing
|-sidestart|p2: le_patrooon|move: Sticky Web
|move|p2a: Weezing|Sludge Bomb|p1a: Ribombee
|-supereffective|p1a: Ribombee
|-damage|p1a: Ribombee|6/100
|
|upkeep
|turn|2
|
|t:|1620734043
|move|p1a: Ribombee|Psychic|p2a: Weezing
|-supereffective|p2a: Weezing
|-damage|p2a: Weezing|27/100
|move|p2a: Weezing|Defog|p1a: Ribombee
|-unboost|p1a: Ribombee|evasion|1
|-sideend|p2: le_patrooon|Sticky Web|[from] move: Defog|[of] p2a: Weezing
|
|upkeep
|turn|3
|
|t:|1620734067
|move|p1a: Ribombee|Sticky Web|p2a: Weezing
|-sidestart|p2: le_patrooon|move: Sticky Web
|move|p2a: Weezing|Toxic Spikes|p1a: Ribombee
|-sidestart|p1: StreetBoom|move: Toxic Spikes
|
|upkeep
|turn|4
|
|t:|1620734085
|switch|p2a: Celebi|Celebi|100/100
|-activate|p2a: Celebi|move: Sticky Web
|-unboost|p2a: Celebi|spe|1
|move|p1a: Ribombee|Psychic|p2a: Celebi
|-resisted|p2a: Celebi
|-damage|p2a: Celebi|91/100
|
|-heal|p2a: Celebi|97/100|[from] item: Leftovers
|upkeep
|turn|5
|
|t:|1620734097
|switch|p2a: Registeel|Registeel|100/100
|-activate|p2a: Registeel|move: Sticky Web
|-fail|p2a: Registeel|unboost|[from] ability: Clear Body|[of] p2a: Registeel
|move|p1a: Ribombee|U-turn|p2a: Registeel
|-resisted|p2a: Registeel
|-damage|p2a: Registeel|97/100
|
|t:|1620734102
|switch|p1a: Tsareena|Tsareena, F|100/100|[from]move: U-turn
|-status|p1a: Tsareena|psn
|
|-heal|p2a: Registeel|100/100|[from] item: Leftovers
|-damage|p1a: Tsareena|88/100 psn|[from] psn
|upkeep
|turn|6
|
|t:|1620734116
|switch|p2a: Weezing|Weezing-Galar, M|27/100
|move|p1a: Tsareena|Rapid Spin|p2a: Weezing
|-damage|p2a: Weezing|12/100
|-boost|p1a: Tsareena|spe|1
|-damage|p1a: Tsareena|72/100 psn|[from] item: Rocky Helmet|[of] p2a: Weezing
|-sideend|p1: StreetBoom|Toxic Spikes|[from] move: Rapid Spin|[of] p1a: Tsareena
|-damage|p1a: Tsareena|62/100 psn|[from] item: Life Orb
|
|-damage|p1a: Tsareena|50/100 psn|[from] psn
|upkeep
|turn|7
|inactive|StreetBoom has 90 seconds left.
|
|t:|1620734130
|move|p1a: Tsareena|Triple Axel|p2a: Weezing|[miss]
|-miss|p1a: Tsareena|p2a: Weezing
|move|p2a: Weezing|Defog|p1a: Tsareena
|-unboost|p1a: Tsareena|evasion|1
|-sideend|p2: le_patrooon|Sticky Web|[from] move: Defog|[of] p2a: Weezing
|
|-damage|p1a: Tsareena|37/100 psn|[from] psn
|upkeep
|turn|8
|
|t:|1620734142
|switch|p2a: Registeel|Registeel|100/100
|move|p1a: Tsareena|Triple Axel|p2a: Registeel
|-resisted|p2a: Registeel
|-damage|p2a: Registeel|98/100
|-resisted|p2a: Registeel
|-damage|p2a: Registeel|93/100
|-hitcount|p2a: Registeel|2
|-damage|p1a: Tsareena|28/100 psn|[from] item: Life Orb
|
|-heal|p2a: Registeel|99/100|[from] item: Leftovers
|-damage|p1a: Tsareena|15/100 psn|[from] psn
|upkeep
|turn|9
|
|t:|1620734155
|move|p1a: Tsareena|Knock Off|p2a: Registeel
|-damage|p2a: Registeel|77/100
|-enditem|p2a: Registeel|Leftovers|[from] move: Knock Off|[of] p1a: Tsareena
|-damage|p1a: Tsareena|5/100 psn|[from] item: Life Orb
|move|p2a: Registeel|Stealth Rock|p1a: Tsareena
|-sidestart|p1: StreetBoom|move: Stealth Rock
|
|-damage|p1a: Tsareena|0 fnt|[from] psn
|faint|p1a: Tsareena
|upkeep
|
|t:|1620734160
|switch|p1a: Ribombee|Ribombee, M|6/100
|-damage|p1a: Ribombee|0 fnt|[from] Stealth Rock
|faint|p1a: Ribombee
|
|t:|1620734169
|switch|p1a: Celesteela|Celesteela|100/100
|-damage|p1a: Celesteela|88/100|[from] Stealth Rock
|turn|10
|
|t:|1620734180
|switch|p2a: Celebi|Celebi|97/100
|move|p1a: Celesteela|Fire Blast|p2a: Celebi
|-supereffective|p2a: Celebi
|-damage|p2a: Celebi|41/100
|
|-heal|p2a: Celebi|47/100|[from] item: Leftovers
|-heal|p1a: Celesteela|94/100|[from] item: Leftovers
|upkeep
|turn|11
|inactive|StreetBoom has 120 seconds left.
|
|t:|1620734208
|move|p2a: Celebi|Aura Sphere|p1a: Celesteela
|-crit|p1a: Celesteela
|-damage|p1a: Celesteela|70/100
|move|p1a: Celesteela|Air Slash|p2a: Celebi
|-supereffective|p2a: Celebi
|-damage|p2a: Celebi|0 fnt
|faint|p2a: Celebi
|-ability|p1a: Celesteela|Beast Boost|boost
|-boost|p1a: Celesteela|spa|1
|
|-heal|p1a: Celesteela|76/100|[from] item: Leftovers
|upkeep
|inactive|le_patrooon has 120 seconds left.
|
|t:|1620734233
|switch|p2a: Suicune|Suicune|100/100
|-ability|p2a: Suicune|Pressure
|turn|12
|
|t:|1620734240
|move|p1a: Celesteela|Leech Seed|p2a: Suicune
|-start|p2a: Suicune|move: Leech Seed
|move|p2a: Suicune|Roar|p1a: Celesteela
|drag|p1a: Thundurus|Thundurus-Therian, M|100/100
|-damage|p1a: Thundurus|76/100|[from] Stealth Rock
|
|-heal|p1a: Thundurus|82/100|[from] item: Leftovers
|-damage|p2a: Suicune|88/100|[from] Leech Seed|[of] p1a: Thundurus
|-heal|p1a: Thundurus|98/100|[silent]
|upkeep
|turn|13
|inactive|le_patrooon has 120 seconds left.
|
|t:|1620734255
|switch|p2a: Zygarde|Zygarde-10%|100/100
|-ability|p2a: Zygarde|Aura Break
|move|p1a: Thundurus|Thunderbolt|p2a: Zygarde
|-immune|p2a: Zygarde
|
|-heal|p1a: Thundurus|100/100|[from] item: Leftovers
|upkeep
|turn|14
|
|t:|1620734265
|move|p2a: Zygarde|Thousand Arrows|p1a: Thundurus
|-damage|p1a: Thundurus|4/100
|-start|p1a: Thundurus|Smack Down
|move|p1a: Thundurus|Dark Pulse|p2a: Zygarde
|-damage|p2a: Zygarde|50/100
|
|-heal|p1a: Thundurus|10/100|[from] item: Leftovers
|upkeep
|turn|15
|j| Ron 50
|
|t:|1620734275
|move|p2a: Zygarde|Thousand Arrows|p1a: Thundurus
|-supereffective|p1a: Thundurus
|-damage|p1a: Thundurus|0 fnt
|faint|p1a: Thundurus
|
|upkeep
|
|t:|1620734281
|switch|p1a: Noivern|Noivern, F|100/100
|turn|16
|inactive|le_patrooon has 120 seconds left.
|
|t:|1620734287
|switch|p2a: Weezing|Weezing-Galar, M|12/100
|move|p1a: Noivern|Draco Meteor|p2a: Weezing
|-immune|p2a: Weezing
|
|upkeep
|turn|17
|inactive|le_patrooon has 120 seconds left.
|
|t:|1620734305
|move|p1a: Noivern|Flamethrower|p2a: Weezing
|-damage|p2a: Weezing|0 fnt
|faint|p2a: Weezing
|
|upkeep
|
|t:|1620734320
|switch|p2a: Registeel|Registeel|77/100
|turn|18
|
|t:|1620734324
|move|p1a: Noivern|Taunt|p2a: Registeel
|-start|p2a: Registeel|move: Taunt
|cant|p2a: Registeel|move: Taunt|Toxic
|
|upkeep
|turn|19
|inactive|le_patrooon has 120 seconds left.
|
|t:|1620734336
|move|p1a: Noivern|Flamethrower|p2a: Registeel
|-supereffective|p2a: Registeel
|-damage|p2a: Registeel|46/100
|move|p2a: Registeel|Seismic Toss|p1a: Noivern
|-damage|p1a: Noivern|68/100
|
|upkeep
|turn|20
|inactive|le_patrooon has 120 seconds left.
|
|t:|1620734359
|move|p1a: Noivern|Flamethrower|p2a: Registeel
|-supereffective|p2a: Registeel
|-damage|p2a: Registeel|15/100
|move|p2a: Registeel|Seismic Toss|p1a: Noivern
|-damage|p1a: Noivern|36/100
|
|-end|p2a: Registeel|move: Taunt
|upkeep
|turn|21
|inactive|le_patrooon has 120 seconds left.
|
|t:|1620734372
|move|p1a: Noivern|Flamethrower|p2a: Registeel
|-supereffective|p2a: Registeel
|-damage|p2a: Registeel|0 fnt
|faint|p2a: Registeel
|
|upkeep
|inactive|le_patrooon has 120 seconds left.
|
|t:|1620734378
|switch|p2a: Zygarde|Zygarde-10%|50/100
|-ability|p2a: Zygarde|Aura Break
|turn|22
|
|t:|1620734385
|move|p2a: Zygarde|Extreme Speed|p1a: Noivern
|-damage|p1a: Noivern|0 fnt
|faint|p1a: Noivern
|
|upkeep
|
|t:|1620734388
|switch|p1a: Celesteela|Celesteela|76/100
|-damage|p1a: Celesteela|63/100|[from] Stealth Rock
|turn|23
|
|t:|1620734397
|switch|p2a: Suicune|Suicune|88/100
|-ability|p2a: Suicune|Pressure
|move|p1a: Celesteela|Air Slash|p2a: Suicune
|-damage|p2a: Suicune|62/100
|
|-heal|p2a: Suicune|68/100|[from] item: Leftovers
|-heal|p1a: Celesteela|69/100|[from] item: Leftovers
|upkeep
|turn|24
|
|t:|1620734410
|move|p2a: Suicune|Substitute|p2a: Suicune
|-start|p2a: Suicune|Substitute
|-damage|p2a: Suicune|43/100
|move|p1a: Celesteela|Leech Seed||[still]
|-fail|p1a: Celesteela
|
|-heal|p2a: Suicune|49/100|[from] item: Leftovers
|-heal|p1a: Celesteela|75/100|[from] item: Leftovers
|upkeep
|turn|25
|
|t:|1620734419
|move|p2a: Suicune|Calm Mind|p2a: Suicune
|-boost|p2a: Suicune|spa|1
|-boost|p2a: Suicune|spd|1
|move|p1a: Celesteela|Air Slash|p2a: Suicune
|-activate|p2a: Suicune|move: Substitute|[damage]
|
|-heal|p2a: Suicune|55/100|[from] item: Leftovers
|-heal|p1a: Celesteela|81/100|[from] item: Leftovers
|upkeep
|turn|26
|
|t:|1620734429
|move|p2a: Suicune|Calm Mind|p2a: Suicune
|-boost|p2a: Suicune|spa|1
|-boost|p2a: Suicune|spd|1
|move|p1a: Celesteela|Air Slash|p2a: Suicune
|-end|p2a: Suicune|Substitute
|
|-heal|p2a: Suicune|62/100|[from] item: Leftovers
|-heal|p1a: Celesteela|87/100|[from] item: Leftovers
|upkeep
|turn|27
|-message|StreetBoom forfeited.
|
|win|le_patrooon
|n|☆StreetBoom|streetboom
|n|☆le_patrooon|lepatrooon
|n|*Lady Monita|ladymonita
|n| Ron 50|ron50
|l|*Lady Monita
|l|☆StreetBoom
|c|☆le_patrooon|gg
