|j|☆Sir Tetris
|j|☆SSRW26 Swoosh
|t:|1610156751
|player|p1|Sir Tetris|wally|1464
|player|p2|SSRW26 Swoosh|korrina|1589
|teamsize|p1|6
|teamsize|p2|6
|gametype|singles
|gen|8
|tier|[Gen 8] UU
|rated|
|clearpoke
|poke|p1|Ninetales-Alola, F|
|poke|p1|Moltres-Galar|
|poke|p1|Azumarill, M|
|poke|p1|Comfey, M|
|poke|p1|Krookodile, F|
|poke|p1|Slowbro-Galar, F|
|poke|p2|Thundurus, M|
|poke|p2|Scizor, M|
|poke|p2|Hatterene, F|
|poke|p2|Seismitoad, F|
|poke|p2|Zarude-Dada|
|poke|p2|Victini|
|rule|Sleep Clause Mod: Limit one foe put to sleep
|rule|Species Clause: Limit one of each Pokémon
|rule|OHKO Clause: OHKO moves are banned
|rule|Evasion Moves Clause: Evasion moves are banned
|rule|Endless Battle Clause: Forcing endless battles is banned
|rule|HP Percentage Mod: HP is shown in percentages
|rule|Dynamax Clause: You cannot dynamax
|teampreview
|inactive|Battle timer is ON: inactive players will automatically lose when time's up. (requested by SSRW26 Swoosh)
|c|☆Sir Tetris|hf
|
|t:|1610156766
|start
|switch|p1a: Krookodile|Krookodile, F|100/100
|switch|p2a: Victini|Victini|100/100
|-ability|p1a: Krookodile|Intimidate|boost
|-unboost|p2a: Victini|atk|1
|turn|1
|
|t:|1610156778
|move|p2a: Victini|U-turn|p1a: Krookodile
|-supereffective|p1a: Krookodile
|-crit|p1a: Krookodile
|-damage|p1a: Krookodile|24/100
|
|t:|1610156787
|switch|p2a: Hatterene|Hatterene, F, shiny|100/100|[from]move: U-turn
|move|p1a: Krookodile|Stealth Rock|p2a: Hatterene
|move|p2a: Hatterene|Stealth Rock|p1a: Krookodile|[from]ability: Magic Bounce
|-sidestart|p1: Sir Tetris|move: Stealth Rock
|
|upkeep
|turn|2
|c|☆Sir Tetris|right
|c|☆Sir Tetris|forgot hat existed
|
|t:|1610156798
|move|p1a: Krookodile|Knock Off|p2a: Hatterene
|-damage|p2a: Hatterene|64/100
|-enditem|p2a: Hatterene|Leftovers|[from] move: Knock Off|[of] p1a: Krookodile
|move|p2a: Hatterene|Calm Mind|p2a: Hatterene
|-boost|p2a: Hatterene|spa|1
|-boost|p2a: Hatterene|spd|1
|
|upkeep
|turn|3
|
|t:|1610156802
|move|p1a: Krookodile|Earthquake|p2a: Hatterene
|-damage|p2a: Hatterene|24/100
|move|p2a: Hatterene|Draining Kiss|p1a: Krookodile
|-supereffective|p1a: Krookodile
|-damage|p1a: Krookodile|0 fnt
|-heal|p2a: Hatterene|42/100|[from] drain|[of] p1a: Krookodile
|faint|p1a: Krookodile
|
|upkeep
|inactive|Sir Tetris has 120 seconds left.
|
|t:|1610156855
|switch|p1a: Azumarill|Azumarill, M|100/100
|-damage|p1a: Azumarill|88/100|[from] Stealth Rock
|turn|4
|
|t:|1610156866
|move|p1a: Azumarill|Belly Drum|p1a: Azumarill
|-damage|p1a: Azumarill|38/100
|-setboost|p1a: Azumarill|atk|6|[from] move: Belly Drum
|-enditem|p1a: Azumarill|Sitrus Berry|[eat]
|-heal|p1a: Azumarill|63/100|[from] item: Sitrus Berry
|move|p2a: Hatterene|Draining Kiss|p1a: Azumarill
|-damage|p1a: Azumarill|23/100
|-heal|p2a: Hatterene|75/100|[from] drain|[of] p1a: Azumarill
|
|upkeep
|turn|5
|
|t:|1610156893
|move|p1a: Azumarill|Liquidation|p2a: Hatterene
|-crit|p2a: Hatterene
|-damage|p2a: Hatterene|0 fnt
|faint|p2a: Hatterene
|
|upkeep
|
|t:|1610156900
|switch|p2a: Scizor|Scizor, M|100/100
|turn|6
|
|t:|1610156904
|move|p2a: Scizor|Bullet Punch|p1a: Azumarill
|-crit|p1a: Azumarill
|-damage|p1a: Azumarill|0 fnt
|faint|p1a: Azumarill
|
|upkeep
|
|t:|1610156914
|switch|p1a: Slowbro|Slowbro-Galar, F|100/100
|-damage|p1a: Slowbro|88/100|[from] Stealth Rock
|turn|7
|inactive|Sir Tetris has 120 seconds left.
|
|t:|1610156925
|switch|p2a: Seismitoad|Seismitoad, F, shiny|100/100
|move|p1a: Slowbro|Belly Drum|p1a: Slowbro
|-damage|p1a: Slowbro|38/100
|-setboost|p1a: Slowbro|atk|6|[from] move: Belly Drum
|
|upkeep
|turn|8
|
|t:|1610156928
|move|p2a: Seismitoad|Earthquake|p1a: Slowbro
|-supereffective|p1a: Slowbro
|-damage|p1a: Slowbro|0 fnt
|faint|p1a: Slowbro
|
|upkeep
|c|☆Sir Tetris|uwu
|
|t:|1610156933
|switch|p1a: Ninetales|Ninetales-Alola, F|100/100
|-damage|p1a: Ninetales|76/100|[from] Stealth Rock
|-weather|Hail|[from] ability: Snow Warning|[of] p1a: Ninetales
|turn|9
|
|t:|1610156950
|switch|p2a: Victini|Victini|100/100
|move|p1a: Ninetales|Aurora Veil|p1a: Ninetales
|-sidestart|p1: Sir Tetris|move: Aurora Veil
|
|-weather|Hail|[upkeep]
|-damage|p2a: Victini|94/100|[from] Hail
|upkeep
|turn|10
|inactive|Sir Tetris has 120 seconds left.
|
|t:|1610156997
|move|p2a: Victini|V-create|p1a: Ninetales
|-supereffective|p1a: Ninetales
|-damage|p1a: Ninetales|0 fnt
|-unboost|p2a: Victini|spe|1
|-unboost|p2a: Victini|def|1
|-unboost|p2a: Victini|spd|1
|faint|p1a: Ninetales
|
|-weather|Hail|[upkeep]
|-damage|p2a: Victini|88/100|[from] Hail
|upkeep
|
|t:|1610157000
|switch|p1a: Moltres|Moltres-Galar|100/100
|turn|11
|
|t:|1610157003
|move|p2a: Victini|V-create|p1a: Moltres
|-damage|p1a: Moltres|52/100
|-unboost|p2a: Victini|spe|1
|-unboost|p2a: Victini|def|1
|-unboost|p2a: Victini|spd|1
|move|p1a: Moltres|Agility|p1a: Moltres
|-boost|p1a: Moltres|spe|2
|
|-weather|Hail|[upkeep]
|-damage|p1a: Moltres|46/100|[from] Hail
|-damage|p2a: Victini|82/100|[from] Hail
|upkeep
|turn|12
|
|t:|1610157027
|move|p1a: Moltres|Fiery Wrath|p2a: Victini
|-supereffective|p2a: Victini
|-damage|p2a: Victini|0 fnt
|faint|p2a: Victini
|
|-weather|Hail|[upkeep]
|-damage|p1a: Moltres|39/100|[from] Hail
|upkeep
|
|t:|1610157033
|switch|p2a: Thundurus|Thundurus, M, shiny|100/100
|turn|13
|
|t:|1610157038
|move|p1a: Moltres|Fiery Wrath|p2a: Thundurus
|-damage|p2a: Thundurus|38/100
|move|p2a: Thundurus|Thunderbolt|p1a: Moltres
|-supereffective|p1a: Moltres
|-damage|p1a: Moltres|0 fnt
|-damage|p2a: Thundurus|28/100|[from] item: Life Orb
|faint|p1a: Moltres
|
|-weather|none
|upkeep
|
|t:|1610157040
|switch|p1a: Comfey|Comfey, M|100/100
|-damage|p1a: Comfey|88/100|[from] Stealth Rock
|turn|14
|
|t:|1610157049
|move|p2a: Thundurus|Thunderbolt|p1a: Comfey
|-damage|p1a: Comfey|58/100
|-status|p1a: Comfey|par
|-damage|p2a: Thundurus|19/100|[from] item: Life Orb
|move|p1a: Comfey|Calm Mind|p1a: Comfey
|-boost|p1a: Comfey|spa|1
|-boost|p1a: Comfey|spd|1
|
|upkeep
|turn|15
|c|☆Sir Tetris|para :I
|
|t:|1610157056
|switch|p2a: Scizor|Scizor, M|100/100
|cant|p1a: Comfey|par
|
|upkeep
|turn|16
|
|t:|1610157058
|move|p1a: Comfey|Draining Kiss|p2a: Scizor
|-resisted|p2a: Scizor
|-damage|p2a: Scizor|74/100
|-heal|p1a: Comfey|78/100 par|[from] drain|[of] p2a: Scizor
|-damage|p1a: Comfey|68/100 par|[from] item: Life Orb
|move|p2a: Scizor|Bullet Punch|p1a: Comfey
|-supereffective|p1a: Comfey
|-damage|p1a: Comfey|8/100 par
|
|-sideend|p1: Sir Tetris|move: Aurora Veil
|upkeep
|turn|17
|c|☆Sir Tetris|gg
|
|t:|1610157074
|cant|p1a: Comfey|par
|move|p2a: Scizor|Bullet Punch|p1a: Comfey
|-supereffective|p1a: Comfey
|-damage|p1a: Comfey|0 fnt
|faint|p1a: Comfey
|
|win|SSRW26 Swoosh
|l|☆Sir Tetris
|raw|Sir Tetris's rating: 1464 &rarr; <strong>1451</strong><br />(-13 for losing)
|raw|SSRW26 Swoosh's rating: 1589 &rarr; <strong>1602</strong><br />(+13 for winning)
