|j|☆Miilootiic
|j|☆gogole2021
|t:|1633881827
|gametype|singles
|player|p1|Miilootiic|brycenman|1312
|player|p2|gogole2021|rood|1399
|teamsize|p1|6
|teamsize|p2|6
|gen|8
|tier|[Gen 8] UU
|rated|
|rule|Sleep Clause Mod: Limit one foe put to sleep
|rule|Species Clause: Limit one of each Pokémon
|rule|OHKO Clause: OHKO moves are banned
|rule|Evasion Moves Clause: Evasion moves are banned
|rule|Endless Battle Clause: Forcing endless battles is banned
|rule|HP Percentage Mod: HP is shown in percentages
|rule|Dynamax Clause: You cannot dynamax
|clearpoke
|poke|p1|Mandibuzz, F|
|poke|p1|Excadrill, M|
|poke|p1|Conkeldurr, M|
|poke|p1|Amoonguss, F|
|poke|p1|Primarina, F|
|poke|p1|Slowbro-Galar, F|
|poke|p2|Skarmory, F|
|poke|p2|Hydreigon, M|
|poke|p2|Reuniclus, M|
|poke|p2|Entei|
|poke|p2|Roserade, M|
|poke|p2|Thundurus-Therian, M|
|teampreview
|
|t:|1633881843
|start
|switch|p1a: Excadrill|Excadrill, M|100/100
|switch|p2a: Hydreigon|Hydreigon, M|100/100
|-ability|p1a: Excadrill|Mold Breaker
|turn|1
|
|t:|1633881851
|move|p2a: Hydreigon|U-turn|p1a: Excadrill
|-resisted|p1a: Excadrill
|-damage|p1a: Excadrill|91/100
|
|t:|1633881855
|switch|p2a: Skarmory|Skarmory, F|100/100|[from]move: U-turn
|move|p1a: Excadrill|Earthquake|p2a: Skarmory
|-immune|p2a: Skarmory
|
|-heal|p1a: Excadrill|97/100|[from] item: Leftovers
|upkeep
|turn|2
|
|t:|1633881864
|move|p1a: Excadrill|Stealth Rock|p2a: Skarmory
|-sidestart|p2: gogole2021|move: Stealth Rock
|move|p2a: Skarmory|Stealth Rock|p1a: Excadrill
|-sidestart|p1: Miilootiic|move: Stealth Rock
|
|-heal|p1a: Excadrill|100/100|[from] item: Leftovers
|upkeep
|turn|3
|
|t:|1633881871
|move|p1a: Excadrill|Rapid Spin|p2a: Skarmory
|-resisted|p2a: Skarmory
|-damage|p2a: Skarmory|96/100
|-boost|p1a: Excadrill|spe|1
|-sideend|p1: Miilootiic|Stealth Rock|[from] move: Rapid Spin|[of] p1a: Excadrill
|move|p2a: Skarmory|Body Press|p1a: Excadrill
|-supereffective|p1a: Excadrill
|-damage|p1a: Excadrill|23/100
|
|-heal|p1a: Excadrill|29/100|[from] item: Leftovers
|-heal|p2a: Skarmory|100/100|[from] item: Leftovers
|upkeep
|turn|4
|
|t:|1633881883
|switch|p1a: Slowbro|Slowbro-Galar, F|100/100
|move|p2a: Skarmory|Stealth Rock|p1a: Slowbro
|-sidestart|p1: Miilootiic|move: Stealth Rock
|
|upkeep
|turn|5
|
|t:|1633881892
|switch|p2a: Reuniclus|Reuniclus, M|100/100
|-damage|p2a: Reuniclus|88/100|[from] Stealth Rock
|move|p1a: Slowbro|Flamethrower|p2a: Reuniclus
|-damage|p2a: Reuniclus|76/100
|-status|p2a: Reuniclus|brn
|
|-damage|p2a: Reuniclus|70/100 brn|[from] brn
|upkeep
|turn|6
|
|t:|1633881905
|move|p1a: Slowbro|Shell Side Arm|p2a: Reuniclus|[anim] Shell Side Arm Special
|-damage|p2a: Reuniclus|51/100 brn
|-hint|Special Shell Side Arm
|move|p2a: Reuniclus|Knock Off|p1a: Slowbro
|-supereffective|p1a: Slowbro
|-damage|p1a: Slowbro|88/100
|-enditem|p1a: Slowbro|Assault Vest|[from] move: Knock Off|[of] p2a: Reuniclus
|
|-damage|p2a: Reuniclus|45/100 brn|[from] brn
|upkeep
|turn|7
|
|t:|1633881919
|move|p2a: Reuniclus|Future Sight|p1a: Slowbro
|-start|p2a: Reuniclus|move: Future Sight
|move|p1a: Slowbro|Flamethrower|p2a: Reuniclus
|-damage|p2a: Reuniclus|33/100 brn
|
|-damage|p2a: Reuniclus|27/100 brn|[from] brn
|upkeep
|turn|8
|
|t:|1633881927
|move|p1a: Slowbro|Flamethrower|p2a: Reuniclus
|-damage|p2a: Reuniclus|14/100 brn
|move|p2a: Reuniclus|Shadow Ball|p1a: Slowbro
|-supereffective|p1a: Slowbro
|-damage|p1a: Slowbro|35/100
|
|-damage|p2a: Reuniclus|7/100 brn|[from] brn
|upkeep
|turn|9
|
|t:|1633881938
|switch|p2a: Thundurus|Thundurus-Therian, M|100/100
|move|p1a: Slowbro|Shell Side Arm|p2a: Thundurus|[anim] Shell Side Arm Special
|-damage|p2a: Thundurus|47/100
|-hint|Special Shell Side Arm
|-status|p2a: Thundurus|psn
|
|-end|p1a: Slowbro|move: Future Sight
|-damage|p1a: Slowbro|0 fnt
|faint|p1a: Slowbro
|-damage|p2a: Thundurus|35/100 psn|[from] psn
|upkeep
|
|t:|1633881960
|switch|p1a: Amoonguss|Amoonguss, F|100/100
|-damage|p1a: Amoonguss|88/100|[from] Stealth Rock
|turn|10
|
|t:|1633881972
|switch|p2a: Roserade|Roserade, M|100/100
|move|p1a: Amoonguss|Sludge Bomb|p2a: Roserade
|-damage|p2a: Roserade|68/100
|
|-heal|p1a: Amoonguss|94/100|[from] item: Black Sludge
|upkeep
|turn|11
|
|t:|1633881981
|move|p2a: Roserade|Sludge Bomb|p1a: Amoonguss
|-damage|p1a: Amoonguss|53/100
|move|p1a: Amoonguss|Sludge Bomb|p2a: Roserade
|-damage|p2a: Roserade|32/100
|
|-heal|p1a: Amoonguss|60/100|[from] item: Black Sludge
|upkeep
|turn|12
|
|t:|1633881989
|switch|p1a: Excadrill|Excadrill, M|29/100
|-damage|p1a: Excadrill|26/100|[from] Stealth Rock
|-ability|p1a: Excadrill|Mold Breaker
|move|p2a: Roserade|Synthesis|p2a: Roserade
|-heal|p2a: Roserade|82/100
|
|-heal|p1a: Excadrill|32/100|[from] item: Leftovers
|upkeep
|turn|13
|
|t:|1633881999
|move|p2a: Roserade|Leaf Storm|p1a: Excadrill
|-damage|p1a: Excadrill|0 fnt
|-unboost|p2a: Roserade|spa|2
|faint|p1a: Excadrill
|
|upkeep
|
|t:|1633882004
|switch|p1a: Conkeldurr|Conkeldurr, M|100/100
|-damage|p1a: Conkeldurr|94/100|[from] Stealth Rock
|turn|14
|
|t:|1633882013
|switch|p2a: Thundurus|Thundurus-Therian, M|35/100 psn
|move|p1a: Conkeldurr|Knock Off|p2a: Thundurus
|-damage|p2a: Thundurus|0 fnt
|-enditem|p2a: Thundurus|Heavy-Duty Boots|[from] move: Knock Off|[of] p1a: Conkeldurr
|faint|p2a: Thundurus
|
|-status|p1a: Conkeldurr|brn|[from] item: Flame Orb
|upkeep
|
|t:|1633882027
|switch|p2a: Skarmory|Skarmory, F|100/100
|-damage|p2a: Skarmory|88/100|[from] Stealth Rock
|turn|15
|
|t:|1633882037
|move|p2a: Skarmory|Iron Defense|p2a: Skarmory
|-boost|p2a: Skarmory|def|2
|move|p1a: Conkeldurr|Knock Off|p2a: Skarmory
|-damage|p2a: Skarmory|72/100
|-enditem|p2a: Skarmory|Leftovers|[from] move: Knock Off|[of] p1a: Conkeldurr
|
|-damage|p1a: Conkeldurr|88/100 brn|[from] brn
|upkeep
|turn|16
|
|t:|1633882049
|move|p2a: Skarmory|Body Press|p1a: Conkeldurr
|-damage|p1a: Conkeldurr|31/100 brn
|move|p1a: Conkeldurr|Thunder Punch|p2a: Skarmory
|-supereffective|p2a: Skarmory
|-damage|p2a: Skarmory|47/100
|
|-damage|p1a: Conkeldurr|24/100 brn|[from] brn
|upkeep
|turn|17
|
|t:|1633882058
|move|p2a: Skarmory|Body Press|p1a: Conkeldurr
|-damage|p1a: Conkeldurr|0 fnt
|faint|p1a: Conkeldurr
|
|upkeep
|
|t:|1633882062
|switch|p1a: Primarina|Primarina, F|100/100
|-damage|p1a: Primarina|88/100|[from] Stealth Rock
|turn|18
|
|t:|1633882075
|move|p2a: Skarmory|Body Press|p1a: Primarina
|-resisted|p1a: Primarina
|-damage|p1a: Primarina|64/100
|move|p1a: Primarina|Substitute|p1a: Primarina
|-start|p1a: Primarina|Substitute
|-damage|p1a: Primarina|39/100
|
|-heal|p1a: Primarina|45/100|[from] item: Leftovers
|upkeep
|turn|19
|
|t:|1633882083
|move|p2a: Skarmory|Body Press|p1a: Primarina
|-resisted|p1a: Primarina
|-activate|p1a: Primarina|move: Substitute|[damage]
|move|p1a: Primarina|Hyper Voice|p2a: Skarmory
|-damage|p2a: Skarmory|0 fnt
|faint|p2a: Skarmory
|
|-heal|p1a: Primarina|51/100|[from] item: Leftovers
|upkeep
|
|t:|1633882092
|switch|p2a: Roserade|Roserade, M|82/100
|turn|20
|
|t:|1633882100
|move|p2a: Roserade|Sludge Bomb|p1a: Primarina
|-supereffective|p1a: Primarina
|-end|p1a: Primarina|Substitute
|move|p1a: Primarina|Hyper Voice|p2a: Roserade
|-resisted|p2a: Roserade
|-damage|p2a: Roserade|58/100
|
|-heal|p1a: Primarina|57/100|[from] item: Leftovers
|upkeep
|turn|21
|
|t:|1633882108
|switch|p1a: Mandibuzz|Mandibuzz, F|100/100
|move|p2a: Roserade|Sludge Bomb|p1a: Mandibuzz
|-damage|p1a: Mandibuzz|73/100
|
|upkeep
|turn|22
|
|t:|1633882115
|move|p2a: Roserade|Toxic|p1a: Mandibuzz
|-status|p1a: Mandibuzz|tox
|move|p1a: Mandibuzz|Knock Off|p2a: Roserade
|-damage|p2a: Roserade|16/100
|-enditem|p2a: Roserade|Heavy-Duty Boots|[from] move: Knock Off|[of] p1a: Mandibuzz
|
|-damage|p1a: Mandibuzz|67/100 tox|[from] psn
|upkeep
|turn|23
|
|t:|1633882123
|move|p2a: Roserade|Synthesis|p2a: Roserade
|-heal|p2a: Roserade|66/100
|move|p1a: Mandibuzz|U-turn|p2a: Roserade
|-damage|p2a: Roserade|43/100
|-message|Miilootiic forfeited.
|
|win|gogole2021
|raw|Miilootiic's rating: 1312 &rarr; <strong>1297</strong><br />(-15 for losing)
|raw|gogole2021's rating: 1399 &rarr; <strong>1414</strong><br />(+15 for winning)
|l|☆Miilootiic
||Ladder isn't responding, score probably updated but might not have (Request timeout).
