|j|☆UULT91w udon
|j|☆UULT91w klam
|t:|1651710051
|gametype|singles
|player|p1|UULT91w udon|dawn|
|player|p2|UULT91w klam|pokemaniac|
|teamsize|p1|6
|teamsize|p2|6
|gen|8
|tier|[Gen 8] UU
|rated|Tournament battle
|rule|Sleep Clause Mod: Limit one foe put to sleep
|rule|Species Clause: Limit one of each Pokémon
|rule|OHKO Clause: OHKO moves are banned
|rule|Evasion Moves Clause: Evasion moves are banned
|rule|Endless Battle Clause: Forcing endless battles is banned
|rule|HP Percentage Mod: HP is shown in percentages
|rule|Dynamax Clause: You cannot dynamax
|clearpoke
|poke|p1|Hydreigon, M|
|poke|p1|Cobalion|
|poke|p1|Azumarill, M|
|poke|p1|Tangrowth, F|
|poke|p1|Moltres|
|poke|p1|Aegislash, M|
|poke|p2|Nidoking, M|
|poke|p2|Slowking, M|
|poke|p2|Amoonguss, M|
|poke|p2|Scizor, F|
|poke|p2|Hydreigon, F|
|poke|p2|Chansey, F|
|teampreview
|
|t:|1651710085
|start
|switch|p1a: Azumarill|Azumarill, M|100/100
|switch|p2a: Hydreigon|Hydreigon, F|100/100
|turn|1
|j| The Benz Mafia
|j| hariyana grande
|
|t:|1651710092
|move|p2a: Hydreigon|U-turn|p1a: Azumarill
|-resisted|p1a: Azumarill
|-damage|p1a: Azumarill|92/100
|
|t:|1651710094
|switch|p2a: Amoonguss|Amoonguss, M|100/100|[from]move: U-turn
|move|p1a: Azumarill|Knock Off|p2a: Amoonguss
|-damage|p2a: Amoonguss|55/100
|-damage|p1a: Azumarill|76/100|[from] item: Rocky Helmet|[of] p2a: Amoonguss
|-enditem|p2a: Amoonguss|Rocky Helmet|[from] move: Knock Off|[of] p1a: Azumarill
|
|upkeep
|turn|2
|
|t:|1651710104
|switch|p1a: Cobalion|Cobalion|100/100
|move|p2a: Amoonguss|Spore|p1a: Cobalion
|-status|p1a: Cobalion|slp|[from] move: Spore
|
|upkeep
|turn|3
|
|t:|1651710113
|switch|p2a: Nidoking|Nidoking, M|100/100
|cant|p1a: Cobalion|slp
|
|upkeep
|turn|4
|
|t:|1651710123
|switch|p1a: Moltres|Moltres|100/100
|move|p2a: Nidoking|Earth Power|p1a: Moltres
|-immune|p1a: Moltres
|
|upkeep
|turn|5
|
|t:|1651710135
|switch|p2a: Slowking|Slowking, M|100/100
|move|p1a: Moltres|Overheat|p2a: Slowking|[miss]
|-miss|p1a: Moltres|p2a: Slowking
|
|upkeep
|turn|6
|
|t:|1651710147
|move|p1a: Moltres|Hurricane|p2a: Slowking
|-damage|p2a: Slowking|55/100
|move|p2a: Slowking|Teleport|p2a: Slowking
|
|t:|1651710152
|switch|p2a: Chansey|Chansey, F|100/100|[from]move: Teleport
|
|upkeep
|turn|7
|j|+Aiyaru
|
|t:|1651710156
|switch|p1a: Aegislash|Aegislash, M|100/100
|move|p2a: Chansey|Stealth Rock|p1a: Aegislash
|-sidestart|p1: UULT91w udon|move: Stealth Rock
|
|upkeep
|turn|8
|
|t:|1651710163
|switch|p2a: Amoonguss|Amoonguss, M|88/100
|-formechange|p1a: Aegislash|Aegislash-Blade||[from] ability: Stance Change
|move|p1a: Aegislash|Close Combat|p2a: Amoonguss
|-resisted|p2a: Amoonguss
|-damage|p2a: Amoonguss|72/100
|-unboost|p1a: Aegislash|def|1
|-unboost|p1a: Aegislash|spd|1
|-damage|p1a: Aegislash|91/100|[from] item: Life Orb
|
|upkeep
|turn|9
|c|+Aiyaru|gm udongirl
|c|☆UULT91w klam|simp
|c|+Aiyaru|,
|c|☆UULT91w klam|jet sliding into dms with every user that has girl in the name
|c|+Aiyaru|,,
|
|t:|1651710201
|switch|p1a: Cobalion|Cobalion|100/100 slp
|-damage|p1a: Cobalion|97/100 slp|[from] Stealth Rock
|move|p2a: Amoonguss|Foul Play|p1a: Cobalion
|-resisted|p1a: Cobalion
|-damage|p1a: Cobalion|86/100 slp
|-damage|p2a: Amoonguss|56/100|[from] item: Rocky Helmet|[of] p1a: Cobalion
|-ability|p1a: Cobalion|Justified|boost
|-boost|p1a: Cobalion|atk|1
|
|upkeep
|turn|10
|c|+Aiyaru|wtf
|c|☆UULT91w klam|lmao
|
|t:|1651710208
|switch|p2a: Slowking|Slowking, M|89/100
|cant|p1a: Cobalion|slp
|
|upkeep
|turn|11
|
|t:|1651710213
|-curestatus|p1a: Cobalion|slp|[msg]
|move|p1a: Cobalion|Stealth Rock|p2a: Slowking
|-sidestart|p2: UULT91w klam|move: Stealth Rock
|move|p2a: Slowking|Future Sight|p1a: Cobalion
|-start|p2a: Slowking|move: Future Sight
|
|upkeep
|turn|12
|c|+Aiyaru|They're my captain for PSPL
|c|+Aiyaru|and my friend
|
|t:|1651710218
|move|p1a: Cobalion|Volt Switch|p2a: Slowking
|-supereffective|p2a: Slowking
|-damage|p2a: Slowking|69/100
|
|t:|1651710230
|switch|p1a: Tangrowth|Tangrowth, F|100/100|[from]move: Volt Switch
|-damage|p1a: Tangrowth|88/100|[from] Stealth Rock
|move|p2a: Slowking|Scald|p1a: Tangrowth
|-resisted|p1a: Tangrowth
|-damage|p1a: Tangrowth|80/100
|
|upkeep
|turn|13
|c|☆UULT91w klam|im just messing with you jet
|
|t:|1651710239
|switch|p1a: Hydreigon|Hydreigon, M|100/100
|-damage|p1a: Hydreigon|88/100|[from] Stealth Rock
|switch|p2a: Amoonguss|Amoonguss, M|89/100
|-damage|p2a: Amoonguss|76/100|[from] Stealth Rock
|
|-end|p1a: Hydreigon|move: Future Sight
|-immune|p1a: Hydreigon
|upkeep
|turn|14
|
|t:|1651710243
|switch|p2a: Chansey|Chansey, F|100/100
|-damage|p2a: Chansey|88/100|[from] Stealth Rock
|move|p1a: Hydreigon|Dark Pulse|p2a: Chansey
|-damage|p2a: Chansey|66/100
|
|upkeep
|turn|15
|c|+Aiyaru|ah
|
|t:|1651710257
|move|p1a: Hydreigon|Dark Pulse|p2a: Chansey
|-damage|p2a: Chansey|45/100
|move|p2a: Chansey|Soft-Boiled|p2a: Chansey
|-heal|p2a: Chansey|95/100
|
|upkeep
|turn|16
|
|t:|1651710262
|switch|p1a: Aegislash|Aegislash, M|91/100
|-damage|p1a: Aegislash|84/100|[from] Stealth Rock
|move|p2a: Chansey|Teleport|p2a: Chansey
|
|t:|1651710264
|switch|p2a: Scizor|Scizor, F|100/100|[from]move: Teleport
|-damage|p2a: Scizor|88/100|[from] Stealth Rock
|
|upkeep
|turn|17
|
|t:|1651710270
|switch|p1a: Cobalion|Cobalion|86/100
|-damage|p1a: Cobalion|83/100|[from] Stealth Rock
|move|p2a: Scizor|Knock Off|p1a: Cobalion
|-resisted|p1a: Cobalion
|-damage|p1a: Cobalion|60/100
|-damage|p2a: Scizor|71/100|[from] item: Rocky Helmet|[of] p1a: Cobalion
|-ability|p1a: Cobalion|Justified|boost
|-boost|p1a: Cobalion|atk|1
|-enditem|p1a: Cobalion|Rocky Helmet|[from] move: Knock Off|[of] p2a: Scizor
|
|upkeep
|turn|18
|
|t:|1651710275
|switch|p2a: Slowking|Slowking, M|100/100
|-damage|p2a: Slowking|88/100|[from] Stealth Rock
|move|p1a: Cobalion|Stone Edge|p2a: Slowking
|-damage|p2a: Slowking|58/100
|
|upkeep
|turn|19
|
|t:|1651710282
|move|p1a: Cobalion|Volt Switch|p2a: Slowking
|-supereffective|p2a: Slowking
|-damage|p2a: Slowking|35/100
|
|t:|1651710285
|switch|p1a: Aegislash|Aegislash, M|84/100|[from]move: Volt Switch
|-damage|p1a: Aegislash|78/100|[from] Stealth Rock
|move|p2a: Slowking|Slack Off|p2a: Slowking
|-heal|p2a: Slowking|85/100
|
|upkeep
|turn|20
|
|t:|1651710301
|switch|p2a: Amoonguss|Amoonguss, M|100/100
|-damage|p2a: Amoonguss|88/100|[from] Stealth Rock
|-formechange|p1a: Aegislash|Aegislash-Blade||[from] ability: Stance Change
|move|p1a: Aegislash|Close Combat|p2a: Amoonguss
|-resisted|p2a: Amoonguss
|-damage|p2a: Amoonguss|71/100
|-unboost|p1a: Aegislash|def|1
|-unboost|p1a: Aegislash|spd|1
|-damage|p1a: Aegislash|68/100|[from] item: Life Orb
|
|upkeep
|turn|21
|
|t:|1651710312
|switch|p1a: Hydreigon|Hydreigon, M|88/100
|-damage|p1a: Hydreigon|76/100|[from] Stealth Rock
|move|p2a: Amoonguss|Spore|p1a: Hydreigon
|-status|p1a: Hydreigon|slp|[from] move: Spore
|
|upkeep
|turn|22
|
|t:|1651710318
|switch|p2a: Chansey|Chansey, F|95/100
|-damage|p2a: Chansey|82/100|[from] Stealth Rock
|cant|p1a: Hydreigon|slp
|move|p1a: Hydreigon|Sleep Talk|p1a: Hydreigon
|move|p1a: Hydreigon|Fire Blast|p2a: Chansey|[from]move: Sleep Talk|[miss]
|-miss|p1a: Hydreigon|p2a: Chansey
|
|upkeep
|turn|23
|inactive|Battle timer is ON: inactive players will automatically lose when time's up. (requested by UULT91w klam)
|c|☆UULT91w udon|Sry to late aiyaru gm
|
|t:|1651710372
|switch|p1a: Aegislash|Aegislash, M|68/100
|-damage|p1a: Aegislash|62/100|[from] Stealth Rock
|move|p2a: Chansey|Teleport|p2a: Chansey
|inactive|UULT91w klam has 120 seconds left.
|
|t:|1651710417
|switch|p2a: Hydreigon|Hydreigon, F|100/100|[from]move: Teleport
|-damage|p2a: Hydreigon|88/100|[from] Stealth Rock
|
|upkeep
|turn|24
|
|t:|1651710427
|switch|p1a: Tangrowth|Tangrowth, F|100/100
|-damage|p1a: Tangrowth|88/100|[from] Stealth Rock
|move|p2a: Hydreigon|Dark Pulse|p1a: Tangrowth
|-damage|p1a: Tangrowth|61/100
|
|upkeep
|turn|25
|inactive|UULT91w klam has 120 seconds left.
|j| Peggegg
|j| Lucario•1582
|l| Lucario•1582
|
|t:|1651710444
|switch|p2a: Amoonguss|Amoonguss, M|100/100
|-damage|p2a: Amoonguss|88/100|[from] Stealth Rock
|switch|p1a: Moltres|Moltres|100/100
|
|upkeep
|turn|26
|inactive|UULT91w klam has 120 seconds left.
|
|t:|1651710459
|switch|p1a: Aegislash|Aegislash, M|62/100
|-damage|p1a: Aegislash|56/100|[from] Stealth Rock
|switch|p2a: Slowking|Slowking, M|100/100
|-damage|p2a: Slowking|88/100|[from] Stealth Rock
|
|upkeep
|turn|27
|
|t:|1651710465
|switch|p2a: Nidoking|Nidoking, M|100/100
|-damage|p2a: Nidoking|95/100|[from] Stealth Rock
|-formechange|p1a: Aegislash|Aegislash-Blade||[from] ability: Stance Change
|move|p1a: Aegislash|Shadow Ball|p2a: Nidoking
|-damage|p2a: Nidoking|0 fnt
|faint|p2a: Nidoking
|-damage|p1a: Aegislash|46/100|[from] item: Life Orb
|
|upkeep
|inactive|UULT91w klam has 120 seconds left.
|
|t:|1651710477
|switch|p2a: Scizor|Scizor, F|71/100
|-damage|p2a: Scizor|59/100|[from] Stealth Rock
|turn|28
|
|t:|1651710483
|switch|p1a: Moltres|Moltres|100/100
|move|p2a: Scizor|Superpower|p1a: Moltres
|-resisted|p1a: Moltres
|-damage|p1a: Moltres|62/100
|-unboost|p2a: Scizor|atk|1
|-unboost|p2a: Scizor|def|1
|
|upkeep
|turn|29
|
|t:|1651710510
|switch|p2a: Hydreigon|Hydreigon, F|88/100
|-damage|p2a: Hydreigon|76/100|[from] Stealth Rock
|move|p1a: Moltres|Overheat|p2a: Hydreigon
|-resisted|p2a: Hydreigon
|-damage|p2a: Hydreigon|33/100
|-unboost|p1a: Moltres|spa|2
|
|upkeep
|turn|30
|
|t:|1651710517
|switch|p1a: Tangrowth|Tangrowth, F|95/100
|-damage|p1a: Tangrowth|82/100|[from] Stealth Rock
|move|p2a: Hydreigon|U-turn|p1a: Tangrowth
|-supereffective|p1a: Tangrowth
|-damage|p1a: Tangrowth|60/100
|
|t:|1651710520
|switch|p2a: Scizor|Scizor, F|59/100|[from]move: U-turn
|-damage|p2a: Scizor|47/100|[from] Stealth Rock
|
|upkeep
|turn|31
|
|t:|1651710528
|switch|p1a: Cobalion|Cobalion|60/100
|-damage|p1a: Cobalion|57/100|[from] Stealth Rock
|move|p2a: Scizor|Knock Off|p1a: Cobalion
|-resisted|p1a: Cobalion
|-damage|p1a: Cobalion|41/100
|-ability|p1a: Cobalion|Justified|boost
|-boost|p1a: Cobalion|atk|1
|
|upkeep
|turn|32
|
|t:|1651710534
|switch|p2a: Slowking|Slowking, M|100/100
|-damage|p2a: Slowking|88/100|[from] Stealth Rock
|move|p1a: Cobalion|Close Combat|p2a: Slowking
|-resisted|p2a: Slowking
|-damage|p2a: Slowking|63/100
|-unboost|p1a: Cobalion|def|1
|-unboost|p1a: Cobalion|spd|1
|
|upkeep
|turn|33
|
|t:|1651710550
|move|p1a: Cobalion|Volt Switch|p2a: Slowking
|-supereffective|p2a: Slowking
|-damage|p2a: Slowking|44/100
|
|t:|1651710567
|switch|p1a: Aegislash|Aegislash, M|46/100|[from]move: Volt Switch
|-damage|p1a: Aegislash|40/100|[from] Stealth Rock
|move|p2a: Slowking|Scald|p1a: Aegislash
|-damage|p1a: Aegislash|18/100
|
|upkeep
|turn|34
|l| Peggegg
|
|t:|1651710581
|switch|p2a: Amoonguss|Amoonguss, M|100/100
|-damage|p2a: Amoonguss|88/100|[from] Stealth Rock
|-formechange|p1a: Aegislash|Aegislash-Blade||[from] ability: Stance Change
|move|p1a: Aegislash|Shadow Ball|p2a: Amoonguss
|-damage|p2a: Amoonguss|25/100
|-damage|p1a: Aegislash|8/100|[from] item: Life Orb
|
|upkeep
|turn|35
|
|t:|1651710597
|switch|p2a: Slowking|Slowking, M|77/100
|-damage|p2a: Slowking|64/100|[from] Stealth Rock
|move|p1a: Aegislash|Close Combat|p2a: Slowking
|-resisted|p2a: Slowking
|-damage|p2a: Slowking|48/100
|-unboost|p1a: Aegislash|def|1
|-unboost|p1a: Aegislash|spd|1
|-damage|p1a: Aegislash|0 fnt|[from] item: Life Orb
|faint|p1a: Aegislash
|
|upkeep
|
|t:|1651710605
|switch|p1a: Tangrowth|Tangrowth, F|94/100
|-damage|p1a: Tangrowth|81/100|[from] Stealth Rock
|turn|36
|
|t:|1651710612
|switch|p2a: Amoonguss|Amoonguss, M|59/100
|-damage|p2a: Amoonguss|46/100|[from] Stealth Rock
|move|p1a: Tangrowth|Sludge Bomb|p2a: Amoonguss
|-damage|p2a: Amoonguss|26/100
|
|upkeep
|turn|37
|
|t:|1651710622
|switch|p2a: Chansey|Chansey, F|82/100
|-damage|p2a: Chansey|70/100|[from] Stealth Rock
|move|p1a: Tangrowth|Knock Off|p2a: Chansey
|-damage|p2a: Chansey|56/100
|-enditem|p2a: Chansey|Eviolite|[from] move: Knock Off|[of] p1a: Tangrowth
|
|upkeep
|turn|38
|l| The Benz Mafia
|
|t:|1651710642
|move|p2a: Chansey|Soft-Boiled|p2a: Chansey
|-heal|p2a: Chansey|100/100
|move|p1a: Tangrowth|Power Whip|p2a: Chansey
|-damage|p2a: Chansey|62/100
|
|upkeep
|turn|39
|inactive|UULT91w udon has 120 seconds left.
|
|t:|1651710665
|switch|p2a: Amoonguss|Amoonguss, M|60/100
|-damage|p2a: Amoonguss|47/100|[from] Stealth Rock
|move|p1a: Tangrowth|Power Whip|p2a: Amoonguss
|-resisted|p2a: Amoonguss
|-damage|p2a: Amoonguss|40/100
|
|upkeep
|turn|40
|inactive|UULT91w udon has 120 seconds left.
|
|t:|1651710679
|switch|p1a: Hydreigon|Hydreigon, M|76/100 slp
|-damage|p1a: Hydreigon|64/100 slp|[from] Stealth Rock
|move|p2a: Amoonguss|Sludge Bomb|p1a: Hydreigon
|-damage|p1a: Hydreigon|36/100 slp
|
|upkeep
|turn|41
|
|t:|1651710684
|switch|p2a: Chansey|Chansey, F|62/100
|-damage|p2a: Chansey|50/100|[from] Stealth Rock
|-curestatus|p1a: Hydreigon|slp|[msg]
|move|p1a: Hydreigon|Draco Meteor|p2a: Chansey
|-damage|p2a: Chansey|4/100
|-unboost|p1a: Hydreigon|spa|2
|
|upkeep
|turn|42
|
|t:|1651710692
|move|p1a: Hydreigon|Draco Meteor|p2a: Chansey
|-damage|p2a: Chansey|0 fnt
|-unboost|p1a: Hydreigon|spa|2
|faint|p2a: Chansey
|
|upkeep
|
|t:|1651710697
|switch|p2a: Scizor|Scizor, F|47/100
|-damage|p2a: Scizor|34/100|[from] Stealth Rock
|turn|43
|
|t:|1651710705
|switch|p1a: Moltres|Moltres|62/100
|move|p2a: Scizor|Knock Off|p1a: Moltres
|-damage|p1a: Moltres|6/100
|-status|p2a: Scizor|brn|[from] ability: Flame Body|[of] p1a: Moltres
|-enditem|p1a: Moltres|Heavy-Duty Boots|[from] move: Knock Off|[of] p2a: Scizor
|
|-damage|p2a: Scizor|28/100 brn|[from] brn
|upkeep
|turn|44
|
|t:|1651710713
|switch|p2a: Slowking|Slowking, M|81/100
|-damage|p2a: Slowking|69/100|[from] Stealth Rock
|move|p1a: Moltres|Defog|p2a: Slowking
|-unboost|p2a: Slowking|evasion|1
|-sideend|p2: UULT91w klam|Stealth Rock|[from] move: Defog|[of] p1a: Moltres
|-sideend|p1: UULT91w udon|Stealth Rock|[from] move: Defog|[of] p1a: Moltres
|
|upkeep
|turn|45
|
|t:|1651710721
|move|p1a: Moltres|Hurricane|p2a: Slowking
|-damage|p2a: Slowking|24/100
|move|p2a: Slowking|Scald|p1a: Moltres
|-supereffective|p1a: Moltres
|-damage|p1a: Moltres|0 fnt
|faint|p1a: Moltres
|
|upkeep
|
|t:|1651710727
|switch|p1a: Hydreigon|Hydreigon, M|36/100
|turn|46
|
|t:|1651710739
|switch|p2a: Scizor|Scizor, F|28/100 brn
|move|p1a: Hydreigon|Dark Pulse|p2a: Scizor
|-damage|p2a: Scizor|0 fnt
|faint|p2a: Scizor
|
|upkeep
|
|t:|1651710751
|switch|p2a: Hydreigon|Hydreigon, F|33/100
|turn|47
|
|t:|1651710763
|switch|p1a: Tangrowth|Tangrowth, F|100/100
|move|p2a: Hydreigon|U-turn|p1a: Tangrowth
|-supereffective|p1a: Tangrowth
|-damage|p1a: Tangrowth|80/100
|
|t:|1651710765
|switch|p2a: Amoonguss|Amoonguss, M|73/100|[from]move: U-turn
|
|upkeep
|turn|48
|
|t:|1651710774
|switch|p1a: Hydreigon|Hydreigon, M|36/100
|move|p2a: Amoonguss|Spore|p1a: Hydreigon
|-status|p1a: Hydreigon|slp|[from] move: Spore
|
|upkeep
|turn|49
|
|t:|1651710776
|cant|p1a: Hydreigon|slp
|move|p1a: Hydreigon|Sleep Talk|p1a: Hydreigon
|move|p1a: Hydreigon|Dark Pulse|p2a: Amoonguss|[from]move: Sleep Talk
|-damage|p2a: Amoonguss|9/100
|move|p2a: Amoonguss|Sludge Bomb|p1a: Hydreigon
|-damage|p1a: Hydreigon|4/100 slp
|
|upkeep
|turn|50
|
|t:|1651710784
|switch|p2a: Hydreigon|Hydreigon, F|33/100
|-curestatus|p1a: Hydreigon|slp|[msg]
|move|p1a: Hydreigon|Sleep Talk||[still]
|-fail|p1a: Hydreigon
|
|upkeep
|turn|51
|inactive|UULT91w udon has 120 seconds left.
|
|t:|1651710816
|switch|p1a: Cobalion|Cobalion|41/100
|move|p2a: Hydreigon|U-turn|p1a: Cobalion
|-resisted|p1a: Cobalion
|-damage|p1a: Cobalion|38/100
|
|t:|1651710831
|switch|p2a: Slowking|Slowking, M|58/100|[from]move: U-turn
|
|upkeep
|turn|52
|
|t:|1651710834
|move|p1a: Cobalion|Stealth Rock|p2a: Slowking
|-sidestart|p2: UULT91w klam|move: Stealth Rock
|move|p2a: Slowking|Scald|p1a: Cobalion
|-damage|p1a: Cobalion|0 fnt
|faint|p1a: Cobalion
|
|upkeep
|
|t:|1651710838
|switch|p1a: Hydreigon|Hydreigon, M|4/100
|turn|53
|
|t:|1651710853
|move|p1a: Hydreigon|Dark Pulse|p2a: Slowking
|-supereffective|p2a: Slowking
|-enditem|p2a: Slowking|Colbur Berry|[eat]
|-enditem|p2a: Slowking|Colbur Berry|[weaken]
|-damage|p2a: Slowking|8/100
|move|p2a: Slowking|Scald|p1a: Hydreigon
|-resisted|p1a: Hydreigon
|-damage|p1a: Hydreigon|0 fnt
|faint|p1a: Hydreigon
|
|upkeep
|
|t:|1651710859
|switch|p1a: Azumarill|Azumarill, M|76/100
|turn|54
|
|t:|1651710864
|move|p1a: Azumarill|Liquidation|p2a: Slowking
|-resisted|p2a: Slowking
|-damage|p2a: Slowking|0 fnt
|faint|p2a: Slowking
|
|upkeep
|
|t:|1651710873
|switch|p2a: Amoonguss|Amoonguss, M|43/100
|-damage|p2a: Amoonguss|30/100|[from] Stealth Rock
|turn|55
|
|t:|1651710888
|switch|p2a: Hydreigon|Hydreigon, F|33/100
|-damage|p2a: Hydreigon|21/100|[from] Stealth Rock
|move|p1a: Azumarill|Liquidation|p2a: Hydreigon
|-resisted|p2a: Hydreigon
|-damage|p2a: Hydreigon|0 fnt
|faint|p2a: Hydreigon
|
|upkeep
|
|t:|1651710891
|switch|p2a: Amoonguss|Amoonguss, M|63/100
|-damage|p2a: Amoonguss|51/100|[from] Stealth Rock
|turn|56
|
|t:|1651710896
|move|p1a: Azumarill|Liquidation|p2a: Amoonguss
|-resisted|p2a: Amoonguss
|-damage|p2a: Amoonguss|23/100
|move|p2a: Amoonguss|Giga Drain|p1a: Azumarill
|-supereffective|p1a: Azumarill
|-damage|p1a: Azumarill|32/100
|-heal|p2a: Amoonguss|43/100|[from] drain|[of] p1a: Azumarill
|
|upkeep
|turn|57
|
|t:|1651710902
|move|p1a: Azumarill|Liquidation|p2a: Amoonguss
|-resisted|p2a: Amoonguss
|-damage|p2a: Amoonguss|14/100
|-unboost|p2a: Amoonguss|def|1
|move|p2a: Amoonguss|Giga Drain|p1a: Azumarill
|-supereffective|p1a: Azumarill
|-damage|p1a: Azumarill|0 fnt
|-heal|p2a: Amoonguss|29/100|[from] drain|[of] p1a: Azumarill
|faint|p1a: Azumarill
|
|upkeep
|
|t:|1651710905
|switch|p1a: Tangrowth|Tangrowth, F|100/100
|turn|58
|
|t:|1651710907
|move|p1a: Tangrowth|Earthquake|p2a: Amoonguss
|-damage|p2a: Amoonguss|6/100
|move|p2a: Amoonguss|Sludge Bomb|p1a: Tangrowth
|-supereffective|p1a: Tangrowth
|-damage|p1a: Tangrowth|66/100
|
|upkeep
|turn|59
|
|t:|1651710912
|move|p1a: Tangrowth|Earthquake|p2a: Amoonguss
|-damage|p2a: Amoonguss|0 fnt
|faint|p2a: Amoonguss
|
|win|UULT91w udon
|n|☆UULT91w udon|uult91wudon
|n|☆UULT91w klam|uult91wklam
|n| hariyana grande|hariyanagrande
|n| Aiyaru|aiyaru
|c|☆UULT91w udon|gg
|c|☆UULT91w klam|gg
|l|☆UULT91w udon
