|j|☆Exi_Dudi
|j|☆amogusroxyrrrr
|t:|1666814892
|gametype|singles
|player|p1|Exi_Dudi|doctor-gen8|
|player|p2|amogusroxyrrrr|saturn|
|teamsize|p1|6
|teamsize|p2|6
|gen|8
|tier|[Gen 8] UU
|rule|Sleep Clause Mod: Limit one foe put to sleep
|rule|Species Clause: Limit one of each Pokémon
|rule|OHKO Clause: OHKO moves are banned
|rule|Evasion Items Clause: Evasion items are banned
|rule|Evasion Moves Clause: Evasion moves are banned
|rule|Endless Battle Clause: Forcing endless battles is banned
|rule|HP Percentage Mod: HP is shown in percentages
|rule|Dynamax Clause: You cannot dynamax
|clearpoke
|poke|p1|Cramorant, F|
|poke|p1|Bewear, M|
|poke|p1|Hippowdon, M|
|poke|p1|Tangrowth, M|
|poke|p1|Chansey, F|
|poke|p1|Scizor, M|
|poke|p2|Zygarde-10%|
|poke|p2|Cobalion|
|poke|p2|Celesteela|
|poke|p2|Regieleki|
|poke|p2|Roserade, F|
|poke|p2|Slowking, M|
|teampreview
|c|☆amogusroxyrrrr|guhuh
|c|☆Exi_Dudi|glhf
|c|☆amogusroxyrrrr|glhf
|
|t:|1666814928
|start
|switch|p1a: Scizor|Scizor, M|100/100
|switch|p2a: Regieleki|Regieleki|100/100
|turn|1
|
|t:|1666814939
|move|p2a: Regieleki|Volt Switch|p1a: Scizor
|-damage|p1a: Scizor|48/100
|
|t:|1666814945
|switch|p2a: Cobalion|Cobalion|100/100|[from]move: Volt Switch
|move|p1a: Scizor|Knock Off|p2a: Cobalion
|-resisted|p2a: Cobalion
|-damage|p2a: Cobalion|87/100
|-ability|p2a: Cobalion|Justified|boost
|-boost|p2a: Cobalion|atk|1
|-enditem|p2a: Cobalion|Chople Berry|[from] move: Knock Off|[of] p1a: Scizor
|
|upkeep
|turn|2
|
|t:|1666814963
|switch|p1a: Hippowdon|Hippowdon, M|100/100
|-weather|Sandstorm|[from] ability: Sand Stream|[of] p1a: Hippowdon
|move|p2a: Cobalion|Stealth Rock|p1a: Hippowdon
|-sidestart|p1: Exi_Dudi|move: Stealth Rock
|
|-weather|Sandstorm|[upkeep]
|upkeep
|turn|3
|
|t:|1666814984
|switch|p2a: Celesteela|Celesteela|100/100
|move|p1a: Hippowdon|Stealth Rock|p2a: Celesteela
|-sidestart|p2: amogusroxyrrrr|move: Stealth Rock
|
|-weather|Sandstorm|[upkeep]
|upkeep
|turn|4
|
|t:|1666814994
|switch|p2a: Zygarde|Zygarde-10%|100/100
|-damage|p2a: Zygarde|94/100|[from] Stealth Rock
|-ability|p2a: Zygarde|Aura Break
|switch|p1a: Chansey|Chansey, F|100/100
|-damage|p1a: Chansey|88/100|[from] Stealth Rock
|
|-weather|Sandstorm|[upkeep]
|-damage|p1a: Chansey|82/100|[from] Sandstorm
|upkeep
|turn|5
|
|t:|1666815020
|switch|p2a: Roserade|Roserade, F, shiny|100/100
|-damage|p2a: Roserade|88/100|[from] Stealth Rock
|move|p1a: Chansey|Soft-Boiled|p1a: Chansey
|-heal|p1a: Chansey|100/100
|
|-weather|Sandstorm|[upkeep]
|-damage|p2a: Roserade|82/100|[from] Sandstorm
|-damage|p1a: Chansey|94/100|[from] Sandstorm
|-heal|p2a: Roserade|88/100|[from] item: Black Sludge
|upkeep
|turn|6
|
|t:|1666815037
|switch|p1a: Kazooie|Cramorant, F, shiny|100/100
|move|p2a: Roserade|Spikes|p1a: Kazooie
|-sidestart|p1: Exi_Dudi|Spikes
|
|-weather|none
|-heal|p2a: Roserade|94/100|[from] item: Black Sludge
|upkeep
|turn|7
|c|☆Exi_Dudi|fear it
|
|t:|1666815080
|move|p1a: Kazooie|Defog|p2a: Roserade
|-unboost|p2a: Roserade|evasion|1
|-sideend|p2: amogusroxyrrrr|Stealth Rock|[from] move: Defog|[of] p1a: Kazooie
|-sideend|p1: Exi_Dudi|Spikes|[from] move: Defog|[of] p1a: Kazooie
|-sideend|p1: Exi_Dudi|Stealth Rock|[from] move: Defog|[of] p1a: Kazooie
|move|p2a: Roserade|Sludge Bomb|p1a: Kazooie
|-damage|p1a: Kazooie|53/100
|-status|p1a: Kazooie|psn
|
|-heal|p2a: Roserade|100/100|[from] item: Black Sludge
|-damage|p1a: Kazooie|41/100 psn|[from] psn
|upkeep
|turn|8
|c|☆amogusroxyrrrr|i dont have a switch in
|c|☆Exi_Dudi|die
|
|t:|1666815115
|switch|p2a: Celesteela|Celesteela|100/100
|move|p1a: Kazooie|Hurricane|p2a: Celesteela
|-resisted|p2a: Celesteela
|-damage|p2a: Celesteela|88/100
|
|-heal|p2a: Celesteela|94/100|[from] item: Leftovers
|-damage|p1a: Kazooie|28/100 psn|[from] psn
|upkeep
|turn|9
|c|☆Exi_Dudi|oh fuck your defensive
|
|t:|1666815130
|move|p1a: Kazooie|Surf|p2a: Celesteela
|-formechange|p1a: Kazooie|Cramorant-Gorging|
|-damage|p2a: Celesteela|71/100
|move|p2a: Celesteela|Heavy Slam|p1a: Kazooie
|-resisted|p1a: Kazooie
|-damage|p1a: Kazooie|0 fnt
|-damage|p2a: Celesteela|46/100|[from] ability: Gulp Missile|[of] p1a: Kazooie
|-status|p2a: Celesteela|par
|-formechange|p1a: Kazooie|Cramorant|
|faint|p1a: Kazooie
|-ability|p2a: Celesteela|Beast Boost|boost
|-boost|p2a: Celesteela|spd|1
|
|-heal|p2a: Celesteela|52/100 par|[from] item: Leftovers
|upkeep
|c|☆amogusroxyrrrr|welp
|c|☆Exi_Dudi|that was a missclcik
|c|☆amogusroxyrrrr|someone was gonna take a para
|
|t:|1666815149
|switch|p1a: Banjo|Bewear, M, shiny|100/100
|turn|10
|c|☆amogusroxyrrrr|i mean it worked out
|c|☆amogusroxyrrrr|you can def para cheese me
|
|t:|1666815163
|move|p2a: Celesteela|Protect|p2a: Celesteela
|-singleturn|p2a: Celesteela|Protect
|move|p1a: Banjo|Close Combat|p2a: Celesteela
|-activate|p2a: Celesteela|move: Protect
|
|-heal|p2a: Celesteela|58/100 par|[from] item: Leftovers
|upkeep
|turn|11
|c|☆Exi_Dudi|coward
|
|t:|1666815171
|switch|p2a: Slowking|Slowking, M|100/100
|move|p1a: Banjo|Close Combat|p2a: Slowking
|-resisted|p2a: Slowking
|-damage|p2a: Slowking|69/100
|-unboost|p1a: Banjo|def|1
|-unboost|p1a: Banjo|spd|1
|
|upkeep
|turn|12
|
|t:|1666815178
|switch|p1a: Scizor|Scizor, M|48/100
|move|p2a: Slowking|Teleport|p2a: Slowking
|c|☆amogusroxyrrrr|bewear scary
|c|☆Exi_Dudi|wait
|c|☆Exi_Dudi|i click edge
|c|☆amogusroxyrrrr|its alot bulkier than you think it is
|c|☆Exi_Dudi|and kill
|
|t:|1666815216
|switch|p2a: Regieleki|Regieleki|100/100|[from]move: Teleport
|
|upkeep
|turn|13
|
|t:|1666815229
|switch|p2a: Roserade|Roserade, F, shiny|100/100
|switch|p1a: Hippowdon|Hippowdon, M|100/100
|-weather|Sandstorm|[from] ability: Sand Stream|[of] p1a: Hippowdon
|
|-weather|Sandstorm|[upkeep]
|-damage|p2a: Roserade|94/100|[from] Sandstorm
|-heal|p2a: Roserade|100/100|[from] item: Black Sludge
|upkeep
|turn|14
|
|t:|1666815235
|move|p2a: Roserade|Spikes|p1a: Hippowdon
|-sidestart|p1: Exi_Dudi|Spikes
|move|p1a: Hippowdon|Stealth Rock|p2a: Roserade
|-sidestart|p2: amogusroxyrrrr|move: Stealth Rock
|
|-weather|Sandstorm|[upkeep]
|-damage|p2a: Roserade|94/100|[from] Sandstorm
|-heal|p2a: Roserade|100/100|[from] item: Black Sludge
|upkeep
|turn|15
|
|t:|1666815246
|move|p2a: Roserade|Spikes|p1a: Hippowdon
|-sidestart|p1: Exi_Dudi|Spikes
|move|p1a: Hippowdon|Earthquake|p2a: Roserade
|-damage|p2a: Roserade|52/100
|
|-weather|Sandstorm|[upkeep]
|-damage|p2a: Roserade|45/100|[from] Sandstorm
|-heal|p2a: Roserade|52/100|[from] item: Black Sludge
|upkeep
|turn|16
|
|t:|1666815252
|move|p2a: Roserade|Giga Drain|p1a: Hippowdon
|-supereffective|p1a: Hippowdon
|-damage|p1a: Hippowdon|46/100
|-heal|p2a: Roserade|87/100|[from] drain|[of] p1a: Hippowdon
|move|p1a: Hippowdon|Earthquake|p2a: Roserade
|-damage|p2a: Roserade|39/100
|
|-weather|Sandstorm|[upkeep]
|-damage|p2a: Roserade|33/100|[from] Sandstorm
|-heal|p2a: Roserade|39/100|[from] item: Black Sludge
|-heal|p1a: Hippowdon|52/100|[from] item: Leftovers
|upkeep
|turn|17
|
|t:|1666815258
|switch|p1a: Scizor|Scizor, M|48/100
|move|p2a: Roserade|Giga Drain|p1a: Scizor
|-resisted|p1a: Scizor
|-damage|p1a: Scizor|40/100
|-heal|p2a: Roserade|43/100|[from] drain|[of] p1a: Scizor
|
|-weather|none
|-heal|p2a: Roserade|49/100|[from] item: Black Sludge
|upkeep
|turn|18
|
|t:|1666815266
|switch|p2a: Celesteela|Celesteela|58/100 par
|-damage|p2a: Celesteela|46/100 par|[from] Stealth Rock
|move|p1a: Scizor|Knock Off|p2a: Celesteela
|-damage|p2a: Celesteela|21/100 par
|-enditem|p2a: Celesteela|Leftovers|[from] move: Knock Off|[of] p1a: Scizor
|
|upkeep
|turn|19
|
|t:|1666815280
|move|p1a: Scizor|Knock Off|p2a: Celesteela
|-damage|p2a: Celesteela|3/100 par
|move|p2a: Celesteela|Leech Seed|p1a: Scizor
|-start|p1a: Scizor|move: Leech Seed
|
|-damage|p1a: Scizor|28/100|[from] Leech Seed|[of] p2a: Celesteela
|-heal|p2a: Celesteela|13/100 par|[silent]
|upkeep
|turn|20
|
|t:|1666815287
|move|p2a: Celesteela|Protect|p2a: Celesteela
|-singleturn|p2a: Celesteela|Protect
|move|p1a: Scizor|Knock Off|p2a: Celesteela
|-activate|p2a: Celesteela|move: Protect
|
|-damage|p1a: Scizor|16/100|[from] Leech Seed|[of] p2a: Celesteela
|-heal|p2a: Celesteela|24/100 par|[silent]
|upkeep
|turn|21
|
|t:|1666815292
|move|p1a: Scizor|U-turn|p2a: Celesteela
|-resisted|p2a: Celesteela
|-crit|p2a: Celesteela
|-damage|p2a: Celesteela|13/100 par
|
|t:|1666815296
|switch|p1a: Banjo|Bewear, M, shiny|100/100|[from]move: U-turn
|-damage|p1a: Banjo|84/100|[from] Spikes
|move|p2a: Celesteela|Flamethrower|p1a: Banjo
|-damage|p1a: Banjo|27/100
|
|upkeep
|turn|22
|
|t:|1666815302
|move|p1a: Banjo|Drain Punch|p2a: Celesteela
|-damage|p2a: Celesteela|0 fnt
|-heal|p1a: Banjo|34/100|[from] drain|[of] p2a: Celesteela
|faint|p2a: Celesteela
|
|upkeep
|
|t:|1666815308
|switch|p2a: Zygarde|Zygarde-10%|94/100
|-damage|p2a: Zygarde|88/100|[from] Stealth Rock
|-ability|p2a: Zygarde|Aura Break
|turn|23
|
|t:|1666815319
|switch|p1a: Tangrowth|Tangrowth, M|100/100
|-damage|p1a: Tangrowth|84/100|[from] Spikes
|move|p2a: Zygarde|Thousand Arrows|p1a: Tangrowth
|-resisted|p1a: Tangrowth
|-damage|p1a: Tangrowth|68/100
|
|upkeep
|turn|24
|
|t:|1666815325
|switch|p2a: Regieleki|Regieleki|100/100
|move|p1a: Tangrowth|Knock Off|p2a: Regieleki
|-damage|p2a: Regieleki|59/100
|-enditem|p2a: Regieleki|Heavy-Duty Boots|[from] move: Knock Off|[of] p1a: Tangrowth
|
|upkeep
|turn|25
|
|t:|1666815330
|move|p2a: Regieleki|Rapid Spin|p1a: Tangrowth
|-damage|p1a: Tangrowth|61/100
|-boost|p2a: Regieleki|spe|1
|-sideend|p2: amogusroxyrrrr|Stealth Rock|[from] move: Rapid Spin|[of] p2a: Regieleki
|move|p1a: Tangrowth|Power Whip|p2a: Regieleki
|-damage|p2a: Regieleki|0 fnt
|faint|p2a: Regieleki
|
|upkeep
|
|t:|1666815333
|switch|p2a: Roserade|Roserade, F, shiny|49/100
|turn|26
|
|t:|1666815337
|move|p2a: Roserade|Spikes|p1a: Tangrowth
|-sidestart|p1: Exi_Dudi|Spikes
|move|p1a: Tangrowth|Sludge Bomb|p2a: Roserade
|-damage|p2a: Roserade|29/100
|
|-heal|p2a: Roserade|35/100|[from] item: Black Sludge
|upkeep
|turn|27
|
|t:|1666815342
|move|p2a: Roserade|Synthesis|p2a: Roserade
|-heal|p2a: Roserade|85/100
|move|p1a: Tangrowth|Knock Off|p2a: Roserade
|-damage|p2a: Roserade|57/100
|-enditem|p2a: Roserade|Black Sludge|[from] move: Knock Off|[of] p1a: Tangrowth
|
|upkeep
|turn|28
|
|t:|1666815348
|switch|p1a: Scizor|Scizor, M|16/100
|move|p2a: Roserade|Sludge Bomb|p1a: Scizor
|-immune|p1a: Scizor
|
|upkeep
|turn|29
|
|t:|1666815354
|move|p2a: Roserade|Synthesis|p2a: Roserade
|-heal|p2a: Roserade|100/100
|move|p1a: Scizor|Roost|p1a: Scizor
|-heal|p1a: Scizor|66/100
|-singleturn|p1a: Scizor|move: Roost
|
|upkeep
|turn|30
|
|t:|1666815373
|switch|p2a: Cobalion|Cobalion|87/100
|move|p1a: Scizor|U-turn|p2a: Cobalion
|-resisted|p2a: Cobalion
|-damage|p2a: Cobalion|80/100
|
|t:|1666815379
|switch|p1a: Tangrowth|Tangrowth, M|94/100|[from]move: U-turn
|-damage|p1a: Tangrowth|69/100|[from] Spikes
|
|upkeep
|turn|31
|
|t:|1666815385
|move|p2a: Cobalion|Stealth Rock|p1a: Tangrowth
|-sidestart|p1: Exi_Dudi|move: Stealth Rock
|move|p1a: Tangrowth|Focus Blast|p2a: Cobalion
|-supereffective|p2a: Cobalion
|-damage|p2a: Cobalion|0 fnt
|faint|p2a: Cobalion
|
|upkeep
|c|☆Exi_Dudi|yay
|c|☆amogusroxyrrrr|who lands a focus blast
|c|☆amogusroxyrrrr|smh
|
|t:|1666815398
|switch|p2a: Roserade|Roserade, F, shiny|100/100
|turn|32
|
|t:|1666815403
|switch|p2a: Zygarde|Zygarde-10%|88/100
|-ability|p2a: Zygarde|Aura Break
|switch|p1a: Scizor|Scizor, M|66/100
|
|upkeep
|turn|33
|
|t:|1666815407
|move|p1a: Scizor|Bullet Punch|p2a: Zygarde
|-damage|p2a: Zygarde|38/100
|move|p2a: Zygarde|Thousand Arrows|p1a: Scizor
|-damage|p1a: Scizor|10/100
|
|upkeep
|turn|34
|
|t:|1666815413
|switch|p2a: Roserade|Roserade, F, shiny|100/100
|move|p1a: Scizor|Bullet Punch|p2a: Roserade
|-damage|p2a: Roserade|63/100
|
|upkeep
|turn|35
|
|t:|1666815417
|switch|p2a: Slowking|Slowking, M|100/100
|move|p1a: Scizor|Roost|p1a: Scizor
|-heal|p1a: Scizor|61/100
|-singleturn|p1a: Scizor|move: Roost
|
|upkeep
|turn|36
|
|t:|1666815421
|move|p1a: Scizor|U-turn|p2a: Slowking
|-supereffective|p2a: Slowking
|-damage|p2a: Slowking|47/100
|j| Liz Angeles
|
|t:|1666815424
|switch|p1a: Tangrowth|Tangrowth, M|100/100|[from]move: U-turn
|-damage|p1a: Tangrowth|75/100|[from] Spikes
|-damage|p1a: Tangrowth|63/100|[from] Stealth Rock
|move|p2a: Slowking|Teleport|p2a: Slowking
|
|t:|1666815428
|switch|p2a: Zygarde|Zygarde-10%|38/100|[from]move: Teleport
|-ability|p2a: Zygarde|Aura Break
|
|upkeep
|turn|37
|
|t:|1666815454
|switch|p2a: Roserade|Roserade, F, shiny|63/100
|move|p1a: Tangrowth|Knock Off|p2a: Roserade
|-damage|p2a: Roserade|43/100
|
|upkeep
|turn|38
|
|t:|1666815459
|switch|p1a: Scizor|Scizor, M|61/100
|move|p2a: Roserade|Synthesis|p2a: Roserade
|-heal|p2a: Roserade|93/100
|
|upkeep
|turn|39
|
|t:|1666815468
|move|p2a: Roserade|Giga Drain|p1a: Scizor
|-resisted|p1a: Scizor
|-damage|p1a: Scizor|53/100
|-heal|p2a: Roserade|97/100|[from] drain|[of] p1a: Scizor
|move|p1a: Scizor|Knock Off|p2a: Roserade
|-damage|p2a: Roserade|72/100
|
|upkeep
|turn|40
|c|☆Exi_Dudi|i think i win
|c|☆amogusroxyrrrr|i have hp fire switch out
|c|☆Exi_Dudi|dw for bewear
|c|☆amogusroxyrrrr|(real)
|
|t:|1666815493
|move|p2a: Roserade|Giga Drain|p1a: Scizor
|-resisted|p1a: Scizor
|-damage|p1a: Scizor|45/100
|-heal|p2a: Roserade|77/100|[from] drain|[of] p1a: Scizor
|move|p1a: Scizor|U-turn|p2a: Roserade
|-damage|p2a: Roserade|37/100
|
|t:|1666815500
|switch|p1a: Chansey|Chansey, F|94/100|[from]move: U-turn
|-damage|p1a: Chansey|69/100|[from] Spikes
|-damage|p1a: Chansey|57/100|[from] Stealth Rock
|
|upkeep
|turn|41
|
|t:|1666815504
|move|p2a: Roserade|Synthesis|p2a: Roserade
|-heal|p2a: Roserade|87/100
|move|p1a: Chansey|Seismic Toss|p2a: Roserade
|-damage|p2a: Roserade|56/100
|
|upkeep
|turn|42
|
|t:|1666815509
|move|p2a: Roserade|Synthesis|p2a: Roserade
|-heal|p2a: Roserade|100/100
|move|p1a: Chansey|Seismic Toss|p2a: Roserade
|-damage|p2a: Roserade|69/100
|
|upkeep
|turn|43
|
|t:|1666815511
|move|p2a: Roserade|Sludge Bomb|p1a: Chansey
|-damage|p1a: Chansey|46/100
|-status|p1a: Chansey|psn
|move|p1a: Chansey|Seismic Toss|p2a: Roserade
|-damage|p2a: Roserade|38/100
|
|-damage|p1a: Chansey|33/100 psn|[from] psn
|upkeep
|turn|44
|
|t:|1666815516
|move|p2a: Roserade|Synthesis|p2a: Roserade
|-heal|p2a: Roserade|88/100
|move|p1a: Chansey|Seismic Toss|p2a: Roserade
|-damage|p2a: Roserade|57/100
|
|-damage|p1a: Chansey|21/100 psn|[from] psn
|upkeep
|turn|45
|
|t:|1666815525
|move|p2a: Roserade|Giga Drain|p1a: Chansey
|-damage|p1a: Chansey|10/100 psn
|-heal|p2a: Roserade|68/100|[from] drain|[of] p1a: Chansey
|move|p1a: Chansey|Soft-Boiled|p1a: Chansey
|-heal|p1a: Chansey|60/100 psn
|
|-damage|p1a: Chansey|48/100 psn|[from] psn
|upkeep
|turn|46
|
|t:|1666815529
|move|p2a: Roserade|Giga Drain|p1a: Chansey
|-damage|p1a: Chansey|38/100 psn
|-heal|p2a: Roserade|79/100|[from] drain|[of] p1a: Chansey
|move|p1a: Chansey|Soft-Boiled|p1a: Chansey
|-heal|p1a: Chansey|88/100 psn
|
|-damage|p1a: Chansey|75/100 psn|[from] psn
|upkeep
|turn|47
|
|t:|1666815534
|switch|p2a: Slowking|Slowking, M|80/100
|move|p1a: Chansey|Heal Bell|p1a: Chansey
|-activate|p1a: Chansey|move: Heal Bell
|-curestatus|p1a: Chansey|psn|[msg]
|
|upkeep
|turn|48
|
|t:|1666815540
|move|p1a: Chansey|Toxic|p2a: Slowking
|-status|p2a: Slowking|tox
|move|p2a: Slowking|Teleport|p2a: Slowking
|
|t:|1666815543
|switch|p2a: Zygarde|Zygarde-10%|38/100|[from]move: Teleport
|-ability|p2a: Zygarde|Aura Break
|
|upkeep
|turn|49
|
|t:|1666815548
|move|p2a: Zygarde|Outrage|p1a: Chansey
|-damage|p1a: Chansey|22/100
|move|p1a: Chansey|Seismic Toss|p2a: Zygarde
|-damage|p2a: Zygarde|0 fnt
|faint|p2a: Zygarde
|
|upkeep
|c|☆Exi_Dudi|gg
|c|☆amogusroxyrrrr|gg
|
|t:|1666815555
|switch|p2a: Roserade|Roserade, F, shiny|79/100
|turn|50
|
|t:|1666815559
|move|p2a: Roserade|Sludge Bomb|p1a: Chansey
|-damage|p1a: Chansey|10/100
|move|p1a: Chansey|Soft-Boiled|p1a: Chansey
|-heal|p1a: Chansey|60/100
|
|upkeep
|turn|51
|-message|amogusroxyrrrr forfeited.
|
|win|Exi_Dudi
