|j|☆Corporate Donkey
|j|☆bvbjonas98
|t:|1660168354
|gametype|singles
|player|p1|Corporate Donkey|ingo|1453
|player|p2|bvbjonas98|wattson|1469
|teamsize|p1|6
|teamsize|p2|6
|gen|8
|tier|[Gen 8] UU
|rated|
|rule|Sleep Clause Mod: Limit one foe put to sleep
|rule|Species Clause: Limit one of each Pokémon
|rule|OHKO Clause: OHKO moves are banned
|rule|Evasion Items Clause: Evasion items are banned
|rule|Evasion Moves Clause: Evasion moves are banned
|rule|Endless Battle Clause: Forcing endless battles is banned
|rule|HP Percentage Mod: HP is shown in percentages
|rule|Dynamax Clause: You cannot dynamax
|clearpoke
|poke|p1|Rhyperior, M|
|poke|p1|Hydreigon, M|
|poke|p1|Cobalion|
|poke|p1|Necrozma|
|poke|p1|Primarina, F|
|poke|p1|Tangrowth, M|
|poke|p2|Conkeldurr, M|
|poke|p2|Primarina, M|
|poke|p2|Rotom-Heat|
|poke|p2|Excadrill, F|
|poke|p2|Salamence, M|
|poke|p2|Zarude-Dada|
|teampreview
|inactive|Battle timer is ON: inactive players will automatically lose when time's up. (requested by bvbjonas98)
|c|☆Corporate Donkey|gl hf
|
|t:|1660168385
|start
|switch|p1a: Ricardo|Hydreigon, M|100/100
|switch|p2a: Primarina|Primarina, M|100/100
|turn|1
|
|t:|1660168392
|move|p1a: Ricardo|U-turn|p2a: Primarina
|-resisted|p2a: Primarina
|-damage|p2a: Primarina|89/100
|
|t:|1660168394
|switch|p1a: Boyardee|Tangrowth, M|100/100|[from]move: U-turn
|move|p2a: Primarina|Moonblast|p1a: Boyardee
|-damage|p1a: Boyardee|45/100
|
|upkeep
|turn|2
|inactive|Corporate Donkey has 120 seconds left.
|inactive|Corporate Donkey has 90 seconds left.
|
|t:|1660168462
|switch|p1a: Ricardo|Hydreigon, M|100/100
|move|p2a: Primarina|Moonblast|p1a: Ricardo
|-supereffective|p1a: Ricardo
|-damage|p1a: Ricardo|0 fnt
|faint|p1a: Ricardo
|
|upkeep
|
|t:|1660168466
|switch|p1a: Boyardee|Tangrowth, M|78/100
|turn|3
|
|t:|1660168473
|switch|p2a: Rotom|Rotom-Heat|100/100
|move|p1a: Boyardee|Knock Off|p2a: Rotom
|-damage|p2a: Rotom|76/100
|-enditem|p2a: Rotom|Heavy-Duty Boots|[from] move: Knock Off|[of] p1a: Boyardee
|
|upkeep
|turn|4
|
|t:|1660168483
|switch|p1a: Brewster|Rhyperior, M|100/100
|move|p2a: Rotom|Pain Split|p1a: Brewster
|-sethp|p1a: Brewster|77/100|[from] move: Pain Split|[silent]
|-sethp|p2a: Rotom|100/100|[from] move: Pain Split
|
|-heal|p1a: Brewster|83/100|[from] item: Leftovers
|upkeep
|turn|5
|l|☆bvbjonas98
|inactive|bvbjonas98 disconnected and has a minute to reconnect!
|player|p2|
|j|☆bvbjonas98
|inactive|bvbjonas98 reconnected and has 115 seconds left.
|player|p2|bvbjonas98|wattson
|
|t:|1660168523
|switch|p2a: Primarina|Primarina, M|89/100
|move|p1a: Brewster|Stealth Rock|p2a: Primarina
|-sidestart|p2: bvbjonas98|move: Stealth Rock
|
|-heal|p1a: Brewster|89/100|[from] item: Leftovers
|upkeep
|turn|6
|inactive|Corporate Donkey has 120 seconds left.
|
|t:|1660168532
|switch|p1a: Sirena|Primarina, F|100/100
|move|p2a: Primarina|Moonblast|p1a: Sirena
|-damage|p1a: Sirena|47/100
|-unboost|p1a: Sirena|spa|1
|
|-heal|p1a: Sirena|54/100|[from] item: Leftovers
|upkeep
|turn|7
|inactive|bvbjonas98 has 120 seconds left.
|inactive|Corporate Donkey has 120 seconds left.
|
|t:|1660168551
|move|p2a: Primarina|Moonblast|p1a: Sirena
|-damage|p1a: Sirena|2/100
|move|p1a: Sirena|Moonblast|p2a: Primarina
|-damage|p2a: Primarina|63/100
|
|-heal|p1a: Sirena|8/100|[from] item: Leftovers
|upkeep
|turn|8
|inactive|Corporate Donkey has 120 seconds left.
|
|t:|1660168559
|move|p2a: Primarina|Moonblast|p1a: Sirena
|-damage|p1a: Sirena|0 fnt
|faint|p1a: Sirena
|
|upkeep
|
|t:|1660168561
|switch|p1a: Boyardee|Tangrowth, M|100/100
|turn|9
|
|t:|1660168568
|switch|p2a: Rotom|Rotom-Heat|100/100
|-damage|p2a: Rotom|76/100|[from] Stealth Rock
|move|p1a: Boyardee|Sludge Bomb|p2a: Rotom
|-damage|p2a: Rotom|57/100
|
|upkeep
|turn|10
|
|t:|1660168575
|switch|p1a: Pyrike|Necrozma|100/100
|move|p2a: Rotom|Pain Split|p1a: Pyrike
|-sethp|p1a: Pyrike|72/100|[from] move: Pain Split|[silent]
|-sethp|p2a: Rotom|94/100|[from] move: Pain Split
|
|upkeep
|turn|11
|
|t:|1660168582
|move|p2a: Rotom|Volt Switch|p1a: Pyrike
|-damage|p1a: Pyrike|49/100
|
|t:|1660168594
|switch|p2a: Zarude|Zarude-Dada|100/100|[from]move: Volt Switch
|-damage|p2a: Zarude|88/100|[from] Stealth Rock
|move|p1a: Pyrike|Calm Mind|p1a: Pyrike
|-boost|p1a: Pyrike|spa|1
|-boost|p1a: Pyrike|spd|1
|
|upkeep
|turn|12
|
|t:|1660168602
|switch|p1a: Horacio|Cobalion|100/100
|move|p2a: Zarude|Darkest Lariat|p1a: Horacio
|-resisted|p1a: Horacio
|-damage|p1a: Horacio|82/100
|-damage|p2a: Zarude|72/100|[from] item: Rocky Helmet|[of] p1a: Horacio
|-ability|p1a: Horacio|Justified|boost
|-boost|p1a: Horacio|atk|1
|
|upkeep
|turn|13
|
|t:|1660168611
|switch|p2a: Salamence|Salamence, M|100/100
|-damage|p2a: Salamence|76/100|[from] Stealth Rock
|-ability|p2a: Salamence|Intimidate|boost
|-unboost|p1a: Horacio|atk|1
|move|p1a: Horacio|Swords Dance|p1a: Horacio
|-boost|p1a: Horacio|atk|2
|
|upkeep
|turn|14
|
|t:|1660168620
|move|p1a: Horacio|Stone Edge|p2a: Salamence
|-supereffective|p2a: Salamence
|-crit|p2a: Salamence
|-damage|p2a: Salamence|0 fnt
|faint|p2a: Salamence
|
|upkeep
|
|t:|1660168631
|switch|p2a: Conkeldurr|Conkeldurr, M|100/100
|-damage|p2a: Conkeldurr|95/100|[from] Stealth Rock
|turn|15
|
|t:|1660168646
|switch|p1a: Boyardee|Tangrowth, M|100/100
|move|p2a: Conkeldurr|Drain Punch|p1a: Boyardee
|-damage|p1a: Boyardee|74/100
|-heal|p2a: Conkeldurr|100/100|[from] drain|[of] p1a: Boyardee
|
|-status|p2a: Conkeldurr|brn|[from] item: Flame Orb
|upkeep
|turn|16
|
|t:|1660168656
|move|p2a: Conkeldurr|Knock Off|p1a: Boyardee
|-damage|p1a: Boyardee|38/100
|-enditem|p1a: Boyardee|Assault Vest|[from] move: Knock Off|[of] p2a: Conkeldurr
|move|p1a: Boyardee|Power Whip|p2a: Conkeldurr
|-damage|p2a: Conkeldurr|59/100 brn
|
|-damage|p2a: Conkeldurr|53/100 brn|[from] brn
|upkeep
|turn|17
|
|t:|1660168665
|move|p2a: Conkeldurr|Drain Punch|p1a: Boyardee
|-damage|p1a: Boyardee|0 fnt
|-heal|p2a: Conkeldurr|75/100 brn|[from] drain|[of] p1a: Boyardee
|faint|p1a: Boyardee
|
|-damage|p2a: Conkeldurr|69/100 brn|[from] brn
|upkeep
|
|t:|1660168668
|switch|p1a: Pyrike|Necrozma|49/100
|turn|18
|
|t:|1660168676
|switch|p2a: Excadrill|Excadrill, F|100/100
|-damage|p2a: Excadrill|97/100|[from] Stealth Rock
|-ability|p2a: Excadrill|Mold Breaker
|move|p1a: Pyrike|Photon Geyser|p2a: Excadrill
|-resisted|p2a: Excadrill
|-damage|p2a: Excadrill|79/100
|
|-heal|p2a: Excadrill|85/100|[from] item: Leftovers
|upkeep
|turn|19
|
|t:|1660168689
|move|p2a: Excadrill|Rapid Spin|p1a: Pyrike
|-damage|p1a: Pyrike|39/100
|-boost|p2a: Excadrill|spe|1
|-sideend|p2: bvbjonas98|Stealth Rock|[from] move: Rapid Spin|[of] p2a: Excadrill
|move|p1a: Pyrike|Moonlight|p1a: Pyrike
|-heal|p1a: Pyrike|89/100
|
|-heal|p2a: Excadrill|92/100|[from] item: Leftovers
|upkeep
|turn|20
|
|t:|1660168697
|move|p2a: Excadrill|Stealth Rock|p1a: Pyrike
|-sidestart|p1: Corporate Donkey|move: Stealth Rock
|move|p1a: Pyrike|Calm Mind|p1a: Pyrike
|-boost|p1a: Pyrike|spa|1
|-boost|p1a: Pyrike|spd|1
|
|-heal|p2a: Excadrill|98/100|[from] item: Leftovers
|upkeep
|turn|21
|
|t:|1660168707
|move|p2a: Excadrill|Earthquake|p1a: Pyrike
|-damage|p1a: Pyrike|55/100
|move|p1a: Pyrike|Calm Mind|p1a: Pyrike
|-boost|p1a: Pyrike|spa|1
|-boost|p1a: Pyrike|spd|1
|
|-heal|p2a: Excadrill|100/100|[from] item: Leftovers
|upkeep
|turn|22
|
|t:|1660168720
|switch|p2a: Zarude|Zarude-Dada|72/100
|move|p1a: Pyrike|Moonlight|p1a: Pyrike
|-heal|p1a: Pyrike|100/100
|
|upkeep
|turn|23
|
|t:|1660168727
|switch|p1a: Horacio|Cobalion|82/100
|-damage|p1a: Horacio|79/100|[from] Stealth Rock
|move|p2a: Zarude|Power Whip|p1a: Horacio
|-resisted|p1a: Horacio
|-crit|p1a: Horacio
|-damage|p1a: Horacio|44/100
|-damage|p2a: Zarude|55/100|[from] item: Rocky Helmet|[of] p1a: Horacio
|
|upkeep
|turn|24
|
|t:|1660168744
|switch|p2a: Rotom|Rotom-Heat|94/100
|move|p1a: Horacio|Close Combat|p2a: Rotom
|-damage|p2a: Rotom|45/100
|-unboost|p1a: Horacio|def|1
|-unboost|p1a: Horacio|spd|1
|
|upkeep
|turn|25
|
|t:|1660168755
|switch|p1a: Brewster|Rhyperior, M|89/100
|-damage|p1a: Brewster|83/100|[from] Stealth Rock
|move|p2a: Rotom|Volt Switch|p1a: Brewster
|-immune|p1a: Brewster
|
|-heal|p1a: Brewster|89/100|[from] item: Leftovers
|upkeep
|turn|26
|
|t:|1660168764
|move|p2a: Rotom|Pain Split|p1a: Brewster
|-sethp|p1a: Brewster|60/100|[from] move: Pain Split|[silent]
|-sethp|p2a: Rotom|86/100|[from] move: Pain Split
|move|p1a: Brewster|Stealth Rock|p2a: Rotom
|-sidestart|p2: bvbjonas98|move: Stealth Rock
|
|-heal|p1a: Brewster|67/100|[from] item: Leftovers
|upkeep
|turn|27
|
|t:|1660168772
|move|p2a: Rotom|Overheat|p1a: Brewster
|-resisted|p1a: Brewster
|-damage|p1a: Brewster|49/100
|-unboost|p2a: Rotom|spa|2
|move|p1a: Brewster|Toxic|p2a: Rotom
|-status|p2a: Rotom|tox
|
|-heal|p1a: Brewster|56/100|[from] item: Leftovers
|-damage|p2a: Rotom|80/100 tox|[from] psn
|upkeep
|turn|28
|
|t:|1660168788
|move|p2a: Rotom|Overheat|p1a: Brewster
|-resisted|p1a: Brewster
|-damage|p1a: Brewster|45/100
|-unboost|p2a: Rotom|spa|2
|move|p1a: Brewster|Earthquake|p2a: Rotom
|-immune|p2a: Rotom|[from] ability: Levitate
|
|-heal|p1a: Brewster|51/100|[from] item: Leftovers
|-damage|p2a: Rotom|68/100 tox|[from] psn
|upkeep
|turn|29
|
|t:|1660168801
|move|p2a: Rotom|Nasty Plot|p2a: Rotom
|-boost|p2a: Rotom|spa|2
|move|p1a: Brewster|Earthquake|p2a: Rotom
|-immune|p2a: Rotom|[from] ability: Levitate
|
|-heal|p1a: Brewster|58/100|[from] item: Leftovers
|-damage|p2a: Rotom|51/100 tox|[from] psn
|upkeep
|turn|30
|
|t:|1660168809
|move|p2a: Rotom|Nasty Plot|p2a: Rotom
|-boost|p2a: Rotom|spa|2
|move|p1a: Brewster|Stone Edge|p2a: Rotom
|-supereffective|p2a: Rotom
|-damage|p2a: Rotom|0 fnt
|faint|p2a: Rotom
|
|-heal|p1a: Brewster|64/100|[from] item: Leftovers
|upkeep
|
|t:|1660168819
|switch|p2a: Primarina|Primarina, M|63/100
|-damage|p2a: Primarina|50/100|[from] Stealth Rock
|turn|31
|
|t:|1660168827
|move|p2a: Primarina|Moonblast|p1a: Brewster
|-damage|p1a: Brewster|1/100
|-unboost|p1a: Brewster|spa|1
|move|p1a: Brewster|Earthquake|p2a: Primarina
|-damage|p2a: Primarina|0 fnt
|faint|p2a: Primarina
|
|-heal|p1a: Brewster|7/100|[from] item: Leftovers
|upkeep
|
|t:|1660168838
|switch|p2a: Conkeldurr|Conkeldurr, M|69/100 brn
|-damage|p2a: Conkeldurr|63/100 brn|[from] Stealth Rock
|turn|32
|
|t:|1660168843
|move|p2a: Conkeldurr|Drain Punch|p1a: Brewster
|-supereffective|p1a: Brewster
|-damage|p1a: Brewster|0 fnt
|-heal|p2a: Conkeldurr|68/100 brn|[from] drain|[of] p1a: Brewster
|faint|p1a: Brewster
|
|-damage|p2a: Conkeldurr|62/100 brn|[from] brn
|upkeep
|
|t:|1660168846
|switch|p1a: Pyrike|Necrozma|100/100
|-damage|p1a: Pyrike|88/100|[from] Stealth Rock
|turn|33
|
|t:|1660168859
|move|p1a: Pyrike|Photon Geyser|p2a: Conkeldurr
|-supereffective|p2a: Conkeldurr
|-damage|p2a: Conkeldurr|0 fnt
|faint|p2a: Conkeldurr
|
|upkeep
|
|t:|1660168866
|switch|p2a: Zarude|Zarude-Dada|55/100
|-damage|p2a: Zarude|43/100|[from] Stealth Rock
|turn|34
|
|t:|1660168870
|switch|p1a: Horacio|Cobalion|44/100
|-damage|p1a: Horacio|41/100|[from] Stealth Rock
|move|p2a: Zarude|Close Combat|p1a: Horacio
|-supereffective|p1a: Horacio
|-damage|p1a: Horacio|0 fnt
|-unboost|p2a: Zarude|def|1
|-unboost|p2a: Zarude|spd|1
|-damage|p2a: Zarude|26/100|[from] item: Rocky Helmet|[of] p1a: Horacio
|faint|p1a: Horacio
|
|upkeep
|
|t:|1660168872
|switch|p1a: Pyrike|Necrozma|88/100
|-damage|p1a: Pyrike|76/100|[from] Stealth Rock
|turn|35
|
|t:|1660168883
|switch|p2a: Excadrill|Excadrill, F|100/100
|-damage|p2a: Excadrill|97/100|[from] Stealth Rock
|-ability|p2a: Excadrill|Mold Breaker
|move|p1a: Pyrike|Heat Wave|p2a: Excadrill
|-supereffective|p2a: Excadrill
|-damage|p2a: Excadrill|48/100
|-status|p2a: Excadrill|brn
|
|-heal|p2a: Excadrill|54/100 brn|[from] item: Leftovers
|-damage|p2a: Excadrill|48/100 brn|[from] brn
|upkeep
|turn|36
|j| zeth96
|
|t:|1660168895
|move|p2a: Excadrill|Iron Head|p1a: Pyrike
|-damage|p1a: Pyrike|63/100
|cant|p1a: Pyrike|flinch
|
|-heal|p2a: Excadrill|54/100 brn|[from] item: Leftovers
|-damage|p2a: Excadrill|48/100 brn|[from] brn
|upkeep
|turn|37
|
|t:|1660168904
|move|p2a: Excadrill|Rapid Spin|p1a: Pyrike
|-damage|p1a: Pyrike|58/100
|-boost|p2a: Excadrill|spe|1
|-sideend|p2: bvbjonas98|Stealth Rock|[from] move: Rapid Spin|[of] p2a: Excadrill
|move|p1a: Pyrike|Moonlight|p1a: Pyrike
|-heal|p1a: Pyrike|100/100
|
|-heal|p2a: Excadrill|54/100 brn|[from] item: Leftovers
|-damage|p2a: Excadrill|48/100 brn|[from] brn
|upkeep
|turn|38
|
|t:|1660168914
|move|p2a: Excadrill|Iron Head|p1a: Pyrike
|-damage|p1a: Pyrike|87/100
|move|p1a: Pyrike|Heat Wave|p2a: Excadrill
|-supereffective|p2a: Excadrill
|-damage|p2a: Excadrill|2/100 brn
|
|-heal|p2a: Excadrill|9/100 brn|[from] item: Leftovers
|-damage|p2a: Excadrill|2/100 brn|[from] brn
|upkeep
|turn|39
|
|t:|1660168923
|move|p2a: Excadrill|Earthquake|p1a: Pyrike
|-damage|p1a: Pyrike|71/100
|move|p1a: Pyrike|Moonlight|p1a: Pyrike
|-heal|p1a: Pyrike|100/100
|
|-heal|p2a: Excadrill|9/100 brn|[from] item: Leftovers
|-damage|p2a: Excadrill|2/100 brn|[from] brn
|upkeep
|turn|40
|
|t:|1660168936
|move|p2a: Excadrill|Iron Head|p1a: Pyrike
|-damage|p1a: Pyrike|87/100
|move|p1a: Pyrike|Heat Wave|p2a: Excadrill
|-supereffective|p2a: Excadrill
|-damage|p2a: Excadrill|0 fnt
|faint|p2a: Excadrill
|
|upkeep
|
|t:|1660168943
|switch|p2a: Zarude|Zarude-Dada|26/100
|turn|41
|
|t:|1660168947
|move|p2a: Zarude|Darkest Lariat|p1a: Pyrike
|-supereffective|p1a: Pyrike
|-damage|p1a: Pyrike|45/100
|move|p1a: Pyrike|Heat Wave|p2a: Zarude
|-supereffective|p2a: Zarude
|-damage|p2a: Zarude|0 fnt
|faint|p2a: Zarude
|
|win|Corporate Donkey
|raw|Corporate Donkey's rating: 1453 &rarr; <strong>1474</strong><br />(+21 for winning)
|raw|bvbjonas98's rating: 1469 &rarr; <strong>1448</strong><br />(-21 for losing)
|c|☆Corporate Donkey|gg
|l|☆bvbjonas98
|l| zeth96
||Ladder isn't responding, score probably updated but might not have (Request timeout).
