|j|☆DugZaッ
|j|☆MegaTotomon
|t:|1666455121
|gametype|singles
|player|p1|DugZaッ|#scl2machines|
|player|p2|MegaTotomon|fantina|
|teamsize|p1|6
|teamsize|p2|6
|gen|8
|tier|[Gen 8] UU
|rule|Sleep Clause Mod: Limit one foe put to sleep
|rule|Species Clause: Limit one of each Pokémon
|rule|OHKO Clause: OHKO moves are banned
|rule|Evasion Items Clause: Evasion items are banned
|rule|Evasion Moves Clause: Evasion moves are banned
|rule|Endless Battle Clause: Forcing endless battles is banned
|rule|HP Percentage Mod: HP is shown in percentages
|rule|Dynamax Clause: You cannot dynamax
|clearpoke
|poke|p1|Togekiss, M|
|poke|p1|Mamoswine, M|
|poke|p1|Cobalion|
|poke|p1|Slowking, F|
|poke|p1|Zygarde-10%|
|poke|p1|Amoonguss, M|
|poke|p2|Skarmory, M|
|poke|p2|Excadrill, M|
|poke|p2|Nihilego|
|poke|p2|Tangrowth, M|
|poke|p2|Primarina, M|
|poke|p2|Noivern, F|
|teampreview
|c|☆DugZaッ|hf
|c|☆MegaTotomon|u2
|c|☆DugZaッ|/log DugZaッ made this room public.
|j|+Floss
|
|t:|1666455171
|start
|switch|p1a: Mamoswine|Mamoswine, M|100/100
|switch|p2a: Bird|Skarmory, M|100/100
|turn|1
|
|t:|1666455178
|switch|p1a: Amoonguss|Amoonguss, M|100/100
|move|p2a: Bird|Body Press|p1a: Amoonguss
|-resisted|p1a: Amoonguss
|-damage|p1a: Amoonguss|88/100
|-enditem|p1a: Amoonguss|Eject Button
|
|t:|1666455184
|switch|p1a: Slowking|Slowking, F|100/100
|
|upkeep
|turn|2
|
|t:|1666455191
|switch|p2a: Vines|Tangrowth, M|100/100
|move|p1a: Slowking|Scald|p2a: Vines
|-resisted|p2a: Vines
|-damage|p2a: Vines|92/100
|
|upkeep
|turn|3
|
|t:|1666455197
|move|p2a: Vines|Power Whip|p1a: Slowking
|-supereffective|p1a: Slowking
|-damage|p1a: Slowking|45/100
|-enditem|p1a: Slowking|Eject Button
|
|t:|1666455203
|switch|p1a: Mamoswine|Mamoswine, M|100/100
|
|upkeep
|turn|4
|
|t:|1666455220
|switch|p2a: Bird|Skarmory, M|100/100
|move|p1a: Mamoswine|Knock Off|p2a: Bird
|-damage|p2a: Bird|68/100
|-damage|p1a: Mamoswine|84/100|[from] item: Rocky Helmet|[of] p2a: Bird
|-enditem|p2a: Bird|Rocky Helmet|[from] move: Knock Off|[of] p1a: Mamoswine
|-damage|p1a: Mamoswine|74/100|[from] item: Life Orb
|
|upkeep
|turn|5
|
|t:|1666455225
|move|p1a: Mamoswine|Icicle Crash|p2a: Bird|[miss]
|-miss|p1a: Mamoswine|p2a: Bird
|move|p2a: Bird|Roost|p2a: Bird
|-heal|p2a: Bird|100/100
|-singleturn|p2a: Bird|move: Roost
|
|upkeep
|turn|6
|
|t:|1666455230
|switch|p1a: Amoonguss|Amoonguss, M|100/100
|move|p2a: Bird|Spikes|p1a: Amoonguss
|-sidestart|p1: DugZaッ|Spikes
|
|upkeep
|turn|7
|
|t:|1666455239
|switch|p2a: Jelly|Nihilego|100/100
|move|p1a: Amoonguss|Spore|p2a: Jelly
|-status|p2a: Jelly|slp|[from] move: Spore
|
|upkeep
|turn|8
|
|t:|1666455248
|switch|p2a: Mole|Excadrill, M|100/100
|-ability|p2a: Mole|Mold Breaker
|switch|p1a: Zygarde|Zygarde-10%|100/100
|-damage|p1a: Zygarde|88/100|[from] Spikes
|-ability|p1a: Zygarde|Aura Break
|
|upkeep
|turn|9
|
|t:|1666455260
|switch|p2a: Vines|Tangrowth, M|100/100
|move|p1a: Zygarde|Toxic|p2a: Vines
|-status|p2a: Vines|tox
|
|-damage|p2a: Vines|94/100 tox|[from] psn
|upkeep
|turn|10
|
|t:|1666455271
|switch|p1a: Togekiss|Togekiss, M|100/100
|switch|p2a: Prime Rib Na|Primarina, M|100/100
|
|upkeep
|turn|11
|
|t:|1666455275
|switch|p2a: Mole|Excadrill, M|100/100
|-ability|p2a: Mole|Mold Breaker
|move|p1a: Togekiss|Thunder Wave|p2a: Mole
|-immune|p2a: Mole
|
|upkeep
|turn|12
|
|t:|1666455282
|switch|p1a: Cobalion|Cobalion|100/100
|-damage|p1a: Cobalion|88/100|[from] Spikes
|move|p2a: Mole|Swords Dance|p2a: Mole
|-boost|p2a: Mole|atk|2
|
|upkeep
|turn|13
|
|t:|1666455285
|switch|p2a: Bat|Noivern, F|100/100
|move|p1a: Cobalion|Close Combat|p2a: Bat
|-resisted|p2a: Bat
|-damage|p2a: Bat|70/100
|-unboost|p1a: Cobalion|def|1
|-unboost|p1a: Cobalion|spd|1
|
|upkeep
|turn|14
|
|t:|1666455290
|switch|p1a: Slowking|Slowking, F|78/100
|-damage|p1a: Slowking|66/100|[from] Spikes
|move|p2a: Bat|U-turn|p1a: Slowking
|-supereffective|p1a: Slowking
|-damage|p1a: Slowking|50/100
|
|t:|1666455295
|switch|p2a: Prime Rib Na|Primarina, M|100/100|[from]move: U-turn
|
|upkeep
|turn|15
|
|t:|1666455298
|switch|p1a: Amoonguss|Amoonguss, M|100/100
|-damage|p1a: Amoonguss|88/100|[from] Spikes
|move|p2a: Prime Rib Na|Moonblast|p1a: Amoonguss
|-resisted|p1a: Amoonguss
|-damage|p1a: Amoonguss|51/100
|
|upkeep
|turn|16
|
|t:|1666455303
|switch|p2a: Bird|Skarmory, M|100/100
|move|p1a: Amoonguss|Sludge Bomb|p2a: Bird
|-immune|p2a: Bird
|
|upkeep
|turn|17
|
|t:|1666455308
|switch|p1a: Slowking|Slowking, F|83/100
|-damage|p1a: Slowking|70/100|[from] Spikes
|move|p2a: Bird|Spikes|p1a: Slowking
|-sidestart|p1: DugZaッ|Spikes
|
|upkeep
|turn|18
|
|t:|1666455312
|switch|p2a: Vines|Tangrowth, M|100/100 tox
|move|p1a: Slowking|Future Sight|p2a: Vines
|-start|p1a: Slowking|move: Future Sight
|
|-damage|p2a: Vines|94/100 tox|[from] psn
|upkeep
|turn|19
|
|t:|1666455318
|move|p2a: Vines|Power Whip|p1a: Slowking
|-supereffective|p1a: Slowking
|-damage|p1a: Slowking|8/100
|move|p1a: Slowking|Teleport|p1a: Slowking
|
|t:|1666455324
|switch|p1a: Mamoswine|Mamoswine, M|74/100|[from]move: Teleport
|-damage|p1a: Mamoswine|57/100|[from] Spikes
|
|-damage|p2a: Vines|82/100 tox|[from] psn
|upkeep
|turn|20
|j| spooken' nukem
|l| spooken' nukem
|
|t:|1666455335
|switch|p2a: Bird|Skarmory, M|100/100
|move|p1a: Mamoswine|Icicle Crash|p2a: Bird|[miss]
|-miss|p1a: Mamoswine|p2a: Bird
|
|-end|p2a: Bird|move: Future Sight
|-resisted|p2a: Bird
|-crit|p2a: Bird
|-damage|p2a: Bird|60/100
|upkeep
|turn|21
|
|t:|1666455345
|move|p1a: Mamoswine|Icicle Crash|p2a: Bird
|-damage|p2a: Bird|17/100
|-damage|p1a: Mamoswine|47/100|[from] item: Life Orb
|move|p2a: Bird|Roost|p2a: Bird
|-heal|p2a: Bird|67/100
|-singleturn|p2a: Bird|move: Roost
|
|upkeep
|turn|22
|
|t:|1666455348
|move|p1a: Mamoswine|Icicle Crash|p2a: Bird
|-damage|p2a: Bird|25/100
|-damage|p1a: Mamoswine|37/100|[from] item: Life Orb
|cant|p2a: Bird|flinch
|
|upkeep
|turn|23
|
|t:|1666455353
|move|p1a: Mamoswine|Icicle Crash|p2a: Bird
|-damage|p2a: Bird|0 fnt
|faint|p2a: Bird
|-damage|p1a: Mamoswine|27/100|[from] item: Life Orb
|
|upkeep
|
|t:|1666455356
|switch|p2a: Mole|Excadrill, M|100/100
|-ability|p2a: Mole|Mold Breaker
|turn|24
|
|t:|1666455364
|move|p2a: Mole|Earthquake|p1a: Mamoswine
|-damage|p1a: Mamoswine|0 fnt
|faint|p1a: Mamoswine
|
|upkeep
|
|t:|1666455367
|switch|p1a: Cobalion|Cobalion|88/100
|-damage|p1a: Cobalion|72/100|[from] Spikes
|turn|25
|
|t:|1666455371
|switch|p2a: Prime Rib Na|Primarina, M|100/100
|move|p1a: Cobalion|Close Combat|p2a: Prime Rib Na
|-resisted|p2a: Prime Rib Na
|-damage|p2a: Prime Rib Na|64/100
|-unboost|p1a: Cobalion|def|1
|-unboost|p1a: Cobalion|spd|1
|
|upkeep
|turn|26
|
|t:|1666455378
|switch|p1a: Togekiss|Togekiss, M|100/100
|move|p2a: Prime Rib Na|Moonblast|p1a: Togekiss
|-damage|p1a: Togekiss|40/100
|
|upkeep
|turn|27
|
|t:|1666455384
|move|p1a: Togekiss|Air Slash|p2a: Prime Rib Na
|-damage|p2a: Prime Rib Na|34/100
|cant|p2a: Prime Rib Na|flinch
|
|upkeep
|turn|28
|
|t:|1666455388
|switch|p2a: Mole|Excadrill, M|100/100
|-ability|p2a: Mole|Mold Breaker
|move|p1a: Togekiss|Roost|p1a: Togekiss
|-heal|p1a: Togekiss|90/100
|-singleturn|p1a: Togekiss|move: Roost
|
|upkeep
|turn|29
|
|t:|1666455392
|switch|p1a: Cobalion|Cobalion|72/100
|-damage|p1a: Cobalion|55/100|[from] Spikes
|move|p2a: Mole|Rapid Spin|p1a: Cobalion
|-resisted|p1a: Cobalion
|-damage|p1a: Cobalion|48/100
|-boost|p2a: Mole|spe|1
|-damage|p2a: Mole|84/100|[from] item: Rocky Helmet|[of] p1a: Cobalion
|
|-heal|p2a: Mole|90/100|[from] item: Leftovers
|upkeep
|turn|30
|
|t:|1666455396
|switch|p1a: Slowking|Slowking, F|41/100
|-damage|p1a: Slowking|25/100|[from] Spikes
|move|p2a: Mole|Earthquake|p1a: Slowking
|-damage|p1a: Slowking|0 fnt
|faint|p1a: Slowking
|
|-heal|p2a: Mole|96/100|[from] item: Leftovers
|upkeep
|
|t:|1666455398
|switch|p1a: Amoonguss|Amoonguss, M|84/100
|-damage|p1a: Amoonguss|68/100|[from] Spikes
|turn|31
|
|t:|1666455410
|switch|p2a: Bat|Noivern, F|70/100
|move|p1a: Amoonguss|Foul Play|p2a: Bat
|-damage|p2a: Bat|50/100
|
|upkeep
|turn|32
|
|t:|1666455416
|move|p2a: Bat|Flamethrower|p1a: Amoonguss
|-supereffective|p1a: Amoonguss
|-damage|p1a: Amoonguss|22/100
|move|p1a: Amoonguss|Sludge Bomb|p2a: Bat
|-damage|p2a: Bat|17/100
|
|upkeep
|turn|33
|
|t:|1666455423
|move|p2a: Bat|Flamethrower|p1a: Amoonguss
|-supereffective|p1a: Amoonguss
|-damage|p1a: Amoonguss|0 fnt
|faint|p1a: Amoonguss
|
|upkeep
|
|t:|1666455428
|switch|p1a: Zygarde|Zygarde-10%|88/100
|-damage|p1a: Zygarde|72/100|[from] Spikes
|-ability|p1a: Zygarde|Aura Break
|turn|34
|
|t:|1666455432
|switch|p2a: Vines|Tangrowth, M|100/100 tox
|move|p1a: Zygarde|Outrage|p2a: Vines
|-damage|p2a: Vines|47/100 tox
|
|-damage|p2a: Vines|41/100 tox|[from] psn
|upkeep
|turn|35
|
|t:|1666455435
|switch|p2a: Prime Rib Na|Primarina, M|34/100
|move|p1a: Zygarde|Outrage|p2a: Prime Rib Na|[from]lockedmove
|-immune|p2a: Prime Rib Na
|-start|p1a: Zygarde|confusion|[fatigue]
|
|upkeep
|turn|36
|
|t:|1666455443
|-activate|p1a: Zygarde|confusion
|-damage|p1a: Zygarde|51/100|[from] confusion
|move|p2a: Prime Rib Na|Hydro Pump|p1a: Zygarde
|-damage|p1a: Zygarde|0 fnt
|faint|p1a: Zygarde
|
|upkeep
|c|☆DugZaッ|gg
|-message|DugZaッ forfeited.
|
|win|MegaTotomon
|l|☆DugZaッ
|c|☆MegaTotomon|gg
