|j|☆Mimilucha
|j|☆ZaraSensei
|t:|1667127476
|gametype|singles
|player|p1|Mimilucha|ethan-masters|
|player|p2|ZaraSensei|winona|
|teamsize|p1|6
|teamsize|p2|6
|gen|8
|tier|[Gen 8] UU
|rule|Sleep Clause Mod: Limit one foe put to sleep
|rule|Species Clause: Limit one of each Pokémon
|rule|OHKO Clause: OHKO moves are banned
|rule|Evasion Items Clause: Evasion items are banned
|rule|Evasion Moves Clause: Evasion moves are banned
|rule|Endless Battle Clause: Forcing endless battles is banned
|rule|HP Percentage Mod: HP is shown in percentages
|rule|Dynamax Clause: You cannot dynamax
|clearpoke
|poke|p1|Hippowdon, M|
|poke|p1|Zarude|
|poke|p1|Slowking, F|
|poke|p1|Salazzle, F|
|poke|p1|Salamence, F|
|poke|p1|Scizor, M|
|poke|p2|Suicune|
|poke|p2|Jirachi|
|poke|p2|Tapu Bulu|
|poke|p2|Salamence, F|
|poke|p2|Zygarde-10%|
|poke|p2|Nihilego|
|teampreview
|inactive|Battle timer is ON: inactive players will automatically lose when time's up. (requested by Mimilucha)
|c|☆ZaraSensei|acheffe
|c|☆Mimilucha|hache effe
|inactive|ZaraSensei has 270 seconds left.
|
|t:|1667127520
|start
|switch|p1a: Slowking|Slowking, F|100/100
|switch|p2a: Jirachi|Jirachi|100/100
|turn|1
|
|t:|1667127539
|move|p2a: Jirachi|U-turn|p1a: Slowking
|-supereffective|p1a: Slowking
|-damage|p1a: Slowking|73/100
|
|t:|1667127553
|switch|p2a: Tapu Bulu|Tapu Bulu|100/100|[from]move: U-turn
|-fieldstart|move: Grassy Terrain|[from] ability: Grassy Surge|[of] p2a: Tapu Bulu
|move|p1a: Slowking|Thunder Wave|p2a: Tapu Bulu
|-status|p2a: Tapu Bulu|par
|
|-heal|p1a: Slowking|79/100|[from] Grassy Terrain
|upkeep
|turn|2
|inactive|ZaraSensei has 270 seconds left.
|
|t:|1667127585
|switch|p2a: Nihilego|Nihilego|100/100
|switch|p1a: Scizor|Scizor, M|100/100
|
|upkeep
|turn|3
|c|☆Mimilucha|/log Mimilucha made this room public.
|
|t:|1667127604
|switch|p2a: Salamence|Salamence, F|100/100
|-ability|p2a: Salamence|Intimidate|boost
|-unboost|p1a: Scizor|atk|1
|move|p1a: Scizor|Knock Off|p2a: Salamence
|-damage|p2a: Salamence|86/100
|-enditem|p2a: Salamence|Heavy-Duty Boots|[from] move: Knock Off|[of] p1a: Scizor
|
|upkeep
|turn|4
|inactive|ZaraSensei has 240 seconds left.
|
|t:|1667127630
|switch|p2a: Suicune|Suicune|100/100
|-ability|p2a: Suicune|Pressure
|switch|p1a: Hippowdon|Hippowdon, M|100/100
|-weather|Sandstorm|[from] ability: Sand Stream|[of] p1a: Hippowdon
|
|-weather|Sandstorm|[upkeep]
|-damage|p2a: Suicune|94/100|[from] Sandstorm
|-heal|p2a: Suicune|100/100|[from] Grassy Terrain
|upkeep
|turn|5
|inactive|ZaraSensei has 240 seconds left.
|
|t:|1667127664
|switch|p1a: Slowking|Slowking, F|100/100
|move|p2a: Suicune|Substitute|p2a: Suicune
|-start|p2a: Suicune|Substitute
|-damage|p2a: Suicune|75/100
|
|-weather|Sandstorm|[upkeep]
|-damage|p2a: Suicune|69/100|[from] Sandstorm
|-damage|p1a: Slowking|94/100|[from] Sandstorm
|-heal|p2a: Suicune|75/100|[from] Grassy Terrain
|-heal|p2a: Suicune|82/100|[from] item: Leftovers
|-heal|p1a: Slowking|100/100|[from] Grassy Terrain
|-fieldend|move: Grassy Terrain
|upkeep
|turn|6
|
|t:|1667127670
|move|p2a: Suicune|Calm Mind|p2a: Suicune
|-boost|p2a: Suicune|spa|1
|-boost|p2a: Suicune|spd|1
|move|p1a: Slowking|Teleport|p1a: Slowking
|
|t:|1667127672
|switch|p1a: Salazzle|Salazzle, F|100/100|[from]move: Teleport
|
|-weather|Sandstorm|[upkeep]
|-damage|p1a: Salazzle|94/100|[from] Sandstorm
|-damage|p2a: Suicune|75/100|[from] Sandstorm
|-heal|p2a: Suicune|82/100|[from] item: Leftovers
|upkeep
|turn|7
|
|t:|1667127679
|move|p1a: Salazzle|Encore|p2a: Suicune
|-start|p2a: Suicune|Encore
|move|p2a: Suicune|Calm Mind|p2a: Suicune
|-boost|p2a: Suicune|spa|1
|-boost|p2a: Suicune|spd|1
|
|-weather|Sandstorm|[upkeep]
|-damage|p1a: Salazzle|88/100|[from] Sandstorm
|-damage|p2a: Suicune|75/100|[from] Sandstorm
|-heal|p2a: Suicune|82/100|[from] item: Leftovers
|upkeep
|turn|8
|inactive|ZaraSensei has 240 seconds left.
|
|t:|1667127689
|switch|p2a: Nihilego|Nihilego|100/100
|move|p1a: Salazzle|Knock Off|p2a: Nihilego
|-damage|p2a: Nihilego|80/100
|-enditem|p2a: Nihilego|Black Sludge|[from] move: Knock Off|[of] p1a: Salazzle
|
|-weather|none
|upkeep
|turn|9
|
|t:|1667127697
|switch|p1a: Hippowdon|Hippowdon, M|100/100
|-weather|Sandstorm|[from] ability: Sand Stream|[of] p1a: Hippowdon
|move|p2a: Nihilego|Stealth Rock|p1a: Hippowdon
|-sidestart|p1: Mimilucha|move: Stealth Rock
|
|-weather|Sandstorm|[upkeep]
|upkeep
|turn|10
|j| Scavet
|
|t:|1667127702
|move|p2a: Nihilego|Grass Knot|p1a: Hippowdon
|-supereffective|p1a: Hippowdon
|-damage|p1a: Hippowdon|39/100
|move|p1a: Hippowdon|Stealth Rock|p2a: Nihilego
|-sidestart|p2: ZaraSensei|move: Stealth Rock
|
|-weather|Sandstorm|[upkeep]
|-heal|p1a: Hippowdon|45/100|[from] item: Leftovers
|upkeep
|turn|11
|inactive|ZaraSensei has 240 seconds left.
|
|t:|1667127725
|switch|p2a: Salamence|Salamence, F|86/100
|-damage|p2a: Salamence|61/100|[from] Stealth Rock
|-ability|p2a: Salamence|Intimidate|boost
|-unboost|p1a: Hippowdon|atk|1
|switch|p1a: Scizor|Scizor, M|100/100
|
|-weather|Sandstorm|[upkeep]
|-damage|p2a: Salamence|55/100|[from] Sandstorm
|upkeep
|turn|12
|inactive|ZaraSensei has 240 seconds left.
|
|t:|1667127754
|switch|p1a: Slowking|Slowking, F|100/100
|move|p2a: Salamence|Roost|p2a: Salamence
|-heal|p2a: Salamence|100/100
|-singleturn|p2a: Salamence|move: Roost
|
|-weather|Sandstorm|[upkeep]
|-damage|p2a: Salamence|94/100|[from] Sandstorm
|-damage|p1a: Slowking|94/100|[from] Sandstorm
|upkeep
|turn|13
|
|t:|1667127760
|switch|p2a: Tapu Bulu|Tapu Bulu|100/100 par
|-fieldstart|move: Grassy Terrain|[from] ability: Grassy Surge|[of] p2a: Tapu Bulu
|move|p1a: Slowking|Teleport|p1a: Slowking
|
|t:|1667127764
|switch|p1a: Hippowdon|Hippowdon, M|45/100|[from]move: Teleport
|-damage|p1a: Hippowdon|39/100|[from] Stealth Rock
|
|-weather|none
|-heal|p1a: Hippowdon|45/100|[from] Grassy Terrain
|-heal|p1a: Hippowdon|51/100|[from] item: Leftovers
|upkeep
|turn|14
|c| Scavet|MAGLC zetolgxbf
|
|t:|1667127773
|switch|p1a: Scizor|Scizor, M|100/100
|move|p2a: Tapu Bulu|Horn Leech|p1a: Scizor
|-resisted|p1a: Scizor
|-damage|p1a: Scizor|91/100
|
|-heal|p1a: Scizor|98/100|[from] Grassy Terrain
|upkeep
|turn|15
|c|☆Mimilucha|keske
|c|☆ZaraSensei|?
|inactive|ZaraSensei has 240 seconds left.
|
|t:|1667127807
|switch|p2a: Salamence|Salamence, F|94/100
|-damage|p2a: Salamence|70/100|[from] Stealth Rock
|-ability|p2a: Salamence|Intimidate|boost
|-unboost|p1a: Scizor|atk|1
|move|p1a: Scizor|Knock Off|p2a: Salamence
|-damage|p2a: Salamence|60/100
|
|-heal|p1a: Scizor|100/100|[from] Grassy Terrain
|upkeep
|turn|16
|
|t:|1667127823
|switch|p1a: Slowking|Slowking, F|100/100
|move|p2a: Salamence|Defog|p1a: Slowking
|-unboost|p1a: Slowking|evasion|1
|-sideend|p1: Mimilucha|Stealth Rock|[from] move: Defog|[of] p2a: Salamence
|-sideend|p2: ZaraSensei|Stealth Rock|[from] move: Defog|[of] p2a: Salamence
|-fieldend|move: Grassy Terrain
|
|upkeep
|turn|17
|
|t:|1667127838
|switch|p2a: Tapu Bulu|Tapu Bulu|100/100 par
|-fieldstart|move: Grassy Terrain|[from] ability: Grassy Surge|[of] p2a: Tapu Bulu
|move|p1a: Slowking|Teleport|p1a: Slowking
|
|t:|1667127841
|switch|p1a: Hippowdon|Hippowdon, M|51/100|[from]move: Teleport
|-weather|Sandstorm|[from] ability: Sand Stream|[of] p1a: Hippowdon
|
|-weather|Sandstorm|[upkeep]
|-damage|p2a: Tapu Bulu|94/100 par|[from] Sandstorm
|-heal|p1a: Hippowdon|57/100|[from] Grassy Terrain
|-heal|p1a: Hippowdon|63/100|[from] item: Leftovers
|-heal|p2a: Tapu Bulu|100/100 par|[from] Grassy Terrain
|upkeep
|turn|18
|
|t:|1667127854
|switch|p1a: Zarude|Zarude|100/100
|move|p2a: Tapu Bulu|Toxic|p1a: Zarude
|-status|p1a: Zarude|tox
|
|-weather|Sandstorm|[upkeep]
|-damage|p1a: Zarude|95/100 tox|[from] Sandstorm
|-damage|p2a: Tapu Bulu|94/100 par|[from] Sandstorm
|-heal|p1a: Zarude|100/100 tox|[from] Grassy Terrain
|-heal|p2a: Tapu Bulu|100/100 par|[from] Grassy Terrain
|-damage|p1a: Zarude|95/100 tox|[from] psn
|upkeep
|turn|19
|
|t:|1667127871
|move|p1a: Zarude|U-turn|p2a: Tapu Bulu
|-damage|p2a: Tapu Bulu|77/100 par
|
|t:|1667127875
|switch|p1a: Scizor|Scizor, M|100/100|[from]move: U-turn
|move|p2a: Tapu Bulu|Dazzling Gleam|p1a: Scizor
|-resisted|p1a: Scizor
|-damage|p1a: Scizor|90/100
|
|-weather|Sandstorm|[upkeep]
|-damage|p2a: Tapu Bulu|71/100 par|[from] Sandstorm
|-heal|p1a: Scizor|96/100|[from] Grassy Terrain
|-heal|p2a: Tapu Bulu|77/100 par|[from] Grassy Terrain
|upkeep
|turn|20
|
|t:|1667127883
|switch|p1a: Hippowdon|Hippowdon, M|63/100
|switch|p2a: Salamence|Salamence, F|60/100
|-ability|p2a: Salamence|Intimidate|boost
|-unboost|p1a: Hippowdon|atk|1
|
|-weather|Sandstorm|[upkeep]
|-damage|p2a: Salamence|54/100|[from] Sandstorm
|-heal|p1a: Hippowdon|70/100|[from] Grassy Terrain
|-heal|p1a: Hippowdon|76/100|[from] item: Leftovers
|upkeep
|turn|21
|inactive|ZaraSensei has 210 seconds left.
|
|t:|1667127918
|move|p2a: Salamence|Roost|p2a: Salamence
|-heal|p2a: Salamence|100/100
|-singleturn|p2a: Salamence|move: Roost
|move|p1a: Hippowdon|Stealth Rock|p2a: Salamence
|-sidestart|p2: ZaraSensei|move: Stealth Rock
|
|-weather|none
|-heal|p1a: Hippowdon|82/100|[from] Grassy Terrain
|-heal|p1a: Hippowdon|88/100|[from] item: Leftovers
|-fieldend|move: Grassy Terrain
|upkeep
|turn|22
|inactive|ZaraSensei has 210 seconds left.
|
|t:|1667127930
|switch|p2a: Tapu Bulu|Tapu Bulu|77/100 par
|-fieldstart|move: Grassy Terrain|[from] ability: Grassy Surge|[of] p2a: Tapu Bulu
|move|p1a: Hippowdon|Toxic||[still]
|-fail|p1a: Hippowdon
|
|-heal|p1a: Hippowdon|94/100|[from] Grassy Terrain
|-heal|p1a: Hippowdon|100/100|[from] item: Leftovers
|-heal|p2a: Tapu Bulu|83/100 par|[from] Grassy Terrain
|upkeep
|turn|23
|inactive|ZaraSensei has 210 seconds left.
|
|t:|1667127958
|switch|p1a: Scizor|Scizor, M|96/100
|switch|p2a: Suicune|Suicune|82/100
|-damage|p2a: Suicune|69/100|[from] Stealth Rock
|-ability|p2a: Suicune|Pressure
|
|-heal|p2a: Suicune|75/100|[from] Grassy Terrain
|-heal|p2a: Suicune|82/100|[from] item: Leftovers
|-heal|p1a: Scizor|100/100|[from] Grassy Terrain
|upkeep
|turn|24
|
|t:|1667127972
|switch|p1a: Slowking|Slowking, F|100/100
|move|p2a: Suicune|Protect||[still]
|-fail|p2a: Suicune
|
|-heal|p2a: Suicune|88/100|[from] Grassy Terrain
|-heal|p2a: Suicune|94/100|[from] item: Leftovers
|upkeep
|turn|25
|inactive|ZaraSensei has 180 seconds left.
|inactive|ZaraSensei has 150 seconds left.
|
|t:|1667128029
|move|p2a: Suicune|Substitute|p2a: Suicune
|-start|p2a: Suicune|Substitute
|-damage|p2a: Suicune|69/100
|move|p1a: Slowking|Teleport|p1a: Slowking
|
|t:|1667128035
|switch|p1a: Salazzle|Salazzle, F|88/100|[from]move: Teleport
|
|-heal|p1a: Salazzle|94/100|[from] Grassy Terrain
|-heal|p2a: Suicune|75/100|[from] Grassy Terrain
|-heal|p2a: Suicune|81/100|[from] item: Leftovers
|upkeep
|turn|26
|
|t:|1667128041
|move|p1a: Salazzle|Encore|p2a: Suicune
|-start|p2a: Suicune|Encore
|move|p2a: Suicune|Substitute|p2a: Suicune
|-fail|p2a: Suicune|move: Substitute
|
|-heal|p1a: Salazzle|100/100|[from] Grassy Terrain
|-heal|p2a: Suicune|88/100|[from] Grassy Terrain
|-heal|p2a: Suicune|94/100|[from] item: Leftovers
|-fieldend|move: Grassy Terrain
|upkeep
|turn|27
|inactive|ZaraSensei has 150 seconds left.
|
|t:|1667128070
|switch|p2a: Nihilego|Nihilego|80/100
|-damage|p2a: Nihilego|67/100|[from] Stealth Rock
|move|p1a: Salazzle|Sludge Bomb|p2a: Nihilego
|-resisted|p2a: Nihilego
|-damage|p2a: Nihilego|59/100
|
|upkeep
|turn|28
|inactive|ZaraSensei has 150 seconds left.
|
|t:|1667128082
|switch|p1a: Scizor|Scizor, M|100/100
|move|p2a: Nihilego|Stealth Rock|p1a: Scizor
|-sidestart|p1: Mimilucha|move: Stealth Rock
|
|upkeep
|turn|29
|inactive|ZaraSensei has 150 seconds left.
|
|t:|1667128089
|switch|p2a: Salamence|Salamence, F|100/100
|-damage|p2a: Salamence|76/100|[from] Stealth Rock
|-ability|p2a: Salamence|Intimidate|boost
|-unboost|p1a: Scizor|atk|1
|move|p1a: Scizor|Swords Dance|p1a: Scizor
|-boost|p1a: Scizor|atk|2
|
|upkeep
|turn|30
|
|t:|1667128097
|switch|p1a: Slowking|Slowking, F|100/100
|move|p2a: Salamence|Flamethrower|p1a: Slowking
|-resisted|p1a: Slowking
|-damage|p1a: Slowking|93/100
|
|upkeep
|turn|31
|inactive|ZaraSensei has 150 seconds left.
|
|t:|1667128133
|move|p2a: Salamence|Defog|p1a: Slowking
|-unboost|p1a: Slowking|evasion|1
|-sideend|p1: Mimilucha|Stealth Rock|[from] move: Defog|[of] p2a: Salamence
|-sideend|p2: ZaraSensei|Stealth Rock|[from] move: Defog|[of] p2a: Salamence
|move|p1a: Slowking|Teleport|p1a: Slowking
|
|t:|1667128139
|switch|p1a: Hippowdon|Hippowdon, M|100/100|[from]move: Teleport
|-weather|Sandstorm|[from] ability: Sand Stream|[of] p1a: Hippowdon
|
|-weather|Sandstorm|[upkeep]
|-damage|p2a: Salamence|70/100|[from] Sandstorm
|upkeep
|turn|32
|
|t:|1667128150
|switch|p2a: Tapu Bulu|Tapu Bulu|83/100 par
|-fieldstart|move: Grassy Terrain|[from] ability: Grassy Surge|[of] p2a: Tapu Bulu
|move|p1a: Hippowdon|Stealth Rock|p2a: Tapu Bulu
|-sidestart|p2: ZaraSensei|move: Stealth Rock
|
|-weather|Sandstorm|[upkeep]
|-damage|p2a: Tapu Bulu|77/100 par|[from] Sandstorm
|-heal|p2a: Tapu Bulu|83/100 par|[from] Grassy Terrain
|upkeep
|turn|33
|
|t:|1667128163
|switch|p1a: Scizor|Scizor, M|100/100
|switch|p2a: Suicune|Suicune|94/100
|-damage|p2a: Suicune|81/100|[from] Stealth Rock
|-ability|p2a: Suicune|Pressure
|
|-weather|Sandstorm|[upkeep]
|-damage|p2a: Suicune|75/100|[from] Sandstorm
|-heal|p2a: Suicune|81/100|[from] Grassy Terrain
|-heal|p2a: Suicune|88/100|[from] item: Leftovers
|upkeep
|turn|34
|l| Scavet
|inactive|ZaraSensei has 120 seconds left.
|
|t:|1667128196
|move|p2a: Suicune|Substitute|p2a: Suicune
|-start|p2a: Suicune|Substitute
|-damage|p2a: Suicune|63/100
|move|p1a: Scizor|Swords Dance|p1a: Scizor
|-boost|p1a: Scizor|atk|2
|
|-weather|Sandstorm|[upkeep]
|-damage|p2a: Suicune|56/100|[from] Sandstorm
|-heal|p2a: Suicune|63/100|[from] Grassy Terrain
|-heal|p2a: Suicune|69/100|[from] item: Leftovers
|upkeep
|turn|35
|
|t:|1667128200
|move|p2a: Suicune|Scald|p1a: Scizor
|-damage|p1a: Scizor|76/100
|move|p1a: Scizor|Knock Off|p2a: Suicune
|-end|p2a: Suicune|Substitute
|
|-weather|none
|-heal|p2a: Suicune|75/100|[from] Grassy Terrain
|-heal|p2a: Suicune|81/100|[from] item: Leftovers
|-heal|p1a: Scizor|82/100|[from] Grassy Terrain
|upkeep
|turn|36
|inactive|ZaraSensei has 120 seconds left.
|
|t:|1667128222
|move|p2a: Suicune|Scald|p1a: Scizor
|-damage|p1a: Scizor|55/100
|move|p1a: Scizor|Knock Off|p2a: Suicune
|-damage|p2a: Suicune|50/100
|-enditem|p2a: Suicune|Leftovers|[from] move: Knock Off|[of] p1a: Scizor
|
|-heal|p2a: Suicune|57/100|[from] Grassy Terrain
|-heal|p1a: Scizor|61/100|[from] Grassy Terrain
|-fieldend|move: Grassy Terrain
|upkeep
|turn|37
|
|t:|1667128226
|switch|p1a: Slowking|Slowking, F|100/100
|move|p2a: Suicune|Scald|p1a: Slowking
|-resisted|p1a: Slowking
|-damage|p1a: Slowking|92/100
|
|upkeep
|turn|38
|inactive|ZaraSensei has 120 seconds left.
|
|t:|1667128263
|switch|p2a: Tapu Bulu|Tapu Bulu|83/100 par
|-fieldstart|move: Grassy Terrain|[from] ability: Grassy Surge|[of] p2a: Tapu Bulu
|move|p1a: Slowking|Teleport|p1a: Slowking
|
|t:|1667128270
|switch|p1a: Salazzle|Salazzle, F|100/100|[from]move: Teleport
|
|-heal|p2a: Tapu Bulu|89/100 par|[from] Grassy Terrain
|upkeep
|turn|39
|
|t:|1667128273
|switch|p2a: Nihilego|Nihilego|59/100
|-damage|p2a: Nihilego|47/100|[from] Stealth Rock
|move|p1a: Salazzle|Sludge Bomb|p2a: Nihilego
|-resisted|p2a: Nihilego
|-damage|p2a: Nihilego|39/100
|
|-heal|p2a: Nihilego|45/100|[from] Grassy Terrain
|upkeep
|turn|40
|inactive|ZaraSensei has 120 seconds left.
|
|t:|1667128291
|switch|p1a: Scizor|Scizor, M|61/100
|move|p2a: Nihilego|Grass Knot|p1a: Scizor
|-resisted|p1a: Scizor
|-damage|p1a: Scizor|51/100
|
|-heal|p2a: Nihilego|51/100|[from] Grassy Terrain
|-heal|p1a: Scizor|57/100|[from] Grassy Terrain
|upkeep
|turn|41
|
|t:|1667128302
|switch|p2a: Jirachi|Jirachi|100/100
|-damage|p2a: Jirachi|94/100|[from] Stealth Rock
|move|p1a: Scizor|Roost|p1a: Scizor
|-heal|p1a: Scizor|100/100
|-singleturn|p1a: Scizor|move: Roost
|
|-heal|p2a: Jirachi|100/100|[from] Grassy Terrain
|upkeep
|turn|42
|
|t:|1667128318
|switch|p1a: Slowking|Slowking, F|100/100
|move|p2a: Jirachi|U-turn|p1a: Slowking
|-supereffective|p1a: Slowking
|-damage|p1a: Slowking|75/100
|
|t:|1667128329
|switch|p2a: Zygarde|Zygarde-10%|100/100|[from]move: U-turn
|-damage|p2a: Zygarde|94/100|[from] Stealth Rock
|-ability|p2a: Zygarde|Aura Break
|
|-heal|p2a: Zygarde|100/100|[from] Grassy Terrain
|-heal|p1a: Slowking|81/100|[from] Grassy Terrain
|-fieldend|move: Grassy Terrain
|upkeep
|turn|43
|
|t:|1667128336
|move|p2a: Zygarde|Thousand Arrows|p1a: Slowking
|-crit|p1a: Slowking
|-damage|p1a: Slowking|9/100
|move|p1a: Slowking|Scald|p2a: Zygarde
|-damage|p2a: Zygarde|57/100
|
|upkeep
|turn|44
|inactive|ZaraSensei has 90 seconds left.
|
|t:|1667128373
|switch|p1a: Hippowdon|Hippowdon, M|100/100
|-weather|Sandstorm|[from] ability: Sand Stream|[of] p1a: Hippowdon
|move|p2a: Zygarde|Thousand Arrows|p1a: Hippowdon
|-damage|p1a: Hippowdon|62/100
|
|-weather|Sandstorm|[upkeep]
|-heal|p1a: Hippowdon|68/100|[from] item: Leftovers
|upkeep
|turn|45
|
|t:|1667128383
|switch|p2a: Tapu Bulu|Tapu Bulu|89/100 par
|-fieldstart|move: Grassy Terrain|[from] ability: Grassy Surge|[of] p2a: Tapu Bulu
|move|p1a: Hippowdon|Slack Off|p1a: Hippowdon
|-heal|p1a: Hippowdon|100/100
|
|-weather|Sandstorm|[upkeep]
|-damage|p2a: Tapu Bulu|83/100 par|[from] Sandstorm
|-heal|p2a: Tapu Bulu|89/100 par|[from] Grassy Terrain
|upkeep
|turn|46
|
|t:|1667128404
|switch|p1a: Scizor|Scizor, M|100/100
|cant|p2a: Tapu Bulu|par
|
|-weather|Sandstorm|[upkeep]
|-damage|p2a: Tapu Bulu|83/100 par|[from] Sandstorm
|-heal|p2a: Tapu Bulu|89/100 par|[from] Grassy Terrain
|upkeep
|turn|47
|
|t:|1667128411
|switch|p2a: Salamence|Salamence, F|70/100
|-damage|p2a: Salamence|45/100|[from] Stealth Rock
|-ability|p2a: Salamence|Intimidate|boost
|-unboost|p1a: Scizor|atk|1
|move|p1a: Scizor|Swords Dance|p1a: Scizor
|-boost|p1a: Scizor|atk|2
|
|-weather|Sandstorm|[upkeep]
|-damage|p2a: Salamence|39/100|[from] Sandstorm
|upkeep
|turn|48
|
|t:|1667128423
|switch|p1a: Hippowdon|Hippowdon, M|100/100
|move|p2a: Salamence|Roost|p2a: Salamence
|-heal|p2a: Salamence|89/100
|-singleturn|p2a: Salamence|move: Roost
|
|-weather|none
|-heal|p2a: Salamence|95/100|[from] Grassy Terrain
|upkeep
|turn|49
|
|t:|1667128445
|switch|p2a: Jirachi|Jirachi|100/100
|-damage|p2a: Jirachi|94/100|[from] Stealth Rock
|switch|p1a: Salazzle|Salazzle, F|100/100
|
|-heal|p2a: Jirachi|100/100|[from] Grassy Terrain
|-fieldend|move: Grassy Terrain
|upkeep
|turn|50
|inactive|ZaraSensei has 60 seconds left.
|
|t:|1667128475
|move|p1a: Salazzle|Sludge Bomb|p2a: Jirachi
|-immune|p2a: Jirachi
|move|p2a: Jirachi|Wish|p2a: Jirachi
|
|upkeep
|turn|51
|
|t:|1667128482
|switch|p2a: Nihilego|Nihilego|51/100
|-damage|p2a: Nihilego|39/100|[from] Stealth Rock
|move|p1a: Salazzle|Sludge Bomb|p2a: Nihilego
|-resisted|p2a: Nihilego
|-damage|p2a: Nihilego|31/100
|-status|p2a: Nihilego|psn
|
|-heal|p2a: Nihilego|87/100 psn|[from] move: Wish|[wisher] Jirachi
|-damage|p2a: Nihilego|75/100 psn|[from] psn
|upkeep
|turn|52
|inactive|ZaraSensei has 60 seconds left.
|
|t:|1667128508
|switch|p1a: Zarude|Zarude|95/100 tox
|move|p2a: Nihilego|Stealth Rock|p1a: Zarude
|-sidestart|p1: Mimilucha|move: Stealth Rock
|
|-damage|p1a: Zarude|89/100 tox|[from] psn
|-damage|p2a: Nihilego|63/100 psn|[from] psn
|upkeep
|turn|53
|
|t:|1667128520
|switch|p2a: Tapu Bulu|Tapu Bulu|89/100 par
|-fieldstart|move: Grassy Terrain|[from] ability: Grassy Surge|[of] p2a: Tapu Bulu
|move|p1a: Zarude|Power Whip|p2a: Tapu Bulu
|-resisted|p2a: Tapu Bulu
|-damage|p2a: Tapu Bulu|47/100 par
|
|-heal|p1a: Zarude|95/100 tox|[from] Grassy Terrain
|-heal|p2a: Tapu Bulu|53/100 par|[from] Grassy Terrain
|-damage|p1a: Zarude|83/100 tox|[from] psn
|upkeep
|turn|54
|
|t:|1667128529
|switch|p1a: Salazzle|Salazzle, F|100/100
|move|p2a: Tapu Bulu|Synthesis|p2a: Tapu Bulu
|-heal|p2a: Tapu Bulu|100/100 par
|
|upkeep
|turn|55
|inactive|ZaraSensei has 60 seconds left.
|
|t:|1667128537
|switch|p1a: Zarude|Zarude|83/100 tox
|-damage|p1a: Zarude|70/100 tox|[from] Stealth Rock
|switch|p2a: Nihilego|Nihilego|63/100 psn
|-damage|p2a: Nihilego|50/100 psn|[from] Stealth Rock
|
|-heal|p1a: Zarude|76/100 tox|[from] Grassy Terrain
|-heal|p2a: Nihilego|56/100 psn|[from] Grassy Terrain
|-damage|p1a: Zarude|70/100 tox|[from] psn
|-damage|p2a: Nihilego|44/100 psn|[from] psn
|upkeep
|turn|56
|inactive|ZaraSensei has 60 seconds left.
|
|t:|1667128548
|switch|p2a: Salamence|Salamence, F|95/100
|-damage|p2a: Salamence|70/100|[from] Stealth Rock
|-ability|p2a: Salamence|Intimidate|boost
|-unboost|p1a: Zarude|atk|1
|move|p1a: Zarude|U-turn|p2a: Salamence
|-resisted|p2a: Salamence
|-damage|p2a: Salamence|61/100
|
|t:|1667128555
|switch|p1a: Salazzle|Salazzle, F|100/100|[from]move: U-turn
|
|upkeep
|turn|57
|inactive|ZaraSensei has 60 seconds left.
|
|t:|1667128579
|move|p1a: Salazzle|Sludge Bomb|p2a: Salamence
|-damage|p2a: Salamence|20/100
|-status|p2a: Salamence|psn
|move|p2a: Salamence|Dual Wingbeat|p1a: Salazzle|[miss]
|-miss|p2a: Salamence|p1a: Salazzle
|
|-damage|p2a: Salamence|8/100 psn|[from] psn
|-fieldend|move: Grassy Terrain
|upkeep
|turn|58
|inactive|ZaraSensei has 60 seconds left.
|
|t:|1667128588
|move|p1a: Salazzle|Flamethrower|p2a: Salamence
|-resisted|p2a: Salamence
|-damage|p2a: Salamence|0 fnt
|faint|p2a: Salamence
|
|upkeep
|
|t:|1667128590
|switch|p2a: Zygarde|Zygarde-10%|57/100
|-damage|p2a: Zygarde|51/100|[from] Stealth Rock
|-ability|p2a: Zygarde|Aura Break
|turn|59
|inactive|ZaraSensei has 60 seconds left.
|
|t:|1667128620
|switch|p1a: Hippowdon|Hippowdon, M|100/100
|-damage|p1a: Hippowdon|94/100|[from] Stealth Rock
|-weather|Sandstorm|[from] ability: Sand Stream|[of] p1a: Hippowdon
|move|p2a: Zygarde|Thousand Arrows|p1a: Hippowdon
|-crit|p1a: Hippowdon
|-damage|p1a: Hippowdon|43/100
|
|-weather|Sandstorm|[upkeep]
|-heal|p1a: Hippowdon|49/100|[from] item: Leftovers
|upkeep
|turn|60
|
|t:|1667128640
|switch|p2a: Tapu Bulu|Tapu Bulu|100/100 par
|-fieldstart|move: Grassy Terrain|[from] ability: Grassy Surge|[of] p2a: Tapu Bulu
|move|p1a: Hippowdon|Slack Off|p1a: Hippowdon
|-heal|p1a: Hippowdon|99/100
|
|-weather|Sandstorm|[upkeep]
|-damage|p2a: Tapu Bulu|94/100 par|[from] Sandstorm
|-heal|p1a: Hippowdon|100/100|[from] Grassy Terrain
|-heal|p2a: Tapu Bulu|100/100 par|[from] Grassy Terrain
|upkeep
|turn|61
|
|t:|1667128652
|switch|p1a: Salazzle|Salazzle, F|100/100
|switch|p2a: Jirachi|Jirachi|100/100
|-damage|p2a: Jirachi|94/100|[from] Stealth Rock
|
|-weather|Sandstorm|[upkeep]
|-damage|p1a: Salazzle|94/100|[from] Sandstorm
|-heal|p1a: Salazzle|100/100|[from] Grassy Terrain
|-heal|p2a: Jirachi|100/100|[from] Grassy Terrain
|upkeep
|turn|62
|
|t:|1667128661
|move|p1a: Salazzle|Flamethrower|p2a: Jirachi
|-supereffective|p2a: Jirachi
|-damage|p2a: Jirachi|27/100
|move|p2a: Jirachi|Wish|p2a: Jirachi
|
|-weather|Sandstorm|[upkeep]
|-damage|p1a: Salazzle|94/100|[from] Sandstorm
|-heal|p1a: Salazzle|100/100|[from] Grassy Terrain
|-heal|p2a: Jirachi|33/100|[from] Grassy Terrain
|-heal|p2a: Jirachi|40/100|[from] item: Leftovers
|upkeep
|turn|63
|
|t:|1667128670
|move|p2a: Jirachi|Protect|p2a: Jirachi
|-singleturn|p2a: Jirachi|Protect
|move|p1a: Salazzle|Knock Off|p2a: Jirachi
|-activate|p2a: Jirachi|move: Protect
|
|-weather|none
|-heal|p2a: Jirachi|90/100|[from] move: Wish|[wisher] Jirachi
|-heal|p2a: Jirachi|96/100|[from] Grassy Terrain
|-heal|p2a: Jirachi|100/100|[from] item: Leftovers
|upkeep
|turn|64
|c|☆ZaraSensei|gg
|c|☆Mimilucha|gg
|-message|ZaraSensei forfeited.
|
|win|Mimilucha
