|html|<div class="broadcast-blue"><strong>[Gen 8] UU is currently suspecting Mienshao! For information on how to participate check out the <a href="https://www.smogon.com/forums/threads/np-ss-uu-stage-10-3-pumped-up-kicks.3694543/">suspect thread</a>.</strong></div>
|j|☆bioche80
|j|☆D2Q
|t:|1640034128
|gametype|singles
|player|p1|bioche80|266|1384
|player|p2|D2Q|101|1477
|teamsize|p1|6
|teamsize|p2|6
|gen|8
|tier|[Gen 8] UU
|rated|
|rule|Sleep Clause Mod: Limit one foe put to sleep
|rule|Species Clause: Limit one of each Pokémon
|rule|OHKO Clause: OHKO moves are banned
|rule|Evasion Moves Clause: Evasion moves are banned
|rule|Endless Battle Clause: Forcing endless battles is banned
|rule|HP Percentage Mod: HP is shown in percentages
|rule|Dynamax Clause: You cannot dynamax
|clearpoke
|poke|p1|Sneasel, F|
|poke|p1|Darmanitan, F|
|poke|p1|Tapu Bulu|
|poke|p1|Swampert, M|
|poke|p1|Conkeldurr, M|
|poke|p1|Jirachi|
|poke|p2|Porygon-Z|
|poke|p2|Zarude|
|poke|p2|Zygarde-10%|
|poke|p2|Swampert, F|
|poke|p2|Togekiss, F|
|poke|p2|Stakataka|
|teampreview
|
|t:|1640034142
|start
|switch|p1a: Darmanitan|Darmanitan, F|100/100
|switch|p2a: Togekiss|Togekiss, F|100/100
|turn|1
|
|t:|1640034149
|switch|p2a: Swampert|Swampert, F|100/100
|move|p1a: Darmanitan|Flare Blitz|p2a: Swampert
|-resisted|p2a: Swampert
|-damage|p2a: Swampert|72/100
|-damage|p1a: Darmanitan|89/100|[from] Recoil
|
|-heal|p2a: Swampert|78/100|[from] item: Leftovers
|upkeep
|turn|2
|inactive|Battle timer is ON: inactive players will automatically lose when time's up. (requested by bioche80)
|
|t:|1640034193
|switch|p1a: Tapu Bulu|Tapu Bulu|100/100
|-fieldstart|move: Grassy Terrain|[from] ability: Grassy Surge|[of] p1a: Tapu Bulu
|move|p2a: Swampert|Stealth Rock|p1a: Tapu Bulu
|-sidestart|p1: bioche80|move: Stealth Rock
|
|-heal|p2a: Swampert|84/100|[from] Grassy Terrain
|-heal|p2a: Swampert|90/100|[from] item: Leftovers
|upkeep
|turn|3
|
|t:|1640034203
|switch|p2a: Togekiss|Togekiss, F|100/100
|move|p1a: Tapu Bulu|Toxic|p2a: Togekiss
|-status|p2a: Togekiss|tox
|
|-damage|p2a: Togekiss|94/100 tox|[from] psn
|upkeep
|turn|4
|
|t:|1640034225
|switch|p2a: Zygarde|Zygarde-10%|100/100
|-ability|p2a: Zygarde|Aura Break
|switch|p1a: Jirachi|Jirachi|100/100
|-damage|p1a: Jirachi|94/100|[from] Stealth Rock
|
|-heal|p1a: Jirachi|100/100|[from] Grassy Terrain
|upkeep
|turn|5
|
|t:|1640034238
|move|p2a: Zygarde|Thousand Arrows|p1a: Jirachi
|-supereffective|p1a: Jirachi
|-damage|p1a: Jirachi|6/100
|-enditem|p1a: Jirachi|Weakness Policy
|-boost|p1a: Jirachi|atk|2|[from] item: Weakness Policy
|-boost|p1a: Jirachi|spa|2|[from] item: Weakness Policy
|move|p1a: Jirachi|Iron Head|p2a: Zygarde
|-damage|p2a: Zygarde|3/100
|
|-heal|p2a: Zygarde|9/100|[from] Grassy Terrain
|-heal|p1a: Jirachi|12/100|[from] Grassy Terrain
|upkeep
|turn|6
|inactive|D2Q has 120 seconds left.
|
|t:|1640034289
|move|p2a: Zygarde|Thousand Arrows|p1a: Jirachi
|-supereffective|p1a: Jirachi
|-damage|p1a: Jirachi|0 fnt
|faint|p1a: Jirachi
|
|-heal|p2a: Zygarde|15/100|[from] Grassy Terrain
|-fieldend|move: Grassy Terrain
|upkeep
|
|t:|1640034300
|switch|p1a: Darmanitan|Darmanitan, F|89/100
|-damage|p1a: Darmanitan|65/100|[from] Stealth Rock
|turn|7
|inactive|D2Q has 90 seconds left.
|
|t:|1640034339
|switch|p1a: Tapu Bulu|Tapu Bulu|100/100
|-damage|p1a: Tapu Bulu|88/100|[from] Stealth Rock
|-fieldstart|move: Grassy Terrain|[from] ability: Grassy Surge|[of] p1a: Tapu Bulu
|switch|p2a: Swampert|Swampert, F|90/100
|
|-heal|p1a: Tapu Bulu|94/100|[from] Grassy Terrain
|-heal|p2a: Swampert|96/100|[from] Grassy Terrain
|-heal|p2a: Swampert|100/100|[from] item: Leftovers
|upkeep
|turn|8
|
|t:|1640034353
|switch|p2a: Togekiss|Togekiss, F|94/100 tox
|move|p1a: Tapu Bulu|Bulk Up|p1a: Tapu Bulu
|-boost|p1a: Tapu Bulu|atk|1
|-boost|p1a: Tapu Bulu|def|1
|
|-heal|p1a: Tapu Bulu|100/100|[from] Grassy Terrain
|-damage|p2a: Togekiss|88/100 tox|[from] psn
|upkeep
|turn|9
|inactive|D2Q has 90 seconds left.
|
|t:|1640034381
|switch|p1a: Swampert|Swampert, M|100/100
|-damage|p1a: Swampert|94/100|[from] Stealth Rock
|move|p2a: Togekiss|Air Slash|p1a: Swampert
|-damage|p1a: Swampert|72/100
|
|-heal|p1a: Swampert|79/100|[from] Grassy Terrain
|-heal|p1a: Swampert|85/100|[from] item: Leftovers
|-damage|p2a: Togekiss|76/100 tox|[from] psn
|upkeep
|turn|10
|
|t:|1640034396
|switch|p2a: Zarude|Zarude|100/100
|move|p1a: Swampert|Flip Turn|p2a: Zarude
|-resisted|p2a: Zarude
|-damage|p2a: Zarude|91/100
|
|t:|1640034403
|switch|p1a: Tapu Bulu|Tapu Bulu|100/100|[from]move: Flip Turn
|-damage|p1a: Tapu Bulu|88/100|[from] Stealth Rock
|
|-heal|p2a: Zarude|97/100|[from] Grassy Terrain
|-heal|p1a: Tapu Bulu|94/100|[from] Grassy Terrain
|upkeep
|turn|11
|inactive|D2Q has 90 seconds left.
|
|t:|1640034418
|move|p2a: Zarude|Bulk Up|p2a: Zarude
|-boost|p2a: Zarude|atk|1
|-boost|p2a: Zarude|def|1
|move|p1a: Tapu Bulu|Horn Leech|p2a: Zarude
|-resisted|p2a: Zarude
|-damage|p2a: Zarude|85/100
|-heal|p1a: Tapu Bulu|100/100|[from] drain|[of] p2a: Zarude
|
|-heal|p2a: Zarude|91/100|[from] Grassy Terrain
|-fieldend|move: Grassy Terrain
|upkeep
|turn|12
|inactive|D2Q has 90 seconds left.
|
|t:|1640034428
|switch|p1a: Darmanitan|Darmanitan, F|65/100
|-damage|p1a: Darmanitan|40/100|[from] Stealth Rock
|move|p2a: Zarude|Bulk Up|p2a: Zarude
|-boost|p2a: Zarude|atk|1
|-boost|p2a: Zarude|def|1
|
|upkeep
|turn|13
|inactive|D2Q has 90 seconds left.
|
|t:|1640034440
|switch|p2a: Swampert|Swampert, F|100/100
|move|p1a: Darmanitan|Flare Blitz|p2a: Swampert
|-resisted|p2a: Swampert
|-damage|p2a: Swampert|69/100
|-damage|p1a: Darmanitan|28/100|[from] Recoil
|
|-heal|p2a: Swampert|75/100|[from] item: Leftovers
|upkeep
|turn|14
|
|t:|1640034455
|switch|p1a: Conkeldurr|Conkeldurr, M|100/100
|-damage|p1a: Conkeldurr|94/100|[from] Stealth Rock
|move|p2a: Swampert|Toxic|p1a: Conkeldurr
|-status|p1a: Conkeldurr|tox
|
|-heal|p2a: Swampert|81/100|[from] item: Leftovers
|-damage|p1a: Conkeldurr|88/100 tox|[from] psn
|upkeep
|turn|15
|
|t:|1640034465
|switch|p2a: Togekiss|Togekiss, F|76/100 tox
|move|p1a: Conkeldurr|Defog|p2a: Togekiss
|-unboost|p2a: Togekiss|evasion|1
|-sideend|p1: bioche80|Stealth Rock|[from] move: Defog|[of] p1a: Conkeldurr
|
|-damage|p2a: Togekiss|70/100 tox|[from] psn
|-damage|p1a: Conkeldurr|76/100 tox|[from] psn
|upkeep
|turn|16
|inactive|D2Q has 90 seconds left.
|
|t:|1640034503
|switch|p1a: Swampert|Swampert, M|85/100
|move|p2a: Togekiss|Air Slash|p1a: Swampert
|-damage|p1a: Swampert|63/100
|
|-heal|p1a: Swampert|69/100|[from] item: Leftovers
|-damage|p2a: Togekiss|58/100 tox|[from] psn
|upkeep
|turn|17
|
|t:|1640034514
|switch|p2a: Swampert|Swampert, F|81/100
|move|p1a: Swampert|Stealth Rock|p2a: Swampert
|-sidestart|p2: D2Q|move: Stealth Rock
|
|-heal|p2a: Swampert|88/100|[from] item: Leftovers
|-heal|p1a: Swampert|76/100|[from] item: Leftovers
|upkeep
|turn|18
|inactive|D2Q has 90 seconds left.
|
|t:|1640034536
|move|p1a: Swampert|Toxic|p2a: Swampert
|-status|p2a: Swampert|tox
|move|p2a: Swampert|Stealth Rock|p1a: Swampert
|-sidestart|p1: bioche80|move: Stealth Rock
|
|-heal|p1a: Swampert|82/100|[from] item: Leftovers
|-heal|p2a: Swampert|94/100 tox|[from] item: Leftovers
|-damage|p2a: Swampert|88/100 tox|[from] psn
|upkeep
|turn|19
|
|t:|1640034546
|move|p1a: Swampert|Flip Turn|p2a: Swampert
|-damage|p2a: Swampert|71/100 tox
|
|t:|1640034551
|switch|p1a: Tapu Bulu|Tapu Bulu|100/100|[from]move: Flip Turn
|-damage|p1a: Tapu Bulu|88/100|[from] Stealth Rock
|-fieldstart|move: Grassy Terrain|[from] ability: Grassy Surge|[of] p1a: Tapu Bulu
|move|p2a: Swampert|Flip Turn|p1a: Tapu Bulu
|-resisted|p1a: Tapu Bulu
|-damage|p1a: Tapu Bulu|80/100
|-damage|p2a: Swampert|55/100 tox|[from] item: Rocky Helmet|[of] p1a: Tapu Bulu
|inactive|D2Q has 90 seconds left.
|
|t:|1640034565
|switch|p2a: Zarude|Zarude|91/100|[from]move: Flip Turn
|
|-heal|p2a: Zarude|97/100|[from] Grassy Terrain
|-heal|p1a: Tapu Bulu|87/100|[from] Grassy Terrain
|upkeep
|turn|20
|
|t:|1640034572
|move|p2a: Zarude|Bulk Up|p2a: Zarude
|-boost|p2a: Zarude|atk|1
|-boost|p2a: Zarude|def|1
|move|p1a: Tapu Bulu|Bulk Up|p1a: Tapu Bulu
|-boost|p1a: Tapu Bulu|atk|1
|-boost|p1a: Tapu Bulu|def|1
|
|-heal|p2a: Zarude|100/100|[from] Grassy Terrain
|-heal|p1a: Tapu Bulu|93/100|[from] Grassy Terrain
|upkeep
|turn|21
|
|t:|1640034584
|move|p2a: Zarude|Bulk Up|p2a: Zarude
|-boost|p2a: Zarude|atk|1
|-boost|p2a: Zarude|def|1
|move|p1a: Tapu Bulu|Bulk Up|p1a: Tapu Bulu
|-boost|p1a: Tapu Bulu|atk|1
|-boost|p1a: Tapu Bulu|def|1
|
|-heal|p1a: Tapu Bulu|99/100|[from] Grassy Terrain
|upkeep
|turn|22
|
|t:|1640034592
|move|p2a: Zarude|Bulk Up|p2a: Zarude
|-boost|p2a: Zarude|atk|1
|-boost|p2a: Zarude|def|1
|move|p1a: Tapu Bulu|Bulk Up|p1a: Tapu Bulu
|-boost|p1a: Tapu Bulu|atk|1
|-boost|p1a: Tapu Bulu|def|1
|
|-heal|p1a: Tapu Bulu|100/100|[from] Grassy Terrain
|upkeep
|turn|23
|
|t:|1640034603
|move|p2a: Zarude|Bulk Up|p2a: Zarude
|-boost|p2a: Zarude|atk|1
|-boost|p2a: Zarude|def|1
|move|p1a: Tapu Bulu|Bulk Up|p1a: Tapu Bulu
|-boost|p1a: Tapu Bulu|atk|1
|-boost|p1a: Tapu Bulu|def|1
|
|-fieldend|move: Grassy Terrain
|upkeep
|turn|24
|
|t:|1640034611
|move|p2a: Zarude|Power Whip|p1a: Tapu Bulu|[miss]
|-miss|p2a: Zarude|p1a: Tapu Bulu
|move|p1a: Tapu Bulu|Bulk Up|p1a: Tapu Bulu
|-boost|p1a: Tapu Bulu|atk|1
|-boost|p1a: Tapu Bulu|def|1
|
|upkeep
|turn|25
|
|t:|1640034618
|move|p2a: Zarude|Bulk Up|p2a: Zarude
|-boost|p2a: Zarude|atk|1
|-boost|p2a: Zarude|def|1
|move|p1a: Tapu Bulu|Bulk Up|p1a: Tapu Bulu
|-boost|p1a: Tapu Bulu|atk|1
|-boost|p1a: Tapu Bulu|def|1
|
|upkeep
|turn|26
|inactive|D2Q has 120 seconds left.
|
|t:|1640034638
|move|p2a: Zarude|Bulk Up|p2a: Zarude
|-boost|p2a: Zarude|atk|1
|-boost|p2a: Zarude|def|1
|move|p1a: Tapu Bulu|Horn Leech|p2a: Zarude
|-resisted|p2a: Zarude
|-damage|p2a: Zarude|85/100
|
|upkeep
|turn|27
|
|t:|1640034645
|move|p2a: Zarude|Power Whip|p1a: Tapu Bulu
|-resisted|p1a: Tapu Bulu
|-crit|p1a: Tapu Bulu
|-damage|p1a: Tapu Bulu|0 fnt
|-damage|p2a: Zarude|68/100|[from] item: Rocky Helmet|[of] p1a: Tapu Bulu
|faint|p1a: Tapu Bulu
|
|upkeep
|c|☆bioche80|lol
|
|t:|1640034656
|switch|p1a: Darmanitan|Darmanitan, F|28/100
|-damage|p1a: Darmanitan|3/100|[from] Stealth Rock
|turn|28
|inactive|D2Q has 120 seconds left.
|
|t:|1640034675
|switch|p2a: Swampert|Swampert, F|55/100 tox
|-damage|p2a: Swampert|49/100 tox|[from] Stealth Rock
|move|p1a: Darmanitan|Flare Blitz|p2a: Swampert
|-resisted|p2a: Swampert
|-damage|p2a: Swampert|20/100 tox
|-damage|p1a: Darmanitan|0 fnt|[from] Recoil
|faint|p1a: Darmanitan
|
|-heal|p2a: Swampert|26/100 tox|[from] item: Leftovers
|-damage|p2a: Swampert|20/100 tox|[from] psn
|upkeep
|
|t:|1640034697
|switch|p1a: Conkeldurr|Conkeldurr, M|76/100 tox
|-damage|p1a: Conkeldurr|70/100 tox|[from] Stealth Rock
|turn|29
|inactive|D2Q has 120 seconds left.
|
|t:|1640034709
|move|p1a: Conkeldurr|Mach Punch|p2a: Swampert
|-damage|p2a: Swampert|0 fnt
|faint|p2a: Swampert
|
|-damage|p1a: Conkeldurr|64/100 tox|[from] psn
|upkeep
|inactive|D2Q has 120 seconds left.
|
|t:|1640034716
|switch|p2a: Togekiss|Togekiss, F|58/100 tox
|-damage|p2a: Togekiss|33/100 tox|[from] Stealth Rock
|turn|30
|
|t:|1640034722
|switch|p1a: Swampert|Swampert, M|82/100
|-damage|p1a: Swampert|76/100|[from] Stealth Rock
|move|p2a: Togekiss|Air Slash|p1a: Swampert
|-damage|p1a: Swampert|55/100
|
|-heal|p1a: Swampert|61/100|[from] item: Leftovers
|-damage|p2a: Togekiss|27/100 tox|[from] psn
|upkeep
|turn|31
|inactive|D2Q has 120 seconds left.
|
|t:|1640034768
|move|p2a: Togekiss|Air Slash|p1a: Swampert
|-damage|p1a: Swampert|41/100
|cant|p1a: Swampert|flinch
|
|-heal|p1a: Swampert|47/100|[from] item: Leftovers
|-damage|p2a: Togekiss|15/100 tox|[from] psn
|upkeep
|turn|32
|
|t:|1640034776
|move|p2a: Togekiss|Air Slash|p1a: Swampert
|-crit|p1a: Swampert
|-damage|p1a: Swampert|16/100
|cant|p1a: Swampert|flinch
|
|-heal|p1a: Swampert|23/100|[from] item: Leftovers
|-damage|p2a: Togekiss|0 fnt|[from] psn
|faint|p2a: Togekiss
|upkeep
|inactive|D2Q has 90 seconds left.
|
|t:|1640034801
|switch|p2a: Zarude|Zarude|68/100
|turn|33
|
|t:|1640034806
|move|p2a: Zarude|Darkest Lariat|p1a: Swampert
|-damage|p1a: Swampert|0 fnt
|faint|p1a: Swampert
|
|upkeep
|
|t:|1640034812
|switch|p1a: Conkeldurr|Conkeldurr, M|64/100 tox
|-damage|p1a: Conkeldurr|58/100 tox|[from] Stealth Rock
|turn|34
|
|t:|1640034819
|move|p1a: Conkeldurr|Mach Punch|p2a: Zarude
|-supereffective|p2a: Zarude
|-damage|p2a: Zarude|0 fnt
|faint|p2a: Zarude
|
|-damage|p1a: Conkeldurr|52/100 tox|[from] psn
|upkeep
|
|t:|1640034828
|switch|p2a: Porygon-Z|Porygon-Z|100/100
|-damage|p2a: Porygon-Z|88/100|[from] Stealth Rock
|turn|35
|
|t:|1640034832
|move|p1a: Conkeldurr|Mach Punch|p2a: Porygon-Z
|-supereffective|p2a: Porygon-Z
|-enditem|p2a: Porygon-Z|Chople Berry|[eat]
|-enditem|p2a: Porygon-Z|Chople Berry|[weaken]
|-damage|p2a: Porygon-Z|32/100
|move|p2a: Porygon-Z|Tri Attack|p1a: Conkeldurr
|-damage|p1a: Conkeldurr|0 fnt
|faint|p1a: Conkeldurr
|
|upkeep
|
|t:|1640034840
|switch|p1a: Sneasel|Sneasel, F|100/100
|-damage|p1a: Sneasel|76/100|[from] Stealth Rock
|turn|36
|
|t:|1640034845
|move|p1a: Sneasel|Low Kick|p2a: Porygon-Z
|-supereffective|p2a: Porygon-Z
|-damage|p2a: Porygon-Z|0 fnt
|faint|p2a: Porygon-Z
|
|upkeep
|
|t:|1640034851
|switch|p2a: Stakataka|Stakataka|100/100
|-damage|p2a: Stakataka|94/100|[from] Stealth Rock
|turn|37
|
|t:|1640034856
|move|p1a: Sneasel|Low Kick|p2a: Stakataka
|-supereffective|p2a: Stakataka
|-crit|p2a: Stakataka
|-enditem|p2a: Stakataka|Chople Berry|[eat]
|-enditem|p2a: Stakataka|Chople Berry|[weaken]
|-damage|p2a: Stakataka|5/100
|move|p2a: Stakataka|Gyro Ball|p1a: Sneasel
|-supereffective|p1a: Sneasel
|-damage|p1a: Sneasel|0 fnt
|faint|p1a: Sneasel
|
|win|D2Q
|raw|bioche80's rating: 1384 &rarr; <strong>1368</strong><br />(-16 for losing)
|raw|D2Q's rating: 1460 &rarr; <strong>1476</strong><br />(+16 for winning)
|l|☆D2Q
|c|☆bioche80|gg
