|j|☆who is lilou
|j|☆Rvp4president
|t:|1662444697
|gametype|singles
|player|p1|who is lilou|lucas-gen4pt|1523
|player|p2|Rvp4president|2|1432
|teamsize|p1|6
|teamsize|p2|6
|gen|8
|tier|[Gen 8] UU
|rated|
|rule|Sleep Clause Mod: Limit one foe put to sleep
|rule|Species Clause: Limit one of each Pokémon
|rule|OHKO Clause: OHKO moves are banned
|rule|Evasion Items Clause: Evasion items are banned
|rule|Evasion Moves Clause: Evasion moves are banned
|rule|Endless Battle Clause: Forcing endless battles is banned
|rule|HP Percentage Mod: HP is shown in percentages
|rule|Dynamax Clause: You cannot dynamax
|clearpoke
|poke|p1|Salamence, F|
|poke|p1|Nidoqueen, F|
|poke|p1|Celebi|
|poke|p1|Scizor, M|
|poke|p1|Lucario, F|
|poke|p1|Raikou|
|poke|p2|Amoonguss, M|
|poke|p2|Chansey, F|
|poke|p2|Skarmory, M|
|poke|p2|Diggersby, F|
|poke|p2|Keldeo-Resolute|
|poke|p2|Salamence, M|
|teampreview
|inactive|Battle timer is ON: inactive players will automatically lose when time's up. (requested by Rvp4president)
|
|t:|1662444718
|start
|switch|p1a: supreme|Scizor, M|100/100
|switch|p2a: Keldeo|Keldeo-Resolute|100/100
|turn|1
|j| Camryoo
|
|t:|1662444747
|switch|p1a: john titor|Celebi|100/100
|move|p2a: Keldeo|Scald|p1a: john titor
|-resisted|p1a: john titor
|-crit|p1a: john titor
|-damage|p1a: john titor|57/100
|
|-heal|p1a: john titor|64/100|[from] item: Leftovers
|upkeep
|turn|2
|
|t:|1662444757
|switch|p2a: Chansey|Chansey, F|100/100
|move|p1a: john titor|Giga Drain|p2a: Chansey
|-damage|p2a: Chansey|91/100
|-heal|p1a: john titor|73/100|[from] drain|[of] p2a: Chansey
|
|-heal|p1a: john titor|79/100|[from] item: Leftovers
|upkeep
|turn|3
|
|t:|1662444772
|switch|p1a: supreme|Scizor, M|100/100
|switch|p2a: Keldeo|Keldeo-Resolute|100/100
|
|upkeep
|turn|4
|
|t:|1662444783
|move|p2a: Keldeo|Scald|p1a: supreme
|-damage|p1a: supreme|8/100
|move|p1a: supreme|U-turn|p2a: Keldeo
|-resisted|p2a: Keldeo
|-damage|p2a: Keldeo|66/100
|
|t:|1662444790
|switch|p1a: john titor|Celebi|79/100|[from]move: U-turn
|
|-heal|p1a: john titor|86/100|[from] item: Leftovers
|upkeep
|turn|5
|
|t:|1662444796
|switch|p2a: Chansey|Chansey, F|91/100
|switch|p1a: supreme|Scizor, M|8/100
|
|upkeep
|turn|6
|
|t:|1662444803
|move|p1a: supreme|Knock Off|p2a: Chansey
|-damage|p2a: Chansey|58/100
|-enditem|p2a: Chansey|Eviolite|[from] move: Knock Off|[of] p1a: supreme
|move|p2a: Chansey|Stealth Rock|p1a: supreme
|-sidestart|p1: who is lilou|move: Stealth Rock
|
|upkeep
|turn|7
|
|t:|1662444817
|move|p1a: supreme|Knock Off|p2a: Chansey
|-damage|p2a: Chansey|21/100
|move|p2a: Chansey|Soft-Boiled|p2a: Chansey
|-heal|p2a: Chansey|71/100
|
|upkeep
|turn|8
|
|t:|1662444833
|switch|p2a: Keldeo|Keldeo-Resolute|66/100
|move|p1a: supreme|Knock Off|p2a: Keldeo
|-resisted|p2a: Keldeo
|-damage|p2a: Keldeo|35/100
|-ability|p2a: Keldeo|Justified|boost
|-boost|p2a: Keldeo|atk|1
|-enditem|p2a: Keldeo|Choice Specs|[from] move: Knock Off|[of] p1a: supreme
|
|upkeep
|turn|9
|
|t:|1662444847
|move|p2a: Keldeo|Scald|p1a: supreme
|-damage|p1a: supreme|0 fnt
|faint|p1a: supreme
|
|upkeep
|
|t:|1662444852
|switch|p1a: colgate|Raikou|100/100
|turn|10
|
|t:|1662444861
|switch|p2a: Diggersby|Diggersby, F, shiny|100/100
|move|p1a: colgate|Volt Switch|p2a: Diggersby
|-immune|p2a: Diggersby
|
|upkeep
|turn|11
|
|t:|1662444869
|move|p1a: colgate|Scald|p2a: Diggersby
|-supereffective|p2a: Diggersby
|-damage|p2a: Diggersby|32/100
|-status|p2a: Diggersby|brn
|move|p2a: Diggersby|Body Slam|p1a: colgate
|-damage|p1a: colgate|46/100
|
|-damage|p2a: Diggersby|26/100 brn|[from] brn
|upkeep
|turn|12
|
|t:|1662444879
|move|p1a: colgate|Scald|p2a: Diggersby
|-supereffective|p2a: Diggersby
|-damage|p2a: Diggersby|0 fnt
|faint|p2a: Diggersby
|
|upkeep
|
|t:|1662444884
|switch|p2a: Chansey|Chansey, F|71/100
|turn|13
|
|t:|1662444888
|move|p1a: colgate|Volt Switch|p2a: Chansey
|-damage|p2a: Chansey|55/100
|
|t:|1662444895
|switch|p1a: gender fluid|Nidoqueen, F|100/100|[from]move: Volt Switch
|-damage|p1a: gender fluid|94/100|[from] Stealth Rock
|move|p2a: Chansey|Seismic Toss|p1a: gender fluid
|-damage|p1a: gender fluid|63/100
|
|upkeep
|turn|14
|
|t:|1662444904
|move|p1a: gender fluid|Stealth Rock|p2a: Chansey
|-sidestart|p2: Rvp4president|move: Stealth Rock
|move|p2a: Chansey|Soft-Boiled|p2a: Chansey
|-heal|p2a: Chansey|100/100
|
|upkeep
|turn|15
|
|t:|1662444916
|move|p1a: gender fluid|Sludge Wave|p2a: Chansey
|-damage|p2a: Chansey|69/100
|move|p2a: Chansey|Seismic Toss|p1a: gender fluid
|-damage|p1a: gender fluid|32/100
|
|upkeep
|turn|16
|
|t:|1662444931
|switch|p1a: ive been forgotten|Lucario, F|100/100
|-damage|p1a: ive been forgotten|98/100|[from] Stealth Rock
|move|p2a: Chansey|Soft-Boiled|p2a: Chansey
|-heal|p2a: Chansey|100/100
|
|upkeep
|turn|17
|
|t:|1662444951
|switch|p2a: Skarmory|Skarmory, M, shiny|100/100
|-damage|p2a: Skarmory|88/100|[from] Stealth Rock
|move|p1a: ive been forgotten|Swords Dance|p1a: ive been forgotten
|-boost|p1a: ive been forgotten|atk|2
|
|upkeep
|turn|18
|
|t:|1662444959
|move|p1a: ive been forgotten|Close Combat|p2a: Skarmory
|-crit|p2a: Skarmory
|-damage|p2a: Skarmory|0 fnt
|-unboost|p1a: ive been forgotten|def|1
|-unboost|p1a: ive been forgotten|spd|1
|-damage|p1a: ive been forgotten|81/100|[from] item: Rocky Helmet|[of] p2a: Skarmory
|faint|p2a: Skarmory
|-damage|p1a: ive been forgotten|71/100|[from] item: Life Orb
|
|upkeep
|
|t:|1662444963
|switch|p2a: Amoonguss|Amoonguss, M|100/100
|-damage|p2a: Amoonguss|88/100|[from] Stealth Rock
|turn|19
|inactive|who is lilou has 120 seconds left.
|l| Camryoo
|inactive|who is lilou has 90 seconds left.
|
|t:|1662445033
|move|p1a: ive been forgotten|Meteor Mash|p2a: Amoonguss
|-damage|p2a: Amoonguss|4/100
|-damage|p1a: ive been forgotten|61/100|[from] item: Life Orb
|move|p2a: Amoonguss|Spore|p1a: ive been forgotten
|-status|p1a: ive been forgotten|slp|[from] move: Spore
|
|-heal|p2a: Amoonguss|10/100|[from] item: Black Sludge
|upkeep
|turn|20
|
|t:|1662445043
|switch|p2a: Salamence|Salamence, M|100/100
|cant|p1a: ive been forgotten|slp
|
|upkeep
|turn|21
|
|t:|1662445055
|cant|p1a: ive been forgotten|slp
|move|p2a: Salamence|Dragon Dance|p2a: Salamence
|-boost|p2a: Salamence|atk|1
|-boost|p2a: Salamence|spe|1
|
|upkeep
|turn|22
|
|t:|1662445063
|-curestatus|p1a: ive been forgotten|slp|[msg]
|move|p1a: ive been forgotten|Extreme Speed|p2a: Salamence
|-damage|p2a: Salamence|0 fnt
|faint|p2a: Salamence
|-damage|p1a: ive been forgotten|51/100|[from] item: Life Orb
|
|upkeep
|
|t:|1662445072
|switch|p2a: Keldeo|Keldeo-Resolute|35/100
|-damage|p2a: Keldeo|28/100|[from] Stealth Rock
|turn|23
|-message|Rvp4president forfeited.
|
|win|who is lilou
|raw|who is lilou's rating: 1523 &rarr; <strong>1538</strong><br />(+15 for winning)
|raw|Rvp4president's rating: 1432 &rarr; <strong>1417</strong><br />(-15 for losing)
|l|☆Rvp4president
