|j|☆MobiMolle
|j|☆kindersurprise2 0
|t:|1664278706
|gametype|singles
|player|p1|MobiMolle|2|1668
|player|p2|kindersurprise2 0|emmet|1461
|teamsize|p1|6
|teamsize|p2|6
|gen|8
|tier|[Gen 8] UU
|rated|
|rule|Sleep Clause Mod: Limit one foe put to sleep
|rule|Species Clause: Limit one of each Pokémon
|rule|OHKO Clause: OHKO moves are banned
|rule|Evasion Items Clause: Evasion items are banned
|rule|Evasion Moves Clause: Evasion moves are banned
|rule|Endless Battle Clause: Forcing endless battles is banned
|rule|HP Percentage Mod: HP is shown in percentages
|rule|Dynamax Clause: You cannot dynamax
|clearpoke
|poke|p1|Nihilego|
|poke|p1|Excadrill, M|
|poke|p1|Azumarill, M|
|poke|p1|Salamence, M|
|poke|p1|Rotom-Heat|
|poke|p1|Conkeldurr, M|
|poke|p2|Slowbro-Galar, M|
|poke|p2|Zarude-Dada|
|poke|p2|Rotom-Wash|
|poke|p2|Moltres|
|poke|p2|Hippowdon, F|
|poke|p2|Celesteela|
|teampreview
|j| ClaraBabylegs
|inactive|Battle timer is ON: inactive players will automatically lose when time's up. (requested by MobiMolle)
|c|☆MobiMolle|Gl
|c|☆kindersurprise2 0|gl hf
|
|t:|1664278733
|start
|switch|p1a: Hashira|Conkeldurr, M|100/100
|switch|p2a: Ermm|Zarude-Dada|100/100
|turn|1
|
|t:|1664278744
|switch|p2a: Avocado|Moltres|100/100
|move|p1a: Hashira|Knock Off|p2a: Avocado
|-damage|p2a: Avocado|60/100
|-enditem|p2a: Avocado|Heavy-Duty Boots|[from] move: Knock Off|[of] p1a: Hashira
|
|-status|p1a: Hashira|brn|[from] item: Flame Orb
|upkeep
|turn|2
|
|t:|1664278756
|switch|p1a: Storm-9|Nihilego|100/100
|move|p2a: Avocado|U-turn|p1a: Storm-9
|-resisted|p1a: Storm-9
|-damage|p1a: Storm-9|88/100
|
|t:|1664278764
|switch|p2a: Hax Attractor 3.0|Slowbro-Galar, M|100/100|[from]move: U-turn
|
|upkeep
|turn|3
|
|t:|1664278771
|move|p1a: Storm-9|Meteor Beam||[still]
|-prepare|p1a: Storm-9|Meteor Beam
|-boost|p1a: Storm-9|spa|1
|-enditem|p1a: Storm-9|Power Herb
|-anim|p1a: Storm-9|Meteor Beam|p2a: Hax Attractor 3.0
|-damage|p2a: Hax Attractor 3.0|37/100
|move|p2a: Hax Attractor 3.0|Psyshock|p1a: Storm-9
|-supereffective|p1a: Storm-9
|-damage|p1a: Storm-9|0 fnt
|faint|p1a: Storm-9
|
|upkeep
|
|t:|1664278787
|switch|p1a: Hashira|Conkeldurr, M|100/100 brn
|turn|4
|
|t:|1664278797
|switch|p2a: Cocoa|Hippowdon, F|100/100
|-weather|Sandstorm|[from] ability: Sand Stream|[of] p2a: Cocoa
|move|p1a: Hashira|Facade|p2a: Cocoa
|-damage|p2a: Cocoa|59/100
|
|-weather|Sandstorm|[upkeep]
|-damage|p1a: Hashira|94/100 brn|[from] Sandstorm
|-heal|p2a: Cocoa|65/100|[from] item: Leftovers
|-damage|p1a: Hashira|88/100 brn|[from] brn
|upkeep
|turn|5
|
|t:|1664278810
|switch|p1a: Virus|Rotom-Heat|100/100
|move|p2a: Cocoa|Stealth Rock|p1a: Virus
|-sidestart|p1: MobiMolle|move: Stealth Rock
|
|-weather|Sandstorm|[upkeep]
|-damage|p1a: Virus|94/100|[from] Sandstorm
|-heal|p2a: Cocoa|71/100|[from] item: Leftovers
|upkeep
|turn|6
|
|t:|1664278819
|switch|p2a: Cabbage|Rotom-Wash|100/100
|move|p1a: Virus|Toxic|p2a: Cabbage
|-status|p2a: Cabbage|tox
|
|-weather|Sandstorm|[upkeep]
|-damage|p2a: Cabbage|95/100 tox|[from] Sandstorm
|-damage|p1a: Virus|88/100|[from] Sandstorm
|-damage|p2a: Cabbage|89/100 tox|[from] psn
|upkeep
|turn|7
|l| ClaraBabylegs
|
|t:|1664278831
|move|p2a: Cabbage|Trick|p1a: Virus
|-activate|p2a: Cabbage|move: Trick|[of] p1a: Virus
|-item|p1a: Virus|Choice Scarf|[from] move: Trick
|-item|p2a: Cabbage|Heavy-Duty Boots|[from] move: Trick
|move|p1a: Virus|Volt Switch|p2a: Cabbage
|-damage|p2a: Cabbage|57/100 tox
|
|t:|1664278838
|switch|p1a: Kamina|Excadrill, M, shiny|100/100|[from]move: Volt Switch
|-damage|p1a: Kamina|97/100|[from] Stealth Rock
|-ability|p1a: Kamina|Mold Breaker
|
|-weather|Sandstorm|[upkeep]
|-damage|p2a: Cabbage|51/100 tox|[from] Sandstorm
|-damage|p2a: Cabbage|39/100 tox|[from] psn
|upkeep
|turn|8
|
|t:|1664278855
|switch|p2a: Cocoa|Hippowdon, F|71/100
|move|p1a: Kamina|Rapid Spin|p2a: Cocoa
|-damage|p2a: Cocoa|61/100
|-boost|p1a: Kamina|spe|1
|-sideend|p1: MobiMolle|Stealth Rock|[from] move: Rapid Spin|[of] p1a: Kamina
|
|-weather|none
|-heal|p2a: Cocoa|67/100|[from] item: Leftovers
|upkeep
|turn|9
|
|t:|1664278872
|move|p1a: Kamina|Iron Head|p2a: Cocoa
|-damage|p2a: Cocoa|46/100
|move|p2a: Cocoa|Stealth Rock|p1a: Kamina
|-sidestart|p1: MobiMolle|move: Stealth Rock
|
|-heal|p2a: Cocoa|52/100|[from] item: Leftovers
|upkeep
|turn|10
|
|t:|1664278881
|move|p1a: Kamina|Rapid Spin|p2a: Cocoa
|-damage|p2a: Cocoa|42/100
|-boost|p1a: Kamina|spe|1
|-sideend|p1: MobiMolle|Stealth Rock|[from] move: Rapid Spin|[of] p1a: Kamina
|move|p2a: Cocoa|Slack Off|p2a: Cocoa
|-heal|p2a: Cocoa|92/100
|
|-heal|p2a: Cocoa|98/100|[from] item: Leftovers
|upkeep
|turn|11
|
|t:|1664278903
|move|p1a: Kamina|Stealth Rock|p2a: Cocoa
|-sidestart|p2: kindersurprise2 0|move: Stealth Rock
|move|p2a: Cocoa|Stealth Rock|p1a: Kamina
|-sidestart|p1: MobiMolle|move: Stealth Rock
|
|-heal|p2a: Cocoa|100/100|[from] item: Leftovers
|upkeep
|turn|12
|
|t:|1664278910
|move|p1a: Kamina|Rapid Spin|p2a: Cocoa
|-damage|p2a: Cocoa|91/100
|-boost|p1a: Kamina|spe|1
|-sideend|p1: MobiMolle|Stealth Rock|[from] move: Rapid Spin|[of] p1a: Kamina
|move|p2a: Cocoa|Earthquake|p1a: Kamina
|-supereffective|p1a: Kamina
|-damage|p1a: Kamina|0 fnt
|faint|p1a: Kamina
|
|-heal|p2a: Cocoa|98/100|[from] item: Leftovers
|upkeep
|
|t:|1664278922
|switch|p1a: Nexus|Azumarill, M, shiny|100/100
|turn|13
|
|t:|1664278934
|move|p1a: Nexus|Belly Drum|p1a: Nexus
|-damage|p1a: Nexus|50/100
|-setboost|p1a: Nexus|atk|6|[from] move: Belly Drum
|-enditem|p1a: Nexus|Sitrus Berry|[eat]
|-heal|p1a: Nexus|75/100|[from] item: Sitrus Berry
|move|p2a: Cocoa|Stealth Rock|p1a: Nexus
|-sidestart|p1: MobiMolle|move: Stealth Rock
|
|-heal|p2a: Cocoa|100/100|[from] item: Leftovers
|upkeep
|turn|14
|
|t:|1664278944
|switch|p2a: Avocado|Moltres|60/100
|-damage|p2a: Avocado|10/100|[from] Stealth Rock
|move|p1a: Nexus|Ice Punch|p2a: Avocado
|-damage|p2a: Avocado|0 fnt
|faint|p2a: Avocado
|
|upkeep
|
|t:|1664278951
|switch|p2a: Ermm|Zarude-Dada|100/100
|-damage|p2a: Ermm|88/100|[from] Stealth Rock
|turn|15
|
|t:|1664278965
|move|p2a: Ermm|Power Whip|p1a: Nexus
|-supereffective|p1a: Nexus
|-damage|p1a: Nexus|0 fnt
|faint|p1a: Nexus
|
|upkeep
|inactive|MobiMolle has 120 seconds left.
|
|t:|1664278992
|switch|p1a: Hashira|Conkeldurr, M|88/100 brn
|-damage|p1a: Hashira|82/100 brn|[from] Stealth Rock
|turn|16
|inactive|MobiMolle has 120 seconds left.
|inactive|kindersurprise2 0 has 120 seconds left.
|
|t:|1664279024
|switch|p2a: Cocoa|Hippowdon, F|100/100
|-damage|p2a: Cocoa|94/100|[from] Stealth Rock
|-weather|Sandstorm|[from] ability: Sand Stream|[of] p2a: Cocoa
|move|p1a: Hashira|Knock Off|p2a: Cocoa
|-damage|p2a: Cocoa|63/100
|-enditem|p2a: Cocoa|Leftovers|[from] move: Knock Off|[of] p1a: Hashira
|
|-weather|Sandstorm|[upkeep]
|-damage|p1a: Hashira|76/100 brn|[from] Sandstorm
|-damage|p1a: Hashira|70/100 brn|[from] brn
|upkeep
|turn|17
|inactive|MobiMolle has 120 seconds left.
|
|t:|1664279037
|move|p2a: Cocoa|Slack Off|p2a: Cocoa
|-heal|p2a: Cocoa|100/100
|move|p1a: Hashira|Drain Punch|p2a: Cocoa
|-damage|p2a: Cocoa|65/100
|-heal|p1a: Hashira|88/100 brn|[from] drain|[of] p2a: Cocoa
|
|-weather|Sandstorm|[upkeep]
|-damage|p1a: Hashira|82/100 brn|[from] Sandstorm
|-damage|p1a: Hashira|76/100 brn|[from] brn
|upkeep
|turn|18
|inactive|MobiMolle has 120 seconds left.
|
|t:|1664279048
|switch|p1a: Virus|Rotom-Heat|88/100
|-damage|p1a: Virus|63/100|[from] Stealth Rock
|move|p2a: Cocoa|Earthquake|p1a: Virus
|-immune|p1a: Virus|[from] ability: Levitate
|
|-weather|Sandstorm|[upkeep]
|-damage|p1a: Virus|57/100|[from] Sandstorm
|upkeep
|turn|19
|inactive|MobiMolle has 120 seconds left.
|
|t:|1664279064
|switch|p2a: Hax Attractor 3.0|Slowbro-Galar, M|71/100
|-damage|p2a: Hax Attractor 3.0|58/100|[from] Stealth Rock
|move|p1a: Virus|Overheat|p2a: Hax Attractor 3.0
|-damage|p2a: Hax Attractor 3.0|16/100
|-unboost|p1a: Virus|spa|2
|
|-weather|Sandstorm|[upkeep]
|-damage|p1a: Virus|51/100|[from] Sandstorm
|-damage|p2a: Hax Attractor 3.0|10/100|[from] Sandstorm
|upkeep
|turn|20
|inactive|MobiMolle has 120 seconds left.
|
|t:|1664279080
|switch|p2a: Cabbage|Rotom-Wash|39/100 tox
|move|p1a: Virus|Overheat|p2a: Cabbage
|-resisted|p2a: Cabbage
|-damage|p2a: Cabbage|24/100 tox
|-unboost|p1a: Virus|spa|2
|
|-weather|none
|-damage|p2a: Cabbage|18/100 tox|[from] psn
|upkeep
|turn|21
|inactive|MobiMolle has 120 seconds left.
|
|t:|1664279104
|switch|p1a: Soar|Salamence, M|100/100
|-damage|p1a: Soar|76/100|[from] Stealth Rock
|move|p2a: Cabbage|Volt Switch|p1a: Soar
|-damage|p1a: Soar|30/100
|
|t:|1664279110
|switch|p2a: Ermm|Zarude-Dada|88/100|[from]move: Volt Switch
|-damage|p2a: Ermm|76/100|[from] Stealth Rock
|
|upkeep
|turn|22
|
|t:|1664279116
|switch|p1a: Hashira|Conkeldurr, M|76/100 brn
|-damage|p1a: Hashira|70/100 brn|[from] Stealth Rock
|move|p2a: Ermm|Darkest Lariat|p1a: Hashira
|-resisted|p1a: Hashira
|-damage|p1a: Hashira|43/100 brn
|
|-damage|p1a: Hashira|37/100 brn|[from] brn
|upkeep
|turn|23
|inactive|MobiMolle has 120 seconds left.
|
|t:|1664279127
|switch|p2a: Cabbage|Rotom-Wash|18/100 tox
|move|p1a: Hashira|Drain Punch|p2a: Cabbage
|-damage|p2a: Cabbage|0 fnt
|-heal|p1a: Hashira|43/100 brn|[from] drain|[of] p2a: Cabbage
|faint|p2a: Cabbage
|
|-damage|p1a: Hashira|37/100 brn|[from] brn
|upkeep
|
|t:|1664279129
|switch|p2a: Panda|Celesteela, shiny|100/100
|-damage|p2a: Panda|88/100|[from] Stealth Rock
|turn|24
|inactive|MobiMolle has 120 seconds left.
|
|t:|1664279141
|move|p2a: Panda|Air Slash|p1a: Hashira
|-supereffective|p1a: Hashira
|-damage|p1a: Hashira|0 fnt
|faint|p1a: Hashira
|-ability|p2a: Panda|Beast Boost|boost
|-boost|p2a: Panda|spa|1
|
|upkeep
|inactive|MobiMolle has 120 seconds left.
|
|t:|1664279151
|switch|p1a: Virus|Rotom-Heat|51/100
|-damage|p1a: Virus|26/100|[from] Stealth Rock
|turn|25
|inactive|MobiMolle has 120 seconds left.
|
|t:|1664279169
|move|p1a: Virus|Overheat|p2a: Panda
|-supereffective|p2a: Panda
|-damage|p2a: Panda|0 fnt
|-unboost|p1a: Virus|spa|2
|faint|p2a: Panda
|
|upkeep
|
|t:|1664279174
|switch|p2a: Cocoa|Hippowdon, F|65/100
|-damage|p2a: Cocoa|59/100|[from] Stealth Rock
|-weather|Sandstorm|[from] ability: Sand Stream|[of] p2a: Cocoa
|turn|26
|
|t:|1664279183
|move|p1a: Virus|Overheat|p2a: Cocoa
|-damage|p2a: Cocoa|29/100
|-unboost|p1a: Virus|spa|2
|move|p2a: Cocoa|Slack Off|p2a: Cocoa
|-heal|p2a: Cocoa|79/100
|
|-weather|Sandstorm|[upkeep]
|-damage|p1a: Virus|20/100|[from] Sandstorm
|upkeep
|turn|27
|
|t:|1664279196
|move|p1a: Virus|Overheat|p2a: Cocoa
|-damage|p2a: Cocoa|57/100
|-unboost|p1a: Virus|spa|2
|move|p2a: Cocoa|Toxic|p1a: Virus
|-status|p1a: Virus|tox
|
|-weather|Sandstorm|[upkeep]
|-damage|p1a: Virus|13/100 tox|[from] Sandstorm
|-damage|p1a: Virus|7/100 tox|[from] psn
|upkeep
|turn|28
|
|t:|1664279207
|move|p1a: Virus|Overheat|p2a: Cocoa
|-damage|p2a: Cocoa|42/100
|move|p2a: Cocoa|Slack Off|p2a: Cocoa
|-heal|p2a: Cocoa|92/100
|
|-weather|Sandstorm|[upkeep]
|-damage|p1a: Virus|1/100 tox|[from] Sandstorm
|-damage|p1a: Virus|0 fnt|[from] psn
|faint|p1a: Virus
|upkeep
|inactive|MobiMolle has 120 seconds left.
|
|t:|1664279218
|switch|p1a: Soar|Salamence, M|30/100
|-damage|p1a: Soar|5/100|[from] Stealth Rock
|turn|29
|c|☆kindersurprise2 0|gg
|
|t:|1664279224
|move|p1a: Soar|Outrage|p2a: Cocoa
|-damage|p2a: Cocoa|60/100
|move|p2a: Cocoa|Toxic|p1a: Soar
|-status|p1a: Soar|tox
|-enditem|p1a: Soar|Lum Berry|[eat]
|-curestatus|p1a: Soar|tox|[msg]
|
|-weather|Sandstorm|[upkeep]
|-damage|p1a: Soar|0 fnt|[from] Sandstorm
|faint|p1a: Soar
|
|win|kindersurprise2 0
|upkeep
|raw|MobiMolle's rating: 1668 &rarr; <strong>1637</strong><br />(-31 for losing)
|raw|kindersurprise2 0's rating: 1461 &rarr; <strong>1492</strong><br />(+31 for winning)
|c|☆MobiMolle|Gg
|l|☆MobiMolle
|c|☆kindersurprise2 0|Honestly you seem like an experienced player
||Ladder isn't responding, score probably updated but might not have (Request timeout).
