|j|☆The Delta Maybca☆〜
|j|☆Zephyyyr
|inactive|Battle timer is ON: inactive players will automatically lose when time's up.
|t:|1656159379
|gametype|singles
|player|p1|The Delta Maybca☆〜|silver|
|player|p2|Zephyyyr|richboy|
|teamsize|p1|6
|teamsize|p2|6
|gen|8
|tier|[Gen 8] UU
|rated|Tournament battle
|rule|Sleep Clause Mod: Limit one foe put to sleep
|rule|Species Clause: Limit one of each Pokémon
|rule|OHKO Clause: OHKO moves are banned
|rule|Evasion Moves Clause: Evasion moves are banned
|rule|Endless Battle Clause: Forcing endless battles is banned
|rule|HP Percentage Mod: HP is shown in percentages
|rule|Dynamax Clause: You cannot dynamax
|clearpoke
|poke|p1|Azelf|
|poke|p1|Keldeo-Resolute|
|poke|p1|Crawdaunt, F|
|poke|p1|Primarina, M|
|poke|p1|Zygarde-10%|
|poke|p1|Conkeldurr, F|
|poke|p2|Froslass, F|
|poke|p2|Krookodile, F|
|poke|p2|Azelf|
|poke|p2|Azumarill, F|
|poke|p2|Scizor, M|
|poke|p2|Virizion|
|teampreview
|inactive|The Delta Maybca☆〜 also wants the timer to be on.
|j| UL3-Gardenix
|c|☆The Delta Maybca☆〜|Hf!
|
|t:|1656159399
|start
|switch|p1a: Azelf|Azelf|100/100
|switch|p2a: Froslass|Froslass, F, shiny|100/100
|turn|1
|
|t:|1656159403
|move|p1a: Azelf|Stealth Rock|p2a: Froslass
|-sidestart|p2: Zephyyyr|move: Stealth Rock
|move|p2a: Froslass|Poltergeist|p1a: Azelf
|-activate|p1a: Azelf|move: Poltergeist|Focus Sash
|-supereffective|p1a: Azelf
|-enditem|p1a: Azelf|Focus Sash
|-damage|p1a: Azelf|1/100
|
|upkeep
|turn|2
|
|t:|1656159406
|move|p1a: Azelf|Knock Off|p2a: Froslass
|-supereffective|p2a: Froslass
|-damage|p2a: Froslass|8/100
|-start|p1a: Azelf|Disable|Knock Off|[from] ability: Cursed Body|[of] p2a: Froslass
|-enditem|p2a: Froslass|Focus Sash|[from] move: Knock Off|[of] p1a: Azelf
|move|p2a: Froslass|Poltergeist||[still]
|-fail|p2a: Froslass
|
|upkeep
|turn|3
|
|t:|1656159412
|move|p1a: Azelf|Fire Blast|p2a: Froslass
|-supereffective|p2a: Froslass
|-damage|p2a: Froslass|0 fnt
|faint|p2a: Froslass
|
|upkeep
|
|t:|1656159419
|switch|p2a: Scizor|Scizor, M|100/100
|-damage|p2a: Scizor|88/100|[from] Stealth Rock
|turn|4
|
|t:|1656159421
|move|p2a: Scizor|Quick Attack|p1a: Azelf
|-damage|p1a: Azelf|0 fnt
|faint|p1a: Azelf
|-damage|p2a: Scizor|78/100|[from] item: Life Orb
|
|upkeep
|j| Deeeeku
|
|t:|1656159431
|switch|p1a: Keldeo|Keldeo-Resolute|100/100
|turn|5
|l| Deeeeku
|
|t:|1656159438
|move|p1a: Keldeo|Scald|p2a: Scizor
|-damage|p2a: Scizor|0 fnt
|faint|p2a: Scizor
|-damage|p1a: Keldeo|91/100|[from] item: Life Orb
|
|upkeep
|
|t:|1656159441
|switch|p2a: Azumarill|Azumarill, F, shiny|100/100
|-damage|p2a: Azumarill|88/100|[from] Stealth Rock
|turn|6
|
|t:|1656159450
|move|p1a: Keldeo|Scald|p2a: Azumarill
|-resisted|p2a: Azumarill
|-damage|p2a: Azumarill|56/100
|-damage|p1a: Keldeo|81/100|[from] item: Life Orb
|move|p2a: Azumarill|Belly Drum|p2a: Azumarill
|-damage|p2a: Azumarill|6/100
|-setboost|p2a: Azumarill|atk|6|[from] move: Belly Drum
|-enditem|p2a: Azumarill|Sitrus Berry|[eat]
|-heal|p2a: Azumarill|31/100|[from] item: Sitrus Berry
|
|upkeep
|turn|7
|
|t:|1656159455
|move|p1a: Keldeo|Air Slash|p2a: Azumarill
|-damage|p2a: Azumarill|0 fnt
|faint|p2a: Azumarill
|-damage|p1a: Keldeo|71/100|[from] item: Life Orb
|
|upkeep
|
|t:|1656159458
|switch|p2a: Azelf|Azelf, shiny|100/100
|-damage|p2a: Azelf|88/100|[from] Stealth Rock
|turn|8
|
|t:|1656159461
|move|p2a: Azelf|Nasty Plot|p2a: Azelf
|-boost|p2a: Azelf|spa|2
|move|p1a: Keldeo|Scald|p2a: Azelf
|-damage|p2a: Azelf|9/100
|-damage|p1a: Keldeo|61/100|[from] item: Life Orb
|
|upkeep
|turn|9
|
|t:|1656159463
|move|p2a: Azelf|Psyshock|p1a: Keldeo
|-supereffective|p1a: Keldeo
|-damage|p1a: Keldeo|0 fnt
|faint|p1a: Keldeo
|
|upkeep
|
|t:|1656159468
|switch|p1a: Crawdaunt|Crawdaunt, F|100/100
|turn|10
|
|t:|1656159474
|move|p1a: Crawdaunt|Aqua Jet|p2a: Azelf
|-damage|p2a: Azelf|0 fnt
|faint|p2a: Azelf
|
|upkeep
|
|t:|1656159475
|switch|p2a: Krookodile|Krookodile, F|100/100
|-damage|p2a: Krookodile|94/100|[from] Stealth Rock
|-ability|p2a: Krookodile|Intimidate|boost
|-unboost|p1a: Crawdaunt|atk|1
|turn|11
|
|t:|1656159478
|move|p2a: Krookodile|Stealth Rock|p1a: Crawdaunt
|-sidestart|p1: The Delta Maybca☆〜|move: Stealth Rock
|move|p1a: Crawdaunt|Crabhammer|p2a: Krookodile
|-supereffective|p2a: Krookodile
|-damage|p2a: Krookodile|0 fnt
|faint|p2a: Krookodile
|
|upkeep
|
|t:|1656159482
|switch|p2a: Virizion|Virizion|100/100
|-damage|p2a: Virizion|94/100|[from] Stealth Rock
|turn|12
|
|t:|1656159485
|move|p2a: Virizion|Calm Mind|p2a: Virizion
|-boost|p2a: Virizion|spa|1
|-boost|p2a: Virizion|spd|1
|move|p1a: Crawdaunt|Crabhammer|p2a: Virizion
|-resisted|p2a: Virizion
|-damage|p2a: Virizion|63/100
|
|upkeep
|turn|13
|
|t:|1656159491
|switch|p1a: Primarina|Primarina, M|100/100
|-damage|p1a: Primarina|88/100|[from] Stealth Rock
|move|p2a: Virizion|Calm Mind|p2a: Virizion
|-boost|p2a: Virizion|spa|1
|-boost|p2a: Virizion|spd|1
|
|upkeep
|turn|14
|j| Pyrobute24
|
|t:|1656159493
|move|p2a: Virizion|Giga Drain|p1a: Primarina
|-supereffective|p1a: Primarina
|-damage|p1a: Primarina|0 fnt
|-heal|p2a: Virizion|100/100|[from] drain|[of] p1a: Primarina
|faint|p1a: Primarina
|-damage|p2a: Virizion|91/100|[from] item: Life Orb
|
|upkeep
|l| Pyrobute24
|
|t:|1656159497
|switch|p1a: Crawdaunt|Crawdaunt, F|100/100
|-damage|p1a: Crawdaunt|88/100|[from] Stealth Rock
|turn|15
|
|t:|1656159499
|move|p1a: Crawdaunt|Aqua Jet|p2a: Virizion
|-resisted|p2a: Virizion
|-damage|p2a: Virizion|71/100
|move|p2a: Virizion|Giga Drain|p1a: Crawdaunt
|-supereffective|p1a: Crawdaunt
|-damage|p1a: Crawdaunt|0 fnt
|-heal|p2a: Virizion|100/100|[from] drain|[of] p1a: Crawdaunt
|faint|p1a: Crawdaunt
|-damage|p2a: Virizion|91/100|[from] item: Life Orb
|
|upkeep
|
|t:|1656159501
|switch|p1a: Conkeldurr|Conkeldurr, F|100/100
|-damage|p1a: Conkeldurr|95/100|[from] Stealth Rock
|turn|16
|j| Pyrobute24
|
|t:|1656159509
|move|p1a: Conkeldurr|Mach Punch|p2a: Virizion
|-damage|p2a: Virizion|56/100
|move|p2a: Virizion|Giga Drain|p1a: Conkeldurr
|-damage|p1a: Conkeldurr|0 fnt
|-heal|p2a: Virizion|100/100|[from] drain|[of] p1a: Conkeldurr
|faint|p1a: Conkeldurr
|-damage|p2a: Virizion|91/100|[from] item: Life Orb
|
|upkeep
|
|t:|1656159511
|switch|p1a: Zygarde|Zygarde-10%|100/100
|-damage|p1a: Zygarde|94/100|[from] Stealth Rock
|-ability|p1a: Zygarde|Aura Break
|turn|17
|c|☆The Delta Maybca☆〜|Gg wp
|
|t:|1656159517
|move|p2a: Virizion|Giga Drain|p1a: Zygarde
|-damage|p1a: Zygarde|0 fnt
|-heal|p2a: Virizion|100/100|[from] drain|[of] p1a: Zygarde
|faint|p1a: Zygarde
|-damage|p2a: Virizion|91/100|[from] item: Life Orb
|
|win|Zephyyyr
|n|☆The Delta Maybca☆〜|thedeltamaybca
|n|☆Zephyyyr|zephyyyr
|n| UL3-Gardenix|ul3gardenix
|n| Pyrobute24|pyrobute24
