|j|☆Being Onion
|j|☆UUBF5 detour
|t:|1617457067
|gametype|singles
|player|p1|Being Onion|marley|1117
|player|p2|UUBF5 detour|maid-gen4|1213
|teamsize|p1|6
|teamsize|p2|6
|gen|8
|tier|[Gen 8] UU
|rated|
|clearpoke
|poke|p1|Salamence, M|
|poke|p1|Lycanroc-Dusk, M|
|poke|p1|Aegislash, F|
|poke|p1|Azelf|
|poke|p1|Keldeo-Resolute|
|poke|p1|Moltres-Galar|
|poke|p2|Weezing-Galar, M|
|poke|p2|Pyukumuku, M|
|poke|p2|Chansey, F|
|poke|p2|Mew|
|poke|p2|Salamence, F|
|poke|p2|Amoonguss, M|
|rule|Sleep Clause Mod: Limit one foe put to sleep
|rule|Species Clause: Limit one of each Pokémon
|rule|OHKO Clause: OHKO moves are banned
|rule|Evasion Moves Clause: Evasion moves are banned
|rule|Endless Battle Clause: Forcing endless battles is banned
|rule|HP Percentage Mod: HP is shown in percentages
|rule|Dynamax Clause: You cannot dynamax
|teampreview
|c|☆Being Onion|what do i do to deserve this
|
|t:|1617457098
|start
|switch|p1a: Azelf|Azelf|100/100
|switch|p2a: Mew|Mew|100/100
|turn|1
|
|t:|1617457111
|move|p1a: Azelf|Taunt|p2a: Mew
|-start|p2a: Mew|move: Taunt
|move|p2a: Mew|Knock Off|p1a: Azelf
|-supereffective|p1a: Azelf
|-damage|p1a: Azelf|29/100
|-enditem|p1a: Azelf|Focus Sash|[from] move: Knock Off|[of] p2a: Mew
|
|upkeep
|turn|2
|
|t:|1617457119
|move|p1a: Azelf|Explosion|p2a: Mew
|-damage|p2a: Mew|41/100
|faint|p1a: Azelf
|move|p2a: Mew|Knock Off|p1: Azelf|[notarget]
|-fail|p2a: Mew
|
|-heal|p2a: Mew|48/100|[from] item: Leftovers
|upkeep
|
|t:|1617457127
|switch|p1a: Moltres|Moltres-Galar|100/100
|turn|3
|
|t:|1617457134
|switch|p2a: Weezing|Weezing-Galar, M|100/100
|-fieldstart|move: Misty Terrain|[from] ability: Misty Surge|[of] p2a: Weezing
|move|p1a: Moltres|Agility|p1a: Moltres
|-boost|p1a: Moltres|spe|2
|
|upkeep
|turn|4
|
|t:|1617457138
|move|p1a: Moltres|Nasty Plot|p1a: Moltres
|-boost|p1a: Moltres|spa|2
|move|p2a: Weezing|Misty Explosion|p1a: Moltres
|-supereffective|p1a: Moltres
|-damage|p1a: Moltres|0 fnt
|faint|p2a: Weezing
|faint|p1a: Moltres
|
|upkeep
|
|t:|1617457150
|switch|p1a: Lycanroc|Lycanroc-Dusk, M|100/100
|switch|p2a: Amoonguss|Amoonguss, M|100/100
|turn|5
|
|t:|1617457154
|move|p1a: Lycanroc|Swords Dance|p1a: Lycanroc
|-boost|p1a: Lycanroc|atk|2
|move|p2a: Amoonguss|Giga Drain|p1a: Lycanroc
|-supereffective|p1a: Lycanroc
|-damage|p1a: Lycanroc|32/100
|
|upkeep
|turn|6
|
|t:|1617457169
|switch|p2a: Mew|Mew|48/100
|move|p1a: Lycanroc|Stone Edge|p2a: Mew|[miss]
|-miss|p1a: Lycanroc|p2a: Mew
|
|-heal|p2a: Mew|54/100|[from] item: Leftovers
|upkeep
|turn|7
|
|t:|1617457174
|move|p1a: Lycanroc|Stone Edge|p2a: Mew|[miss]
|-miss|p1a: Lycanroc|p2a: Mew
|move|p2a: Mew|Will-O-Wisp|p1a: Lycanroc
|-activate|p1a: Lycanroc|move: Misty Terrain
|
|-heal|p2a: Mew|60/100|[from] item: Leftovers
|-fieldend|Misty Terrain
|upkeep
|turn|8
|c|☆UUBF5 detour|oh right
|
|t:|1617457185
|move|p1a: Lycanroc|Stone Edge|p2a: Mew
|-damage|p2a: Mew|0 fnt
|faint|p2a: Mew
|
|upkeep
|
|t:|1617457187
|switch|p2a: Pyukumuku|Pyukumuku, M|100/100
|turn|9
|
|t:|1617457193
|move|p1a: Lycanroc|Stone Edge|p2a: Pyukumuku
|-damage|p2a: Pyukumuku|71/100
|move|p2a: Pyukumuku|Toxic|p1a: Lycanroc
|-status|p1a: Lycanroc|tox
|
|-damage|p1a: Lycanroc|26/100 tox|[from] psn
|upkeep
|turn|10
|
|t:|1617457196
|move|p1a: Lycanroc|Stone Edge|p2a: Pyukumuku|[miss]
|-miss|p1a: Lycanroc|p2a: Pyukumuku
|move|p2a: Pyukumuku|Recover|p2a: Pyukumuku
|-heal|p2a: Pyukumuku|100/100
|
|-damage|p1a: Lycanroc|13/100 tox|[from] psn
|upkeep
|turn|11
|
|t:|1617457199
|move|p1a: Lycanroc|Stone Edge|p2a: Pyukumuku
|-crit|p2a: Pyukumuku
|-damage|p2a: Pyukumuku|51/100
|move|p2a: Pyukumuku|Recover|p2a: Pyukumuku
|-heal|p2a: Pyukumuku|100/100
|
|-damage|p1a: Lycanroc|0 fnt|[from] psn
|faint|p1a: Lycanroc
|upkeep
|
|t:|1617457201
|switch|p1a: Keldeo|Keldeo-Resolute|100/100
|turn|12
|
|t:|1617457212
|move|p1a: Keldeo|Secret Sword|p2a: Pyukumuku
|-damage|p2a: Pyukumuku|58/100
|move|p2a: Pyukumuku|Soak|p1a: Keldeo
|-start|p1a: Keldeo|typechange|Water
|
|upkeep
|turn|13
|
|t:|1617457215
|move|p1a: Keldeo|Secret Sword|p2a: Pyukumuku
|-damage|p2a: Pyukumuku|30/100
|move|p2a: Pyukumuku|Recover|p2a: Pyukumuku
|-heal|p2a: Pyukumuku|80/100
|
|upkeep
|turn|14
|
|t:|1617457223
|switch|p1a: Salamence|Salamence, M|100/100
|-ability|p1a: Salamence|Intimidate|boost
|-unboost|p2a: Pyukumuku|atk|1
|move|p2a: Pyukumuku|Recover|p2a: Pyukumuku
|-heal|p2a: Pyukumuku|100/100
|
|upkeep
|turn|15
|
|t:|1617457227
|move|p1a: Salamence|Dual Wingbeat|p2a: Pyukumuku
|-damage|p2a: Pyukumuku|86/100
|-damage|p2a: Pyukumuku|72/100
|-hitcount|p2a: Pyukumuku|2
|move|p2a: Pyukumuku|Toxic|p1a: Salamence
|-status|p1a: Salamence|tox
|
|-damage|p1a: Salamence|94/100 tox|[from] psn
|upkeep
|turn|16
|
|t:|1617457231
|move|p1a: Salamence|Dual Wingbeat|p2a: Pyukumuku
|-damage|p2a: Pyukumuku|59/100
|-damage|p2a: Pyukumuku|46/100
|-hitcount|p2a: Pyukumuku|2
|move|p2a: Pyukumuku|Recover|p2a: Pyukumuku
|-heal|p2a: Pyukumuku|96/100
|
|-damage|p1a: Salamence|82/100 tox|[from] psn
|upkeep
|turn|17
|
|t:|1617457235
|switch|p1a: Keldeo|Keldeo-Resolute|100/100
|move|p2a: Pyukumuku|Soak|p1a: Keldeo
|-start|p1a: Keldeo|typechange|Water
|
|upkeep
|turn|18
|
|t:|1617457239
|move|p1a: Keldeo|Flip Turn|p2a: Pyukumuku
|-resisted|p2a: Pyukumuku
|-damage|p2a: Pyukumuku|91/100
|
|t:|1617457241
|switch|p1a: Aegislash|Aegislash, F|100/100|[from]move: Flip Turn
|move|p2a: Pyukumuku|Toxic|p1a: Aegislash
|-immune|p1a: Aegislash
|
|upkeep
|turn|19
|
|t:|1617457248
|switch|p2a: Amoonguss|Amoonguss, M|100/100
|move|p1a: Aegislash|Swords Dance|p1a: Aegislash
|-boost|p1a: Aegislash|atk|2
|
|upkeep
|turn|20
|
|t:|1617457250
|-formechange|p1a: Aegislash|Aegislash-Blade||[from] ability: Stance Change
|move|p1a: Aegislash|Shadow Sneak|p2a: Amoonguss
|-damage|p2a: Amoonguss|62/100
|move|p2a: Amoonguss|Foul Play|p1a: Aegislash
|-supereffective|p1a: Aegislash
|-damage|p1a: Aegislash|0 fnt
|faint|p1a: Aegislash
|
|upkeep
|
|t:|1617457253
|switch|p1a: Salamence|Salamence, M|82/100 tox
|-ability|p1a: Salamence|Intimidate|boost
|-unboost|p2a: Amoonguss|atk|1
|turn|21
|
|t:|1617457259
|switch|p2a: Pyukumuku|Pyukumuku, M|91/100
|move|p1a: Salamence|Dragon Dance|p1a: Salamence
|-boost|p1a: Salamence|atk|1
|-boost|p1a: Salamence|spe|1
|
|-damage|p1a: Salamence|76/100 tox|[from] psn
|upkeep
|turn|22
|-message|Being Onion forfeited.
|
|win|UUBF5 detour
|raw|Being Onion's rating: 1117 &rarr; <strong>1099</strong><br />(-18 for losing)
|raw|UUBF5 detour's rating: 1213 &rarr; <strong>1231</strong><br />(+18 for winning)
|l|☆Being Onion
