|j|☆Le panda chill
|j|☆Moutemoute
|t:|1633122813
|gametype|singles
|player|p1|Le panda chill|roxie|
|player|p2|Moutemoute|#moutemoute|
|teamsize|p1|6
|teamsize|p2|6
|gen|8
|tier|[Gen 8] UU
|rated|Tournament battle
|rule|Sleep Clause Mod: Limit one foe put to sleep
|rule|Species Clause: Limit one of each Pokémon
|rule|OHKO Clause: OHKO moves are banned
|rule|Evasion Moves Clause: Evasion moves are banned
|rule|Endless Battle Clause: Forcing endless battles is banned
|rule|HP Percentage Mod: HP is shown in percentages
|rule|Dynamax Clause: You cannot dynamax
|clearpoke
|poke|p1|Latias, F|
|poke|p1|Zarude|
|poke|p1|Mienshao, F|
|poke|p1|Chansey, F|
|poke|p1|Celesteela|
|poke|p1|Swampert, F|
|poke|p2|Excadrill, M|
|poke|p2|Linoone, M|
|poke|p2|Kommo-o, F|
|poke|p2|Diggersby, M|
|poke|p2|Latias, F|
|poke|p2|Moltres-Galar|
|teampreview
|j| Dunoks
|j| afuyeas
|j| forestcave
|c|☆Le panda chill|hf
|c|☆Moutemoute|hf
|j| congelateur-sama
|
|t:|1633122869
|start
|switch|p1a: Swampert|Swampert, F|100/100
|switch|p2a: Excadrill|Excadrill, M|100/100
|-ability|p2a: Excadrill|Mold Breaker
|turn|1
|
|t:|1633122874
|move|p2a: Excadrill|Stealth Rock|p1a: Swampert
|-sidestart|p1: Le panda chill|move: Stealth Rock
|move|p1a: Swampert|Stealth Rock|p2a: Excadrill
|-sidestart|p2: Moutemoute|move: Stealth Rock
|
|upkeep
|turn|2
|
|t:|1633122879
|move|p2a: Excadrill|Rapid Spin|p1a: Swampert
|-damage|p1a: Swampert|83/100
|-boost|p2a: Excadrill|spe|1
|-sideend|p2: Moutemoute|Stealth Rock|[from] move: Rapid Spin|[of] p2a: Excadrill
|move|p1a: Swampert|Earthquake|p2a: Excadrill
|-supereffective|p2a: Excadrill
|-enditem|p2a: Excadrill|Focus Sash
|-damage|p2a: Excadrill|1/100
|
|-heal|p1a: Swampert|89/100|[from] item: Leftovers
|upkeep
|turn|3
|j| Ithi
|
|t:|1633122888
|move|p2a: Excadrill|Earthquake|p1a: Swampert
|-damage|p1a: Swampert|42/100
|move|p1a: Swampert|Flip Turn|p2a: Excadrill
|-supereffective|p2a: Excadrill
|-damage|p2a: Excadrill|0 fnt
|faint|p2a: Excadrill
|l| Ithi
|
|t:|1633122898
|switch|p1a: Chansey|Chansey, F|100/100|[from]move: Flip Turn
|-damage|p1a: Chansey|88/100|[from] Stealth Rock
|
|upkeep
|c|☆Le panda chill|*fuoûh
|
|t:|1633122903
|switch|p2a: Diggersby|Diggersby, M|100/100
|turn|4
|c|☆Le panda chill|missclick
|
|t:|1633122918
|switch|p1a: Swampert|Swampert, F|42/100
|-damage|p1a: Swampert|36/100|[from] Stealth Rock
|move|p2a: Diggersby|Swords Dance|p2a: Diggersby
|-boost|p2a: Diggersby|atk|2
|
|-heal|p1a: Swampert|42/100|[from] item: Leftovers
|upkeep
|turn|5
|c|☆Le panda chill|aaa
|
|t:|1633122924
|move|p2a: Diggersby|Earthquake|p1a: Swampert
|-damage|p1a: Swampert|0 fnt
|faint|p1a: Swampert
|
|upkeep
|
|t:|1633122960
|switch|p1a: Latias|Latias, F|100/100
|-damage|p1a: Latias|88/100|[from] Stealth Rock
|turn|6
|
|t:|1633122964
|move|p2a: Diggersby|Quick Attack|p1a: Latias
|-damage|p1a: Latias|26/100
|move|p1a: Latias|Draco Meteor|p2a: Diggersby
|-damage|p2a: Diggersby|0 fnt
|-unboost|p1a: Latias|spa|2
|faint|p2a: Diggersby
|-damage|p1a: Latias|16/100|[from] item: Life Orb
|
|upkeep
|
|t:|1633122973
|switch|p2a: Kommo-o|Kommo-o, F|100/100
|turn|7
|j|+Chuo͜͡∞ku
|j| Solar Sailor
|
|t:|1633122990
|move|p1a: Latias|Draco Meteor|p2a: Kommo-o
|-supereffective|p2a: Kommo-o
|-damage|p2a: Kommo-o|17/100
|-unboost|p1a: Latias|spa|2
|-damage|p1a: Latias|6/100|[from] item: Life Orb
|move|p2a: Kommo-o|Clangorous Soul||[still]
|-fail|p2a: Kommo-o
|
|-heal|p2a: Kommo-o|23/100|[from] item: Leftovers
|upkeep
|turn|8
|
|t:|1633123001
|switch|p2a: Linoone|Linoone, M|100/100
|move|p1a: Latias|Draco Meteor|p2a: Linoone
|-damage|p2a: Linoone|62/100
|-unboost|p1a: Latias|spa|2
|-damage|p1a: Latias|0 fnt|[from] item: Life Orb
|faint|p1a: Latias
|
|upkeep
|
|t:|1633123041
|switch|p1a: Zarude|Zarude|100/100
|turn|9
|
|t:|1633123048
|move|p1a: Zarude|Darkest Lariat|p2a: Linoone
|-damage|p2a: Linoone|4/100
|-enditem|p2a: Linoone|Figy Berry|[eat]
|-heal|p2a: Linoone|37/100|[from] item: Figy Berry
|move|p2a: Linoone|Belly Drum||[still]
|-fail|p2a: Linoone
|
|upkeep
|turn|10
|
|t:|1633123053
|move|p2a: Linoone|Extreme Speed|p1a: Zarude
|-damage|p1a: Zarude|72/100
|move|p1a: Zarude|Darkest Lariat|p2a: Linoone
|-damage|p2a: Linoone|0 fnt
|faint|p2a: Linoone
|
|upkeep
|
|t:|1633123057
|switch|p2a: Moltres|Moltres-Galar|100/100
|turn|11
|
|t:|1633123062
|move|p1a: Zarude|U-turn|p2a: Moltres
|-damage|p2a: Moltres|76/100
|
|t:|1633123071
|switch|p1a: Chansey|Chansey, F|88/100|[from]move: U-turn
|-damage|p1a: Chansey|76/100|[from] Stealth Rock
|move|p2a: Moltres|Nasty Plot|p2a: Moltres
|-boost|p2a: Moltres|spa|2
|
|upkeep
|turn|12
|
|t:|1633123075
|move|p2a: Moltres|Nasty Plot|p2a: Moltres
|-boost|p2a: Moltres|spa|2
|move|p1a: Chansey|Thunder Wave|p2a: Moltres
|-status|p2a: Moltres|par
|
|upkeep
|turn|13
|
|t:|1633123083
|cant|p2a: Moltres|par
|move|p1a: Chansey|Teleport|p1a: Chansey
|
|t:|1633123085
|switch|p1a: Mienshao|Mienshao, F|100/100|[from]move: Teleport
|-damage|p1a: Mienshao|95/100|[from] Stealth Rock
|
|upkeep
|turn|14
|c|☆Moutemoute|..
|c|☆Moutemoute|sigh
|
|t:|1633123116
|move|p1a: Mienshao|Stone Edge|p2a: Moltres
|-supereffective|p2a: Moltres
|-damage|p2a: Moltres|0 fnt
|faint|p2a: Moltres
|
|upkeep
|
|t:|1633123119
|switch|p2a: Kommo-o|Kommo-o, F|23/100
|turn|15
|l| forestcave
|
|t:|1633123150
|switch|p1a: Chansey|Chansey, F|76/100
|-damage|p1a: Chansey|63/100|[from] Stealth Rock
|move|p2a: Kommo-o|Drain Punch|p1a: Chansey
|-supereffective|p1a: Chansey
|-crit|p1a: Chansey
|-damage|p1a: Chansey|0 fnt
|-heal|p2a: Kommo-o|99/100|[from] drain|[of] p1a: Chansey
|faint|p1a: Chansey
|
|-heal|p2a: Kommo-o|100/100|[from] item: Leftovers
|upkeep
|
|t:|1633123157
|switch|p1a: Celesteela|Celesteela|100/100
|-damage|p1a: Celesteela|88/100|[from] Stealth Rock
|turn|16
|
|t:|1633123160
|move|p2a: Kommo-o|Substitute|p2a: Kommo-o
|-start|p2a: Kommo-o|Substitute
|-damage|p2a: Kommo-o|76/100
|move|p1a: Celesteela|Leech Seed||[still]
|-fail|p1a: Celesteela
|
|-heal|p2a: Kommo-o|82/100|[from] item: Leftovers
|-heal|p1a: Celesteela|94/100|[from] item: Leftovers
|upkeep
|turn|17
|
|t:|1633123163
|move|p2a: Kommo-o|Clangorous Soul|p2a: Kommo-o
|-boost|p2a: Kommo-o|atk|1
|-boost|p2a: Kommo-o|def|1
|-boost|p2a: Kommo-o|spa|1
|-boost|p2a: Kommo-o|spd|1
|-boost|p2a: Kommo-o|spe|1
|-damage|p2a: Kommo-o|49/100
|move|p1a: Celesteela|Heavy Slam|p2a: Kommo-o
|-crit|p2a: Kommo-o
|-end|p2a: Kommo-o|Substitute
|
|-heal|p2a: Kommo-o|55/100|[from] item: Leftovers
|-heal|p1a: Celesteela|99/100|[from] item: Leftovers
|upkeep
|turn|18
|
|t:|1633123168
|move|p2a: Kommo-o|Substitute|p2a: Kommo-o
|-start|p2a: Kommo-o|Substitute
|-damage|p2a: Kommo-o|30/100
|move|p1a: Celesteela|Heavy Slam|p2a: Kommo-o
|-end|p2a: Kommo-o|Substitute
|
|-heal|p2a: Kommo-o|37/100|[from] item: Leftovers
|-heal|p1a: Celesteela|100/100|[from] item: Leftovers
|upkeep
|turn|19
|l| afuyeas
|
|t:|1633123189
|move|p2a: Kommo-o|Drain Punch|p1a: Celesteela
|-damage|p1a: Celesteela|66/100
|-heal|p2a: Kommo-o|60/100|[from] drain|[of] p1a: Celesteela
|move|p1a: Celesteela|Leech Seed|p2a: Kommo-o
|-start|p2a: Kommo-o|move: Leech Seed
|
|-heal|p2a: Kommo-o|66/100|[from] item: Leftovers
|-heal|p1a: Celesteela|72/100|[from] item: Leftovers
|-damage|p2a: Kommo-o|54/100|[from] Leech Seed|[of] p1a: Celesteela
|-heal|p1a: Celesteela|81/100|[silent]
|upkeep
|turn|20
|
|t:|1633123197
|move|p2a: Kommo-o|Drain Punch|p1a: Celesteela
|-damage|p1a: Celesteela|47/100
|-heal|p2a: Kommo-o|77/100|[from] drain|[of] p1a: Celesteela
|move|p1a: Celesteela|Heavy Slam|p2a: Kommo-o
|-damage|p2a: Kommo-o|49/100
|
|-heal|p2a: Kommo-o|55/100|[from] item: Leftovers
|-heal|p1a: Celesteela|53/100|[from] item: Leftovers
|-damage|p2a: Kommo-o|43/100|[from] Leech Seed|[of] p1a: Celesteela
|-heal|p1a: Celesteela|62/100|[silent]
|upkeep
|turn|21
|
|t:|1633123205
|move|p1a: Celesteela|Protect|p1a: Celesteela
|-singleturn|p1a: Celesteela|Protect
|move|p2a: Kommo-o|Clangorous Soul|p2a: Kommo-o
|-boost|p2a: Kommo-o|atk|1
|-boost|p2a: Kommo-o|def|1
|-boost|p2a: Kommo-o|spa|1
|-boost|p2a: Kommo-o|spd|1
|-boost|p2a: Kommo-o|spe|1
|-damage|p2a: Kommo-o|10/100
|
|-heal|p2a: Kommo-o|16/100|[from] item: Leftovers
|-heal|p1a: Celesteela|69/100|[from] item: Leftovers
|-damage|p2a: Kommo-o|4/100|[from] Leech Seed|[of] p1a: Celesteela
|-heal|p1a: Celesteela|78/100|[silent]
|upkeep
|turn|22
|
|t:|1633123213
|move|p2a: Kommo-o|Drain Punch|p1a: Celesteela
|-damage|p1a: Celesteela|36/100
|-heal|p2a: Kommo-o|32/100|[from] drain|[of] p1a: Celesteela
|move|p1a: Celesteela|Heavy Slam|p2a: Kommo-o
|-damage|p2a: Kommo-o|11/100
|
|-heal|p2a: Kommo-o|18/100|[from] item: Leftovers
|-heal|p1a: Celesteela|42/100|[from] item: Leftovers
|-damage|p2a: Kommo-o|5/100|[from] Leech Seed|[of] p1a: Celesteela
|-heal|p1a: Celesteela|51/100|[silent]
|upkeep
|turn|23
|
|t:|1633123221
|switch|p2a: Latias|Latias, F|100/100
|move|p1a: Celesteela|Protect||[still]
|-fail|p1a: Celesteela
|
|-heal|p1a: Celesteela|57/100|[from] item: Leftovers
|upkeep
|turn|24
|c|☆Moutemoute|oé compliqué la game vu le haxx
|
|t:|1633123233
|move|p2a: Latias|Mystical Fire|p1a: Celesteela
|-supereffective|p1a: Celesteela
|-damage|p1a: Celesteela|15/100
|-unboost|p1a: Celesteela|spa|1
|move|p1a: Celesteela|Heavy Slam|p2a: Latias
|-damage|p2a: Latias|53/100
|
|-heal|p1a: Celesteela|21/100|[from] item: Leftovers
|upkeep
|turn|25
|c|☆Moutemoute|gg
|-message|Moutemoute forfeited.
|
|win|Le panda chill
|n|☆Le panda chill|lepandachill
|n|☆Moutemoute|moutemoute
|n| Dunoks|dunoks
|n| congelateur-sama|congelateursama
|n| Chuo͜͡∞ku|chuoku
|n| Solar Sailor|solarsailor
|l|☆Moutemoute
|c|☆Le panda chill|gg
|l| Solar Sailor
