|j|☆Amane Misa
|j|☆Indigo Plateau
|t:|1644778526
|gametype|singles
|player|p1|Amane Misa|#amanemisa|
|player|p2|Indigo Plateau|#indigoplateau|
|teamsize|p1|6
|teamsize|p2|6
|gen|8
|tier|[Gen 8] UU
|rule|Sleep Clause Mod: Limit one foe put to sleep
|rule|Species Clause: Limit one of each Pokémon
|rule|OHKO Clause: OHKO moves are banned
|rule|Evasion Moves Clause: Evasion moves are banned
|rule|Endless Battle Clause: Forcing endless battles is banned
|rule|HP Percentage Mod: HP is shown in percentages
|rule|Dynamax Clause: You cannot dynamax
|clearpoke
|poke|p1|Zygarde-10%|
|poke|p1|Amoonguss, M|
|poke|p1|Keldeo-Resolute|
|poke|p1|Mandibuzz, F|
|poke|p1|Excadrill, F|
|poke|p1|Chansey, F|
|poke|p2|Excadrill, M|
|poke|p2|Froslass, F|
|poke|p2|Toxtricity, M|
|poke|p2|Cloyster, F|
|poke|p2|Gyarados, F|
|poke|p2|Lycanroc-Dusk, F|
|teampreview
|j| Aqua8Jet
|c|☆Indigo Plateau|hf
|c|☆Amane Misa|U2
|j| hariyana grande
|
|t:|1644778556
|start
|switch|p1a: Keldeo|Keldeo-Resolute|100/100
|switch|p2a: Excadrill|Excadrill, M|100/100
|-ability|p2a: Excadrill|Mold Breaker
|turn|1
|j|@Lily
|j| Permission Slip
|
|t:|1644778562
|move|p1a: Keldeo|Scald|p2a: Excadrill
|-supereffective|p2a: Excadrill
|-enditem|p2a: Excadrill|Focus Sash
|-damage|p2a: Excadrill|1/100
|move|p2a: Excadrill|Stealth Rock|p1a: Keldeo
|-sidestart|p1: Amane Misa|move: Stealth Rock
|
|upkeep
|turn|2
|j| Can'tFight
|
|t:|1644778574
|move|p1a: Keldeo|Scald|p2a: Excadrill
|-supereffective|p2a: Excadrill
|-damage|p2a: Excadrill|0 fnt
|faint|p2a: Excadrill
|
|upkeep
|
|t:|1644778578
|switch|p2a: Gyarados|Gyarados, F|100/100
|-ability|p2a: Gyarados|Intimidate|boost
|-unboost|p1a: Keldeo|atk|1
|turn|3
|
|t:|1644778581
|switch|p1a: Mandibuzz|Mandibuzz, F|100/100
|move|p2a: Gyarados|Dragon Dance|p2a: Gyarados
|-boost|p2a: Gyarados|atk|1
|-boost|p2a: Gyarados|spe|1
|
|upkeep
|turn|4
|j| MegaTotomon
|
|t:|1644778586
|move|p2a: Gyarados|Ice Fang|p1a: Mandibuzz
|-supereffective|p1a: Mandibuzz
|-damage|p1a: Mandibuzz|59/100
|move|p1a: Mandibuzz|Foul Play|p2a: Gyarados
|-damage|p2a: Gyarados|10/100
|
|upkeep
|turn|5
|
|t:|1644778597
|move|p2a: Gyarados|Ice Fang|p1a: Mandibuzz
|-supereffective|p1a: Mandibuzz
|-damage|p1a: Mandibuzz|19/100
|move|p1a: Mandibuzz|Roost|p1a: Mandibuzz
|-heal|p1a: Mandibuzz|69/100
|-singleturn|p1a: Mandibuzz|move: Roost
|
|upkeep
|turn|6
|
|t:|1644778603
|switch|p1a: Amoonguss|Amoonguss, M|100/100
|-damage|p1a: Amoonguss|88/100|[from] Stealth Rock
|move|p2a: Gyarados|Ice Fang|p1a: Amoonguss
|-supereffective|p1a: Amoonguss
|-damage|p1a: Amoonguss|31/100
|-damage|p2a: Gyarados|0 fnt|[from] item: Rocky Helmet|[of] p1a: Amoonguss
|faint|p2a: Gyarados
|
|upkeep
|j| KM
|
|t:|1644778640
|switch|p2a: Froslass|Froslass, F|100/100
|turn|7
|
|t:|1644778652
|move|p2a: Froslass|Ice Beam|p1a: Amoonguss
|-supereffective|p1a: Amoonguss
|-damage|p1a: Amoonguss|0 fnt
|faint|p1a: Amoonguss
|
|upkeep
|
|t:|1644778657
|switch|p1a: Keldeo|Keldeo-Resolute|100/100
|-damage|p1a: Keldeo|94/100|[from] Stealth Rock
|turn|8
|
|t:|1644778663
|move|p2a: Froslass|Spikes|p1a: Keldeo
|-sidestart|p1: Amane Misa|Spikes
|move|p1a: Keldeo|Scald|p2a: Froslass
|-damage|p2a: Froslass|33/100
|
|-heal|p1a: Keldeo|100/100|[from] item: Leftovers
|upkeep
|turn|9
|j| Monky25
|
|t:|1644778740
|move|p2a: Froslass|Spikes|p1a: Keldeo
|-sidestart|p1: Amane Misa|Spikes
|move|p1a: Keldeo|Substitute|p1a: Keldeo
|-start|p1a: Keldeo|Substitute
|-damage|p1a: Keldeo|76/100
|
|-heal|p1a: Keldeo|82/100|[from] item: Leftovers
|upkeep
|turn|10
|
|t:|1644778745
|move|p2a: Froslass|Shadow Ball|p1a: Keldeo
|-end|p1a: Keldeo|Substitute
|move|p1a: Keldeo|Calm Mind|p1a: Keldeo
|-boost|p1a: Keldeo|spa|1
|-boost|p1a: Keldeo|spd|1
|
|-heal|p1a: Keldeo|88/100|[from] item: Leftovers
|upkeep
|turn|11
|
|t:|1644778754
|move|p2a: Froslass|Taunt|p1a: Keldeo
|-start|p1a: Keldeo|move: Taunt
|cant|p1a: Keldeo|move: Taunt|Substitute
|
|-heal|p1a: Keldeo|94/100|[from] item: Leftovers
|upkeep
|turn|12
|
|t:|1644778787
|move|p2a: Froslass|Spikes|p1a: Keldeo
|-sidestart|p1: Amane Misa|Spikes
|move|p1a: Keldeo|Scald|p2a: Froslass
|-damage|p2a: Froslass|0 fnt
|-start|p1a: Keldeo|Disable|Scald|[from] ability: Cursed Body|[of] p2a: Froslass
|faint|p2a: Froslass
|
|-heal|p1a: Keldeo|100/100|[from] item: Leftovers
|upkeep
|
|t:|1644778790
|switch|p2a: Lycanroc|Lycanroc-Dusk, F|100/100
|turn|13
|
|t:|1644778797
|switch|p1a: Mandibuzz|Mandibuzz, F|69/100
|move|p2a: Lycanroc|Psychic Fangs|p1a: Mandibuzz
|-immune|p1a: Mandibuzz
|
|upkeep
|turn|14
|l| Can'tFight
|
|t:|1644778803
|move|p2a: Lycanroc|Stone Edge|p1a: Mandibuzz
|-supereffective|p1a: Mandibuzz
|-damage|p1a: Mandibuzz|0 fnt
|faint|p1a: Mandibuzz
|-damage|p2a: Lycanroc|91/100|[from] item: Life Orb
|
|upkeep
|
|t:|1644778805
|switch|p1a: Zygarde|Zygarde-10%|100/100
|-damage|p1a: Zygarde|76/100|[from] Spikes
|-damage|p1a: Zygarde|70/100|[from] Stealth Rock
|-ability|p1a: Zygarde|Aura Break
|turn|15
|j| Can'tFight
|
|t:|1644778877
|move|p1a: Zygarde|Thousand Arrows|p2a: Lycanroc
|-supereffective|p2a: Lycanroc
|-damage|p2a: Lycanroc|0 fnt
|faint|p2a: Lycanroc
|
|upkeep
|
|t:|1644778878
|switch|p2a: Cloyster|Cloyster, F|100/100
|turn|16
|
|t:|1644778881
|move|p1a: Zygarde|Thousand Arrows|p2a: Cloyster
|-damage|p2a: Cloyster|54/100
|move|p2a: Cloyster|Shell Smash|p2a: Cloyster
|-unboost|p2a: Cloyster|def|1
|-unboost|p2a: Cloyster|spd|1
|-boost|p2a: Cloyster|atk|2
|-boost|p2a: Cloyster|spa|2
|-boost|p2a: Cloyster|spe|2
|
|upkeep
|turn|17
|
|t:|1644778956
|move|p2a: Cloyster|Icicle Spear|p1a: Zygarde
|-supereffective|p1a: Zygarde
|-damage|p1a: Zygarde|0 fnt
|faint|p1a: Zygarde
|-hitcount|p1: Zygarde|1
|
|upkeep
|
|t:|1644778958
|switch|p1a: Keldeo|Keldeo-Resolute|100/100
|-damage|p1a: Keldeo|94/100|[from] Stealth Rock
|-damage|p1a: Keldeo|70/100|[from] Spikes
|turn|18
|
|t:|1644778962
|move|p2a: Cloyster|Icicle Spear|p1a: Keldeo
|-resisted|p1a: Keldeo
|-damage|p1a: Keldeo|56/100
|-resisted|p1a: Keldeo
|-damage|p1a: Keldeo|41/100
|-resisted|p1a: Keldeo
|-damage|p1a: Keldeo|28/100
|-resisted|p1a: Keldeo
|-damage|p1a: Keldeo|15/100
|-resisted|p1a: Keldeo
|-damage|p1a: Keldeo|2/100
|-hitcount|p1a: Keldeo|5
|move|p1a: Keldeo|Secret Sword|p2a: Cloyster
|-supereffective|p2a: Cloyster
|-damage|p2a: Cloyster|0 fnt
|faint|p2a: Cloyster
|
|-heal|p1a: Keldeo|9/100|[from] item: Leftovers
|upkeep
|
|t:|1644778965
|switch|p2a: Toxtricity|Toxtricity, M|100/100
|turn|19
|
|t:|1644778971
|move|p1a: Keldeo|Scald|p2a: Toxtricity
|-damage|p2a: Toxtricity|23/100
|move|p2a: Toxtricity|Shift Gear|p2a: Toxtricity
|-boost|p2a: Toxtricity|spe|2
|-boost|p2a: Toxtricity|atk|1
|
|-heal|p1a: Keldeo|15/100|[from] item: Leftovers
|upkeep
|turn|20
|
|t:|1644778977
|move|p2a: Toxtricity|Drain Punch|p1a: Keldeo
|-damage|p1a: Keldeo|0 fnt
|-heal|p2a: Toxtricity|31/100|[from] drain|[of] p1a: Keldeo
|faint|p1a: Keldeo
|-damage|p2a: Toxtricity|21/100|[from] item: Life Orb
|
|upkeep
|
|t:|1644778981
|switch|p1a: Excadrill|Excadrill, F|100/100
|-damage|p1a: Excadrill|97/100|[from] Stealth Rock
|-damage|p1a: Excadrill|73/100|[from] Spikes
|-ability|p1a: Excadrill|Mold Breaker
|turn|21
|
|t:|1644778984
|move|p2a: Toxtricity|Drain Punch|p1a: Excadrill
|-supereffective|p1a: Excadrill
|-damage|p1a: Excadrill|0 fnt
|-heal|p2a: Toxtricity|65/100|[from] drain|[of] p1a: Excadrill
|faint|p1a: Excadrill
|-damage|p2a: Toxtricity|55/100|[from] item: Life Orb
|
|upkeep
|
|t:|1644778985
|switch|p1a: Chansey|Chansey, F|100/100
|-damage|p1a: Chansey|75/100|[from] Spikes
|-damage|p1a: Chansey|63/100|[from] Stealth Rock
|turn|22
|c|☆Amane Misa|Gg
|
|t:|1644778989
|move|p2a: Toxtricity|Drain Punch|p1a: Chansey
|-supereffective|p1a: Chansey
|-damage|p1a: Chansey|14/100
|-heal|p2a: Toxtricity|100/100|[from] drain|[of] p1a: Chansey
|-damage|p2a: Toxtricity|91/100|[from] item: Life Orb
|move|p1a: Chansey|Seismic Toss|p2a: Toxtricity
|-damage|p2a: Toxtricity|56/100
|
|upkeep
|turn|23
|c|☆Indigo Plateau|ggs
|-message|Amane Misa forfeited.
|
|win|Indigo Plateau
|l|☆Amane Misa
|j|+AVARICE
|l| MegaTotomon
