|j|☆Van Du
|j|☆StarPlatinumReqim
|t:|1604415510
|player|p1|Van Du|dahlia|1225
|player|p2|StarPlatinumReqim|lucas|1230
|teamsize|p1|6
|teamsize|p2|6
|gametype|singles
|gen|8
|tier|[Gen 8] UU
|rated|
|clearpoke
|poke|p1|Bronzong|
|poke|p1|Rotom-Wash|
|poke|p1|Ninetales-Alola, F|
|poke|p1|Incineroar, M|
|poke|p1|Salamence, M|
|poke|p1|Nihilego|
|poke|p2|Hydreigon, M|
|poke|p2|Primarina, M|
|poke|p2|Aegislash, M|
|poke|p2|Scizor, M|
|poke|p2|Zeraora|
|poke|p2|Aerodactyl, M|
|rule|Sleep Clause Mod: Limit one foe put to sleep
|rule|Species Clause: Limit one of each Pokémon
|rule|OHKO Clause: OHKO moves are banned
|rule|Evasion Moves Clause: Evasion moves are banned
|rule|Endless Battle Clause: Forcing endless battles is banned
|rule|HP Percentage Mod: HP is shown in percentages
|rule|Dynamax Clause: You cannot dynamax
|teampreview
|inactive|Battle timer is ON: inactive players will automatically lose when time's up. (requested by Van Du)
|
|t:|1604415519
|start
|switch|p1a: Acient Gate|Bronzong, shiny|100/100
|switch|p2a: Pet Shop|Aerodactyl, M, shiny|100/100
|turn|1
|
|t:|1604415529
|move|p2a: Pet Shop|Taunt|p1a: Acient Gate
|-start|p1a: Acient Gate|move: Taunt
|cant|p1a: Acient Gate|move: Taunt|Toxic
|
|upkeep
|turn|2
|
|t:|1604415537
|move|p2a: Pet Shop|Stealth Rock|p1a: Acient Gate
|-sidestart|p1: Van Du|move: Stealth Rock
|move|p1a: Acient Gate|Gyro Ball|p2a: Pet Shop
|-supereffective|p2a: Pet Shop
|-enditem|p2a: Pet Shop|Focus Sash
|-damage|p2a: Pet Shop|1/100
|
|upkeep
|turn|3
|inactive|StarPlatinumReqim has 120 seconds left.
|
|t:|1604415587
|switch|p2a: Meta Knight|Aegislash, M, shiny|100/100
|move|p1a: Acient Gate|Gyro Ball|p2a: Meta Knight
|-resisted|p2a: Meta Knight
|-damage|p2a: Meta Knight|93/100
|
|-heal|p2a: Meta Knight|99/100|[from] item: Leftovers
|-end|p1a: Acient Gate|move: Taunt
|upkeep
|turn|4
|
|t:|1604415607
|switch|p1a: Free Beers|Rotom-Wash|100/100
|-damage|p1a: Free Beers|88/100|[from] Stealth Rock
|move|p2a: Meta Knight|Swords Dance|p2a: Meta Knight
|-boost|p2a: Meta Knight|atk|2
|
|-heal|p1a: Free Beers|94/100|[from] item: Leftovers
|-heal|p2a: Meta Knight|100/100|[from] item: Leftovers
|upkeep
|turn|5
|
|t:|1604415618
|move|p1a: Free Beers|Will-O-Wisp|p2a: Meta Knight
|-status|p2a: Meta Knight|brn
|move|p2a: Meta Knight|Swords Dance|p2a: Meta Knight
|-boost|p2a: Meta Knight|atk|2
|
|-heal|p1a: Free Beers|99/100|[from] item: Leftovers
|-damage|p2a: Meta Knight|94/100 brn|[from] brn
|upkeep
|turn|6
|
|t:|1604415630
|move|p1a: Free Beers|Defog|p2a: Meta Knight
|-unboost|p2a: Meta Knight|evasion|1
|-sideend|p1: Van Du|Stealth Rock|[from] move: Defog|[of] p1a: Free Beers
|move|p2a: Meta Knight|Swords Dance|p2a: Meta Knight
|-boost|p2a: Meta Knight|atk|2
|
|-heal|p1a: Free Beers|100/100|[from] item: Leftovers
|-heal|p2a: Meta Knight|100/100 brn|[from] item: Leftovers
|-damage|p2a: Meta Knight|94/100 brn|[from] brn
|upkeep
|turn|7
|
|t:|1604415642
|move|p1a: Free Beers|Volt Switch|p2a: Meta Knight
|-damage|p2a: Meta Knight|76/100 brn
|
|t:|1604415647
|switch|p1a: Acient Gate|Bronzong, shiny|100/100|[from]move: Volt Switch
|-formechange|p2a: Meta Knight|Aegislash-Blade||[from] ability: Stance Change
|move|p2a: Meta Knight|Iron Head|p1a: Acient Gate
|-resisted|p1a: Acient Gate
|-damage|p1a: Acient Gate|69/100
|
|-heal|p2a: Meta Knight|82/100 brn|[from] item: Leftovers
|-heal|p1a: Acient Gate|76/100|[from] item: Leftovers
|-damage|p2a: Meta Knight|76/100 brn|[from] brn
|upkeep
|turn|8
|inactive|StarPlatinumReqim has 90 seconds left.
|
|t:|1604415682
|move|p2a: Meta Knight|Shadow Sneak|p1a: Acient Gate
|-supereffective|p1a: Acient Gate
|-damage|p1a: Acient Gate|8/100
|move|p1a: Acient Gate|Stealth Rock|p2a: Meta Knight
|-sidestart|p2: StarPlatinumReqim|move: Stealth Rock
|
|-heal|p2a: Meta Knight|82/100 brn|[from] item: Leftovers
|-heal|p1a: Acient Gate|14/100|[from] item: Leftovers
|-damage|p2a: Meta Knight|76/100 brn|[from] brn
|upkeep
|turn|9
|
|t:|1604415693
|move|p2a: Meta Knight|Iron Head|p1a: Acient Gate
|-resisted|p1a: Acient Gate
|-damage|p1a: Acient Gate|0 fnt
|faint|p1a: Acient Gate
|
|-heal|p2a: Meta Knight|82/100 brn|[from] item: Leftovers
|-damage|p2a: Meta Knight|76/100 brn|[from] brn
|upkeep
|
|t:|1604415702
|switch|p1a: Unseen Fist|Incineroar, M|100/100
|-ability|p1a: Unseen Fist|Intimidate|boost
|-unboost|p2a: Meta Knight|atk|1
|turn|10
|
|t:|1604415715
|-formechange|p2a: Meta Knight|Aegislash||[from] ability: Stance Change
|move|p2a: Meta Knight|King's Shield|p2a: Meta Knight
|-singleturn|p2a: Meta Knight|Protect
|move|p1a: Unseen Fist|Flame Charge|p2a: Meta Knight
|-activate|p2a: Meta Knight|move: Protect
|-unboost|p1a: Unseen Fist|atk|1
|
|-heal|p2a: Meta Knight|82/100 brn|[from] item: Leftovers
|-damage|p2a: Meta Knight|76/100 brn|[from] brn
|upkeep
|turn|11
|
|t:|1604415728
|move|p1a: Unseen Fist|Flame Charge|p2a: Meta Knight
|-supereffective|p2a: Meta Knight
|-damage|p2a: Meta Knight|55/100 brn
|-boost|p1a: Unseen Fist|spe|1
|-formechange|p2a: Meta Knight|Aegislash-Blade||[from] ability: Stance Change
|move|p2a: Meta Knight|Iron Head|p1a: Unseen Fist
|-resisted|p1a: Unseen Fist
|-damage|p1a: Unseen Fist|60/100
|
|-heal|p2a: Meta Knight|61/100 brn|[from] item: Leftovers
|-damage|p2a: Meta Knight|55/100 brn|[from] brn
|upkeep
|turn|12
|
|t:|1604415750
|move|p1a: Unseen Fist|Bulk Up|p1a: Unseen Fist
|-boost|p1a: Unseen Fist|atk|1
|-boost|p1a: Unseen Fist|def|1
|move|p2a: Meta Knight|Iron Head|p1a: Unseen Fist
|-resisted|p1a: Unseen Fist
|-damage|p1a: Unseen Fist|34/100
|
|-heal|p2a: Meta Knight|61/100 brn|[from] item: Leftovers
|-damage|p2a: Meta Knight|55/100 brn|[from] brn
|upkeep
|turn|13
|
|t:|1604415763
|move|p1a: Unseen Fist|Power Trip|p2a: Meta Knight
|-supereffective|p2a: Meta Knight
|-damage|p2a: Meta Knight|0 fnt
|faint|p2a: Meta Knight
|
|upkeep
|inactive|StarPlatinumReqim has 90 seconds left.
|
|t:|1604415792
|switch|p2a: Gonna get-|Hydreigon, M, shiny|100/100
|-damage|p2a: Gonna get-|88/100|[from] Stealth Rock
|turn|14
|
|t:|1604415803
|move|p2a: Gonna get-|U-turn|p1a: Unseen Fist
|-damage|p1a: Unseen Fist|24/100
|
|t:|1604415806
|switch|p2a: trap|Primarina, M|100/100|[from]move: U-turn
|-damage|p2a: trap|88/100|[from] Stealth Rock
|move|p1a: Unseen Fist|Drain Punch|p2a: trap
|-resisted|p2a: trap
|-damage|p2a: trap|76/100
|-heal|p1a: Unseen Fist|30/100|[from] drain|[of] p2a: trap
|
|-heal|p2a: trap|82/100|[from] item: Leftovers
|upkeep
|turn|15
|
|t:|1604415822
|switch|p1a: Free Beers|Rotom-Wash|100/100
|move|p2a: trap|Substitute|p2a: trap
|-start|p2a: trap|Substitute
|-damage|p2a: trap|57/100
|
|-heal|p2a: trap|63/100|[from] item: Leftovers
|upkeep
|turn|16
|
|t:|1604415835
|move|p1a: Free Beers|Volt Switch|p2a: trap
|-supereffective|p2a: trap
|-end|p2a: trap|Substitute
|
|t:|1604415839
|switch|p1a: Lady Luck|Ninetales-Alola, F|100/100|[from]move: Volt Switch
|-weather|Hail|[from] ability: Snow Warning|[of] p1a: Lady Luck
|move|p2a: trap|Moonblast|p1a: Lady Luck
|-damage|p1a: Lady Luck|58/100
|-unboost|p1a: Lady Luck|spa|1
|
|-weather|Hail|[upkeep]
|-damage|p2a: trap|57/100|[from] Hail
|-heal|p2a: trap|63/100|[from] item: Leftovers
|upkeep
|turn|17
|inactive|StarPlatinumReqim has 90 seconds left.
|
|t:|1604415852
|move|p1a: Lady Luck|Aurora Veil|p1a: Lady Luck
|-sidestart|p1: Van Du|move: Aurora Veil
|move|p2a: trap|Substitute|p2a: trap
|-start|p2a: trap|Substitute
|-damage|p2a: trap|38/100
|
|-weather|Hail|[upkeep]
|-damage|p2a: trap|32/100|[from] Hail
|-heal|p2a: trap|38/100|[from] item: Leftovers
|upkeep
|turn|18
|inactive|StarPlatinumReqim has 90 seconds left.
|
|t:|1604415861
|move|p1a: Lady Luck|Encore|p2a: trap
|-start|p2a: trap|Encore
|move|p2a: trap|Substitute|p2a: trap
|-fail|p2a: trap|move: Substitute
|
|-weather|Hail|[upkeep]
|-damage|p2a: trap|32/100|[from] Hail
|-heal|p2a: trap|38/100|[from] item: Leftovers
|upkeep
|turn|19
|
|t:|1604415872
|switch|p1a: Skybus|Salamence, M, shiny|100/100
|move|p2a: trap|Substitute|p2a: trap
|-fail|p2a: trap|move: Substitute
|
|-weather|Hail|[upkeep]
|-damage|p1a: Skybus|94/100|[from] Hail
|-damage|p2a: trap|32/100|[from] Hail
|-heal|p2a: trap|38/100|[from] item: Leftovers
|upkeep
|turn|20
|
|t:|1604415882
|move|p1a: Skybus|Dragon Dance|p1a: Skybus
|-boost|p1a: Skybus|atk|1
|-boost|p1a: Skybus|spe|1
|move|p2a: trap|Substitute|p2a: trap
|-fail|p2a: trap|move: Substitute
|
|-weather|none
|-heal|p2a: trap|44/100|[from] item: Leftovers
|-end|p2a: trap|Encore
|upkeep
|turn|21
|
|t:|1604415892
|move|p1a: Skybus|Dual Wingbeat|p2a: trap
|-end|p2a: trap|Substitute
|-damage|p2a: trap|4/100
|-hitcount|p2a: trap|2
|move|p2a: trap|Moonblast|p1a: Skybus
|-supereffective|p1a: Skybus
|-damage|p1a: Skybus|46/100
|-unboost|p1a: Skybus|spa|1
|
|-heal|p2a: trap|10/100|[from] item: Leftovers
|upkeep
|turn|22
|
|t:|1604415907
|switch|p2a: Pet Shop|Aerodactyl, M, shiny|1/100
|-damage|p2a: Pet Shop|0 fnt|[from] Stealth Rock
|faint|p2a: Pet Shop
|move|p1a: Skybus|Dual Wingbeat|p2: Pet Shop|[notarget]
|-fail|p1a: Skybus
|
|upkeep
|
|t:|1604415921
|switch|p2a: Lol|Scizor, M, shiny|100/100
|-damage|p2a: Lol|88/100|[from] Stealth Rock
|turn|23
|
|t:|1604415925
|move|p2a: Lol|Bullet Punch|p1a: Skybus
|-damage|p1a: Skybus|15/100
|move|p1a: Skybus|Dual Wingbeat|p2a: Lol
|-crit|p2a: Lol
|-damage|p2a: Lol|38/100
|-damage|p2a: Lol|2/100
|-hitcount|p2a: Lol|2
|
|upkeep
|turn|24
|inactive|StarPlatinumReqim has 120 seconds left.
|
|t:|1604415952
|switch|p1a: Free Beers|Rotom-Wash|100/100
|move|p2a: Lol|Bullet Punch|p1a: Free Beers
|-resisted|p1a: Free Beers
|-damage|p1a: Free Beers|94/100
|
|-heal|p1a: Free Beers|99/100|[from] item: Leftovers
|-sideend|p1: Van Du|move: Aurora Veil
|upkeep
|turn|25
|
|t:|1604415963
|move|p2a: Lol|Bullet Punch|p1a: Free Beers
|-resisted|p1a: Free Beers
|-damage|p1a: Free Beers|87/100
|move|p1a: Free Beers|Volt Switch|p2a: Lol
|-damage|p2a: Lol|0 fnt
|faint|p2a: Lol
|inactive|Van Du has 120 seconds left.
|
|t:|1604415974
|switch|p1a: Lady Luck|Ninetales-Alola, F|58/100|[from]move: Volt Switch
|-weather|Hail|[from] ability: Snow Warning|[of] p1a: Lady Luck
|
|-weather|Hail|[upkeep]
|upkeep
|
|t:|1604415986
|switch|p2a: !!!|Zeraora, shiny|100/100
|turn|26
|
|t:|1604415991
|move|p2a: !!!|Plasma Fists|p1a: Lady Luck
|-crit|p1a: Lady Luck
|-damage|p1a: Lady Luck|0 fnt
|-fieldactivate|move: Ion Deluge
|faint|p1a: Lady Luck
|
|-weather|Hail|[upkeep]
|-damage|p2a: !!!|95/100|[from] Hail
|upkeep
|
|t:|1604416004
|switch|p1a: Free Beers|Rotom-Wash|87/100
|turn|27
|
|t:|1604416011
|move|p2a: !!!|Volt Switch|p1a: Free Beers
|-damage|p1a: Free Beers|70/100
|
|t:|1604416014
|switch|p2a: trap|Primarina, M|10/100|[from]move: Volt Switch
|-damage|p2a: trap|0 fnt|[from] Stealth Rock
|faint|p2a: trap
|move|p1a: Free Beers|Will-O-Wisp|p2: trap|[notarget]
|-fail|p1a: Free Beers
|
|-weather|Hail|[upkeep]
|-damage|p1a: Free Beers|64/100|[from] Hail
|-heal|p1a: Free Beers|70/100|[from] item: Leftovers
|upkeep
|
|t:|1604416024
|switch|p2a: Gonna get-|Hydreigon, M, shiny|88/100
|-damage|p2a: Gonna get-|76/100|[from] Stealth Rock
|turn|28
|
|t:|1604416029
|move|p2a: Gonna get-|Draco Meteor|p1a: Free Beers
|-damage|p1a: Free Beers|16/100
|-unboost|p2a: Gonna get-|spa|2
|move|p1a: Free Beers|Volt Switch|p2a: Gonna get-
|-resisted|p2a: Gonna get-
|-damage|p2a: Gonna get-|62/100
|
|t:|1604416040
|switch|p1a: Hihi Hehe|Nihilego, shiny|100/100|[from]move: Volt Switch
|
|-weather|Hail|[upkeep]
|-damage|p1a: Hihi Hehe|94/100|[from] Hail
|-damage|p2a: Gonna get-|56/100|[from] Hail
|upkeep
|turn|29
|
|t:|1604416052
|move|p1a: Hihi Hehe|Sludge Wave|p2a: Gonna get-
|-damage|p2a: Gonna get-|3/100
|move|p2a: Gonna get-|Draco Meteor|p1a: Hihi Hehe
|-damage|p1a: Hihi Hehe|69/100
|-unboost|p2a: Gonna get-|spa|2
|
|-weather|none
|upkeep
|turn|30
|
|t:|1604416063
|move|p1a: Hihi Hehe|Sludge Wave|p2a: Gonna get-
|-damage|p2a: Gonna get-|0 fnt
|faint|p2a: Gonna get-
|-ability|p1a: Hihi Hehe|Beast Boost|boost
|-boost|p1a: Hihi Hehe|spa|1
|
|upkeep
|
|t:|1604416066
|switch|p2a: !!!|Zeraora, shiny|95/100
|turn|31
|
|t:|1604416073
|move|p1a: Hihi Hehe|Sludge Wave|p2a: !!!
|-damage|p2a: !!!|5/100
|move|p2a: !!!|Plasma Fists|p1a: Hihi Hehe
|-damage|p1a: Hihi Hehe|0 fnt
|-fieldactivate|move: Ion Deluge
|faint|p1a: Hihi Hehe
|
|upkeep
|
|t:|1604416091
|switch|p1a: Skybus|Salamence, M, shiny|15/100
|turn|32
|
|t:|1604416096
|move|p2a: !!!|Plasma Fists|p1a: Skybus
|-damage|p1a: Skybus|0 fnt
|-fieldactivate|move: Ion Deluge
|faint|p1a: Skybus
|
|upkeep
|
|t:|1604416102
|switch|p1a: Unseen Fist|Incineroar, M|30/100
|-ability|p1a: Unseen Fist|Intimidate|boost
|-unboost|p2a: !!!|atk|1
|turn|33
|
|t:|1604416110
|move|p2a: !!!|Close Combat|p1a: Unseen Fist
|-supereffective|p1a: Unseen Fist
|-damage|p1a: Unseen Fist|0 fnt
|-unboost|p2a: !!!|def|1
|-unboost|p2a: !!!|spd|1
|faint|p1a: Unseen Fist
|
|upkeep
|
|t:|1604416117
|switch|p1a: Free Beers|Rotom-Wash|16/100
|turn|34
|
|t:|1604416120
|move|p2a: !!!|Plasma Fists|p1a: Free Beers
|-damage|p1a: Free Beers|0 fnt
|-fieldactivate|move: Ion Deluge
|faint|p1a: Free Beers
|
|win|StarPlatinumReqim
|l|☆Van Du
||Ladder (probably) updated, but score could not be retrieved (Request timeout).
