|j|☆Rambun
|j|☆pokemonisfun
|t:|1656550355
|gametype|singles
|player|p1|Rambun|265|1698
|player|p2|pokemonisfun|#uutrio2ladder|1644
|teamsize|p1|6
|teamsize|p2|6
|gen|8
|tier|[Gen 8] UU
|rated|
|rule|Sleep Clause Mod: Limit one foe put to sleep
|rule|Species Clause: Limit one of each Pokémon
|rule|OHKO Clause: OHKO moves are banned
|rule|Evasion Moves Clause: Evasion moves are banned
|rule|Endless Battle Clause: Forcing endless battles is banned
|rule|HP Percentage Mod: HP is shown in percentages
|rule|Dynamax Clause: You cannot dynamax
|clearpoke
|poke|p1|Keldeo-Resolute|
|poke|p1|Scizor, F|
|poke|p1|Skarmory, F|
|poke|p1|Hippowdon, M|
|poke|p1|Tangrowth, F|
|poke|p1|Hydreigon, F|
|poke|p2|Thundurus-Therian, M|
|poke|p2|Zarude|
|poke|p2|Crobat, F|
|poke|p2|Cobalion|
|poke|p2|Slowking, F|
|poke|p2|Mamoswine, M|
|teampreview
|j| CarbonLifeform456
|j| where is ja
|c|☆Rambun|Are you streaming ?
|c|☆pokemonisfun|yes
|c|☆pokemonisfun|https://www.twitch.tv/pokemonisfun
|c|☆pokemonisfun|snipe me!
|c|☆Rambun|Ah yes presure just whag i needed
|
|t:|1656550434
|start
|switch|p1a: Necesary hipodancy|Hippowdon, M|100/100
|switch|p2a: think PINK|Slowking, F|100/100
|-weather|Sandstorm|[from] ability: Sand Stream|[of] p1a: Necesary hipodancy
|turn|1
|c|☆pokemonisfun|its okay nobody watches me anyways
|
|t:|1656550471
|move|p1a: Necesary hipodancy|Toxic|p2a: think PINK
|-status|p2a: think PINK|tox
|move|p2a: think PINK|Scald|p1a: Necesary hipodancy
|-supereffective|p1a: Necesary hipodancy
|-damage|p1a: Necesary hipodancy|53/100
|
|-weather|Sandstorm|[upkeep]
|-damage|p2a: think PINK|94/100 tox|[from] Sandstorm
|-damage|p2a: think PINK|88/100 tox|[from] psn
|upkeep
|turn|2
|c| where is ja|yeah if you're not playing the shiny lottery on cart no one is watching mons on twitch lol
|
|t:|1656550479
|move|p1a: Necesary hipodancy|Earthquake|p2a: think PINK
|-damage|p2a: think PINK|61/100 tox
|move|p2a: think PINK|Scald|p1a: Necesary hipodancy
|-supereffective|p1a: Necesary hipodancy
|-damage|p1a: Necesary hipodancy|7/100
|-status|p1a: Necesary hipodancy|brn
|
|-weather|Sandstorm|[upkeep]
|-damage|p2a: think PINK|55/100 tox|[from] Sandstorm
|-damage|p2a: think PINK|42/100 tox|[from] psn
|-damage|p1a: Necesary hipodancy|0 fnt|[from] brn
|faint|p1a: Necesary hipodancy
|upkeep
|c| where is ja|shame
|
|t:|1656550501
|switch|p1a: Happy chaos|Hydreigon, F|100/100
|turn|3
|
|t:|1656550513
|switch|p2a: funky monky|Zarude|100/100
|move|p1a: Happy chaos|Flamethrower|p2a: funky monky
|-supereffective|p2a: funky monky
|-damage|p2a: funky monky|43/100
|
|-weather|Sandstorm|[upkeep]
|-damage|p1a: Happy chaos|94/100|[from] Sandstorm
|-damage|p2a: funky monky|37/100|[from] Sandstorm
|upkeep
|turn|4
|
|t:|1656550522
|switch|p1a: Armor-clad faith|Skarmory, F|100/100
|switch|p2a: think PINK|Slowking, F|76/100 tox
|
|-weather|Sandstorm|[upkeep]
|-damage|p2a: think PINK|70/100 tox|[from] Sandstorm
|-damage|p2a: think PINK|63/100 tox|[from] psn
|upkeep
|turn|5
|c|☆Rambun|I mean i dont whatch twitch in general
|
|t:|1656550544
|move|p1a: Armor-clad faith|Spikes|p2a: think PINK
|-sidestart|p2: pokemonisfun|Spikes
|move|p2a: think PINK|Teleport|p2a: think PINK
|j| StarFalcon555
|
|t:|1656550555
|switch|p2a: howdy mr cloudy|Thundurus-Therian, M|100/100|[from]move: Teleport
|
|-weather|none
|upkeep
|turn|6
|
|t:|1656550564
|switch|p1a: Lovethesubregenway|Tangrowth, F|100/100
|move|p2a: howdy mr cloudy|Volt Switch|p1a: Lovethesubregenway
|-resisted|p1a: Lovethesubregenway
|-damage|p1a: Lovethesubregenway|88/100
|
|t:|1656550570
|switch|p2a: dat bat|Crobat, F|100/100|[from]move: Volt Switch
|
|upkeep
|turn|7
|
|t:|1656550575
|move|p2a: dat bat|Defog|p1a: Lovethesubregenway
|-unboost|p1a: Lovethesubregenway|evasion|1
|-sideend|p2: pokemonisfun|Spikes|[from] move: Defog|[of] p2a: dat bat
|move|p1a: Lovethesubregenway|Knock Off|p2a: dat bat
|-damage|p2a: dat bat|69/100
|-enditem|p2a: dat bat|Heavy-Duty Boots|[from] move: Knock Off|[of] p1a: Lovethesubregenway
|
|upkeep
|turn|8
|
|t:|1656550580
|move|p2a: dat bat|U-turn|p1a: Lovethesubregenway
|-supereffective|p1a: Lovethesubregenway
|-damage|p1a: Lovethesubregenway|61/100
|
|t:|1656550587
|switch|p2a: funky monky|Zarude|37/100|[from]move: U-turn
|move|p1a: Lovethesubregenway|Knock Off|p2a: funky monky
|-resisted|p2a: funky monky
|-damage|p2a: funky monky|27/100
|-enditem|p2a: funky monky|Heavy-Duty Boots|[from] move: Knock Off|[of] p1a: Lovethesubregenway
|
|upkeep
|turn|9
|
|t:|1656550597
|switch|p2a: howdy mr cloudy|Thundurus-Therian, M|100/100
|switch|p1a: Armor-clad faith|Skarmory, F|100/100
|
|upkeep
|turn|10
|
|t:|1656550603
|switch|p1a: Lovethesubregenway|Tangrowth, F|95/100
|move|p2a: howdy mr cloudy|Volt Switch|p1a: Lovethesubregenway
|-resisted|p1a: Lovethesubregenway
|-damage|p1a: Lovethesubregenway|82/100
|
|t:|1656550608
|switch|p2a: dat bat|Crobat, F|69/100|[from]move: Volt Switch
|
|upkeep
|turn|11
|
|t:|1656550612
|move|p2a: dat bat|U-turn|p1a: Lovethesubregenway
|-supereffective|p1a: Lovethesubregenway
|-damage|p1a: Lovethesubregenway|57/100
|
|t:|1656550622
|switch|p2a: funky monky|Zarude|27/100|[from]move: U-turn
|move|p1a: Lovethesubregenway|Earthquake|p2a: funky monky
|-resisted|p2a: funky monky
|-damage|p2a: funky monky|17/100
|
|upkeep
|turn|12
|
|t:|1656550628
|switch|p2a: howdy mr cloudy|Thundurus-Therian, M|100/100
|switch|p1a: Armor-clad faith|Skarmory, F|100/100
|
|upkeep
|turn|13
|
|t:|1656550637
|switch|p1a: Lovethesubregenway|Tangrowth, F|90/100
|move|p2a: howdy mr cloudy|Psychic|p1a: Lovethesubregenway
|-damage|p1a: Lovethesubregenway|68/100
|
|upkeep
|turn|14
|
|t:|1656550644
|move|p2a: howdy mr cloudy|Volt Switch|p1a: Lovethesubregenway
|-resisted|p1a: Lovethesubregenway
|-damage|p1a: Lovethesubregenway|56/100
|
|t:|1656550649
|switch|p2a: dat bat|Crobat, F|69/100|[from]move: Volt Switch
|move|p1a: Lovethesubregenway|Earthquake|p2a: dat bat
|-immune|p2a: dat bat
|
|upkeep
|turn|15
|
|t:|1656550653
|switch|p1a: Armor-clad faith|Skarmory, F|100/100
|move|p2a: dat bat|U-turn|p1a: Armor-clad faith
|-resisted|p1a: Armor-clad faith
|-damage|p1a: Armor-clad faith|98/100
|-damage|p2a: dat bat|53/100|[from] item: Rocky Helmet|[of] p1a: Armor-clad faith
|
|t:|1656550657
|switch|p2a: howdy mr cloudy|Thundurus-Therian, M|100/100|[from]move: U-turn
|
|upkeep
|turn|16
|j| pokemonisfat
|
|t:|1656550661
|switch|p1a: Lovethesubregenway|Tangrowth, F|89/100
|move|p2a: howdy mr cloudy|Volt Switch|p1a: Lovethesubregenway
|-resisted|p1a: Lovethesubregenway
|-damage|p1a: Lovethesubregenway|77/100
|
|t:|1656550664
|switch|p2a: meme-o-swine|Mamoswine, M|100/100|[from]move: Volt Switch
|
|upkeep
|turn|17
|
|t:|1656550674
|switch|p1a: Armor-clad faith|Skarmory, F|98/100
|move|p2a: meme-o-swine|Knock Off|p1a: Armor-clad faith
|-damage|p1a: Armor-clad faith|76/100
|-damage|p2a: meme-o-swine|84/100|[from] item: Rocky Helmet|[of] p1a: Armor-clad faith
|-enditem|p1a: Armor-clad faith|Rocky Helmet|[from] move: Knock Off|[of] p2a: meme-o-swine
|
|upkeep
|turn|18
|
|t:|1656550680
|switch|p2a: howdy mr cloudy|Thundurus-Therian, M|100/100
|move|p1a: Armor-clad faith|Body Press|p2a: howdy mr cloudy
|-resisted|p2a: howdy mr cloudy
|-damage|p2a: howdy mr cloudy|75/100
|
|upkeep
|turn|19
|n| NoahDeKnight|pokemonisfat
|
|t:|1656550684
|switch|p1a: Lovethesubregenway|Tangrowth, F|100/100
|move|p2a: howdy mr cloudy|Volt Switch|p1a: Lovethesubregenway
|-resisted|p1a: Lovethesubregenway
|-damage|p1a: Lovethesubregenway|88/100
|
|t:|1656550687
|switch|p2a: dat bat|Crobat, F|53/100|[from]move: Volt Switch
|
|upkeep
|turn|20
|
|t:|1656550693
|switch|p1a: Armor-clad faith|Skarmory, F|76/100
|move|p2a: dat bat|U-turn|p1a: Armor-clad faith
|-resisted|p1a: Armor-clad faith
|-damage|p1a: Armor-clad faith|73/100
|
|t:|1656550696
|switch|p2a: howdy mr cloudy|Thundurus-Therian, M|75/100|[from]move: U-turn
|
|upkeep
|turn|21
|
|t:|1656550699
|switch|p1a: Lovethesubregenway|Tangrowth, F|100/100
|move|p2a: howdy mr cloudy|Volt Switch|p1a: Lovethesubregenway
|-resisted|p1a: Lovethesubregenway
|-crit|p1a: Lovethesubregenway
|-damage|p1a: Lovethesubregenway|81/100
|
|t:|1656550702
|switch|p2a: funky monky|Zarude|17/100|[from]move: Volt Switch
|
|upkeep
|turn|22
|
|t:|1656550706
|move|p2a: funky monky|U-turn|p1a: Lovethesubregenway
|-supereffective|p1a: Lovethesubregenway
|-damage|p1a: Lovethesubregenway|50/100
|
|t:|1656550709
|switch|p2a: dat bat|Crobat, F|53/100|[from]move: U-turn
|move|p1a: Lovethesubregenway|Earthquake|p2a: dat bat
|-immune|p2a: dat bat
|
|upkeep
|turn|23
|c|☆Rambun|This is tina be hard to play vs
|
|t:|1656550723
|switch|p1a: Armor-clad faith|Skarmory, F|73/100
|move|p2a: dat bat|U-turn|p1a: Armor-clad faith
|-resisted|p1a: Armor-clad faith
|-damage|p1a: Armor-clad faith|70/100
|
|t:|1656550727
|switch|p2a: howdy mr cloudy|Thundurus-Therian, M|75/100|[from]move: U-turn
|
|upkeep
|turn|24
|
|t:|1656550732
|switch|p1a: Lovethesubregenway|Tangrowth, F|83/100
|move|p2a: howdy mr cloudy|Volt Switch|p1a: Lovethesubregenway
|-resisted|p1a: Lovethesubregenway
|-damage|p1a: Lovethesubregenway|71/100
|c|☆pokemonisfun|voltturn is balanced
|
|t:|1656550738
|switch|p2a: funky monky|Zarude|17/100|[from]move: Volt Switch
|
|upkeep
|turn|25
|
|t:|1656550748
|move|p2a: funky monky|U-turn|p1a: Lovethesubregenway
|-supereffective|p1a: Lovethesubregenway
|-damage|p1a: Lovethesubregenway|37/100
|
|t:|1656550751
|switch|p2a: dat bat|Crobat, F|53/100|[from]move: U-turn
|move|p1a: Lovethesubregenway|Knock Off|p2a: dat bat
|-damage|p2a: dat bat|33/100
|
|upkeep
|turn|26
|
|t:|1656550759
|switch|p1a: Happy chaos|Hydreigon, F|94/100
|move|p2a: dat bat|U-turn|p1a: Happy chaos
|-supereffective|p1a: Happy chaos
|-damage|p1a: Happy chaos|54/100
|
|t:|1656550766
|switch|p2a: think PINK|Slowking, F|97/100 tox|[from]move: U-turn
|
|-damage|p2a: think PINK|91/100 tox|[from] psn
|upkeep
|turn|27
|
|t:|1656550770
|move|p1a: Happy chaos|Dark Pulse|p2a: think PINK
|-supereffective|p2a: think PINK
|-enditem|p2a: think PINK|Colbur Berry|[eat]
|-enditem|p2a: think PINK|Colbur Berry|[weaken]
|-damage|p2a: think PINK|56/100 tox
|move|p2a: think PINK|Teleport|p2a: think PINK
|
|t:|1656550775
|switch|p2a: iron willed sheep|Cobalion|100/100|[from]move: Teleport
|
|upkeep
|turn|28
|
|t:|1656550780
|switch|p1a: Totsugeki|Keldeo-Resolute|100/100
|move|p2a: iron willed sheep|Stealth Rock|p1a: Totsugeki
|-sidestart|p1: Rambun|move: Stealth Rock
|
|upkeep
|turn|29
|
|t:|1656550786
|switch|p2a: think PINK|Slowking, F|90/100 tox
|move|p1a: Totsugeki|Scald|p2a: think PINK
|-resisted|p2a: think PINK
|-damage|p2a: think PINK|67/100 tox
|
|-damage|p2a: think PINK|61/100 tox|[from] psn
|upkeep
|turn|30
|
|t:|1656550792
|move|p1a: Totsugeki|Scald|p2a: think PINK
|-resisted|p2a: think PINK
|-damage|p2a: think PINK|37/100 tox
|move|p2a: think PINK|Teleport|p2a: think PINK
|
|t:|1656550803
|switch|p2a: dat bat|Crobat, F|33/100|[from]move: Teleport
|
|upkeep
|turn|31
|
|t:|1656550806
|move|p2a: dat bat|U-turn|p1a: Totsugeki
|-resisted|p1a: Totsugeki
|-damage|p1a: Totsugeki|90/100
|
|t:|1656550809
|switch|p2a: think PINK|Slowking, F|70/100 tox|[from]move: U-turn
|move|p1a: Totsugeki|Scald|p2a: think PINK
|-resisted|p2a: think PINK
|-damage|p2a: think PINK|44/100 tox
|
|-damage|p2a: think PINK|38/100 tox|[from] psn
|upkeep
|turn|32
|
|t:|1656550813
|move|p1a: Totsugeki|Scald|p2a: think PINK
|-resisted|p2a: think PINK
|-damage|p2a: think PINK|15/100 tox
|move|p2a: think PINK|Teleport|p2a: think PINK
|
|t:|1656550816
|switch|p2a: dat bat|Crobat, F|33/100|[from]move: Teleport
|
|upkeep
|turn|33
|
|t:|1656550832
|switch|p1a: Armor-clad faith|Skarmory, F|70/100
|-damage|p1a: Armor-clad faith|58/100|[from] Stealth Rock
|move|p2a: dat bat|Brave Bird|p1a: Armor-clad faith
|-resisted|p1a: Armor-clad faith
|-damage|p1a: Armor-clad faith|44/100
|-damage|p2a: dat bat|28/100|[from] Recoil
|
|upkeep
|turn|34
|
|t:|1656550837
|move|p2a: dat bat|U-turn|p1a: Armor-clad faith
|-resisted|p1a: Armor-clad faith
|-damage|p1a: Armor-clad faith|41/100
|
|t:|1656550840
|switch|p2a: howdy mr cloudy|Thundurus-Therian, M|75/100|[from]move: U-turn
|move|p1a: Armor-clad faith|Roost|p1a: Armor-clad faith
|-heal|p1a: Armor-clad faith|91/100
|-singleturn|p1a: Armor-clad faith|move: Roost
|
|upkeep
|turn|35
|
|t:|1656550844
|switch|p1a: Lovethesubregenway|Tangrowth, F|70/100
|-damage|p1a: Lovethesubregenway|58/100|[from] Stealth Rock
|move|p2a: howdy mr cloudy|Volt Switch|p1a: Lovethesubregenway
|-resisted|p1a: Lovethesubregenway
|-damage|p1a: Lovethesubregenway|47/100
|
|t:|1656550851
|switch|p2a: funky monky|Zarude|17/100|[from]move: Volt Switch
|
|upkeep
|turn|36
|
|t:|1656550865
|switch|p1a: Armor-clad faith|Skarmory, F|91/100
|-damage|p1a: Armor-clad faith|79/100|[from] Stealth Rock
|move|p2a: funky monky|U-turn|p1a: Armor-clad faith
|-resisted|p1a: Armor-clad faith
|-damage|p1a: Armor-clad faith|75/100
|
|t:|1656550868
|switch|p2a: howdy mr cloudy|Thundurus-Therian, M|75/100|[from]move: U-turn
|
|upkeep
|turn|37
|
|t:|1656550872
|switch|p1a: Lovethesubregenway|Tangrowth, F|80/100
|-damage|p1a: Lovethesubregenway|67/100|[from] Stealth Rock
|move|p2a: howdy mr cloudy|Volt Switch|p1a: Lovethesubregenway
|-resisted|p1a: Lovethesubregenway
|-damage|p1a: Lovethesubregenway|55/100
|
|t:|1656550875
|switch|p2a: funky monky|Zarude|17/100|[from]move: Volt Switch
|
|upkeep
|turn|38
|
|t:|1656550884
|move|p2a: funky monky|U-turn|p1a: Lovethesubregenway
|-supereffective|p1a: Lovethesubregenway
|-damage|p1a: Lovethesubregenway|20/100
|
|t:|1656550891
|switch|p2a: howdy mr cloudy|Thundurus-Therian, M|75/100|[from]move: U-turn
|move|p1a: Lovethesubregenway|Knock Off|p2a: howdy mr cloudy
|-damage|p2a: howdy mr cloudy|38/100
|-enditem|p2a: howdy mr cloudy|Heavy-Duty Boots|[from] move: Knock Off|[of] p1a: Lovethesubregenway
|
|upkeep
|turn|39
|
|t:|1656550900
|move|p2a: howdy mr cloudy|Volt Switch|p1a: Lovethesubregenway
|-resisted|p1a: Lovethesubregenway
|-damage|p1a: Lovethesubregenway|7/100
|
|t:|1656550913
|switch|p2a: dat bat|Crobat, F|28/100|[from]move: Volt Switch
|move|p1a: Lovethesubregenway|Sludge Bomb|p2a: dat bat
|-resisted|p2a: dat bat
|-damage|p2a: dat bat|15/100
|
|upkeep
|turn|40
|
|t:|1656550920
|move|p2a: dat bat|U-turn|p1a: Lovethesubregenway
|-supereffective|p1a: Lovethesubregenway
|-damage|p1a: Lovethesubregenway|0 fnt
|faint|p1a: Lovethesubregenway
|
|t:|1656550929
|switch|p2a: think PINK|Slowking, F|48/100 tox|[from]move: U-turn
|
|-damage|p2a: think PINK|42/100 tox|[from] psn
|upkeep
|
|t:|1656550940
|switch|p1a: Punch out wii|Scizor, F|100/100
|-damage|p1a: Punch out wii|88/100|[from] Stealth Rock
|turn|41
|
|t:|1656550947
|switch|p2a: iron willed sheep|Cobalion|100/100
|move|p1a: Punch out wii|Dual Wingbeat|p2a: iron willed sheep
|-damage|p2a: iron willed sheep|73/100
|-damage|p1a: Punch out wii|72/100|[from] item: Rocky Helmet|[of] p2a: iron willed sheep
|-damage|p2a: iron willed sheep|44/100
|-damage|p1a: Punch out wii|55/100|[from] item: Rocky Helmet|[of] p2a: iron willed sheep
|-hitcount|p2a: iron willed sheep|2
|
|upkeep
|turn|42
|
|t:|1656550955
|switch|p1a: Armor-clad faith|Skarmory, F|75/100
|-damage|p1a: Armor-clad faith|63/100|[from] Stealth Rock
|move|p2a: iron willed sheep|Close Combat|p1a: Armor-clad faith
|-damage|p1a: Armor-clad faith|34/100
|-unboost|p2a: iron willed sheep|def|1
|-unboost|p2a: iron willed sheep|spd|1
|
|upkeep
|turn|43
|c|☆Rambun|If i had super power i won
|
|t:|1656550969
|switch|p2a: howdy mr cloudy|Thundurus-Therian, M|38/100
|move|p1a: Armor-clad faith|Spikes|p2a: howdy mr cloudy
|-sidestart|p2: pokemonisfun|Spikes
|
|upkeep
|turn|44
|
|t:|1656550978
|move|p2a: howdy mr cloudy|Volt Switch|p1a: Armor-clad faith
|-supereffective|p1a: Armor-clad faith
|-damage|p1a: Armor-clad faith|0 fnt
|faint|p1a: Armor-clad faith
|
|t:|1656550992
|switch|p2a: funky monky|Zarude|17/100|[from]move: Volt Switch
|-damage|p2a: funky monky|4/100|[from] Spikes
|
|upkeep
|
|t:|1656550997
|switch|p1a: Totsugeki|Keldeo-Resolute|90/100
|-damage|p1a: Totsugeki|84/100|[from] Stealth Rock
|turn|45
|
|t:|1656551001
|move|p1a: Totsugeki|Hydro Pump|p2a: funky monky
|-resisted|p2a: funky monky
|-damage|p2a: funky monky|0 fnt
|faint|p2a: funky monky
|
|upkeep
|
|t:|1656551007
|switch|p2a: think PINK|Slowking, F|75/100 tox
|-damage|p2a: think PINK|63/100 tox|[from] Spikes
|turn|46
|
|t:|1656551016
|move|p1a: Totsugeki|Hydro Pump|p2a: think PINK
|-resisted|p2a: think PINK
|-damage|p2a: think PINK|29/100 tox
|move|p2a: think PINK|Slack Off|p2a: think PINK
|-heal|p2a: think PINK|79/100 tox
|
|-damage|p2a: think PINK|73/100 tox|[from] psn
|upkeep
|turn|47
|
|t:|1656551022
|move|p1a: Totsugeki|Hydro Pump|p2a: think PINK
|-resisted|p2a: think PINK
|-damage|p2a: think PINK|37/100 tox
|move|p2a: think PINK|Future Sight|p1a: Totsugeki
|-start|p2a: think PINK|move: Future Sight
|
|-damage|p2a: think PINK|24/100 tox|[from] psn
|upkeep
|turn|48
|
|t:|1656551032
|switch|p2a: howdy mr cloudy|Thundurus-Therian, M|38/100
|move|p1a: Totsugeki|Hydro Pump|p2a: howdy mr cloudy
|-damage|p2a: howdy mr cloudy|0 fnt
|faint|p2a: howdy mr cloudy
|
|upkeep
|
|t:|1656551042
|switch|p2a: dat bat|Crobat, F|15/100
|turn|49
|
|t:|1656551049
|move|p2a: dat bat|U-turn|p1a: Totsugeki
|-resisted|p1a: Totsugeki
|-damage|p1a: Totsugeki|74/100
|
|t:|1656551054
|switch|p2a: think PINK|Slowking, F|58/100 tox|[from]move: U-turn
|-damage|p2a: think PINK|45/100 tox|[from] Spikes
|move|p1a: Totsugeki|Hydro Pump|p2a: think PINK|[miss]
|-miss|p1a: Totsugeki|p2a: think PINK
|
|-end|p1a: Totsugeki|move: Future Sight
|-supereffective|p1a: Totsugeki
|-damage|p1a: Totsugeki|0 fnt
|faint|p1a: Totsugeki
|-damage|p2a: think PINK|39/100 tox|[from] psn
|upkeep
|
|t:|1656551059
|switch|p1a: Happy chaos|Hydreigon, F|54/100
|-damage|p1a: Happy chaos|41/100|[from] Stealth Rock
|turn|50
|
|t:|1656551064
|move|p1a: Happy chaos|Dark Pulse|p2a: think PINK
|-supereffective|p2a: think PINK
|-damage|p2a: think PINK|0 fnt
|faint|p2a: think PINK
|
|upkeep
|
|t:|1656551069
|switch|p2a: meme-o-swine|Mamoswine, M|84/100
|-damage|p2a: meme-o-swine|71/100|[from] Spikes
|turn|51
|
|t:|1656551073
|move|p2a: meme-o-swine|Ice Shard|p1a: Happy chaos
|-supereffective|p1a: Happy chaos
|-damage|p1a: Happy chaos|0 fnt
|faint|p1a: Happy chaos
|
|upkeep
|
|t:|1656551074
|switch|p1a: Punch out wii|Scizor, F|55/100
|-damage|p1a: Punch out wii|43/100|[from] Stealth Rock
|turn|52
|c|☆Rambun|Gg man
|
|t:|1656551081
|move|p2a: meme-o-swine|Ice Shard|p1a: Punch out wii
|-resisted|p1a: Punch out wii
|-damage|p1a: Punch out wii|30/100
|move|p1a: Punch out wii|Bullet Punch|p2a: meme-o-swine
|-supereffective|p2a: meme-o-swine
|-damage|p2a: meme-o-swine|0 fnt
|faint|p2a: meme-o-swine
|
|upkeep
|
|t:|1656551083
|switch|p2a: iron willed sheep|Cobalion|44/100
|-damage|p2a: iron willed sheep|32/100|[from] Spikes
|turn|53
|
|t:|1656551086
|move|p1a: Punch out wii|Bullet Punch|p2a: iron willed sheep
|-resisted|p2a: iron willed sheep
|-damage|p2a: iron willed sheep|12/100
|-damage|p1a: Punch out wii|13/100|[from] item: Rocky Helmet|[of] p2a: iron willed sheep
|move|p2a: iron willed sheep|Close Combat|p1a: Punch out wii
|-damage|p1a: Punch out wii|0 fnt
|-unboost|p2a: iron willed sheep|def|1
|-unboost|p2a: iron willed sheep|spd|1
|faint|p1a: Punch out wii
|
|win|pokemonisfun
|raw|Rambun's rating: 1698 &rarr; <strong>1675</strong><br />(-23 for losing)
|raw|pokemonisfun's rating: 1644 &rarr; <strong>1667</strong><br />(+23 for winning)
|c|☆pokemonisfun|gg
|c|☆Rambun|Cobalion was tough
|c|☆Rambun|To beat
|c|☆pokemonisfun|the voltturn was tough
|c|☆pokemonisfun|idt sacking hippo early was smart
|c|☆Rambun|Leting hippo die early sucked also
|c|☆pokemonisfun|but it was a roll
|c|☆pokemonisfun|i know
|l| NoahDeKnight
|j| NoahDeKnight
||Ladder isn't responding, score probably updated but might not have (Request timeout).
|l| NoahDeKnight
|c|☆Rambun|Well i managed to get close tho
|c|☆Rambun|Sooo nlt bad performence
|l| StarFalcon555
|l| CarbonLifeform456
|l|☆Rambun
|l| where is ja
|j| Aiyaru
|l| Aiyaru
|j| corperate n
