|j|☆Hydreigon > Latias
|j|☆pif
|t:|1664550275
|gametype|singles
|player|p1|Hydreigon > Latias|guitarist|1435
|player|p2|pif|266|1691
|teamsize|p1|6
|teamsize|p2|6
|gen|8
|tier|[Gen 8] UU
|rated|
|rule|Sleep Clause Mod: Limit one foe put to sleep
|rule|Species Clause: Limit one of each Pokémon
|rule|OHKO Clause: OHKO moves are banned
|rule|Evasion Items Clause: Evasion items are banned
|rule|Evasion Moves Clause: Evasion moves are banned
|rule|Endless Battle Clause: Forcing endless battles is banned
|rule|HP Percentage Mod: HP is shown in percentages
|rule|Dynamax Clause: You cannot dynamax
|clearpoke
|poke|p1|Hippowdon, F|
|poke|p1|Roserade, F|
|poke|p1|Cobalion|
|poke|p1|Thundurus-Therian, M|
|poke|p1|Hydreigon, M|
|poke|p1|Slowking, M|
|poke|p2|Golisopod, M|
|poke|p2|Cobalion|
|poke|p2|Zygarde-10%|
|poke|p2|Chansey, F|
|poke|p2|Salamence, M|
|poke|p2|Tentacruel, F|
|teampreview
|j| justdrew
|c|☆Hydreigon > Latias|why me of all people
|c| justdrew|ngl you have a good mu
|c|☆Hydreigon > Latias|spikes hazard stack
|c|☆Hydreigon > Latias|vs spikes hazard with spin
|c|☆Hydreigon > Latias|yeah no its not going well
|c| justdrew|okay well thats your fault for building a spikes team with no spin
|c|☆Hydreigon > Latias|lol?
|c|☆Hydreigon > Latias|removal wasnt neccessary i was told
|c| justdrew|by whom?
|c|☆Hydreigon > Latias|pif cord
|c|☆Hydreigon > Latias|UU cord
|c|☆Hydreigon > Latias|here
|c|☆Hydreigon > Latias|in uu room
|c| justdrew|if your spike team is weak to opposing spikes
|c| justdrew|removal is necessary
|c|☆Hydreigon > Latias|well nobody mentioned of such thing
|c| justdrew|they werent specific enough
|c|☆pif|its pia
|c|☆pif|not pif cord
|c|☆pif|glhf.
|c| justdrew|not every team NEEDS removal
|c| justdrew|but most teams need it
|c| justdrew|yours does
|c|☆pif|imagine getting ghosted by drew
|c|☆pif|these are dark days
|c| justdrew|im literally a veteran uu tutor and b101 mod
|c|☆pif|hi literally a veteran uu tutor and b1o1 mod im pif
|c|☆Hydreigon > Latias|well where would i even fit removal here anyway
|c|☆Hydreigon > Latias|removing hippo is a death sentence vs zydog
|c|☆Hydreigon > Latias|and CB lycan
|c|☆pif|just make it boots hippo
|c|☆pif|done
|c|☆pif|oh
|c|☆Hydreigon > Latias|lol
|c|☆pif|i need to move
|c|☆pif|sorry
|
|t:|1664550552
|start
|switch|p1a: Thundurus|Thundurus-Therian, M|100/100
|switch|p2a: megan the eggin|Chansey, F|100/100
|turn|1
|c| justdrew|skarm > roserade and dhelmise > thundy
|c| justdrew|ez
|c|☆pif|too busy trying to bait drew
|
|t:|1664550566
|move|p1a: Thundurus|Volt Switch|p2a: megan the eggin
|-damage|p2a: megan the eggin|88/100
|c| justdrew|also pif on a serious notr
|
|t:|1664550579
|switch|p1a: Roserade|Roserade, F|100/100|[from]move: Volt Switch
|move|p2a: megan the eggin|Seismic Toss|p1a: Roserade
|-damage|p1a: Roserade|70/100
|
|-heal|p1a: Roserade|76/100|[from] item: Black Sludge
|upkeep
|turn|2
|c|☆Hydreigon > Latias|this is built around rose anyway
|c| justdrew|can you advertise in pia for ppl who think theyre good enough to apply to become uu tutors
|c| justdrew|for b101
|c| justdrew|we could use a few more
|c|☆pif|thanks for asking
|c|☆pif|we've been trying to do our own tutor program but i dont think that would hurt,and it might help more people
|c|☆pif|so yeah we will advertise that i think if i get more details
|
|t:|1664550665
|move|p1a: Roserade|Spikes|p2a: megan the eggin
|-sidestart|p2: pif|Spikes
|move|p2a: megan the eggin|Teleport|p2a: megan the eggin
|
|t:|1664550667
|switch|p2a: GOD POD|Golisopod, M|100/100|[from]move: Teleport
|
|-heal|p1a: Roserade|82/100|[from] item: Black Sludge
|upkeep
|turn|3
|c| justdrew|lmao yeah i think i would make more sense to just encourage ppl to come official tutors on forums
|
|t:|1664550678
|move|p2a: GOD POD|First Impression|p1a: Roserade
|-damage|p1a: Roserade|5/100
|move|p1a: Roserade|Sludge Bomb|p2a: GOD POD
|-damage|p2a: GOD POD|55/100
|
|-heal|p1a: Roserade|12/100|[from] item: Black Sludge
|upkeep
|turn|4
|c| justdrew|and not do it unofficially
|c|☆pif|it lives
|c|☆pif|what the fuck
|c| justdrew|as forums is dying and ppl can earn badges
|
|t:|1664550695
|switch|p2a: coba truthin|Cobalion|100/100
|-damage|p2a: coba truthin|88/100|[from] Spikes
|move|p1a: Roserade|Rest|p1a: Roserade
|-status|p1a: Roserade|slp|[from] move: Rest
|-heal|p1a: Roserade|100/100 slp|[silent]
|
|upkeep
|turn|5
|
|t:|1664550699
|-curestatus|p1a: Roserade|slp|[from] ability: Natural Cure
|switch|p1a: 100% of pure fat|Hippowdon, F|100/100
|-weather|Sandstorm|[from] ability: Sand Stream|[of] p1a: 100% of pure fat
|move|p2a: coba truthin|Stealth Rock|p1a: 100% of pure fat
|-sidestart|p1: Hydreigon > Latias|move: Stealth Rock
|
|-weather|Sandstorm|[upkeep]
|upkeep
|turn|6
|
|t:|1664550725
|switch|p2a: GOD POD|Golisopod, M|55/100
|move|p1a: 100% of pure fat|Stealth Rock|p2a: GOD POD
|-sidestart|p2: pif|move: Stealth Rock
|
|-weather|Sandstorm|[upkeep]
|-damage|p2a: GOD POD|49/100|[from] Sandstorm
|upkeep
|-activate|p2a: GOD POD|ability: Emergency Exit
|
|t:|1664550727
|switch|p2a: mencey wencey|Salamence, M|100/100
|-ability|p2a: mencey wencey|Intimidate|boost
|-unboost|p1a: 100% of pure fat|atk|1
|turn|7
|c|☆pif|that was intentional
|
|t:|1664550737
|move|p2a: mencey wencey|Wish|p2a: mencey wencey
|move|p1a: 100% of pure fat|Toxic|p2a: mencey wencey
|-status|p2a: mencey wencey|tox
|
|-weather|Sandstorm|[upkeep]
|-damage|p2a: mencey wencey|94/100 tox|[from] Sandstorm
|-damage|p2a: mencey wencey|88/100 tox|[from] psn
|upkeep
|turn|8
|
|t:|1664550742
|switch|p2a: GOD POD|Golisopod, M|49/100
|switch|p1a: Thundurus|Thundurus-Therian, M|100/100
|
|-weather|Sandstorm|[upkeep]
|-damage|p1a: Thundurus|94/100|[from] Sandstorm
|-damage|p2a: GOD POD|43/100|[from] Sandstorm
|-heal|p2a: GOD POD|100/100|[from] move: Wish|[wisher] mencey wencey
|upkeep
|turn|9
|c|☆pif|that was also intetional
|c|☆pif|all part of the plan
|
|t:|1664550760
|switch|p2a: megan the eggin|Chansey, F|88/100
|-damage|p2a: megan the eggin|76/100|[from] Spikes
|-damage|p2a: megan the eggin|63/100|[from] Stealth Rock
|move|p1a: Thundurus|Knock Off|p2a: megan the eggin
|-damage|p2a: megan the eggin|49/100
|-enditem|p2a: megan the eggin|Eviolite|[from] move: Knock Off|[of] p1a: Thundurus
|
|-weather|none
|upkeep
|turn|10
|
|t:|1664550764
|move|p1a: Thundurus|Volt Switch|p2a: megan the eggin
|-damage|p2a: megan the eggin|31/100
|
|t:|1664550767
|switch|p1a: santa the goat|Cobalion|100/100|[from]move: Volt Switch
|-damage|p1a: santa the goat|97/100|[from] Stealth Rock
|move|p2a: megan the eggin|Soft-Boiled|p2a: megan the eggin
|-heal|p2a: megan the eggin|81/100
|
|upkeep
|turn|11
|
|t:|1664550772
|switch|p2a: hoisin poison|Tentacruel, F|100/100
|-damage|p2a: hoisin poison|88/100|[from] Spikes
|-damage|p2a: hoisin poison|76/100|[from] Stealth Rock
|move|p1a: santa the goat|Swords Dance|p1a: santa the goat
|-boost|p1a: santa the goat|atk|2
|
|-heal|p2a: hoisin poison|82/100|[from] item: Black Sludge
|upkeep
|turn|12
|
|t:|1664550775
|move|p1a: santa the goat|Stone Edge|p2a: hoisin poison
|-damage|p2a: hoisin poison|27/100
|move|p2a: hoisin poison|Rapid Spin|p1a: santa the goat
|-resisted|p1a: santa the goat
|-damage|p1a: santa the goat|94/100
|-boost|p2a: hoisin poison|spe|1
|-damage|p2a: hoisin poison|10/100|[from] item: Rocky Helmet|[of] p1a: santa the goat
|-sideend|p2: pif|Spikes|[from] move: Rapid Spin|[of] p2a: hoisin poison
|-sideend|p2: pif|Stealth Rock|[from] move: Rapid Spin|[of] p2a: hoisin poison
|
|-heal|p2a: hoisin poison|16/100|[from] item: Black Sludge
|upkeep
|turn|13
|
|t:|1664550780
|move|p2a: hoisin poison|Scald|p1a: santa the goat
|-damage|p1a: santa the goat|65/100
|move|p1a: santa the goat|Iron Head|p2a: hoisin poison
|-resisted|p2a: hoisin poison
|-damage|p2a: hoisin poison|0 fnt
|faint|p2a: hoisin poison
|
|upkeep
|
|t:|1664550783
|switch|p2a: Zygarde-10% off|Zygarde-10%|100/100
|-ability|p2a: Zygarde-10% off|Aura Break
|turn|14
|
|t:|1664550786
|switch|p1a: 100% of pure fat|Hippowdon, F|100/100
|-damage|p1a: 100% of pure fat|94/100|[from] Stealth Rock
|-weather|Sandstorm|[from] ability: Sand Stream|[of] p1a: 100% of pure fat
|move|p2a: Zygarde-10% off|Toxic|p1a: 100% of pure fat
|-status|p1a: 100% of pure fat|tox
|
|-weather|Sandstorm|[upkeep]
|-heal|p1a: 100% of pure fat|100/100 tox|[from] item: Leftovers
|-damage|p1a: 100% of pure fat|94/100 tox|[from] psn
|upkeep
|turn|15
|
|t:|1664550789
|switch|p2a: GOD POD|Golisopod, M|100/100
|move|p1a: 100% of pure fat|Stealth Rock|p2a: GOD POD
|-sidestart|p2: pif|move: Stealth Rock
|
|-weather|Sandstorm|[upkeep]
|-damage|p2a: GOD POD|94/100|[from] Sandstorm
|-heal|p1a: 100% of pure fat|100/100 tox|[from] item: Leftovers
|-damage|p1a: 100% of pure fat|88/100 tox|[from] psn
|upkeep
|turn|16
|
|t:|1664550794
|switch|p1a: Thundurus|Thundurus-Therian, M|94/100
|move|p2a: GOD POD|Spikes|p1a: Thundurus
|-sidestart|p1: Hydreigon > Latias|Spikes
|
|-weather|Sandstorm|[upkeep]
|-damage|p1a: Thundurus|88/100|[from] Sandstorm
|-damage|p2a: GOD POD|88/100|[from] Sandstorm
|upkeep
|turn|17
|
|t:|1664550805
|move|p1a: Thundurus|Volt Switch|p2a: GOD POD
|-supereffective|p2a: GOD POD
|-damage|p2a: GOD POD|7/100
|-activate|p2a: GOD POD|ability: Emergency Exit
|c|☆pif|part of the plan
|
|t:|1664550811
|switch|p2a: Zygarde-10% off|Zygarde-10%|100/100
|-damage|p2a: Zygarde-10% off|94/100|[from] Stealth Rock
|-ability|p2a: Zygarde-10% off|Aura Break
|
|-weather|Sandstorm|[upkeep]
|-damage|p1a: Thundurus|82/100|[from] Sandstorm
|upkeep
|turn|18
|
|t:|1664550817
|switch|p1a: 100% of pure fat|Hippowdon, F|88/100 tox
|-damage|p1a: 100% of pure fat|82/100 tox|[from] Stealth Rock
|-damage|p1a: 100% of pure fat|70/100 tox|[from] Spikes
|move|p2a: Zygarde-10% off|Thousand Arrows|p1a: 100% of pure fat
|-damage|p1a: 100% of pure fat|39/100 tox
|
|-weather|none
|-heal|p1a: 100% of pure fat|45/100 tox|[from] item: Leftovers
|-damage|p1a: 100% of pure fat|39/100 tox|[from] psn
|upkeep
|turn|19
|
|t:|1664550821
|switch|p2a: mencey wencey|Salamence, M|88/100 tox
|-ability|p2a: mencey wencey|Intimidate|boost
|-unboost|p1a: 100% of pure fat|atk|1
|move|p1a: 100% of pure fat|Slack Off|p1a: 100% of pure fat
|-heal|p1a: 100% of pure fat|89/100 tox
|
|-heal|p1a: 100% of pure fat|95/100 tox|[from] item: Leftovers
|-damage|p2a: mencey wencey|82/100 tox|[from] psn
|-damage|p1a: 100% of pure fat|83/100 tox|[from] psn
|upkeep
|turn|20
|
|t:|1664550832
|switch|p2a: GOD POD|Golisopod, M|7/100
|switch|p1a: Thundurus|Thundurus-Therian, M|82/100
|
|upkeep
|turn|21
|
|t:|1664550838
|switch|p2a: megan the eggin|Chansey, F|81/100
|-damage|p2a: megan the eggin|69/100|[from] Stealth Rock
|move|p1a: Thundurus|Knock Off|p2a: megan the eggin
|-damage|p2a: megan the eggin|54/100
|
|upkeep
|turn|22
|
|t:|1664550844
|move|p1a: Thundurus|Volt Switch|p2a: megan the eggin
|-damage|p2a: megan the eggin|36/100
|
|t:|1664550847
|switch|p1a: Roserade|Roserade, F|100/100|[from]move: Volt Switch
|-damage|p1a: Roserade|88/100|[from] Stealth Rock
|-damage|p1a: Roserade|76/100|[from] Spikes
|move|p2a: megan the eggin|Soft-Boiled|p2a: megan the eggin
|-heal|p2a: megan the eggin|86/100
|
|-heal|p1a: Roserade|82/100|[from] item: Black Sludge
|upkeep
|turn|23
|
|t:|1664550867
|move|p1a: Roserade|Spikes|p2a: megan the eggin
|-sidestart|p2: pif|Spikes
|move|p2a: megan the eggin|Teleport|p2a: megan the eggin
|
|t:|1664550868
|switch|p2a: Zygarde-10% off|Zygarde-10%|94/100|[from]move: Teleport
|-damage|p2a: Zygarde-10% off|88/100|[from] Stealth Rock
|-damage|p2a: Zygarde-10% off|76/100|[from] Spikes
|-ability|p2a: Zygarde-10% off|Aura Break
|
|-heal|p1a: Roserade|88/100|[from] item: Black Sludge
|upkeep
|turn|24
|
|t:|1664550872
|switch|p1a: 100% of pure fat|Hippowdon, F|83/100 tox
|-damage|p1a: 100% of pure fat|77/100 tox|[from] Stealth Rock
|-damage|p1a: 100% of pure fat|65/100 tox|[from] Spikes
|-weather|Sandstorm|[from] ability: Sand Stream|[of] p1a: 100% of pure fat
|move|p2a: Zygarde-10% off|Thousand Arrows|p1a: 100% of pure fat
|-damage|p1a: 100% of pure fat|32/100 tox
|
|-weather|Sandstorm|[upkeep]
|-heal|p1a: 100% of pure fat|38/100 tox|[from] item: Leftovers
|-damage|p1a: 100% of pure fat|32/100 tox|[from] psn
|upkeep
|turn|25
|
|t:|1664550878
|switch|p2a: mencey wencey|Salamence, M|82/100 tox
|-ability|p2a: mencey wencey|Intimidate|boost
|-unboost|p1a: 100% of pure fat|atk|1
|move|p1a: 100% of pure fat|Slack Off|p1a: 100% of pure fat
|-heal|p1a: 100% of pure fat|82/100 tox
|
|-weather|Sandstorm|[upkeep]
|-damage|p2a: mencey wencey|76/100 tox|[from] Sandstorm
|-heal|p1a: 100% of pure fat|88/100 tox|[from] item: Leftovers
|-damage|p2a: mencey wencey|70/100 tox|[from] psn
|-damage|p1a: 100% of pure fat|76/100 tox|[from] psn
|upkeep
|turn|26
|
|t:|1664550883
|switch|p1a: Thundurus|Thundurus-Therian, M|82/100
|move|p2a: mencey wencey|Wish|p2a: mencey wencey
|
|-weather|Sandstorm|[upkeep]
|-damage|p1a: Thundurus|76/100|[from] Sandstorm
|-damage|p2a: mencey wencey|64/100 tox|[from] Sandstorm
|-damage|p2a: mencey wencey|52/100 tox|[from] psn
|upkeep
|turn|27
|
|t:|1664550912
|switch|p2a: megan the eggin|Chansey, F|86/100
|-damage|p2a: megan the eggin|73/100|[from] Stealth Rock
|-damage|p2a: megan the eggin|61/100|[from] Spikes
|move|p1a: Thundurus|Knock Off|p2a: megan the eggin
|-crit|p2a: megan the eggin
|-damage|p2a: megan the eggin|40/100
|
|-weather|Sandstorm|[upkeep]
|-damage|p1a: Thundurus|70/100|[from] Sandstorm
|-damage|p2a: megan the eggin|34/100|[from] Sandstorm
|-heal|p2a: megan the eggin|62/100|[from] move: Wish|[wisher] mencey wencey
|upkeep
|turn|28
|
|t:|1664550936
|move|p1a: Thundurus|Volt Switch|p2a: megan the eggin
|-damage|p2a: megan the eggin|44/100
|
|t:|1664550945
|switch|p1a: santa the goat|Cobalion|65/100|[from]move: Volt Switch
|-damage|p1a: santa the goat|62/100|[from] Stealth Rock
|-damage|p1a: santa the goat|50/100|[from] Spikes
|move|p2a: megan the eggin|Soft-Boiled|p2a: megan the eggin
|-heal|p2a: megan the eggin|95/100
|
|-weather|none
|upkeep
|turn|29
|
|t:|1664550950
|switch|p2a: mencey wencey|Salamence, M|52/100 tox
|-ability|p2a: mencey wencey|Intimidate|boost
|-unboost|p1a: santa the goat|atk|1
|move|p1a: santa the goat|Close Combat|p2a: mencey wencey
|-resisted|p2a: mencey wencey
|-damage|p2a: mencey wencey|36/100 tox
|-unboost|p1a: santa the goat|def|1
|-unboost|p1a: santa the goat|spd|1
|
|-damage|p2a: mencey wencey|30/100 tox|[from] psn
|upkeep
|turn|30
|
|t:|1664550954
|switch|p2a: Zygarde-10% off|Zygarde-10%|76/100
|-damage|p2a: Zygarde-10% off|70/100|[from] Stealth Rock
|-damage|p2a: Zygarde-10% off|58/100|[from] Spikes
|-ability|p2a: Zygarde-10% off|Aura Break
|move|p1a: santa the goat|Stone Edge|p2a: Zygarde-10% off
|-resisted|p2a: Zygarde-10% off
|-damage|p2a: Zygarde-10% off|41/100
|
|upkeep
|turn|31
|
|t:|1664550960
|switch|p1a: 100% of pure fat|Hippowdon, F|76/100 tox
|-damage|p1a: 100% of pure fat|70/100 tox|[from] Stealth Rock
|-damage|p1a: 100% of pure fat|57/100 tox|[from] Spikes
|-weather|Sandstorm|[from] ability: Sand Stream|[of] p1a: 100% of pure fat
|move|p2a: Zygarde-10% off|Thousand Arrows|p1a: 100% of pure fat
|-damage|p1a: 100% of pure fat|26/100 tox
|
|-weather|Sandstorm|[upkeep]
|-heal|p1a: 100% of pure fat|33/100 tox|[from] item: Leftovers
|-damage|p1a: 100% of pure fat|26/100 tox|[from] psn
|upkeep
|turn|32
|
|t:|1664550963
|move|p2a: Zygarde-10% off|Thousand Arrows|p1a: 100% of pure fat
|-damage|p1a: 100% of pure fat|0 fnt
|faint|p1a: 100% of pure fat
|
|-weather|Sandstorm|[upkeep]
|upkeep
|
|t:|1664550965
|switch|p1a: +10 speed when|Hydreigon, M|100/100
|-damage|p1a: +10 speed when|88/100|[from] Stealth Rock
|turn|33
|
|t:|1664550974
|switch|p2a: coba truthin|Cobalion|88/100
|-damage|p2a: coba truthin|85/100|[from] Stealth Rock
|-damage|p2a: coba truthin|73/100|[from] Spikes
|move|p1a: +10 speed when|Draco Meteor|p2a: coba truthin
|-resisted|p2a: coba truthin
|-damage|p2a: coba truthin|23/100
|-unboost|p1a: +10 speed when|spa|2
|
|-weather|Sandstorm|[upkeep]
|-damage|p1a: +10 speed when|82/100|[from] Sandstorm
|upkeep
|turn|34
|
|t:|1664550982
|switch|p2a: megan the eggin|Chansey, F|95/100
|-damage|p2a: megan the eggin|82/100|[from] Stealth Rock
|-damage|p2a: megan the eggin|70/100|[from] Spikes
|move|p1a: +10 speed when|Draco Meteor|p2a: megan the eggin
|-damage|p2a: megan the eggin|54/100
|-unboost|p1a: +10 speed when|spa|2
|
|-weather|Sandstorm|[upkeep]
|-damage|p1a: +10 speed when|76/100|[from] Sandstorm
|-damage|p2a: megan the eggin|48/100|[from] Sandstorm
|upkeep
|turn|35
|
|t:|1664550988
|switch|p1a: Roserade|Roserade, F|88/100
|-damage|p1a: Roserade|76/100|[from] Stealth Rock
|-damage|p1a: Roserade|63/100|[from] Spikes
|move|p2a: megan the eggin|Soft-Boiled|p2a: megan the eggin
|-heal|p2a: megan the eggin|98/100
|
|-weather|none
|-heal|p1a: Roserade|70/100|[from] item: Black Sludge
|upkeep
|turn|36
|
|t:|1664550999
|switch|p2a: Zygarde-10% off|Zygarde-10%|41/100
|-damage|p2a: Zygarde-10% off|35/100|[from] Stealth Rock
|-damage|p2a: Zygarde-10% off|22/100|[from] Spikes
|-ability|p2a: Zygarde-10% off|Aura Break
|move|p1a: Roserade|Spikes|p2a: Zygarde-10% off
|-sidestart|p2: pif|Spikes
|
|-heal|p1a: Roserade|76/100|[from] item: Black Sludge
|upkeep
|turn|37
|j| CanUrepeat
|
|t:|1664551013
|switch|p1a: flash!flash!flash!|Slowking, M|100/100
|move|p2a: Zygarde-10% off|Thousand Arrows|p1a: flash!flash!flash!
|-damage|p1a: flash!flash!flash!|51/100
|
|upkeep
|turn|38
|c|☆pif|whyd you make this boots
|c|☆pif|UGH
|c|☆Hydreigon > Latias|u told me on cord
|c|☆Hydreigon > Latias|lol
|c| justdrew|idk why thundy wasnt sacked tbh
|c|☆pif|fuck.
|
|t:|1664551044
|move|p2a: Zygarde-10% off|Thousand Arrows|p1a: flash!flash!flash!
|-damage|p1a: flash!flash!flash!|2/100
|move|p1a: flash!flash!flash!|Psychic|p2a: Zygarde-10% off
|-damage|p2a: Zygarde-10% off|0 fnt
|faint|p2a: Zygarde-10% off
|
|upkeep
|c|☆Hydreigon > Latias|didnt want to sack my offense
|
|t:|1664551059
|switch|p2a: GOD POD|Golisopod, M|7/100
|turn|39
|
|t:|1664551079
|move|p2a: GOD POD|Liquidation|p1a: flash!flash!flash!
|-resisted|p1a: flash!flash!flash!
|-damage|p1a: flash!flash!flash!|0 fnt
|faint|p1a: flash!flash!flash!
|
|upkeep
|
|t:|1664551085
|switch|p1a: Thundurus|Thundurus-Therian, M|70/100
|turn|40
|
|t:|1664551089
|switch|p2a: megan the eggin|Chansey, F|98/100
|-damage|p2a: megan the eggin|86/100|[from] Stealth Rock
|-damage|p2a: megan the eggin|69/100|[from] Spikes
|move|p1a: Thundurus|Volt Switch|p2a: megan the eggin
|-damage|p2a: megan the eggin|51/100
|
|t:|1664551099
|switch|p1a: Roserade|Roserade, F|76/100|[from]move: Volt Switch
|-damage|p1a: Roserade|63/100|[from] Stealth Rock
|-damage|p1a: Roserade|51/100|[from] Spikes
|
|-heal|p1a: Roserade|57/100|[from] item: Black Sludge
|upkeep
|turn|41
|
|t:|1664551105
|move|p1a: Roserade|Sludge Bomb|p2a: megan the eggin
|-damage|p2a: megan the eggin|34/100
|move|p2a: megan the eggin|Soft-Boiled|p2a: megan the eggin
|-heal|p2a: megan the eggin|84/100
|
|-heal|p1a: Roserade|63/100|[from] item: Black Sludge
|upkeep
|turn|42
|
|t:|1664551116
|move|p1a: Roserade|Spikes|p2a: megan the eggin
|-sidestart|p2: pif|Spikes
|move|p2a: megan the eggin|Seismic Toss|p1a: Roserade
|-damage|p1a: Roserade|32/100
|
|-heal|p1a: Roserade|39/100|[from] item: Black Sludge
|upkeep
|turn|43
|
|t:|1664551122
|move|p1a: Roserade|Sludge Bomb|p2a: megan the eggin
|-damage|p2a: megan the eggin|66/100
|move|p2a: megan the eggin|Seismic Toss|p1a: Roserade
|-damage|p1a: Roserade|8/100
|
|-heal|p1a: Roserade|14/100|[from] item: Black Sludge
|upkeep
|turn|44
|
|t:|1664551125
|move|p1a: Roserade|Rest|p1a: Roserade
|-status|p1a: Roserade|slp|[from] move: Rest
|-heal|p1a: Roserade|100/100 slp|[silent]
|move|p2a: megan the eggin|Soft-Boiled|p2a: megan the eggin
|-heal|p2a: megan the eggin|100/100
|
|upkeep
|turn|45
|
|t:|1664551131
|cant|p1a: Roserade|slp
|move|p2a: megan the eggin|Seismic Toss|p1a: Roserade
|-damage|p1a: Roserade|70/100 slp
|
|-heal|p1a: Roserade|76/100 slp|[from] item: Black Sludge
|upkeep
|turn|46
|c|☆pif|society
|c|☆Hydreigon > Latias|all of these changes are from u pif lol
|
|t:|1664551147
|cant|p1a: Roserade|slp
|move|p2a: megan the eggin|Seismic Toss|p1a: Roserade
|-damage|p1a: Roserade|45/100 slp
|
|-heal|p1a: Roserade|51/100 slp|[from] item: Black Sludge
|upkeep
|turn|47
|
|t:|1664551150
|-curestatus|p1a: Roserade|slp|[msg]
|move|p1a: Roserade|Sludge Bomb|p2a: megan the eggin
|-damage|p2a: megan the eggin|82/100
|-status|p2a: megan the eggin|psn
|move|p2a: megan the eggin|Seismic Toss|p1a: Roserade
|-damage|p1a: Roserade|20/100
|
|-heal|p1a: Roserade|26/100|[from] item: Black Sludge
|-damage|p2a: megan the eggin|70/100 psn|[from] psn
|upkeep
|turn|48
|
|t:|1664551161
|move|p1a: Roserade|Rest|p1a: Roserade
|-status|p1a: Roserade|slp|[from] move: Rest
|-heal|p1a: Roserade|100/100 slp|[silent]
|move|p2a: megan the eggin|Soft-Boiled|p2a: megan the eggin
|-heal|p2a: megan the eggin|100/100 psn
|
|-damage|p2a: megan the eggin|88/100 psn|[from] psn
|upkeep
|turn|49
|
|t:|1664551174
|cant|p1a: Roserade|slp
|move|p2a: megan the eggin|Teleport|p2a: megan the eggin
|
|t:|1664551190
|-curestatus|p2a: megan the eggin|psn|[from] ability: Natural Cure
|switch|p2a: GOD POD|Golisopod, M|7/100|[from]move: Teleport
|
|upkeep
|turn|50
|
|t:|1664551199
|-curestatus|p1a: Roserade|slp|[from] ability: Natural Cure
|switch|p1a: santa the goat|Cobalion|50/100
|-damage|p1a: santa the goat|47/100|[from] Stealth Rock
|-damage|p1a: santa the goat|34/100|[from] Spikes
|move|p2a: GOD POD|Spikes|p1a: santa the goat
|-sidestart|p1: Hydreigon > Latias|Spikes
|
|upkeep
|turn|51
|
|t:|1664551220
|switch|p2a: coba truthin|Cobalion|23/100
|-damage|p2a: coba truthin|20/100|[from] Stealth Rock
|-damage|p2a: coba truthin|0 fnt|[from] Spikes
|faint|p2a: coba truthin
|move|p1a: santa the goat|Iron Head|p2: coba truthin|[notarget]
|-fail|p1a: santa the goat
|
|upkeep
|
|t:|1664551226
|switch|p2a: mencey wencey|Salamence, M|30/100 tox
|-ability|p2a: mencey wencey|Intimidate|boost
|-unboost|p1a: santa the goat|atk|1
|turn|52
|
|t:|1664551233
|move|p1a: santa the goat|Stone Edge|p2a: mencey wencey|[miss]
|-miss|p1a: santa the goat|p2a: mencey wencey
|move|p2a: mencey wencey|Roost|p2a: mencey wencey
|-heal|p2a: mencey wencey|80/100 tox
|-singleturn|p2a: mencey wencey|move: Roost
|
|-damage|p2a: mencey wencey|74/100 tox|[from] psn
|upkeep
|turn|53
|
|t:|1664551241
|move|p1a: santa the goat|Stone Edge|p2a: mencey wencey
|-supereffective|p2a: mencey wencey
|-damage|p2a: mencey wencey|45/100 tox
|move|p2a: mencey wencey|Flamethrower|p1a: santa the goat
|-supereffective|p1a: santa the goat
|-damage|p1a: santa the goat|0 fnt
|faint|p1a: santa the goat
|
|-damage|p2a: mencey wencey|33/100 tox|[from] psn
|upkeep
|
|t:|1664551246
|switch|p1a: Thundurus|Thundurus-Therian, M|70/100
|turn|54
|c| justdrew|lol
|
|t:|1664551256
|move|p1a: Thundurus|Volt Switch|p2a: mencey wencey
|-damage|p2a: mencey wencey|0 fnt
|faint|p2a: mencey wencey
|c|☆pif|we live
|
|t:|1664551264
|switch|p1a: +10 speed when|Hydreigon, M|76/100|[from]move: Volt Switch
|-damage|p1a: +10 speed when|64/100|[from] Stealth Rock
|
|upkeep
|
|t:|1664551271
|switch|p2a: megan the eggin|Chansey, F|88/100
|-damage|p2a: megan the eggin|76/100|[from] Stealth Rock
|-damage|p2a: megan the eggin|51/100|[from] Spikes
|turn|55
|
|t:|1664551274
|move|p1a: +10 speed when|U-turn|p2a: megan the eggin
|-damage|p2a: megan the eggin|37/100
|
|t:|1664551278
|switch|p1a: Roserade|Roserade, F|100/100|[from]move: U-turn
|-damage|p1a: Roserade|88/100|[from] Stealth Rock
|-damage|p1a: Roserade|72/100|[from] Spikes
|move|p2a: megan the eggin|Soft-Boiled|p2a: megan the eggin
|-heal|p2a: megan the eggin|87/100
|
|-heal|p1a: Roserade|78/100|[from] item: Black Sludge
|upkeep
|turn|56
|
|t:|1664551286
|move|p1a: Roserade|Sludge Bomb|p2a: megan the eggin
|-crit|p2a: megan the eggin
|-damage|p2a: megan the eggin|62/100
|move|p2a: megan the eggin|Seismic Toss|p1a: Roserade
|-damage|p1a: Roserade|47/100
|
|-heal|p1a: Roserade|53/100|[from] item: Black Sludge
|upkeep
|turn|57
|
|t:|1664551289
|move|p1a: Roserade|Sludge Bomb|p2a: megan the eggin
|-damage|p2a: megan the eggin|43/100
|move|p2a: megan the eggin|Soft-Boiled|p2a: megan the eggin
|-heal|p2a: megan the eggin|93/100
|
|-heal|p1a: Roserade|59/100|[from] item: Black Sludge
|upkeep
|turn|58
|
|t:|1664551293
|move|p1a: Roserade|Sludge Bomb|p2a: megan the eggin
|-damage|p2a: megan the eggin|75/100
|-status|p2a: megan the eggin|psn
|move|p2a: megan the eggin|Seismic Toss|p1a: Roserade
|-damage|p1a: Roserade|28/100
|
|-heal|p1a: Roserade|35/100|[from] item: Black Sludge
|-damage|p2a: megan the eggin|63/100 psn|[from] psn
|upkeep
|turn|59
|
|t:|1664551297
|move|p1a: Roserade|Rest|p1a: Roserade
|-status|p1a: Roserade|slp|[from] move: Rest
|-heal|p1a: Roserade|100/100 slp|[silent]
|move|p2a: megan the eggin|Soft-Boiled|p2a: megan the eggin
|-heal|p2a: megan the eggin|100/100 psn
|
|-damage|p2a: megan the eggin|88/100 psn|[from] psn
|upkeep
|turn|60
|
|t:|1664551300
|-curestatus|p1a: Roserade|slp|[from] ability: Natural Cure
|switch|p1a: Thundurus|Thundurus-Therian, M|70/100
|move|p2a: megan the eggin|Teleport|p2a: megan the eggin
|
|t:|1664551302
|-curestatus|p2a: megan the eggin|psn|[from] ability: Natural Cure
|switch|p2a: GOD POD|Golisopod, M|7/100|[from]move: Teleport
|
|upkeep
|turn|61
|
|t:|1664551306
|switch|p2a: megan the eggin|Chansey, F|88/100
|-damage|p2a: megan the eggin|76/100|[from] Stealth Rock
|-damage|p2a: megan the eggin|51/100|[from] Spikes
|move|p1a: Thundurus|Volt Switch|p2a: megan the eggin
|-damage|p2a: megan the eggin|32/100
|
|t:|1664551315
|switch|p1a: +10 speed when|Hydreigon, M|64/100|[from]move: Volt Switch
|-damage|p1a: +10 speed when|51/100|[from] Stealth Rock
|
|upkeep
|turn|62
|
|t:|1664551318
|move|p1a: +10 speed when|Draco Meteor|p2a: megan the eggin
|-damage|p2a: megan the eggin|2/100
|-unboost|p1a: +10 speed when|spa|2
|move|p2a: megan the eggin|Soft-Boiled|p2a: megan the eggin
|-heal|p2a: megan the eggin|52/100
|
|upkeep
|turn|63
|c|☆Hydreigon > Latias|fat
|
|t:|1664551323
|switch|p1a: Roserade|Roserade, F|100/100
|-damage|p1a: Roserade|88/100|[from] Stealth Rock
|-damage|p1a: Roserade|72/100|[from] Spikes
|move|p2a: megan the eggin|Soft-Boiled|p2a: megan the eggin
|-heal|p2a: megan the eggin|100/100
|
|-heal|p1a: Roserade|78/100|[from] item: Black Sludge
|upkeep
|turn|64
|
|t:|1664551328
|move|p1a: Roserade|Sludge Bomb|p2a: megan the eggin
|-damage|p2a: megan the eggin|85/100
|move|p2a: megan the eggin|Seismic Toss|p1a: Roserade
|-damage|p1a: Roserade|47/100
|
|-heal|p1a: Roserade|53/100|[from] item: Black Sludge
|upkeep
|turn|65
|
|t:|1664551338
|move|p1a: Roserade|Sludge Bomb|p2a: megan the eggin
|-damage|p2a: megan the eggin|67/100
|-status|p2a: megan the eggin|psn
|move|p2a: megan the eggin|Teleport|p2a: megan the eggin
|
|t:|1664551340
|-curestatus|p2a: megan the eggin|psn|[from] ability: Natural Cure
|switch|p2a: GOD POD|Golisopod, M|7/100|[from]move: Teleport
|
|-heal|p1a: Roserade|59/100|[from] item: Black Sludge
|upkeep
|turn|66
|
|t:|1664551352
|switch|p1a: +10 speed when|Hydreigon, M|51/100
|-damage|p1a: +10 speed when|39/100|[from] Stealth Rock
|move|p2a: GOD POD|Liquidation|p1a: +10 speed when
|-resisted|p1a: +10 speed when
|-damage|p1a: +10 speed when|10/100
|
|upkeep
|turn|67
|
|t:|1664551357
|switch|p2a: megan the eggin|Chansey, F|67/100
|-damage|p2a: megan the eggin|55/100|[from] Stealth Rock
|-damage|p2a: megan the eggin|30/100|[from] Spikes
|move|p1a: +10 speed when|U-turn|p2a: megan the eggin
|-damage|p2a: megan the eggin|15/100
|
|t:|1664551360
|switch|p1a: Thundurus|Thundurus-Therian, M|70/100|[from]move: U-turn
|
|upkeep
|turn|68
|
|t:|1664551362
|move|p1a: Thundurus|Volt Switch|p2a: megan the eggin
|-damage|p2a: megan the eggin|0 fnt
|faint|p2a: megan the eggin
|
|t:|1664551365
|switch|p1a: +10 speed when|Hydreigon, M|10/100|[from]move: Volt Switch
|-damage|p1a: +10 speed when|0 fnt|[from] Stealth Rock
|faint|p1a: +10 speed when
|
|upkeep
|c|☆pif|gg
|
|t:|1664551368
|switch|p1a: Thundurus|Thundurus-Therian, M|70/100
|switch|p2a: GOD POD|Golisopod, M|7/100
|turn|69
|
|t:|1664551370
|move|p2a: GOD POD|First Impression|p1a: Thundurus
|-resisted|p1a: Thundurus
|-damage|p1a: Thundurus|35/100
|move|p1a: Thundurus|Volt Switch|p2a: GOD POD
|-supereffective|p2a: GOD POD
|-damage|p2a: GOD POD|0 fnt
|faint|p2a: GOD POD
|
|win|Hydreigon > Latias
|raw|Hydreigon &gt; Latias's rating: 1435 &rarr; <strong>1468</strong><br />(+33 for winning)
|raw|pif's rating: 1691 &rarr; <strong>1658</strong><br />(-33 for losing)
|c|☆Hydreigon > Latias|gg
|l|☆pif
|l| CanUrepeat
|l| justdrew
||Ladder isn't responding, score probably updated but might not have (Request timeout).
