|inactive|Battle timer is ON: inactive players will automatically lose when time's up.
|j|☆Moutemoute
|j|☆pokemonisfun
|t:|1664060205
|gametype|singles
|player|p1|Moutemoute|#moutemoute|
|player|p2|pokemonisfun|#uutrio2ladder|
|teamsize|p1|6
|teamsize|p2|6
|gen|8
|tier|[Gen 8] UU
|rated|Tournament battle
|rule|Sleep Clause Mod: Limit one foe put to sleep
|rule|Species Clause: Limit one of each Pokémon
|rule|OHKO Clause: OHKO moves are banned
|rule|Evasion Items Clause: Evasion items are banned
|rule|Evasion Moves Clause: Evasion moves are banned
|rule|Endless Battle Clause: Forcing endless battles is banned
|rule|HP Percentage Mod: HP is shown in percentages
|rule|Dynamax Clause: You cannot dynamax
|rule|Blitz: Super-fast timer
|clearpoke
|poke|p1|Froslass, F|
|poke|p1|Krookodile, M|
|poke|p1|Celesteela|
|poke|p1|Salamence, F|
|poke|p1|Necrozma|
|poke|p1|Keldeo-Resolute|
|poke|p2|Porygon-Z|
|poke|p2|Thundurus-Therian, M|
|poke|p2|Azelf|
|poke|p2|Hydreigon, F|
|poke|p2|Tangrowth, F|
|poke|p2|Cobalion|
|teampreview
|j|+Mengy ㋛
|j| corperaten
|c|☆Moutemoute|hf
|j| Queen of Bean ✿
|c|☆pokemonisfun|same bro
|inactive|pokemonisfun has 30 seconds left.
|
|t:|1664060220
|start
|switch|p1a: Krookodile|Krookodile, M|100/100
|switch|p2a: dicksy pixie|Azelf|100/100
|-ability|p1a: Krookodile|Intimidate|boost
|-unboost|p2a: dicksy pixie|atk|1
|turn|1
|inactive|pokemonisfun has 10 seconds left.
|
|t:|1664060227
|move|p2a: dicksy pixie|Grass Knot|p1a: Krookodile
|-supereffective|p1a: Krookodile
|-damage|p1a: Krookodile|23/100
|-damage|p2a: dicksy pixie|84/100|[from] item: Rocky Helmet|[of] p1a: Krookodile
|move|p1a: Krookodile|Knock Off|p2a: dicksy pixie
|-supereffective|p2a: dicksy pixie
|-damage|p2a: dicksy pixie|0 fnt
|-enditem|p2a: dicksy pixie|Heavy-Duty Boots|[from] move: Knock Off|[of] p1a: Krookodile
|faint|p2a: dicksy pixie
|
|upkeep
|inactive|pokemonisfun has 10 seconds left.
|
|t:|1664060236
|switch|p2a: howdy mr. cloudy|Thundurus-Therian, M|100/100
|turn|2
|
|t:|1664060238
|move|p2a: howdy mr. cloudy|Grass Knot|p1a: Krookodile
|-supereffective|p1a: Krookodile
|-damage|p1a: Krookodile|0 fnt
|-damage|p2a: howdy mr. cloudy|84/100|[from] item: Rocky Helmet|[of] p1a: Krookodile
|faint|p1a: Krookodile
|
|upkeep
|
|t:|1664060240
|switch|p1a: Froslass|Froslass, F|100/100
|turn|3
|
|t:|1664060242
|move|p1a: Froslass|Ice Beam|p2a: howdy mr. cloudy
|-supereffective|p2a: howdy mr. cloudy
|-damage|p2a: howdy mr. cloudy|0 fnt
|faint|p2a: howdy mr. cloudy
|
|upkeep
|
|t:|1664060245
|switch|p2a: mr mittens|Hydreigon, F|100/100
|turn|4
|j| udo kier
|
|t:|1664060249
|switch|p1a: Keldeo|Keldeo-Resolute|100/100
|move|p2a: mr mittens|Dark Pulse|p1a: Keldeo
|-resisted|p1a: Keldeo
|-damage|p1a: Keldeo|77/100
|-ability|p1a: Keldeo|Justified|boost
|-boost|p1a: Keldeo|atk|1
|
|-heal|p1a: Keldeo|83/100|[from] item: Leftovers
|upkeep
|turn|5
|
|t:|1664060253
|switch|p2a: tang ur wang|Tangrowth, F|100/100
|switch|p1a: Froslass|Froslass, F|100/100
|
|upkeep
|turn|6
|
|t:|1664060256
|move|p1a: Froslass|Ice Beam|p2a: tang ur wang
|-supereffective|p2a: tang ur wang
|-damage|p2a: tang ur wang|54/100
|move|p2a: tang ur wang|Knock Off|p1a: Froslass
|-supereffective|p1a: Froslass
|-damage|p1a: Froslass|23/100
|-start|p2a: tang ur wang|Disable|Knock Off|[from] ability: Cursed Body|[of] p1a: Froslass
|-enditem|p1a: Froslass|Focus Sash|[from] move: Knock Off|[of] p2a: tang ur wang
|
|upkeep
|turn|7
|inactive|pokemonisfun has 10 seconds left.
|
|t:|1664060261
|move|p1a: Froslass|Spikes|p2a: tang ur wang
|-sidestart|p2: pokemonisfun|Spikes
|move|p2a: tang ur wang|Earthquake|p1a: Froslass
|-damage|p1a: Froslass|0 fnt
|faint|p1a: Froslass
|
|upkeep
|
|t:|1664060264
|switch|p1a: Necrozma|Necrozma|100/100
|turn|8
|inactive|pokemonisfun has 10 seconds left.
|
|t:|1664060271
|move|p1a: Necrozma|Dragon Dance|p1a: Necrozma
|-boost|p1a: Necrozma|atk|1
|-boost|p1a: Necrozma|spe|1
|move|p2a: tang ur wang|Power Whip|p1a: Necrozma
|-damage|p1a: Necrozma|60/100
|
|upkeep
|turn|9
|inactive|Moutemoute has 10 seconds left.
|
|t:|1664060277
|move|p1a: Necrozma|Dragon Dance|p1a: Necrozma
|-boost|p1a: Necrozma|atk|1
|-boost|p1a: Necrozma|spe|1
|move|p2a: tang ur wang|Power Whip|p1a: Necrozma
|-damage|p1a: Necrozma|16/100
|
|-end|p2a: tang ur wang|Disable
|upkeep
|turn|10
|inactive|pokemonisfun has 10 seconds left.
|
|t:|1664060283
|switch|p2a: porygauna berry|Porygon-Z|100/100
|-damage|p2a: porygauna berry|88/100|[from] Spikes
|move|p1a: Necrozma|Photon Geyser|p2a: porygauna berry
|-damage|p2a: porygauna berry|0 fnt
|faint|p2a: porygauna berry
|
|upkeep
|
|t:|1664060286
|switch|p2a: mr mittens|Hydreigon, F|100/100
|turn|11
|
|t:|1664060287
|switch|p2a: coba truthin|Cobalion|100/100
|-damage|p2a: coba truthin|88/100|[from] Spikes
|move|p1a: Necrozma|X-Scissor|p2a: coba truthin
|-resisted|p2a: coba truthin
|-damage|p2a: coba truthin|78/100
|-damage|p1a: Necrozma|0 fnt|[from] item: Rocky Helmet|[of] p2a: coba truthin
|faint|p1a: Necrozma
|
|upkeep
|
|t:|1664060291
|switch|p1a: Celesteela|Celesteela|100/100
|turn|12
|j| Drop a burn
|inactive|pokemonisfun has 10 seconds left.
|
|t:|1664060299
|move|p2a: coba truthin|Close Combat|p1a: Celesteela
|-damage|p1a: Celesteela|49/100
|-unboost|p2a: coba truthin|def|1
|-unboost|p2a: coba truthin|spd|1
|move|p1a: Celesteela|Autotomize|p1a: Celesteela
|-boost|p1a: Celesteela|spe|2
|-start|p1a: Celesteela|Autotomize
|
|upkeep
|turn|13
|inactive|Moutemoute has 10 seconds left.
|
|t:|1664060306
|switch|p2a: mr mittens|Hydreigon, F|100/100
|move|p1a: Celesteela|Flamethrower|p2a: mr mittens
|-resisted|p2a: mr mittens
|-damage|p2a: mr mittens|84/100
|
|upkeep
|turn|14
|
|t:|1664060310
|move|p2a: mr mittens|Fire Blast|p1a: Celesteela
|-supereffective|p1a: Celesteela
|-damage|p1a: Celesteela|0 fnt
|faint|p1a: Celesteela
|
|upkeep
|c|☆Moutemoute|rofl
|c|☆Moutemoute|tied
|inactive|Moutemoute has 10 seconds left.
|
|t:|1664060315
|switch|p1a: Salamence|Salamence, F|100/100
|turn|15
|
|t:|1664060319
|switch|p2a: coba truthin|Cobalion|78/100
|-damage|p2a: coba truthin|65/100|[from] Spikes
|move|p1a: Salamence|Dragon Dance|p1a: Salamence
|-boost|p1a: Salamence|atk|1
|-boost|p1a: Salamence|spe|1
|
|upkeep
|turn|16
|
|t:|1664060321
|switch|p2a: mr mittens|Hydreigon, F|84/100
|move|p1a: Salamence|Dragon Dance|p1a: Salamence
|-boost|p1a: Salamence|atk|1
|-boost|p1a: Salamence|spe|1
|
|upkeep
|turn|17
|inactive|pokemonisfun has 10 seconds left.
|
|t:|1664060330
|switch|p2a: coba truthin|Cobalion|65/100
|-damage|p2a: coba truthin|53/100|[from] Spikes
|move|p1a: Salamence|Outrage|p2a: coba truthin
|-resisted|p2a: coba truthin
|-damage|p2a: coba truthin|0 fnt
|-damage|p1a: Salamence|84/100|[from] item: Rocky Helmet|[of] p2a: coba truthin
|faint|p2a: coba truthin
|-ability|p1a: Salamence|Moxie|boost
|-boost|p1a: Salamence|atk|1
|
|upkeep
|c|☆Moutemoute|gg
|
|t:|1664060334
|switch|p2a: tang ur wang|Tangrowth, F|87/100
|-damage|p2a: tang ur wang|75/100|[from] Spikes
|turn|18
|inactive|pokemonisfun has 10 seconds left.
|
|t:|1664060340
|move|p1a: Salamence|Outrage|p2a: tang ur wang|[from]lockedmove
|-damage|p2a: tang ur wang|0 fnt
|faint|p2a: tang ur wang
|-ability|p1a: Salamence|Moxie|boost
|-boost|p1a: Salamence|atk|1
|-start|p1a: Salamence|confusion|[fatigue]
|-enditem|p1a: Salamence|Lum Berry|[eat]
|-end|p1a: Salamence|confusion
|
|upkeep
|c|☆pokemonisfun|gg
|inactive|pokemonisfun has 10 seconds left.
|
|t:|1664060345
|switch|p2a: mr mittens|Hydreigon, F|84/100
|turn|19
|
|t:|1664060346
|move|p1a: Salamence|Dragon Dance|p1a: Salamence
|-boost|p1a: Salamence|atk|1
|-boost|p1a: Salamence|spe|1
|move|p2a: mr mittens|Draco Meteor|p1a: Salamence
|-supereffective|p1a: Salamence
|-damage|p1a: Salamence|0 fnt
|-unboost|p2a: mr mittens|spa|2
|faint|p1a: Salamence
|
|upkeep
|
|t:|1664060350
|switch|p1a: Keldeo|Keldeo-Resolute|83/100
|turn|20
|inactive|pokemonisfun has 10 seconds left.
|
|t:|1664060355
|move|p2a: mr mittens|Draco Meteor|p1a: Keldeo
|-damage|p1a: Keldeo|47/100
|-unboost|p2a: mr mittens|spa|2
|move|p1a: Keldeo|Secret Sword|p2a: mr mittens
|-supereffective|p2a: mr mittens
|-damage|p2a: mr mittens|0 fnt
|faint|p2a: mr mittens
|
|win|Moutemoute
|n|☆Moutemoute|moutemoute
|n|☆pokemonisfun|pokemonisfun
|n|+Mengy ㋛|mengy
|n| corperaten|corperaten
|n| Queen of Bean ✿|queenofbean
|n| udo kier|udokier
|n| Drop a burn|dropaburn
