|j|☆Corperate N
|j|☆pif
|t:|1646688481
|gametype|singles
|player|p1|Corperate N|n|1488
|player|p2|pif|#uutrio2ladder|1761
|teamsize|p1|6
|teamsize|p2|6
|gen|8
|tier|[Gen 8] UU
|rated|
|rule|Sleep Clause Mod: Limit one foe put to sleep
|rule|Species Clause: Limit one of each Pokémon
|rule|OHKO Clause: OHKO moves are banned
|rule|Evasion Moves Clause: Evasion moves are banned
|rule|Endless Battle Clause: Forcing endless battles is banned
|rule|HP Percentage Mod: HP is shown in percentages
|rule|Dynamax Clause: You cannot dynamax
|clearpoke
|poke|p1|Chansey, F|
|poke|p1|Skarmory, F|
|poke|p1|Rotom-Heat|
|poke|p1|Keldeo-Resolute|
|poke|p1|Amoonguss, F|
|poke|p1|Krookodile, F|
|poke|p2|Scrafty, M|
|poke|p2|Zygarde-10%|
|poke|p2|Slowking, M|
|poke|p2|Celebi|
|poke|p2|Moltres|
|poke|p2|Registeel|
|teampreview
|inactive|Battle timer is ON: inactive players will automatically lose when time's up. (requested by Corperate N)
|inactive|Corperate N has 120 seconds left.
|
|t:|1646688515
|start
|switch|p1a: Rotom|Rotom-Heat|100/100
|switch|p2a: think PINK|Slowking, M|100/100
|turn|1
|
|t:|1646688521
|switch|p2a: hissy wissy|Scrafty, M|100/100
|move|p1a: Rotom|Discharge|p2a: hissy wissy
|-damage|p2a: hissy wissy|79/100
|
|-heal|p2a: hissy wissy|85/100|[from] item: Leftovers
|upkeep
|turn|2
|
|t:|1646688527
|switch|p1a: Skarmory|Skarmory, F|100/100
|move|p2a: hissy wissy|Knock Off|p1a: Skarmory
|-crit|p1a: Skarmory
|-damage|p1a: Skarmory|74/100
|-damage|p2a: hissy wissy|68/100|[from] item: Rocky Helmet|[of] p1a: Skarmory
|-enditem|p1a: Skarmory|Rocky Helmet|[from] move: Knock Off|[of] p2a: hissy wissy
|
|-heal|p2a: hissy wissy|74/100|[from] item: Leftovers
|upkeep
|turn|3
|
|t:|1646688530
|switch|p2a: moltres leche|Moltres|100/100
|move|p1a: Skarmory|Spikes|p2a: moltres leche
|-sidestart|p2: pif|Spikes
|
|upkeep
|turn|4
|
|t:|1646688534
|switch|p1a: Chansey|Chansey, F|100/100
|move|p2a: moltres leche|Defog|p1a: Chansey
|-unboost|p1a: Chansey|evasion|1
|-sideend|p2: pif|Spikes|[from] move: Defog|[of] p2a: moltres leche
|
|upkeep
|turn|5
|
|t:|1646688539
|switch|p2a: funion onion|Celebi|100/100
|move|p1a: Chansey|Stealth Rock|p2a: funion onion
|-sidestart|p2: pif|move: Stealth Rock
|
|upkeep
|turn|6
|
|t:|1646688552
|switch|p1a: Rotom|Rotom-Heat|100/100
|move|p2a: funion onion|Stealth Rock|p1a: Rotom
|-sidestart|p1: Corperate N|move: Stealth Rock
|
|upkeep
|turn|7
|
|t:|1646688563
|switch|p2a: hissy wissy|Scrafty, M|74/100
|-damage|p2a: hissy wissy|68/100|[from] Stealth Rock
|move|p1a: Rotom|Nasty Plot|p1a: Rotom
|-boost|p1a: Rotom|spa|2
|
|-heal|p2a: hissy wissy|74/100|[from] item: Leftovers
|upkeep
|turn|8
|
|t:|1646688580
|move|p1a: Rotom|Overheat|p2a: hissy wissy|[miss]
|-miss|p1a: Rotom|p2a: hissy wissy
|move|p2a: hissy wissy|Knock Off|p1a: Rotom
|-damage|p1a: Rotom|70/100
|-enditem|p1a: Rotom|Heavy-Duty Boots|[from] move: Knock Off|[of] p2a: hissy wissy
|
|-heal|p2a: hissy wissy|80/100|[from] item: Leftovers
|upkeep
|turn|9
|
|t:|1646688589
|move|p1a: Rotom|Discharge|p2a: hissy wissy
|-damage|p2a: hissy wissy|38/100
|move|p2a: hissy wissy|Drain Punch|p1a: Rotom
|-damage|p1a: Rotom|44/100
|-heal|p2a: hissy wissy|50/100|[from] drain|[of] p1a: Rotom
|
|-heal|p2a: hissy wissy|56/100|[from] item: Leftovers
|upkeep
|turn|10
|inactive|pif has 120 seconds left.
|inactive|pif has 90 seconds left.
|
|t:|1646688654
|switch|p2a: think PINK|Slowking, M|100/100
|-damage|p2a: think PINK|88/100|[from] Stealth Rock
|move|p1a: Rotom|Overheat|p2a: think PINK|[miss]
|-miss|p1a: Rotom|p2a: think PINK
|
|upkeep
|turn|11
|inactive|pif has 90 seconds left.
|
|t:|1646688668
|move|p1a: Rotom|Pain Split|p2a: think PINK
|-sethp|p2a: think PINK|61/100|[from] move: Pain Split|[silent]
|-sethp|p1a: Rotom|79/100|[from] move: Pain Split
|move|p2a: think PINK|Scald|p1a: Rotom
|-supereffective|p1a: Rotom
|-damage|p1a: Rotom|22/100
|
|upkeep
|turn|12
|
|t:|1646688678
|switch|p2a: Zygarde-10% off|Zygarde-10%|100/100
|-damage|p2a: Zygarde-10% off|94/100|[from] Stealth Rock
|-ability|p2a: Zygarde-10% off|Aura Break
|move|p1a: Rotom|Overheat|p2a: Zygarde-10% off
|-resisted|p2a: Zygarde-10% off
|-damage|p2a: Zygarde-10% off|21/100
|-unboost|p1a: Rotom|spa|2
|
|upkeep
|turn|13
|
|t:|1646688690
|switch|p1a: Amoonguss|Amoonguss, F|100/100
|-damage|p1a: Amoonguss|88/100|[from] Stealth Rock
|move|p2a: Zygarde-10% off|Thousand Arrows|p1a: Amoonguss
|-damage|p1a: Amoonguss|46/100
|
|upkeep
|turn|14
|
|t:|1646688698
|switch|p2a: hissy wissy|Scrafty, M|56/100
|-damage|p2a: hissy wissy|50/100|[from] Stealth Rock
|move|p1a: Amoonguss|Foul Play|p2a: hissy wissy
|-resisted|p2a: hissy wissy
|-damage|p2a: hissy wissy|45/100
|
|-heal|p2a: hissy wissy|51/100|[from] item: Leftovers
|upkeep
|turn|15
|
|t:|1646688706
|switch|p1a: Skarmory|Skarmory, F|74/100
|-damage|p1a: Skarmory|61/100|[from] Stealth Rock
|move|p2a: hissy wissy|Knock Off|p1a: Skarmory
|-damage|p1a: Skarmory|49/100
|
|-heal|p2a: hissy wissy|57/100|[from] item: Leftovers
|upkeep
|turn|16
|
|t:|1646688710
|switch|p2a: moltres leche|Moltres|100/100
|move|p1a: Skarmory|Roost|p1a: Skarmory
|-heal|p1a: Skarmory|99/100
|-singleturn|p1a: Skarmory|move: Roost
|
|upkeep
|turn|17
|
|t:|1646688715
|switch|p2a: hissy wissy|Scrafty, M|57/100
|-damage|p2a: hissy wissy|51/100|[from] Stealth Rock
|switch|p1a: Chansey|Chansey, F|100/100
|-damage|p1a: Chansey|88/100|[from] Stealth Rock
|
|-heal|p2a: hissy wissy|57/100|[from] item: Leftovers
|upkeep
|turn|18
|
|t:|1646688726
|move|p2a: hissy wissy|Drain Punch|p1a: Chansey
|-supereffective|p1a: Chansey
|-crit|p1a: Chansey
|-damage|p1a: Chansey|45/100
|-heal|p2a: hissy wissy|100/100|[from] drain|[of] p1a: Chansey
|move|p1a: Chansey|Seismic Toss|p2a: hissy wissy
|-damage|p2a: hissy wissy|71/100
|
|-heal|p2a: hissy wissy|77/100|[from] item: Leftovers
|upkeep
|turn|19
|
|t:|1646688730
|move|p2a: hissy wissy|Knock Off|p1a: Chansey
|-damage|p1a: Chansey|24/100
|-enditem|p1a: Chansey|Eviolite|[from] move: Knock Off|[of] p2a: hissy wissy
|move|p1a: Chansey|Soft-Boiled|p1a: Chansey
|-heal|p1a: Chansey|74/100
|
|-heal|p2a: hissy wissy|83/100|[from] item: Leftovers
|upkeep
|turn|20
|
|t:|1646688735
|switch|p1a: Amoonguss|Amoonguss, F|79/100
|-damage|p1a: Amoonguss|67/100|[from] Stealth Rock
|move|p2a: hissy wissy|Bulk Up|p2a: hissy wissy
|-boost|p2a: hissy wissy|atk|1
|-boost|p2a: hissy wissy|def|1
|
|-heal|p2a: hissy wissy|89/100|[from] item: Leftovers
|upkeep
|turn|21
|
|t:|1646688738
|move|p2a: hissy wissy|Bulk Up|p2a: hissy wissy
|-boost|p2a: hissy wissy|atk|1
|-boost|p2a: hissy wissy|def|1
|move|p1a: Amoonguss|Spore|p2a: hissy wissy
|-status|p2a: hissy wissy|slp|[from] move: Spore
|
|-activate|p2a: hissy wissy|ability: Shed Skin
|-curestatus|p2a: hissy wissy|slp|[msg]
|-heal|p2a: hissy wissy|95/100|[from] item: Leftovers
|upkeep
|turn|22
|
|t:|1646688741
|switch|p1a: Skarmory|Skarmory, F|99/100
|-damage|p1a: Skarmory|87/100|[from] Stealth Rock
|move|p2a: hissy wissy|Bulk Up|p2a: hissy wissy
|-boost|p2a: hissy wissy|atk|1
|-boost|p2a: hissy wissy|def|1
|
|-heal|p2a: hissy wissy|100/100|[from] item: Leftovers
|upkeep
|turn|23
|
|t:|1646688745
|move|p2a: hissy wissy|Drain Punch|p1a: Skarmory
|-damage|p1a: Skarmory|50/100
|move|p1a: Skarmory|Whirlwind|p2a: hissy wissy
|drag|p2a: stanky clanky|Registeel|100/100
|-damage|p2a: stanky clanky|94/100|[from] Stealth Rock
|
|upkeep
|turn|24
|
|t:|1646688752
|move|p1a: Skarmory|Roost|p1a: Skarmory
|-heal|p1a: Skarmory|99/100
|-singleturn|p1a: Skarmory|move: Roost
|move|p2a: stanky clanky|Iron Defense|p2a: stanky clanky
|-boost|p2a: stanky clanky|def|2
|
|upkeep
|turn|25
|
|t:|1646688753
|move|p2a: stanky clanky|Body Press|p1a: Skarmory
|-damage|p1a: Skarmory|56/100
|move|p1a: Skarmory|Whirlwind|p2a: stanky clanky
|drag|p2a: think PINK|Slowking, M|94/100
|-damage|p2a: think PINK|82/100|[from] Stealth Rock
|
|upkeep
|turn|26
|
|t:|1646688761
|switch|p1a: Amoonguss|Amoonguss, F|99/100
|-damage|p1a: Amoonguss|88/100|[from] Stealth Rock
|move|p2a: think PINK|Scald|p1a: Amoonguss
|-resisted|p1a: Amoonguss
|-damage|p1a: Amoonguss|75/100
|-status|p1a: Amoonguss|brn
|
|-damage|p1a: Amoonguss|69/100 brn|[from] brn
|upkeep
|turn|27
|
|t:|1646688767
|move|p1a: Amoonguss|Sludge Bomb|p2a: think PINK
|-damage|p2a: think PINK|62/100
|move|p2a: think PINK|Psychic|p1a: Amoonguss
|-supereffective|p1a: Amoonguss
|-damage|p1a: Amoonguss|12/100 brn
|
|-damage|p1a: Amoonguss|6/100 brn|[from] brn
|upkeep
|turn|28
|
|t:|1646688774
|move|p1a: Amoonguss|Synthesis|p1a: Amoonguss
|-heal|p1a: Amoonguss|56/100 brn
|move|p2a: think PINK|Teleport|p2a: think PINK
|
|t:|1646688783
|switch|p2a: funion onion|Celebi|100/100|[from]move: Teleport
|-damage|p2a: funion onion|88/100|[from] Stealth Rock
|
|-heal|p2a: funion onion|94/100|[from] item: Leftovers
|-damage|p1a: Amoonguss|50/100 brn|[from] brn
|upkeep
|turn|29
|
|t:|1646688791
|switch|p1a: Chansey|Chansey, F|74/100
|-damage|p1a: Chansey|62/100|[from] Stealth Rock
|move|p2a: funion onion|Leaf Storm|p1a: Chansey
|-damage|p1a: Chansey|31/100
|-unboost|p2a: funion onion|spa|2
|
|-heal|p2a: funion onion|100/100|[from] item: Leftovers
|upkeep
|turn|30
|
|t:|1646688797
|switch|p2a: hissy wissy|Scrafty, M|100/100
|-damage|p2a: hissy wissy|95/100|[from] Stealth Rock
|move|p1a: Chansey|Soft-Boiled|p1a: Chansey
|-heal|p1a: Chansey|81/100
|
|-heal|p2a: hissy wissy|100/100|[from] item: Leftovers
|upkeep
|turn|31
|
|t:|1646688801
|switch|p1a: Skarmory|Skarmory, F|56/100
|-damage|p1a: Skarmory|44/100|[from] Stealth Rock
|move|p2a: hissy wissy|Bulk Up|p2a: hissy wissy
|-boost|p2a: hissy wissy|atk|1
|-boost|p2a: hissy wissy|def|1
|
|upkeep
|turn|32
|
|t:|1646688804
|move|p1a: Skarmory|Roost|p1a: Skarmory
|-heal|p1a: Skarmory|94/100
|-singleturn|p1a: Skarmory|move: Roost
|move|p2a: hissy wissy|Drain Punch|p1a: Skarmory
|-supereffective|p1a: Skarmory
|-damage|p1a: Skarmory|49/100
|
|upkeep
|turn|33
|
|t:|1646688811
|move|p1a: Skarmory|Spikes|p2a: hissy wissy
|-sidestart|p2: pif|Spikes
|move|p2a: hissy wissy|Drain Punch|p1a: Skarmory
|-damage|p1a: Skarmory|27/100
|
|upkeep
|turn|34
|
|t:|1646688814
|move|p1a: Skarmory|Roost|p1a: Skarmory
|-heal|p1a: Skarmory|77/100
|-singleturn|p1a: Skarmory|move: Roost
|move|p2a: hissy wissy|Drain Punch|p1a: Skarmory
|-supereffective|p1a: Skarmory
|-damage|p1a: Skarmory|32/100
|
|upkeep
|turn|35
|
|t:|1646688817
|move|p1a: Skarmory|Roost|p1a: Skarmory
|-heal|p1a: Skarmory|82/100
|-singleturn|p1a: Skarmory|move: Roost
|move|p2a: hissy wissy|Drain Punch|p1a: Skarmory
|-supereffective|p1a: Skarmory
|-damage|p1a: Skarmory|40/100
|
|upkeep
|turn|36
|
|t:|1646688821
|move|p1a: Skarmory|Roost|p1a: Skarmory
|-heal|p1a: Skarmory|90/100
|-singleturn|p1a: Skarmory|move: Roost
|move|p2a: hissy wissy|Drain Punch|p1a: Skarmory
|-supereffective|p1a: Skarmory
|-damage|p1a: Skarmory|43/100
|
|upkeep
|turn|37
|
|t:|1646688824
|move|p1a: Skarmory|Roost|p1a: Skarmory
|-heal|p1a: Skarmory|93/100
|-singleturn|p1a: Skarmory|move: Roost
|move|p2a: hissy wissy|Bulk Up|p2a: hissy wissy
|-boost|p2a: hissy wissy|atk|1
|-boost|p2a: hissy wissy|def|1
|
|upkeep
|turn|38
|
|t:|1646688826
|move|p2a: hissy wissy|Drain Punch|p1a: Skarmory
|-damage|p1a: Skarmory|66/100
|move|p1a: Skarmory|Whirlwind|p2a: hissy wissy
|drag|p2a: stanky clanky|Registeel|94/100
|-damage|p2a: stanky clanky|88/100|[from] Stealth Rock
|-damage|p2a: stanky clanky|76/100|[from] Spikes
|
|upkeep
|turn|39
|
|t:|1646688831
|switch|p2a: moltres leche|Moltres|100/100
|move|p1a: Skarmory|Whirlwind|p2a: moltres leche
|drag|p2a: hissy wissy|Scrafty, M|100/100
|-damage|p2a: hissy wissy|95/100|[from] Stealth Rock
|-damage|p2a: hissy wissy|82/100|[from] Spikes
|
|-heal|p2a: hissy wissy|88/100|[from] item: Leftovers
|upkeep
|turn|40
|
|t:|1646688834
|switch|p2a: moltres leche|Moltres|100/100
|move|p1a: Skarmory|Whirlwind|p2a: moltres leche
|drag|p2a: think PINK|Slowking, M|95/100
|-damage|p2a: think PINK|82/100|[from] Spikes
|-damage|p2a: think PINK|70/100|[from] Stealth Rock
|
|upkeep
|turn|41
|
|t:|1646688838
|switch|p1a: Chansey|Chansey, F|81/100
|-damage|p1a: Chansey|69/100|[from] Stealth Rock
|move|p2a: think PINK|Scald|p1a: Chansey
|-damage|p1a: Chansey|56/100
|-status|p1a: Chansey|brn
|
|-damage|p1a: Chansey|50/100 brn|[from] brn
|upkeep
|turn|42
|
|t:|1646688843
|move|p1a: Chansey|Soft-Boiled|p1a: Chansey
|-heal|p1a: Chansey|99/100 brn
|move|p2a: think PINK|Teleport|p2a: think PINK
|
|t:|1646688850
|switch|p2a: moltres leche|Moltres|100/100|[from]move: Teleport
|
|-damage|p1a: Chansey|93/100 brn|[from] brn
|upkeep
|turn|43
|
|t:|1646688853
|move|p2a: moltres leche|Defog|p1a: Chansey
|-unboost|p1a: Chansey|evasion|1
|-sideend|p1: Corperate N|Stealth Rock|[from] move: Defog|[of] p2a: moltres leche
|-sideend|p2: pif|Spikes|[from] move: Defog|[of] p2a: moltres leche
|-sideend|p2: pif|Stealth Rock|[from] move: Defog|[of] p2a: moltres leche
|move|p1a: Chansey|Thunder Wave|p2a: moltres leche
|-status|p2a: moltres leche|par
|
|-damage|p1a: Chansey|87/100 brn|[from] brn
|upkeep
|turn|44
|
|t:|1646688856
|switch|p2a: funion onion|Celebi|100/100
|move|p1a: Chansey|Stealth Rock|p2a: funion onion
|-sidestart|p2: pif|move: Stealth Rock
|
|-damage|p1a: Chansey|81/100 brn|[from] brn
|upkeep
|turn|45
|
|t:|1646688866
|-curestatus|p1a: Chansey|brn|[from] ability: Natural Cure
|switch|p1a: Rotom|Rotom-Heat|22/100
|move|p2a: funion onion|Stealth Rock|p1a: Rotom
|-sidestart|p1: Corperate N|move: Stealth Rock
|
|upkeep
|turn|46
|
|t:|1646688873
|move|p2a: funion onion|Psychic|p1a: Rotom
|-damage|p1a: Rotom|0 fnt
|faint|p1a: Rotom
|
|upkeep
|
|t:|1646688876
|switch|p1a: Krookodile|Krookodile, F|100/100
|-damage|p1a: Krookodile|94/100|[from] Stealth Rock
|-ability|p1a: Krookodile|Intimidate|boost
|-unboost|p2a: funion onion|atk|1
|turn|47
|
|t:|1646688883
|switch|p2a: think PINK|Slowking, M|100/100
|-damage|p2a: think PINK|88/100|[from] Stealth Rock
|move|p1a: Krookodile|Knock Off|p2a: think PINK
|-supereffective|p2a: think PINK
|-enditem|p2a: think PINK|Colbur Berry|[eat]
|-enditem|p2a: think PINK|Colbur Berry|[weaken]
|-damage|p2a: think PINK|55/100
|
|upkeep
|turn|48
|
|t:|1646688891
|switch|p1a: Chansey|Chansey, F|81/100
|-damage|p1a: Chansey|68/100|[from] Stealth Rock
|move|p2a: think PINK|Slack Off|p2a: think PINK
|-heal|p2a: think PINK|100/100
|
|upkeep
|turn|49
|
|t:|1646688907
|switch|p2a: hissy wissy|Scrafty, M|88/100
|-damage|p2a: hissy wissy|82/100|[from] Stealth Rock
|move|p1a: Chansey|Thunder Wave|p2a: hissy wissy
|-status|p2a: hissy wissy|par
|
|-activate|p2a: hissy wissy|ability: Shed Skin
|-curestatus|p2a: hissy wissy|par|[msg]
|-heal|p2a: hissy wissy|88/100|[from] item: Leftovers
|upkeep
|turn|50
|
|t:|1646688913
|switch|p1a: Skarmory|Skarmory, F|66/100
|-damage|p1a: Skarmory|54/100|[from] Stealth Rock
|move|p2a: hissy wissy|Bulk Up|p2a: hissy wissy
|-boost|p2a: hissy wissy|atk|1
|-boost|p2a: hissy wissy|def|1
|
|-heal|p2a: hissy wissy|94/100|[from] item: Leftovers
|upkeep
|turn|51
|
|t:|1646688917
|move|p1a: Skarmory|Roost|p1a: Skarmory
|-heal|p1a: Skarmory|100/100
|-singleturn|p1a: Skarmory|move: Roost
|move|p2a: hissy wissy|Drain Punch|p1a: Skarmory
|-supereffective|p1a: Skarmory
|-damage|p1a: Skarmory|57/100
|-heal|p2a: hissy wissy|100/100|[from] drain|[of] p1a: Skarmory
|
|upkeep
|turn|52
|
|t:|1646688922
|move|p1a: Skarmory|Spikes|p2a: hissy wissy
|-sidestart|p2: pif|Spikes
|move|p2a: hissy wissy|Bulk Up|p2a: hissy wissy
|-boost|p2a: hissy wissy|atk|1
|-boost|p2a: hissy wissy|def|1
|
|upkeep
|turn|53
|
|t:|1646688925
|move|p2a: hissy wissy|Knock Off|p1a: Skarmory
|-damage|p1a: Skarmory|29/100
|move|p1a: Skarmory|Whirlwind|p2a: hissy wissy
|drag|p2a: Zygarde-10% off|Zygarde-10%|21/100
|-damage|p2a: Zygarde-10% off|8/100|[from] Spikes
|-damage|p2a: Zygarde-10% off|2/100|[from] Stealth Rock
|-ability|p2a: Zygarde-10% off|Aura Break
|
|upkeep
|turn|54
|
|t:|1646688938
|switch|p1a: Krookodile|Krookodile, F|94/100
|-damage|p1a: Krookodile|88/100|[from] Stealth Rock
|-ability|p1a: Krookodile|Intimidate|boost
|-unboost|p2a: Zygarde-10% off|atk|1
|move|p2a: Zygarde-10% off|Thousand Arrows|p1a: Krookodile
|-damage|p1a: Krookodile|40/100
|
|upkeep
|turn|55
|
|t:|1646688962
|switch|p2a: hissy wissy|Scrafty, M|100/100
|-damage|p2a: hissy wissy|95/100|[from] Stealth Rock
|-damage|p2a: hissy wissy|82/100|[from] Spikes
|move|p1a: Krookodile|Knock Off|p2a: hissy wissy
|-resisted|p2a: hissy wissy
|-damage|p2a: hissy wissy|71/100
|-enditem|p2a: hissy wissy|Leftovers|[from] move: Knock Off|[of] p1a: Krookodile
|
|upkeep
|turn|56
|
|t:|1646688969
|switch|p1a: Keldeo|Keldeo-Resolute|100/100
|-damage|p1a: Keldeo|94/100|[from] Stealth Rock
|move|p2a: hissy wissy|Bulk Up|p2a: hissy wissy
|-boost|p2a: hissy wissy|atk|1
|-boost|p2a: hissy wissy|def|1
|
|-heal|p1a: Keldeo|100/100|[from] item: Leftovers
|upkeep
|turn|57
|
|t:|1646688977
|move|p1a: Keldeo|Scald|p2a: hissy wissy
|-damage|p2a: hissy wissy|42/100
|-status|p2a: hissy wissy|brn
|move|p2a: hissy wissy|Drain Punch|p1a: Keldeo
|-damage|p1a: Keldeo|80/100
|-heal|p2a: hissy wissy|52/100 brn|[from] drain|[of] p1a: Keldeo
|
|-heal|p1a: Keldeo|86/100|[from] item: Leftovers
|-damage|p2a: hissy wissy|46/100 brn|[from] brn
|upkeep
|turn|58
|
|t:|1646688988
|switch|p1a: Krookodile|Krookodile, F|40/100
|-damage|p1a: Krookodile|34/100|[from] Stealth Rock
|-ability|p1a: Krookodile|Intimidate|boost
|-unboost|p2a: hissy wissy|atk|1
|move|p2a: hissy wissy|Rest|p2a: hissy wissy
|-status|p2a: hissy wissy|slp|[from] move: Rest
|-heal|p2a: hissy wissy|100/100 slp|[silent]
|
|upkeep
|turn|59
|
|t:|1646688991
|switch|p1a: Keldeo|Keldeo-Resolute|86/100
|-damage|p1a: Keldeo|80/100|[from] Stealth Rock
|cant|p2a: hissy wissy|slp
|
|-heal|p1a: Keldeo|86/100|[from] item: Leftovers
|upkeep
|turn|60
|
|t:|1646688998
|switch|p2a: think PINK|Slowking, M|100/100
|-damage|p2a: think PINK|88/100|[from] Stealth Rock
|-damage|p2a: think PINK|76/100|[from] Spikes
|move|p1a: Keldeo|Calm Mind|p1a: Keldeo
|-boost|p1a: Keldeo|spa|1
|-boost|p1a: Keldeo|spd|1
|
|-heal|p1a: Keldeo|92/100|[from] item: Leftovers
|upkeep
|turn|61
|
|t:|1646689002
|move|p1a: Keldeo|Calm Mind|p1a: Keldeo
|-boost|p1a: Keldeo|spa|1
|-boost|p1a: Keldeo|spd|1
|move|p2a: think PINK|Psychic|p1a: Keldeo
|-supereffective|p1a: Keldeo
|-damage|p1a: Keldeo|55/100
|
|-heal|p1a: Keldeo|61/100|[from] item: Leftovers
|upkeep
|turn|62
|
|t:|1646689008
|switch|p1a: Chansey|Chansey, F|68/100
|-damage|p1a: Chansey|56/100|[from] Stealth Rock
|move|p2a: think PINK|Psychic|p1a: Chansey
|-damage|p1a: Chansey|41/100
|
|upkeep
|turn|63
|
|t:|1646689013
|switch|p2a: hissy wissy|Scrafty, M|100/100 slp
|-damage|p2a: hissy wissy|88/100 slp|[from] Spikes
|-damage|p2a: hissy wissy|82/100 slp|[from] Stealth Rock
|move|p1a: Chansey|Soft-Boiled|p1a: Chansey
|-heal|p1a: Chansey|91/100
|
|-activate|p2a: hissy wissy|ability: Shed Skin
|-curestatus|p2a: hissy wissy|slp|[msg]
|upkeep
|turn|64
|
|t:|1646689018
|switch|p1a: Amoonguss|Amoonguss, F|83/100 brn
|-damage|p1a: Amoonguss|70/100 brn|[from] Stealth Rock
|move|p2a: hissy wissy|Bulk Up|p2a: hissy wissy
|-boost|p2a: hissy wissy|atk|1
|-boost|p2a: hissy wissy|def|1
|
|-damage|p1a: Amoonguss|64/100 brn|[from] brn
|upkeep
|turn|65
|
|t:|1646689027
|move|p2a: hissy wissy|Bulk Up|p2a: hissy wissy
|-boost|p2a: hissy wissy|atk|1
|-boost|p2a: hissy wissy|def|1
|move|p1a: Amoonguss|Spore|p2a: hissy wissy
|-status|p2a: hissy wissy|slp|[from] move: Spore
|
|-activate|p2a: hissy wissy|ability: Shed Skin
|-curestatus|p2a: hissy wissy|slp|[msg]
|-damage|p1a: Amoonguss|58/100 brn|[from] brn
|upkeep
|turn|66
|
|t:|1646689032
|move|p2a: hissy wissy|Knock Off|p1a: Amoonguss
|-damage|p1a: Amoonguss|13/100 brn
|-damage|p2a: hissy wissy|66/100|[from] item: Rocky Helmet|[of] p1a: Amoonguss
|-enditem|p1a: Amoonguss|Rocky Helmet|[from] move: Knock Off|[of] p2a: hissy wissy
|move|p1a: Amoonguss|Synthesis|p1a: Amoonguss
|-heal|p1a: Amoonguss|63/100 brn
|
|-damage|p1a: Amoonguss|57/100 brn|[from] brn
|upkeep
|turn|67
|
|t:|1646689040
|move|p2a: hissy wissy|Bulk Up|p2a: hissy wissy
|-boost|p2a: hissy wissy|atk|1
|-boost|p2a: hissy wissy|def|1
|move|p1a: Amoonguss|Spore|p2a: hissy wissy
|-status|p2a: hissy wissy|slp|[from] move: Spore
|
|-damage|p1a: Amoonguss|50/100 brn|[from] brn
|upkeep
|turn|68
|
|t:|1646689044
|switch|p1a: Keldeo|Keldeo-Resolute|61/100
|-damage|p1a: Keldeo|55/100|[from] Stealth Rock
|cant|p2a: hissy wissy|slp
|
|-heal|p1a: Keldeo|61/100|[from] item: Leftovers
|upkeep
|turn|69
|
|t:|1646689048
|move|p1a: Keldeo|Scald|p2a: hissy wissy
|-damage|p2a: hissy wissy|39/100 slp
|-curestatus|p2a: hissy wissy|slp|[msg]
|move|p2a: hissy wissy|Drain Punch|p1a: Keldeo
|-damage|p1a: Keldeo|0 fnt
|-heal|p2a: hissy wissy|68/100|[from] drain|[of] p1a: Keldeo
|faint|p1a: Keldeo
|
|upkeep
|
|t:|1646689056
|switch|p1a: Krookodile|Krookodile, F|34/100
|-damage|p1a: Krookodile|28/100|[from] Stealth Rock
|-ability|p1a: Krookodile|Intimidate|boost
|-unboost|p2a: hissy wissy|atk|1
|turn|70
|
|t:|1646689060
|move|p1a: Krookodile|Close Combat|p2a: hissy wissy
|-supereffective|p2a: hissy wissy
|-damage|p2a: hissy wissy|39/100
|-unboost|p1a: Krookodile|def|1
|-unboost|p1a: Krookodile|spd|1
|move|p2a: hissy wissy|Drain Punch|p1a: Krookodile
|-supereffective|p1a: Krookodile
|-damage|p1a: Krookodile|0 fnt
|-heal|p2a: hissy wissy|53/100|[from] drain|[of] p1a: Krookodile
|faint|p1a: Krookodile
|
|upkeep
|c|☆Corperate N|gg
|c|☆pif|gg
|-message|Corperate N forfeited.
|
|win|pif
|raw|Corperate N's rating: 1488 &rarr; <strong>1481</strong><br />(-7 for losing)
|raw|pif's rating: 1761 &rarr; <strong>1768</strong><br />(+7 for winning)
