|j|☆Moutemoute
|j|☆EeveetoTheN00b
|t:|1616436241
|player|p1|Moutemoute|#moutemoute|
|player|p2|EeveetoTheN00b|acetrainersnow|
|teamsize|p1|6
|teamsize|p2|6
|gametype|singles
|gen|8
|tier|[Gen 8] UU
|clearpoke
|poke|p1|Shuckle, M|
|poke|p1|Bisharp, F|
|poke|p1|Thundurus-Therian, M|
|poke|p1|Kommo-o, M|
|poke|p1|Lycanroc-Dusk, F|
|poke|p1|Diggersby, F|
|poke|p2|Ninetales-Alola, F|
|poke|p2|Arctozolt|
|poke|p2|Arctovish|
|poke|p2|Sandslash-Alola, M|
|poke|p2|Amoonguss, M|
|poke|p2|Rotom-Heat|
|rule|Sleep Clause Mod: Limit one foe put to sleep
|rule|Species Clause: Limit one of each Pokémon
|rule|OHKO Clause: OHKO moves are banned
|rule|Evasion Moves Clause: Evasion moves are banned
|rule|Endless Battle Clause: Forcing endless battles is banned
|rule|HP Percentage Mod: HP is shown in percentages
|rule|Dynamax Clause: You cannot dynamax
|teampreview
|
|t:|1616436251
|start
|switch|p1a: Shuckle|Shuckle, M|100/100
|switch|p2a: Zorra Blanca|Ninetales-Alola, F|100/100
|-weather|Hail|[from] ability: Snow Warning|[of] p2a: Zorra Blanca
|turn|1
|
|t:|1616436254
|switch|p2a: Aberración|Arctovish|100/100
|move|p1a: Shuckle|Stealth Rock|p2a: Aberración
|-sidestart|p2: EeveetoTheN00b|move: Stealth Rock
|
|-weather|Hail|[upkeep]
|-damage|p1a: Shuckle|94/100|[from] Hail
|upkeep
|turn|2
|
|t:|1616436270
|switch|p1a: Thundurus|Thundurus-Therian, M|100/100
|move|p2a: Aberración|Fishious Rend|p1a: Thundurus
|-damage|p1a: Thundurus|0 fnt
|faint|p1a: Thundurus
|
|-weather|Hail|[upkeep]
|upkeep
|
|t:|1616436271
|switch|p1a: Kommo-o|Kommo-o, M|100/100
|turn|3
|
|t:|1616436312
|move|p2a: Aberración|Fishious Rend|p1a: Kommo-o
|-resisted|p1a: Kommo-o
|-damage|p1a: Kommo-o|50/100
|move|p1a: Kommo-o|Clangorous Soul|p1a: Kommo-o
|-boost|p1a: Kommo-o|atk|1
|-boost|p1a: Kommo-o|def|1
|-boost|p1a: Kommo-o|spa|1
|-boost|p1a: Kommo-o|spd|1
|-boost|p1a: Kommo-o|spe|1
|-damage|p1a: Kommo-o|17/100
|-enditem|p1a: Kommo-o|Throat Spray
|-boost|p1a: Kommo-o|spa|1|[from] item: Throat Spray
|
|-weather|Hail|[upkeep]
|-damage|p1a: Kommo-o|11/100|[from] Hail
|upkeep
|turn|4
|
|t:|1616436323
|move|p2a: Aberración|Fishious Rend|p1a: Kommo-o
|-resisted|p1a: Kommo-o
|-damage|p1a: Kommo-o|0 fnt
|faint|p1a: Kommo-o
|
|-weather|Hail|[upkeep]
|upkeep
|
|t:|1616436328
|switch|p1a: Bisharp|Bisharp, F|100/100
|turn|5
|
|t:|1616436331
|move|p1a: Bisharp|Sucker Punch|p2a: Aberración
|-damage|p2a: Aberración|53/100
|move|p2a: Aberración|Fishious Rend|p1a: Bisharp
|-damage|p1a: Bisharp|41/100
|
|-weather|Hail|[upkeep]
|-damage|p1a: Bisharp|35/100|[from] Hail
|upkeep
|turn|6
|
|t:|1616436337
|move|p1a: Bisharp|Sucker Punch|p2a: Aberración
|-damage|p2a: Aberración|5/100
|move|p2a: Aberración|Fishious Rend|p1a: Bisharp
|-damage|p1a: Bisharp|0 fnt
|faint|p1a: Bisharp
|
|-weather|Hail|[upkeep]
|upkeep
|
|t:|1616436341
|switch|p1a: Diggersby|Diggersby, F|100/100
|turn|7
|
|t:|1616436343
|move|p1a: Diggersby|Quick Attack|p2a: Aberración
|-damage|p2a: Aberración|0 fnt
|-damage|p1a: Diggersby|91/100|[from] item: Life Orb
|faint|p2a: Aberración
|
|-weather|Hail|[upkeep]
|-damage|p1a: Diggersby|84/100|[from] Hail
|upkeep
|
|t:|1616436350
|switch|p2a: Quimera|Arctozolt|100/100
|turn|8
|
|t:|1616436361
|switch|p1a: Shuckle|Shuckle, M|94/100
|move|p2a: Quimera|Icicle Crash|p1a: Shuckle|[miss]
|-miss|p2a: Quimera|p1a: Shuckle
|
|-weather|none
|upkeep
|turn|9
|
|t:|1616436367
|switch|p2a: Zorra Blanca|Ninetales-Alola, F|100/100
|-damage|p2a: Zorra Blanca|76/100|[from] Stealth Rock
|-weather|Hail|[from] ability: Snow Warning|[of] p2a: Zorra Blanca
|move|p1a: Shuckle|Sticky Web|p2a: Zorra Blanca
|-sidestart|p2: EeveetoTheN00b|move: Sticky Web
|
|-weather|Hail|[upkeep]
|-damage|p1a: Shuckle|88/100|[from] Hail
|upkeep
|turn|10
|
|t:|1616436371
|move|p2a: Zorra Blanca|Encore|p1a: Shuckle
|-start|p1a: Shuckle|Encore
|move|p1a: Shuckle|Sticky Web||[still]
|-fail|p1a: Shuckle
|
|-weather|Hail|[upkeep]
|-damage|p1a: Shuckle|82/100|[from] Hail
|upkeep
|turn|11
|
|t:|1616436376
|move|p2a: Zorra Blanca|Moonblast|p1a: Shuckle
|-damage|p1a: Shuckle|62/100
|-unboost|p1a: Shuckle|spa|1
|move|p1a: Shuckle|Sticky Web||[still]
|-fail|p1a: Shuckle
|
|-weather|Hail|[upkeep]
|-damage|p1a: Shuckle|56/100|[from] Hail
|upkeep
|turn|12
|
|t:|1616436385
|move|p2a: Zorra Blanca|Moonblast|p1a: Shuckle
|-damage|p1a: Shuckle|37/100
|-unboost|p1a: Shuckle|spa|1
|move|p1a: Shuckle|Sticky Web||[still]
|-fail|p1a: Shuckle
|
|-weather|Hail|[upkeep]
|-damage|p1a: Shuckle|31/100|[from] Hail
|-end|p1a: Shuckle|Encore
|upkeep
|turn|13
|
|t:|1616436389
|move|p2a: Zorra Blanca|Encore|p1a: Shuckle
|-start|p1a: Shuckle|Encore
|move|p1a: Shuckle|Sticky Web||[still]
|-fail|p1a: Shuckle
|
|-weather|Hail|[upkeep]
|-damage|p1a: Shuckle|25/100|[from] Hail
|upkeep
|turn|14
|-enditem|p1a: Shuckle|Custap Berry|[eat]
|-activate|p1a: Shuckle|item: Custap Berry|[consumed]
|
|t:|1616436393
|switch|p2a: Tostadora|Rotom-Heat|100/100
|move|p1a: Shuckle|Sticky Web||[still]
|-fail|p1a: Shuckle
|
|-weather|Hail|[upkeep]
|-damage|p2a: Tostadora|94/100|[from] Hail
|-damage|p1a: Shuckle|19/100|[from] Hail
|upkeep
|turn|15
|
|t:|1616436397
|switch|p1a: Diggersby|Diggersby, F|84/100
|move|p2a: Tostadora|Defog|p1a: Diggersby
|-unboost|p1a: Diggersby|evasion|1
|-sideend|p2: EeveetoTheN00b|Stealth Rock|[from] move: Defog|[of] p2a: Tostadora
|-sideend|p2: EeveetoTheN00b|Sticky Web|[from] move: Defog|[of] p2a: Tostadora
|
|-weather|Hail|[upkeep]
|-damage|p1a: Diggersby|78/100|[from] Hail
|-damage|p2a: Tostadora|88/100|[from] Hail
|upkeep
|turn|16
|
|t:|1616436401
|move|p1a: Diggersby|Swords Dance|p1a: Diggersby
|-boost|p1a: Diggersby|atk|2
|move|p2a: Tostadora|Overheat|p1a: Diggersby
|-damage|p1a: Diggersby|13/100
|-unboost|p2a: Tostadora|spa|2
|
|-weather|none
|upkeep
|turn|17
|
|t:|1616436406
|move|p1a: Diggersby|Quick Attack|p2a: Tostadora
|-crit|p2a: Tostadora
|-damage|p2a: Tostadora|0 fnt
|-damage|p1a: Diggersby|3/100|[from] item: Life Orb
|faint|p2a: Tostadora
|
|upkeep
|
|t:|1616436409
|switch|p2a: Zorra Blanca|Ninetales-Alola, F|76/100
|-weather|Hail|[from] ability: Snow Warning|[of] p2a: Zorra Blanca
|turn|18
|
|t:|1616436413
|switch|p2a: Mr. Setón|Amoonguss, M|100/100
|move|p1a: Diggersby|Quick Attack|p2a: Mr. Setón
|-damage|p2a: Mr. Setón|52/100
|-enditem|p2a: Mr. Setón|Eject Button
|-damage|p1a: Diggersby|0 fnt|[from] item: Life Orb
|faint|p1a: Diggersby
|
|t:|1616436420
|switch|p2a: Armadillo|Sandslash-Alola, M|100/100
|
|-weather|Hail|[upkeep]
|upkeep
|
|t:|1616436446
|switch|p1a: Lycanroc|Lycanroc-Dusk, F|100/100
|turn|19
|
|t:|1616436450
|move|p2a: Armadillo|Iron Head|p1a: Lycanroc
|-supereffective|p1a: Lycanroc
|-damage|p1a: Lycanroc|0 fnt
|faint|p1a: Lycanroc
|
|-weather|Hail|[upkeep]
|upkeep
|-message|Moutemoute forfeited.
|
|win|EeveetoTheN00b
|l|☆Moutemoute
