|inactive|Battle timer is ON: inactive players will automatically lose when time's up.
|j|☆Gibbyjrsonsr
|j|☆pokemonisfun
|t:|1665880418
|gametype|singles
|player|p1|Gibbyjrsonsr|clay|
|player|p2|pokemonisfun|#uutrio2ladder|
|teamsize|p1|6
|teamsize|p2|6
|gen|8
|tier|[Gen 8] UU
|rated|Tournament battle
|rule|Sleep Clause Mod: Limit one foe put to sleep
|rule|Species Clause: Limit one of each Pokémon
|rule|OHKO Clause: OHKO moves are banned
|rule|Evasion Items Clause: Evasion items are banned
|rule|Evasion Moves Clause: Evasion moves are banned
|rule|Endless Battle Clause: Forcing endless battles is banned
|rule|HP Percentage Mod: HP is shown in percentages
|rule|Dynamax Clause: You cannot dynamax
|rule|Blitz: Super-fast timer
|clearpoke
|poke|p1|Lycanroc-Dusk, M|
|poke|p1|Rotom-Heat|
|poke|p1|Celesteela|
|poke|p1|Nidoqueen, F|
|poke|p1|Snorlax, F|
|poke|p1|Zarude-Dada|
|poke|p2|Porygon-Z|
|poke|p2|Thundurus-Therian, M|
|poke|p2|Azelf|
|poke|p2|Hydreigon, M|
|poke|p2|Tangrowth, M|
|poke|p2|Cobalion|
|teampreview
|j| bsvhsvj
|inactive|pokemonisfun has 30 seconds left.
|
|t:|1665880429
|start
|switch|p1a: Zarude|Zarude-Dada|100/100
|switch|p2a: dicksy pixie|Azelf|100/100
|turn|1
|
|t:|1665880432
|switch|p2a: coba truthin|Cobalion|100/100
|move|p1a: Zarude|Darkest Lariat|p2a: coba truthin
|-resisted|p2a: coba truthin
|-damage|p2a: coba truthin|81/100
|-damage|p1a: Zarude|84/100|[from] item: Rocky Helmet|[of] p2a: coba truthin
|-ability|p2a: coba truthin|Justified|boost
|-boost|p2a: coba truthin|atk|1
|
|upkeep
|turn|2
|j| Swagmoar
|inactive|Gibbyjrsonsr has 10 seconds left.
|inactive|pokemonisfun has 10 seconds left.
|
|t:|1665880439
|move|p2a: coba truthin|Stealth Rock|p1a: Zarude
|-sidestart|p1: Gibbyjrsonsr|move: Stealth Rock
|move|p1a: Zarude|U-turn|p2a: coba truthin
|-resisted|p2a: coba truthin
|-damage|p2a: coba truthin|76/100
|-damage|p1a: Zarude|67/100|[from] item: Rocky Helmet|[of] p2a: coba truthin
|
|t:|1665880441
|switch|p1a: Rotom|Rotom-Heat|100/100|[from]move: U-turn
|
|upkeep
|turn|3
|inactive|Gibbyjrsonsr has 10 seconds left.
|inactive|pokemonisfun has 10 seconds left.
|
|t:|1665880449
|switch|p2a: howdy mr. cloudy|Thundurus-Therian, M|100/100
|move|p1a: Rotom|Toxic|p2a: howdy mr. cloudy
|-status|p2a: howdy mr. cloudy|tox
|
|-damage|p2a: howdy mr. cloudy|94/100 tox|[from] psn
|upkeep
|turn|4
|j|+Goro Yagami@!
|l|+Goro Yagami
|inactive|pokemonisfun has 10 seconds left.
|
|t:|1665880454
|move|p2a: howdy mr. cloudy|Knock Off|p1a: Rotom
|-damage|p1a: Rotom|74/100
|-enditem|p1a: Rotom|Heavy-Duty Boots|[from] move: Knock Off|[of] p2a: howdy mr. cloudy
|move|p1a: Rotom|Hex|p2a: howdy mr. cloudy
|-damage|p2a: howdy mr. cloudy|44/100 tox
|
|-damage|p2a: howdy mr. cloudy|32/100 tox|[from] psn
|upkeep
|turn|5
|c|☆pokemonisfun|nani
|inactive|pokemonisfun has 10 seconds left.
|
|t:|1665880459
|move|p2a: howdy mr. cloudy|Psychic|p1a: Rotom
|-damage|p1a: Rotom|30/100
|move|p1a: Rotom|Overheat|p2a: howdy mr. cloudy
|-damage|p2a: howdy mr. cloudy|0 fnt
|-unboost|p1a: Rotom|spa|2
|faint|p2a: howdy mr. cloudy
|
|upkeep
|
|t:|1665880464
|switch|p2a: coba truthin|Cobalion|76/100
|turn|6
|
|t:|1665880466
|move|p2a: coba truthin|Close Combat|p1a: Rotom
|-damage|p1a: Rotom|0 fnt
|-unboost|p2a: coba truthin|def|1
|-unboost|p2a: coba truthin|spd|1
|faint|p1a: Rotom
|
|upkeep
|inactive|Gibbyjrsonsr has 10 seconds left.
|
|t:|1665880472
|switch|p1a: Nidoqueen|Nidoqueen, F|100/100
|-damage|p1a: Nidoqueen|94/100|[from] Stealth Rock
|turn|7
|inactive|pokemonisfun has 10 seconds left.
|
|t:|1665880478
|switch|p2a: porygauna berry|Porygon-Z|100/100
|move|p1a: Nidoqueen|Flamethrower|p2a: porygauna berry
|-damage|p2a: porygauna berry|48/100
|
|upkeep
|turn|8
|
|t:|1665880482
|move|p2a: porygauna berry|Tri Attack|p1a: Nidoqueen
|-damage|p1a: Nidoqueen|0 fnt
|faint|p1a: Nidoqueen
|
|upkeep
|
|t:|1665880485
|switch|p1a: Lycanroc|Lycanroc-Dusk, M|100/100
|-damage|p1a: Lycanroc|88/100|[from] Stealth Rock
|turn|9
|
|t:|1665880488
|move|p1a: Lycanroc|Close Combat|p2a: porygauna berry
|-supereffective|p2a: porygauna berry
|-damage|p2a: porygauna berry|0 fnt
|-unboost|p1a: Lycanroc|def|1
|-unboost|p1a: Lycanroc|spd|1
|faint|p2a: porygauna berry
|
|upkeep
|
|t:|1665880492
|switch|p2a: dicksy pixie|Azelf|100/100
|turn|10
|
|t:|1665880496
|switch|p1a: Zarude|Zarude-Dada|67/100
|-damage|p1a: Zarude|55/100|[from] Stealth Rock
|move|p2a: dicksy pixie|U-turn|p1a: Zarude
|-supereffective|p1a: Zarude
|-damage|p1a: Zarude|0 fnt
|-damage|p2a: dicksy pixie|84/100|[from] item: Rocky Helmet|[of] p1a: Zarude
|faint|p1a: Zarude
|inactive|pokemonisfun has 10 seconds left.
|
|t:|1665880503
|switch|p2a: mr mittens|Hydreigon, M|100/100|[from]move: U-turn
|
|upkeep
|
|t:|1665880506
|switch|p1a: Lycanroc|Lycanroc-Dusk, M|88/100
|-damage|p1a: Lycanroc|76/100|[from] Stealth Rock
|turn|11
|
|t:|1665880509
|move|p2a: mr mittens|Draco Meteor|p1a: Lycanroc|[miss]
|-miss|p2a: mr mittens|p1a: Lycanroc
|move|p1a: Lycanroc|Close Combat|p2a: mr mittens
|-supereffective|p2a: mr mittens
|-damage|p2a: mr mittens|0 fnt
|-unboost|p1a: Lycanroc|def|1
|-unboost|p1a: Lycanroc|spd|1
|faint|p2a: mr mittens
|
|upkeep
|
|t:|1665880512
|switch|p2a: dicksy pixie|Azelf|84/100
|turn|12
|c|☆pokemonisfun|nani
|
|t:|1665880517
|move|p1a: Lycanroc|Sucker Punch|p2a: dicksy pixie
|-supereffective|p2a: dicksy pixie
|-damage|p2a: dicksy pixie|0 fnt
|faint|p2a: dicksy pixie
|
|upkeep
|c|☆pokemonisfun|NANI
|
|t:|1665880521
|switch|p2a: tang ur wang|Tangrowth, M|100/100
|turn|13
|
|t:|1665880526
|switch|p1a: Snorlax|Snorlax, F|100/100
|-damage|p1a: Snorlax|88/100|[from] Stealth Rock
|move|p2a: tang ur wang|Power Whip|p1a: Snorlax
|-damage|p1a: Snorlax|47/100
|-enditem|p1a: Snorlax|Mago Berry|[eat]
|-heal|p1a: Snorlax|81/100|[from] item: Mago Berry
|
|upkeep
|turn|14
|
|t:|1665880530
|switch|p2a: coba truthin|Cobalion|76/100
|move|p1a: Snorlax|Body Slam|p2a: coba truthin
|-resisted|p2a: coba truthin
|-damage|p2a: coba truthin|56/100
|-status|p2a: coba truthin|par
|-damage|p1a: Snorlax|64/100|[from] item: Rocky Helmet|[of] p2a: coba truthin
|
|upkeep
|turn|15
|
|t:|1665880534
|cant|p2a: coba truthin|par
|move|p1a: Snorlax|Recycle|p1a: Snorlax
|-item|p1a: Snorlax|Mago Berry|[from] move: Recycle
|
|upkeep
|turn|16
|
|t:|1665880535
|move|p2a: coba truthin|Close Combat|p1a: Snorlax
|-supereffective|p1a: Snorlax
|-damage|p1a: Snorlax|0 fnt
|-unboost|p2a: coba truthin|def|1
|-unboost|p2a: coba truthin|spd|1
|faint|p1a: Snorlax
|
|upkeep
|
|t:|1665880538
|switch|p1a: Celesteela|Celesteela|100/100
|-damage|p1a: Celesteela|88/100|[from] Stealth Rock
|turn|17
|
|t:|1665880540
|cant|p2a: coba truthin|par
|move|p1a: Celesteela|Meteor Beam||[still]
|-prepare|p1a: Celesteela|Meteor Beam
|-boost|p1a: Celesteela|spa|1
|-enditem|p1a: Celesteela|Power Herb
|-anim|p1a: Celesteela|Meteor Beam|p2a: coba truthin
|-resisted|p2a: coba truthin
|-damage|p2a: coba truthin|23/100 par
|
|upkeep
|turn|18
|c| bsvhsvj|wtf is a mago berryu
|
|t:|1665880543
|move|p2a: coba truthin|Close Combat|p1a: Celesteela
|-damage|p1a: Celesteela|46/100
|-unboost|p2a: coba truthin|def|1
|-unboost|p2a: coba truthin|spd|1
|move|p1a: Celesteela|Air Slash|p2a: coba truthin
|-damage|p2a: coba truthin|0 fnt
|faint|p2a: coba truthin
|-ability|p1a: Celesteela|Beast Boost|boost
|-boost|p1a: Celesteela|spa|1
|
|upkeep
|
|t:|1665880547
|switch|p2a: tang ur wang|Tangrowth, M|100/100
|turn|19
|
|t:|1665880549
|move|p1a: Celesteela|Air Slash|p2a: tang ur wang
|-supereffective|p2a: tang ur wang
|-damage|p2a: tang ur wang|0 fnt
|faint|p2a: tang ur wang
|
|win|Gibbyjrsonsr
|n|☆Gibbyjrsonsr|gibbyjrsonsr
|n|☆pokemonisfun|pokemonisfun
|n| bsvhsvj|bsvhsvj
|n| Swagmoar|swagmoar
