|j|☆woodey
|j|☆Mkg123
|t:|1664771656
|gametype|singles
|player|p1|woodey|giovanni|1510
|player|p2|Mkg123|266|1292
|teamsize|p1|6
|teamsize|p2|6
|gen|8
|tier|[Gen 8] UU
|rated|
|rule|Sleep Clause Mod: Limit one foe put to sleep
|rule|Species Clause: Limit one of each Pokémon
|rule|OHKO Clause: OHKO moves are banned
|rule|Evasion Items Clause: Evasion items are banned
|rule|Evasion Moves Clause: Evasion moves are banned
|rule|Endless Battle Clause: Forcing endless battles is banned
|rule|HP Percentage Mod: HP is shown in percentages
|rule|Dynamax Clause: You cannot dynamax
|clearpoke
|poke|p1|Porygon2|
|poke|p1|Slowking, F|
|poke|p1|Marowak-Alola, F|
|poke|p1|Conkeldurr, F|
|poke|p1|Drampa, F|
|poke|p1|Mesprit|
|poke|p2|Amoonguss, F|
|poke|p2|Cobalion|
|poke|p2|Primarina, M|
|poke|p2|Crobat, F|
|poke|p2|Salamence, F|
|poke|p2|Mamoswine, F|
|teampreview
|inactive|Battle timer is ON: inactive players will automatically lose when time's up. (requested by woodey)
|
|t:|1664771674
|start
|switch|p1a: Mesprit|Mesprit|100/100
|switch|p2a: Crobat|Crobat, F|100/100
|turn|1
|
|t:|1664771677
|move|p2a: Crobat|Taunt|p1a: Mesprit
|-start|p1a: Mesprit|move: Taunt
|move|p1a: Mesprit|Knock Off|p2a: Crobat
|-crit|p2a: Crobat
|-damage|p2a: Crobat|60/100
|-enditem|p2a: Crobat|Heavy-Duty Boots|[from] move: Knock Off|[of] p1a: Mesprit
|
|upkeep
|turn|2
|
|t:|1664771682
|switch|p1a: Drampa|Drampa, F|100/100
|move|p2a: Crobat|U-turn|p1a: Drampa
|-damage|p1a: Drampa|81/100
|
|t:|1664771692
|switch|p2a: Mamoswine|Mamoswine, F|100/100|[from]move: U-turn
|
|upkeep
|turn|3
|
|t:|1664771697
|switch|p1a: Porygon2|Porygon2|100/100
|-ability|p1a: Porygon2|Oblivious|[from] ability: Trace|[of] p2a: Mamoswine
|move|p2a: Mamoswine|Icicle Crash|p1a: Porygon2
|-damage|p1a: Porygon2|61/100
|-damage|p2a: Mamoswine|91/100|[from] item: Life Orb
|
|upkeep
|turn|4
|
|t:|1664771712
|move|p2a: Mamoswine|Earthquake|p1a: Porygon2
|-damage|p1a: Porygon2|11/100
|-damage|p2a: Mamoswine|81/100|[from] item: Life Orb
|move|p1a: Porygon2|Trick Room|p1a: Porygon2
|-fieldstart|move: Trick Room|[of] p1a: Porygon2
|
|upkeep
|turn|5
|
|t:|1664771716
|switch|p1a: Conkeldurr|Conkeldurr, F|100/100
|move|p2a: Mamoswine|Ice Shard|p1a: Conkeldurr
|-damage|p1a: Conkeldurr|75/100
|-damage|p2a: Mamoswine|71/100|[from] item: Life Orb
|
|-status|p1a: Conkeldurr|brn|[from] item: Flame Orb
|upkeep
|turn|6
|
|t:|1664771722
|switch|p2a: Amoonguss|Amoonguss, F|100/100
|move|p1a: Conkeldurr|Facade|p2a: Amoonguss
|-damage|p2a: Amoonguss|36/100
|-damage|p1a: Conkeldurr|58/100 brn|[from] item: Rocky Helmet|[of] p2a: Amoonguss
|
|-damage|p1a: Conkeldurr|52/100 brn|[from] brn
|upkeep
|turn|7
|
|t:|1664771730
|move|p1a: Conkeldurr|Facade|p2a: Amoonguss
|-damage|p2a: Amoonguss|0 fnt
|-damage|p1a: Conkeldurr|35/100 brn|[from] item: Rocky Helmet|[of] p2a: Amoonguss
|faint|p2a: Amoonguss
|
|-damage|p1a: Conkeldurr|29/100 brn|[from] brn
|upkeep
|
|t:|1664771738
|switch|p2a: Salamence|Salamence, F|100/100
|-ability|p2a: Salamence|Intimidate|boost
|-unboost|p1a: Conkeldurr|atk|1
|turn|8
|
|t:|1664771743
|switch|p1a: Porygon2|Porygon2|11/100
|-ability|p1a: Porygon2|Intimidate|[from] ability: Trace|[of] p2a: Salamence
|-ability|p1a: Porygon2|Intimidate|boost
|-unboost|p2a: Salamence|atk|1
|switch|p2a: Cobalion|Cobalion|100/100
|
|-fieldend|move: Trick Room
|upkeep
|turn|9
|
|t:|1664771749
|move|p2a: Cobalion|Volt Switch|p1a: Porygon2
|-damage|p1a: Porygon2|4/100
|
|t:|1664771759
|switch|p2a: Mamoswine|Mamoswine, F|71/100|[from]move: Volt Switch
|move|p1a: Porygon2|Trick Room|p1a: Porygon2
|-fieldstart|move: Trick Room|[of] p1a: Porygon2
|
|upkeep
|turn|10
|
|t:|1664771764
|move|p2a: Mamoswine|Ice Shard|p1a: Porygon2
|-damage|p1a: Porygon2|0 fnt
|faint|p1a: Porygon2
|-damage|p2a: Mamoswine|61/100|[from] item: Life Orb
|
|upkeep
|
|t:|1664771768
|switch|p1a: Conkeldurr|Conkeldurr, F|29/100 brn
|turn|11
|
|t:|1664771771
|switch|p2a: Salamence|Salamence, F|100/100
|-ability|p2a: Salamence|Intimidate|boost
|-unboost|p1a: Conkeldurr|atk|1
|move|p1a: Conkeldurr|Facade|p2a: Salamence
|-damage|p2a: Salamence|57/100
|
|-damage|p1a: Conkeldurr|23/100 brn|[from] brn
|upkeep
|turn|12
|
|t:|1664771775
|move|p1a: Conkeldurr|Knock Off|p2a: Salamence
|-damage|p2a: Salamence|27/100
|-enditem|p2a: Salamence|Heavy-Duty Boots|[from] move: Knock Off|[of] p1a: Conkeldurr
|move|p2a: Salamence|Roost|p2a: Salamence
|-heal|p2a: Salamence|77/100
|-singleturn|p2a: Salamence|move: Roost
|
|-damage|p1a: Conkeldurr|17/100 brn|[from] brn
|upkeep
|turn|13
|
|t:|1664771779
|switch|p1a: Mesprit|Mesprit|100/100
|move|p2a: Salamence|Roost|p2a: Salamence
|-heal|p2a: Salamence|100/100
|-singleturn|p2a: Salamence|move: Roost
|
|-fieldend|move: Trick Room
|upkeep
|turn|14
|
|t:|1664771781
|move|p2a: Salamence|Toxic|p1a: Mesprit
|-status|p1a: Mesprit|tox
|move|p1a: Mesprit|Stealth Rock|p2a: Salamence
|-sidestart|p2: Mkg123|move: Stealth Rock
|
|-damage|p1a: Mesprit|94/100 tox|[from] psn
|upkeep
|turn|15
|
|t:|1664771785
|move|p2a: Salamence|Dual Wingbeat|p1a: Mesprit
|-damage|p1a: Mesprit|80/100 tox
|-damage|p1a: Mesprit|62/100 tox
|-hitcount|p1a: Mesprit|2
|move|p1a: Mesprit|Trick Room|p1a: Mesprit
|-fieldstart|move: Trick Room|[of] p1a: Mesprit
|
|-damage|p1a: Mesprit|50/100 tox|[from] psn
|upkeep
|turn|16
|
|t:|1664771791
|move|p1a: Mesprit|Healing Wish|p1a: Mesprit
|faint|p1a: Mesprit
|move|p2a: Salamence|Roost||[still]
|-fail|p2a: Salamence|heal
|
|upkeep
|
|t:|1664771794
|switch|p1a: Conkeldurr|Conkeldurr, F|17/100 brn
|-heal|p1a: Conkeldurr|100/100|[from] move: Healing Wish
|turn|17
|
|t:|1664771800
|move|p1a: Conkeldurr|Facade|p2a: Salamence
|-damage|p2a: Salamence|80/100
|move|p2a: Salamence|Dual Wingbeat|p1a: Conkeldurr
|-supereffective|p1a: Conkeldurr
|-damage|p1a: Conkeldurr|71/100
|-supereffective|p1a: Conkeldurr
|-damage|p1a: Conkeldurr|39/100
|-hitcount|p1a: Conkeldurr|2
|
|-status|p1a: Conkeldurr|brn|[from] item: Flame Orb
|upkeep
|turn|18
|
|t:|1664771808
|switch|p2a: Cobalion|Cobalion|100/100
|-damage|p2a: Cobalion|97/100|[from] Stealth Rock
|move|p1a: Conkeldurr|Facade|p2a: Cobalion
|-resisted|p2a: Cobalion
|-damage|p2a: Cobalion|61/100
|-damage|p1a: Conkeldurr|22/100 brn|[from] item: Rocky Helmet|[of] p2a: Cobalion
|
|-damage|p1a: Conkeldurr|16/100 brn|[from] brn
|upkeep
|turn|19
|
|t:|1664771813
|switch|p2a: Salamence|Salamence, F|80/100
|-damage|p2a: Salamence|55/100|[from] Stealth Rock
|-ability|p2a: Salamence|Intimidate|boost
|-unboost|p1a: Conkeldurr|atk|1
|move|p1a: Conkeldurr|Close Combat|p2a: Salamence
|-resisted|p2a: Salamence
|-damage|p2a: Salamence|26/100
|-unboost|p1a: Conkeldurr|def|1
|-unboost|p1a: Conkeldurr|spd|1
|
|-damage|p1a: Conkeldurr|10/100 brn|[from] brn
|-fieldend|move: Trick Room
|upkeep
|turn|20
|
|t:|1664771817
|move|p2a: Salamence|Roost|p2a: Salamence
|-heal|p2a: Salamence|76/100
|-singleturn|p2a: Salamence|move: Roost
|move|p1a: Conkeldurr|Close Combat|p2a: Salamence
|-damage|p2a: Salamence|20/100
|-unboost|p1a: Conkeldurr|def|1
|-unboost|p1a: Conkeldurr|spd|1
|
|-damage|p1a: Conkeldurr|4/100 brn|[from] brn
|upkeep
|turn|21
|
|t:|1664771820
|move|p2a: Salamence|Roost|p2a: Salamence
|-heal|p2a: Salamence|70/100
|-singleturn|p2a: Salamence|move: Roost
|move|p1a: Conkeldurr|Close Combat|p2a: Salamence
|-crit|p2a: Salamence
|-damage|p2a: Salamence|0 fnt
|-unboost|p1a: Conkeldurr|def|1
|-unboost|p1a: Conkeldurr|spd|1
|faint|p2a: Salamence
|
|-damage|p1a: Conkeldurr|0 fnt|[from] brn
|faint|p1a: Conkeldurr
|upkeep
|
|t:|1664771825
|switch|p2a: Crobat|Crobat, F|60/100
|switch|p1a: Marowak|Marowak-Alola, F|100/100
|-damage|p2a: Crobat|35/100|[from] Stealth Rock
|turn|22
|
|t:|1664771833
|move|p2a: Crobat|U-turn|p1a: Marowak
|-resisted|p1a: Marowak
|-damage|p1a: Marowak|96/100
|
|t:|1664771842
|switch|p2a: Cobalion|Cobalion|61/100|[from]move: U-turn
|-damage|p2a: Cobalion|58/100|[from] Stealth Rock
|move|p1a: Marowak|Flare Blitz|p2a: Cobalion
|-supereffective|p2a: Cobalion
|-damage|p2a: Cobalion|0 fnt
|-damage|p1a: Marowak|80/100|[from] item: Rocky Helmet|[of] p2a: Cobalion
|faint|p2a: Cobalion
|
|upkeep
|
|t:|1664771844
|switch|p2a: Mamoswine|Mamoswine, F|61/100
|-damage|p2a: Mamoswine|48/100|[from] Stealth Rock
|turn|23
|
|t:|1664771848
|switch|p1a: Drampa|Drampa, F|81/100
|move|p2a: Mamoswine|Earthquake|p1a: Drampa
|-damage|p1a: Drampa|0 fnt
|faint|p1a: Drampa
|-damage|p2a: Mamoswine|38/100|[from] item: Life Orb
|
|upkeep
|
|t:|1664771849
|switch|p1a: Slowking|Slowking, F|100/100
|turn|24
|
|t:|1664771857
|move|p2a: Mamoswine|Earthquake|p1a: Slowking
|-damage|p1a: Slowking|22/100
|-damage|p2a: Mamoswine|28/100|[from] item: Life Orb
|move|p1a: Slowking|Trick Room|p1a: Slowking
|-fieldstart|move: Trick Room|[of] p1a: Slowking
|
|upkeep
|turn|25
|
|t:|1664771866
|switch|p2a: Primarina|Primarina, M|100/100
|-damage|p2a: Primarina|88/100|[from] Stealth Rock
|move|p1a: Slowking|Teleport|p1a: Slowking
|
|t:|1664771868
|switch|p1a: Marowak|Marowak-Alola, F|80/100|[from]move: Teleport
|
|upkeep
|turn|26
|
|t:|1664771879
|move|p1a: Marowak|Poltergeist|p2a: Primarina
|-activate|p2a: Primarina|move: Poltergeist|Choice Specs
|-damage|p2a: Primarina|0 fnt
|faint|p2a: Primarina
|
|upkeep
|
|t:|1664771883
|switch|p2a: Crobat|Crobat, F|35/100
|-damage|p2a: Crobat|10/100|[from] Stealth Rock
|turn|27
|
|t:|1664771886
|move|p1a: Marowak|Flare Blitz|p2a: Crobat
|-damage|p2a: Crobat|0 fnt
|faint|p2a: Crobat
|
|upkeep
|
|t:|1664771888
|switch|p2a: Mamoswine|Mamoswine, F|28/100
|-damage|p2a: Mamoswine|16/100|[from] Stealth Rock
|turn|28
|
|t:|1664771892
|move|p2a: Mamoswine|Ice Shard|p1a: Marowak
|-resisted|p1a: Marowak
|-damage|p1a: Marowak|65/100
|-damage|p2a: Mamoswine|6/100|[from] item: Life Orb
|move|p1a: Marowak|Low Kick|p2a: Mamoswine
|-supereffective|p2a: Mamoswine
|-damage|p2a: Mamoswine|0 fnt
|faint|p2a: Mamoswine
|
|win|woodey
|raw|woodey's rating: 1510 &rarr; <strong>1519</strong><br />(+9 for winning)
|raw|Mkg123's rating: 1292 &rarr; <strong>1281</strong><br />(-11 for losing)
|l|☆Mkg123
