|j|☆ottofan4269
|j|☆Rvp4president
|t:|1661177725
|gametype|singles
|player|p1|ottofan4269|liza|1208
|player|p2|Rvp4president|170|1383
|teamsize|p1|6
|teamsize|p2|6
|gen|8
|tier|[Gen 8] UU
|rated|
|rule|Sleep Clause Mod: Limit one foe put to sleep
|rule|Species Clause: Limit one of each Pokémon
|rule|OHKO Clause: OHKO moves are banned
|rule|Evasion Items Clause: Evasion items are banned
|rule|Evasion Moves Clause: Evasion moves are banned
|rule|Endless Battle Clause: Forcing endless battles is banned
|rule|HP Percentage Mod: HP is shown in percentages
|rule|Dynamax Clause: You cannot dynamax
|clearpoke
|poke|p1|Salamence, M|
|poke|p1|Celebi|
|poke|p1|Rotom-Wash|
|poke|p1|Primarina, M|
|poke|p1|Cobalion|
|poke|p1|Mamoswine, F|
|poke|p2|Politoed, M|
|poke|p2|Qwilfish, F|
|poke|p2|Ludicolo, F|
|poke|p2|Keldeo-Resolute|
|poke|p2|Skarmory, M|
|poke|p2|Zygarde-10%|
|teampreview
|inactive|Battle timer is ON: inactive players will automatically lose when time's up. (requested by Rvp4president)
|
|t:|1661177741
|start
|switch|p1a: still uu|Cobalion|100/100
|switch|p2a: Politoed|Politoed, M, shiny|100/100
|-weather|RainDance|[from] ability: Drizzle|[of] p2a: Politoed
|turn|1
|
|t:|1661177749
|move|p1a: still uu|Volt Switch|p2a: Politoed
|-supereffective|p2a: Politoed
|-damage|p2a: Politoed|84/100
|
|t:|1661177753
|switch|p1a: uu just now|Primarina, M|100/100|[from]move: Volt Switch
|move|p2a: Politoed|Scald|p1a: uu just now
|-resisted|p1a: uu just now
|-damage|p1a: uu just now|87/100
|
|-weather|RainDance|[upkeep]
|-heal|p1a: uu just now|93/100|[from] item: Leftovers
|upkeep
|turn|2
|
|t:|1661177768
|switch|p2a: Qwilfish|Qwilfish, F|100/100
|move|p1a: uu just now|Substitute|p1a: uu just now
|-start|p1a: uu just now|Substitute
|-damage|p1a: uu just now|68/100
|
|-weather|RainDance|[upkeep]
|-heal|p1a: uu just now|74/100|[from] item: Leftovers
|upkeep
|turn|3
|
|t:|1661177775
|move|p2a: Qwilfish|Poison Jab|p1a: uu just now
|-supereffective|p1a: uu just now
|-end|p1a: uu just now|Substitute
|-damage|p2a: Qwilfish|91/100|[from] item: Life Orb
|move|p1a: uu just now|Scald|p2a: Qwilfish
|-resisted|p2a: Qwilfish
|-damage|p2a: Qwilfish|44/100
|
|-weather|RainDance|[upkeep]
|-heal|p1a: uu just now|80/100|[from] item: Leftovers
|upkeep
|turn|4
|
|t:|1661177795
|switch|p1a: still uu|Cobalion|100/100
|move|p2a: Qwilfish|Swords Dance|p2a: Qwilfish
|-boost|p2a: Qwilfish|atk|2
|
|-weather|RainDance|[upkeep]
|upkeep
|turn|5
|
|t:|1661177804
|move|p2a: Qwilfish|Liquidation|p1a: still uu
|-damage|p1a: still uu|0 fnt
|-damage|p2a: Qwilfish|27/100|[from] item: Rocky Helmet|[of] p1a: still uu
|faint|p1a: still uu
|-damage|p2a: Qwilfish|17/100|[from] item: Life Orb
|
|-weather|RainDance|[upkeep]
|upkeep
|inactive|ottofan4269 has 120 seconds left.
|
|t:|1661177825
|switch|p1a: idk but still uu|Mamoswine, F|100/100
|turn|6
|
|t:|1661177832
|move|p2a: Qwilfish|Aqua Jet|p1a: idk but still uu
|-supereffective|p1a: idk but still uu
|-damage|p1a: idk but still uu|0 fnt
|faint|p1a: idk but still uu
|-damage|p2a: Qwilfish|8/100|[from] item: Life Orb
|
|-weather|RainDance|[upkeep]
|upkeep
|inactive|ottofan4269 has 120 seconds left.
|
|t:|1661177847
|switch|p1a: i was ou omg|Salamence, M|100/100
|-ability|p1a: i was ou omg|Intimidate|boost
|-unboost|p2a: Qwilfish|atk|1
|turn|7
|
|t:|1661177852
|move|p2a: Qwilfish|Poison Jab|p1a: i was ou omg
|-crit|p1a: i was ou omg
|-damage|p1a: i was ou omg|0 fnt
|faint|p1a: i was ou omg
|-damage|p2a: Qwilfish|0 fnt|[from] item: Life Orb
|faint|p2a: Qwilfish
|
|-weather|RainDance|[upkeep]
|upkeep
|
|t:|1661177867
|switch|p1a: i was ou 😮|Rotom-Wash|100/100
|switch|p2a: Ludicolo|Ludicolo, F, shiny|100/100
|turn|8
|
|t:|1661177875
|switch|p1a: i was ou?|Celebi|100/100
|move|p2a: Ludicolo|Giga Drain|p1a: i was ou?
|-resisted|p1a: i was ou?
|-damage|p1a: i was ou?|83/100
|
|-weather|none
|-heal|p1a: i was ou?|89/100|[from] item: Leftovers
|upkeep
|turn|9
|
|t:|1661177892
|switch|p2a: Politoed|Politoed, M, shiny|84/100
|-weather|RainDance|[from] ability: Drizzle|[of] p2a: Politoed
|move|p1a: i was ou?|U-turn|p2a: Politoed
|-damage|p2a: Politoed|69/100
|
|t:|1661177902
|switch|p1a: uu just now|Primarina, M|80/100|[from]move: U-turn
|
|-weather|RainDance|[upkeep]
|-heal|p1a: uu just now|86/100|[from] item: Leftovers
|upkeep
|turn|10
|
|t:|1661177914
|switch|p2a: Ludicolo|Ludicolo, F, shiny|100/100
|move|p1a: uu just now|Calm Mind|p1a: uu just now
|-boost|p1a: uu just now|spa|1
|-boost|p1a: uu just now|spd|1
|
|-weather|RainDance|[upkeep]
|-heal|p1a: uu just now|92/100|[from] item: Leftovers
|upkeep
|turn|11
|
|t:|1661177927
|move|p2a: Ludicolo|Giga Drain|p1a: uu just now
|-supereffective|p1a: uu just now
|-damage|p1a: uu just now|58/100
|move|p1a: uu just now|Draining Kiss|p2a: Ludicolo
|-damage|p2a: Ludicolo|66/100
|-heal|p1a: uu just now|80/100|[from] drain|[of] p2a: Ludicolo
|
|-weather|RainDance|[upkeep]
|-heal|p1a: uu just now|86/100|[from] item: Leftovers
|upkeep
|turn|12
|
|t:|1661177936
|switch|p2a: Skarmory|Skarmory, M|100/100
|move|p1a: uu just now|Calm Mind|p1a: uu just now
|-boost|p1a: uu just now|spa|1
|-boost|p1a: uu just now|spd|1
|
|-weather|RainDance|[upkeep]
|-heal|p1a: uu just now|92/100|[from] item: Leftovers
|upkeep
|turn|13
|
|t:|1661177943
|move|p1a: uu just now|Scald|p2a: Skarmory
|-ability|p2a: Skarmory|Sturdy
|-damage|p2a: Skarmory|1/100
|move|p2a: Skarmory|Whirlwind|p1a: uu just now
|drag|p1a: i was ou?|Celebi|89/100
|
|-weather|RainDance|[upkeep]
|-heal|p1a: i was ou?|96/100|[from] item: Leftovers
|upkeep
|turn|14
|
|t:|1661177961
|move|p1a: i was ou?|Psychic|p2a: Skarmory
|-resisted|p2a: Skarmory
|-damage|p2a: Skarmory|0 fnt
|faint|p2a: Skarmory
|
|-weather|RainDance|[upkeep]
|-heal|p1a: i was ou?|100/100|[from] item: Leftovers
|upkeep
|
|t:|1661177970
|switch|p2a: Zygarde|Zygarde-10%|100/100
|-ability|p2a: Zygarde|Aura Break
|turn|15
|
|t:|1661177981
|move|p2a: Zygarde|Thousand Arrows|p1a: i was ou?
|-resisted|p1a: i was ou?
|-damage|p1a: i was ou?|69/100
|move|p1a: i was ou?|Giga Drain|p2a: Zygarde
|-damage|p2a: Zygarde|45/100
|-heal|p1a: i was ou?|90/100|[from] drain|[of] p2a: Zygarde
|
|-weather|RainDance|[upkeep]
|-heal|p1a: i was ou?|96/100|[from] item: Leftovers
|upkeep
|turn|16
|
|t:|1661177991
|move|p2a: Zygarde|Thousand Arrows|p1a: i was ou?
|-resisted|p1a: i was ou?
|-damage|p1a: i was ou?|64/100
|move|p1a: i was ou?|Giga Drain|p2a: Zygarde
|-damage|p2a: Zygarde|0 fnt
|-heal|p1a: i was ou?|80/100|[from] drain|[of] p2a: Zygarde
|faint|p2a: Zygarde
|
|-weather|none
|-heal|p1a: i was ou?|86/100|[from] item: Leftovers
|upkeep
|
|t:|1661177995
|switch|p2a: Politoed|Politoed, M, shiny|69/100
|-weather|RainDance|[from] ability: Drizzle|[of] p2a: Politoed
|turn|17
|
|t:|1661178010
|move|p1a: i was ou?|Giga Drain|p2a: Politoed
|-supereffective|p2a: Politoed
|-damage|p2a: Politoed|25/100
|-heal|p1a: i was ou?|100/100|[from] drain|[of] p2a: Politoed
|move|p2a: Politoed|Ice Beam|p1a: i was ou?
|-supereffective|p1a: i was ou?
|-damage|p1a: i was ou?|60/100
|
|-weather|RainDance|[upkeep]
|-heal|p1a: i was ou?|66/100|[from] item: Leftovers
|upkeep
|turn|18
|
|t:|1661178019
|move|p1a: i was ou?|Giga Drain|p2a: Politoed
|-supereffective|p2a: Politoed
|-damage|p2a: Politoed|0 fnt
|-heal|p1a: i was ou?|80/100|[from] drain|[of] p2a: Politoed
|faint|p2a: Politoed
|
|-weather|RainDance|[upkeep]
|-heal|p1a: i was ou?|86/100|[from] item: Leftovers
|upkeep
|
|t:|1661178022
|switch|p2a: Ludicolo|Ludicolo, F, shiny|66/100
|turn|19
|
|t:|1661178038
|move|p2a: Ludicolo|Ice Beam|p1a: i was ou?
|-supereffective|p1a: i was ou?
|-damage|p1a: i was ou?|19/100
|move|p1a: i was ou?|Psychic|p2a: Ludicolo
|-crit|p2a: Ludicolo
|-damage|p2a: Ludicolo|0 fnt
|faint|p2a: Ludicolo
|
|-weather|RainDance|[upkeep]
|-heal|p1a: i was ou?|25/100|[from] item: Leftovers
|upkeep
|
|t:|1661178043
|switch|p2a: Keldeo|Keldeo-Resolute|100/100
|turn|20
|
|t:|1661178050
|move|p2a: Keldeo|Scald|p1a: i was ou?
|-resisted|p1a: i was ou?
|-damage|p1a: i was ou?|0 fnt
|faint|p1a: i was ou?
|
|-weather|RainDance|[upkeep]
|upkeep
|
|t:|1661178058
|switch|p1a: uu just now|Primarina, M|92/100
|turn|21
|
|t:|1661178063
|move|p2a: Keldeo|Scald|p1a: uu just now
|-resisted|p1a: uu just now
|-damage|p1a: uu just now|62/100
|move|p1a: uu just now|Draining Kiss|p2a: Keldeo
|-supereffective|p2a: Keldeo
|-damage|p2a: Keldeo|53/100
|-heal|p1a: uu just now|93/100|[from] drain|[of] p2a: Keldeo
|
|-weather|RainDance|[upkeep]
|-heal|p1a: uu just now|99/100|[from] item: Leftovers
|upkeep
|turn|22
|-message|Rvp4president forfeited.
|
|win|ottofan4269
|raw|ottofan4269's rating: 1208 &rarr; <strong>1245</strong><br />(+37 for winning)
|raw|Rvp4president's rating: 1383 &rarr; <strong>1354</strong><br />(-29 for losing)
|l|☆Rvp4president
