|j|☆huangxiaomj
|j|☆GreatSwitch!
|t:|1665300174
|gametype|singles
|player|p1|huangxiaomj|cheren-gen5bw2|1432
|player|p2|GreatSwitch!|170|1607
|teamsize|p1|6
|teamsize|p2|6
|gen|8
|tier|[Gen 8] UU
|rated|
|rule|Sleep Clause Mod: Limit one foe put to sleep
|rule|Species Clause: Limit one of each Pokémon
|rule|OHKO Clause: OHKO moves are banned
|rule|Evasion Items Clause: Evasion items are banned
|rule|Evasion Moves Clause: Evasion moves are banned
|rule|Endless Battle Clause: Forcing endless battles is banned
|rule|HP Percentage Mod: HP is shown in percentages
|rule|Dynamax Clause: You cannot dynamax
|clearpoke
|poke|p1|Excadrill, F|
|poke|p1|Keldeo-Resolute|
|poke|p1|Zarude-Dada|
|poke|p1|Azumarill, M|
|poke|p1|Chandelure, F|
|poke|p1|Celesteela|
|poke|p2|Reuniclus, F|
|poke|p2|Hydreigon, M|
|poke|p2|Chansey, F|
|poke|p2|Salamence, M|
|poke|p2|Cobalion|
|poke|p2|Hippowdon, F|
|teampreview
|inactive|Battle timer is ON: inactive players will automatically lose when time's up. (requested by huangxiaomj)
|
|t:|1665300230
|start
|switch|p1a: Chandelure|Chandelure, F|100/100
|switch|p2a: Hippowdon|Hippowdon, F|100/100
|-weather|Sandstorm|[from] ability: Sand Stream|[of] p2a: Hippowdon
|turn|1
|
|t:|1665300239
|switch|p2a: Hydreigon|Hydreigon, M|100/100
|move|p1a: Chandelure|Substitute|p1a: Chandelure
|-start|p1a: Chandelure|Substitute
|-damage|p1a: Chandelure|76/100
|
|-weather|Sandstorm|[upkeep]
|-damage|p2a: Hydreigon|94/100|[from] Sandstorm
|-damage|p1a: Chandelure|69/100|[from] Sandstorm
|-heal|p1a: Chandelure|76/100|[from] item: Leftovers
|upkeep
|turn|2
|
|t:|1665300250
|move|p2a: Hydreigon|Dark Pulse|p1a: Chandelure
|-supereffective|p1a: Chandelure
|-end|p1a: Chandelure|Substitute
|move|p1a: Chandelure|Flamethrower|p2a: Hydreigon
|-resisted|p2a: Hydreigon
|-damage|p2a: Hydreigon|64/100
|
|-weather|Sandstorm|[upkeep]
|-damage|p2a: Hydreigon|58/100|[from] Sandstorm
|-damage|p1a: Chandelure|69/100|[from] Sandstorm
|-heal|p1a: Chandelure|76/100|[from] item: Leftovers
|upkeep
|turn|3
|
|t:|1665300262
|switch|p1a: Keldeo|Keldeo-Resolute|100/100
|move|p2a: Hydreigon|Dark Pulse|p1a: Keldeo
|-resisted|p1a: Keldeo
|-damage|p1a: Keldeo|76/100
|-ability|p1a: Keldeo|Justified|boost
|-boost|p1a: Keldeo|atk|1
|
|-weather|Sandstorm|[upkeep]
|-damage|p2a: Hydreigon|52/100|[from] Sandstorm
|-damage|p1a: Keldeo|70/100|[from] Sandstorm
|upkeep
|turn|4
|
|t:|1665300274
|switch|p2a: Salamence|Salamence, M|100/100
|-ability|p2a: Salamence|Intimidate|boost
|-unboost|p1a: Keldeo|atk|1
|move|p1a: Keldeo|Flip Turn|p2a: Salamence
|-resisted|p2a: Salamence
|-damage|p2a: Salamence|94/100
|
|t:|1665300297
|switch|p1a: Azumarill|Azumarill, M|100/100|[from]move: Flip Turn
|
|-weather|Sandstorm|[upkeep]
|-damage|p2a: Salamence|88/100|[from] Sandstorm
|-damage|p1a: Azumarill|94/100|[from] Sandstorm
|upkeep
|turn|5
|
|t:|1665300306
|move|p2a: Salamence|Dual Wingbeat|p1a: Azumarill|[miss]
|-miss|p2a: Salamence|p1a: Azumarill
|move|p1a: Azumarill|Play Rough|p2a: Salamence
|-supereffective|p2a: Salamence
|-damage|p2a: Salamence|2/100
|
|-weather|none
|upkeep
|turn|6
|
|t:|1665300328
|move|p1a: Azumarill|Aqua Jet|p2a: Salamence
|-resisted|p2a: Salamence
|-damage|p2a: Salamence|0 fnt
|faint|p2a: Salamence
|
|upkeep
|
|t:|1665300338
|switch|p2a: Cobalion|Cobalion|100/100
|turn|7
|
|t:|1665300348
|switch|p1a: Keldeo|Keldeo-Resolute|70/100
|move|p2a: Cobalion|Iron Head|p1a: Keldeo
|-resisted|p1a: Keldeo
|-damage|p1a: Keldeo|50/100
|
|upkeep
|turn|8
|
|t:|1665300357
|switch|p2a: Reuniclus|Reuniclus, F, shiny|100/100
|move|p1a: Keldeo|Surf|p2a: Reuniclus
|-damage|p2a: Reuniclus|32/100
|
|upkeep
|turn|9
|
|t:|1665300367
|switch|p1a: Azumarill|Azumarill, M|94/100
|switch|p2a: Chansey|Chansey, F|100/100
|
|upkeep
|turn|10
|
|t:|1665300375
|move|p1a: Azumarill|Play Rough|p2a: Chansey
|-damage|p2a: Chansey|61/100
|move|p2a: Chansey|Seismic Toss|p1a: Azumarill
|-damage|p1a: Azumarill|69/100
|
|upkeep
|turn|11
|
|t:|1665300382
|switch|p2a: Cobalion|Cobalion|100/100
|move|p1a: Azumarill|Knock Off|p2a: Cobalion
|-resisted|p2a: Cobalion
|-damage|p2a: Cobalion|83/100
|-damage|p1a: Azumarill|53/100|[from] item: Rocky Helmet|[of] p2a: Cobalion
|-ability|p2a: Cobalion|Justified|boost
|-boost|p2a: Cobalion|atk|1
|-enditem|p2a: Cobalion|Rocky Helmet|[from] move: Knock Off|[of] p1a: Azumarill
|
|upkeep
|turn|12
|
|t:|1665300401
|switch|p1a: Celesteela|Celesteela|100/100
|move|p2a: Cobalion|Swords Dance|p2a: Cobalion
|-boost|p2a: Cobalion|atk|2
|
|upkeep
|turn|13
|
|t:|1665300409
|move|p2a: Cobalion|Close Combat|p1a: Celesteela
|-damage|p1a: Celesteela|0 fnt
|-unboost|p2a: Cobalion|def|1
|-unboost|p2a: Cobalion|spd|1
|faint|p1a: Celesteela
|
|upkeep
|
|t:|1665300431
|switch|p1a: Excadrill|Excadrill, F|100/100
|-ability|p1a: Excadrill|Mold Breaker
|turn|14
|
|t:|1665300436
|switch|p2a: Hippowdon|Hippowdon, F|100/100
|-weather|Sandstorm|[from] ability: Sand Stream|[of] p2a: Hippowdon
|move|p1a: Excadrill|Rapid Spin|p2a: Hippowdon
|-damage|p2a: Hippowdon|90/100
|-boost|p1a: Excadrill|spe|1
|
|-weather|Sandstorm|[upkeep]
|-heal|p2a: Hippowdon|96/100|[from] item: Leftovers
|upkeep
|turn|15
|
|t:|1665300447
|move|p1a: Excadrill|Stealth Rock|p2a: Hippowdon
|-sidestart|p2: GreatSwitch!|move: Stealth Rock
|move|p2a: Hippowdon|Stealth Rock|p1a: Excadrill
|-sidestart|p1: huangxiaomj|move: Stealth Rock
|
|-weather|Sandstorm|[upkeep]
|-heal|p2a: Hippowdon|100/100|[from] item: Leftovers
|upkeep
|turn|16
|
|t:|1665300455
|move|p1a: Excadrill|Rapid Spin|p2a: Hippowdon
|-damage|p2a: Hippowdon|91/100
|-boost|p1a: Excadrill|spe|1
|-sideend|p1: huangxiaomj|Stealth Rock|[from] move: Rapid Spin|[of] p1a: Excadrill
|move|p2a: Hippowdon|Earthquake|p1a: Excadrill
|-supereffective|p1a: Excadrill
|-enditem|p1a: Excadrill|Focus Sash
|-damage|p1a: Excadrill|1/100
|
|-weather|Sandstorm|[upkeep]
|-heal|p2a: Hippowdon|97/100|[from] item: Leftovers
|upkeep
|turn|17
|
|t:|1665300468
|move|p1a: Excadrill|Iron Head|p2a: Hippowdon
|-damage|p2a: Hippowdon|74/100
|move|p2a: Hippowdon|Stealth Rock|p1a: Excadrill
|-sidestart|p1: huangxiaomj|move: Stealth Rock
|
|-weather|Sandstorm|[upkeep]
|-heal|p2a: Hippowdon|80/100|[from] item: Leftovers
|upkeep
|turn|18
|
|t:|1665300477
|move|p1a: Excadrill|Rapid Spin|p2a: Hippowdon
|-damage|p2a: Hippowdon|69/100
|-boost|p1a: Excadrill|spe|1
|-sideend|p1: huangxiaomj|Stealth Rock|[from] move: Rapid Spin|[of] p1a: Excadrill
|move|p2a: Hippowdon|Earthquake|p1a: Excadrill
|-supereffective|p1a: Excadrill
|-damage|p1a: Excadrill|0 fnt
|faint|p1a: Excadrill
|
|-weather|none
|-heal|p2a: Hippowdon|75/100|[from] item: Leftovers
|upkeep
|
|t:|1665300489
|switch|p1a: Keldeo|Keldeo-Resolute|50/100
|turn|19
|
|t:|1665300494
|move|p1a: Keldeo|Surf|p2a: Hippowdon
|-supereffective|p2a: Hippowdon
|-damage|p2a: Hippowdon|0 fnt
|faint|p2a: Hippowdon
|
|upkeep
|
|t:|1665300498
|switch|p2a: Chansey|Chansey, F|61/100
|-damage|p2a: Chansey|49/100|[from] Stealth Rock
|turn|20
|
|t:|1665300508
|switch|p1a: Chandelure|Chandelure, F|76/100
|move|p2a: Chansey|Teleport|p2a: Chansey
|
|t:|1665300511
|switch|p2a: Cobalion|Cobalion|83/100|[from]move: Teleport
|-damage|p2a: Cobalion|80/100|[from] Stealth Rock
|
|-heal|p1a: Chandelure|82/100|[from] item: Leftovers
|upkeep
|turn|21
|
|t:|1665300524
|move|p2a: Cobalion|Stone Edge|p1a: Chandelure|[miss]
|-miss|p2a: Cobalion|p1a: Chandelure
|move|p1a: Chandelure|Substitute|p1a: Chandelure
|-start|p1a: Chandelure|Substitute
|-damage|p1a: Chandelure|57/100
|
|-heal|p1a: Chandelure|63/100|[from] item: Leftovers
|upkeep
|turn|22
|
|t:|1665300533
|switch|p2a: Hydreigon|Hydreigon, M|52/100
|-damage|p2a: Hydreigon|39/100|[from] Stealth Rock
|move|p1a: Chandelure|Flamethrower|p2a: Hydreigon
|-resisted|p2a: Hydreigon
|-damage|p2a: Hydreigon|7/100
|
|-heal|p1a: Chandelure|69/100|[from] item: Leftovers
|upkeep
|turn|23
|
|t:|1665300543
|move|p2a: Hydreigon|Dark Pulse|p1a: Chandelure
|-supereffective|p1a: Chandelure
|-crit|p1a: Chandelure
|-end|p1a: Chandelure|Substitute
|move|p1a: Chandelure|Flamethrower|p2a: Hydreigon
|-resisted|p2a: Hydreigon
|-damage|p2a: Hydreigon|0 fnt
|faint|p2a: Hydreigon
|
|-heal|p1a: Chandelure|75/100|[from] item: Leftovers
|upkeep
|
|t:|1665300548
|switch|p2a: Cobalion|Cobalion|80/100
|-damage|p2a: Cobalion|77/100|[from] Stealth Rock
|turn|24
|
|t:|1665300571
|switch|p1a: Azumarill|Azumarill, M|53/100
|move|p2a: Cobalion|Stone Edge|p1a: Azumarill|[miss]
|-miss|p2a: Cobalion|p1a: Azumarill
|
|upkeep
|turn|25
|
|t:|1665300580
|move|p2a: Cobalion|Iron Head|p1a: Azumarill
|-damage|p1a: Azumarill|19/100
|-enditem|p1a: Azumarill|Sitrus Berry|[eat]
|-heal|p1a: Azumarill|44/100|[from] item: Sitrus Berry
|cant|p1a: Azumarill|flinch
|
|upkeep
|turn|26
|
|t:|1665300588
|move|p2a: Cobalion|Iron Head|p1a: Azumarill
|-damage|p1a: Azumarill|13/100
|cant|p1a: Azumarill|flinch
|
|upkeep
|turn|27
|
|t:|1665300598
|move|p1a: Azumarill|Aqua Jet|p2a: Cobalion
|-crit|p2a: Cobalion
|-damage|p2a: Cobalion|47/100
|move|p2a: Cobalion|Swords Dance|p2a: Cobalion
|-boost|p2a: Cobalion|atk|2
|
|upkeep
|turn|28
|
|t:|1665300605
|move|p1a: Azumarill|Aqua Jet|p2a: Cobalion
|-damage|p2a: Cobalion|24/100
|move|p2a: Cobalion|Iron Head|p1a: Azumarill
|-damage|p1a: Azumarill|0 fnt
|faint|p1a: Azumarill
|
|upkeep
|
|t:|1665300621
|switch|p1a: Keldeo|Keldeo-Resolute|50/100
|turn|29
|
|t:|1665300626
|move|p2a: Cobalion|Close Combat|p1a: Keldeo
|-damage|p1a: Keldeo|0 fnt
|-unboost|p2a: Cobalion|def|1
|-unboost|p2a: Cobalion|spd|1
|faint|p1a: Keldeo
|
|upkeep
|
|t:|1665300633
|switch|p1a: Chandelure|Chandelure, F|75/100
|turn|30
|
|t:|1665300638
|move|p2a: Cobalion|Stone Edge|p1a: Chandelure
|-supereffective|p1a: Chandelure
|-damage|p1a: Chandelure|0 fnt
|faint|p1a: Chandelure
|
|upkeep
|
|t:|1665300643
|switch|p1a: Zarude|Zarude-Dada|100/100
|turn|31
|
|t:|1665300647
|move|p2a: Cobalion|Close Combat|p1a: Zarude
|-supereffective|p1a: Zarude
|-damage|p1a: Zarude|0 fnt
|-unboost|p2a: Cobalion|def|1
|-unboost|p2a: Cobalion|spd|1
|faint|p1a: Zarude
|
|win|GreatSwitch!
|raw|huangxiaomj's rating: 1432 &rarr; <strong>1421</strong><br />(-11 for losing)
|raw|GreatSwitch!'s rating: 1607 &rarr; <strong>1618</strong><br />(+11 for winning)
|l|☆huangxiaomj
