|j|☆amogusroxyrrrr
|j|☆stevstrums
|t:|1667047717
|gametype|singles
|player|p1|amogusroxyrrrr|cyclistf|1272
|player|p2|stevstrums|2|1372
|teamsize|p1|6
|teamsize|p2|6
|gen|8
|tier|[Gen 8] UU
|rated|
|rule|Sleep Clause Mod: Limit one foe put to sleep
|rule|Species Clause: Limit one of each Pokémon
|rule|OHKO Clause: OHKO moves are banned
|rule|Evasion Items Clause: Evasion items are banned
|rule|Evasion Moves Clause: Evasion moves are banned
|rule|Endless Battle Clause: Forcing endless battles is banned
|rule|HP Percentage Mod: HP is shown in percentages
|rule|Dynamax Clause: You cannot dynamax
|clearpoke
|poke|p1|Regice|
|poke|p1|Jirachi|
|poke|p1|Salamence, F|
|poke|p1|Hydreigon, M|
|poke|p1|Conkeldurr, M|
|poke|p1|Hippowdon, M|
|poke|p2|Porygon2|
|poke|p2|Cresselia, F|
|poke|p2|Hatterene, F|
|poke|p2|Marowak-Alola, F|
|poke|p2|Conkeldurr, F|
|poke|p2|Torkoal, F|
|teampreview
|inactive|Battle timer is ON: inactive players will automatically lose when time's up. (requested by stevstrums)
|
|t:|1667047727
|start
|switch|p1a: Jirachi|Jirachi|100/100
|switch|p2a: Conkeldurr|Conkeldurr, F, shiny|100/100
|turn|1
|
|t:|1667047734
|move|p1a: Jirachi|U-turn|p2a: Conkeldurr
|-resisted|p2a: Conkeldurr
|-damage|p2a: Conkeldurr|94/100
|
|t:|1667047737
|switch|p1a: Salamence|Salamence, F|100/100|[from]move: U-turn
|-ability|p1a: Salamence|Intimidate|boost
|-unboost|p2a: Conkeldurr|atk|1
|move|p2a: Conkeldurr|Close Combat|p1a: Salamence
|-resisted|p1a: Salamence
|-damage|p1a: Salamence|76/100
|-unboost|p2a: Conkeldurr|def|1
|-unboost|p2a: Conkeldurr|spd|1
|-damage|p2a: Conkeldurr|84/100|[from] item: Life Orb
|
|upkeep
|turn|2
|j| Jelly Cookie
|
|t:|1667047747
|switch|p1a: Jirachi|Jirachi|100/100
|switch|p2a: Hatterene|Hatterene, F, shiny|100/100
|
|upkeep
|turn|3
|l| Jelly Cookie
|
|t:|1667047758
|switch|p2a: Torkoal|Torkoal, F|100/100
|-weather|SunnyDay|[from] ability: Drought|[of] p2a: Torkoal
|move|p1a: Jirachi|Iron Head|p2a: Torkoal
|-resisted|p2a: Torkoal
|-damage|p2a: Torkoal|90/100
|
|-weather|SunnyDay|[upkeep]
|upkeep
|turn|4
|
|t:|1667047762
|move|p1a: Jirachi|U-turn|p2a: Torkoal
|-resisted|p2a: Torkoal
|-crit|p2a: Torkoal
|-damage|p2a: Torkoal|80/100
|
|t:|1667047765
|switch|p1a: Hippowdon|Hippowdon, M|100/100|[from]move: U-turn
|-weather|Sandstorm|[from] ability: Sand Stream|[of] p1a: Hippowdon
|move|p2a: Torkoal|Eruption|p1a: Hippowdon
|-damage|p1a: Hippowdon|42/100
|
|-weather|Sandstorm|[upkeep]
|-damage|p2a: Torkoal|74/100|[from] Sandstorm
|-heal|p1a: Hippowdon|48/100|[from] item: Leftovers
|upkeep
|turn|5
|
|t:|1667047775
|switch|p2a: Hatterene|Hatterene, F, shiny|100/100
|move|p1a: Hippowdon|Slack Off|p1a: Hippowdon
|-heal|p1a: Hippowdon|98/100
|
|-weather|Sandstorm|[upkeep]
|-damage|p2a: Hatterene|95/100|[from] Sandstorm
|-heal|p1a: Hippowdon|100/100|[from] item: Leftovers
|upkeep
|turn|6
|
|t:|1667047785
|move|p1a: Hippowdon|Earthquake|p2a: Hatterene
|-damage|p2a: Hatterene|62/100
|move|p2a: Hatterene|Trick Room|p2a: Hatterene
|-fieldstart|move: Trick Room|[of] p2a: Hatterene
|
|-weather|Sandstorm|[upkeep]
|-damage|p2a: Hatterene|56/100|[from] Sandstorm
|upkeep
|turn|7
|inactive|amogusroxyrrrr has 120 seconds left.
|
|t:|1667047837
|move|p2a: Hatterene|Healing Wish|p2a: Hatterene
|faint|p2a: Hatterene
|move|p1a: Hippowdon|Stealth Rock|p2: Hatterene
|-sidestart|p2: stevstrums|move: Stealth Rock
|
|-weather|Sandstorm|[upkeep]
|upkeep
|
|t:|1667047846
|switch|p2a: Torkoal|Torkoal, F|74/100
|-heal|p2a: Torkoal|100/100|[from] move: Healing Wish
|-damage|p2a: Torkoal|76/100|[from] Stealth Rock
|-weather|SunnyDay|[from] ability: Drought|[of] p2a: Torkoal
|turn|8
|
|t:|1667047851
|move|p2a: Torkoal|Eruption|p1a: Hippowdon
|-damage|p1a: Hippowdon|14/100
|move|p1a: Hippowdon|Earthquake|p2a: Torkoal
|-supereffective|p2a: Torkoal
|-damage|p2a: Torkoal|20/100
|
|-weather|SunnyDay|[upkeep]
|-heal|p1a: Hippowdon|20/100|[from] item: Leftovers
|upkeep
|turn|9
|
|t:|1667047863
|switch|p2a: Marowak|Marowak-Alola, F, shiny|100/100
|-damage|p2a: Marowak|76/100|[from] Stealth Rock
|switch|p1a: Salamence|Salamence, F|76/100
|-ability|p1a: Salamence|Intimidate|boost
|-unboost|p2a: Marowak|atk|1
|
|-weather|SunnyDay|[upkeep]
|upkeep
|turn|10
|
|t:|1667047870
|move|p2a: Marowak|Flare Blitz|p1a: Salamence
|-resisted|p1a: Salamence
|-damage|p1a: Salamence|38/100
|move|p1a: Salamence|Roost|p1a: Salamence
|-heal|p1a: Salamence|88/100
|-singleturn|p1a: Salamence|move: Roost
|
|-weather|SunnyDay|[upkeep]
|-fieldend|move: Trick Room
|upkeep
|turn|11
|inactive|amogusroxyrrrr has 120 seconds left.
|-message|stevstrums forfeited.
|
|win|amogusroxyrrrr
|raw|amogusroxyrrrr's rating: 1272 &rarr; <strong>1304</strong><br />(+32 for winning)
|raw|stevstrums's rating: 1372 &rarr; <strong>1346</strong><br />(-26 for losing)
|l|☆stevstrums
||Ladder isn't responding, score probably updated but might not have (Request timeout).
