|j|☆pokemns mastr
|j|☆Gyara2345
|player|p1|pokemns mastr|blue|1679
|player|p2|Gyara2345|red|1391
|teamsize|p1|6
|teamsize|p2|6
|gametype|singles
|gen|8
|tier|[Gen 8] UU
|rated|
|clearpoke
|poke|p1|Corsola-Galar, M|
|poke|p1|Reuniclus, M|
|poke|p1|Haxorus, F|
|poke|p1|Rotom-Mow|
|poke|p1|Primarina, F|
|poke|p1|Incineroar, M|
|poke|p2|Araquanid, F|
|poke|p2|Gyarados, M|
|poke|p2|Tsareena, F|
|poke|p2|Doublade, M|
|poke|p2|Incineroar, M|
|poke|p2|Mamoswine, F|
|rule|Sleep Clause Mod: Limit one foe put to sleep
|rule|Species Clause: Limit one of each Pokémon
|rule|OHKO Clause: OHKO moves are banned
|rule|Evasion Moves Clause: Evasion moves are banned
|rule|Endless Battle Clause: Forcing endless battles is banned
|rule|HP Percentage Mod: HP is shown in percentages
|rule|Dynamax Clause: You cannot dynamax
|teampreview
|
|start
|switch|p1a: Primarina|Primarina, F|100/100
|switch|p2a: Tsareena|Tsareena, F|100/100
|turn|1
|
|switch|p1a: Corsola|Corsola-Galar, M, shiny|100/100
|move|p2a: Tsareena|Knock Off|p1a: Corsola
|-supereffective|p1a: Corsola
|-damage|p1a: Corsola|66/100
|-start|p2a: Tsareena|Disable|Knock Off|[from] ability: Cursed Body|[of] p1a: Corsola
|-enditem|p1a: Corsola|Eviolite|[from] move: Knock Off|[of] p2a: Tsareena
|
|upkeep
|turn|2
|
|move|p2a: Tsareena|U-turn|p1a: Corsola
|-resisted|p1a: Corsola
|-damage|p1a: Corsola|56/100
|
|switch|p2a: Araquanid|Araquanid, F|100/100|[from]move: U-turn
|move|p1a: Corsola|Strength Sap|p2a: Araquanid
|-unboost|p2a: Araquanid|atk|1
|-heal|p1a: Corsola|100/100
|
|upkeep
|turn|3
|
|move|p2a: Araquanid|Toxic|p1a: Corsola
|-status|p1a: Corsola|tox
|move|p1a: Corsola|Stealth Rock|p2a: Araquanid
|-sidestart|p2: Gyara2345|move: Stealth Rock
|
|-damage|p1a: Corsola|94/100 tox|[from] psn
|upkeep
|turn|4
|
|switch|p1a: Primarina|Primarina, F|100/100
|move|p2a: Araquanid|Sticky Web|p1a: Primarina
|-sidestart|p1: pokemns mastr|move: Sticky Web
|
|upkeep
|turn|5
|
|switch|p2a: Tsareena|Tsareena, F|100/100
|move|p1a: Primarina|Moonblast|p2a: Tsareena
|-damage|p2a: Tsareena|10/100
|
|upkeep
|turn|6
|
|switch|p1a: Corsola|Corsola-Galar, M, shiny|94/100 tox
|-activate|p1a: Corsola|move: Sticky Web
|-unboost|p1a: Corsola|spe|1
|move|p2a: Tsareena|U-turn|p1a: Corsola
|-resisted|p1a: Corsola
|-damage|p1a: Corsola|84/100 tox
|-start|p2a: Tsareena|Disable|U-turn|[from] ability: Cursed Body|[of] p1a: Corsola
|
|switch|p2a: Incineroar|Incineroar, M|100/100|[from]move: U-turn
|-ability|p2a: Incineroar|Intimidate|boost
|-unboost|p1a: Corsola|atk|1
|
|-damage|p1a: Corsola|78/100 tox|[from] psn
|upkeep
|turn|7
|
|move|p2a: Incineroar|Swords Dance|p2a: Incineroar
|-boost|p2a: Incineroar|atk|2
|move|p1a: Corsola|Strength Sap|p2a: Incineroar
|-unboost|p2a: Incineroar|atk|1
|-heal|p1a: Corsola|100/100 tox
|
|-damage|p1a: Corsola|88/100 tox|[from] psn
|upkeep
|turn|8
|
|switch|p1a: Primarina|Primarina, F|100/100
|-activate|p1a: Primarina|move: Sticky Web
|-unboost|p1a: Primarina|spe|1
|move|p2a: Incineroar|Knock Off|p1a: Primarina
|-resisted|p1a: Primarina
|-damage|p1a: Primarina|61/100
|-enditem|p1a: Primarina|Choice Specs|[from] move: Knock Off|[of] p2a: Incineroar
|
|upkeep
|turn|9
|
|move|p2a: Incineroar|U-turn|p1a: Primarina
|-resisted|p1a: Primarina
|-damage|p1a: Primarina|44/100
|
|switch|p2a: Araquanid|Araquanid, F|100/100|[from]move: U-turn
|-damage|p2a: Araquanid|76/100|[from] Stealth Rock
|move|p1a: Primarina|Scald|p2a: Araquanid
|-resisted|p2a: Araquanid
|-crit|p2a: Araquanid
|-damage|p2a: Araquanid|43/100
|
|-heal|p2a: Araquanid|49/100|[from] item: Leftovers
|upkeep
|turn|10
|
|move|p2a: Araquanid|Liquidation|p1a: Primarina
|-resisted|p1a: Primarina
|-damage|p1a: Primarina|4/100
|-unboost|p1a: Primarina|def|1
|move|p1a: Primarina|Moonblast|p2a: Araquanid
|-damage|p2a: Araquanid|2/100
|
|-heal|p2a: Araquanid|8/100|[from] item: Leftovers
|upkeep
|turn|11
|
|move|p2a: Araquanid|Liquidation|p1a: Primarina
|-resisted|p1a: Primarina
|-damage|p1a: Primarina|0 fnt
|faint|p1a: Primarina
|
|-heal|p2a: Araquanid|14/100|[from] item: Leftovers
|upkeep
|
|switch|p1a: Incineroar|Incineroar, M|100/100
|-ability|p1a: Incineroar|Intimidate|boost
|-unboost|p2a: Araquanid|atk|1
|turn|12
|
|move|p2a: Araquanid|Liquidation|p1a: Incineroar
|-supereffective|p1a: Incineroar
|-damage|p1a: Incineroar|21/100
|move|p1a: Incineroar|Knock Off|p2a: Araquanid
|-damage|p2a: Araquanid|0 fnt
|-enditem|p2a: Araquanid|Leftovers|[from] move: Knock Off|[of] p1a: Incineroar
|faint|p2a: Araquanid
|
|upkeep
|
|switch|p2a: Gyarados|Gyarados, M, shiny|100/100
|-damage|p2a: Gyarados|76/100|[from] Stealth Rock
|turn|13
|
|move|p2a: Gyarados|Waterfall|p1a: Incineroar
|-supereffective|p1a: Incineroar
|-damage|p1a: Incineroar|0 fnt
|faint|p1a: Incineroar
|-ability|p2a: Gyarados|Moxie|boost
|-boost|p2a: Gyarados|atk|1
|
|upkeep
|
|switch|p1a: Rotom|Rotom-Mow|100/100
|turn|14
|
|switch|p2a: Incineroar|Incineroar, M|100/100
|-ability|p2a: Incineroar|Intimidate|boost
|-unboost|p1a: Rotom|atk|1
|move|p1a: Rotom|Volt Switch|p2a: Incineroar
|-damage|p2a: Incineroar|75/100
|
|switch|p1a: Haxorus|Haxorus, F|100/100|[from]move: Volt Switch
|-activate|p1a: Haxorus|move: Sticky Web
|-unboost|p1a: Haxorus|spe|1
|-ability|p1a: Haxorus|Mold Breaker
|
|upkeep
|turn|15
|
|move|p1a: Haxorus|Earthquake|p2a: Incineroar
|-supereffective|p2a: Incineroar
|-damage|p2a: Incineroar|0 fnt
|faint|p2a: Incineroar
|
|upkeep
|
|switch|p2a: Mamoswine|Mamoswine, F|100/100
|-damage|p2a: Mamoswine|88/100|[from] Stealth Rock
|turn|16
|
|switch|p1a: Corsola|Corsola-Galar, M, shiny|88/100 tox
|-activate|p1a: Corsola|move: Sticky Web
|-unboost|p1a: Corsola|spe|1
|move|p2a: Mamoswine|Stealth Rock|p1a: Corsola
|-sidestart|p1: pokemns mastr|move: Stealth Rock
|
|-damage|p1a: Corsola|82/100 tox|[from] psn
|upkeep
|turn|17
|
|switch|p2a: Tsareena|Tsareena, F|10/100
|move|p1a: Corsola|Strength Sap|p2a: Tsareena
|-unboost|p2a: Tsareena|atk|1
|-heal|p1a: Corsola|100/100 tox
|
|-damage|p1a: Corsola|88/100 tox|[from] psn
|upkeep
|turn|18
|
|move|p2a: Tsareena|Power Whip|p1a: Corsola
|-damage|p1a: Corsola|53/100 tox
|-start|p2a: Tsareena|Disable|Power Whip|[from] ability: Cursed Body|[of] p1a: Corsola
|move|p1a: Corsola|Will-O-Wisp|p2a: Tsareena|[miss]
|-miss|p1a: Corsola|p2a: Tsareena
|
|-damage|p1a: Corsola|34/100 tox|[from] psn
|upkeep
|turn|19
|
|move|p2a: Tsareena|U-turn|p1a: Corsola
|-resisted|p1a: Corsola
|-damage|p1a: Corsola|28/100 tox
|
|switch|p2a: Doublade|Doublade, M|100/100|[from]move: U-turn
|-damage|p2a: Doublade|94/100|[from] Stealth Rock
|move|p1a: Corsola|Strength Sap|p2a: Doublade
|-unboost|p2a: Doublade|atk|1
|-heal|p1a: Corsola|100/100 tox
|
|-damage|p1a: Corsola|76/100 tox|[from] psn
|upkeep
|turn|20
|
|move|p2a: Doublade|Swords Dance|p2a: Doublade
|-boost|p2a: Doublade|atk|2
|move|p1a: Corsola|Will-O-Wisp|p2a: Doublade
|-status|p2a: Doublade|brn
|
|-damage|p2a: Doublade|88/100 brn|[from] brn
|-damage|p1a: Corsola|45/100 tox|[from] psn
|upkeep
|turn|21
|
|move|p2a: Doublade|Iron Head|p1a: Corsola
|-damage|p1a: Corsola|21/100 tox
|-start|p2a: Doublade|Disable|Iron Head|[from] ability: Cursed Body|[of] p1a: Corsola
|cant|p1a: Corsola|flinch
|
|-damage|p2a: Doublade|82/100 brn|[from] brn
|-damage|p1a: Corsola|0 fnt|[from] psn
|faint|p1a: Corsola
|upkeep
|
|switch|p1a: Rotom|Rotom-Mow|100/100
|-damage|p1a: Rotom|88/100|[from] Stealth Rock
|turn|22
|
|move|p1a: Rotom|Thunderbolt|p2a: Doublade
|-damage|p2a: Doublade|33/100 brn
|move|p2a: Doublade|Close Combat|p1a: Rotom
|-damage|p1a: Rotom|50/100
|-unboost|p2a: Doublade|def|1
|-unboost|p2a: Doublade|spd|1
|
|-damage|p2a: Doublade|27/100 brn|[from] brn
|upkeep
|turn|23
|
|move|p2a: Doublade|Shadow Sneak|p1a: Rotom
|-damage|p1a: Rotom|32/100
|move|p1a: Rotom|Thunderbolt|p2a: Doublade
|-damage|p2a: Doublade|0 fnt
|faint|p2a: Doublade
|
|upkeep
|
|switch|p2a: Mamoswine|Mamoswine, F|88/100
|-damage|p2a: Mamoswine|76/100|[from] Stealth Rock
|turn|24
|
|move|p2a: Mamoswine|Ice Shard|p1a: Rotom
|-supereffective|p1a: Rotom
|-damage|p1a: Rotom|0 fnt
|faint|p1a: Rotom
|
|upkeep
|
|switch|p1a: Haxorus|Haxorus, F|100/100
|-activate|p1a: Haxorus|move: Sticky Web
|-unboost|p1a: Haxorus|spe|1
|-damage|p1a: Haxorus|88/100|[from] Stealth Rock
|-ability|p1a: Haxorus|Mold Breaker
|turn|25
|
|move|p1a: Haxorus|First Impression|p2a: Mamoswine
|-damage|p2a: Mamoswine|17/100
|move|p2a: Mamoswine|Ice Shard|p1a: Haxorus
|-supereffective|p1a: Haxorus
|-damage|p1a: Haxorus|38/100
|
|upkeep
|turn|26
|
|switch|p2a: Gyarados|Gyarados, M, shiny|76/100
|-damage|p2a: Gyarados|51/100|[from] Stealth Rock
|switch|p1a: Reuniclus|Reuniclus, M, shiny|100/100
|-activate|p1a: Reuniclus|move: Sticky Web
|-unboost|p1a: Reuniclus|spe|1
|
|upkeep
|turn|27
|
|move|p2a: Gyarados|Waterfall|p1a: Reuniclus
|-damage|p1a: Reuniclus|32/100
|cant|p1a: Reuniclus|flinch
|
|-heal|p1a: Reuniclus|38/100|[from] item: Leftovers
|upkeep
|turn|28
|
|move|p2a: Gyarados|Waterfall|p1a: Reuniclus
|-damage|p1a: Reuniclus|0 fnt
|faint|p1a: Reuniclus
|-ability|p2a: Gyarados|Moxie|boost
|-boost|p2a: Gyarados|atk|1
|
|upkeep
|-message|pokemns mastr forfeited.
|
|win|Gyara2345
|l|☆pokemns mastr
|raw|pokemns mastr's rating: 1680 &rarr; <strong>1646</strong><br />(-34 for losing)
|raw|Gyara2345's rating: 1391 &rarr; <strong>1425</strong><br />(+34 for winning)
