|j|☆Corazan
|j|☆Moutemoute
|t:|1648839830
|gametype|singles
|player|p1|Corazan|rosa|
|player|p2|Moutemoute|#moutemoute|
|teamsize|p1|6
|teamsize|p2|6
|gen|8
|tier|[Gen 8] UU
|rule|Sleep Clause Mod: Limit one foe put to sleep
|rule|Species Clause: Limit one of each Pokémon
|rule|OHKO Clause: OHKO moves are banned
|rule|Evasion Moves Clause: Evasion moves are banned
|rule|Endless Battle Clause: Forcing endless battles is banned
|rule|HP Percentage Mod: HP is shown in percentages
|rule|Dynamax Clause: You cannot dynamax
|clearpoke
|poke|p1|Celesteela|
|poke|p1|Nihilego|
|poke|p1|Cloyster, M|
|poke|p1|Moltres-Galar|
|poke|p1|Azelf|
|poke|p1|Metagross|
|poke|p2|Aegislash, M|
|poke|p2|Skarmory, M|
|poke|p2|Cobalion|
|poke|p2|Mamoswine, F|
|poke|p2|Moltres-Galar|
|poke|p2|Tentacruel, F|
|teampreview
|c|☆Moutemoute|oh le vilain
|c|☆Corazan|gl
|c|☆Moutemoute|gl
|c|☆Corazan|/log Corazan made this room public.
|c|☆Moutemoute|faut que tu ./publicroom
|c|☆Moutemoute|ah parfait
|j| AfoleYo
|j| Darky~Samaa'
|j| 113 dans l'urgence
|j| Dieu Amphibien
|raw|<div class="broadcast-red"><strong>Moderated chat was set to +!</strong><br />Only users of rank + and higher can talk.</div>
|j|+Tuthur
|
|t:|1648839939
|start
|switch|p1a: ferragamo|Metagross|100/100
|switch|p2a: Cobalion|Cobalion|100/100
|turn|1
|
|t:|1648839947
|move|p2a: Cobalion|Stealth Rock|p1a: ferragamo
|-sidestart|p1: Corazan|move: Stealth Rock
|move|p1a: ferragamo|Earthquake|p2a: Cobalion
|-supereffective|p2a: Cobalion
|-damage|p2a: Cobalion|39/100
|
|upkeep
|turn|2
|
|t:|1648839954
|move|p2a: Cobalion|Close Combat|p1a: ferragamo
|-damage|p1a: ferragamo|60/100
|-unboost|p2a: Cobalion|def|1
|-unboost|p2a: Cobalion|spd|1
|move|p1a: ferragamo|Stealth Rock|p2a: Cobalion
|-sidestart|p2: Moutemoute|move: Stealth Rock
|
|upkeep
|turn|3
|
|t:|1648839959
|move|p2a: Cobalion|Volt Switch|p1a: ferragamo
|-damage|p1a: ferragamo|46/100
|
|t:|1648839961
|switch|p2a: Skarmory|Skarmory, M|100/100|[from]move: Volt Switch
|-damage|p2a: Skarmory|88/100|[from] Stealth Rock
|move|p1a: ferragamo|Earthquake|p2a: Skarmory
|-immune|p2a: Skarmory
|
|upkeep
|turn|4
|
|t:|1648839967
|switch|p1a: Azelf|Azelf|100/100
|-damage|p1a: Azelf|88/100|[from] Stealth Rock
|move|p2a: Skarmory|Spikes|p1a: Azelf
|-sidestart|p1: Corazan|Spikes
|
|upkeep
|turn|5
|
|t:|1648839975
|move|p1a: Azelf|Nasty Plot|p1a: Azelf
|-boost|p1a: Azelf|spa|2
|move|p2a: Skarmory|Brave Bird|p1a: Azelf
|-damage|p1a: Azelf|38/100
|-damage|p2a: Skarmory|73/100|[from] Recoil
|
|upkeep
|turn|6
|
|t:|1648839983
|move|p1a: Azelf|Flamethrower|p2a: Skarmory
|-supereffective|p2a: Skarmory
|-damage|p2a: Skarmory|0 fnt
|faint|p2a: Skarmory
|-damage|p1a: Azelf|28/100|[from] item: Life Orb
|
|upkeep
|
|t:|1648839985
|switch|p2a: Mamoswine|Mamoswine, F|100/100
|-damage|p2a: Mamoswine|88/100|[from] Stealth Rock
|turn|7
|
|t:|1648839991
|switch|p1a: tamagotchi|Cloyster, M|100/100
|move|p2a: Mamoswine|Ice Shard|p1a: tamagotchi
|-resisted|p1a: tamagotchi
|-damage|p1a: tamagotchi|95/100
|
|upkeep
|turn|8
|
|t:|1648839999
|switch|p1a: Azelf|Azelf|28/100
|-damage|p1a: Azelf|16/100|[from] Stealth Rock
|switch|p2a: Aegislash|Aegislash, M|100/100
|-damage|p2a: Aegislash|94/100|[from] Stealth Rock
|
|-heal|p2a: Aegislash|100/100|[from] item: Leftovers
|upkeep
|turn|9
|
|t:|1648840005
|move|p1a: Azelf|Flamethrower|p2a: Aegislash
|-supereffective|p2a: Aegislash
|-damage|p2a: Aegislash|51/100
|-damage|p1a: Azelf|6/100|[from] item: Life Orb
|-formechange|p2a: Aegislash|Aegislash-Blade||[from] ability: Stance Change
|move|p2a: Aegislash|Shadow Ball|p1a: Azelf
|-supereffective|p1a: Azelf
|-damage|p1a: Azelf|0 fnt
|faint|p1a: Azelf
|
|-heal|p2a: Aegislash|58/100|[from] item: Leftovers
|upkeep
|
|t:|1648840065
|switch|p1a: immortel|Moltres-Galar|100/100
|-damage|p1a: immortel|76/100|[from] Stealth Rock
|turn|10
|
|t:|1648840074
|move|p1a: immortel|Fiery Wrath|p2a: Aegislash
|-supereffective|p2a: Aegislash
|-damage|p2a: Aegislash|0 fnt
|faint|p2a: Aegislash
|
|upkeep
|
|t:|1648840077
|switch|p2a: Cobalion|Cobalion|39/100
|-damage|p2a: Cobalion|36/100|[from] Stealth Rock
|turn|11
|
|t:|1648840083
|move|p2a: Cobalion|Close Combat|p1a: immortel
|-damage|p1a: immortel|29/100
|-unboost|p2a: Cobalion|def|1
|-unboost|p2a: Cobalion|spd|1
|-ability|p1a: immortel|Berserk|boost
|-boost|p1a: immortel|spa|1
|-enditem|p1a: immortel|Sitrus Berry|[eat]
|-heal|p1a: immortel|54/100|[from] item: Sitrus Berry
|move|p1a: immortel|Hurricane|p2a: Cobalion
|-damage|p2a: Cobalion|0 fnt
|faint|p2a: Cobalion
|
|upkeep
|
|t:|1648840087
|switch|p2a: Mamoswine|Mamoswine, F|88/100
|-damage|p2a: Mamoswine|76/100|[from] Stealth Rock
|turn|12
|
|t:|1648840091
|move|p2a: Mamoswine|Ice Shard|p1a: immortel
|-supereffective|p1a: immortel
|-damage|p1a: immortel|0 fnt
|faint|p1a: immortel
|
|upkeep
|c|☆Moutemoute|mhhhh
|c|☆Moutemoute|vraiment pas simple
|
|t:|1648840184
|switch|p1a: tamagotchi|Cloyster, M|95/100
|turn|13
|
|t:|1648840190
|switch|p2a: Tentacruel|Tentacruel, F|100/100
|-damage|p2a: Tentacruel|88/100|[from] Stealth Rock
|move|p1a: tamagotchi|Hydro Pump|p2a: Tentacruel
|-resisted|p2a: Tentacruel
|-damage|p2a: Tentacruel|74/100
|
|-heal|p2a: Tentacruel|80/100|[from] item: Black Sludge
|upkeep
|turn|14
|
|t:|1648840200
|move|p2a: Tentacruel|Rapid Spin|p1a: tamagotchi
|-damage|p1a: tamagotchi|87/100
|-boost|p2a: Tentacruel|spe|1
|-sideend|p2: Moutemoute|Stealth Rock|[from] move: Rapid Spin|[of] p2a: Tentacruel
|move|p1a: tamagotchi|Shell Smash|p1a: tamagotchi
|-unboost|p1a: tamagotchi|def|1
|-unboost|p1a: tamagotchi|spd|1
|-boost|p1a: tamagotchi|atk|2
|-boost|p1a: tamagotchi|spa|2
|-boost|p1a: tamagotchi|spe|2
|
|-heal|p2a: Tentacruel|86/100|[from] item: Black Sludge
|upkeep
|turn|15
|
|t:|1648840203
|move|p1a: tamagotchi|Icicle Spear|p2a: Tentacruel
|-resisted|p2a: Tentacruel
|-damage|p2a: Tentacruel|74/100
|-resisted|p2a: Tentacruel
|-damage|p2a: Tentacruel|63/100
|-resisted|p2a: Tentacruel
|-damage|p2a: Tentacruel|51/100
|-resisted|p2a: Tentacruel
|-damage|p2a: Tentacruel|39/100
|-resisted|p2a: Tentacruel
|-damage|p2a: Tentacruel|28/100
|-hitcount|p2a: Tentacruel|5
|move|p2a: Tentacruel|Sludge Bomb|p1a: tamagotchi
|-damage|p1a: tamagotchi|0 fnt
|faint|p1a: tamagotchi
|
|-heal|p2a: Tentacruel|34/100|[from] item: Black Sludge
|upkeep
|c|☆Moutemoute|test
|inactive|Battle timer is ON: inactive players will automatically lose when time's up. (requested by Moutemoute)
|c|☆Corazan|tu peux timer
|c|☆Corazan|ty
|inactive|Corazan has 270 seconds left.
|inactive|Corazan has 240 seconds left.
|c|☆Moutemoute|jsp à quoi tu penses :c t'as 2 meteor beam user y'a 0 resist :(
|inactive|Corazan has 210 seconds left.
|
|t:|1648840419
|switch|p1a: milano|Nihilego|100/100
|-damage|p1a: milano|88/100|[from] Spikes
|-damage|p1a: milano|76/100|[from] Stealth Rock
|turn|16
|
|t:|1648840429
|move|p2a: Tentacruel|Knock Off|p1a: milano
|-damage|p1a: milano|52/100
|-enditem|p1a: milano|Power Herb|[from] move: Knock Off|[of] p2a: Tentacruel
|move|p1a: milano|Thunderbolt|p2a: Tentacruel
|-supereffective|p2a: Tentacruel
|-damage|p2a: Tentacruel|0 fnt
|faint|p2a: Tentacruel
|-ability|p1a: milano|Beast Boost|boost
|-boost|p1a: milano|spe|1
|
|upkeep
|inactive|Moutemoute has 270 seconds left.
|
|t:|1648840476
|switch|p2a: Mamoswine|Mamoswine, F|76/100
|turn|17
|
|t:|1648840484
|move|p1a: milano|Grass Knot|p2a: Mamoswine
|-supereffective|p2a: Mamoswine
|-damage|p2a: Mamoswine|0 fnt
|faint|p2a: Mamoswine
|-ability|p1a: milano|Beast Boost|boost
|-boost|p1a: milano|spe|1
|
|upkeep
|c|☆Moutemoute|ah oéééé
|
|t:|1648840490
|switch|p2a: Moltres|Moltres-Galar|100/100
|turn|18
|inactive|Moutemoute has 240 seconds left.
|inactive|Moutemoute has 210 seconds left.
|c|☆Moutemoute|bon
|c|☆Moutemoute|ça par sur une tentative de roll
|
|t:|1648840569
|move|p1a: milano|Meteor Beam||[still]
|-prepare|p1a: milano|Meteor Beam
|-boost|p1a: milano|spa|1
|move|p2a: Moltres|Nasty Plot|p2a: Moltres
|-boost|p2a: Moltres|spa|2
|
|upkeep
|turn|19
|c|☆Moutemoute|176 SpA Nihilego Meteor Beam vs. 80 HP / 0 SpD Moltres-Galar: 302-356 (88.5 - 104.3%) -- 31.3% chance to OHKO
|c|☆Moutemoute|INSHALLAH
|
|t:|1648840588
|move|p1a: milano|Meteor Beam|p2a: Moltres|[from]lockedmove
|-supereffective|p2a: Moltres
|-damage|p2a: Moltres|0 fnt
|faint|p2a: Moltres
|
|win|Corazan
|c|☆Moutemoute|:(
|c|☆Corazan|gross secure derrière je pense
|c|☆Corazan|gg
|c|☆Moutemoute|non
|c|☆Moutemoute|j'avais rest ce tour
|c|☆Moutemoute|j'étais à 50%
|c|☆Moutemoute|après tbolt
|c|☆Moutemoute|et c'était win
|c|☆Corazan|nan
|c|☆Corazan|et vraiment si ça devient dire
|l|☆Moutemoute
|c|☆Corazan|j'ai custap explo
|c|☆Corazan|gg.
|l|+Tuthur
|l|☆Corazan
|j|☆Moutemoute
|player|p2|Moutemoute|#moutemoute
|j|☆Corazan
|player|p1|Corazan|rosa
