|j|☆MegaTotomon
|j|☆TEAM CHARM
|t:|1663116717
|gametype|singles
|player|p1|MegaTotomon|fantina|
|player|p2|TEAM CHARM|lucy|
|teamsize|p1|6
|teamsize|p2|6
|gen|8
|tier|[Gen 8] UU
|rule|Sleep Clause Mod: Limit one foe put to sleep
|rule|Species Clause: Limit one of each Pokémon
|rule|OHKO Clause: OHKO moves are banned
|rule|Evasion Items Clause: Evasion items are banned
|rule|Evasion Moves Clause: Evasion moves are banned
|rule|Endless Battle Clause: Forcing endless battles is banned
|rule|HP Percentage Mod: HP is shown in percentages
|rule|Dynamax Clause: You cannot dynamax
|clearpoke
|poke|p1|Nihilego|
|poke|p1|Skarmory, M|
|poke|p1|Primarina, M|
|poke|p1|Zarude|
|poke|p1|Zygarde-10%|
|poke|p1|Rotom-Heat|
|poke|p2|Keldeo-Resolute|
|poke|p2|Zarude|
|poke|p2|Mamoswine, M|
|poke|p2|Cofagrigus, F|
|poke|p2|Corphish, M|
|poke|p2|Azumarill, F|
|teampreview
|c|☆TEAM CHARM|hf
|c|☆MegaTotomon|u2
|
|t:|1663116736
|start
|switch|p1a: Zarude|Zarude|100/100
|switch|p2a: Mamoswine|Mamoswine, M|100/100
|turn|1
|
|t:|1663116755
|switch|p1a: Rotom|Rotom-Heat|100/100
|move|p2a: Mamoswine|Stealth Rock|p1a: Rotom
|-sidestart|p1: MegaTotomon|move: Stealth Rock
|
|upkeep
|turn|2
|
|t:|1663116770
|switch|p2a: Corphish|Corphish, M|100/100
|move|p1a: Rotom|Nasty Plot|p1a: Rotom
|-boost|p1a: Rotom|spa|2
|
|upkeep
|turn|3
|
|t:|1663116775
|move|p2a: Corphish|Aqua Jet|p1a: Rotom
|-supereffective|p1a: Rotom
|-damage|p1a: Rotom|31/100
|move|p1a: Rotom|Discharge|p2a: Corphish
|-supereffective|p2a: Corphish
|-damage|p2a: Corphish|0 fnt
|faint|p2a: Corphish
|
|upkeep
|
|t:|1663116788
|switch|p2a: Zarude|Zarude|100/100
|turn|4
|
|t:|1663116797
|switch|p1a: Primarina|Primarina, M|100/100
|-damage|p1a: Primarina|88/100|[from] Stealth Rock
|move|p2a: Zarude|Darkest Lariat|p1a: Primarina
|-resisted|p1a: Primarina
|-damage|p1a: Primarina|69/100
|
|-heal|p1a: Primarina|75/100|[from] item: Leftovers
|upkeep
|turn|5
|
|t:|1663116802
|switch|p1a: Skarmory|Skarmory, M|100/100
|-damage|p1a: Skarmory|88/100|[from] Stealth Rock
|move|p2a: Zarude|Bulk Up|p2a: Zarude
|-boost|p2a: Zarude|atk|1
|-boost|p2a: Zarude|def|1
|
|upkeep
|turn|6
|
|t:|1663116815
|move|p2a: Zarude|Bulk Up|p2a: Zarude
|-boost|p2a: Zarude|atk|1
|-boost|p2a: Zarude|def|1
|move|p1a: Skarmory|Iron Defense|p1a: Skarmory
|-boost|p1a: Skarmory|def|2
|
|upkeep
|turn|7
|
|t:|1663116820
|move|p2a: Zarude|Bulk Up|p2a: Zarude
|-boost|p2a: Zarude|atk|1
|-boost|p2a: Zarude|def|1
|move|p1a: Skarmory|Body Press|p2a: Zarude
|-supereffective|p2a: Zarude
|-damage|p2a: Zarude|55/100
|-enditem|p2a: Zarude|Weakness Policy
|-boost|p2a: Zarude|atk|2|[from] item: Weakness Policy
|-boost|p2a: Zarude|spa|2|[from] item: Weakness Policy
|
|upkeep
|turn|8
|
|t:|1663116827
|move|p2a: Zarude|Darkest Lariat|p1a: Skarmory
|-damage|p1a: Skarmory|0 fnt
|-damage|p2a: Zarude|38/100|[from] item: Rocky Helmet|[of] p1a: Skarmory
|faint|p1a: Skarmory
|
|upkeep
|
|t:|1663116834
|switch|p1a: Zarude|Zarude|100/100
|turn|9
|
|t:|1663116839
|move|p2a: Zarude|Jungle Healing|p2a: Zarude
|-heal|p2a: Zarude|63/100
|move|p1a: Zarude|U-turn|p2a: Zarude
|-supereffective|p2a: Zarude
|-damage|p2a: Zarude|30/100
|
|t:|1663116845
|switch|p1a: Zygarde|Zygarde-10%|100/100|[from]move: U-turn
|-damage|p1a: Zygarde|94/100|[from] Stealth Rock
|-ability|p1a: Zygarde|Aura Break
|
|upkeep
|turn|10
|
|t:|1663116849
|move|p1a: Zygarde|Outrage|p2a: Zarude
|-damage|p2a: Zarude|0 fnt
|faint|p2a: Zarude
|
|upkeep
|
|t:|1663116853
|switch|p2a: Azumarill|Azumarill, F|100/100
|turn|11
|
|t:|1663116854
|move|p1a: Zygarde|Outrage|p2a: Azumarill|[from]lockedmove
|-immune|p2a: Azumarill
|move|p2a: Azumarill|Belly Drum|p2a: Azumarill
|-damage|p2a: Azumarill|50/100
|-setboost|p2a: Azumarill|atk|6|[from] move: Belly Drum
|
|upkeep
|turn|12
|
|t:|1663116866
|switch|p1a: Rotom|Rotom-Heat|31/100
|move|p2a: Azumarill|Knock Off|p1a: Rotom
|-damage|p1a: Rotom|0 fnt
|-enditem|p1a: Rotom|Heavy-Duty Boots|[from] move: Knock Off|[of] p2a: Azumarill
|faint|p1a: Rotom
|
|upkeep
|
|t:|1663116874
|switch|p1a: Zarude|Zarude|100/100
|turn|13
|
|t:|1663116878
|move|p2a: Azumarill|Aqua Jet|p1a: Zarude
|-resisted|p1a: Zarude
|-damage|p1a: Zarude|77/100
|move|p1a: Zarude|Power Whip|p2a: Azumarill
|-supereffective|p2a: Azumarill
|-damage|p2a: Azumarill|0 fnt
|faint|p2a: Azumarill
|
|upkeep
|
|t:|1663116883
|switch|p2a: Keldeo|Keldeo-Resolute|100/100
|turn|14
|
|t:|1663116893
|switch|p1a: Nihilego|Nihilego|100/100
|-damage|p1a: Nihilego|88/100|[from] Stealth Rock
|move|p2a: Keldeo|Secret Sword|p1a: Nihilego
|-damage|p1a: Nihilego|15/100
|
|-heal|p1a: Nihilego|21/100|[from] item: Black Sludge
|upkeep
|turn|15
|
|t:|1663116897
|move|p2a: Keldeo|Secret Sword|p1a: Nihilego
|-damage|p1a: Nihilego|0 fnt
|faint|p1a: Nihilego
|
|upkeep
|
|t:|1663116899
|switch|p1a: Primarina|Primarina, M|75/100
|-damage|p1a: Primarina|63/100|[from] Stealth Rock
|turn|16
|
|t:|1663116904
|move|p2a: Keldeo|Calm Mind|p2a: Keldeo
|-boost|p2a: Keldeo|spa|1
|-boost|p2a: Keldeo|spd|1
|move|p1a: Primarina|Moonblast|p2a: Keldeo
|-supereffective|p2a: Keldeo
|-damage|p2a: Keldeo|43/100
|-enditem|p2a: Keldeo|Weakness Policy
|-boost|p2a: Keldeo|atk|2|[from] item: Weakness Policy
|-boost|p2a: Keldeo|spa|2|[from] item: Weakness Policy
|
|-heal|p1a: Primarina|69/100|[from] item: Leftovers
|upkeep
|turn|17
|
|t:|1663116910
|move|p2a: Keldeo|Air Slash|p1a: Primarina
|-damage|p1a: Primarina|17/100
|move|p1a: Primarina|Moonblast|p2a: Keldeo
|-supereffective|p2a: Keldeo
|-damage|p2a: Keldeo|0 fnt
|faint|p2a: Keldeo
|
|-heal|p1a: Primarina|23/100|[from] item: Leftovers
|upkeep
|
|t:|1663116914
|switch|p2a: Mamoswine|Mamoswine, M|100/100
|turn|18
|
|t:|1663116921
|move|p2a: Mamoswine|Earthquake|p1a: Primarina
|-damage|p1a: Primarina|0 fnt
|faint|p1a: Primarina
|
|upkeep
|
|t:|1663116930
|switch|p1a: Zygarde|Zygarde-10%|94/100
|-damage|p1a: Zygarde|88/100|[from] Stealth Rock
|-ability|p1a: Zygarde|Aura Break
|turn|19
|
|t:|1663116933
|move|p1a: Zygarde|Extreme Speed|p2a: Mamoswine
|-damage|p2a: Mamoswine|61/100
|move|p2a: Mamoswine|Ice Shard|p1a: Zygarde
|-supereffective|p1a: Zygarde
|-damage|p1a: Zygarde|0 fnt
|faint|p1a: Zygarde
|
|upkeep
|
|t:|1663116937
|switch|p1a: Zarude|Zarude|77/100
|turn|20
|
|t:|1663116940
|move|p2a: Mamoswine|Ice Shard|p1a: Zarude
|-supereffective|p1a: Zarude
|-damage|p1a: Zarude|39/100
|move|p1a: Zarude|Power Whip|p2a: Mamoswine
|-supereffective|p2a: Mamoswine
|-crit|p2a: Mamoswine
|-damage|p2a: Mamoswine|0 fnt
|faint|p2a: Mamoswine
|
|upkeep
|
|t:|1663116944
|switch|p2a: Cofagrigus|Cofagrigus, F|100/100
|turn|21
|
|t:|1663116949
|move|p1a: Zarude|Darkest Lariat|p2a: Cofagrigus
|-supereffective|p2a: Cofagrigus
|-damage|p2a: Cofagrigus|48/100
|-activate|p2a: Cofagrigus|ability: Mummy|Leaf Guard|[of] p1a: Zarude
|move|p2a: Cofagrigus|Body Press|p1a: Zarude
|-supereffective|p1a: Zarude
|-damage|p1a: Zarude|0 fnt
|faint|p1a: Zarude
|
|win|TEAM CHARM
|c|☆TEAM CHARM|gg
|c|☆MegaTotomon|gg
|l|☆MegaTotomon
