|j|☆Peej93
|j|☆joliemome
|t:|1641471153
|gametype|singles
|player|p1|Peej93|drayden|1217
|player|p2|joliemome|266|1378
|teamsize|p1|6
|teamsize|p2|6
|gen|8
|tier|[Gen 8] UU
|rated|
|rule|Sleep Clause Mod: Limit one foe put to sleep
|rule|Species Clause: Limit one of each Pokémon
|rule|OHKO Clause: OHKO moves are banned
|rule|Evasion Moves Clause: Evasion moves are banned
|rule|Endless Battle Clause: Forcing endless battles is banned
|rule|HP Percentage Mod: HP is shown in percentages
|rule|Dynamax Clause: You cannot dynamax
|clearpoke
|poke|p1|Diggersby, F|
|poke|p1|Amoonguss, M|
|poke|p1|Mandibuzz, F|
|poke|p1|Slowking, M|
|poke|p1|Salamence, M|
|poke|p1|Chandelure, M|
|poke|p2|Swampert, F|
|poke|p2|Nihilego|
|poke|p2|Darmanitan, F|
|poke|p2|Keldeo-Resolute|
|poke|p2|Tapu Bulu|
|poke|p2|Mandibuzz, F|
|teampreview
|inactive|Battle timer is ON: inactive players will automatically lose when time's up. (requested by Peej93)
|inactive|joliemome has 120 seconds left.
|
|t:|1641471202
|start
|switch|p1a: Slowking|Slowking, M|100/100
|switch|p2a: Darmanitan|Darmanitan, F|100/100
|turn|1
|
|t:|1641471213
|move|p2a: Darmanitan|Trick|p1a: Slowking
|-activate|p2a: Darmanitan|move: Trick|[of] p1a: Slowking
|-item|p1a: Slowking|Choice Scarf|[from] move: Trick
|-item|p2a: Darmanitan|Leftovers|[from] move: Trick
|move|p1a: Slowking|Future Sight|p2a: Darmanitan
|-start|p1a: Slowking|move: Future Sight
|
|upkeep
|turn|2
|
|t:|1641471224
|switch|p1a: Chandelure|Chandelure, M|100/100
|move|p2a: Darmanitan|U-turn|p1a: Chandelure
|-resisted|p1a: Chandelure
|-damage|p1a: Chandelure|91/100
|
|t:|1641471237
|switch|p2a: Swampert|Swampert, F|100/100|[from]move: U-turn
|
|upkeep
|turn|3
|
|t:|1641471246
|move|p1a: Chandelure|Energy Ball|p2a: Swampert
|-supereffective|p2a: Swampert
|-damage|p2a: Swampert|0 fnt
|faint|p2a: Swampert
|
|-hint|Future Sight did not hit because the target is fainted.
|upkeep
|
|t:|1641471254
|switch|p2a: Nihilego|Nihilego|100/100
|turn|4
|
|t:|1641471262
|switch|p1a: Slowking|Slowking, M|100/100
|move|p2a: Nihilego|Meteor Beam||[still]
|-prepare|p2a: Nihilego|Meteor Beam
|-boost|p2a: Nihilego|spa|1
|-enditem|p2a: Nihilego|Power Herb
|-anim|p2a: Nihilego|Meteor Beam|p1a: Slowking
|-damage|p1a: Slowking|28/100
|
|upkeep
|turn|5
|
|t:|1641471273
|move|p2a: Nihilego|Sludge Wave|p1a: Slowking
|-damage|p1a: Slowking|0 fnt
|faint|p1a: Slowking
|-ability|p2a: Nihilego|Beast Boost|boost
|-boost|p2a: Nihilego|spa|1
|
|upkeep
|
|t:|1641471280
|switch|p1a: Diggersby|Diggersby, F|100/100
|turn|6
|
|t:|1641471284
|switch|p2a: Tapu Bulu|Tapu Bulu|100/100
|-fieldstart|move: Grassy Terrain|[from] ability: Grassy Surge|[of] p2a: Tapu Bulu
|move|p1a: Diggersby|Earthquake|p2a: Tapu Bulu
|-resisted|p2a: Tapu Bulu
|-damage|p2a: Tapu Bulu|88/100
|
|-heal|p2a: Tapu Bulu|94/100|[from] Grassy Terrain
|upkeep
|turn|7
|
|t:|1641471307
|switch|p1a: Amoonguss|Amoonguss, M|100/100
|move|p2a: Tapu Bulu|Toxic|p1a: Amoonguss
|-immune|p1a: Amoonguss
|
|-heal|p2a: Tapu Bulu|100/100|[from] Grassy Terrain
|upkeep
|turn|8
|
|t:|1641471318
|switch|p2a: Mandibuzz|Mandibuzz, F|100/100
|move|p1a: Amoonguss|Foul Play|p2a: Mandibuzz
|-resisted|p2a: Mandibuzz
|-damage|p2a: Mandibuzz|96/100
|
|upkeep
|turn|9
|
|t:|1641471331
|switch|p1a: Salamence|Salamence, M|100/100
|move|p2a: Mandibuzz|Taunt|p1a: Salamence
|-start|p1a: Salamence|move: Taunt
|
|upkeep
|turn|10
|
|t:|1641471339
|move|p1a: Salamence|Dual Wingbeat|p2a: Mandibuzz
|-damage|p2a: Mandibuzz|80/100
|-damage|p2a: Mandibuzz|62/100
|-hitcount|p2a: Mandibuzz|2
|move|p2a: Mandibuzz|Foul Play|p1a: Salamence
|-damage|p1a: Salamence|34/100
|
|-fieldend|move: Grassy Terrain
|upkeep
|turn|11
|
|t:|1641471354
|switch|p1a: Amoonguss|Amoonguss, M|100/100
|move|p2a: Mandibuzz|Foul Play|p1a: Amoonguss
|-damage|p1a: Amoonguss|84/100
|-damage|p2a: Mandibuzz|45/100|[from] item: Rocky Helmet|[of] p1a: Amoonguss
|
|upkeep
|turn|12
|
|t:|1641471364
|switch|p1a: Chandelure|Chandelure, M|91/100
|move|p2a: Mandibuzz|Roost|p2a: Mandibuzz
|-heal|p2a: Mandibuzz|95/100
|-singleturn|p2a: Mandibuzz|move: Roost
|
|upkeep
|turn|13
|
|t:|1641471377
|move|p1a: Chandelure|Overheat|p2a: Mandibuzz
|-damage|p2a: Mandibuzz|47/100
|-unboost|p1a: Chandelure|spa|2
|move|p2a: Mandibuzz|Foul Play|p1a: Chandelure
|-supereffective|p1a: Chandelure
|-damage|p1a: Chandelure|52/100
|
|upkeep
|turn|14
|-message|Peej93 forfeited.
|
|win|joliemome
|raw|Peej93's rating: 1217 &rarr; <strong>1203</strong><br />(-14 for losing)
|raw|joliemome's rating: 1378 &rarr; <strong>1389</strong><br />(+11 for winning)
|l|☆Peej93
||Ladder isn't responding, score probably updated but might not have (Request timeout).
