|j|☆Low Ladder Terror
|j|☆Pyrophobia
|t:|1604982426
|player|p1|Low Ladder Terror|iris-gen5bw2|1583
|player|p2|Pyrophobia|169|1400
|teamsize|p1|6
|teamsize|p2|6
|gametype|singles
|gen|8
|tier|[Gen 8] UU
|rated|
|clearpoke
|poke|p1|Regigigas|
|poke|p1|Buzzwole|
|poke|p1|Dragalge, F|
|poke|p1|Mantine, M|
|poke|p1|Jirachi|
|poke|p1|Mamoswine, M|
|poke|p2|Metagross|
|poke|p2|Ninetales-Alola, F|
|poke|p2|Krookodile, F|
|poke|p2|Gyarados, F|
|poke|p2|Dhelmise|
|poke|p2|Chansey, F|
|rule|Sleep Clause Mod: Limit one foe put to sleep
|rule|Species Clause: Limit one of each Pokémon
|rule|OHKO Clause: OHKO moves are banned
|rule|Evasion Moves Clause: Evasion moves are banned
|rule|Endless Battle Clause: Forcing endless battles is banned
|rule|HP Percentage Mod: HP is shown in percentages
|rule|Dynamax Clause: You cannot dynamax
|teampreview
|j| GETTIN BIG ON EM
|inactive|Battle timer is ON: inactive players will automatically lose when time's up. (requested by Low Ladder Terror)
|
|t:|1604982449
|start
|switch|p1a: Anchor Arms|Buzzwole|100/100
|switch|p2a: Ninetales|Ninetales-Alola, F|100/100
|-weather|Hail|[from] ability: Snow Warning|[of] p2a: Ninetales
|turn|1
|
|t:|1604982455
|switch|p1a: Number 1|Jirachi, shiny|100/100
|move|p2a: Ninetales|Aurora Veil|p2a: Ninetales
|-sidestart|p2: Pyrophobia|move: Aurora Veil
|
|-weather|Hail|[upkeep]
|-damage|p1a: Number 1|94/100|[from] Hail
|-heal|p1a: Number 1|100/100|[from] item: Leftovers
|upkeep
|turn|2
|
|t:|1604982460
|switch|p2a: Krookodile|Krookodile, F|100/100
|-ability|p2a: Krookodile|Intimidate|boost
|-unboost|p1a: Number 1|atk|1
|move|p1a: Number 1|Stealth Rock|p2a: Krookodile
|-sidestart|p2: Pyrophobia|move: Stealth Rock
|
|-weather|Hail|[upkeep]
|-damage|p1a: Number 1|94/100|[from] Hail
|-damage|p2a: Krookodile|94/100|[from] Hail
|-heal|p1a: Number 1|100/100|[from] item: Leftovers
|upkeep
|turn|3
|
|t:|1604982468
|switch|p1a: Anchor Arms|Buzzwole|100/100
|move|p2a: Krookodile|Taunt|p1a: Anchor Arms
|-start|p1a: Anchor Arms|move: Taunt
|
|-weather|Hail|[upkeep]
|-damage|p2a: Krookodile|88/100|[from] Hail
|-damage|p1a: Anchor Arms|94/100|[from] Hail
|-heal|p1a: Anchor Arms|100/100|[from] item: Leftovers
|upkeep
|turn|4
|
|t:|1604982475
|switch|p2a: Dhelmise|Dhelmise|100/100
|-damage|p2a: Dhelmise|88/100|[from] Stealth Rock
|move|p1a: Anchor Arms|Drain Punch|p2a: Dhelmise
|-immune|p2a: Dhelmise
|
|-weather|Hail|[upkeep]
|-damage|p1a: Anchor Arms|94/100|[from] Hail
|-damage|p2a: Dhelmise|82/100|[from] Hail
|-heal|p1a: Anchor Arms|100/100|[from] item: Leftovers
|upkeep
|turn|5
|
|t:|1604982478
|move|p1a: Anchor Arms|Ice Punch|p2a: Dhelmise
|-supereffective|p2a: Dhelmise
|-crit|p2a: Dhelmise
|-damage|p2a: Dhelmise|5/100
|move|p2a: Dhelmise|Rapid Spin|p1a: Anchor Arms
|-damage|p1a: Anchor Arms|90/100
|-boost|p2a: Dhelmise|spe|1
|-sideend|p2: Pyrophobia|Stealth Rock|[from] move: Rapid Spin|[of] p2a: Dhelmise
|
|-weather|none
|-heal|p1a: Anchor Arms|96/100|[from] item: Leftovers
|-end|p1a: Anchor Arms|move: Taunt
|upkeep
|turn|6
|
|t:|1604982482
|switch|p2a: Chansey|Chansey, F|100/100
|move|p1a: Anchor Arms|Ice Punch|p2a: Chansey
|-crit|p2a: Chansey
|-damage|p2a: Chansey|76/100
|
|-heal|p1a: Anchor Arms|100/100|[from] item: Leftovers
|upkeep
|turn|7
|
|t:|1604982491
|switch|p1a: Number 1|Jirachi, shiny|100/100
|switch|p2a: Gyarados|Gyarados, F|100/100
|-ability|p2a: Gyarados|Intimidate|boost
|-unboost|p1a: Number 1|atk|1
|
|upkeep
|turn|8
|
|t:|1604982507
|move|p1a: Number 1|Stealth Rock|p2a: Gyarados
|-sidestart|p2: Pyrophobia|move: Stealth Rock
|move|p2a: Gyarados|Waterfall|p1a: Number 1
|-damage|p1a: Number 1|64/100
|
|-heal|p1a: Number 1|70/100|[from] item: Leftovers
|-sideend|p2: Pyrophobia|move: Aurora Veil
|upkeep
|turn|9
|
|t:|1604982518
|move|p1a: Number 1|Iron Head|p2a: Gyarados
|-resisted|p2a: Gyarados
|-crit|p2a: Gyarados
|-damage|p2a: Gyarados|74/100
|move|p2a: Gyarados|Power Whip|p1a: Number 1
|-resisted|p1a: Number 1
|-damage|p1a: Number 1|50/100
|
|-heal|p1a: Number 1|56/100|[from] item: Leftovers
|upkeep
|turn|10
|
|t:|1604982524
|move|p1a: Number 1|Iron Head|p2a: Gyarados
|-resisted|p2a: Gyarados
|-damage|p2a: Gyarados|62/100
|cant|p2a: Gyarados|flinch
|
|-heal|p1a: Number 1|62/100|[from] item: Leftovers
|upkeep
|turn|11
|
|t:|1604982528
|switch|p2a: Krookodile|Krookodile, F|88/100
|-damage|p2a: Krookodile|82/100|[from] Stealth Rock
|-ability|p2a: Krookodile|Intimidate|boost
|-unboost|p1a: Number 1|atk|1
|move|p1a: Number 1|Iron Head|p2a: Krookodile
|-damage|p2a: Krookodile|64/100
|-damage|p1a: Number 1|46/100|[from] item: Rocky Helmet|[of] p2a: Krookodile
|
|-heal|p1a: Number 1|52/100|[from] item: Leftovers
|upkeep
|turn|12
|
|t:|1604982538
|switch|p1a: Anchor Arms|Buzzwole|100/100
|move|p2a: Krookodile|Stealth Rock|p1a: Anchor Arms
|-sidestart|p1: Low Ladder Terror|move: Stealth Rock
|
|upkeep
|turn|13
|
|t:|1604982547
|switch|p2a: Dhelmise|Dhelmise|5/100
|-damage|p2a: Dhelmise|0 fnt|[from] Stealth Rock
|faint|p2a: Dhelmise
|move|p1a: Anchor Arms|Bulk Up|p1a: Anchor Arms
|-boost|p1a: Anchor Arms|atk|1
|-boost|p1a: Anchor Arms|def|1
|
|upkeep
|
|t:|1604982551
|switch|p2a: Ninetales|Ninetales-Alola, F|100/100
|-damage|p2a: Ninetales|76/100|[from] Stealth Rock
|-weather|Hail|[from] ability: Snow Warning|[of] p2a: Ninetales
|turn|14
|
|t:|1604982556
|switch|p1a: Number 1|Jirachi, shiny|52/100
|-damage|p1a: Number 1|46/100|[from] Stealth Rock
|move|p2a: Ninetales|Moonblast|p1a: Number 1
|-resisted|p1a: Number 1
|-crit|p1a: Number 1
|-damage|p1a: Number 1|23/100
|
|-weather|Hail|[upkeep]
|-damage|p1a: Number 1|16/100|[from] Hail
|-heal|p1a: Number 1|23/100|[from] item: Leftovers
|upkeep
|turn|15
|
|t:|1604982561
|move|p2a: Ninetales|Blizzard|p1a: Number 1
|-resisted|p1a: Number 1
|-damage|p1a: Number 1|5/100
|move|p1a: Number 1|Wish|p1a: Number 1
|
|-weather|Hail|[upkeep]
|-damage|p1a: Number 1|0 fnt|[from] Hail
|faint|p1a: Number 1
|upkeep
|
|t:|1604982588
|switch|p1a: Smittywerbenjager|Regigigas|100/100
|-damage|p1a: Smittywerbenjager|88/100|[from] Stealth Rock
|-start|p1a: Smittywerbenjager|ability: Slow Start
|turn|16
|
|t:|1604982595
|move|p2a: Ninetales|Aurora Veil|p2a: Ninetales
|-sidestart|p2: Pyrophobia|move: Aurora Veil
|move|p1a: Smittywerbenjager|Body Slam|p2a: Ninetales
|-damage|p2a: Ninetales|55/100
|-status|p2a: Ninetales|par
|
|-weather|Hail|[upkeep]
|-damage|p1a: Smittywerbenjager|82/100|[from] Hail
|-heal|p1a: Smittywerbenjager|100/100|[from] move: Wish|[wisher] Number 1
|upkeep
|turn|17
|
|t:|1604982602
|switch|p2a: Gyarados|Gyarados, F|62/100
|-ability|p2a: Gyarados|Intimidate|boost
|-unboost|p1a: Smittywerbenjager|atk|1
|move|p1a: Smittywerbenjager|Body Slam|p2a: Gyarados
|-damage|p2a: Gyarados|50/100
|
|-weather|Hail|[upkeep]
|-damage|p2a: Gyarados|44/100|[from] Hail
|-damage|p1a: Smittywerbenjager|94/100|[from] Hail
|-heal|p1a: Smittywerbenjager|100/100|[from] item: Leftovers
|upkeep
|turn|18
|
|t:|1604982611
|move|p2a: Gyarados|Waterfall|p1a: Smittywerbenjager
|-damage|p1a: Smittywerbenjager|70/100
|move|p1a: Smittywerbenjager|Body Slam|p2a: Gyarados
|-crit|p2a: Gyarados
|-damage|p2a: Gyarados|0 fnt
|faint|p2a: Gyarados
|
|-weather|none
|-heal|p1a: Smittywerbenjager|76/100|[from] item: Leftovers
|upkeep
|
|t:|1604982618
|switch|p2a: Metagross|Metagross|100/100
|-damage|p2a: Metagross|94/100|[from] Stealth Rock
|turn|19
|
|t:|1604982624
|move|p2a: Metagross|Zen Headbutt|p1a: Smittywerbenjager
|-damage|p1a: Smittywerbenjager|38/100
|cant|p1a: Smittywerbenjager|flinch
|
|-heal|p1a: Smittywerbenjager|44/100|[from] item: Leftovers
|upkeep
|turn|20
|
|t:|1604982629
|move|p2a: Metagross|Zen Headbutt|p1a: Smittywerbenjager
|-damage|p1a: Smittywerbenjager|9/100
|move|p1a: Smittywerbenjager|Rest|p1a: Smittywerbenjager
|-status|p1a: Smittywerbenjager|slp|[from] move: Rest
|-heal|p1a: Smittywerbenjager|100/100 slp|[silent]
|
|-end|p1a: Smittywerbenjager|Slow Start
|upkeep
|turn|21
|
|t:|1604982637
|switch|p2a: Krookodile|Krookodile, F|64/100
|-damage|p2a: Krookodile|58/100|[from] Stealth Rock
|-ability|p2a: Krookodile|Intimidate|boost
|-unboost|p1a: Smittywerbenjager|atk|1
|cant|p1a: Smittywerbenjager|slp
|move|p1a: Smittywerbenjager|Sleep Talk|p1a: Smittywerbenjager
|move|p1a: Smittywerbenjager|Body Slam|p2a: Krookodile|[from]Sleep Talk
|-damage|p2a: Krookodile|39/100
|-damage|p1a: Smittywerbenjager|84/100 slp|[from] item: Rocky Helmet|[of] p2a: Krookodile
|
|-heal|p1a: Smittywerbenjager|90/100 slp|[from] item: Leftovers
|upkeep
|turn|22
|
|t:|1604982643
|move|p2a: Krookodile|Taunt|p1a: Smittywerbenjager
|-start|p1a: Smittywerbenjager|move: Taunt
|cant|p1a: Smittywerbenjager|slp
|cant|p1a: Smittywerbenjager|move: Taunt|Sleep Talk
|
|-heal|p1a: Smittywerbenjager|96/100 slp|[from] item: Leftovers
|upkeep
|turn|23
|
|t:|1604982646
|move|p2a: Krookodile|Knock Off|p1a: Smittywerbenjager
|-damage|p1a: Smittywerbenjager|63/100 slp
|-enditem|p1a: Smittywerbenjager|Leftovers|[from] move: Knock Off|[of] p2a: Krookodile
|-curestatus|p1a: Smittywerbenjager|slp|[msg]
|move|p1a: Smittywerbenjager|Body Slam|p2a: Krookodile
|-damage|p2a: Krookodile|21/100
|-status|p2a: Krookodile|par
|-damage|p1a: Smittywerbenjager|46/100|[from] item: Rocky Helmet|[of] p2a: Krookodile
|
|-sideend|p2: Pyrophobia|move: Aurora Veil
|upkeep
|turn|24
|
|t:|1604982663
|switch|p2a: Chansey|Chansey, F|76/100
|-damage|p2a: Chansey|64/100|[from] Stealth Rock
|move|p1a: Smittywerbenjager|Knock Off|p2a: Chansey
|-damage|p2a: Chansey|51/100
|-enditem|p2a: Chansey|Eviolite|[from] move: Knock Off|[of] p1a: Smittywerbenjager
|
|-end|p1a: Smittywerbenjager|move: Taunt
|upkeep
|turn|25
|
|t:|1604982684
|move|p1a: Smittywerbenjager|Body Slam|p2a: Chansey
|-damage|p2a: Chansey|24/100
|move|p2a: Chansey|Wish|p2a: Chansey
|
|upkeep
|turn|26
|
|t:|1604982689
|move|p2a: Chansey|Protect|p2a: Chansey
|-singleturn|p2a: Chansey|Protect
|move|p1a: Smittywerbenjager|Body Slam|p2a: Chansey
|-activate|p2a: Chansey|move: Protect
|
|-heal|p2a: Chansey|74/100|[from] move: Wish|[wisher] Chansey
|upkeep
|turn|27
|
|t:|1604982700
|move|p1a: Smittywerbenjager|Body Slam|p2a: Chansey
|-damage|p2a: Chansey|45/100
|-status|p2a: Chansey|par
|cant|p2a: Chansey|par
|
|upkeep
|turn|28
|
|t:|1604982708
|move|p1a: Smittywerbenjager|Body Slam|p2a: Chansey
|-damage|p2a: Chansey|19/100 par
|move|p2a: Chansey|Wish|p2a: Chansey
|
|upkeep
|turn|29
|
|t:|1604982714
|cant|p2a: Chansey|par
|move|p1a: Smittywerbenjager|Body Slam|p2a: Chansey
|-damage|p2a: Chansey|0 fnt
|faint|p2a: Chansey
|
|upkeep
|
|t:|1604982719
|switch|p2a: Ninetales|Ninetales-Alola, F|55/100 par
|-damage|p2a: Ninetales|30/100 par|[from] Stealth Rock
|-weather|Hail|[from] ability: Snow Warning|[of] p2a: Ninetales
|turn|30
|
|t:|1604982723
|move|p1a: Smittywerbenjager|Body Slam|p2a: Ninetales
|-damage|p2a: Ninetales|0 fnt
|faint|p2a: Ninetales
|
|-weather|Hail|[upkeep]
|-damage|p1a: Smittywerbenjager|40/100|[from] Hail
|upkeep
|
|t:|1604982725
|switch|p2a: Krookodile|Krookodile, F|21/100 par
|-damage|p2a: Krookodile|15/100 par|[from] Stealth Rock
|-ability|p2a: Krookodile|Intimidate|boost
|-unboost|p1a: Smittywerbenjager|atk|1
|turn|31
|
|t:|1604982728
|switch|p2a: Metagross|Metagross|94/100
|-damage|p2a: Metagross|88/100|[from] Stealth Rock
|move|p1a: Smittywerbenjager|Rest|p1a: Smittywerbenjager
|-status|p1a: Smittywerbenjager|slp|[from] move: Rest
|-heal|p1a: Smittywerbenjager|100/100 slp|[silent]
|
|-weather|Hail|[upkeep]
|-damage|p1a: Smittywerbenjager|94/100 slp|[from] Hail
|-damage|p2a: Metagross|82/100|[from] Hail
|upkeep
|turn|32
|
|t:|1604982731
|cant|p1a: Smittywerbenjager|slp
|move|p1a: Smittywerbenjager|Sleep Talk|p1a: Smittywerbenjager
|move|p1a: Smittywerbenjager|Knock Off|p2a: Metagross|[from]Sleep Talk
|-supereffective|p2a: Metagross
|-damage|p2a: Metagross|58/100
|-enditem|p2a: Metagross|Assault Vest|[from] move: Knock Off|[of] p1a: Smittywerbenjager
|move|p2a: Metagross|Zen Headbutt|p1a: Smittywerbenjager
|-damage|p1a: Smittywerbenjager|60/100 slp
|
|-weather|Hail|[upkeep]
|-damage|p1a: Smittywerbenjager|54/100 slp|[from] Hail
|-damage|p2a: Metagross|52/100|[from] Hail
|upkeep
|turn|33
|
|t:|1604982739
|cant|p1a: Smittywerbenjager|slp
|move|p1a: Smittywerbenjager|Sleep Talk|p1a: Smittywerbenjager
|move|p1a: Smittywerbenjager|Body Slam|p2a: Metagross|[from]Sleep Talk
|-resisted|p2a: Metagross
|-damage|p2a: Metagross|44/100
|move|p2a: Metagross|Zen Headbutt|p1a: Smittywerbenjager
|-damage|p1a: Smittywerbenjager|17/100 slp
|
|-weather|Hail|[upkeep]
|-damage|p1a: Smittywerbenjager|11/100 slp|[from] Hail
|-damage|p2a: Metagross|38/100|[from] Hail
|upkeep
|turn|34
|
|t:|1604982746
|move|p2a: Metagross|Bullet Punch|p1a: Smittywerbenjager
|-damage|p1a: Smittywerbenjager|0 fnt
|faint|p1a: Smittywerbenjager
|-end|p1a: Smittywerbenjager|Slow Start|[silent]
|
|-weather|none
|upkeep
|
|t:|1604982757
|switch|p1a: The Dirty Bubble|Mamoswine, M|100/100
|-damage|p1a: The Dirty Bubble|88/100|[from] Stealth Rock
|turn|35
|
|t:|1604982761
|move|p2a: Metagross|Bullet Punch|p1a: The Dirty Bubble
|-supereffective|p1a: The Dirty Bubble
|-damage|p1a: The Dirty Bubble|32/100
|move|p1a: The Dirty Bubble|Earthquake|p2a: Metagross
|-supereffective|p2a: Metagross
|-damage|p2a: Metagross|0 fnt
|faint|p2a: Metagross
|
|upkeep
|
|t:|1604982762
|switch|p2a: Krookodile|Krookodile, F|15/100 par
|-damage|p2a: Krookodile|9/100 par|[from] Stealth Rock
|-ability|p2a: Krookodile|Intimidate|boost
|-unboost|p1a: The Dirty Bubble|atk|1
|turn|36
|
|t:|1604982765
|move|p1a: The Dirty Bubble|Ice Shard|p2a: Krookodile
|-supereffective|p2a: Krookodile
|-damage|p2a: Krookodile|0 fnt
|faint|p2a: Krookodile
|
|win|Low Ladder Terror
|l|☆Pyrophobia
|raw|Low Ladder Terror's rating: 1583 &rarr; <strong>1593</strong><br />(+10 for winning)
|raw|Pyrophobia's rating: 1400 &rarr; <strong>1390</strong><br />(-10 for losing)
