|j|☆BWV1007
|j|☆MegaTygnonGucci
|t:|1620242848
|gametype|singles
|player|p1|BWV1007|170|1467
|player|p2|MegaTygnonGucci|zinzolin|1390
|teamsize|p1|6
|teamsize|p2|6
|gen|8
|tier|[Gen 8] UU
|rated|
|clearpoke
|poke|p1|Mew|
|poke|p1|Cobalion|
|poke|p1|Krookodile, M|
|poke|p1|Tangrowth, M|
|poke|p1|Primarina, F|
|poke|p1|Rotom-Heat|
|poke|p2|Lycanroc-Dusk, F|
|poke|p2|Aegislash, F|
|poke|p2|Celesteela|
|poke|p2|Azumarill, M|
|poke|p2|Quagsire, F|
|poke|p2|Conkeldurr, F|
|rule|Sleep Clause Mod: Limit one foe put to sleep
|rule|Species Clause: Limit one of each Pokémon
|rule|OHKO Clause: OHKO moves are banned
|rule|Evasion Moves Clause: Evasion moves are banned
|rule|Endless Battle Clause: Forcing endless battles is banned
|rule|HP Percentage Mod: HP is shown in percentages
|rule|Dynamax Clause: You cannot dynamax
|teampreview
|inactive|Battle timer is ON: inactive players will automatically lose when time's up. (requested by MegaTygnonGucci)
|
|t:|1620242879
|start
|switch|p1a: Tangrowth|Tangrowth, M|100/100
|switch|p2a: Lycanroc|Lycanroc-Dusk, F, shiny|100/100
|turn|1
|
|t:|1620242885
|move|p2a: Lycanroc|Taunt|p1a: Tangrowth
|-start|p1a: Tangrowth|move: Taunt
|move|p1a: Tangrowth|Knock Off|p2a: Lycanroc
|-damage|p2a: Lycanroc|63/100
|-enditem|p2a: Lycanroc|Focus Sash|[from] move: Knock Off|[of] p1a: Tangrowth
|
|upkeep
|turn|2
|
|t:|1620242892
|move|p2a: Lycanroc|Stealth Rock|p1a: Tangrowth
|-sidestart|p1: BWV1007|move: Stealth Rock
|move|p1a: Tangrowth|Giga Drain|p2a: Lycanroc
|-supereffective|p2a: Lycanroc
|-damage|p2a: Lycanroc|0 fnt
|faint|p2a: Lycanroc
|
|upkeep
|j| pif
|c| pif|btw can i reveal alt
|
|t:|1620242905
|switch|p2a: Aegislash|Aegislash, F|100/100
|turn|3
|c|☆BWV1007|sure
|c| pif|or do i have to call you mr mystery
|c| pif|ok
|
|t:|1620242913
|move|p2a: Aegislash|King's Shield|p2a: Aegislash
|-singleturn|p2a: Aegislash|Protect
|move|p1a: Tangrowth|Earthquake|p2a: Aegislash
|-activate|p2a: Aegislash|move: Protect
|
|-end|p1a: Tangrowth|move: Taunt
|upkeep
|turn|4
|
|t:|1620242917
|move|p2a: Aegislash|Swords Dance|p2a: Aegislash
|-boost|p2a: Aegislash|atk|2
|move|p1a: Tangrowth|Knock Off|p2a: Aegislash
|-supereffective|p2a: Aegislash
|-damage|p2a: Aegislash|67/100
|-enditem|p2a: Aegislash|Leftovers|[from] move: Knock Off|[of] p1a: Tangrowth
|
|upkeep
|turn|5
|c|☆BWV1007|mr mistery
|c| pif|thanks tdk
|c|☆BWV1007|sounds hot
|
|t:|1620242927
|-formechange|p2a: Aegislash|Aegislash-Blade||[from] ability: Stance Change
|move|p2a: Aegislash|Iron Head|p1a: Tangrowth
|-damage|p1a: Tangrowth|45/100
|cant|p1a: Tangrowth|flinch
|
|upkeep
|turn|6
|c| pif|you spelled mystery incorrectly
|c| pif|ofc flinch
|
|t:|1620242942
|switch|p1a: Krookodile|Krookodile, M|100/100
|-damage|p1a: Krookodile|94/100|[from] Stealth Rock
|-ability|p1a: Krookodile|Intimidate|boost
|-unboost|p2a: Aegislash|atk|1
|move|p2a: Aegislash|Shadow Claw|p1a: Krookodile
|-resisted|p1a: Krookodile
|-damage|p1a: Krookodile|56/100
|
|upkeep
|turn|7
|c| pif|wow
|c| pif|i lost rotom there
|
|t:|1620242957
|switch|p2a: Quagsire|Quagsire, F, shiny|100/100
|move|p1a: Krookodile|Earthquake|p2a: Quagsire
|-damage|p2a: Quagsire|67/100
|
|-heal|p2a: Quagsire|73/100|[from] item: Leftovers
|upkeep
|turn|8
|
|t:|1620242964
|switch|p1a: Tangrowth|Tangrowth, M|78/100
|-damage|p1a: Tangrowth|66/100|[from] Stealth Rock
|move|p2a: Quagsire|Scald|p1a: Tangrowth
|-resisted|p1a: Tangrowth
|-crit|p1a: Tangrowth
|-damage|p1a: Tangrowth|56/100
|-status|p1a: Tangrowth|brn
|
|-heal|p2a: Quagsire|79/100|[from] item: Leftovers
|-damage|p1a: Tangrowth|50/100 brn|[from] brn
|upkeep
|turn|9
|
|t:|1620242977
|switch|p1a: Rotom|Rotom-Heat|100/100
|switch|p2a: Aegislash|Aegislash, F|67/100
|
|upkeep
|turn|10
|
|t:|1620242982
|move|p2a: Aegislash|King's Shield|p2a: Aegislash
|-singleturn|p2a: Aegislash|Protect
|move|p1a: Rotom|Defog|p2a: Aegislash
|-unboost|p2a: Aegislash|evasion|1
|-sideend|p1: BWV1007|Stealth Rock|[from] move: Defog|[of] p1a: Rotom
|
|upkeep
|turn|11
|
|t:|1620243007
|move|p1a: Rotom|Volt Switch|p2a: Aegislash
|-damage|p2a: Aegislash|48/100
|
|t:|1620243016
|switch|p1a: Krookodile|Krookodile, M|56/100|[from]move: Volt Switch
|-ability|p1a: Krookodile|Intimidate|boost
|-unboost|p2a: Aegislash|atk|1
|-formechange|p2a: Aegislash|Aegislash-Blade||[from] ability: Stance Change
|move|p2a: Aegislash|Shadow Claw|p1a: Krookodile
|-resisted|p1a: Krookodile
|-damage|p1a: Krookodile|39/100
|
|upkeep
|turn|12
|inactive|MegaTygnonGucci has 120 seconds left.
|
|t:|1620243058
|switch|p2a: Quagsire|Quagsire, F, shiny|79/100
|move|p1a: Krookodile|Knock Off|p2a: Quagsire
|-damage|p2a: Quagsire|47/100
|-enditem|p2a: Quagsire|Leftovers|[from] move: Knock Off|[of] p1a: Krookodile
|
|upkeep
|turn|13
|
|t:|1620243062
|switch|p1a: Tangrowth|Tangrowth, M|83/100 brn
|move|p2a: Quagsire|Scald|p1a: Tangrowth
|-resisted|p1a: Tangrowth
|-damage|p1a: Tangrowth|77/100 brn
|
|-damage|p1a: Tangrowth|71/100 brn|[from] brn
|upkeep
|turn|14
|
|t:|1620243066
|switch|p2a: Conkeldurr|Conkeldurr, F|100/100
|move|p1a: Tangrowth|Giga Drain|p2a: Conkeldurr
|-damage|p2a: Conkeldurr|67/100
|-heal|p1a: Tangrowth|88/100 brn|[from] drain|[of] p2a: Conkeldurr
|
|-damage|p1a: Tangrowth|82/100 brn|[from] brn
|-status|p2a: Conkeldurr|brn|[from] item: Flame Orb
|upkeep
|turn|15
|
|t:|1620243073
|move|p2a: Conkeldurr|Poison Jab|p1a: Tangrowth
|-supereffective|p1a: Tangrowth
|-crit|p1a: Tangrowth
|-damage|p1a: Tangrowth|0 fnt
|faint|p1a: Tangrowth
|
|-damage|p2a: Conkeldurr|61/100 brn|[from] brn
|upkeep
|c| pif|lol
|
|t:|1620243102
|switch|p1a: Rotom|Rotom-Heat|100/100
|turn|16
|
|t:|1620243111
|move|p1a: Rotom|Overheat|p2a: Conkeldurr
|-damage|p2a: Conkeldurr|12/100 brn
|-unboost|p1a: Rotom|spa|2
|move|p2a: Conkeldurr|Drain Punch|p1a: Rotom
|-damage|p1a: Rotom|22/100
|-heal|p2a: Conkeldurr|40/100 brn|[from] drain|[of] p1a: Rotom
|
|-damage|p2a: Conkeldurr|34/100 brn|[from] brn
|upkeep
|turn|17
|
|t:|1620243119
|move|p1a: Rotom|Overheat|p2a: Conkeldurr
|-damage|p2a: Conkeldurr|6/100 brn
|-unboost|p1a: Rotom|spa|2
|move|p2a: Conkeldurr|Drain Punch|p1a: Rotom
|-damage|p1a: Rotom|0 fnt
|-heal|p2a: Conkeldurr|14/100 brn|[from] drain|[of] p1a: Rotom
|faint|p1a: Rotom
|
|-damage|p2a: Conkeldurr|8/100 brn|[from] brn
|upkeep
|c| pif|are we fucked
|inactive|BWV1007 has 120 seconds left.
|
|t:|1620243147
|switch|p1a: Primarina|Primarina, F|100/100
|turn|18
|
|t:|1620243160
|move|p1a: Primarina|Draining Kiss|p2a: Conkeldurr
|-supereffective|p2a: Conkeldurr
|-damage|p2a: Conkeldurr|0 fnt
|faint|p2a: Conkeldurr
|
|upkeep
|
|t:|1620243165
|switch|p2a: Azumarill|Azumarill, M|100/100
|turn|19
|
|t:|1620243167
|move|p2a: Azumarill|Play Rough|p1a: Primarina
|-damage|p1a: Primarina|15/100
|move|p1a: Primarina|Scald|p2a: Azumarill
|-resisted|p2a: Azumarill
|-damage|p2a: Azumarill|71/100
|
|-heal|p1a: Primarina|21/100|[from] item: Leftovers
|upkeep
|turn|20
|j| ForestCave
|l| ForestCave
|
|t:|1620243188
|move|p2a: Azumarill|Play Rough|p1a: Primarina
|-damage|p1a: Primarina|0 fnt
|faint|p1a: Primarina
|
|upkeep
|
|t:|1620243189
|switch|p1a: Cobalion|Cobalion|100/100
|turn|21
|
|t:|1620243191
|move|p1a: Cobalion|Stealth Rock|p2a: Azumarill
|-sidestart|p2: MegaTygnonGucci|move: Stealth Rock
|move|p2a: Azumarill|Play Rough|p1a: Cobalion
|-damage|p1a: Cobalion|26/100
|-damage|p2a: Azumarill|54/100|[from] item: Rocky Helmet|[of] p1a: Cobalion
|
|upkeep
|turn|22
|c| pif|kiss kiss
|
|t:|1620243196
|move|p1a: Cobalion|Stone Edge|p2a: Azumarill
|-damage|p2a: Azumarill|24/100
|move|p2a: Azumarill|Play Rough|p1a: Cobalion
|-damage|p1a: Cobalion|0 fnt
|-damage|p2a: Azumarill|7/100|[from] item: Rocky Helmet|[of] p1a: Cobalion
|faint|p1a: Cobalion
|
|upkeep
|c| pif|fall in love
|
|t:|1620243209
|switch|p1a: Mew|Mew|100/100
|turn|23
|
|t:|1620243211
|move|p1a: Mew|Flamethrower|p2a: Azumarill
|-resisted|p2a: Azumarill
|-damage|p2a: Azumarill|0 fnt
|faint|p2a: Azumarill
|
|upkeep
|
|t:|1620243214
|switch|p2a: Celesteela|Celesteela, shiny|100/100
|-damage|p2a: Celesteela|88/100|[from] Stealth Rock
|turn|24
|
|t:|1620243218
|move|p1a: Mew|Flamethrower|p2a: Celesteela
|-supereffective|p2a: Celesteela
|-damage|p2a: Celesteela|40/100
|-enditem|p2a: Celesteela|Weakness Policy
|-boost|p2a: Celesteela|atk|2|[from] item: Weakness Policy
|-boost|p2a: Celesteela|spa|2|[from] item: Weakness Policy
|move|p2a: Celesteela|Autotomize|p2a: Celesteela
|-boost|p2a: Celesteela|spe|2
|-start|p2a: Celesteela|Autotomize
|
|upkeep
|turn|25
|
|t:|1620243222
|move|p2a: Celesteela|Air Slash|p1a: Mew
|-damage|p1a: Mew|22/100
|move|p1a: Mew|Flamethrower|p2a: Celesteela
|-supereffective|p2a: Celesteela
|-damage|p2a: Celesteela|0 fnt
|faint|p2a: Celesteela
|
|upkeep
|j| ForestCave
|
|t:|1620243226
|switch|p2a: Aegislash|Aegislash, F|48/100
|-damage|p2a: Aegislash|42/100|[from] Stealth Rock
|turn|26
|c| pif|wtf no flinch
|l| ForestCave
|
|t:|1620243239
|move|p2a: Aegislash|King's Shield|p2a: Aegislash
|-singleturn|p2a: Aegislash|Protect
|move|p1a: Mew|Flamethrower|p2a: Aegislash
|-activate|p2a: Aegislash|move: Protect
|
|upkeep
|turn|27
|j| Jorgeta57
|
|t:|1620243243
|move|p1a: Mew|Flamethrower|p2a: Aegislash
|-supereffective|p2a: Aegislash
|-damage|p2a: Aegislash|3/100
|-formechange|p2a: Aegislash|Aegislash-Blade||[from] ability: Stance Change
|move|p2a: Aegislash|Iron Head|p1a: Mew
|-damage|p1a: Mew|0 fnt
|faint|p1a: Mew
|
|upkeep
|
|t:|1620243247
|switch|p1a: Krookodile|Krookodile, M|39/100
|-ability|p1a: Krookodile|Intimidate|boost
|-unboost|p2a: Aegislash|atk|1
|turn|28
|
|t:|1620243251
|-formechange|p2a: Aegislash|Aegislash||[from] ability: Stance Change
|move|p2a: Aegislash|King's Shield|p2a: Aegislash
|-singleturn|p2a: Aegislash|Protect
|move|p1a: Krookodile|Earthquake|p2a: Aegislash
|-activate|p2a: Aegislash|move: Protect
|
|upkeep
|turn|29
|
|t:|1620243256
|move|p1a: Krookodile|Earthquake|p2a: Aegislash
|-supereffective|p2a: Aegislash
|-damage|p2a: Aegislash|0 fnt
|faint|p2a: Aegislash
|
|upkeep
|c| pif|do you not have giga
|
|t:|1620243258
|switch|p2a: Quagsire|Quagsire, F, shiny|47/100
|-damage|p2a: Quagsire|41/100|[from] Stealth Rock
|turn|30
|c| pif|on mew
|c|☆BWV1007|why
|c|☆BWV1007|would i have
|c|☆BWV1007|giga
|c|☆BWV1007|on mew??
|c| pif|idk
|c| pif|np
|c| pif|crit eq
|c| pif|here
|c| pif|imo
|c|☆BWV1007|its
|c|☆BWV1007|soft boiled
|
|t:|1620243273
|move|p1a: Krookodile|Earthquake|p2a: Quagsire
|-damage|p2a: Quagsire|8/100
|move|p2a: Quagsire|Recover|p2a: Quagsire
|-heal|p2a: Quagsire|58/100
|
|upkeep
|turn|31
|
|t:|1620243278
|move|p1a: Krookodile|Earthquake|p2a: Quagsire
|-damage|p2a: Quagsire|27/100
|move|p2a: Quagsire|Recover|p2a: Quagsire
|-heal|p2a: Quagsire|77/100
|
|upkeep
|turn|32
|
|t:|1620243282
|move|p1a: Krookodile|Earthquake|p2a: Quagsire
|-damage|p2a: Quagsire|41/100
|move|p2a: Quagsire|Scald|p1a: Krookodile
|-supereffective|p1a: Krookodile
|-damage|p1a: Krookodile|0 fnt
|faint|p1a: Krookodile
|
|win|MegaTygnonGucci
|l|☆BWV1007
|raw|BWV1007's rating: 1467 &rarr; <strong>1443</strong><br />(-24 for losing)
|raw|MegaTygnonGucci's rating: 1389 &rarr; <strong>1413</strong><br />(+24 for winning)
|l| pif
|c|☆MegaTygnonGucci|Gg
