|j|☆lanouille
|j|☆Koii The Fish
|t:|1612974237
|player|p1|lanouille|tuber|1448
|player|p2|Koii The Fish|li|1352
|teamsize|p1|6
|teamsize|p2|6
|gametype|singles
|gen|8
|tier|[Gen 8] UU
|rated|
|clearpoke
|poke|p1|Kommo-o, F|
|poke|p1|Incineroar, F|
|poke|p1|Ditto|
|poke|p1|Rotom-Heat|
|poke|p1|Nihilego|
|poke|p1|Jirachi|
|poke|p2|Torkoal, M|
|poke|p2|Darmanitan, M|
|poke|p2|Charizard, F|
|poke|p2|Venusaur, M|
|poke|p2|Leafeon, F|
|poke|p2|Shiftry, M|
|rule|Sleep Clause Mod: Limit one foe put to sleep
|rule|Species Clause: Limit one of each Pokémon
|rule|OHKO Clause: OHKO moves are banned
|rule|Evasion Moves Clause: Evasion moves are banned
|rule|Endless Battle Clause: Forcing endless battles is banned
|rule|HP Percentage Mod: HP is shown in percentages
|rule|Dynamax Clause: You cannot dynamax
|teampreview
|
|t:|1612974249
|start
|switch|p1a: Incineroar|Incineroar, F|100/100
|switch|p2a: Torkoal|Torkoal, M|100/100
|-ability|p1a: Incineroar|Intimidate|boost
|-unboost|p2a: Torkoal|atk|1
|-weather|SunnyDay|[from] ability: Drought|[of] p2a: Torkoal
|turn|1
|
|t:|1612974257
|move|p1a: Incineroar|Knock Off|p2a: Torkoal
|-damage|p2a: Torkoal|77/100
|-enditem|p2a: Torkoal|Heat Rock|[from] move: Knock Off|[of] p1a: Incineroar
|move|p2a: Torkoal|Stealth Rock|p1a: Incineroar
|-sidestart|p1: lanouille|move: Stealth Rock
|
|-weather|SunnyDay|[upkeep]
|upkeep
|turn|2
|
|t:|1612974268
|move|p1a: Incineroar|Toxic|p2a: Torkoal
|-status|p2a: Torkoal|tox
|move|p2a: Torkoal|Yawn|p1a: Incineroar
|-start|p1a: Incineroar|move: Yawn|[of] p2a: Torkoal
|
|-weather|SunnyDay|[upkeep]
|-damage|p2a: Torkoal|71/100 tox|[from] psn
|upkeep
|turn|3
|
|t:|1612974276
|switch|p2a: Charizard|Charizard, F|100/100
|move|p1a: Incineroar|Parting Shot|p2a: Charizard
|-unboost|p2a: Charizard|atk|1
|-unboost|p2a: Charizard|spa|1
|
|t:|1612974282
|switch|p1a: Nihilego|Nihilego|100/100|[from]move: Parting Shot
|-damage|p1a: Nihilego|88/100|[from] Stealth Rock
|
|-weather|SunnyDay|[upkeep]
|-damage|p2a: Charizard|88/100|[from] ability: Solar Power|[of] p2a: Charizard
|upkeep
|turn|4
|
|t:|1612974301
|switch|p2a: Leafeon|Leafeon, F|100/100
|move|p1a: Nihilego|Meteor Beam||[still]
|-prepare|p1a: Nihilego|Meteor Beam
|-boost|p1a: Nihilego|spa|1
|-enditem|p1a: Nihilego|Power Herb
|-anim|p1a: Nihilego|Meteor Beam|p2a: Leafeon
|-damage|p2a: Leafeon|0 fnt
|faint|p2a: Leafeon
|-ability|p1a: Nihilego|Beast Boost|boost
|-boost|p1a: Nihilego|spe|1
|
|-weather|SunnyDay|[upkeep]
|upkeep
|
|t:|1612974316
|switch|p2a: Shiftry|Shiftry, M|100/100
|turn|5
|
|t:|1612974322
|move|p2a: Shiftry|Growth|p2a: Shiftry
|-boost|p2a: Shiftry|atk|2
|-boost|p2a: Shiftry|spa|2
|move|p1a: Nihilego|Sludge Wave|p2a: Shiftry
|-supereffective|p2a: Shiftry
|-enditem|p2a: Shiftry|Focus Sash
|-damage|p2a: Shiftry|1/100
|-status|p2a: Shiftry|psn
|
|-weather|SunnyDay|[upkeep]
|-damage|p2a: Shiftry|0 fnt|[from] psn
|faint|p2a: Shiftry
|upkeep
|-message|Koii The Fish forfeited.
|
|win|lanouille
|l|☆Koii The Fish
||Ladder (probably) updated, but score could not be retrieved (Request timeout).
