|raw|<div class="broadcast-blue"><strong>This battle is required to be public due to a player having a name starting with 'uult91w'.</div>
|j|☆UULT91w UnzipsC
|j|☆UULT91w Adaam
|t:|1651955906
|gametype|singles
|player|p1|UULT91w UnzipsC|lucas|1522
|player|p2|UULT91w Adaam|265|1704
|teamsize|p1|6
|teamsize|p2|6
|gen|8
|tier|[Gen 8] UU
|rated|
|rule|Sleep Clause Mod: Limit one foe put to sleep
|rule|Species Clause: Limit one of each Pokémon
|rule|OHKO Clause: OHKO moves are banned
|rule|Evasion Moves Clause: Evasion moves are banned
|rule|Endless Battle Clause: Forcing endless battles is banned
|rule|HP Percentage Mod: HP is shown in percentages
|rule|Dynamax Clause: You cannot dynamax
|clearpoke
|poke|p1|Marowak-Alola, M|
|poke|p1|Mesprit|
|poke|p1|Conkeldurr, M|
|poke|p1|Gyarados, M|
|poke|p1|Porygon2|
|poke|p1|Cresselia, F|
|poke|p2|Conkeldurr, M|
|poke|p2|Tapu Bulu|
|poke|p2|Aegislash, M|
|poke|p2|Hydreigon, F|
|poke|p2|Swampert, M|
|poke|p2|Thundurus-Therian, M|
|teampreview
|inactive|Battle timer is ON: inactive players will automatically lose when time's up. (requested by UULT91w UnzipsC)
|j|+Mengy ㋛
|j| ramoloST
|c|☆UULT91w Adaam|hf
|c|☆UULT91w UnzipsC|yt
|j| mncmt
|j| UULT91w cry
|j| UULT91w St3ve
|c| mncmt|GO BULU WOOO
|j| instant throw
|
|t:|1651955933
|start
|switch|p1a: Mesprit|Mesprit|100/100
|switch|p2a: Aegislash|Aegislash, M|100/100
|turn|1
|c| UULT91w St3ve|OIMG BULU !!!
|
|t:|1651955938
|-formechange|p2a: Aegislash|Aegislash-Blade||[from] ability: Stance Change
|move|p2a: Aegislash|Shadow Ball|p1a: Mesprit
|-supereffective|p1a: Mesprit
|-damage|p1a: Mesprit|4/100
|move|p1a: Mesprit|Trick Room|p1a: Mesprit
|-fieldstart|move: Trick Room|[of] p1a: Mesprit
|
|upkeep
|turn|2
|
|t:|1651955944
|switch|p2a: Swampert|Swampert, M|100/100
|move|p1a: Mesprit|Healing Wish|p1a: Mesprit
|faint|p1a: Mesprit
|
|upkeep
|
|t:|1651955948
|switch|p1a: Marowak|Marowak-Alola, M|100/100
|turn|3
|j| uult91w km
|inactive|UULT91w Adaam has 120 seconds left.
|j| opela
|
|t:|1651956001
|move|p1a: Marowak|Poltergeist|p2a: Swampert
|-activate|p2a: Swampert|move: Poltergeist|Leftovers
|-damage|p2a: Swampert|25/100
|move|p2a: Swampert|Flip Turn|p1a: Marowak
|-supereffective|p1a: Marowak
|-damage|p1a: Marowak|35/100
|
|t:|1651956012
|switch|p2a: deino triple|Hydreigon, F|100/100|[from]move: Flip Turn
|
|upkeep
|turn|4
|c|☆UULT91w Adaam|if low kick i click c
|c|☆UULT91w Adaam|x
|
|t:|1651956019
|move|p1a: Marowak|Flare Blitz|p2a: deino triple
|-resisted|p2a: deino triple
|-damage|p2a: deino triple|48/100
|move|p2a: deino triple|Dark Pulse|p1a: Marowak
|-supereffective|p1a: Marowak
|-damage|p1a: Marowak|0 fnt
|faint|p1a: Marowak
|
|upkeep
|
|t:|1651956030
|switch|p1a: Porygon2|Porygon2|100/100
|-ability|p1a: Porygon2|Download|boost
|-boost|p1a: Porygon2|atk|1
|turn|5
|j| Sirwings
|c|☆UULT91w UnzipsC|yea im freezing
|c|☆UULT91w Adaam|noooo
|c|+Mengy ㋛|put on some more layers
|c|☆UULT91w Adaam|please dont freeze aha
|
|t:|1651956051
|switch|p2a: Swampert|Swampert, M|25/100
|move|p1a: Porygon2|Ice Beam|p2a: Swampert
|-damage|p2a: Swampert|2/100
|
|-heal|p2a: Swampert|8/100|[from] item: Leftovers
|-fieldend|move: Trick Room
|upkeep
|turn|6
|c|+Mengy ㋛|hahaha
|
|t:|1651956056
|move|p2a: Swampert|Stealth Rock|p1a: Porygon2
|-sidestart|p1: UULT91w UnzipsC|move: Stealth Rock
|move|p1a: Porygon2|Trick Room|p1a: Porygon2
|-fieldstart|move: Trick Room|[of] p1a: Porygon2
|
|-heal|p2a: Swampert|14/100|[from] item: Leftovers
|upkeep
|turn|7
|c|☆UULT91w Adaam|liar
|
|t:|1651956060
|move|p2a: Swampert|Flip Turn|p1a: Porygon2
|-damage|p1a: Porygon2|79/100
|j| ASKOV
|inactive|UULT91w Adaam has 90 seconds left.
|inactive|UULT91w Adaam has 60 seconds left.
|
|t:|1651956142
|switch|p2a: Tapu Bulu|Tapu Bulu|100/100|[from]move: Flip Turn
|-fieldstart|move: Grassy Terrain|[from] ability: Grassy Surge|[of] p2a: Tapu Bulu
|move|p1a: Porygon2|Teleport|p1a: Porygon2
|c|☆UULT91w Adaam|its time
|
|t:|1651956145
|switch|p1a: Conkeldurr|Conkeldurr, M|100/100|[from]move: Teleport
|-damage|p1a: Conkeldurr|94/100|[from] Stealth Rock
|
|-heal|p1a: Conkeldurr|100/100|[from] Grassy Terrain
|-status|p1a: Conkeldurr|brn|[from] item: Flame Orb
|upkeep
|turn|8
|
|t:|1651956159
|move|p1a: Conkeldurr|Facade|p2a: Tapu Bulu
|-crit|p2a: Tapu Bulu
|-damage|p2a: Tapu Bulu|0 fnt
|faint|p2a: Tapu Bulu
|
|-damage|p1a: Conkeldurr|94/100 brn|[from] brn
|upkeep
|c|☆UULT91w Adaam|NOOOO
|c| ramoloST|lmaoooooooooo
|c|☆UULT91w Adaam|bro i lived and won!!
|c|☆UULT91w Adaam|only way
|
|t:|1651956177
|switch|p2a: Conkeldurr|Conkeldurr, M|100/100
|turn|9
|
|t:|1651956179
|move|p1a: Conkeldurr|Close Combat|p2a: Conkeldurr
|-damage|p2a: Conkeldurr|10/100
|-unboost|p1a: Conkeldurr|def|1
|-unboost|p1a: Conkeldurr|spd|1
|move|p2a: Conkeldurr|Drain Punch|p1a: Conkeldurr
|-damage|p1a: Conkeldurr|42/100 brn
|-heal|p2a: Conkeldurr|37/100|[from] drain|[of] p1a: Conkeldurr
|
|-heal|p1a: Conkeldurr|48/100 brn|[from] Grassy Terrain
|-heal|p2a: Conkeldurr|43/100|[from] Grassy Terrain
|-heal|p2a: Conkeldurr|49/100|[from] item: Leftovers
|-damage|p1a: Conkeldurr|42/100 brn|[from] brn
|upkeep
|turn|10
|j| UULT91w Corp N
|
|t:|1651956195
|switch|p2a: Aegislash|Aegislash, M|100/100
|move|p1a: Conkeldurr|Close Combat|p2a: Aegislash
|-immune|p2a: Aegislash
|
|-heal|p1a: Conkeldurr|48/100 brn|[from] Grassy Terrain
|-damage|p1a: Conkeldurr|42/100 brn|[from] brn
|-fieldend|move: Trick Room
|upkeep
|turn|11
|l| uult91w km
|
|t:|1651956209
|switch|p1a: Porygon2|Porygon2|79/100
|-heal|p1a: Porygon2|100/100|[from] move: Healing Wish
|-damage|p1a: Porygon2|88/100|[from] Stealth Rock
|-ability|p1a: Porygon2|Download|boost
|-boost|p1a: Porygon2|atk|1
|-formechange|p2a: Aegislash|Aegislash-Blade||[from] ability: Stance Change
|move|p2a: Aegislash|Flash Cannon|p1a: Porygon2
|-damage|p1a: Porygon2|41/100
|
|-heal|p1a: Porygon2|48/100|[from] Grassy Terrain
|-fieldend|move: Grassy Terrain
|upkeep
|turn|12
|c| ramoloST|wow i stayed in and lost
|
|t:|1651956212
|move|p2a: Aegislash|Flash Cannon|p1a: Porygon2
|-crit|p1a: Porygon2
|-damage|p1a: Porygon2|0 fnt
|faint|p1a: Porygon2
|
|upkeep
|
|t:|1651956214
|switch|p1a: Gyarados|Gyarados, M|100/100
|-ability|p1a: Gyarados|Intimidate|boost
|-unboost|p2a: Aegislash|atk|1
|turn|13
|j| TestB4Best
|j|@Lily
|inactive|UULT91w Adaam has 60 seconds left.
|
|t:|1651956225
|switch|p2a: deino triple|Hydreigon, F|48/100
|move|p1a: Gyarados|Dragon Dance|p1a: Gyarados
|-boost|p1a: Gyarados|atk|1
|-boost|p1a: Gyarados|spe|1
|
|upkeep
|turn|14
|
|t:|1651956231
|move|p2a: deino triple|Draco Meteor|p1a: Gyarados|[miss]
|-miss|p2a: deino triple|p1a: Gyarados
|move|p1a: Gyarados|Ice Fang|p2a: deino triple
|-supereffective|p2a: deino triple
|-damage|p2a: deino triple|0 fnt
|faint|p2a: deino triple
|
|upkeep
|
|t:|1651956240
|switch|p2a: Aegislash|Aegislash, M|100/100
|turn|15
|c|☆UULT91w Adaam|i beg
|
|t:|1651956247
|move|p1a: Gyarados|Waterfall|p2a: Aegislash
|-damage|p2a: Aegislash|30/100
|-formechange|p2a: Aegislash|Aegislash-Blade||[from] ability: Stance Change
|move|p2a: Aegislash|Shadow Ball|p1a: Gyarados
|-damage|p1a: Gyarados|24/100
|
|upkeep
|turn|16
|
|t:|1651956254
|switch|p2a: Swampert|Swampert, M|14/100
|move|p1a: Gyarados|Waterfall|p2a: Swampert
|-damage|p2a: Swampert|0 fnt
|faint|p2a: Swampert
|
|upkeep
|
|t:|1651956259
|switch|p2a: Conkeldurr|Conkeldurr, M|49/100
|turn|17
|l| UULT91w St3ve
|c| ramoloST|unlucky
|
|t:|1651956274
|move|p2a: Conkeldurr|Mach Punch|p1a: Gyarados
|-resisted|p1a: Gyarados
|-damage|p1a: Gyarados|11/100
|move|p1a: Gyarados|Waterfall|p2a: Conkeldurr
|-damage|p2a: Conkeldurr|0 fnt
|faint|p2a: Conkeldurr
|
|upkeep
|
|t:|1651956277
|switch|p2a: Aegislash|Aegislash, M|30/100
|turn|18
|
|t:|1651956281
|-formechange|p2a: Aegislash|Aegislash-Blade||[from] ability: Stance Change
|move|p2a: Aegislash|Shadow Sneak|p1a: Gyarados
|-damage|p1a: Gyarados|0 fnt
|faint|p1a: Gyarados
|
|upkeep
|
|t:|1651956284
|switch|p1a: Cresselia|Cresselia, F|100/100
|-damage|p1a: Cresselia|88/100|[from] Stealth Rock
|turn|19
|
|t:|1651956286
|switch|p2a: Thundurus|Thundurus-Therian, M|100/100
|move|p1a: Cresselia|Trick Room|p1a: Cresselia
|-fieldstart|move: Trick Room|[of] p1a: Cresselia
|
|upkeep
|turn|20
|
|t:|1651956292
|switch|p2a: Aegislash|Aegislash, M|30/100
|move|p1a: Cresselia|Lunar Dance|p1a: Cresselia
|faint|p1a: Cresselia
|
|upkeep
|
|t:|1651956293
|switch|p1a: Conkeldurr|Conkeldurr, M|42/100 brn
|-heal|p1a: Conkeldurr|100/100|[from] move: Lunar Dance
|-damage|p1a: Conkeldurr|94/100|[from] Stealth Rock
|turn|21
|
|t:|1651956300
|switch|p2a: Thundurus|Thundurus-Therian, M|100/100
|move|p1a: Conkeldurr|Knock Off|p2a: Thundurus
|-damage|p2a: Thundurus|37/100
|-enditem|p2a: Thundurus|Heavy-Duty Boots|[from] move: Knock Off|[of] p1a: Conkeldurr
|
|-status|p1a: Conkeldurr|brn|[from] item: Flame Orb
|upkeep
|turn|22
|
|t:|1651956312
|switch|p2a: Aegislash|Aegislash, M|30/100
|move|p1a: Conkeldurr|Knock Off|p2a: Aegislash
|-supereffective|p2a: Aegislash
|-damage|p2a: Aegislash|0 fnt
|-enditem|p2a: Aegislash|Choice Specs|[from] move: Knock Off|[of] p1a: Conkeldurr
|faint|p2a: Aegislash
|
|-damage|p1a: Conkeldurr|88/100 brn|[from] brn
|upkeep
|c|☆UULT91w Adaam|pain
|l|@Lily
|
|t:|1651956318
|switch|p2a: Thundurus|Thundurus-Therian, M|37/100
|turn|23
|l| ramoloST
|
|t:|1651956323
|move|p1a: Conkeldurr|Close Combat|p2a: Thundurus
|-resisted|p2a: Thundurus
|-damage|p2a: Thundurus|0 fnt
|-unboost|p1a: Conkeldurr|def|1
|-unboost|p1a: Conkeldurr|spd|1
|faint|p2a: Thundurus
|
|win|UULT91w UnzipsC
|raw|UULT91w UnzipsC's rating: 1522 &rarr; <strong>1552</strong><br />(+30 for winning)
|raw|UULT91w Adaam's rating: 1704 &rarr; <strong>1674</strong><br />(-30 for losing)
|l| UULT91w Corp N
|l|☆UULT91w Adaam
|l| TestB4Best
||Ladder isn't responding, score probably updated but might not have (Request timeout).
|j| cafay sukray
|l|☆UULT91w UnzipsC
|l| cafay sukray
|j|☆UULT91w UnzipsC
|player|p1|UULT91w UnzipsC|lucas
