|j|☆Wolkii
|j|☆bioche80
|t:|1612744327
|player|p1|Wolkii|80|1446
|player|p2|bioche80|red|1360
|teamsize|p1|6
|teamsize|p2|6
|gametype|singles
|gen|8
|tier|[Gen 8] UU
|rated|
|clearpoke
|poke|p1|Crawdaunt, M|
|poke|p1|Terrakion|
|poke|p1|Kyurem|
|poke|p1|Lucario, M|
|poke|p1|Mimikyu, M|
|poke|p1|Rotom-Wash|
|poke|p2|Scizor, M|
|poke|p2|Ditto|
|poke|p2|Chansey, F|
|poke|p2|Keldeo-Resolute|
|poke|p2|Incineroar, M|
|poke|p2|Tentacruel, M|
|rule|Sleep Clause Mod: Limit one foe put to sleep
|rule|Species Clause: Limit one of each Pokémon
|rule|OHKO Clause: OHKO moves are banned
|rule|Evasion Moves Clause: Evasion moves are banned
|rule|Endless Battle Clause: Forcing endless battles is banned
|rule|HP Percentage Mod: HP is shown in percentages
|rule|Dynamax Clause: You cannot dynamax
|teampreview
|
|t:|1612744342
|start
|switch|p1a: Terrakion|Terrakion|100/100
|switch|p2a: Keldeo|Keldeo-Resolute|100/100
|turn|1
|
|t:|1612744347
|move|p2a: Keldeo|Scald|p1a: Terrakion
|-supereffective|p1a: Terrakion
|-damage|p1a: Terrakion|8/100
|-status|p1a: Terrakion|brn
|move|p1a: Terrakion|Stealth Rock|p2a: Keldeo
|-sidestart|p2: bioche80|move: Stealth Rock
|
|-damage|p1a: Terrakion|1/100 brn|[from] brn
|upkeep
|turn|2
|
|t:|1612744360
|switch|p2a: Tentacruel|Tentacruel, M|100/100
|-damage|p2a: Tentacruel|88/100|[from] Stealth Rock
|move|p1a: Terrakion|Close Combat|p2a: Tentacruel
|-resisted|p2a: Tentacruel
|-damage|p2a: Tentacruel|72/100
|-unboost|p1a: Terrakion|def|1
|-unboost|p1a: Terrakion|spd|1
|
|-heal|p2a: Tentacruel|78/100|[from] item: Black Sludge
|-damage|p1a: Terrakion|0 fnt|[from] brn
|faint|p1a: Terrakion
|upkeep
|
|t:|1612744367
|switch|p1a: Kyurem|Kyurem|100/100
|-ability|p1a: Kyurem|Pressure
|turn|3
|
|t:|1612744378
|move|p1a: Kyurem|Freeze-Dry|p2a: Tentacruel
|-supereffective|p2a: Tentacruel
|-damage|p2a: Tentacruel|0 fnt
|faint|p2a: Tentacruel
|
|upkeep
|
|t:|1612744383
|switch|p2a: Scizor|Scizor, M|100/100
|-damage|p2a: Scizor|88/100|[from] Stealth Rock
|turn|4
|
|t:|1612744388
|switch|p1a: Rotom|Rotom-Wash|100/100
|move|p2a: Scizor|Knock Off|p1a: Rotom
|-damage|p1a: Rotom|40/100
|-enditem|p1a: Rotom|Choice Scarf|[from] move: Knock Off|[of] p2a: Scizor
|-damage|p2a: Scizor|78/100|[from] item: Life Orb
|
|upkeep
|turn|5
|
|t:|1612744398
|move|p1a: Rotom|Trick|p2a: Scizor
|-activate|p1a: Rotom|move: Trick|[of] p2a: Scizor
|-enditem|p2a: Scizor|Life Orb|[silent]|[from] move: Trick
|-item|p1a: Rotom|Life Orb|[from] move: Trick
|move|p2a: Scizor|Knock Off|p1a: Rotom
|-damage|p1a: Rotom|0 fnt
|-enditem|p1a: Rotom|Life Orb|[from] move: Knock Off|[of] p2a: Scizor
|faint|p1a: Rotom
|
|upkeep
|
|t:|1612744408
|switch|p1a: Lucario|Lucario, M|100/100
|turn|6
|
|t:|1612744413
|move|p1a: Lucario|Close Combat|p2a: Scizor
|-damage|p2a: Scizor|15/100
|-unboost|p1a: Lucario|def|1
|-unboost|p1a: Lucario|spd|1
|-damage|p1a: Lucario|91/100|[from] item: Life Orb
|move|p2a: Scizor|U-turn|p1a: Lucario
|-resisted|p1a: Lucario
|-damage|p1a: Lucario|70/100
|
|t:|1612744422
|switch|p2a: Keldeo|Keldeo-Resolute|100/100|[from]move: U-turn
|-damage|p2a: Keldeo|94/100|[from] Stealth Rock
|
|-heal|p2a: Keldeo|100/100|[from] item: Leftovers
|upkeep
|turn|7
|
|t:|1612744440
|move|p2a: Keldeo|Scald|p1a: Lucario
|-damage|p1a: Lucario|0 fnt
|faint|p1a: Lucario
|
|upkeep
|
|t:|1612744442
|switch|p1a: Kyurem|Kyurem|100/100
|-ability|p1a: Kyurem|Pressure
|turn|8
|
|t:|1612744447
|switch|p1a: Crawdaunt|Crawdaunt, M|100/100
|move|p2a: Keldeo|Secret Sword|p1a: Crawdaunt
|-supereffective|p1a: Crawdaunt
|-damage|p1a: Crawdaunt|0 fnt
|faint|p1a: Crawdaunt
|
|upkeep
|-message|Wolkii forfeited.
|
|win|bioche80
|l|☆Wolkii
|raw|Wolkii's rating: 1472 &rarr; <strong>1446</strong><br />(-26 for losing)
|raw|bioche80's rating: 1360 &rarr; <strong>1386</strong><br />(+26 for winning)
