|raw|<div class="broadcast-blue"><strong>This battle is required to be public due to a player having a name starting with 'uult94a'.</div>
|j|☆UULT94A Sirkings
|j|☆Vxyc
|t:|1653924996
|gametype|singles
|player|p1|UULT94A Sirkings|cress|1520
|player|p2|Vxyc|janine|1464
|teamsize|p1|6
|teamsize|p2|6
|gen|8
|tier|[Gen 8] UU
|rated|
|rule|Sleep Clause Mod: Limit one foe put to sleep
|rule|Species Clause: Limit one of each Pokémon
|rule|OHKO Clause: OHKO moves are banned
|rule|Evasion Moves Clause: Evasion moves are banned
|rule|Endless Battle Clause: Forcing endless battles is banned
|rule|HP Percentage Mod: HP is shown in percentages
|rule|Dynamax Clause: You cannot dynamax
|clearpoke
|poke|p1|Aegislash, F|
|poke|p1|Zarude|
|poke|p1|Cobalion|
|poke|p1|Slowking, M|
|poke|p1|Mamoswine, F|
|poke|p1|Noivern, M|
|poke|p2|Keldeo-Resolute|
|poke|p2|Hydreigon, M|
|poke|p2|Hippowdon, F|
|poke|p2|Togekiss, F|
|poke|p2|Celebi|
|poke|p2|Aegislash, M|
|teampreview
|
|t:|1653925046
|start
|switch|p1a: Mamoswine|Mamoswine, F|100/100
|switch|p2a: Keldeo|Keldeo-Resolute|100/100
|turn|1
|
|t:|1653925053
|switch|p1a: Slowking|Slowking, M|100/100
|move|p2a: Keldeo|Flip Turn|p1a: Slowking
|-resisted|p1a: Slowking
|-damage|p1a: Slowking|95/100
|j| UULT94A PSM
|
|t:|1653925076
|switch|p2a: Hydreigon|Hydreigon, M|100/100|[from]move: Flip Turn
|
|upkeep
|turn|2
|
|t:|1653925095
|move|p2a: Hydreigon|Taunt|p1a: Slowking
|-start|p1a: Slowking|move: Taunt
|cant|p1a: Slowking|move: Taunt|Teleport
|
|upkeep
|turn|3
|
|t:|1653925162
|switch|p1a: Cobalion|Cobalion|100/100
|move|p2a: Hydreigon|Dark Pulse|p1a: Cobalion
|-resisted|p1a: Cobalion
|-damage|p1a: Cobalion|66/100
|-ability|p1a: Cobalion|Justified|boost
|-boost|p1a: Cobalion|atk|1
|
|upkeep
|turn|4
|
|t:|1653925175
|switch|p2a: Hippowdon|Hippowdon, F|100/100
|-weather|Sandstorm|[from] ability: Sand Stream|[of] p2a: Hippowdon
|move|p1a: Cobalion|Stealth Rock|p2a: Hippowdon
|-sidestart|p2: Vxyc|move: Stealth Rock
|
|-weather|Sandstorm|[upkeep]
|upkeep
|turn|5
|
|t:|1653925182
|move|p1a: Cobalion|Close Combat|p2a: Hippowdon
|-damage|p2a: Hippowdon|63/100
|-unboost|p1a: Cobalion|def|1
|-unboost|p1a: Cobalion|spd|1
|-damage|p1a: Cobalion|50/100|[from] item: Rocky Helmet|[of] p2a: Hippowdon
|move|p2a: Hippowdon|Stealth Rock|p1a: Cobalion
|-sidestart|p1: UULT94A Sirkings|move: Stealth Rock
|
|-weather|Sandstorm|[upkeep]
|upkeep
|turn|6
|
|t:|1653925191
|switch|p1a: Zarude|Zarude|100/100
|move|p2a: Hippowdon|Slack Off|p2a: Hippowdon
|-heal|p2a: Hippowdon|100/100
|
|-weather|Sandstorm|[upkeep]
|-damage|p1a: Zarude|95/100|[from] Sandstorm
|upkeep
|turn|7
|
|t:|1653925205
|move|p1a: Zarude|U-turn|p2a: Hippowdon
|-damage|p2a: Hippowdon|88/100
|-damage|p1a: Zarude|78/100|[from] item: Rocky Helmet|[of] p2a: Hippowdon
|
|t:|1653925209
|switch|p1a: Slowking|Slowking, M|100/100|[from]move: U-turn
|-damage|p1a: Slowking|88/100|[from] Stealth Rock
|move|p2a: Hippowdon|Slack Off|p2a: Hippowdon
|-heal|p2a: Hippowdon|100/100
|
|-weather|Sandstorm|[upkeep]
|-damage|p1a: Slowking|82/100|[from] Sandstorm
|upkeep
|turn|8
|
|t:|1653925224
|switch|p2a: Aegislash|Aegislash, M|100/100
|-damage|p2a: Aegislash|94/100|[from] Stealth Rock
|switch|p1a: Zarude|Zarude|78/100
|
|-weather|none
|upkeep
|turn|9
|
|t:|1653925232
|move|p1a: Zarude|Darkest Lariat|p2a: Aegislash
|-supereffective|p2a: Aegislash
|-damage|p2a: Aegislash|29/100
|-enditem|p2a: Aegislash|Weakness Policy
|-boost|p2a: Aegislash|atk|2|[from] item: Weakness Policy
|-boost|p2a: Aegislash|spa|2|[from] item: Weakness Policy
|-formechange|p2a: Aegislash|Aegislash-Blade||[from] ability: Stance Change
|move|p2a: Aegislash|Close Combat|p1a: Zarude
|-supereffective|p1a: Zarude
|-damage|p1a: Zarude|0 fnt
|-unboost|p2a: Aegislash|def|1
|-unboost|p2a: Aegislash|spd|1
|faint|p1a: Zarude
|
|upkeep
|
|t:|1653925245
|switch|p1a: Noivern|Noivern, M|100/100
|turn|10
|
|t:|1653925286
|switch|p2a: Togekiss|Togekiss, F|100/100
|move|p1a: Noivern|Flamethrower|p2a: Togekiss
|-damage|p2a: Togekiss|80/100
|
|upkeep
|turn|11
|
|t:|1653925307
|move|p1a: Noivern|U-turn|p2a: Togekiss
|-resisted|p2a: Togekiss
|-damage|p2a: Togekiss|77/100
|
|t:|1653925310
|switch|p1a: Aegislash|Aegislash, F|100/100|[from]move: U-turn
|-damage|p1a: Aegislash|94/100|[from] Stealth Rock
|move|p2a: Togekiss|Air Slash|p1a: Aegislash|[miss]
|-miss|p2a: Togekiss|p1a: Aegislash
|
|upkeep
|turn|12
|
|t:|1653925320
|move|p2a: Togekiss|Fire Blast|p1a: Aegislash
|-supereffective|p1a: Aegislash
|-damage|p1a: Aegislash|17/100
|-status|p1a: Aegislash|brn
|-formechange|p1a: Aegislash|Aegislash-Blade||[from] ability: Stance Change
|move|p1a: Aegislash|Flash Cannon|p2a: Togekiss
|-supereffective|p2a: Togekiss
|-damage|p2a: Togekiss|0 fnt
|faint|p2a: Togekiss
|
|-damage|p1a: Aegislash|11/100 brn|[from] brn
|upkeep
|
|t:|1653925346
|switch|p2a: Keldeo|Keldeo-Resolute|100/100
|-damage|p2a: Keldeo|94/100|[from] Stealth Rock
|turn|13
|
|t:|1653925353
|switch|p1a: Slowking|Slowking, M|100/100
|-damage|p1a: Slowking|88/100|[from] Stealth Rock
|move|p2a: Keldeo|Flip Turn|p1a: Slowking
|-resisted|p1a: Slowking
|-damage|p1a: Slowking|82/100
|
|t:|1653925373
|switch|p2a: Hydreigon|Hydreigon, M|100/100|[from]move: Flip Turn
|-damage|p2a: Hydreigon|88/100|[from] Stealth Rock
|
|upkeep
|turn|14
|
|t:|1653925417
|move|p2a: Hydreigon|Dark Pulse|p1a: Slowking
|-supereffective|p1a: Slowking
|-enditem|p1a: Slowking|Colbur Berry|[eat]
|-enditem|p1a: Slowking|Colbur Berry|[weaken]
|-damage|p1a: Slowking|44/100
|move|p1a: Slowking|Teleport|p1a: Slowking
|
|t:|1653925424
|switch|p1a: Cobalion|Cobalion|50/100|[from]move: Teleport
|-damage|p1a: Cobalion|47/100|[from] Stealth Rock
|
|upkeep
|turn|15
|
|t:|1653925446
|switch|p1a: Mamoswine|Mamoswine, F|100/100
|-damage|p1a: Mamoswine|88/100|[from] Stealth Rock
|switch|p2a: Aegislash|Aegislash, M|29/100
|-damage|p2a: Aegislash|23/100|[from] Stealth Rock
|
|upkeep
|turn|16
|n| Dunoks|uult94apsm
|
|t:|1653925483
|switch|p2a: Hippowdon|Hippowdon, F|100/100
|-damage|p2a: Hippowdon|94/100|[from] Stealth Rock
|-weather|Sandstorm|[from] ability: Sand Stream|[of] p2a: Hippowdon
|move|p1a: Mamoswine|Knock Off|p2a: Hippowdon
|-damage|p2a: Hippowdon|75/100
|-damage|p1a: Mamoswine|71/100|[from] item: Rocky Helmet|[of] p2a: Hippowdon
|-enditem|p2a: Hippowdon|Rocky Helmet|[from] move: Knock Off|[of] p1a: Mamoswine
|
|-weather|Sandstorm|[upkeep]
|upkeep
|turn|17
|
|t:|1653925495
|switch|p2a: Keldeo|Keldeo-Resolute|94/100
|-damage|p2a: Keldeo|88/100|[from] Stealth Rock
|move|p1a: Mamoswine|Icicle Crash|p2a: Keldeo
|-resisted|p2a: Keldeo
|-damage|p2a: Keldeo|52/100
|
|-weather|Sandstorm|[upkeep]
|-damage|p2a: Keldeo|45/100|[from] Sandstorm
|upkeep
|turn|18
|
|t:|1653925531
|switch|p1a: Slowking|Slowking, M|77/100
|-damage|p1a: Slowking|65/100|[from] Stealth Rock
|move|p2a: Keldeo|Flip Turn|p1a: Slowking
|-resisted|p1a: Slowking
|-damage|p1a: Slowking|59/100
|
|t:|1653925543
|switch|p2a: Hydreigon|Hydreigon, M|88/100|[from]move: Flip Turn
|-damage|p2a: Hydreigon|76/100|[from] Stealth Rock
|
|-weather|Sandstorm|[upkeep]
|-damage|p2a: Hydreigon|70/100|[from] Sandstorm
|-damage|p1a: Slowking|53/100|[from] Sandstorm
|upkeep
|turn|19
|
|t:|1653925587
|switch|p1a: Aegislash|Aegislash, F|11/100 brn
|-damage|p1a: Aegislash|5/100 brn|[from] Stealth Rock
|move|p2a: Hydreigon|Dark Pulse|p1a: Aegislash
|-supereffective|p1a: Aegislash
|-damage|p1a: Aegislash|0 fnt
|faint|p1a: Aegislash
|
|-weather|Sandstorm|[upkeep]
|-damage|p2a: Hydreigon|63/100|[from] Sandstorm
|upkeep
|
|t:|1653925592
|switch|p1a: Noivern|Noivern, M|100/100
|turn|20
|inactive|Battle timer is ON: inactive players will automatically lose when time's up. (requested by UULT94A Sirkings)
|
|t:|1653925642
|move|p1a: Noivern|U-turn|p2a: Hydreigon
|-supereffective|p2a: Hydreigon
|-damage|p2a: Hydreigon|40/100
|
|t:|1653925649
|switch|p1a: Cobalion|Cobalion|47/100|[from]move: U-turn
|-damage|p1a: Cobalion|44/100|[from] Stealth Rock
|move|p2a: Hydreigon|Roost|p2a: Hydreigon
|-heal|p2a: Hydreigon|90/100
|-singleturn|p2a: Hydreigon|move: Roost
|
|-weather|none
|upkeep
|turn|21
|inactive|Vxyc has 120 seconds left.
|
|t:|1653925682
|switch|p1a: Mamoswine|Mamoswine, F|71/100
|-damage|p1a: Mamoswine|59/100|[from] Stealth Rock
|switch|p2a: Aegislash|Aegislash, M|23/100
|-damage|p2a: Aegislash|17/100|[from] Stealth Rock
|
|upkeep
|turn|22
|
|t:|1653925708
|-formechange|p2a: Aegislash|Aegislash-Blade||[from] ability: Stance Change
|move|p2a: Aegislash|Shadow Sneak|p1a: Mamoswine
|-damage|p1a: Mamoswine|37/100
|move|p1a: Mamoswine|Knock Off|p2a: Aegislash
|-supereffective|p2a: Aegislash
|-damage|p2a: Aegislash|0 fnt
|faint|p2a: Aegislash
|
|upkeep
|inactive|Vxyc has 120 seconds left.
|
|t:|1653925724
|switch|p2a: Keldeo|Keldeo-Resolute|45/100
|-damage|p2a: Keldeo|39/100|[from] Stealth Rock
|turn|23
|
|t:|1653925728
|switch|p1a: Slowking|Slowking, M|86/100
|-damage|p1a: Slowking|74/100|[from] Stealth Rock
|move|p2a: Keldeo|Flip Turn|p1a: Slowking
|-resisted|p1a: Slowking
|-damage|p1a: Slowking|69/100
|
|t:|1653925737
|switch|p2a: Hydreigon|Hydreigon, M|90/100|[from]move: Flip Turn
|-damage|p2a: Hydreigon|77/100|[from] Stealth Rock
|
|upkeep
|turn|24
|
|t:|1653925745
|move|p2a: Hydreigon|Dark Pulse|p1a: Slowking
|-supereffective|p1a: Slowking
|-damage|p1a: Slowking|0 fnt
|faint|p1a: Slowking
|
|upkeep
|
|t:|1653925747
|switch|p1a: Noivern|Noivern, M|100/100
|turn|25
|
|t:|1653925769
|move|p1a: Noivern|Draco Meteor|p2a: Hydreigon
|-supereffective|p2a: Hydreigon
|-damage|p2a: Hydreigon|0 fnt
|-unboost|p1a: Noivern|spa|2
|faint|p2a: Hydreigon
|
|upkeep
|
|t:|1653925775
|switch|p2a: Celebi|Celebi|100/100
|-damage|p2a: Celebi|88/100|[from] Stealth Rock
|turn|26
|
|t:|1653925778
|move|p1a: Noivern|U-turn|p2a: Celebi
|-supereffective|p2a: Celebi
|-damage|p2a: Celebi|50/100
|-enditem|p2a: Celebi|Weakness Policy
|-boost|p2a: Celebi|atk|2|[from] item: Weakness Policy
|-boost|p2a: Celebi|spa|2|[from] item: Weakness Policy
|
|t:|1653925803
|switch|p1a: Cobalion|Cobalion|44/100|[from]move: U-turn
|-damage|p1a: Cobalion|40/100|[from] Stealth Rock
|move|p2a: Celebi|Swords Dance|p2a: Celebi
|-boost|p2a: Celebi|atk|2
|
|upkeep
|turn|27
|
|t:|1653925811
|move|p1a: Cobalion|Stone Edge|p2a: Celebi|[miss]
|-miss|p1a: Cobalion|p2a: Celebi
|move|p2a: Celebi|Recover|p2a: Celebi
|-heal|p2a: Celebi|100/100
|
|upkeep
|turn|28
|
|t:|1653925816
|move|p1a: Cobalion|Stone Edge|p2a: Celebi
|-damage|p2a: Celebi|77/100
|move|p2a: Celebi|Swords Dance|p2a: Celebi
|-boost|p2a: Celebi|atk|2
|
|upkeep
|turn|29
|
|t:|1653925832
|move|p1a: Cobalion|Stone Edge|p2a: Celebi
|-crit|p2a: Celebi
|-damage|p2a: Celebi|43/100
|move|p2a: Celebi|Recover|p2a: Celebi
|-heal|p2a: Celebi|93/100
|
|upkeep
|turn|30
|
|t:|1653925849
|move|p1a: Cobalion|Stone Edge|p2a: Celebi|[miss]
|-miss|p1a: Cobalion|p2a: Celebi
|move|p2a: Celebi|Recover|p2a: Celebi
|-heal|p2a: Celebi|100/100
|
|upkeep
|turn|31
|inactive|Vxyc has 120 seconds left.
|
|t:|1653925877
|move|p1a: Cobalion|Stone Edge|p2a: Celebi
|-damage|p2a: Celebi|76/100
|move|p2a: Celebi|Zen Headbutt|p1a: Cobalion|[miss]
|-miss|p2a: Celebi|p1a: Cobalion
|
|upkeep
|turn|32
|
|t:|1653925894
|move|p1a: Cobalion|Volt Switch|p2a: Celebi
|-resisted|p2a: Celebi
|-damage|p2a: Celebi|71/100
|
|t:|1653925896
|switch|p1a: Noivern|Noivern, M|100/100|[from]move: Volt Switch
|move|p2a: Celebi|Recover|p2a: Celebi
|-heal|p2a: Celebi|100/100
|
|upkeep
|turn|33
|
|t:|1653925903
|move|p2a: Celebi|Sucker Punch||[still]
|-fail|p2a: Celebi
|move|p1a: Noivern|Roost||[still]
|-fail|p1a: Noivern|heal
|
|upkeep
|turn|34
|
|t:|1653925922
|switch|p1a: Cobalion|Cobalion|40/100
|-damage|p1a: Cobalion|37/100|[from] Stealth Rock
|move|p2a: Celebi|Sucker Punch||[still]
|-fail|p2a: Celebi
|
|upkeep
|turn|35
|
|t:|1653925928
|move|p2a: Celebi|Sucker Punch|p1a: Cobalion
|-resisted|p1a: Cobalion
|-crit|p1a: Cobalion
|-damage|p1a: Cobalion|0 fnt
|-damage|p2a: Celebi|84/100|[from] item: Rocky Helmet|[of] p1a: Cobalion
|faint|p1a: Cobalion
|
|upkeep
|
|t:|1653925941
|switch|p1a: Noivern|Noivern, M|100/100
|turn|36
|
|t:|1653925946
|move|p2a: Celebi|Sucker Punch|p1a: Noivern
|-damage|p1a: Noivern|0 fnt
|faint|p1a: Noivern
|
|upkeep
|
|t:|1653925948
|switch|p1a: Mamoswine|Mamoswine, F|37/100
|-damage|p1a: Mamoswine|25/100|[from] Stealth Rock
|turn|37
|
|t:|1653925953
|move|p1a: Mamoswine|Ice Shard|p2a: Celebi
|-supereffective|p2a: Celebi
|-damage|p2a: Celebi|36/100
|move|p2a: Celebi|Zen Headbutt|p1a: Mamoswine
|-damage|p1a: Mamoswine|0 fnt
|faint|p1a: Mamoswine
|
|win|Vxyc
|raw|UULT94A Sirkings's rating: 1520 &rarr; <strong>1497</strong><br />(-23 for losing)
|raw|Vxyc's rating: 1464 &rarr; <strong>1487</strong><br />(+23 for winning)
|c|☆Vxyc|gg
|j| NT71DY charmz
|c|☆UULT94A Sirkings|gg
|l|☆UULT94A Sirkings
||Ladder isn't responding, score probably updated but might not have (Request timeout).
