|j|☆reck_it_rob
|j|☆Fousfull
|t:|1666049416
|gametype|singles
|player|p1|reck_it_rob|marlon|1286
|player|p2|Fousfull|blackbelt-gen4|1574
|teamsize|p1|6
|teamsize|p2|6
|gen|8
|tier|[Gen 8] UU
|rated|
|rule|Sleep Clause Mod: Limit one foe put to sleep
|rule|Species Clause: Limit one of each Pokémon
|rule|OHKO Clause: OHKO moves are banned
|rule|Evasion Items Clause: Evasion items are banned
|rule|Evasion Moves Clause: Evasion moves are banned
|rule|Endless Battle Clause: Forcing endless battles is banned
|rule|HP Percentage Mod: HP is shown in percentages
|rule|Dynamax Clause: You cannot dynamax
|clearpoke
|poke|p1|Moltres|
|poke|p1|Swampert, F|
|poke|p1|Jirachi|
|poke|p1|Excadrill, F|
|poke|p1|Heliolisk, F|
|poke|p1|Necrozma|
|poke|p2|Scizor, M|
|poke|p2|Hydreigon, F|
|poke|p2|Thundurus-Therian, M|
|poke|p2|Starmie|
|poke|p2|Hippowdon, F|
|poke|p2|Amoonguss, F|
|teampreview
|
|t:|1666049479
|start
|switch|p1a: Swampert|Swampert, F|100/100
|switch|p2a: Hydreigon|Hydreigon, F|100/100
|turn|1
|
|t:|1666049485
|move|p2a: Hydreigon|Dark Pulse|p1a: Swampert
|-damage|p1a: Swampert|70/100
|move|p1a: Swampert|Stealth Rock|p2a: Hydreigon
|-sidestart|p2: Fousfull|move: Stealth Rock
|
|-heal|p1a: Swampert|76/100|[from] item: Leftovers
|upkeep
|turn|2
|inactive|Battle timer is ON: inactive players will automatically lose when time's up. (requested by reck_it_rob)
|
|t:|1666049524
|move|p2a: Hydreigon|Dark Pulse|p1a: Swampert
|-crit|p1a: Swampert
|-damage|p1a: Swampert|31/100
|cant|p1a: Swampert|flinch
|
|-heal|p1a: Swampert|37/100|[from] item: Leftovers
|upkeep
|turn|3
|
|t:|1666049529
|move|p2a: Hydreigon|Dark Pulse|p1a: Swampert
|-damage|p1a: Swampert|9/100
|move|p1a: Swampert|Flip Turn|p2a: Hydreigon
|-resisted|p2a: Hydreigon
|-damage|p2a: Hydreigon|81/100
|inactive|reck_it_rob has 120 seconds left.
|
|t:|1666049581
|switch|p1a: Jirachi|Jirachi|100/100|[from]move: Flip Turn
|
|upkeep
|turn|4
|
|t:|1666049596
|switch|p2a: Amoonguss|Amoonguss, F|100/100
|-damage|p2a: Amoonguss|88/100|[from] Stealth Rock
|move|p1a: Jirachi|U-turn|p2a: Amoonguss
|-damage|p2a: Amoonguss|71/100
|-damage|p1a: Jirachi|84/100|[from] item: Rocky Helmet|[of] p2a: Amoonguss
|
|t:|1666049601
|switch|p1a: Necrozma|Necrozma|100/100|[from]move: U-turn
|
|upkeep
|turn|5
|
|t:|1666049604
|move|p1a: Necrozma|Photon Geyser|p2a: Amoonguss
|-supereffective|p2a: Amoonguss
|-damage|p2a: Amoonguss|0 fnt
|faint|p2a: Amoonguss
|
|upkeep
|
|t:|1666049606
|switch|p2a: Hydreigon|Hydreigon, F|81/100
|-damage|p2a: Hydreigon|69/100|[from] Stealth Rock
|turn|6
|inactive|reck_it_rob has 120 seconds left.
|inactive|reck_it_rob has 90 seconds left.
|inactive|reck_it_rob has 60 seconds left.
|
|t:|1666049691
|move|p2a: Hydreigon|Dark Pulse|p1a: Necrozma
|-supereffective|p1a: Necrozma
|-damage|p1a: Necrozma|42/100
|move|p1a: Necrozma|Heat Wave|p2a: Hydreigon
|-resisted|p2a: Hydreigon
|-damage|p2a: Hydreigon|49/100
|
|-heal|p1a: Necrozma|48/100|[from] item: Leftovers
|upkeep
|turn|7
|inactive|reck_it_rob has 60 seconds left.
|
|t:|1666049708
|switch|p1a: Swampert|Swampert, F|9/100
|move|p2a: Hydreigon|Dark Pulse|p1a: Swampert
|-damage|p1a: Swampert|0 fnt
|faint|p1a: Swampert
|
|upkeep
|
|t:|1666049710
|switch|p1a: Jirachi|Jirachi|84/100
|turn|8
|inactive|reck_it_rob has 60 seconds left.
|
|t:|1666049726
|switch|p2a: Hippowdon|Hippowdon, F|100/100
|-damage|p2a: Hippowdon|94/100|[from] Stealth Rock
|-weather|Sandstorm|[from] ability: Sand Stream|[of] p2a: Hippowdon
|move|p1a: Jirachi|Ice Punch|p2a: Hippowdon
|-supereffective|p2a: Hippowdon
|-damage|p2a: Hippowdon|65/100
|-status|p2a: Hippowdon|frz
|
|-weather|Sandstorm|[upkeep]
|-heal|p2a: Hippowdon|71/100 frz|[from] item: Leftovers
|upkeep
|turn|9
|inactive|Fousfull has 120 seconds left.
|
|t:|1666049768
|switch|p1a: Excadrill|Excadrill, F|100/100
|-ability|p1a: Excadrill|Mold Breaker
|-item|p1a: Excadrill|Air Balloon
|cant|p2a: Hippowdon|frz
|
|-weather|Sandstorm|[upkeep]
|-heal|p2a: Hippowdon|77/100 frz|[from] item: Leftovers
|upkeep
|turn|10
|
|t:|1666049773
|move|p1a: Excadrill|Swords Dance|p1a: Excadrill
|-boost|p1a: Excadrill|atk|2
|-curestatus|p2a: Hippowdon|frz|[msg]
|move|p2a: Hippowdon|Stealth Rock|p1a: Excadrill
|-sidestart|p1: reck_it_rob|move: Stealth Rock
|
|-weather|Sandstorm|[upkeep]
|-heal|p2a: Hippowdon|83/100|[from] item: Leftovers
|upkeep
|turn|11
|
|t:|1666049776
|switch|p2a: Scizor|Scizor, M|100/100
|-damage|p2a: Scizor|88/100|[from] Stealth Rock
|move|p1a: Excadrill|Rapid Spin|p2a: Scizor
|-resisted|p2a: Scizor
|-damage|p2a: Scizor|69/100
|-boost|p1a: Excadrill|spe|1
|-sideend|p1: reck_it_rob|Stealth Rock|[from] move: Rapid Spin|[of] p1a: Excadrill
|
|-weather|Sandstorm|[upkeep]
|upkeep
|turn|12
|
|t:|1666049781
|move|p2a: Scizor|Bullet Punch|p1a: Excadrill
|-resisted|p1a: Excadrill
|-damage|p1a: Excadrill|76/100
|-enditem|p1a: Excadrill|Air Balloon
|move|p1a: Excadrill|Earthquake|p2a: Scizor
|-damage|p2a: Scizor|0 fnt
|faint|p2a: Scizor
|
|-weather|none
|upkeep
|
|t:|1666049783
|switch|p2a: Hippowdon|Hippowdon, F|83/100
|-damage|p2a: Hippowdon|77/100|[from] Stealth Rock
|-weather|Sandstorm|[from] ability: Sand Stream|[of] p2a: Hippowdon
|turn|13
|inactive|reck_it_rob has 90 seconds left.
|inactive|reck_it_rob has 60 seconds left.
|
|t:|1666049836
|move|p1a: Excadrill|Earthquake|p2a: Hippowdon
|-damage|p2a: Hippowdon|8/100
|move|p2a: Hippowdon|Earthquake|p1a: Excadrill
|-supereffective|p1a: Excadrill
|-damage|p1a: Excadrill|0 fnt
|faint|p1a: Excadrill
|
|-weather|Sandstorm|[upkeep]
|-heal|p2a: Hippowdon|14/100|[from] item: Leftovers
|upkeep
|
|t:|1666049843
|switch|p1a: Jirachi|Jirachi|84/100
|turn|14
|
|t:|1666049848
|switch|p2a: Thundurus|Thundurus-Therian, M|100/100
|move|p1a: Jirachi|U-turn|p2a: Thundurus
|-resisted|p2a: Thundurus
|-damage|p2a: Thundurus|85/100
|
|t:|1666049854
|switch|p1a: Necrozma|Necrozma|48/100|[from]move: U-turn
|
|-weather|Sandstorm|[upkeep]
|-damage|p2a: Thundurus|79/100|[from] Sandstorm
|-damage|p1a: Necrozma|42/100|[from] Sandstorm
|-heal|p1a: Necrozma|48/100|[from] item: Leftovers
|upkeep
|turn|15
|
|t:|1666049857
|move|p2a: Thundurus|Volt Switch|p1a: Necrozma
|-crit|p1a: Necrozma
|-damage|p1a: Necrozma|0 fnt
|faint|p1a: Necrozma
|
|t:|1666049867
|switch|p2a: Starmie|Starmie|100/100|[from]move: Volt Switch
|-damage|p2a: Starmie|88/100|[from] Stealth Rock
|
|-weather|Sandstorm|[upkeep]
|-damage|p2a: Starmie|82/100|[from] Sandstorm
|upkeep
|
|t:|1666049874
|switch|p1a: Jirachi|Jirachi|84/100
|turn|16
|
|t:|1666049879
|move|p1a: Jirachi|U-turn|p2a: Starmie
|-supereffective|p2a: Starmie
|-damage|p2a: Starmie|23/100
|
|t:|1666049882
|switch|p1a: Heliolisk|Heliolisk, F, shiny|100/100|[from]move: U-turn
|move|p2a: Starmie|Recover|p2a: Starmie
|-heal|p2a: Starmie|73/100
|
|-weather|Sandstorm|[upkeep]
|-damage|p2a: Starmie|67/100|[from] Sandstorm
|-damage|p1a: Heliolisk|94/100|[from] Sandstorm
|upkeep
|turn|17
|
|t:|1666049887
|move|p2a: Starmie|Ice Beam|p1a: Heliolisk
|-damage|p1a: Heliolisk|48/100
|-damage|p2a: Starmie|57/100|[from] item: Life Orb
|move|p1a: Heliolisk|Hyper Voice|p2a: Starmie
|-damage|p2a: Starmie|0 fnt
|faint|p2a: Starmie
|
|-weather|none
|upkeep
|
|t:|1666049894
|switch|p2a: Hydreigon|Hydreigon, F|49/100
|-damage|p2a: Hydreigon|37/100|[from] Stealth Rock
|turn|18
|
|t:|1666049911
|switch|p1a: Moltres|Moltres|100/100
|move|p2a: Hydreigon|Dark Pulse|p1a: Moltres
|-damage|p1a: Moltres|58/100
|
|upkeep
|turn|19
|
|t:|1666049917
|move|p2a: Hydreigon|Dark Pulse|p1a: Moltres
|-damage|p1a: Moltres|11/100
|move|p1a: Moltres|U-turn|p2a: Hydreigon
|-supereffective|p2a: Hydreigon
|-damage|p2a: Hydreigon|5/100
|
|t:|1666049920
|switch|p1a: Jirachi|Jirachi|84/100|[from]move: U-turn
|
|upkeep
|turn|20
|
|t:|1666049922
|move|p1a: Jirachi|U-turn|p2a: Hydreigon
|-supereffective|p2a: Hydreigon
|-damage|p2a: Hydreigon|0 fnt
|faint|p2a: Hydreigon
|
|t:|1666049925
|switch|p1a: Heliolisk|Heliolisk, F, shiny|48/100|[from]move: U-turn
|
|upkeep
|
|t:|1666049927
|switch|p2a: Thundurus|Thundurus-Therian, M|79/100
|turn|21
|
|t:|1666049930
|move|p1a: Heliolisk|Hyper Voice|p2a: Thundurus
|-damage|p2a: Thundurus|0 fnt
|faint|p2a: Thundurus
|
|upkeep
|-message|Fousfull forfeited.
|
|win|reck_it_rob
|raw|reck_it_rob's rating: 1286 &rarr; <strong>1328</strong><br />(+42 for winning)
|raw|Fousfull's rating: 1566 &rarr; <strong>1533</strong><br />(-33 for losing)
|c|☆reck_it_rob|gg
|l|☆Fousfull
||Ladder isn't responding, score probably updated but might not have (Request timeout).
