|j|☆5 pia to the top
|j|‽mngalahad
|t:|1659918337
|gametype|singles
|player|p1|5 pia to the top|#uutrio2ladder|1427
|player|p2|mngalahad|2|1307
|teamsize|p1|5
|teamsize|p2|6
|gen|8
|tier|[Gen 8] UU
|rated|
|rule|Sleep Clause Mod: Limit one foe put to sleep
|rule|Species Clause: Limit one of each Pokémon
|rule|OHKO Clause: OHKO moves are banned
|rule|Evasion Items Clause: Evasion items are banned
|rule|Evasion Moves Clause: Evasion moves are banned
|rule|Endless Battle Clause: Forcing endless battles is banned
|rule|HP Percentage Mod: HP is shown in percentages
|rule|Dynamax Clause: You cannot dynamax
|clearpoke
|poke|p1|Salamence, F|
|poke|p1|Chansey, F|
|poke|p1|Umbreon, F|
|poke|p1|Quagsire, M|
|poke|p1|Tangrowth, F|
|poke|p2|Sandslash-Alola, M|
|poke|p2|Aurorus, M|
|poke|p2|Conkeldurr, F|
|poke|p2|Reuniclus, M|
|poke|p2|Grimmsnarl, M|
|poke|p2|Keldeo-Resolute|
|teampreview
|j|+Mengy ㋛
|j| Artemy ㋡ Burakh
|j| sketchy ecchi
|
|t:|1659918369
|start
|switch|p1a: megan the eggin|Chansey, F|100/100
|switch|p2a: Aurorus|Aurorus, M|100/100
|-weather|Hail|[from] ability: Snow Warning|[of] p2a: Aurorus
|turn|1
|
|t:|1659918376
|move|p2a: Aurorus|Aurora Veil|p2a: Aurorus
|-sidestart|p2: mngalahad|move: Aurora Veil
|move|p1a: megan the eggin|Stealth Rock|p2a: Aurorus
|-sidestart|p2: mngalahad|move: Stealth Rock
|
|-weather|Hail|[upkeep]
|-damage|p1a: megan the eggin|94/100|[from] Hail
|upkeep
|turn|2
|
|t:|1659918384
|move|p2a: Aurorus|Aurora Veil||[still]
|-fail|p2a: Aurorus
|move|p1a: megan the eggin|Seismic Toss|p2a: Aurorus
|-damage|p2a: Aurorus|78/100
|
|-weather|Hail|[upkeep]
|-damage|p1a: megan the eggin|88/100|[from] Hail
|upkeep
|turn|3
|
|t:|1659918389
|move|p2a: Aurorus|Thunder Wave|p1a: megan the eggin
|-status|p1a: megan the eggin|par
|move|p1a: megan the eggin|Seismic Toss|p2a: Aurorus
|-damage|p2a: Aurorus|56/100
|
|-weather|Hail|[upkeep]
|-damage|p1a: megan the eggin|82/100 par|[from] Hail
|upkeep
|turn|4
|
|t:|1659918397
|switch|p2a: Conkeldurr|Conkeldurr, F|100/100
|-damage|p2a: Conkeldurr|95/100|[from] Stealth Rock
|cant|p1a: megan the eggin|par
|
|-weather|Hail|[upkeep]
|-damage|p2a: Conkeldurr|89/100|[from] Hail
|-damage|p1a: megan the eggin|76/100 par|[from] Hail
|-status|p2a: Conkeldurr|brn|[from] item: Flame Orb
|upkeep
|turn|5
|
|t:|1659918402
|-curestatus|p1a: megan the eggin|par|[from] ability: Natural Cure
|switch|p1a: scary airy|Salamence, F|100/100
|-ability|p1a: scary airy|Intimidate|boost
|-unboost|p2a: Conkeldurr|atk|1
|move|p2a: Conkeldurr|Drain Punch|p1a: scary airy
|-resisted|p1a: scary airy
|-damage|p1a: scary airy|80/100
|-heal|p2a: Conkeldurr|99/100 brn|[from] drain|[of] p1a: scary airy
|
|-weather|Hail|[upkeep]
|-damage|p1a: scary airy|74/100|[from] Hail
|-damage|p2a: Conkeldurr|94/100 brn|[from] Hail
|-damage|p2a: Conkeldurr|88/100 brn|[from] brn
|-sideend|p2: mngalahad|move: Aurora Veil
|upkeep
|turn|6
|
|t:|1659918415
|switch|p2a: Sandslash|Sandslash-Alola, M|100/100
|-damage|p2a: Sandslash|88/100|[from] Stealth Rock
|move|p1a: scary airy|Flamethrower|p2a: Sandslash
|-supereffective|p2a: Sandslash
|-damage|p2a: Sandslash|0 fnt
|faint|p2a: Sandslash
|
|-weather|Hail|[upkeep]
|-damage|p1a: scary airy|68/100|[from] Hail
|upkeep
|j| suloxiv ✿
|
|t:|1659918425
|switch|p2a: Reuniclus|Reuniclus, M, shiny|100/100
|turn|7
|
|t:|1659918431
|switch|p1a: poggy froggy|Quagsire, M|100/100
|move|p2a: Reuniclus|Trick Room|p2a: Reuniclus
|-fieldstart|move: Trick Room|[of] p2a: Reuniclus
|
|-weather|Hail|[upkeep]
|-damage|p1a: poggy froggy|94/100|[from] Hail
|-heal|p1a: poggy froggy|100/100|[from] item: Leftovers
|upkeep
|turn|8
|
|t:|1659918437
|move|p2a: Reuniclus|Energy Ball|p1a: poggy froggy
|-supereffective|p1a: poggy froggy
|-damage|p1a: poggy froggy|0 fnt
|faint|p1a: poggy froggy
|
|-weather|none
|upkeep
|
|t:|1659918440
|switch|p1a: megan the eggin|Chansey, F|76/100
|turn|9
|
|t:|1659918443
|move|p2a: Reuniclus|Psyshock|p1a: megan the eggin
|-damage|p1a: megan the eggin|45/100
|move|p1a: megan the eggin|Soft-Boiled|p1a: megan the eggin
|-heal|p1a: megan the eggin|95/100
|
|upkeep
|turn|10
|c|☆5 pia to the top|ur favorite sulo
|
|t:|1659918451
|move|p2a: Reuniclus|Psyshock|p1a: megan the eggin
|-damage|p1a: megan the eggin|61/100
|move|p1a: megan the eggin|Seismic Toss|p2a: Reuniclus
|-damage|p2a: Reuniclus|75/100
|
|upkeep
|turn|11
|c| suloxiv ✿|YASSSSSSS SLAY
|
|t:|1659918457
|switch|p2a: Aurorus|Aurorus, M|56/100
|-damage|p2a: Aurorus|31/100|[from] Stealth Rock
|-weather|Hail|[from] ability: Snow Warning|[of] p2a: Aurorus
|move|p1a: megan the eggin|Soft-Boiled|p1a: megan the eggin
|-heal|p1a: megan the eggin|100/100
|
|-weather|Hail|[upkeep]
|-damage|p1a: megan the eggin|94/100|[from] Hail
|-fieldend|move: Trick Room
|upkeep
|turn|12
|c| suloxiv ✿|GO mngalahad
|
|t:|1659918462
|move|p2a: Aurorus|Thunder Wave|p1a: megan the eggin
|-status|p1a: megan the eggin|par
|move|p1a: megan the eggin|Seismic Toss|p2a: Aurorus
|-damage|p2a: Aurorus|9/100
|
|-weather|Hail|[upkeep]
|-damage|p1a: megan the eggin|88/100 par|[from] Hail
|upkeep
|turn|13
|c|☆5 pia to the top|ty
|
|t:|1659918470
|-curestatus|p1a: megan the eggin|par|[from] ability: Natural Cure
|switch|p1a: umby wumby|Umbreon, F|100/100
|move|p2a: Aurorus|Aurora Veil|p2a: Aurorus
|-sidestart|p2: mngalahad|move: Aurora Veil
|
|-weather|Hail|[upkeep]
|-damage|p1a: umby wumby|94/100|[from] Hail
|-heal|p1a: umby wumby|100/100|[from] item: Leftovers
|upkeep
|turn|14
|
|t:|1659918474
|move|p1a: umby wumby|Foul Play|p2a: Aurorus
|-damage|p2a: Aurorus|0 fnt
|faint|p2a: Aurorus
|
|-weather|Hail|[upkeep]
|-damage|p1a: umby wumby|94/100|[from] Hail
|-heal|p1a: umby wumby|100/100|[from] item: Leftovers
|upkeep
|c|+Mengy ㋛|YASSS MURDER
|
|t:|1659918486
|switch|p2a: Keldeo|Keldeo-Resolute|100/100
|-damage|p2a: Keldeo|94/100|[from] Stealth Rock
|turn|15
|
|t:|1659918495
|switch|p1a: tang ur wang|Tangrowth, F|100/100
|move|p2a: Keldeo|Air Slash|p1a: tang ur wang
|-supereffective|p1a: tang ur wang
|-damage|p1a: tang ur wang|52/100
|
|-weather|Hail|[upkeep]
|-damage|p2a: Keldeo|88/100|[from] Hail
|-damage|p1a: tang ur wang|46/100|[from] Hail
|upkeep
|turn|16
|
|t:|1659918499
|switch|p1a: umby wumby|Umbreon, F|100/100
|move|p2a: Keldeo|Air Slash|p1a: umby wumby
|-damage|p1a: umby wumby|74/100
|
|-weather|Hail|[upkeep]
|-damage|p2a: Keldeo|82/100|[from] Hail
|-damage|p1a: umby wumby|68/100|[from] Hail
|-heal|p1a: umby wumby|74/100|[from] item: Leftovers
|upkeep
|turn|17
|
|t:|1659918502
|switch|p2a: Grimmsnarl|Grimmsnarl, M|100/100
|-damage|p2a: Grimmsnarl|88/100|[from] Stealth Rock
|move|p1a: umby wumby|Wish|p1a: umby wumby
|
|-weather|Hail|[upkeep]
|-damage|p1a: umby wumby|68/100|[from] Hail
|-damage|p2a: Grimmsnarl|82/100|[from] Hail
|-heal|p1a: umby wumby|74/100|[from] item: Leftovers
|-sideend|p2: mngalahad|move: Aurora Veil
|upkeep
|turn|18
|c| sketchy ecchi|is mengy a yass girl now
|
|t:|1659918508
|switch|p1a: tang ur wang|Tangrowth, F|79/100
|move|p2a: Grimmsnarl|Spirit Break|p1a: tang ur wang
|-damage|p1a: tang ur wang|53/100
|-unboost|p1a: tang ur wang|spa|1
|
|-weather|none
|-heal|p1a: tang ur wang|100/100|[from] move: Wish|[wisher] umby wumby
|upkeep
|turn|19
|
|t:|1659918513
|move|p2a: Grimmsnarl|Reflect|p2a: Grimmsnarl
|-sidestart|p2: mngalahad|Reflect
|move|p1a: tang ur wang|Power Whip|p2a: Grimmsnarl
|-damage|p2a: Grimmsnarl|57/100
|
|upkeep
|turn|20
|c|+Mengy ㋛|I'm not a follower
|
|t:|1659918519
|switch|p2a: Reuniclus|Reuniclus, M, shiny|75/100
|move|p1a: tang ur wang|Sludge Bomb|p2a: Reuniclus
|-damage|p2a: Reuniclus|66/100
|
|upkeep
|turn|21
|
|t:|1659918523
|switch|p1a: megan the eggin|Chansey, F|88/100
|move|p2a: Reuniclus|Trick Room|p2a: Reuniclus
|-fieldstart|move: Trick Room|[of] p2a: Reuniclus
|
|upkeep
|turn|22
|c|+Mengy ㋛|I'm the person whom the followers follow
|
|t:|1659918534
|move|p2a: Reuniclus|Psyshock|p1a: megan the eggin
|-damage|p1a: megan the eggin|55/100
|move|p1a: megan the eggin|Seismic Toss|p2a: Reuniclus
|-damage|p2a: Reuniclus|40/100
|
|upkeep
|turn|23
|
|t:|1659918539
|move|p2a: Reuniclus|Recover|p2a: Reuniclus
|-heal|p2a: Reuniclus|90/100
|move|p1a: megan the eggin|Soft-Boiled|p1a: megan the eggin
|-heal|p1a: megan the eggin|100/100
|
|-sideend|p2: mngalahad|Reflect
|upkeep
|turn|24
|c|+Mengy ㋛|sketchy ecchi did you know the word thence is a word
|
|t:|1659918543
|switch|p2a: Conkeldurr|Conkeldurr, F|88/100 brn
|-damage|p2a: Conkeldurr|82/100 brn|[from] Stealth Rock
|switch|p1a: umby wumby|Umbreon, F|74/100
|
|-heal|p1a: umby wumby|80/100|[from] item: Leftovers
|-damage|p2a: Conkeldurr|76/100 brn|[from] brn
|upkeep
|turn|25
|
|t:|1659918546
|move|p1a: umby wumby|Protect|p1a: umby wumby
|-singleturn|p1a: umby wumby|Protect
|move|p2a: Conkeldurr|Knock Off|p1a: umby wumby
|-activate|p1a: umby wumby|move: Protect
|
|-heal|p1a: umby wumby|86/100|[from] item: Leftovers
|-damage|p2a: Conkeldurr|70/100 brn|[from] brn
|-fieldend|move: Trick Room
|upkeep
|turn|26
|
|t:|1659918549
|switch|p1a: scary airy|Salamence, F|68/100
|-ability|p1a: scary airy|Intimidate|boost
|-unboost|p2a: Conkeldurr|atk|1
|move|p2a: Conkeldurr|Drain Punch|p1a: scary airy
|-resisted|p1a: scary airy
|-damage|p1a: scary airy|49/100
|-heal|p2a: Conkeldurr|81/100 brn|[from] drain|[of] p1a: scary airy
|
|-damage|p2a: Conkeldurr|75/100 brn|[from] brn
|upkeep
|turn|27
|c|+Mengy ㋛|I kind of did but I don't know how to use it in a setence
|
|t:|1659918553
|move|p1a: scary airy|Roost|p1a: scary airy
|-heal|p1a: scary airy|99/100
|-singleturn|p1a: scary airy|move: Roost
|move|p2a: Conkeldurr|Knock Off|p1a: scary airy
|-damage|p1a: scary airy|68/100
|-enditem|p1a: scary airy|Heavy-Duty Boots|[from] move: Knock Off|[of] p2a: Conkeldurr
|
|-damage|p2a: Conkeldurr|69/100 brn|[from] brn
|upkeep
|turn|28
|c| sketchy ecchi|no i didnt
|c|+Mengy ㋛|can you
|c|+Mengy ㋛|oh
|c|+Mengy ㋛|okay
|c| sketchy ecchi|thenceforth
|
|t:|1659918559
|switch|p2a: Reuniclus|Reuniclus, M, shiny|90/100
|move|p1a: scary airy|Flamethrower|p2a: Reuniclus
|-damage|p2a: Reuniclus|72/100
|-status|p2a: Reuniclus|brn
|
|upkeep
|turn|29
|
|t:|1659918562
|move|p1a: scary airy|Roost|p1a: scary airy
|-heal|p1a: scary airy|100/100
|-singleturn|p1a: scary airy|move: Roost
|move|p2a: Reuniclus|Trick Room|p2a: Reuniclus
|-fieldstart|move: Trick Room|[of] p2a: Reuniclus
|
|upkeep
|turn|30
|c|+Mengy ㋛|yeah that sounds correct
|
|t:|1659918564
|switch|p1a: umby wumby|Umbreon, F|86/100
|move|p2a: Reuniclus|Psyshock|p1a: umby wumby
|-immune|p1a: umby wumby
|
|-heal|p1a: umby wumby|92/100|[from] item: Leftovers
|upkeep
|turn|31
|c| sketchy ecchi|the arguemnt follows.
|
|t:|1659918568
|switch|p2a: Conkeldurr|Conkeldurr, F|69/100 brn
|-damage|p2a: Conkeldurr|63/100 brn|[from] Stealth Rock
|move|p1a: umby wumby|Foul Play|p2a: Conkeldurr
|-resisted|p2a: Conkeldurr
|-damage|p2a: Conkeldurr|40/100 brn
|
|-heal|p1a: umby wumby|98/100|[from] item: Leftovers
|-damage|p2a: Conkeldurr|34/100 brn|[from] brn
|upkeep
|turn|32
|
|t:|1659918571
|move|p1a: umby wumby|Protect|p1a: umby wumby
|-singleturn|p1a: umby wumby|Protect
|move|p2a: Conkeldurr|Drain Punch|p1a: umby wumby
|-activate|p1a: umby wumby|move: Protect
|
|-heal|p1a: umby wumby|100/100|[from] item: Leftovers
|-damage|p2a: Conkeldurr|28/100 brn|[from] brn
|upkeep
|turn|33
|
|t:|1659918574
|switch|p1a: scary airy|Salamence, F|100/100
|-ability|p1a: scary airy|Intimidate|boost
|-unboost|p2a: Conkeldurr|atk|1
|move|p2a: Conkeldurr|Drain Punch|p1a: scary airy
|-resisted|p1a: scary airy
|-damage|p1a: scary airy|79/100
|-heal|p2a: Conkeldurr|40/100 brn|[from] drain|[of] p1a: scary airy
|
|-damage|p2a: Conkeldurr|34/100 brn|[from] brn
|-fieldend|move: Trick Room
|upkeep
|turn|34
|
|t:|1659918580
|switch|p2a: Reuniclus|Reuniclus, M, shiny|72/100 brn
|move|p1a: scary airy|Flamethrower|p2a: Reuniclus
|-damage|p2a: Reuniclus|57/100 brn
|
|upkeep
|turn|35
|
|t:|1659918583
|switch|p1a: umby wumby|Umbreon, F|100/100
|move|p2a: Reuniclus|Recover|p2a: Reuniclus
|-heal|p2a: Reuniclus|100/100 brn
|
|upkeep
|turn|36
|
|t:|1659918586
|switch|p2a: Keldeo|Keldeo-Resolute|82/100
|-damage|p2a: Keldeo|76/100|[from] Stealth Rock
|move|p1a: umby wumby|Foul Play|p2a: Keldeo
|-resisted|p2a: Keldeo
|-damage|p2a: Keldeo|63/100
|-ability|p2a: Keldeo|Justified|boost
|-boost|p2a: Keldeo|atk|1
|
|upkeep
|turn|37
|c|+Mengy ㋛|wow you sound very persuasive
|
|t:|1659918592
|move|p1a: umby wumby|Protect|p1a: umby wumby
|-singleturn|p1a: umby wumby|Protect
|move|p2a: Keldeo|Secret Sword|p1a: umby wumby
|-activate|p1a: umby wumby|move: Protect
|
|upkeep
|turn|38
|c| sketchy ecchi|pif do you wanna play bullet chess while you do this to up the anny
|c|+Mengy ㋛|you must have gone to smart lad college
|
|t:|1659918599
|switch|p1a: scary airy|Salamence, F|79/100
|-ability|p1a: scary airy|Intimidate|boost
|-unboost|p2a: Keldeo|atk|1
|move|p2a: Keldeo|Secret Sword|p1a: scary airy
|-resisted|p1a: scary airy
|-damage|p1a: scary airy|49/100
|
|upkeep
|turn|39
|c|+Mengy ㋛|ante
|c|☆5 pia to the top|no
|c|☆5 pia to the top|sorry
|
|t:|1659918607
|move|p2a: Keldeo|Secret Sword|p1a: scary airy
|-resisted|p1a: scary airy
|-damage|p1a: scary airy|19/100
|move|p1a: scary airy|Roost|p1a: scary airy
|-heal|p1a: scary airy|69/100
|-singleturn|p1a: scary airy|move: Roost
|
|upkeep
|turn|40
|c| sketchy ecchi|thats okay
|
|t:|1659918612
|switch|p2a: Reuniclus|Reuniclus, M, shiny|100/100 brn
|move|p1a: scary airy|Roost|p1a: scary airy
|-heal|p1a: scary airy|100/100
|-singleturn|p1a: scary airy|move: Roost
|
|upkeep
|turn|41
|c|+Mengy ㋛|follow him on lichess.org/@/NathanQWong
|c|☆5 pia to the top|this is taking all my brain power
|
|t:|1659918619
|switch|p1a: umby wumby|Umbreon, F|100/100
|move|p2a: Reuniclus|Psyshock|p1a: umby wumby
|-immune|p1a: umby wumby
|
|upkeep
|turn|42
|c|+Mengy ㋛|he gives lessons too
|
|t:|1659918622
|move|p1a: umby wumby|Foul Play|p2a: Reuniclus
|-supereffective|p2a: Reuniclus
|-damage|p2a: Reuniclus|60/100 brn
|move|p2a: Reuniclus|Trick Room|p2a: Reuniclus
|-fieldstart|move: Trick Room|[of] p2a: Reuniclus
|
|upkeep
|turn|43
|c| sketchy ecchi|wow
|
|t:|1659918627
|move|p2a: Reuniclus|Recover|p2a: Reuniclus
|-heal|p2a: Reuniclus|100/100 brn
|move|p1a: umby wumby|Foul Play|p2a: Reuniclus
|-supereffective|p2a: Reuniclus
|-damage|p2a: Reuniclus|60/100 brn
|
|upkeep
|turn|44
|
|t:|1659918629
|switch|p2a: Grimmsnarl|Grimmsnarl, M|57/100
|-damage|p2a: Grimmsnarl|44/100|[from] Stealth Rock
|move|p1a: umby wumby|Foul Play|p2a: Grimmsnarl
|-resisted|p2a: Grimmsnarl
|-damage|p2a: Grimmsnarl|29/100
|
|upkeep
|turn|45
|
|t:|1659918635
|switch|p1a: tang ur wang|Tangrowth, F|100/100
|move|p2a: Grimmsnarl|Spirit Break|p1a: tang ur wang
|-damage|p1a: tang ur wang|77/100
|-unboost|p1a: tang ur wang|spa|1
|
|upkeep
|turn|46
|c| sketchy ecchi|i prefer doing sex now but chess is still a pretty cool party trick
|
|t:|1659918641
|switch|p2a: Conkeldurr|Conkeldurr, F|34/100 brn
|-damage|p2a: Conkeldurr|28/100 brn|[from] Stealth Rock
|move|p1a: tang ur wang|Power Whip|p2a: Conkeldurr
|-damage|p2a: Conkeldurr|0 fnt
|faint|p2a: Conkeldurr
|
|-fieldend|move: Trick Room
|upkeep
|
|t:|1659918645
|switch|p2a: Keldeo|Keldeo-Resolute|63/100
|-damage|p2a: Keldeo|57/100|[from] Stealth Rock
|turn|47
|
|t:|1659918648
|move|p2a: Keldeo|Air Slash|p1a: tang ur wang
|-supereffective|p1a: tang ur wang
|-damage|p1a: tang ur wang|30/100
|cant|p1a: tang ur wang|flinch
|
|upkeep
|turn|48
|
|t:|1659918651
|switch|p1a: umby wumby|Umbreon, F|100/100
|move|p2a: Keldeo|Air Slash|p1a: umby wumby
|-damage|p1a: umby wumby|73/100
|
|-heal|p1a: umby wumby|79/100|[from] item: Leftovers
|upkeep
|turn|49
|
|t:|1659918654
|move|p2a: Keldeo|Air Slash|p1a: umby wumby
|-damage|p1a: umby wumby|51/100
|move|p1a: umby wumby|Wish|p1a: umby wumby
|
|-heal|p1a: umby wumby|57/100|[from] item: Leftovers
|upkeep
|turn|50
|
|t:|1659918657
|switch|p2a: Grimmsnarl|Grimmsnarl, M|29/100
|-damage|p2a: Grimmsnarl|17/100|[from] Stealth Rock
|move|p1a: umby wumby|Foul Play|p2a: Grimmsnarl
|-resisted|p2a: Grimmsnarl
|-damage|p2a: Grimmsnarl|4/100
|
|-heal|p1a: umby wumby|100/100|[from] move: Wish|[wisher] umby wumby
|upkeep
|turn|51
|-message|mngalahad forfeited.
|
|win|5 pia to the top
|raw|5 pia to the top's rating: 1427 &rarr; <strong>1440</strong><br />(+13 for winning)
|raw|mngalahad's rating: 1307 &rarr; <strong>1294</strong><br />(-13 for losing)
|l|‽mngalahad
|c|+Mengy ㋛|you can't say sex on stream it'll get pif banned
|c| sketchy ecchi|oh shoot sorry
|l| suloxiv ✿
|c| sketchy ecchi|i meant sax
|l| Artemy ㋡ Burakh
|c|+Mengy ㋛|oh that makes more sense as a party trick
|j| Artemy ㋡ Burakh
|c| sketchy ecchi|yeah
|j| suloxiv ✿
||Ladder isn't responding, score probably updated but might not have (Request timeout).
|l| suloxiv ✿
|l| sketchy ecchi
|l| Artemy ㋡ Burakh
