|j|☆UUH4 Oceanborn
|j|☆Fairlumbo
|player|p1|UUH4 Oceanborn|crasherwake|1304
|player|p2|Fairlumbo|209|1411
|teamsize|p1|6
|teamsize|p2|6
|gametype|singles
|gen|8
|tier|[Gen 8] UU
|rated|
|html|<div class="broadcast-blue"><strong>UU is currently suspecting Haxorus! For information on how to participate check out the <a href="https://www.smogon.com/forums/threads/3664575/">suspect thread</a>.</strong></div>
|clearpoke
|poke|p1|Roserade, F|
|poke|p1|Noivern, M|
|poke|p1|Sylveon, F|
|poke|p1|Arcanine, M|
|poke|p1|Milotic, F|
|poke|p1|Stunfisk-Galar, M|
|poke|p2|Sigilyph, M|
|poke|p2|Incineroar, F|
|poke|p2|Cobalion|
|poke|p2|Rotom-Wash|
|poke|p2|Roserade, F|
|poke|p2|Chandelure, M|
|rule|Sleep Clause Mod: Limit one foe put to sleep
|rule|Species Clause: Limit one of each Pokémon
|rule|OHKO Clause: OHKO moves are banned
|rule|Evasion Moves Clause: Evasion moves are banned
|rule|Endless Battle Clause: Forcing endless battles is banned
|rule|HP Percentage Mod: HP is shown in percentages
|rule|Dynamax Clause: You cannot dynamax
|teampreview
|
|start
|switch|p1a: Goldrinn|Arcanine, M|100/100
|switch|p2a: Sigilyph|Sigilyph, M|100/100
|-ability|p1a: Goldrinn|Intimidate|boost
|-unboost|p2a: Sigilyph|atk|1
|turn|1
|
|switch|p2a: Rotom|Rotom-Wash|100/100
|switch|p1a: Mmmrrrggglll|Stunfisk-Galar, M|100/100
|
|upkeep
|turn|2
|
|move|p2a: Rotom|Volt Switch|p1a: Mmmrrrggglll
|-immune|p1a: Mmmrrrggglll
|move|p1a: Mmmrrrggglll|Stealth Rock|p2a: Rotom
|-sidestart|p2: Fairlumbo|move: Stealth Rock
|
|upkeep
|turn|3
|
|switch|p1a: Razorlash|Roserade, F|100/100
|move|p2a: Rotom|Defog|p1a: Razorlash
|-unboost|p1a: Razorlash|evasion|1
|-sideend|p2: Fairlumbo|Stealth Rock|[from] move: Defog|[of] p2a: Rotom
|
|upkeep
|turn|4
|
|switch|p2a: Roserade|Roserade, F|100/100
|move|p1a: Razorlash|Spikes|p2a: Roserade
|-sidestart|p2: Fairlumbo|Spikes
|
|upkeep
|turn|5
|
|move|p2a: Roserade|Sludge Bomb|p1a: Razorlash
|-damage|p1a: Razorlash|47/100
|move|p1a: Razorlash|Sludge Bomb|p2a: Roserade
|-damage|p2a: Roserade|47/100
|
|-heal|p1a: Razorlash|53/100|[from] item: Black Sludge
|-heal|p2a: Roserade|53/100|[from] item: Black Sludge
|upkeep
|turn|6
|
|switch|p1a: Mmmrrrggglll|Stunfisk-Galar, M|100/100
|move|p2a: Roserade|Sludge Bomb|p1a: Mmmrrrggglll
|-immune|p1a: Mmmrrrggglll
|
|-heal|p2a: Roserade|60/100|[from] item: Black Sludge
|upkeep
|turn|7
|
|move|p2a: Roserade|Sleep Powder|p1a: Mmmrrrggglll
|-status|p1a: Mmmrrrggglll|slp|[from] move: Sleep Powder
|cant|p1a: Mmmrrrggglll|slp
|
|-heal|p2a: Roserade|66/100|[from] item: Black Sludge
|upkeep
|turn|8
|
|switch|p2a: Rotom|Rotom-Wash|100/100
|switch|p1a: Razorlash|Roserade, F|53/100
|
|-heal|p1a: Razorlash|59/100|[from] item: Black Sludge
|upkeep
|turn|9
|
|switch|p2a: Sigilyph|Sigilyph, M|100/100
|move|p1a: Razorlash|Leaf Storm|p2a: Sigilyph
|-resisted|p2a: Sigilyph
|-damage|p2a: Sigilyph|53/100
|-unboost|p1a: Razorlash|spa|2
|
|-heal|p1a: Razorlash|65/100|[from] item: Black Sludge
|upkeep
|turn|10
|
|switch|p1a: Mmmrrrggglll|Stunfisk-Galar, M|100/100 slp
|move|p2a: Sigilyph|Psychic|p1a: Mmmrrrggglll
|-resisted|p1a: Mmmrrrggglll
|-damage|p1a: Mmmrrrggglll|82/100 slp
|-unboost|p1a: Mmmrrrggglll|spd|1
|
|-heal|p1a: Mmmrrrggglll|88/100 slp|[from] item: Leftovers
|upkeep
|turn|11
|
|switch|p1a: Goldrinn|Arcanine, M|100/100
|-ability|p1a: Goldrinn|Intimidate|boost
|-unboost|p2a: Sigilyph|atk|1
|move|p2a: Sigilyph|Roost|p2a: Sigilyph
|-heal|p2a: Sigilyph|100/100
|-singleturn|p2a: Sigilyph|move: Roost
|
|upkeep
|turn|12
|
|switch|p2a: Rotom|Rotom-Wash|100/100
|move|p1a: Goldrinn|Toxic|p2a: Rotom|[miss]
|-miss|p1a: Goldrinn|p2a: Rotom
|
|upkeep
|turn|13
|
|move|p2a: Rotom|Defog|p1a: Goldrinn
|-unboost|p1a: Goldrinn|evasion|1
|-sideend|p2: Fairlumbo|Spikes|[from] move: Defog|[of] p2a: Rotom
|move|p1a: Goldrinn|Toxic|p2a: Rotom
|-status|p2a: Rotom|tox
|
|-damage|p2a: Rotom|94/100 tox|[from] psn
|upkeep
|turn|14
|
|switch|p2a: Sigilyph|Sigilyph, M|100/100
|switch|p1a: Razorlash|Roserade, F|65/100
|
|-heal|p1a: Razorlash|71/100|[from] item: Black Sludge
|upkeep
|turn|15
|
|switch|p1a: Mmmrrrggglll|Stunfisk-Galar, M|88/100 slp
|move|p2a: Sigilyph|Heat Wave|p1a: Mmmrrrggglll
|-supereffective|p1a: Mmmrrrggglll
|-damage|p1a: Mmmrrrggglll|42/100 slp
|
|-heal|p1a: Mmmrrrggglll|48/100 slp|[from] item: Leftovers
|upkeep
|turn|16
|
|switch|p1a: Therysil|Sylveon, F, shiny|100/100
|move|p2a: Sigilyph|Heat Wave|p1a: Therysil
|-damage|p1a: Therysil|74/100
|-status|p1a: Therysil|brn
|
|-heal|p1a: Therysil|80/100 brn|[from] item: Leftovers
|-damage|p1a: Therysil|74/100 brn|[from] brn
|upkeep
|turn|17
|
|move|p2a: Sigilyph|Psychic|p1a: Therysil
|-damage|p1a: Therysil|41/100 brn
|move|p1a: Therysil|Wish|p1a: Therysil
|
|-heal|p1a: Therysil|47/100 brn|[from] item: Leftovers
|-damage|p1a: Therysil|41/100 brn|[from] brn
|upkeep
|turn|18
|
|switch|p2a: Roserade|Roserade, F|66/100
|move|p1a: Therysil|Heal Bell|p1a: Therysil
|-activate|p1a: Therysil|move: Heal Bell
|-curestatus|p1a: Therysil|brn|[msg]
|-curestatus|p1: Mmmrrrggglll|slp|[msg]
|
|-heal|p1a: Therysil|91/100|[from] move: Wish|[wisher] Therysil
|-heal|p2a: Roserade|72/100|[from] item: Black Sludge
|-heal|p1a: Therysil|97/100|[from] item: Leftovers
|upkeep
|turn|19
|
|switch|p1a: Mmmrrrggglll|Stunfisk-Galar, M|48/100
|move|p2a: Roserade|Spikes|p1a: Mmmrrrggglll
|-sidestart|p1: UUH4 Oceanborn|Spikes
|
|-heal|p2a: Roserade|78/100|[from] item: Black Sludge
|-heal|p1a: Mmmrrrggglll|54/100|[from] item: Leftovers
|upkeep
|turn|20
|
|move|p1a: Mmmrrrggglll|Protect|p1a: Mmmrrrggglll
|-singleturn|p1a: Mmmrrrggglll|Protect
|move|p2a: Roserade|Sleep Powder|p1a: Mmmrrrggglll
|-activate|p1a: Mmmrrrggglll|move: Protect
|
|-heal|p2a: Roserade|84/100|[from] item: Black Sludge
|-heal|p1a: Mmmrrrggglll|60/100|[from] item: Leftovers
|upkeep
|turn|21
|
|switch|p2a: Chandelure|Chandelure, M|100/100
|move|p1a: Mmmrrrggglll|Stealth Rock|p2a: Chandelure
|-sidestart|p2: Fairlumbo|move: Stealth Rock
|
|-heal|p1a: Mmmrrrggglll|67/100|[from] item: Leftovers
|upkeep
|turn|22
|
|move|p1a: Mmmrrrggglll|Protect|p1a: Mmmrrrggglll
|-singleturn|p1a: Mmmrrrggglll|Protect
|move|p2a: Chandelure|Trick|p1a: Mmmrrrggglll
|-activate|p1a: Mmmrrrggglll|move: Protect
|
|-heal|p1a: Mmmrrrggglll|73/100|[from] item: Leftovers
|upkeep
|turn|23
|
|switch|p2a: Incineroar|Incineroar, F|100/100
|-ability|p2a: Incineroar|Intimidate|boost
|-unboost|p1a: Mmmrrrggglll|atk|1
|switch|p1a: Razorlash|Roserade, F|71/100
|-damage|p1a: Razorlash|59/100|[from] Spikes
|
|-heal|p1a: Razorlash|65/100|[from] item: Black Sludge
|upkeep
|turn|24
|j| TreinerOrenge
|
|switch|p1a: Goldrinn|Arcanine, M|100/100
|-ability|p1a: Goldrinn|Intimidate|boost
|-unboost|p2a: Incineroar|atk|1
|switch|p2a: Roserade|Roserade, F|84/100
|-damage|p2a: Roserade|72/100|[from] Stealth Rock
|
|-heal|p2a: Roserade|78/100|[from] item: Black Sludge
|upkeep
|turn|25
|
|switch|p2a: Incineroar|Incineroar, F|100/100
|-ability|p2a: Incineroar|Intimidate|boost
|-unboost|p1a: Goldrinn|atk|1
|move|p1a: Goldrinn|Flamethrower|p2a: Incineroar
|-resisted|p2a: Incineroar
|-damage|p2a: Incineroar|88/100
|
|upkeep
|turn|26
|
|move|p1a: Goldrinn|Toxic|p2a: Incineroar
|-status|p2a: Incineroar|tox
|move|p2a: Incineroar|Knock Off|p1a: Goldrinn
|-damage|p1a: Goldrinn|72/100
|-enditem|p1a: Goldrinn|Heavy-Duty Boots|[from] move: Knock Off|[of] p2a: Incineroar
|
|-damage|p2a: Incineroar|81/100 tox|[from] psn
|upkeep
|turn|27
|
|move|p1a: Goldrinn|Morning Sun|p1a: Goldrinn
|-heal|p1a: Goldrinn|100/100
|move|p2a: Incineroar|Parting Shot|p1a: Goldrinn
|-unboost|p1a: Goldrinn|atk|1
|-unboost|p1a: Goldrinn|spa|1
|
|switch|p2a: Sigilyph|Sigilyph, M|100/100|[from]move: Parting Shot
|
|upkeep
|turn|28
|
|switch|p1a: Therysil|Sylveon, F, shiny|97/100
|-damage|p1a: Therysil|85/100|[from] Spikes
|move|p2a: Sigilyph|Psychic|p1a: Therysil
|-damage|p1a: Therysil|48/100
|
|-heal|p1a: Therysil|54/100|[from] item: Leftovers
|upkeep
|turn|29
|
|switch|p2a: Roserade|Roserade, F|78/100
|-damage|p2a: Roserade|66/100|[from] Stealth Rock
|move|p1a: Therysil|Wish|p1a: Therysil
|
|-heal|p2a: Roserade|72/100|[from] item: Black Sludge
|-heal|p1a: Therysil|60/100|[from] item: Leftovers
|upkeep
|turn|30
|
|move|p1a: Therysil|Protect|p1a: Therysil
|-singleturn|p1a: Therysil|Protect
|move|p2a: Roserade|Sleep Powder|p1a: Therysil
|-activate|p1a: Therysil|move: Protect
|
|-heal|p1a: Therysil|100/100|[from] move: Wish|[wisher] Therysil
|-heal|p2a: Roserade|78/100|[from] item: Black Sludge
|upkeep
|turn|31
|
|switch|p1a: Mmmrrrggglll|Stunfisk-Galar, M|73/100
|-damage|p1a: Mmmrrrggglll|60/100|[from] Spikes
|move|p2a: Roserade|Sleep Powder|p1a: Mmmrrrggglll
|-status|p1a: Mmmrrrggglll|slp|[from] move: Sleep Powder
|
|-heal|p2a: Roserade|84/100|[from] item: Black Sludge
|-heal|p1a: Mmmrrrggglll|67/100 slp|[from] item: Leftovers
|upkeep
|turn|32
|
|switch|p2a: Cobalion|Cobalion|100/100
|-damage|p2a: Cobalion|97/100|[from] Stealth Rock
|cant|p1a: Mmmrrrggglll|slp
|
|-heal|p1a: Mmmrrrggglll|73/100 slp|[from] item: Leftovers
|upkeep
|turn|33
|
|switch|p1a: Goldrinn|Arcanine, M|100/100
|-damage|p1a: Goldrinn|88/100|[from] Spikes
|-ability|p1a: Goldrinn|Intimidate|boost
|-unboost|p2a: Cobalion|atk|1
|move|p2a: Cobalion|Stealth Rock|p1a: Goldrinn
|-sidestart|p1: UUH4 Oceanborn|move: Stealth Rock
|
|upkeep
|turn|34
|
|switch|p2a: Rotom|Rotom-Wash|94/100 tox
|-damage|p2a: Rotom|82/100 tox|[from] Stealth Rock
|move|p1a: Goldrinn|Flamethrower|p2a: Rotom
|-resisted|p2a: Rotom
|-damage|p2a: Rotom|66/100 tox
|
|-heal|p2a: Rotom|72/100 tox|[from] item: Leftovers
|-damage|p2a: Rotom|66/100 tox|[from] psn
|upkeep
|turn|35
|
|switch|p1a: Malygos|Noivern, M|100/100
|move|p2a: Rotom|Hydro Pump|p1a: Malygos|[miss]
|-miss|p2a: Rotom|p1a: Malygos
|
|-heal|p2a: Rotom|72/100 tox|[from] item: Leftovers
|-damage|p2a: Rotom|59/100 tox|[from] psn
|upkeep
|turn|36
|
|move|p1a: Malygos|Defog|p2a: Rotom
|-unboost|p2a: Rotom|evasion|1
|-sideend|p2: Fairlumbo|Stealth Rock|[from] move: Defog|[of] p1a: Malygos
|-sideend|p1: UUH4 Oceanborn|Spikes|[from] move: Defog|[of] p1a: Malygos
|-sideend|p1: UUH4 Oceanborn|Stealth Rock|[from] move: Defog|[of] p1a: Malygos
|move|p2a: Rotom|Volt Switch|p1a: Malygos
|-damage|p1a: Malygos|70/100
|
|switch|p2a: Chandelure|Chandelure, M|100/100|[from]move: Volt Switch
|
|upkeep
|turn|37
|
|switch|p1a: Goldrinn|Arcanine, M|88/100
|-ability|p1a: Goldrinn|Intimidate|boost
|-unboost|p2a: Chandelure|atk|1
|move|p2a: Chandelure|Shadow Ball|p1a: Goldrinn
|-damage|p1a: Goldrinn|42/100
|-unboost|p1a: Goldrinn|spd|1
|
|upkeep
|turn|38
|
|switch|p2a: Roserade|Roserade, F|84/100
|switch|p1a: Therysil|Sylveon, F, shiny|100/100
|
|-heal|p2a: Roserade|90/100|[from] item: Black Sludge
|upkeep
|turn|39
|
|switch|p1a: Mmmrrrggglll|Stunfisk-Galar, M|73/100 slp
|move|p2a: Roserade|Spikes|p1a: Mmmrrrggglll
|-sidestart|p1: UUH4 Oceanborn|Spikes
|
|-heal|p2a: Roserade|96/100|[from] item: Black Sludge
|-heal|p1a: Mmmrrrggglll|79/100 slp|[from] item: Leftovers
|upkeep
|turn|40
|
|switch|p2a: Cobalion|Cobalion|97/100
|cant|p1a: Mmmrrrggglll|slp
|
|-heal|p1a: Mmmrrrggglll|85/100 slp|[from] item: Leftovers
|upkeep
|turn|41
|
|switch|p1a: Goldrinn|Arcanine, M|42/100
|-damage|p1a: Goldrinn|30/100|[from] Spikes
|-ability|p1a: Goldrinn|Intimidate|boost
|-unboost|p2a: Cobalion|atk|1
|move|p2a: Cobalion|Close Combat|p1a: Goldrinn
|-damage|p1a: Goldrinn|5/100
|-unboost|p2a: Cobalion|def|1
|-unboost|p2a: Cobalion|spd|1
|
|upkeep
|turn|42
|
|switch|p1a: Malygos|Noivern, M|70/100
|move|p2a: Cobalion|Iron Head|p1a: Malygos
|-damage|p1a: Malygos|42/100
|
|upkeep
|turn|43
|
|switch|p2a: Chandelure|Chandelure, M|100/100
|move|p1a: Malygos|Roost|p1a: Malygos
|-heal|p1a: Malygos|92/100
|-singleturn|p1a: Malygos|move: Roost
|
|upkeep
|turn|44
|
|switch|p2a: Cobalion|Cobalion|97/100
|move|p1a: Malygos|Draco Meteor|p2a: Cobalion
|-resisted|p2a: Cobalion
|-damage|p2a: Cobalion|61/100
|-unboost|p1a: Malygos|spa|2
|
|upkeep
|turn|45
|
|switch|p2a: Chandelure|Chandelure, M|100/100
|move|p1a: Malygos|Defog|p2a: Chandelure
|-unboost|p2a: Chandelure|evasion|1
|-sideend|p1: UUH4 Oceanborn|Spikes|[from] move: Defog|[of] p1a: Malygos
|
|upkeep
|turn|46
|
|switch|p1a: Azshara|Milotic, F|100/100
|move|p2a: Chandelure|Shadow Ball|p1a: Azshara
|-damage|p1a: Azshara|73/100
|
|-heal|p1a: Azshara|79/100|[from] item: Leftovers
|upkeep
|turn|47
|
|switch|p2a: Rotom|Rotom-Wash|59/100 tox
|move|p1a: Azshara|Ice Beam|p2a: Rotom
|-resisted|p2a: Rotom
|-damage|p2a: Rotom|48/100 tox
|
|-heal|p2a: Rotom|54/100 tox|[from] item: Leftovers
|-heal|p1a: Azshara|85/100|[from] item: Leftovers
|-damage|p2a: Rotom|48/100 tox|[from] psn
|upkeep
|turn|48
|
|move|p2a: Rotom|Hydro Pump|p1a: Azshara
|-resisted|p1a: Azshara
|-damage|p1a: Azshara|73/100
|move|p1a: Azshara|Recover|p1a: Azshara
|-heal|p1a: Azshara|100/100
|
|-heal|p2a: Rotom|54/100 tox|[from] item: Leftovers
|-damage|p2a: Rotom|41/100 tox|[from] psn
|upkeep
|turn|49
|
|move|p2a: Rotom|Volt Switch|p1a: Azshara
|-supereffective|p1a: Azshara
|-damage|p1a: Azshara|69/100
|
|switch|p2a: Roserade|Roserade, F|96/100|[from]move: Volt Switch
|move|p1a: Azshara|Ice Beam|p2a: Roserade
|-supereffective|p2a: Roserade
|-damage|p2a: Roserade|44/100
|
|-heal|p2a: Roserade|50/100|[from] item: Black Sludge
|-heal|p1a: Azshara|75/100|[from] item: Leftovers
|upkeep
|turn|50
|
|switch|p1a: Mmmrrrggglll|Stunfisk-Galar, M|85/100 slp
|move|p2a: Roserade|Sludge Bomb|p1a: Mmmrrrggglll
|-immune|p1a: Mmmrrrggglll
|
|-heal|p2a: Roserade|56/100|[from] item: Black Sludge
|-heal|p1a: Mmmrrrggglll|91/100 slp|[from] item: Leftovers
|upkeep
|turn|51
|
|switch|p2a: Incineroar|Incineroar, F|81/100 tox
|-ability|p2a: Incineroar|Intimidate|boost
|-unboost|p1a: Mmmrrrggglll|atk|1
|-curestatus|p1a: Mmmrrrggglll|slp|[msg]
|move|p1a: Mmmrrrggglll|Stealth Rock|p2a: Incineroar
|-sidestart|p2: Fairlumbo|move: Stealth Rock
|
|-heal|p1a: Mmmrrrggglll|97/100|[from] item: Leftovers
|-damage|p2a: Incineroar|75/100 tox|[from] psn
|upkeep
|turn|52
|
|move|p1a: Mmmrrrggglll|Protect|p1a: Mmmrrrggglll
|-singleturn|p1a: Mmmrrrggglll|Protect
|move|p2a: Incineroar|Knock Off|p1a: Mmmrrrggglll
|-activate|p1a: Mmmrrrggglll|move: Protect
|
|-heal|p1a: Mmmrrrggglll|100/100|[from] item: Leftovers
|-damage|p2a: Incineroar|63/100 tox|[from] psn
|upkeep
|turn|53
|
|move|p2a: Incineroar|Flare Blitz|p1a: Mmmrrrggglll
|-supereffective|p1a: Mmmrrrggglll
|-damage|p1a: Mmmrrrggglll|30/100
|-damage|p2a: Incineroar|38/100 tox|[from] Recoil
|move|p1a: Mmmrrrggglll|Earthquake|p2a: Incineroar
|-supereffective|p2a: Incineroar
|-damage|p2a: Incineroar|5/100 tox
|
|-heal|p1a: Mmmrrrggglll|37/100|[from] item: Leftovers
|-damage|p2a: Incineroar|0 fnt|[from] psn
|faint|p2a: Incineroar
|upkeep
|
|switch|p2a: Sigilyph|Sigilyph, M|100/100
|turn|54
|
|move|p1a: Mmmrrrggglll|Protect|p1a: Mmmrrrggglll
|-singleturn|p1a: Mmmrrrggglll|Protect
|move|p2a: Sigilyph|Heat Wave|p1a: Mmmrrrggglll
|-activate|p1a: Mmmrrrggglll|move: Protect
|
|-heal|p1a: Mmmrrrggglll|43/100|[from] item: Leftovers
|upkeep
|turn|55
|
|switch|p2a: Roserade|Roserade, F|56/100
|-damage|p2a: Roserade|44/100|[from] Stealth Rock
|switch|p1a: Therysil|Sylveon, F, shiny|100/100
|
|-heal|p2a: Roserade|50/100|[from] item: Black Sludge
|upkeep
|turn|56
|
|move|p2a: Roserade|Spikes|p1a: Therysil
|-sidestart|p1: UUH4 Oceanborn|Spikes
|move|p1a: Therysil|Wish|p1a: Therysil
|
|-heal|p2a: Roserade|56/100|[from] item: Black Sludge
|upkeep
|turn|57
|
|switch|p1a: Mmmrrrggglll|Stunfisk-Galar, M|43/100
|-damage|p1a: Mmmrrrggglll|30/100|[from] Spikes
|move|p2a: Roserade|Leaf Storm|p1a: Mmmrrrggglll
|-damage|p1a: Mmmrrrggglll|0 fnt
|-unboost|p2a: Roserade|spa|2
|faint|p1a: Mmmrrrggglll
|
|-heal|p2a: Roserade|63/100|[from] item: Black Sludge
|upkeep
|
|switch|p1a: Malygos|Noivern, M|92/100
|turn|58
|
|switch|p2a: Rotom|Rotom-Wash|41/100 tox
|-damage|p2a: Rotom|29/100 tox|[from] Stealth Rock
|move|p1a: Malygos|Draco Meteor|p2a: Rotom
|-damage|p2a: Rotom|0 fnt
|-unboost|p1a: Malygos|spa|2
|faint|p2a: Rotom
|
|upkeep
|
|switch|p2a: Sigilyph|Sigilyph, M|100/100
|turn|59
|
|switch|p1a: Therysil|Sylveon, F, shiny|100/100
|-damage|p1a: Therysil|88/100|[from] Spikes
|move|p2a: Sigilyph|Psychic|p1a: Therysil
|-damage|p1a: Therysil|50/100
|
|-heal|p1a: Therysil|57/100|[from] item: Leftovers
|upkeep
|turn|60
|
|move|p2a: Sigilyph|Psychic|p1a: Therysil
|-damage|p1a: Therysil|24/100
|move|p1a: Therysil|Wish|p1a: Therysil
|
|-heal|p1a: Therysil|30/100|[from] item: Leftovers
|upkeep
|turn|61
|
|switch|p2a: Roserade|Roserade, F|63/100
|-damage|p2a: Roserade|50/100|[from] Stealth Rock
|move|p1a: Therysil|Protect||[still]
|-fail|p1a: Therysil
|
|-heal|p1a: Therysil|80/100|[from] move: Wish|[wisher] Therysil
|-heal|p2a: Roserade|56/100|[from] item: Black Sludge
|-heal|p1a: Therysil|86/100|[from] item: Leftovers
|upkeep
|turn|62
|
|move|p2a: Roserade|Sludge Bomb|p1a: Therysil
|-supereffective|p1a: Therysil
|-damage|p1a: Therysil|23/100
|-status|p1a: Therysil|psn
|move|p1a: Therysil|Moonblast|p2a: Roserade
|-resisted|p2a: Roserade
|-damage|p2a: Roserade|35/100
|
|-heal|p2a: Roserade|41/100|[from] item: Black Sludge
|-heal|p1a: Therysil|29/100 psn|[from] item: Leftovers
|-damage|p1a: Therysil|16/100 psn|[from] psn
|upkeep
|turn|63
|
|switch|p1a: Goldrinn|Arcanine, M|5/100
|-damage|p1a: Goldrinn|0 fnt|[from] Spikes
|faint|p1a: Goldrinn
|move|p2a: Roserade|Sludge Bomb|p1: Goldrinn|[notarget]
|-fail|p2a: Roserade
|
|-heal|p2a: Roserade|47/100|[from] item: Black Sludge
|upkeep
|
|switch|p1a: Malygos|Noivern, M|92/100
|turn|64
|
|switch|p2a: Chandelure|Chandelure, M|100/100
|-damage|p2a: Chandelure|76/100|[from] Stealth Rock
|move|p1a: Malygos|Flamethrower|p2a: Chandelure
|-start|p2a: Chandelure|ability: Flash Fire
|
|upkeep
|turn|65
|
|move|p2a: Chandelure|Shadow Ball|p1a: Malygos
|-damage|p1a: Malygos|35/100
|move|p1a: Malygos|Draco Meteor|p2a: Chandelure
|-damage|p2a: Chandelure|0 fnt
|-unboost|p1a: Malygos|spa|2
|faint|p2a: Chandelure
|
|upkeep
|
|switch|p2a: Sigilyph|Sigilyph, M|100/100
|turn|66
|
|switch|p1a: Therysil|Sylveon, F, shiny|16/100 psn
|-damage|p1a: Therysil|4/100 psn|[from] Spikes
|move|p2a: Sigilyph|Psychic|p1a: Therysil
|-damage|p1a: Therysil|0 fnt
|faint|p1a: Therysil
|
|upkeep
|
|switch|p1a: Azshara|Milotic, F|75/100
|-damage|p1a: Azshara|62/100|[from] Spikes
|turn|67
|
|move|p2a: Sigilyph|Energy Ball|p1a: Azshara
|-supereffective|p1a: Azshara
|-damage|p1a: Azshara|17/100
|-unboost|p1a: Azshara|spd|1
|move|p1a: Azshara|Ice Beam|p2a: Sigilyph
|-supereffective|p2a: Sigilyph
|-damage|p2a: Sigilyph|40/100
|
|-heal|p1a: Azshara|23/100|[from] item: Leftovers
|upkeep
|turn|68
|
|move|p2a: Sigilyph|Roost|p2a: Sigilyph
|-heal|p2a: Sigilyph|90/100
|-singleturn|p2a: Sigilyph|move: Roost
|move|p1a: Azshara|Ice Beam|p2a: Sigilyph
|-damage|p2a: Sigilyph|63/100
|
|-heal|p1a: Azshara|29/100|[from] item: Leftovers
|upkeep
|turn|69
|
|move|p2a: Sigilyph|Energy Ball|p1a: Azshara
|-supereffective|p1a: Azshara
|-damage|p1a: Azshara|0 fnt
|faint|p1a: Azshara
|
|upkeep
|
|switch|p1a: Malygos|Noivern, M|35/100
|turn|70
|
|switch|p2a: Cobalion|Cobalion|61/100
|-damage|p2a: Cobalion|58/100|[from] Stealth Rock
|move|p1a: Malygos|Draco Meteor|p2a: Cobalion
|-resisted|p2a: Cobalion
|-damage|p2a: Cobalion|21/100
|-unboost|p1a: Malygos|spa|2
|
|upkeep
|turn|71
|
|move|p1a: Malygos|Flamethrower|p2a: Cobalion
|-supereffective|p2a: Cobalion
|-damage|p2a: Cobalion|0 fnt
|faint|p2a: Cobalion
|
|upkeep
|
|switch|p2a: Roserade|Roserade, F|47/100
|-damage|p2a: Roserade|35/100|[from] Stealth Rock
|turn|72
|inactive|Battle timer is ON: inactive players will automatically lose when time's up. (requested by Fairlumbo)
|inactive|UUH4 Oceanborn has 120 seconds left.
|
|switch|p1a: Razorlash|Roserade, F|65/100
|-damage|p1a: Razorlash|53/100|[from] Spikes
|move|p2a: Roserade|Sludge Bomb|p1a: Razorlash
|-damage|p1a: Razorlash|0 fnt
|faint|p1a: Razorlash
|
|-heal|p2a: Roserade|41/100|[from] item: Black Sludge
|upkeep
|
|switch|p1a: Malygos|Noivern, M|35/100
|turn|73
|
|move|p1a: Malygos|Flamethrower|p2a: Roserade
|-supereffective|p2a: Roserade
|-damage|p2a: Roserade|0 fnt
|faint|p2a: Roserade
|
|upkeep
|
|switch|p2a: Sigilyph|Sigilyph, M|63/100
|turn|74
|
|move|p1a: Malygos|Draco Meteor|p2a: Sigilyph
|-damage|p2a: Sigilyph|0 fnt
|-unboost|p1a: Malygos|spa|2
|faint|p2a: Sigilyph
|
|win|UUH4 Oceanborn
|l| TreinerOrenge
|l|☆Fairlumbo
||Ladder (probably) updated, but score could not be retrieved (Response not received).
