|html|<div class="broadcast-blue"><strong>[Gen 8] UU is currently suspecting Moltres-Galar! For information on how to participate check out the <a href="https://www.smogon.com/forums/threads/np-ss-uu-stage-12-get-lucky.3700621/">suspect thread</a>.</strong></div>
|j|☆InTheGames
|j|☆Springerk
|t:|1651414378
|gametype|singles
|player|p1|InTheGames|102|1443
|player|p2|Springerk|tuberf|1374
|teamsize|p1|6
|teamsize|p2|6
|gen|8
|tier|[Gen 8] UU
|rated|
|rule|Sleep Clause Mod: Limit one foe put to sleep
|rule|Species Clause: Limit one of each Pokémon
|rule|OHKO Clause: OHKO moves are banned
|rule|Evasion Moves Clause: Evasion moves are banned
|rule|Endless Battle Clause: Forcing endless battles is banned
|rule|HP Percentage Mod: HP is shown in percentages
|rule|Dynamax Clause: You cannot dynamax
|clearpoke
|poke|p1|Tangrowth, M|
|poke|p1|Swampert, M|
|poke|p1|Aegislash, F|
|poke|p1|Zarude|
|poke|p1|Rotom-Heat|
|poke|p1|Scizor, M|
|poke|p2|Vanilluxe, F|
|poke|p2|Salamence, M|
|poke|p2|Excadrill, F|
|poke|p2|Azelf|
|poke|p2|Slowking, M|
|poke|p2|Zarude-Dada|
|teampreview
|inactive|Battle timer is ON: inactive players will automatically lose when time's up. (requested by InTheGames)
|
|t:|1651414400
|start
|switch|p1a: Zarude|Zarude|100/100
|switch|p2a: Azelf|Azelf|100/100
|turn|1
|
|t:|1651414411
|move|p1a: Zarude|U-turn|p2a: Azelf
|-supereffective|p2a: Azelf
|-damage|p2a: Azelf|32/100
|
|t:|1651414421
|switch|p1a: Aegislash|Aegislash, F|100/100|[from]move: U-turn
|move|p2a: Azelf|U-turn|p1a: Aegislash
|-resisted|p1a: Aegislash
|-damage|p1a: Aegislash|96/100
|
|t:|1651414447
|switch|p2a: Excadrill|Excadrill, F|100/100|[from]move: U-turn
|-ability|p2a: Excadrill|Mold Breaker
|
|upkeep
|turn|2
|
|t:|1651414453
|move|p2a: Excadrill|Stealth Rock|p1a: Aegislash
|-sidestart|p1: InTheGames|move: Stealth Rock
|-formechange|p1a: Aegislash|Aegislash-Blade||[from] ability: Stance Change
|move|p1a: Aegislash|Close Combat|p2a: Excadrill
|-supereffective|p2a: Excadrill
|-damage|p2a: Excadrill|0 fnt
|-unboost|p1a: Aegislash|def|1
|-unboost|p1a: Aegislash|spd|1
|faint|p2a: Excadrill
|
|upkeep
|
|t:|1651414472
|switch|p2a: Zarude|Zarude-Dada|100/100
|turn|3
|
|t:|1651414484
|switch|p2a: Vanilluxe|Vanilluxe, F|100/100
|-weather|Hail|[from] ability: Snow Warning|[of] p2a: Vanilluxe
|switch|p1a: Rotom|Rotom-Heat|100/100
|
|-weather|Hail|[upkeep]
|-damage|p1a: Rotom|94/100|[from] Hail
|upkeep
|turn|4
|
|t:|1651414495
|switch|p2a: Salamence|Salamence, M|100/100
|-ability|p2a: Salamence|Intimidate|boost
|-unboost|p1a: Rotom|atk|1
|move|p1a: Rotom|Defog|p2a: Salamence
|-unboost|p2a: Salamence|evasion|1
|-sideend|p1: InTheGames|Stealth Rock|[from] move: Defog|[of] p1a: Rotom
|
|-weather|Hail|[upkeep]
|-damage|p2a: Salamence|94/100|[from] Hail
|-damage|p1a: Rotom|88/100|[from] Hail
|upkeep
|turn|5
|
|t:|1651414506
|move|p2a: Salamence|Draco Meteor|p1a: Rotom
|-damage|p1a: Rotom|13/100
|-unboost|p2a: Salamence|spa|2
|move|p1a: Rotom|Volt Switch|p2a: Salamence
|-damage|p2a: Salamence|59/100
|
|t:|1651414516
|switch|p1a: Aegislash|Aegislash, F|96/100|[from]move: Volt Switch
|
|-weather|Hail|[upkeep]
|-damage|p2a: Salamence|53/100|[from] Hail
|-damage|p1a: Aegislash|89/100|[from] Hail
|upkeep
|turn|6
|
|t:|1651414524
|switch|p2a: Zarude|Zarude-Dada|100/100
|-formechange|p1a: Aegislash|Aegislash-Blade||[from] ability: Stance Change
|move|p1a: Aegislash|Flash Cannon|p2a: Zarude
|-damage|p2a: Zarude|32/100
|
|-weather|Hail|[upkeep]
|-damage|p2a: Zarude|26/100|[from] Hail
|-damage|p1a: Aegislash|83/100|[from] Hail
|upkeep
|turn|7
|
|t:|1651414537
|switch|p2a: Vanilluxe|Vanilluxe, F|100/100
|switch|p1a: Scizor|Scizor, M|100/100
|
|-weather|none
|upkeep
|turn|8
|
|t:|1651414543
|switch|p2a: Salamence|Salamence, M|53/100
|-ability|p2a: Salamence|Intimidate|boost
|-unboost|p1a: Scizor|atk|1
|move|p1a: Scizor|Swords Dance|p1a: Scizor
|-boost|p1a: Scizor|atk|2
|
|upkeep
|turn|9
|
|t:|1651414547
|move|p1a: Scizor|Bullet Punch|p2a: Salamence
|-damage|p2a: Salamence|0 fnt
|faint|p2a: Salamence
|
|upkeep
|
|t:|1651414557
|switch|p2a: Slowking|Slowking, M|100/100
|turn|10
|
|t:|1651414563
|move|p1a: Scizor|Knock Off|p2a: Slowking
|-supereffective|p2a: Slowking
|-enditem|p2a: Slowking|Colbur Berry|[eat]
|-enditem|p2a: Slowking|Colbur Berry|[weaken]
|-damage|p2a: Slowking|68/100
|move|p2a: Slowking|Scald|p1a: Scizor
|-damage|p1a: Scizor|72/100
|
|upkeep
|turn|11
|
|t:|1651414579
|switch|p1a: Aegislash|Aegislash, F|83/100
|move|p2a: Slowking|Teleport|p2a: Slowking
|
|t:|1651414596
|switch|p2a: Zarude|Zarude-Dada|26/100|[from]move: Teleport
|
|upkeep
|turn|12
|
|t:|1651414603
|move|p2a: Zarude|Jungle Healing|p2a: Zarude
|-heal|p2a: Zarude|51/100
|-formechange|p1a: Aegislash|Aegislash-Blade||[from] ability: Stance Change
|move|p1a: Aegislash|Close Combat|p2a: Zarude
|-supereffective|p2a: Zarude
|-damage|p2a: Zarude|0 fnt
|-unboost|p1a: Aegislash|def|1
|-unboost|p1a: Aegislash|spd|1
|faint|p2a: Zarude
|
|upkeep
|-message|Springerk forfeited.
|
|win|InTheGames
|raw|InTheGames's rating: 1443 &rarr; <strong>1459</strong><br />(+16 for winning)
|raw|Springerk's rating: 1374 &rarr; <strong>1358</strong><br />(-16 for losing)
|l|☆Springerk
||Ladder isn't responding, score probably updated but might not have (Request timeout).
