|j|☆Adrift and Alone
|j|☆Everybo-D
|player|p1|Adrift and Alone|ethan-gen2|1630
|player|p2|Everybo-D|2|1689
|teamsize|p1|6
|teamsize|p2|6
|gametype|singles
|gen|8
|tier|[Gen 8] UU
|rated|
|clearpoke
|poke|p1|Gastrodon-East, M|
|poke|p1|Pangoro, F|
|poke|p1|Weezing-Galar, F|
|poke|p1|Reuniclus, M|
|poke|p1|Gigalith, F|
|poke|p1|Braviary, M|
|poke|p2|Crustle, F|
|poke|p2|Chandelure, F|
|poke|p2|Weavile, M|
|poke|p2|Braviary, M|
|poke|p2|Duraludon, M|
|poke|p2|Whimsicott, F|
|rule|Sleep Clause Mod: Limit one foe put to sleep
|rule|Species Clause: Limit one of each Pokémon
|rule|OHKO Clause: OHKO moves are banned
|rule|Evasion Moves Clause: Evasion moves are banned
|rule|Endless Battle Clause: Forcing endless battles is banned
|rule|HP Percentage Mod: HP is shown in percentages
|rule|Dynamax Clause: You cannot dynamax
|teampreview
|inactive|Battle timer is ON: inactive players will automatically lose when time's up. (requested by Everybo-D)
|c|☆Adrift and Alone|you again
|
|start
|switch|p1a: Gastrodon|Gastrodon-East, M|100/100
|switch|p2a: Crustle|Crustle, F|100/100
|turn|1
|
|move|p2a: Crustle|Stealth Rock|p1a: Gastrodon
|-sidestart|p1: Adrift and Alone|move: Stealth Rock
|move|p1a: Gastrodon|Scald|p2a: Crustle
|-supereffective|p2a: Crustle
|-damage|p2a: Crustle|20/100
|-enditem|p2a: Crustle|Sitrus Berry|[eat]
|-heal|p2a: Crustle|45/100|[from] item: Sitrus Berry
|
|upkeep
|turn|2
|
|move|p2a: Crustle|Spikes|p1a: Gastrodon
|-sidestart|p1: Adrift and Alone|Spikes
|move|p1a: Gastrodon|Scald|p2a: Crustle
|-supereffective|p2a: Crustle
|-crit|p2a: Crustle
|-damage|p2a: Crustle|0 fnt
|faint|p2a: Crustle
|
|upkeep
|
|switch|p2a: Whimsicott|Whimsicott, F|100/100
|turn|3
|
|switch|p1a: Reuniclus|Reuniclus, M|100/100
|-damage|p1a: Reuniclus|88/100|[from] Stealth Rock
|-damage|p1a: Reuniclus|75/100|[from] Spikes
|move|p2a: Whimsicott|Psychic|p1a: Reuniclus
|-resisted|p1a: Reuniclus
|-damage|p1a: Reuniclus|67/100
|-unboost|p1a: Reuniclus|spd|1
|-damage|p2a: Whimsicott|91/100|[from] item: Life Orb
|
|upkeep
|turn|4
|
|switch|p2a: Weavile|Weavile, M|100/100
|move|p1a: Reuniclus|Focus Blast|p2a: Weavile
|-supereffective|p2a: Weavile
|-damage|p2a: Weavile|0 fnt
|faint|p2a: Weavile
|
|upkeep
|
|switch|p2a: Chandelure|Chandelure, F|100/100
|turn|5
|
|switch|p1a: Gigalith|Gigalith, F|100/100
|-damage|p1a: Gigalith|88/100|[from] Stealth Rock
|-damage|p1a: Gigalith|76/100|[from] Spikes
|-weather|Sandstorm|[from] ability: Sand Stream|[of] p1a: Gigalith
|move|p2a: Chandelure|Shadow Ball|p1a: Gigalith
|-damage|p1a: Gigalith|54/100
|
|-weather|Sandstorm|[upkeep]
|-damage|p2a: Chandelure|94/100|[from] Sandstorm
|-heal|p1a: Gigalith|60/100|[from] item: Leftovers
|upkeep
|turn|6
|inactive|Everybo-D has 120 seconds left.
|
|switch|p2a: Duraludon|Duraludon, M|100/100
|move|p1a: Gigalith|Rock Blast|p2a: Duraludon
|-resisted|p2a: Duraludon
|-damage|p2a: Duraludon|94/100
|-resisted|p2a: Duraludon
|-damage|p2a: Duraludon|88/100
|-hitcount|p2a: Duraludon|2
|
|-weather|Sandstorm|[upkeep]
|-heal|p1a: Gigalith|66/100|[from] item: Leftovers
|upkeep
|turn|7
|
|switch|p1a: Reuniclus|Reuniclus, M|99/100
|-damage|p1a: Reuniclus|87/100|[from] Stealth Rock
|-damage|p1a: Reuniclus|75/100|[from] Spikes
|move|p2a: Duraludon|Flash Cannon|p1a: Reuniclus
|-damage|p1a: Reuniclus|48/100
|
|-weather|Sandstorm|[upkeep]
|-damage|p1a: Reuniclus|42/100|[from] Sandstorm
|upkeep
|turn|8
|inactive|Everybo-D has 120 seconds left.
|
|move|p2a: Duraludon|Flash Cannon|p1a: Reuniclus
|-damage|p1a: Reuniclus|17/100
|move|p1a: Reuniclus|Psychic|p2a: Duraludon
|-resisted|p2a: Duraludon
|-damage|p2a: Duraludon|33/100
|
|-weather|Sandstorm|[upkeep]
|-damage|p1a: Reuniclus|11/100|[from] Sandstorm
|upkeep
|turn|9
|j| 467 11 11p
|inactive|Adrift and Alone has 120 seconds left.
|
|switch|p1a: Gastrodon|Gastrodon-East, M|100/100
|-damage|p1a: Gastrodon|88/100|[from] Spikes
|-damage|p1a: Gastrodon|82/100|[from] Stealth Rock
|move|p2a: Duraludon|Flash Cannon|p1a: Gastrodon
|-resisted|p1a: Gastrodon
|-damage|p1a: Gastrodon|63/100
|
|-weather|none
|-heal|p1a: Gastrodon|69/100|[from] item: Leftovers
|upkeep
|turn|10
|inactive|Adrift and Alone has 120 seconds left.
|
|switch|p2a: Whimsicott|Whimsicott, F|91/100
|move|p1a: Gastrodon|Ice Beam|p2a: Whimsicott
|-supereffective|p2a: Whimsicott
|-damage|p2a: Whimsicott|32/100
|
|-heal|p1a: Gastrodon|75/100|[from] item: Leftovers
|upkeep
|turn|11
|inactive|Adrift and Alone has 120 seconds left.
|l| 467 11 11p
|
|switch|p1a: Reuniclus|Reuniclus, M|44/100
|-damage|p1a: Reuniclus|31/100|[from] Stealth Rock
|-damage|p1a: Reuniclus|19/100|[from] Spikes
|move|p2a: Whimsicott|Energy Ball|p1a: Reuniclus
|-damage|p1a: Reuniclus|0 fnt
|-damage|p2a: Whimsicott|22/100|[from] item: Life Orb
|faint|p1a: Reuniclus
|
|upkeep
|
|switch|p1a: Braviary|Braviary, M, shiny|100/100
|-damage|p1a: Braviary|76/100|[from] Stealth Rock
|turn|12
|inactive|Everybo-D has 120 seconds left.
|
|move|p1a: Braviary|Brave Bird|p2a: Whimsicott
|-supereffective|p2a: Whimsicott
|-damage|p2a: Whimsicott|0 fnt
|-damage|p1a: Braviary|70/100|[from] Recoil
|faint|p2a: Whimsicott
|
|upkeep
|
|switch|p2a: Braviary|Braviary, M|100/100
|turn|13
|
|move|p1a: Braviary|Brave Bird|p2a: Braviary
|-damage|p2a: Braviary|31/100
|-damage|p1a: Braviary|43/100|[from] Recoil
|move|p2a: Braviary|Brave Bird|p1a: Braviary
|-damage|p1a: Braviary|0 fnt
|-damage|p2a: Braviary|20/100|[from] Recoil
|faint|p1a: Braviary
|
|-heal|p2a: Braviary|26/100|[from] item: Leftovers
|upkeep
|
|switch|p1a: Weezing|Weezing-Galar, F|100/100
|-damage|p1a: Weezing|88/100|[from] Stealth Rock
|turn|14
|
|move|p2a: Braviary|Substitute|p2a: Braviary
|-start|p2a: Braviary|Substitute
|-damage|p2a: Braviary|1/100
|move|p1a: Weezing|Defog|p2a: Braviary
|-sideend|p1: Adrift and Alone|Spikes|[from] move: Defog|[of] p1a: Weezing
|-sideend|p1: Adrift and Alone|Stealth Rock|[from] move: Defog|[of] p1a: Weezing
|
|-heal|p2a: Braviary|7/100|[from] item: Leftovers
|-heal|p1a: Weezing|94/100|[from] item: Black Sludge
|upkeep
|turn|15
|
|move|p2a: Braviary|Bulk Up|p2a: Braviary
|-boost|p2a: Braviary|atk|1
|-boost|p2a: Braviary|def|1
|move|p1a: Weezing|Strange Steam|p2a: Braviary
|-activate|p2a: Braviary|move: Substitute|[damage]
|
|-heal|p2a: Braviary|13/100|[from] item: Leftovers
|-heal|p1a: Weezing|99/100|[from] item: Black Sludge
|upkeep
|turn|16
|
|move|p2a: Braviary|Bulk Up|p2a: Braviary
|-boost|p2a: Braviary|atk|1
|-boost|p2a: Braviary|def|1
|move|p1a: Weezing|Strange Steam|p2a: Braviary
|-end|p2a: Braviary|Substitute
|
|-heal|p2a: Braviary|19/100|[from] item: Leftovers
|-heal|p1a: Weezing|100/100|[from] item: Black Sludge
|upkeep
|turn|17
|
|move|p2a: Braviary|Brave Bird|p1a: Weezing
|-damage|p1a: Weezing|31/100
|-damage|p2a: Braviary|0 fnt|[from] Recoil
|faint|p2a: Braviary
|move|p1a: Weezing|Strange Steam|p2: Braviary|[notarget]
|-fail|p1a: Weezing
|
|-heal|p1a: Weezing|37/100|[from] item: Black Sludge
|upkeep
|
|switch|p2a: Chandelure|Chandelure, F|94/100
|turn|18
|
|switch|p1a: Smokin Dro|Pangoro, F|100/100
|move|p2a: Chandelure|Calm Mind|p2a: Chandelure
|-boost|p2a: Chandelure|spa|1
|-boost|p2a: Chandelure|spd|1
|
|upkeep
|turn|19
|
|move|p2a: Chandelure|Flamethrower|p1a: Smokin Dro
|-damage|p1a: Smokin Dro|0 fnt
|faint|p1a: Smokin Dro
|
|upkeep
|
|switch|p1a: Gigalith|Gigalith, F|66/100
|-weather|Sandstorm|[from] ability: Sand Stream|[of] p1a: Gigalith
|turn|20
|
|move|p2a: Chandelure|Shadow Ball|p1a: Gigalith
|-damage|p1a: Gigalith|35/100
|-unboost|p1a: Gigalith|spd|1
|move|p1a: Gigalith|Earthquake|p2a: Chandelure
|-supereffective|p2a: Chandelure
|-damage|p2a: Chandelure|5/100
|
|-weather|Sandstorm|[upkeep]
|-damage|p2a: Chandelure|0 fnt|[from] Sandstorm
|faint|p2a: Chandelure
|-heal|p1a: Gigalith|41/100|[from] item: Leftovers
|upkeep
|
|switch|p2a: Duraludon|Duraludon, M|33/100
|turn|21
|
|move|p2a: Duraludon|Dark Pulse|p1a: Gigalith
|-damage|p1a: Gigalith|19/100
|move|p1a: Gigalith|Earthquake|p2a: Duraludon
|-supereffective|p2a: Duraludon
|-damage|p2a: Duraludon|0 fnt
|faint|p2a: Duraludon
|
|win|Adrift and Alone
|l|☆Everybo-D
|raw|Adrift and Alone's rating: 1612 &rarr; <strong>1636</strong><br />(+24 for winning)
|raw|Everybo-D's rating: 1689 &rarr; <strong>1664</strong><br />(-25 for losing)
