|j|☆notafrosty
|j|☆Mr. Personface
|player|p1|notafrosty|lucas|1499
|player|p2|Mr. Personface|1|1554
|teamsize|p1|6
|teamsize|p2|6
|gametype|singles
|gen|8
|tier|[Gen 8] UU
|rated|
|html|<div class="broadcast-blue"><strong>UU is currently suspecting Haxorus! For information on how to participate check out the <a href="https://www.smogon.com/forums/threads/3664575/">suspect thread</a>.</strong></div>
|clearpoke
|poke|p1|Darmanitan, F|
|poke|p1|Pangoro, M|
|poke|p1|Doublade, F|
|poke|p1|Noivern, F|
|poke|p1|Clefairy, F|
|poke|p1|Roserade, M|
|poke|p2|Haxorus, M|
|poke|p2|Sylveon, F|
|poke|p2|Roserade, F|
|poke|p2|Cobalion|
|poke|p2|Incineroar, F|
|poke|p2|Araquanid, M|
|rule|Sleep Clause Mod: Limit one foe put to sleep
|rule|Species Clause: Limit one of each Pokémon
|rule|OHKO Clause: OHKO moves are banned
|rule|Evasion Moves Clause: Evasion moves are banned
|rule|Endless Battle Clause: Forcing endless battles is banned
|rule|HP Percentage Mod: HP is shown in percentages
|rule|Dynamax Clause: You cannot dynamax
|teampreview
|inactive|Battle timer is ON: inactive players will automatically lose when time's up. (requested by notafrosty)
|
|start
|switch|p1a: Darmanitan|Darmanitan, F|100/100
|switch|p2a: Incineroar|Incineroar, F|100/100
|-ability|p2a: Incineroar|Intimidate|boost
|-unboost|p1a: Darmanitan|atk|1
|turn|1
|
|move|p1a: Darmanitan|U-turn|p2a: Incineroar
|-damage|p2a: Incineroar|85/100
|
|switch|p1a: Noivern|Noivern, F|100/100|[from]move: U-turn
|-item|p2a: Incineroar|Heavy-Duty Boots|[from] ability: Frisk|[of] p1a: Noivern|[identify]
|move|p2a: Incineroar|Knock Off|p1a: Noivern
|-damage|p1a: Noivern|57/100
|-enditem|p1a: Noivern|Heavy-Duty Boots|[from] move: Knock Off|[of] p2a: Incineroar
|
|upkeep
|turn|2
|
|move|p1a: Noivern|Roost|p1a: Noivern
|-heal|p1a: Noivern|100/100
|-singleturn|p1a: Noivern|move: Roost
|move|p2a: Incineroar|Parting Shot|p1a: Noivern
|-unboost|p1a: Noivern|atk|1
|-unboost|p1a: Noivern|spa|1
|
|switch|p2a: Sylveon|Sylveon, F|100/100|[from]move: Parting Shot
|
|upkeep
|turn|3
|
|move|p1a: Noivern|U-turn|p2a: Sylveon
|-resisted|p2a: Sylveon
|-damage|p2a: Sylveon|98/100
|
|switch|p1a: Darmanitan|Darmanitan, F|100/100|[from]move: U-turn
|move|p2a: Sylveon|Mystical Fire|p1a: Darmanitan
|-resisted|p1a: Darmanitan
|-damage|p1a: Darmanitan|85/100
|-unboost|p1a: Darmanitan|spa|1
|
|-heal|p2a: Sylveon|100/100|[from] item: Leftovers
|upkeep
|turn|4
|inactive|notafrosty has 120 seconds left.
|
|move|p2a: Sylveon|Protect|p2a: Sylveon
|-singleturn|p2a: Sylveon|Protect
|move|p1a: Darmanitan|Rock Slide|p2a: Sylveon
|-activate|p2a: Sylveon|move: Protect
|
|upkeep
|turn|5
|
|move|p1a: Darmanitan|Flare Blitz|p2a: Sylveon
|-damage|p2a: Sylveon|36/100
|-damage|p1a: Darmanitan|61/100|[from] Recoil
|move|p2a: Sylveon|Wish|p2a: Sylveon
|
|-heal|p2a: Sylveon|42/100|[from] item: Leftovers
|upkeep
|turn|6
|
|move|p2a: Sylveon|Protect|p2a: Sylveon
|-singleturn|p2a: Sylveon|Protect
|move|p1a: Darmanitan|Bulk Up|p1a: Darmanitan
|-boost|p1a: Darmanitan|atk|1
|-boost|p1a: Darmanitan|def|1
|
|-heal|p2a: Sylveon|92/100|[from] move: Wish|[wisher] Sylveon
|-heal|p2a: Sylveon|98/100|[from] item: Leftovers
|upkeep
|turn|7
|
|switch|p2a: Haxorus|Haxorus, M|100/100
|-ability|p2a: Haxorus|Mold Breaker
|move|p1a: Darmanitan|Flare Blitz|p2a: Haxorus
|-resisted|p2a: Haxorus
|-damage|p2a: Haxorus|15/100
|-damage|p1a: Darmanitan|37/100|[from] Recoil
|
|upkeep
|turn|8
|
|switch|p1a: Clefairy|Clefairy, F|100/100
|move|p2a: Haxorus|Earthquake|p1a: Clefairy
|-damage|p1a: Clefairy|47/100
|
|upkeep
|turn|9
|
|switch|p1a: Noivern|Noivern, F|100/100
|-item|p2a: Haxorus|Choice Band|[from] ability: Frisk|[of] p1a: Noivern|[identify]
|move|p2a: Haxorus|Earthquake|p1a: Noivern
|-immune|p1a: Noivern
|
|upkeep
|turn|10
|
|switch|p2a: Sylveon|Sylveon, F|98/100
|move|p1a: Noivern|U-turn|p2a: Sylveon
|-resisted|p2a: Sylveon
|-crit|p2a: Sylveon
|-damage|p2a: Sylveon|91/100
|
|switch|p1a: Darmanitan|Darmanitan, F|37/100|[from]move: U-turn
|
|-heal|p2a: Sylveon|97/100|[from] item: Leftovers
|upkeep
|turn|11
|
|switch|p2a: Incineroar|Incineroar, F|85/100
|-ability|p2a: Incineroar|Intimidate|boost
|-unboost|p1a: Darmanitan|atk|1
|move|p1a: Darmanitan|Bulk Up|p1a: Darmanitan
|-boost|p1a: Darmanitan|atk|1
|-boost|p1a: Darmanitan|def|1
|
|upkeep
|turn|12
|
|switch|p2a: Cobalion|Cobalion|100/100
|move|p1a: Darmanitan|U-turn|p2a: Cobalion
|-resisted|p2a: Cobalion
|-damage|p2a: Cobalion|96/100
|
|switch|p1a: Doublade|Doublade, F|100/100|[from]move: U-turn
|
|upkeep
|turn|13
|
|move|p2a: Cobalion|Stealth Rock|p1a: Doublade
|-sidestart|p1: notafrosty|move: Stealth Rock
|move|p1a: Doublade|Close Combat|p2a: Cobalion
|-supereffective|p2a: Cobalion
|-crit|p2a: Cobalion
|-damage|p2a: Cobalion|0 fnt
|-unboost|p1a: Doublade|def|1
|-unboost|p1a: Doublade|spd|1
|faint|p2a: Cobalion
|
|upkeep
|
|switch|p2a: Araquanid|Araquanid, M|100/100
|turn|14
|
|switch|p1a: Noivern|Noivern, F|100/100
|-damage|p1a: Noivern|76/100|[from] Stealth Rock
|-item|p2a: Araquanid|Mystic Water|[from] ability: Frisk|[of] p1a: Noivern|[identify]
|move|p2a: Araquanid|Liquidation|p1a: Noivern
|-resisted|p1a: Noivern
|-damage|p1a: Noivern|32/100
|
|upkeep
|turn|15
|
|move|p1a: Noivern|U-turn|p2a: Araquanid
|-crit|p2a: Araquanid
|-damage|p2a: Araquanid|84/100
|
|switch|p1a: Clefairy|Clefairy, F|47/100|[from]move: U-turn
|move|p2a: Araquanid|Toxic|p1a: Clefairy
|-status|p1a: Clefairy|tox
|
|upkeep
|turn|16
|
|switch|p1a: Roserade|Roserade, M|100/100
|-damage|p1a: Roserade|88/100|[from] Stealth Rock
|move|p2a: Araquanid|Liquidation|p1a: Roserade
|-resisted|p1a: Roserade
|-damage|p1a: Roserade|10/100
|
|-heal|p1a: Roserade|16/100|[from] item: Black Sludge
|upkeep
|turn|17
|
|switch|p2a: Roserade|Roserade, F|100/100
|move|p1a: Roserade|Leaf Storm|p2a: Roserade
|-resisted|p2a: Roserade
|-damage|p2a: Roserade|79/100
|-unboost|p1a: Roserade|spa|2
|
|-heal|p1a: Roserade|22/100|[from] item: Black Sludge
|upkeep
|turn|18
|
|move|p1a: Roserade|Synthesis|p1a: Roserade
|-heal|p1a: Roserade|72/100
|move|p2a: Roserade|Sludge Bomb|p1a: Roserade
|-damage|p1a: Roserade|0 fnt
|-damage|p2a: Roserade|69/100|[from] item: Life Orb
|faint|p1a: Roserade
|
|upkeep
|
|switch|p1a: Darmanitan|Darmanitan, F|37/100
|turn|19
|
|move|p1a: Darmanitan|U-turn|p2a: Roserade
|-damage|p2a: Roserade|23/100
|
|switch|p1a: Doublade|Doublade, F|100/100|[from]move: U-turn
|-damage|p1a: Doublade|94/100|[from] Stealth Rock
|move|p2a: Roserade|Sludge Bomb|p1a: Doublade
|-immune|p1a: Doublade
|
|upkeep
|turn|20
|
|switch|p2a: Araquanid|Araquanid, M|84/100
|move|p1a: Doublade|Shadow Sneak|p2a: Araquanid
|-crit|p2a: Araquanid
|-damage|p2a: Araquanid|48/100
|
|upkeep
|turn|21
|
|switch|p1a: Clefairy|Clefairy, F|47/100 tox
|move|p2a: Araquanid|Liquidation|p1a: Clefairy
|-damage|p1a: Clefairy|0 fnt
|faint|p1a: Clefairy
|
|upkeep
|
|switch|p1a: Pangoro|Pangoro, M|100/100
|-damage|p1a: Pangoro|94/100|[from] Stealth Rock
|turn|22
|
|switch|p2a: Roserade|Roserade, F|23/100
|move|p1a: Pangoro|Knock Off|p2a: Roserade
|-damage|p2a: Roserade|0 fnt
|-enditem|p2a: Roserade|Life Orb|[from] move: Knock Off|[of] p1a: Pangoro
|faint|p2a: Roserade
|
|upkeep
|
|switch|p2a: Sylveon|Sylveon, F|97/100
|turn|23
|
|switch|p1a: Darmanitan|Darmanitan, F|37/100
|move|p2a: Sylveon|Hyper Voice|p1a: Darmanitan
|-resisted|p1a: Darmanitan
|-damage|p1a: Darmanitan|5/100
|
|-heal|p2a: Sylveon|100/100|[from] item: Leftovers
|upkeep
|turn|24
|
|move|p1a: Darmanitan|Flare Blitz|p2a: Sylveon
|-damage|p2a: Sylveon|33/100
|-damage|p1a: Darmanitan|0 fnt|[from] Recoil
|faint|p1a: Darmanitan
|move|p2a: Sylveon|Hyper Voice|p1: Darmanitan|[notarget]
|-fail|p2a: Sylveon
|
|-heal|p2a: Sylveon|39/100|[from] item: Leftovers
|upkeep
|
|switch|p1a: Doublade|Doublade, F|94/100
|-damage|p1a: Doublade|88/100|[from] Stealth Rock
|turn|25
|
|switch|p2a: Incineroar|Incineroar, F|85/100
|-ability|p2a: Incineroar|Intimidate|boost
|-unboost|p1a: Doublade|atk|1
|move|p1a: Doublade|Iron Head|p2a: Incineroar
|-resisted|p2a: Incineroar
|-damage|p2a: Incineroar|72/100
|
|upkeep
|turn|26
|
|switch|p1a: Pangoro|Pangoro, M|94/100
|-damage|p1a: Pangoro|88/100|[from] Stealth Rock
|move|p2a: Incineroar|Knock Off|p1a: Pangoro
|-resisted|p1a: Pangoro
|-damage|p1a: Pangoro|77/100
|-enditem|p1a: Pangoro|Choice Band|[from] move: Knock Off|[of] p2a: Incineroar
|
|upkeep
|turn|27
|
|move|p2a: Incineroar|Parting Shot|p1a: Pangoro
|-unboost|p1a: Pangoro|atk|1
|-unboost|p1a: Pangoro|spa|1
|
|switch|p2a: Araquanid|Araquanid, M|48/100|[from]move: Parting Shot
|move|p1a: Pangoro|Close Combat|p2a: Araquanid
|-resisted|p2a: Araquanid
|-damage|p2a: Araquanid|24/100
|-unboost|p1a: Pangoro|def|1
|-unboost|p1a: Pangoro|spd|1
|
|upkeep
|turn|28
|
|move|p1a: Pangoro|Knock Off|p2a: Araquanid
|-damage|p2a: Araquanid|0 fnt
|-enditem|p2a: Araquanid|Mystic Water|[from] move: Knock Off|[of] p1a: Pangoro
|faint|p2a: Araquanid
|
|upkeep
|
|switch|p2a: Incineroar|Incineroar, F|72/100
|-ability|p2a: Incineroar|Intimidate|boost
|-immune|p1a: Pangoro|[from] ability: Scrappy
|turn|29
|
|switch|p1a: Noivern|Noivern, F|32/100
|-damage|p1a: Noivern|7/100|[from] Stealth Rock
|-item|p2a: Incineroar|Heavy-Duty Boots|[from] ability: Frisk|[of] p1a: Noivern|[identify]
|move|p2a: Incineroar|Parting Shot|p1a: Noivern
|-unboost|p1a: Noivern|atk|1
|-unboost|p1a: Noivern|spa|1
|
|switch|p2a: Sylveon|Sylveon, F|39/100|[from]move: Parting Shot
|
|-heal|p2a: Sylveon|45/100|[from] item: Leftovers
|upkeep
|turn|30
|
|move|p1a: Noivern|U-turn|p2a: Sylveon
|-resisted|p2a: Sylveon
|-damage|p2a: Sylveon|43/100
|
|switch|p1a: Doublade|Doublade, F|88/100|[from]move: U-turn
|-damage|p1a: Doublade|82/100|[from] Stealth Rock
|move|p2a: Sylveon|Hyper Voice|p1a: Doublade
|-resisted|p1a: Doublade
|-damage|p1a: Doublade|58/100
|
|-heal|p2a: Sylveon|49/100|[from] item: Leftovers
|upkeep
|turn|31
|
|switch|p2a: Incineroar|Incineroar, F|72/100
|-ability|p2a: Incineroar|Intimidate|boost
|-unboost|p1a: Doublade|atk|1
|move|p1a: Doublade|Iron Head|p2a: Incineroar
|-resisted|p2a: Incineroar
|-damage|p2a: Incineroar|61/100
|
|upkeep
|turn|32
|
|switch|p1a: Noivern|Noivern, F|7/100
|-damage|p1a: Noivern|0 fnt|[from] Stealth Rock
|faint|p1a: Noivern
|move|p2a: Incineroar|Knock Off|p1: Noivern|[notarget]
|-fail|p2a: Incineroar
|
|upkeep
|
|switch|p1a: Pangoro|Pangoro, M|77/100
|-damage|p1a: Pangoro|71/100|[from] Stealth Rock
|turn|33
|
|move|p2a: Incineroar|Parting Shot|p1a: Pangoro
|-unboost|p1a: Pangoro|atk|1
|-unboost|p1a: Pangoro|spa|1
|
|switch|p2a: Haxorus|Haxorus, M|15/100|[from]move: Parting Shot
|-ability|p2a: Haxorus|Mold Breaker
|move|p1a: Pangoro|Close Combat|p2a: Haxorus
|-damage|p2a: Haxorus|0 fnt
|-unboost|p1a: Pangoro|def|1
|-unboost|p1a: Pangoro|spd|1
|faint|p2a: Haxorus
|
|upkeep
|
|switch|p2a: Sylveon|Sylveon, F|49/100
|turn|34
|
|move|p1a: Pangoro|Gunk Shot|p2a: Sylveon
|-supereffective|p2a: Sylveon
|-damage|p2a: Sylveon|0 fnt
|faint|p2a: Sylveon
|
|upkeep
|
|switch|p2a: Incineroar|Incineroar, F|61/100
|-ability|p2a: Incineroar|Intimidate|boost
|-immune|p1a: Pangoro|[from] ability: Scrappy
|turn|35
|
|switch|p1a: Doublade|Doublade, F|58/100
|-damage|p1a: Doublade|52/100|[from] Stealth Rock
|move|p2a: Incineroar|Flare Blitz|p1a: Doublade
|-supereffective|p1a: Doublade
|-damage|p1a: Doublade|2/100
|-damage|p2a: Incineroar|48/100|[from] Recoil
|
|upkeep
|turn|36
|
|move|p1a: Doublade|Shadow Sneak|p2a: Incineroar
|-resisted|p2a: Incineroar
|-damage|p2a: Incineroar|39/100
|move|p2a: Incineroar|Knock Off|p1a: Doublade
|-supereffective|p1a: Doublade
|-damage|p1a: Doublade|0 fnt
|-enditem|p1a: Doublade|Eviolite|[from] move: Knock Off|[of] p2a: Incineroar
|faint|p1a: Doublade
|
|upkeep
|
|switch|p1a: Pangoro|Pangoro, M|71/100
|-damage|p1a: Pangoro|65/100|[from] Stealth Rock
|turn|37
|
|move|p2a: Incineroar|Flare Blitz|p1a: Pangoro
|-damage|p1a: Pangoro|10/100
|-damage|p2a: Incineroar|24/100|[from] Recoil
|move|p1a: Pangoro|Close Combat|p2a: Incineroar
|-supereffective|p2a: Incineroar
|-damage|p2a: Incineroar|0 fnt
|-unboost|p1a: Pangoro|def|1
|-unboost|p1a: Pangoro|spd|1
|faint|p2a: Incineroar
|
|win|notafrosty
|l|☆Mr. Personface
