|j|☆God of Pseudos
|j|☆Permission Slip
|t:|1667854509
|gametype|singles
|player|p1|God of Pseudos|akari|1201
|player|p2|Permission Slip|morty-masters2|1492
|teamsize|p1|6
|teamsize|p2|6
|gen|8
|tier|[Gen 8] UU
|rated|
|rule|Sleep Clause Mod: Limit one foe put to sleep
|rule|Species Clause: Limit one of each Pokémon
|rule|OHKO Clause: OHKO moves are banned
|rule|Evasion Items Clause: Evasion items are banned
|rule|Evasion Moves Clause: Evasion moves are banned
|rule|Endless Battle Clause: Forcing endless battles is banned
|rule|HP Percentage Mod: HP is shown in percentages
|rule|Dynamax Clause: You cannot dynamax
|clearpoke
|poke|p1|Cobalion|
|poke|p1|Polteageist|
|poke|p1|Azelf|
|poke|p1|Excadrill, F|
|poke|p1|Azumarill, F|
|poke|p1|Rotom-Heat|
|poke|p2|Zarude|
|poke|p2|Salamence, M|
|poke|p2|Chansey, F|
|poke|p2|Slowking, F|
|poke|p2|Hippowdon, M|
|poke|p2|Celesteela|
|teampreview
|inactive|Battle timer is ON: inactive players will automatically lose when time's up. (requested by God of Pseudos)
|
|t:|1667854527
|start
|switch|p1a: Excadrill|Excadrill, F|100/100
|switch|p2a: Hippowdon|Hippowdon, M|100/100
|-ability|p1a: Excadrill|Mold Breaker
|-weather|Sandstorm|[from] ability: Sand Stream|[of] p2a: Hippowdon
|turn|1
|
|t:|1667854535
|move|p1a: Excadrill|Stealth Rock|p2a: Hippowdon
|-sidestart|p2: Permission Slip|move: Stealth Rock
|move|p2a: Hippowdon|Earthquake|p1a: Excadrill
|-supereffective|p1a: Excadrill
|-enditem|p1a: Excadrill|Focus Sash
|-damage|p1a: Excadrill|1/100
|
|-weather|Sandstorm|[upkeep]
|upkeep
|turn|2
|
|t:|1667854538
|move|p1a: Excadrill|Earthquake|p2a: Hippowdon
|-damage|p2a: Hippowdon|68/100
|move|p2a: Hippowdon|Stealth Rock|p1a: Excadrill
|-sidestart|p1: God of Pseudos|move: Stealth Rock
|
|-weather|Sandstorm|[upkeep]
|-heal|p2a: Hippowdon|75/100|[from] item: Leftovers
|upkeep
|turn|3
|
|t:|1667854545
|move|p1a: Excadrill|Rapid Spin|p2a: Hippowdon
|-damage|p2a: Hippowdon|64/100
|-boost|p1a: Excadrill|spe|1
|-sideend|p1: God of Pseudos|Stealth Rock|[from] move: Rapid Spin|[of] p1a: Excadrill
|move|p2a: Hippowdon|Slack Off|p2a: Hippowdon
|-heal|p2a: Hippowdon|100/100
|
|-weather|Sandstorm|[upkeep]
|upkeep
|turn|4
|
|t:|1667854555
|move|p1a: Excadrill|Earthquake|p2a: Hippowdon
|-damage|p2a: Hippowdon|69/100
|move|p2a: Hippowdon|Earthquake|p1a: Excadrill
|-supereffective|p1a: Excadrill
|-crit|p1a: Excadrill
|-damage|p1a: Excadrill|0 fnt
|faint|p1a: Excadrill
|
|-weather|Sandstorm|[upkeep]
|-heal|p2a: Hippowdon|75/100|[from] item: Leftovers
|upkeep
|
|t:|1667854575
|switch|p1a: Rotom|Rotom-Heat|100/100
|turn|5
|
|t:|1667854578
|move|p1a: Rotom|Trick|p2a: Hippowdon
|-activate|p1a: Rotom|move: Trick|[of] p2a: Hippowdon
|-item|p2a: Hippowdon|Choice Scarf|[from] move: Trick
|-item|p1a: Rotom|Leftovers|[from] move: Trick
|move|p2a: Hippowdon|Stealth Rock|p1a: Rotom
|-sidestart|p1: God of Pseudos|move: Stealth Rock
|
|-weather|none
|upkeep
|turn|6
|
|t:|1667854587
|switch|p1a: Polteageist|Polteageist|100/100
|-damage|p1a: Polteageist|88/100|[from] Stealth Rock
|switch|p2a: Chansey|Chansey, F|100/100
|-damage|p2a: Chansey|88/100|[from] Stealth Rock
|
|upkeep
|turn|7
|
|t:|1667854592
|switch|p2a: Zarude|Zarude|100/100
|-damage|p2a: Zarude|88/100|[from] Stealth Rock
|move|p1a: Polteageist|Shell Smash|p1a: Polteageist
|-unboost|p1a: Polteageist|def|1
|-unboost|p1a: Polteageist|spd|1
|-boost|p1a: Polteageist|atk|2
|-boost|p1a: Polteageist|spa|2
|-boost|p1a: Polteageist|spe|2
|-enditem|p1a: Polteageist|White Herb
|-clearnegativeboost|p1a: Polteageist|[silent]
|
|upkeep
|turn|8
|
|t:|1667854597
|switch|p1a: Cobalion|Cobalion|100/100
|-damage|p1a: Cobalion|97/100|[from] Stealth Rock
|move|p2a: Zarude|Darkest Lariat|p1a: Cobalion
|-resisted|p1a: Cobalion
|-damage|p1a: Cobalion|80/100
|-ability|p1a: Cobalion|Justified|boost
|-boost|p1a: Cobalion|atk|1
|
|-heal|p1a: Cobalion|86/100|[from] item: Leftovers
|upkeep
|turn|9
|
|t:|1667854601
|switch|p2a: Salamence|Salamence, M|100/100
|-ability|p2a: Salamence|Intimidate|boost
|-unboost|p1a: Cobalion|atk|1
|move|p1a: Cobalion|Swords Dance|p1a: Cobalion
|-boost|p1a: Cobalion|atk|2
|
|-heal|p1a: Cobalion|92/100|[from] item: Leftovers
|upkeep
|turn|10
|
|t:|1667854605
|move|p1a: Cobalion|Stone Edge|p2a: Salamence
|-supereffective|p2a: Salamence
|-damage|p2a: Salamence|12/100
|move|p2a: Salamence|Flamethrower|p1a: Cobalion
|-supereffective|p1a: Cobalion
|-damage|p1a: Cobalion|35/100
|
|-heal|p1a: Cobalion|41/100|[from] item: Leftovers
|upkeep
|turn|11
|
|t:|1667854613
|move|p1a: Cobalion|Close Combat|p2a: Salamence
|-resisted|p2a: Salamence
|-damage|p2a: Salamence|0 fnt
|-unboost|p1a: Cobalion|def|1
|-unboost|p1a: Cobalion|spd|1
|faint|p2a: Salamence
|
|-heal|p1a: Cobalion|47/100|[from] item: Leftovers
|upkeep
|
|t:|1667854615
|switch|p2a: Slowking|Slowking, F|100/100
|-damage|p2a: Slowking|88/100|[from] Stealth Rock
|turn|12
|
|t:|1667854618
|move|p1a: Cobalion|Megahorn|p2a: Slowking
|-supereffective|p2a: Slowking
|-damage|p2a: Slowking|0 fnt
|faint|p2a: Slowking
|
|-heal|p1a: Cobalion|53/100|[from] item: Leftovers
|upkeep
|
|t:|1667854621
|switch|p2a: Zarude|Zarude|88/100
|-damage|p2a: Zarude|76/100|[from] Stealth Rock
|turn|13
|
|t:|1667854626
|switch|p1a: Azelf|Azelf|100/100
|-damage|p1a: Azelf|88/100|[from] Stealth Rock
|move|p2a: Zarude|Close Combat|p1a: Azelf
|-resisted|p1a: Azelf
|-damage|p1a: Azelf|56/100
|-unboost|p2a: Zarude|def|1
|-unboost|p2a: Zarude|spd|1
|
|upkeep
|turn|14
|
|t:|1667854632
|switch|p2a: Celesteela|Celesteela|100/100
|-damage|p2a: Celesteela|88/100|[from] Stealth Rock
|move|p1a: Azelf|Nasty Plot|p1a: Azelf
|-boost|p1a: Azelf|spa|2
|
|-heal|p2a: Celesteela|94/100|[from] item: Leftovers
|upkeep
|turn|15
|
|t:|1667854634
|move|p1a: Azelf|Fire Blast|p2a: Celesteela
|-supereffective|p2a: Celesteela
|-damage|p2a: Celesteela|0 fnt
|faint|p2a: Celesteela
|
|upkeep
|
|t:|1667854637
|switch|p2a: Zarude|Zarude|76/100
|-damage|p2a: Zarude|64/100|[from] Stealth Rock
|turn|16
|
|t:|1667854643
|switch|p1a: Cobalion|Cobalion|53/100
|-damage|p1a: Cobalion|50/100|[from] Stealth Rock
|move|p2a: Zarude|U-turn|p1a: Cobalion
|-resisted|p1a: Cobalion
|-damage|p1a: Cobalion|45/100
|
|t:|1667854645
|switch|p2a: Hippowdon|Hippowdon, M|75/100|[from]move: U-turn
|-damage|p2a: Hippowdon|69/100|[from] Stealth Rock
|-weather|Sandstorm|[from] ability: Sand Stream|[of] p2a: Hippowdon
|
|-weather|Sandstorm|[upkeep]
|-heal|p1a: Cobalion|51/100|[from] item: Leftovers
|upkeep
|turn|17
|
|t:|1667854651
|switch|p1a: Azelf|Azelf|56/100
|-damage|p1a: Azelf|43/100|[from] Stealth Rock
|switch|p2a: Chansey|Chansey, F|88/100
|-damage|p2a: Chansey|75/100|[from] Stealth Rock
|
|-weather|Sandstorm|[upkeep]
|-damage|p1a: Azelf|37/100|[from] Sandstorm
|-damage|p2a: Chansey|69/100|[from] Sandstorm
|upkeep
|turn|18
|
|t:|1667854654
|move|p1a: Azelf|Nasty Plot|p1a: Azelf
|-boost|p1a: Azelf|spa|2
|move|p2a: Chansey|Seismic Toss|p1a: Azelf
|-damage|p1a: Azelf|3/100
|
|-weather|Sandstorm|[upkeep]
|-damage|p1a: Azelf|0 fnt|[from] Sandstorm
|-damage|p2a: Chansey|63/100|[from] Sandstorm
|faint|p1a: Azelf
|upkeep
|
|t:|1667854659
|switch|p1a: Azumarill|Azumarill, F|100/100
|-damage|p1a: Azumarill|88/100|[from] Stealth Rock
|turn|19
|
|t:|1667854669
|move|p1a: Azumarill|Play Rough|p2a: Chansey
|-damage|p2a: Chansey|25/100
|move|p2a: Chansey|Seismic Toss|p1a: Azumarill
|-damage|p1a: Azumarill|59/100
|
|-weather|Sandstorm|[upkeep]
|-damage|p1a: Azumarill|53/100|[from] Sandstorm
|-damage|p2a: Chansey|19/100|[from] Sandstorm
|upkeep
|turn|20
|
|t:|1667854672
|move|p1a: Azumarill|Play Rough|p2a: Chansey
|-damage|p2a: Chansey|0 fnt
|faint|p2a: Chansey
|
|-weather|none
|upkeep
|
|t:|1667854673
|switch|p2a: Zarude|Zarude|64/100
|-damage|p2a: Zarude|51/100|[from] Stealth Rock
|turn|21
|
|t:|1667854676
|move|p2a: Zarude|Power Whip|p1a: Azumarill
|-supereffective|p1a: Azumarill
|-damage|p1a: Azumarill|0 fnt
|faint|p1a: Azumarill
|
|upkeep
|
|t:|1667854682
|switch|p1a: Cobalion|Cobalion|51/100
|-damage|p1a: Cobalion|48/100|[from] Stealth Rock
|turn|22
|
|t:|1667854685
|switch|p2a: Hippowdon|Hippowdon, M|69/100
|-damage|p2a: Hippowdon|63/100|[from] Stealth Rock
|-weather|Sandstorm|[from] ability: Sand Stream|[of] p2a: Hippowdon
|move|p1a: Cobalion|Close Combat|p2a: Hippowdon
|-damage|p2a: Hippowdon|34/100
|-unboost|p1a: Cobalion|def|1
|-unboost|p1a: Cobalion|spd|1
|
|-weather|Sandstorm|[upkeep]
|-heal|p1a: Cobalion|54/100|[from] item: Leftovers
|upkeep
|turn|23
|
|t:|1667854689
|switch|p1a: Rotom|Rotom-Heat|100/100
|-damage|p1a: Rotom|76/100|[from] Stealth Rock
|move|p2a: Hippowdon|Earthquake|p1a: Rotom
|-immune|p1a: Rotom|[from] ability: Levitate
|
|-weather|Sandstorm|[upkeep]
|-damage|p1a: Rotom|70/100|[from] Sandstorm
|-heal|p1a: Rotom|76/100|[from] item: Leftovers
|upkeep
|turn|24
|
|t:|1667854694
|move|p1a: Rotom|Overheat|p2a: Hippowdon
|-damage|p2a: Hippowdon|0 fnt
|-unboost|p1a: Rotom|spa|2
|faint|p2a: Hippowdon
|
|-weather|Sandstorm|[upkeep]
|-damage|p1a: Rotom|70/100|[from] Sandstorm
|-heal|p1a: Rotom|76/100|[from] item: Leftovers
|upkeep
|
|t:|1667854696
|switch|p2a: Zarude|Zarude|51/100
|-damage|p2a: Zarude|39/100|[from] Stealth Rock
|turn|25
|
|t:|1667854699
|move|p2a: Zarude|Darkest Lariat|p1a: Rotom
|-damage|p1a: Rotom|16/100
|move|p1a: Rotom|Overheat|p2a: Zarude
|-supereffective|p2a: Zarude
|-damage|p2a: Zarude|0 fnt
|-unboost|p1a: Rotom|spa|2
|faint|p2a: Zarude
|
|win|God of Pseudos
|raw|God of Pseudos's rating: 1201 &rarr; <strong>1243</strong><br />(+42 for winning)
|raw|Permission Slip's rating: 1492 &rarr; <strong>1458</strong><br />(-34 for losing)
|c|☆God of Pseudos|ggwp
