|j|☆xhingmong
|j|☆GryphonEx
|t:|1668008215
|gametype|singles
|player|p1|xhingmong|n|1322
|player|p2|GryphonEx|gardenia|1487
|teamsize|p1|6
|teamsize|p2|6
|gen|8
|tier|[Gen 8] UU
|rated|
|rule|Sleep Clause Mod: Limit one foe put to sleep
|rule|Species Clause: Limit one of each Pokémon
|rule|OHKO Clause: OHKO moves are banned
|rule|Evasion Items Clause: Evasion items are banned
|rule|Evasion Moves Clause: Evasion moves are banned
|rule|Endless Battle Clause: Forcing endless battles is banned
|rule|HP Percentage Mod: HP is shown in percentages
|rule|Dynamax Clause: You cannot dynamax
|clearpoke
|poke|p1|Cobalion|
|poke|p1|Hippowdon, M|
|poke|p1|Rotom-Wash|
|poke|p1|Tangrowth, F|
|poke|p1|Scizor, F|
|poke|p1|Sylveon, M|
|poke|p2|Hydreigon, M|
|poke|p2|Crawdaunt, M|
|poke|p2|Keldeo-Resolute|
|poke|p2|Salamence, M|
|poke|p2|Chansey, F|
|poke|p2|Corsola-Galar, F|
|teampreview
|c|☆GryphonEx|Good luck
|c|☆xhingmong|you too
|c|☆xhingmong|are you ready to get crushed?
|c|☆xhingmong|just kidding
|
|t:|1668008254
|start
|switch|p1a: Tangrowth|Tangrowth, F|100/100
|switch|p2a: Ragna Blade|Keldeo-Resolute|100/100
|turn|1
|c|☆GryphonEx|I’’ open to multiple suggestions
|
|t:|1668008267
|move|p2a: Ragna Blade|Flip Turn|p1a: Tangrowth
|-resisted|p1a: Tangrowth
|-damage|p1a: Tangrowth|97/100
|
|t:|1668008273
|switch|p2a: If you switch conk|Corsola-Galar, F|100/100|[from]move: Flip Turn
|move|p1a: Tangrowth|Knock Off|p2a: If you switch conk
|-supereffective|p2a: If you switch conk
|-damage|p2a: If you switch conk|76/100
|-enditem|p2a: If you switch conk|Eviolite|[from] move: Knock Off|[of] p1a: Tangrowth
|
|upkeep
|turn|2
|
|t:|1668008284
|switch|p1a: Hippowdon|Hippowdon, M|100/100
|-weather|Sandstorm|[from] ability: Sand Stream|[of] p1a: Hippowdon
|move|p2a: If you switch conk|Stealth Rock|p1a: Hippowdon
|-sidestart|p1: xhingmong|move: Stealth Rock
|
|-weather|Sandstorm|[upkeep]
|-damage|p2a: If you switch conk|70/100|[from] Sandstorm
|upkeep
|turn|3
|
|t:|1668008288
|switch|p2a: Diggs W|Crawdaunt, M|100/100
|move|p1a: Hippowdon|Stealth Rock|p2a: Diggs W
|-sidestart|p2: GryphonEx|move: Stealth Rock
|
|-weather|Sandstorm|[upkeep]
|-damage|p2a: Diggs W|95/100|[from] Sandstorm
|upkeep
|turn|4
|
|t:|1668008292
|switch|p1a: Tangrowth|Tangrowth, F|100/100
|-damage|p1a: Tangrowth|88/100|[from] Stealth Rock
|move|p2a: Diggs W|Knock Off|p1a: Tangrowth
|-damage|p1a: Tangrowth|24/100
|-enditem|p1a: Tangrowth|Assault Vest|[from] move: Knock Off|[of] p2a: Diggs W
|
|-weather|Sandstorm|[upkeep]
|-damage|p2a: Diggs W|89/100|[from] Sandstorm
|-damage|p1a: Tangrowth|18/100|[from] Sandstorm
|upkeep
|turn|5
|
|t:|1668008295
|switch|p1a: Cobalion|Cobalion|100/100
|-damage|p1a: Cobalion|97/100|[from] Stealth Rock
|move|p2a: Diggs W|Knock Off|p1a: Cobalion
|-resisted|p1a: Cobalion
|-damage|p1a: Cobalion|52/100
|-ability|p1a: Cobalion|Justified|boost
|-boost|p1a: Cobalion|atk|1
|-enditem|p1a: Cobalion|Safety Goggles|[from] move: Knock Off|[of] p2a: Diggs W
|
|-weather|Sandstorm|[upkeep]
|-damage|p2a: Diggs W|83/100|[from] Sandstorm
|upkeep
|turn|6
|j| Smokes-phone
|
|t:|1668008303
|switch|p2a: r|Salamence, M|100/100
|-ability|p2a: r|Intimidate|boost
|-unboost|p1a: Cobalion|atk|1
|move|p1a: Cobalion|Swords Dance|p1a: Cobalion
|-boost|p1a: Cobalion|atk|2
|
|-weather|none
|upkeep
|turn|7
|
|t:|1668008305
|move|p1a: Cobalion|Stone Edge|p2a: r
|-supereffective|p2a: r
|-damage|p2a: r|29/100
|move|p2a: r|Flamethrower|p1a: Cobalion
|-supereffective|p1a: Cobalion
|-damage|p1a: Cobalion|0 fnt
|faint|p1a: Cobalion
|
|upkeep
|
|t:|1668008315
|switch|p1a: Sylveon|Sylveon, M|100/100
|-damage|p1a: Sylveon|88/100|[from] Stealth Rock
|turn|8
|
|t:|1668008318
|switch|p2a: Corsola-Kanye|Chansey, F|100/100
|-damage|p2a: Corsola-Kanye|88/100|[from] Stealth Rock
|switch|p1a: Scizor|Scizor, F|100/100
|
|upkeep
|turn|9
|
|t:|1668008323
|switch|p2a: If you switch conk|Corsola-Galar, F|70/100
|-damage|p2a: If you switch conk|58/100|[from] Stealth Rock
|move|p1a: Scizor|Swords Dance|p1a: Scizor
|-boost|p1a: Scizor|atk|2
|
|upkeep
|turn|10
|
|t:|1668008328
|move|p1a: Scizor|Knock Off|p2a: If you switch conk
|-supereffective|p2a: If you switch conk
|-crit|p2a: If you switch conk
|-damage|p2a: If you switch conk|0 fnt
|faint|p2a: If you switch conk
|
|upkeep
|
|t:|1668008336
|switch|p2a: r|Salamence, M|29/100
|-ability|p2a: r|Intimidate|boost
|-unboost|p1a: Scizor|atk|1
|turn|11
|
|t:|1668008345
|switch|p1a: Sylveon|Sylveon, M|88/100
|-damage|p1a: Sylveon|76/100|[from] Stealth Rock
|move|p2a: r|Flamethrower|p1a: Sylveon
|-damage|p1a: Sylveon|63/100
|
|-heal|p1a: Sylveon|69/100|[from] item: Leftovers
|upkeep
|turn|12
|
|t:|1668008350
|switch|p1a: Scizor|Scizor, F|100/100
|move|p2a: r|Roost|p2a: r
|-heal|p2a: r|79/100
|-singleturn|p2a: r|move: Roost
|
|upkeep
|turn|13
|
|t:|1668008354
|switch|p1a: Sylveon|Sylveon, M|69/100
|-damage|p1a: Sylveon|57/100|[from] Stealth Rock
|move|p2a: r|Toxic|p1a: Sylveon|[miss]
|-miss|p2a: r|p1a: Sylveon
|
|-heal|p1a: Sylveon|63/100|[from] item: Leftovers
|upkeep
|turn|14
|
|t:|1668008358
|switch|p2a: Corsola-Kanye|Chansey, F|88/100
|-damage|p2a: Corsola-Kanye|76/100|[from] Stealth Rock
|move|p1a: Sylveon|Wish|p1a: Sylveon
|
|-heal|p1a: Sylveon|69/100|[from] item: Leftovers
|upkeep
|turn|15
|
|t:|1668008366
|switch|p1a: Scizor|Scizor, F|100/100
|move|p2a: Corsola-Kanye|Thunder Wave|p1a: Scizor
|-status|p1a: Scizor|par
|
|upkeep
|turn|16
|
|t:|1668008372
|move|p1a: Scizor|Knock Off|p2a: Corsola-Kanye
|-damage|p2a: Corsola-Kanye|54/100
|-enditem|p2a: Corsola-Kanye|Eviolite|[from] move: Knock Off|[of] p1a: Scizor
|move|p2a: Corsola-Kanye|Teleport|p2a: Corsola-Kanye
|
|t:|1668008379
|switch|p2a: Gateskeeper|Hydreigon, M|100/100|[from]move: Teleport
|-damage|p2a: Gateskeeper|88/100|[from] Stealth Rock
|
|upkeep
|turn|17
|
|t:|1668008384
|switch|p1a: Tangrowth|Tangrowth, F|51/100
|-damage|p1a: Tangrowth|38/100|[from] Stealth Rock
|move|p2a: Gateskeeper|Flash Cannon|p1a: Tangrowth
|-damage|p1a: Tangrowth|0 fnt
|faint|p1a: Tangrowth
|
|upkeep
|
|t:|1668008394
|switch|p1a: Scizor|Scizor, F|100/100 par
|turn|18
|
|t:|1668008399
|switch|p2a: r|Salamence, M|79/100
|-ability|p2a: r|Intimidate|boost
|-unboost|p1a: Scizor|atk|1
|cant|p1a: Scizor|par
|
|upkeep
|turn|19
|
|t:|1668008407
|move|p2a: r|Toxic||[still]
|-fail|p2a: r
|move|p1a: Scizor|Knock Off|p2a: r
|-crit|p2a: r
|-damage|p2a: r|48/100
|-enditem|p2a: r|Heavy-Duty Boots|[from] move: Knock Off|[of] p1a: Scizor
|
|upkeep
|turn|20
|
|t:|1668008409
|switch|p1a: Sylveon|Sylveon, M|69/100
|-damage|p1a: Sylveon|57/100|[from] Stealth Rock
|move|p2a: r|Roost|p2a: r
|-heal|p2a: r|98/100
|-singleturn|p2a: r|move: Roost
|
|-heal|p1a: Sylveon|63/100|[from] item: Leftovers
|upkeep
|turn|21
|
|t:|1668008420
|move|p2a: r|Defog|p1a: Sylveon
|-unboost|p1a: Sylveon|evasion|1
|-sideend|p1: xhingmong|Stealth Rock|[from] move: Defog|[of] p2a: r
|-sideend|p2: GryphonEx|Stealth Rock|[from] move: Defog|[of] p2a: r
|move|p1a: Sylveon|Wish|p1a: Sylveon
|
|-heal|p1a: Sylveon|69/100|[from] item: Leftovers
|upkeep
|turn|22
|
|t:|1668008425
|switch|p2a: Corsola-Kanye|Chansey, F|54/100
|move|p1a: Sylveon|Hyper Voice|p2a: Corsola-Kanye
|-damage|p2a: Corsola-Kanye|35/100
|
|-heal|p1a: Sylveon|100/100|[from] move: Wish|[wisher] Sylveon
|upkeep
|turn|23
|
|t:|1668008446
|switch|p1a: Rotom|Rotom-Wash|100/100
|move|p2a: Corsola-Kanye|Soft-Boiled|p2a: Corsola-Kanye
|-heal|p2a: Corsola-Kanye|85/100
|
|upkeep
|turn|24
|
|t:|1668008462
|move|p1a: Rotom|Trick|p2a: Corsola-Kanye
|-activate|p1a: Rotom|move: Trick|[of] p2a: Corsola-Kanye
|-item|p2a: Corsola-Kanye|Choice Scarf|[from] move: Trick
|-enditem|p1a: Rotom|Choice Scarf|[silent]|[from] move: Trick
|move|p2a: Corsola-Kanye|Teleport|p2a: Corsola-Kanye
|
|t:|1668008478
|switch|p2a: Gateskeeper|Hydreigon, M|88/100|[from]move: Teleport
|
|upkeep
|turn|25
|
|t:|1668008490
|switch|p1a: Sylveon|Sylveon, M|100/100
|move|p2a: Gateskeeper|Draco Meteor|p1a: Sylveon
|-immune|p1a: Sylveon
|
|upkeep
|turn|26
|
|t:|1668008495
|switch|p2a: Corsola-Kanye|Chansey, F|85/100
|switch|p1a: Hippowdon|Hippowdon, M|100/100
|-weather|Sandstorm|[from] ability: Sand Stream|[of] p1a: Hippowdon
|
|-weather|Sandstorm|[upkeep]
|-damage|p2a: Corsola-Kanye|79/100|[from] Sandstorm
|upkeep
|turn|27
|
|t:|1668008504
|switch|p2a: Diggs W|Crawdaunt, M|83/100
|switch|p1a: Rotom|Rotom-Wash|100/100
|
|-weather|Sandstorm|[upkeep]
|-damage|p1a: Rotom|94/100|[from] Sandstorm
|-damage|p2a: Diggs W|77/100|[from] Sandstorm
|upkeep
|turn|28
|
|t:|1668008516
|switch|p2a: Gateskeeper|Hydreigon, M|88/100
|move|p1a: Rotom|Volt Switch|p2a: Gateskeeper
|-resisted|p2a: Gateskeeper
|-damage|p2a: Gateskeeper|74/100
|
|t:|1668008519
|switch|p1a: Sylveon|Sylveon, M|100/100|[from]move: Volt Switch
|
|-weather|Sandstorm|[upkeep]
|-damage|p2a: Gateskeeper|68/100|[from] Sandstorm
|-damage|p1a: Sylveon|94/100|[from] Sandstorm
|-heal|p1a: Sylveon|100/100|[from] item: Leftovers
|upkeep
|turn|29
|
|t:|1668008530
|switch|p1a: Hippowdon|Hippowdon, M|100/100
|move|p2a: Gateskeeper|Dark Pulse|p1a: Hippowdon
|-damage|p1a: Hippowdon|50/100
|
|-weather|Sandstorm|[upkeep]
|-damage|p2a: Gateskeeper|61/100|[from] Sandstorm
|-heal|p1a: Hippowdon|56/100|[from] item: Leftovers
|upkeep
|turn|30
|j| amogusroxyrrrr
|
|t:|1668008534
|switch|p1a: Sylveon|Sylveon, M|100/100
|move|p2a: Gateskeeper|Dark Pulse|p1a: Sylveon
|-resisted|p1a: Sylveon
|-damage|p1a: Sylveon|84/100
|
|-weather|none
|-heal|p1a: Sylveon|90/100|[from] item: Leftovers
|upkeep
|turn|31
|
|t:|1668008536
|switch|p1a: Hippowdon|Hippowdon, M|56/100
|-weather|Sandstorm|[from] ability: Sand Stream|[of] p1a: Hippowdon
|move|p2a: Gateskeeper|Dark Pulse|p1a: Hippowdon
|-damage|p1a: Hippowdon|7/100
|
|-weather|Sandstorm|[upkeep]
|-damage|p2a: Gateskeeper|55/100|[from] Sandstorm
|-heal|p1a: Hippowdon|14/100|[from] item: Leftovers
|upkeep
|turn|32
|
|t:|1668008540
|switch|p2a: Diggs W|Crawdaunt, M|77/100
|switch|p1a: Sylveon|Sylveon, M|90/100
|
|-weather|Sandstorm|[upkeep]
|-damage|p2a: Diggs W|71/100|[from] Sandstorm
|-damage|p1a: Sylveon|84/100|[from] Sandstorm
|-heal|p1a: Sylveon|90/100|[from] item: Leftovers
|upkeep
|turn|33
|l| Smokes-phone
|
|t:|1668008544
|move|p2a: Diggs W|Crabhammer|p1a: Sylveon
|-damage|p1a: Sylveon|0 fnt
|faint|p1a: Sylveon
|
|-weather|Sandstorm|[upkeep]
|-damage|p2a: Diggs W|65/100|[from] Sandstorm
|upkeep
|
|t:|1668008546
|switch|p1a: Rotom|Rotom-Wash|94/100
|turn|34
|
|t:|1668008551
|switch|p2a: Gateskeeper|Hydreigon, M|55/100
|move|p1a: Rotom|Volt Switch|p2a: Gateskeeper
|-resisted|p2a: Gateskeeper
|-damage|p2a: Gateskeeper|41/100
|
|t:|1668008554
|switch|p1a: Scizor|Scizor, F|100/100 par|[from]move: Volt Switch
|
|-weather|Sandstorm|[upkeep]
|-damage|p2a: Gateskeeper|35/100|[from] Sandstorm
|upkeep
|turn|35
|
|t:|1668008558
|switch|p1a: Rotom|Rotom-Wash|94/100
|move|p2a: Gateskeeper|Flamethrower|p1a: Rotom
|-resisted|p1a: Rotom
|-damage|p1a: Rotom|72/100
|-status|p1a: Rotom|brn
|
|-weather|none
|-damage|p1a: Rotom|66/100 brn|[from] brn
|upkeep
|turn|36
|
|t:|1668008562
|move|p2a: Gateskeeper|Flamethrower|p1a: Rotom
|-resisted|p1a: Rotom
|-damage|p1a: Rotom|41/100 brn
|move|p1a: Rotom|Volt Switch|p2a: Gateskeeper
|-resisted|p2a: Gateskeeper
|-damage|p2a: Gateskeeper|22/100
|
|t:|1668008566
|switch|p1a: Scizor|Scizor, F|100/100 par|[from]move: Volt Switch
|
|upkeep
|turn|37
|
|t:|1668008568
|move|p1a: Scizor|Bullet Punch|p2a: Gateskeeper
|-damage|p2a: Gateskeeper|0 fnt
|faint|p2a: Gateskeeper
|
|upkeep
|
|t:|1668008575
|switch|p2a: Ragna Blade|Keldeo-Resolute|100/100
|turn|38
|
|t:|1668008583
|move|p2a: Ragna Blade|Secret Sword|p1a: Scizor
|-damage|p1a: Scizor|68/100 par
|cant|p1a: Scizor|par
|
|upkeep
|turn|39
|
|t:|1668008590
|move|p2a: Ragna Blade|Taunt|p1a: Scizor
|-start|p1a: Scizor|move: Taunt
|cant|p1a: Scizor|move: Taunt|Roost
|
|upkeep
|turn|40
|
|t:|1668008595
|switch|p1a: Hippowdon|Hippowdon, M|14/100
|-weather|Sandstorm|[from] ability: Sand Stream|[of] p1a: Hippowdon
|move|p2a: Ragna Blade|Secret Sword|p1a: Hippowdon
|-damage|p1a: Hippowdon|0 fnt
|faint|p1a: Hippowdon
|
|-weather|Sandstorm|[upkeep]
|-damage|p2a: Ragna Blade|94/100|[from] Sandstorm
|-heal|p2a: Ragna Blade|100/100|[from] item: Leftovers
|upkeep
|
|t:|1668008596
|switch|p1a: Rotom|Rotom-Wash|41/100 brn
|turn|41
|
|t:|1668008598
|move|p2a: Ragna Blade|Secret Sword|p1a: Rotom
|-damage|p1a: Rotom|0 fnt
|faint|p1a: Rotom
|
|-weather|Sandstorm|[upkeep]
|-damage|p2a: Ragna Blade|94/100|[from] Sandstorm
|-heal|p2a: Ragna Blade|100/100|[from] item: Leftovers
|upkeep
|
|t:|1668008600
|switch|p1a: Scizor|Scizor, F|68/100 par
|turn|42
|
|t:|1668008602
|move|p2a: Ragna Blade|Taunt|p1a: Scizor
|-start|p1a: Scizor|move: Taunt
|move|p1a: Scizor|Knock Off|p2a: Ragna Blade
|-resisted|p2a: Ragna Blade
|-damage|p2a: Ragna Blade|83/100
|-ability|p2a: Ragna Blade|Justified|boost
|-boost|p2a: Ragna Blade|atk|1
|-enditem|p2a: Ragna Blade|Leftovers|[from] move: Knock Off|[of] p1a: Scizor
|
|-weather|Sandstorm|[upkeep]
|-damage|p2a: Ragna Blade|77/100|[from] Sandstorm
|upkeep
|turn|43
|
|t:|1668008604
|move|p2a: Ragna Blade|Secret Sword|p1a: Scizor
|-damage|p1a: Scizor|31/100 par
|move|p1a: Scizor|Knock Off|p2a: Ragna Blade
|-resisted|p2a: Ragna Blade
|-damage|p2a: Ragna Blade|64/100
|-ability|p2a: Ragna Blade|Justified|boost
|-boost|p2a: Ragna Blade|atk|1
|
|-weather|Sandstorm|[upkeep]
|-damage|p2a: Ragna Blade|58/100|[from] Sandstorm
|upkeep
|turn|44
|
|t:|1668008607
|move|p1a: Scizor|Bullet Punch|p2a: Ragna Blade
|-resisted|p2a: Ragna Blade
|-damage|p2a: Ragna Blade|41/100
|move|p2a: Ragna Blade|Secret Sword|p1a: Scizor
|-damage|p1a: Scizor|0 fnt
|faint|p1a: Scizor
|
|win|GryphonEx
|raw|xhingmong's rating: 1322 &rarr; <strong>1311</strong><br />(-11 for losing)
|raw|GryphonEx's rating: 1487 &rarr; <strong>1498</strong><br />(+11 for winning)
|c|☆GryphonEx|gg
|c|☆xhingmong|gg
|l|☆xhingmong
|l| amogusroxyrrrr
||Ladder isn't responding, score probably updated but might not have (Request timeout).
