|j|☆Morceau
|j|☆lanouille
|t:|1613078778
|player|p1|Morceau|thorton|1618
|player|p2|lanouille|tuber|1432
|teamsize|p1|6
|teamsize|p2|6
|gametype|singles
|gen|8
|tier|[Gen 8] UU
|rated|
|clearpoke
|poke|p1|Victini|
|poke|p1|Gyarados, F|
|poke|p1|Tangrowth, M|
|poke|p1|Hatterene, F|
|poke|p1|Scizor, F|
|poke|p1|Kommo-o, M|
|poke|p2|Kommo-o, F|
|poke|p2|Incineroar, F|
|poke|p2|Ditto|
|poke|p2|Rotom-Heat|
|poke|p2|Nihilego|
|poke|p2|Jirachi|
|rule|Sleep Clause Mod: Limit one foe put to sleep
|rule|Species Clause: Limit one of each Pokémon
|rule|OHKO Clause: OHKO moves are banned
|rule|Evasion Moves Clause: Evasion moves are banned
|rule|Endless Battle Clause: Forcing endless battles is banned
|rule|HP Percentage Mod: HP is shown in percentages
|rule|Dynamax Clause: You cannot dynamax
|teampreview
|inactive|Battle timer is ON: inactive players will automatically lose when time's up. (requested by Morceau)
|j| uncool_loser
|
|t:|1613078809
|start
|switch|p1a: Victini|Victini|100/100
|switch|p2a: Jirachi|Jirachi|100/100
|turn|1
|
|t:|1613078819
|switch|p2a: Incineroar|Incineroar, F|100/100
|-ability|p2a: Incineroar|Intimidate|boost
|-unboost|p1a: Victini|atk|1
|move|p1a: Victini|Blue Flare|p2a: Incineroar
|-resisted|p2a: Incineroar
|-damage|p2a: Incineroar|80/100
|
|upkeep
|turn|2
|
|t:|1613078829
|move|p1a: Victini|U-turn|p2a: Incineroar
|-damage|p2a: Incineroar|71/100
|
|t:|1613078832
|switch|p1a: Kommo-o|Kommo-o, M|100/100|[from]move: U-turn
|move|p2a: Incineroar|Knock Off|p1a: Kommo-o
|-resisted|p1a: Kommo-o
|-crit|p1a: Kommo-o
|-damage|p1a: Kommo-o|82/100
|-damage|p2a: Incineroar|54/100|[from] item: Rocky Helmet|[of] p1a: Kommo-o
|-enditem|p1a: Kommo-o|Rocky Helmet|[from] move: Knock Off|[of] p2a: Incineroar
|
|upkeep
|turn|3
|
|t:|1613078841
|move|p1a: Kommo-o|Body Press|p2a: Incineroar
|-supereffective|p2a: Incineroar
|-damage|p2a: Incineroar|0 fnt
|faint|p2a: Incineroar
|
|upkeep
|
|t:|1613078849
|switch|p2a: Kommo-o|Kommo-o, F|100/100
|turn|4
|
|t:|1613078854
|switch|p1a: Hatterene|Hatterene, F|100/100
|move|p2a: Kommo-o|Clangorous Soul|p2a: Kommo-o
|-boost|p2a: Kommo-o|atk|1
|-boost|p2a: Kommo-o|def|1
|-boost|p2a: Kommo-o|spa|1
|-boost|p2a: Kommo-o|spd|1
|-boost|p2a: Kommo-o|spe|1
|-damage|p2a: Kommo-o|68/100
|
|-heal|p2a: Kommo-o|74/100|[from] item: Leftovers
|upkeep
|turn|5
|
|t:|1613078877
|switch|p2a: Nihilego|Nihilego|100/100
|move|p1a: Hatterene|Draining Kiss|p2a: Nihilego
|-resisted|p2a: Nihilego
|-damage|p2a: Nihilego|90/100
|
|upkeep
|turn|6
|
|t:|1613078886
|switch|p1a: Scizor|Scizor, F|100/100
|move|p2a: Nihilego|Meteor Beam||[still]
|-prepare|p2a: Nihilego|Meteor Beam
|-boost|p2a: Nihilego|spa|1
|-enditem|p2a: Nihilego|Power Herb
|-anim|p2a: Nihilego|Meteor Beam|p1a: Scizor
|-damage|p1a: Scizor|0 fnt
|faint|p1a: Scizor
|-ability|p2a: Nihilego|Beast Boost|boost
|-boost|p2a: Nihilego|spe|1
|
|upkeep
|
|t:|1613078893
|switch|p1a: Kommo-o|Kommo-o, M|82/100
|turn|7
|
|t:|1613078900
|move|p2a: Nihilego|Sludge Wave|p1a: Kommo-o
|-damage|p1a: Kommo-o|17/100
|move|p1a: Kommo-o|Earthquake|p2a: Nihilego
|-supereffective|p2a: Nihilego
|-damage|p2a: Nihilego|0 fnt
|faint|p2a: Nihilego
|
|upkeep
|
|t:|1613078912
|switch|p2a: Kommo-o|Kommo-o, F|74/100
|turn|8
|
|t:|1613078919
|move|p2a: Kommo-o|Drain Punch|p1a: Kommo-o
|-damage|p1a: Kommo-o|0 fnt
|-heal|p2a: Kommo-o|84/100|[from] drain|[of] p1a: Kommo-o
|faint|p1a: Kommo-o
|
|-heal|p2a: Kommo-o|90/100|[from] item: Leftovers
|upkeep
|
|t:|1613078921
|switch|p1a: Hatterene|Hatterene, F|100/100
|turn|9
|
|t:|1613078931
|switch|p2a: Rotom|Rotom-Heat|100/100
|move|p1a: Hatterene|Nuzzle|p2a: Rotom
|-resisted|p2a: Rotom
|-damage|p2a: Rotom|99/100
|
|upkeep
|turn|10
|
|t:|1613078959
|move|p2a: Rotom|Volt Switch|p1a: Hatterene
|-damage|p1a: Hatterene|82/100
|
|t:|1613078965
|switch|p2a: Jirachi|Jirachi|100/100|[from]move: Volt Switch
|move|p1a: Hatterene|Psychic|p2a: Jirachi
|-resisted|p2a: Jirachi
|-damage|p2a: Jirachi|90/100
|
|-heal|p2a: Jirachi|96/100|[from] item: Leftovers
|upkeep
|turn|11
|
|t:|1613078975
|move|p2a: Jirachi|U-turn|p1a: Hatterene
|-crit|p1a: Hatterene
|-damage|p1a: Hatterene|56/100
|
|t:|1613078980
|switch|p2a: Rotom|Rotom-Heat|99/100|[from]move: U-turn
|move|p1a: Hatterene|Nuzzle|p2a: Rotom
|-resisted|p2a: Rotom
|-damage|p2a: Rotom|98/100
|
|upkeep
|turn|12
|
|t:|1613078986
|move|p2a: Rotom|Overheat|p1a: Hatterene
|-damage|p1a: Hatterene|25/100
|-unboost|p2a: Rotom|spa|2
|move|p1a: Hatterene|Mystical Fire|p2a: Rotom
|-resisted|p2a: Rotom
|-damage|p2a: Rotom|83/100
|-unboost|p2a: Rotom|spa|1
|
|upkeep
|turn|13
|
|t:|1613078996
|move|p2a: Rotom|Volt Switch|p1a: Hatterene
|-damage|p1a: Hatterene|18/100
|
|t:|1613079000
|switch|p2a: Jirachi|Jirachi|96/100|[from]move: Volt Switch
|move|p1a: Hatterene|Nuzzle|p2a: Jirachi
|-damage|p2a: Jirachi|94/100
|-status|p2a: Jirachi|par
|
|-heal|p2a: Jirachi|99/100 par|[from] item: Leftovers
|upkeep
|turn|14
|
|t:|1613079010
|move|p2a: Jirachi|U-turn|p1a: Hatterene
|-damage|p1a: Hatterene|1/100
|
|t:|1613079014
|switch|p2a: Rotom|Rotom-Heat|83/100|[from]move: U-turn
|move|p1a: Hatterene|Psychic|p2a: Rotom
|-damage|p2a: Rotom|26/100
|
|upkeep
|turn|15
|
|t:|1613079026
|move|p2a: Rotom|Volt Switch|p1a: Hatterene
|-crit|p1a: Hatterene
|-damage|p1a: Hatterene|0 fnt
|faint|p1a: Hatterene
|
|t:|1613079036
|switch|p2a: Jirachi|Jirachi|99/100 par|[from]move: Volt Switch
|
|-heal|p2a: Jirachi|100/100 par|[from] item: Leftovers
|upkeep
|
|t:|1613079040
|switch|p1a: Gyarados|Gyarados, F|100/100
|-ability|p1a: Gyarados|Intimidate|boost
|-unboost|p2a: Jirachi|atk|1
|turn|16
|
|t:|1613079048
|move|p1a: Gyarados|Substitute|p1a: Gyarados
|-start|p1a: Gyarados|Substitute
|-damage|p1a: Gyarados|76/100
|move|p2a: Jirachi|U-turn|p1a: Gyarados
|-resisted|p1a: Gyarados
|-activate|p1a: Gyarados|move: Substitute|[damage]
|
|t:|1613079054
|switch|p2a: Rotom|Rotom-Heat|26/100|[from]move: U-turn
|
|-heal|p1a: Gyarados|82/100|[from] item: Leftovers
|upkeep
|turn|17
|
|t:|1613079064
|move|p1a: Gyarados|Dragon Dance|p1a: Gyarados
|-boost|p1a: Gyarados|atk|1
|-boost|p1a: Gyarados|spe|1
|move|p2a: Rotom|Volt Switch|p1a: Gyarados
|-supereffective|p1a: Gyarados
|-end|p1a: Gyarados|Substitute
|
|t:|1613079071
|switch|p2a: Ditto|Ditto|100/100|[from]move: Volt Switch
|-transform|p2a: Ditto|p1a: Gyarados|[from] ability: Imposter
|-ability|p2a: Ditto|Intimidate|boost
|-unboost|p1a: Gyarados|atk|1
|
|-heal|p1a: Gyarados|88/100|[from] item: Leftovers
|upkeep
|turn|18
|
|t:|1613079092
|move|p2a: Ditto|Waterfall|p1a: Gyarados
|-resisted|p1a: Gyarados
|-damage|p1a: Gyarados|51/100
|cant|p1a: Gyarados|flinch
|
|-heal|p1a: Gyarados|57/100|[from] item: Leftovers
|upkeep
|turn|19
|l| uncool_loser
|
|t:|1613079099
|switch|p1a: Tangrowth|Tangrowth, M|100/100
|move|p2a: Ditto|Waterfall|p1a: Tangrowth
|-resisted|p1a: Tangrowth
|-damage|p1a: Tangrowth|78/100
|
|upkeep
|turn|20
|
|t:|1613079106
|switch|p2a: Rotom|Rotom-Heat|26/100
|switch|p1a: Victini|Victini|100/100
|
|upkeep
|turn|21
|
|t:|1613079120
|move|p1a: Victini|Psychic|p2a: Rotom
|-damage|p2a: Rotom|0 fnt
|faint|p2a: Rotom
|
|upkeep
|
|t:|1613079124
|switch|p2a: Ditto|Ditto|100/100
|-transform|p2a: Ditto|p1a: Victini|[from] ability: Imposter
|turn|22
|
|t:|1613079132
|move|p2a: Ditto|Blue Flare|p1a: Victini
|-resisted|p1a: Victini
|-damage|p1a: Victini|74/100
|move|p1a: Victini|Blue Flare|p2a: Ditto
|-resisted|p2a: Ditto
|-damage|p2a: Ditto|69/100
|
|upkeep
|turn|23
|
|t:|1613079141
|move|p2a: Ditto|Blue Flare|p1a: Victini
|-resisted|p1a: Victini
|-damage|p1a: Victini|47/100
|move|p1a: Victini|Blue Flare|p2a: Ditto|[miss]
|-miss|p1a: Victini|p2a: Ditto
|
|upkeep
|turn|24
|
|t:|1613079149
|move|p2a: Ditto|Blue Flare|p1a: Victini
|-resisted|p1a: Victini
|-damage|p1a: Victini|20/100
|move|p1a: Victini|U-turn|p2a: Ditto
|-damage|p2a: Ditto|52/100
|
|t:|1613079151
|switch|p1a: Gyarados|Gyarados, F|57/100|[from]move: U-turn
|-ability|p1a: Gyarados|Intimidate|boost
|-unboost|p2a: Ditto|atk|1
|
|-heal|p1a: Gyarados|63/100|[from] item: Leftovers
|upkeep
|turn|25
|
|t:|1613079163
|switch|p2a: Kommo-o|Kommo-o, F|90/100
|move|p1a: Gyarados|Waterfall|p2a: Kommo-o
|-resisted|p2a: Kommo-o
|-damage|p2a: Kommo-o|70/100
|
|-heal|p2a: Kommo-o|76/100|[from] item: Leftovers
|-heal|p1a: Gyarados|69/100|[from] item: Leftovers
|upkeep
|turn|26
|
|t:|1613079174
|move|p2a: Kommo-o|Clangorous Soul|p2a: Kommo-o
|-boost|p2a: Kommo-o|atk|1
|-boost|p2a: Kommo-o|def|1
|-boost|p2a: Kommo-o|spa|1
|-boost|p2a: Kommo-o|spd|1
|-boost|p2a: Kommo-o|spe|1
|-damage|p2a: Kommo-o|43/100
|move|p1a: Gyarados|Dragon Dance|p1a: Gyarados
|-boost|p1a: Gyarados|atk|1
|-boost|p1a: Gyarados|spe|1
|
|-heal|p2a: Kommo-o|50/100|[from] item: Leftovers
|-heal|p1a: Gyarados|75/100|[from] item: Leftovers
|upkeep
|turn|27
|
|t:|1613079186
|move|p2a: Kommo-o|Poison Jab|p1a: Gyarados
|-damage|p1a: Gyarados|31/100
|move|p1a: Gyarados|Dragon Dance|p1a: Gyarados
|-boost|p1a: Gyarados|atk|1
|-boost|p1a: Gyarados|spe|1
|
|-heal|p1a: Gyarados|37/100|[from] item: Leftovers
|-heal|p2a: Kommo-o|56/100|[from] item: Leftovers
|upkeep
|turn|28
|
|t:|1613079195
|move|p1a: Gyarados|Bounce||[still]
|-prepare|p1a: Gyarados|Bounce
|move|p2a: Kommo-o|Drain Punch|p1a: Gyarados|[miss]
|-miss|p2a: Kommo-o|p1a: Gyarados
|
|-heal|p1a: Gyarados|43/100|[from] item: Leftovers
|-heal|p2a: Kommo-o|62/100|[from] item: Leftovers
|upkeep
|turn|29
|
|t:|1613079214
|move|p1a: Gyarados|Bounce|p2a: Kommo-o|[from]lockedmove|[miss]
|-miss|p1a: Gyarados|p2a: Kommo-o
|move|p2a: Kommo-o|Poison Jab|p1a: Gyarados
|-damage|p1a: Gyarados|0 fnt
|faint|p1a: Gyarados
|
|-heal|p2a: Kommo-o|68/100|[from] item: Leftovers
|upkeep
|-message|Morceau forfeited.
|
|win|lanouille
|l|☆Morceau
