|j|☆RIZ LA VIE
|j|‽nnothisispatrick
|player|p1|RIZ LA VIE|picnicker|1548
|player|p2|nnothisispatrick|246|1545
|teamsize|p1|6
|teamsize|p2|6
|gametype|singles
|gen|8
|tier|[Gen 8] UU
|rated|
|clearpoke
|poke|p1|Roserade, M|
|poke|p1|Passimian, M|
|poke|p1|Bronzong|
|poke|p1|Incineroar, M|
|poke|p1|Rotom-Wash|
|poke|p1|Sylveon, F|
|poke|p2|Rillaboom, M|
|poke|p2|Barraskewda, M|
|poke|p2|Rotom-Wash|
|poke|p2|Cobalion|
|poke|p2|Polteageist|
|poke|p2|Scyther, F|
|rule|Sleep Clause Mod: Limit one foe put to sleep
|rule|Species Clause: Limit one of each Pokémon
|rule|OHKO Clause: OHKO moves are banned
|rule|Evasion Moves Clause: Evasion moves are banned
|rule|Endless Battle Clause: Forcing endless battles is banned
|rule|HP Percentage Mod: HP is shown in percentages
|rule|Dynamax Clause: You cannot dynamax
|teampreview
|
|start
|switch|p1a: Passimian|Passimian, M|100/100
|switch|p2a: Barraskewda|Barraskewda, M|100/100
|turn|1
|
|switch|p2a: Rotom|Rotom-Wash|100/100
|move|p1a: Passimian|U-turn|p2a: Rotom
|-damage|p2a: Rotom|84/100
|-damage|p1a: Passimian|84/100|[from] item: Rocky Helmet|[of] p2a: Rotom
|j| tay sachs
|
|switch|p1a: Roserade|Roserade, M, shiny|100/100|[from]move: U-turn
|
|upkeep
|turn|2
|l| tay sachs
|
|switch|p2a: Scyther|Scyther, F|100/100
|move|p1a: Roserade|Spikes|p2a: Scyther
|-sidestart|p2: nnothisispatrick|Spikes
|
|upkeep
|turn|3
|
|switch|p2a: Rotom|Rotom-Wash|84/100
|switch|p1a: Rotom|Rotom-Wash|100/100
|
|upkeep
|turn|4
|
|move|p1a: Rotom|Volt Switch|p2a: Rotom
|-damage|p2a: Rotom|59/100
|
|switch|p1a: Roserade|Roserade, M, shiny|100/100|[from]move: Volt Switch
|move|p2a: Rotom|Defog|p1a: Roserade
|-unboost|p1a: Roserade|evasion|1
|-sideend|p2: nnothisispatrick|Spikes|[from] move: Defog|[of] p2a: Rotom
|
|upkeep
|turn|5
|
|move|p1a: Roserade|Spikes|p2a: Rotom
|-sidestart|p2: nnothisispatrick|Spikes
|move|p2a: Rotom|Volt Switch|p1a: Roserade
|-resisted|p1a: Roserade
|-damage|p1a: Roserade|84/100
|
|switch|p2a: Scyther|Scyther, F|100/100|[from]move: Volt Switch
|
|-heal|p1a: Roserade|90/100|[from] item: Black Sludge
|upkeep
|turn|6
|
|switch|p1a: Incineroar|Incineroar, M|100/100
|-ability|p1a: Incineroar|Intimidate|boost
|-unboost|p2a: Scyther|atk|1
|move|p2a: Scyther|Swords Dance|p2a: Scyther
|-boost|p2a: Scyther|atk|2
|
|upkeep
|turn|7
|j| Scott McSauce
|
|move|p2a: Scyther|Dual Wingbeat|p1a: Incineroar
|-damage|p1a: Incineroar|63/100
|-damage|p1a: Incineroar|25/100
|-hitcount|p1a: Incineroar|2
|move|p1a: Incineroar|Flare Blitz|p2a: Scyther
|-supereffective|p2a: Scyther
|-damage|p2a: Scyther|17/100
|-status|p2a: Scyther|brn
|-damage|p1a: Incineroar|6/100|[from] Recoil
|
|-damage|p2a: Scyther|11/100 brn|[from] brn
|upkeep
|turn|8
|
|move|p2a: Scyther|Bug Bite|p1a: Incineroar
|-damage|p1a: Incineroar|0 fnt
|faint|p1a: Incineroar
|
|-damage|p2a: Scyther|5/100 brn|[from] brn
|upkeep
|
|switch|p1a: Passimian|Passimian, M|84/100
|turn|9
|
|move|p2a: Scyther|Quick Attack|p1a: Passimian
|-crit|p1a: Passimian
|-damage|p1a: Passimian|60/100
|move|p1a: Passimian|U-turn|p2a: Scyther
|-resisted|p2a: Scyther
|-damage|p2a: Scyther|0 fnt
|faint|p2a: Scyther
|
|switch|p1a: Rotom|Rotom-Wash|100/100|[from]move: U-turn
|
|upkeep
|
|switch|p2a: Rillaboom|Rillaboom, M|100/100
|-damage|p2a: Rillaboom|88/100|[from] Spikes
|-fieldstart|move: Grassy Terrain|[from] ability: Grassy Surge|[of] p2a: Rillaboom
|turn|10
|
|switch|p1a: Bronzong|Bronzong|100/100
|move|p2a: Rillaboom|High Horsepower|p1a: Bronzong
|-immune|p1a: Bronzong|[from] ability: Levitate
|
|-heal|p2a: Rillaboom|94/100|[from] item: Leftovers
|-heal|p2a: Rillaboom|100/100|[from] Grassy Terrain
|upkeep
|turn|11
|
|move|p2a: Rillaboom|Swords Dance|p2a: Rillaboom
|-boost|p2a: Rillaboom|atk|2
|move|p1a: Bronzong|Stealth Rock|p2a: Rillaboom
|-sidestart|p2: nnothisispatrick|move: Stealth Rock
|
|upkeep
|turn|12
|
|move|p2a: Rillaboom|Darkest Lariat|p1a: Bronzong
|-supereffective|p1a: Bronzong
|-damage|p1a: Bronzong|6/100
|move|p1a: Bronzong|Toxic|p2a: Rillaboom
|-status|p2a: Rillaboom|tox
|
|-heal|p1a: Bronzong|12/100|[from] item: Leftovers
|-damage|p2a: Rillaboom|94/100 tox|[from] psn
|upkeep
|turn|13
|
|move|p2a: Rillaboom|Grassy Glide|p1a: Bronzong
|-resisted|p1a: Bronzong
|-damage|p1a: Bronzong|0 fnt
|faint|p1a: Bronzong
|
|-heal|p2a: Rillaboom|100/100 tox|[from] item: Leftovers
|-damage|p2a: Rillaboom|88/100 tox|[from] psn
|upkeep
|
|switch|p1a: Roserade|Roserade, M, shiny|90/100
|turn|14
|
|switch|p2a: Cobalion|Cobalion|100/100
|-damage|p2a: Cobalion|88/100|[from] Spikes
|-damage|p2a: Cobalion|85/100|[from] Stealth Rock
|move|p1a: Roserade|Sludge Bomb|p2a: Cobalion
|-immune|p2a: Cobalion
|
|-heal|p1a: Roserade|96/100|[from] item: Black Sludge
|-heal|p1a: Roserade|100/100|[from] Grassy Terrain
|-heal|p2a: Cobalion|91/100|[from] Grassy Terrain
|-fieldend|move: Grassy Terrain
|upkeep
|turn|15
|
|move|p1a: Roserade|Sleep Powder|p2a: Cobalion
|-status|p2a: Cobalion|slp|[from] move: Sleep Powder
|cant|p2a: Cobalion|slp
|
|upkeep
|turn|16
|
|switch|p1a: Sylveon|Sylveon, F|100/100
|-curestatus|p2a: Cobalion|slp|[msg]
|move|p2a: Cobalion|Steel Beam|p1a: Sylveon
|-supereffective|p1a: Sylveon
|-damage|p1a: Sylveon|15/100
|-damage|p2a: Cobalion|41/100|[from] mindblown
|
|upkeep
|turn|17
|
|move|p2a: Cobalion|Volt Switch|p1a: Sylveon
|-damage|p1a: Sylveon|0 fnt
|faint|p1a: Sylveon
|
|switch|p2a: Barraskewda|Barraskewda, M|100/100|[from]move: Volt Switch
|-damage|p2a: Barraskewda|88/100|[from] Stealth Rock
|-damage|p2a: Barraskewda|75/100|[from] Spikes
|
|upkeep
|
|switch|p1a: Rotom|Rotom-Wash|100/100
|turn|18
|
|move|p2a: Barraskewda|Flip Turn|p1a: Rotom
|-resisted|p1a: Rotom
|-damage|p1a: Rotom|74/100
|
|switch|p2a: Cobalion|Cobalion|41/100|[from]move: Flip Turn
|-damage|p2a: Cobalion|38/100|[from] Stealth Rock
|-damage|p2a: Cobalion|26/100|[from] Spikes
|move|p1a: Rotom|Volt Switch|p2a: Cobalion
|-damage|p2a: Cobalion|9/100
|
|switch|p1a: Roserade|Roserade, M, shiny|100/100|[from]move: Volt Switch
|
|upkeep
|turn|19
|
|move|p1a: Roserade|Giga Drain|p2a: Cobalion
|-resisted|p2a: Cobalion
|-damage|p2a: Cobalion|0 fnt
|faint|p2a: Cobalion
|
|upkeep
|
|switch|p2a: Barraskewda|Barraskewda, M|75/100
|-damage|p2a: Barraskewda|63/100|[from] Stealth Rock
|-damage|p2a: Barraskewda|50/100|[from] Spikes
|turn|20
|
|move|p2a: Barraskewda|Psychic Fangs|p1a: Roserade
|-supereffective|p1a: Roserade
|-crit|p1a: Roserade
|-damage|p1a: Roserade|0 fnt
|faint|p1a: Roserade
|
|upkeep
|
|switch|p1a: Rotom|Rotom-Wash|74/100
|turn|21
|
|move|p2a: Barraskewda|Psychic Fangs|p1a: Rotom
|-damage|p1a: Rotom|30/100
|move|p1a: Rotom|Volt Switch|p2a: Barraskewda
|-supereffective|p2a: Barraskewda
|-damage|p2a: Barraskewda|0 fnt
|faint|p2a: Barraskewda
|
|switch|p1a: Passimian|Passimian, M|60/100|[from]move: Volt Switch
|
|upkeep
|
|switch|p2a: Rotom|Rotom-Wash|59/100
|-damage|p2a: Rotom|47/100|[from] Stealth Rock
|turn|22
|
|move|p1a: Passimian|U-turn|p2a: Rotom
|-crit|p2a: Rotom
|-damage|p2a: Rotom|20/100
|-damage|p1a: Passimian|44/100|[from] item: Rocky Helmet|[of] p2a: Rotom
|
|switch|p1a: Rotom|Rotom-Wash|30/100|[from]move: U-turn
|move|p2a: Rotom|Volt Switch|p1a: Rotom
|-damage|p1a: Rotom|2/100
|
|switch|p2a: Rillaboom|Rillaboom, M|88/100 tox|[from]move: Volt Switch
|-damage|p2a: Rillaboom|76/100 tox|[from] Spikes
|-damage|p2a: Rillaboom|64/100 tox|[from] Stealth Rock
|-fieldstart|move: Grassy Terrain|[from] ability: Grassy Surge|[of] p2a: Rillaboom
|
|-heal|p2a: Rillaboom|70/100 tox|[from] item: Leftovers
|-heal|p2a: Rillaboom|76/100 tox|[from] Grassy Terrain
|-heal|p1a: Rotom|9/100|[from] item: Leftovers
|-damage|p2a: Rillaboom|70/100 tox|[from] psn
|upkeep
|turn|23
|
|move|p2a: Rillaboom|Grassy Glide|p1a: Rotom
|-supereffective|p1a: Rotom
|-damage|p1a: Rotom|0 fnt
|faint|p1a: Rotom
|
|-heal|p2a: Rillaboom|76/100 tox|[from] item: Leftovers
|-heal|p2a: Rillaboom|82/100 tox|[from] Grassy Terrain
|-damage|p2a: Rillaboom|70/100 tox|[from] psn
|upkeep
|
|switch|p1a: Passimian|Passimian, M|44/100
|turn|24
|
|move|p2a: Rillaboom|Grassy Glide|p1a: Passimian
|-damage|p1a: Passimian|0 fnt
|faint|p1a: Passimian
|
|win|nnothisispatrick
|l|☆RIZ LA VIE
|j|☆RIZ LA VIE
|player|p1|RIZ LA VIE|picnicker
|raw|RIZ LA VIE's rating: 1548 &rarr; <strong>1528</strong><br />(-20 for losing)
|raw|nnothisispatrick's rating: 1545 &rarr; <strong>1565</strong><br />(+20 for winning)
