|j|☆Low Ladder Terror
|j|☆lost in the memory
|t:|1608156590
|player|p1|Low Ladder Terror|teamrocket|
|player|p2|lost in the memory|phoebe-gen3|
|teamsize|p1|6
|teamsize|p2|6
|gametype|singles
|gen|8
|tier|[Gen 8] UU
|rated|Tournament battle
|clearpoke
|poke|p1|Kyurem|
|poke|p1|Scizor, M|
|poke|p1|Hatterene, F|
|poke|p1|Seismitoad, M|
|poke|p1|Salamence, M|
|poke|p1|Lucario, M|
|poke|p2|Keldeo-Resolute|
|poke|p2|Kyurem|
|poke|p2|Jirachi|
|poke|p2|Amoonguss, M|
|poke|p2|Krookodile, F|
|poke|p2|Rotom-Heat|
|rule|Sleep Clause Mod: Limit one foe put to sleep
|rule|Species Clause: Limit one of each Pokémon
|rule|OHKO Clause: OHKO moves are banned
|rule|Evasion Moves Clause: Evasion moves are banned
|rule|Endless Battle Clause: Forcing endless battles is banned
|rule|HP Percentage Mod: HP is shown in percentages
|rule|Dynamax Clause: You cannot dynamax
|teampreview
|j| uula1maldgreinnojk
|j| Can'tFight
|inactive|Battle timer is ON: inactive players will automatically lose when time's up. (requested by Low Ladder Terror)
|j| Mindnight
|j| laevin ㋛
|c| Mindnight|oml go ava
|j| 467 11 11p
|j|+Yuno
|j| SpenderOfTime
|inactive|Low Ladder Terror has 120 seconds left.
|
|t:|1608156628
|start
|switch|p1a: Salamence|Salamence, M|100/100
|switch|p2a: shut up|Kyurem|100/100
|-ability|p2a: shut up|Pressure
|turn|1
|c| Can'tFight|is everything just an avar alt
|c| 467 11 11p|yes
|c| uula1maldgreinnojk|yep
|
|t:|1608156643
|move|p1a: Salamence|Outrage|p2a: shut up
|-supereffective|p2a: shut up
|-damage|p2a: shut up|0 fnt
|faint|p2a: shut up
|-ability|p1a: Salamence|Moxie|boost
|-boost|p1a: Salamence|atk|1
|
|upkeep
|c| 467 11 11p|your friend? ava alt
|c| Mindnight|pog
|c|☆lost in the memory|ew
|
|t:|1608156660
|switch|p2a: as a dream|Jirachi|100/100
|turn|2
|c| uula1maldgreinnojk|lolo
|
|t:|1608156663
|move|p1a: Salamence|Outrage|p2a: as a dream|[from]lockedmove
|-resisted|p2a: as a dream
|-damage|p2a: as a dream|61/100
|move|p2a: as a dream|Stealth Rock|p1a: Salamence
|-sidestart|p1: Low Ladder Terror|move: Stealth Rock
|
|-heal|p2a: as a dream|68/100|[from] item: Leftovers
|upkeep
|turn|3
|
|t:|1608156670
|move|p1a: Salamence|Outrage|p2a: as a dream|[from]lockedmove
|-resisted|p2a: as a dream
|-damage|p2a: as a dream|24/100
|-start|p1a: Salamence|confusion|[fatigue]
|move|p2a: as a dream|Wish|p2a: as a dream
|
|-heal|p2a: as a dream|30/100|[from] item: Leftovers
|upkeep
|turn|4
|c| 467 11 11p|up af
|c| Can'tFight|never underestimate max speed salamence
|
|t:|1608156679
|switch|p2a: pang|Krookodile, F|100/100
|-ability|p2a: pang|Intimidate|boost
|-unboost|p1a: Salamence|atk|1
|-activate|p1a: Salamence|confusion
|move|p1a: Salamence|Outrage|p2a: pang
|-damage|p2a: pang|19/100
|
|-heal|p2a: pang|80/100|[from] move: Wish|[wisher] as a dream
|upkeep
|turn|5
|c| Can'tFight|ow
|
|t:|1608156690
|-activate|p1a: Salamence|confusion
|-damage|p1a: Salamence|83/100|[from] confusion
|move|p2a: pang|Knock Off|p1a: Salamence
|-damage|p1a: Salamence|27/100
|-enditem|p1a: Salamence|Choice Scarf|[from] move: Knock Off|[of] p2a: pang
|
|upkeep
|turn|6
|j| Drop a Dracovish
|
|t:|1608156706
|switch|p1a: Lucario|Lucario, M|100/100
|-damage|p1a: Lucario|98/100|[from] Stealth Rock
|move|p2a: pang|Knock Off|p1a: Lucario
|-resisted|p1a: Lucario
|-damage|p1a: Lucario|61/100
|-enditem|p1a: Lucario|Life Orb|[from] move: Knock Off|[of] p2a: pang
|
|upkeep
|turn|7
|
|t:|1608156714
|switch|p2a: insomnia|Amoonguss, M|100/100
|move|p1a: Lucario|Swords Dance|p1a: Lucario
|-boost|p1a: Lucario|atk|2
|
|upkeep
|turn|8
|
|t:|1608156717
|move|p1a: Lucario|Meteor Mash|p2a: insomnia
|-damage|p2a: insomnia|32/100
|-damage|p1a: Lucario|45/100|[from] item: Rocky Helmet|[of] p2a: insomnia
|move|p2a: insomnia|Spore|p1a: Lucario
|-status|p1a: Lucario|slp|[from] move: Spore
|
|upkeep
|turn|9
|
|t:|1608156724
|switch|p2a: ocean of tears|Keldeo-Resolute|100/100
|cant|p1a: Lucario|slp
|
|upkeep
|turn|10
|
|t:|1608156729
|cant|p1a: Lucario|slp
|move|p2a: ocean of tears|Calm Mind|p2a: ocean of tears
|-boost|p2a: ocean of tears|spa|1
|-boost|p2a: ocean of tears|spd|1
|
|upkeep
|turn|11
|
|t:|1608156739
|-curestatus|p1a: Lucario|slp|[msg]
|move|p1a: Lucario|Extreme Speed|p2a: ocean of tears
|-damage|p2a: ocean of tears|37/100
|move|p2a: ocean of tears|Secret Sword|p1a: Lucario
|-supereffective|p1a: Lucario
|-crit|p1a: Lucario
|-damage|p1a: Lucario|0 fnt
|faint|p1a: Lucario
|
|upkeep
|
|t:|1608156745
|switch|p1a: Hatterene|Hatterene, F|100/100
|-damage|p1a: Hatterene|88/100|[from] Stealth Rock
|turn|12
|
|t:|1608156761
|move|p2a: ocean of tears|Scald|p1a: Hatterene
|-damage|p1a: Hatterene|19/100
|move|p1a: Hatterene|Psyshock|p2a: ocean of tears
|-supereffective|p2a: ocean of tears
|-damage|p2a: ocean of tears|0 fnt
|faint|p2a: ocean of tears
|
|-heal|p1a: Hatterene|25/100|[from] item: Leftovers
|upkeep
|
|t:|1608156769
|switch|p2a: pang|Krookodile, F|80/100
|-ability|p2a: pang|Intimidate|boost
|-unboost|p1a: Hatterene|atk|1
|turn|13
|
|t:|1608156790
|move|p2a: pang|Knock Off|p1a: Hatterene
|-damage|p1a: Hatterene|0 fnt
|-enditem|p1a: Hatterene|Leftovers|[from] move: Knock Off|[of] p2a: pang
|faint|p1a: Hatterene
|
|upkeep
|inactive|Low Ladder Terror has 120 seconds left.
|
|t:|1608156813
|switch|p1a: Scizor|Scizor, M|100/100
|-damage|p1a: Scizor|88/100|[from] Stealth Rock
|turn|14
|c| 467 11 11p|thats not a pangoro
|inactive|Low Ladder Terror has 120 seconds left.
|
|t:|1608156826
|switch|p2a: new normal|Rotom-Heat|100/100
|move|p1a: Scizor|Swords Dance|p1a: Scizor
|-boost|p1a: Scizor|atk|2
|
|-heal|p1a: Scizor|94/100|[from] item: Leftovers
|upkeep
|turn|15
|
|t:|1608156830
|switch|p1a: Seismitoad|Seismitoad, M|100/100
|-damage|p1a: Seismitoad|94/100|[from] Stealth Rock
|move|p2a: new normal|Overheat|p1a: Seismitoad
|-resisted|p1a: Seismitoad
|-crit|p1a: Seismitoad
|-damage|p1a: Seismitoad|55/100
|-unboost|p2a: new normal|spa|2
|
|-heal|p1a: Seismitoad|61/100|[from] item: Leftovers
|upkeep
|turn|16
|
|t:|1608156843
|switch|p2a: pang|Krookodile, F|80/100
|-ability|p2a: pang|Intimidate|boost
|-unboost|p1a: Seismitoad|atk|1
|move|p1a: Seismitoad|Earthquake|p2a: pang
|-damage|p2a: pang|54/100
|
|-heal|p1a: Seismitoad|67/100|[from] item: Leftovers
|upkeep
|turn|17
|
|t:|1608156850
|move|p2a: pang|Knock Off|p1a: Seismitoad
|-damage|p1a: Seismitoad|36/100
|-enditem|p1a: Seismitoad|Leftovers|[from] move: Knock Off|[of] p2a: pang
|move|p1a: Seismitoad|Scald|p2a: pang
|-supereffective|p2a: pang
|-damage|p2a: pang|0 fnt
|faint|p2a: pang
|
|upkeep
|
|t:|1608156864
|switch|p2a: insomnia|Amoonguss, M|66/100
|turn|18
|j| Bandkrook
|
|t:|1608156887
|move|p1a: Seismitoad|Knock Off|p2a: insomnia
|-damage|p2a: insomnia|54/100
|-damage|p1a: Seismitoad|20/100|[from] item: Rocky Helmet|[of] p2a: insomnia
|-enditem|p2a: insomnia|Rocky Helmet|[from] move: Knock Off|[of] p1a: Seismitoad
|move|p2a: insomnia|Giga Drain|p1a: Seismitoad
|-supereffective|p1a: Seismitoad
|-damage|p1a: Seismitoad|0 fnt
|-heal|p2a: insomnia|64/100|[from] drain|[of] p1a: Seismitoad
|faint|p1a: Seismitoad
|
|upkeep
|
|t:|1608156891
|switch|p1a: Kyurem|Kyurem, shiny|100/100
|-damage|p1a: Kyurem|76/100|[from] Stealth Rock
|-ability|p1a: Kyurem|Pressure
|turn|19
|
|t:|1608156899
|move|p1a: Kyurem|Draco Meteor|p2a: insomnia
|-damage|p2a: insomnia|0 fnt
|-unboost|p1a: Kyurem|spa|2
|faint|p2a: insomnia
|
|upkeep
|
|t:|1608156902
|switch|p2a: as a dream|Jirachi|30/100
|turn|20
|
|t:|1608156906
|switch|p1a: Scizor|Scizor, M|94/100
|-damage|p1a: Scizor|82/100|[from] Stealth Rock
|move|p2a: as a dream|Wish|p2a: as a dream
|
|-heal|p2a: as a dream|36/100|[from] item: Leftovers
|-heal|p1a: Scizor|88/100|[from] item: Leftovers
|upkeep
|turn|21
|
|t:|1608156923
|move|p2a: as a dream|Iron Head|p1a: Scizor
|-resisted|p1a: Scizor
|-damage|p1a: Scizor|75/100
|move|p1a: Scizor|Swords Dance|p1a: Scizor
|-boost|p1a: Scizor|atk|2
|
|-heal|p2a: as a dream|86/100|[from] move: Wish|[wisher] as a dream
|-heal|p2a: as a dream|93/100|[from] item: Leftovers
|-heal|p1a: Scizor|82/100|[from] item: Leftovers
|upkeep
|turn|22
|
|t:|1608156929
|move|p2a: as a dream|U-turn|p1a: Scizor
|-resisted|p1a: Scizor
|-damage|p1a: Scizor|74/100
|
|t:|1608156931
|switch|p2a: new normal|Rotom-Heat|100/100|[from]move: U-turn
|move|p1a: Scizor|U-turn|p2a: new normal
|-resisted|p2a: new normal
|-damage|p2a: new normal|61/100
|
|t:|1608156948
|switch|p1a: Salamence|Salamence, M|27/100|[from]move: U-turn
|-damage|p1a: Salamence|3/100|[from] Stealth Rock
|
|upkeep
|turn|23
|j| Quaky29
|l| Quaky29
|l| Drop a Dracovish
|
|t:|1608156964
|move|p1a: Salamence|Outrage|p2a: new normal
|-damage|p2a: new normal|0 fnt
|faint|p2a: new normal
|-ability|p1a: Salamence|Moxie|boost
|-boost|p1a: Salamence|atk|1
|
|upkeep
|-message|lost in the memory forfeited.
|
|win|Low Ladder Terror
|n|☆Low Ladder Terror|lowladderterror
|n|☆lost in the memory|lostinthememory
|n| uula1maldgreinnojk|uula1maldgreinnojk
|n| Can'tFight|cantfight
|n| Mindnight|mindnight
|n| laevin ㋛|laevin
|n| 467 11 11p|4671111p
|n|+Yuno|yuno
|n| SpenderOfTime|spenderoftime
|n| Bandkrook|bandkrook
