|j|☆Coathaxx
|j|☆congelateur-sama
|t:|1625590675
|gametype|singles
|player|p1|Coathaxx|koga|
|player|p2|congelateur-sama|265|
|teamsize|p1|6
|teamsize|p2|6
|gen|8
|tier|[Gen 8] UU
|rule|Sleep Clause Mod: Limit one foe put to sleep
|rule|Species Clause: Limit one of each Pokémon
|rule|OHKO Clause: OHKO moves are banned
|rule|Evasion Moves Clause: Evasion moves are banned
|rule|Endless Battle Clause: Forcing endless battles is banned
|rule|HP Percentage Mod: HP is shown in percentages
|rule|Dynamax Clause: You cannot dynamax
|clearpoke
|poke|p1|Ninetales-Alola, F|
|poke|p1|Sandslash-Alola, M|
|poke|p1|Arctovish|
|poke|p1|Arctozolt|
|poke|p1|Rotom-Heat|
|poke|p1|Amoonguss, M|
|poke|p2|Tangrowth, F|
|poke|p2|Reuniclus, M|
|poke|p2|Slowbro-Galar, M|
|poke|p2|Salamence, F|
|poke|p2|Primarina, M|
|poke|p2|Krookodile, F|
|teampreview
|c|☆Coathaxx|glhf
|c|☆congelateur-sama|Hf
|c|☆congelateur-sama|Il faut public
|c|☆congelateur-sama|/log congelateur-sama made this room public.
|c|☆congelateur-sama|Mes mates n'arrivent pas à rejoindre
|j| erwann41
|c|☆congelateur-sama|Ok c'est bon
|c| erwann41|J au link
|
|t:|1625590836
|start
|switch|p1a: Hail Hydra|Ninetales-Alola, F, shiny|100/100
|switch|p2a: Reuniclus|Reuniclus, M|100/100
|-weather|Hail|[from] ability: Snow Warning|[of] p1a: Hail Hydra
|turn|1
|
|t:|1625590845
|switch|p1a: Champi|Amoonguss, M|100/100
|move|p2a: Reuniclus|Future Sight|p1a: Champi
|-start|p2a: Reuniclus|move: Future Sight
|
|-weather|Hail|[upkeep]
|-damage|p2a: Reuniclus|94/100|[from] Hail
|-damage|p1a: Champi|94/100|[from] Hail
|upkeep
|turn|2
|j| GoodFather01
|l| GoodFather01
|
|t:|1625590863
|move|p2a: Reuniclus|Psyshock|p1a: Champi
|-supereffective|p1a: Champi
|-damage|p1a: Champi|42/100
|move|p1a: Champi|Spore|p2a: Reuniclus
|-status|p2a: Reuniclus|slp|[from] move: Spore
|
|-weather|Hail|[upkeep]
|-damage|p2a: Reuniclus|88/100 slp|[from] Hail
|-damage|p1a: Champi|36/100|[from] Hail
|upkeep
|turn|3
|
|t:|1625590876
|switch|p1a: Pwasson|Arctovish|100/100
|cant|p2a: Reuniclus|slp
|
|-weather|Hail|[upkeep]
|-damage|p2a: Reuniclus|82/100 slp|[from] Hail
|-end|p1a: Pwasson|move: Future Sight
|-damage|p1a: Pwasson|24/100
|upkeep
|turn|4
|c|☆congelateur-sama|Merci bg
|
|t:|1625590915
|switch|p2a: Tangrowth|Tangrowth, F|100/100
|move|p1a: Pwasson|Fishious Rend|p2a: Tangrowth
|-resisted|p2a: Tangrowth
|-damage|p2a: Tangrowth|67/100
|-damage|p1a: Pwasson|14/100|[from] item: Life Orb
|
|-weather|Hail|[upkeep]
|-damage|p2a: Tangrowth|61/100|[from] Hail
|upkeep
|turn|5
|j| Mdraa
|
|t:|1625590924
|switch|p2a: Reuniclus|Reuniclus, M|100/100 slp
|move|p1a: Pwasson|Icicle Crash|p2a: Reuniclus|[miss]
|-miss|p1a: Pwasson|p2a: Reuniclus
|
|-weather|Hail|[upkeep]
|-damage|p2a: Reuniclus|94/100 slp|[from] Hail
|upkeep
|turn|6
|
|t:|1625590932
|switch|p2a: Tangrowth|Tangrowth, F|94/100
|move|p1a: Pwasson|Fishious Rend|p2a: Tangrowth
|-resisted|p2a: Tangrowth
|-damage|p2a: Tangrowth|61/100
|-damage|p1a: Pwasson|4/100|[from] item: Life Orb
|
|-weather|Hail|[upkeep]
|-damage|p2a: Tangrowth|55/100|[from] Hail
|upkeep
|turn|7
|
|t:|1625590942
|switch|p2a: Slowbro|Slowbro-Galar, M|100/100
|move|p1a: Pwasson|Fishious Rend|p2a: Slowbro
|-damage|p2a: Slowbro|38/100
|-damage|p1a: Pwasson|0 fnt|[from] item: Life Orb
|faint|p1a: Pwasson
|
|-weather|Hail|[upkeep]
|-damage|p2a: Slowbro|32/100|[from] Hail
|upkeep
|
|t:|1625590958
|switch|p1a: Sonik|Sandslash-Alola, M, shiny|100/100
|turn|8
|
|t:|1625590970
|switch|p2a: Primarina|Primarina, M|100/100
|move|p1a: Sonik|Knock Off|p2a: Primarina
|-resisted|p2a: Primarina
|-damage|p2a: Primarina|88/100
|-enditem|p2a: Primarina|Leftovers|[from] move: Knock Off|[of] p1a: Sonik
|
|-weather|none
|upkeep
|turn|9
|
|t:|1625590986
|move|p1a: Sonik|Iron Head|p2a: Primarina
|-damage|p2a: Primarina|61/100
|move|p2a: Primarina|Moonblast|p1a: Sonik
|-resisted|p1a: Sonik
|-damage|p1a: Sonik|65/100
|
|upkeep
|turn|10
|
|t:|1625590993
|switch|p1a: Hail Hydra|Ninetales-Alola, F, shiny|100/100
|-weather|Hail|[from] ability: Snow Warning|[of] p1a: Hail Hydra
|move|p2a: Primarina|Scald|p1a: Hail Hydra
|-crit|p1a: Hail Hydra
|-damage|p1a: Hail Hydra|53/100
|
|-weather|Hail|[upkeep]
|-damage|p2a: Primarina|55/100|[from] Hail
|upkeep
|turn|11
|
|t:|1625591000
|switch|p2a: Reuniclus|Reuniclus, M|100/100 slp
|move|p1a: Hail Hydra|Aurora Veil|p1a: Hail Hydra
|-sidestart|p1: Coathaxx|move: Aurora Veil
|
|-weather|Hail|[upkeep]
|-damage|p2a: Reuniclus|94/100 slp|[from] Hail
|upkeep
|turn|12
|
|t:|1625591042
|switch|p1a: Ouazo|Arctozolt|100/100
|cant|p2a: Reuniclus|slp
|
|-weather|Hail|[upkeep]
|-damage|p2a: Reuniclus|88/100 slp|[from] Hail
|upkeep
|turn|13
|
|t:|1625591050
|switch|p2a: Tangrowth|Tangrowth, F|88/100
|move|p1a: Ouazo|Icicle Crash|p2a: Tangrowth
|-supereffective|p2a: Tangrowth
|-damage|p2a: Tangrowth|39/100
|
|-weather|Hail|[upkeep]
|-damage|p2a: Tangrowth|33/100|[from] Hail
|upkeep
|turn|14
|
|t:|1625591065
|switch|p2a: Primarina|Primarina, M|55/100
|move|p1a: Ouazo|Icicle Crash|p2a: Primarina
|-resisted|p2a: Primarina
|-damage|p2a: Primarina|41/100
|
|-weather|Hail|[upkeep]
|-damage|p2a: Primarina|35/100|[from] Hail
|upkeep
|turn|15
|
|t:|1625591082
|switch|p2a: Tangrowth|Tangrowth, F|66/100
|move|p1a: Ouazo|Freeze-Dry|p2a: Tangrowth
|-supereffective|p2a: Tangrowth
|-damage|p2a: Tangrowth|39/100
|
|-weather|Hail|[upkeep]
|-damage|p2a: Tangrowth|33/100|[from] Hail
|-sideend|p1: Coathaxx|move: Aurora Veil
|upkeep
|turn|16
|
|t:|1625591107
|switch|p2a: Slowbro|Slowbro-Galar, M|65/100
|move|p1a: Ouazo|Icicle Crash|p2a: Slowbro
|-damage|p2a: Slowbro|42/100
|
|-weather|Hail|[upkeep]
|-damage|p2a: Slowbro|36/100|[from] Hail
|upkeep
|turn|17
|j| Jeza.p
|
|t:|1625591118
|switch|p2a: Krookodile|Krookodile, F|100/100
|-ability|p2a: Krookodile|Intimidate|boost
|-unboost|p1a: Ouazo|atk|1
|move|p1a: Ouazo|Bolt Beak|p2a: Krookodile
|-immune|p2a: Krookodile
|
|-weather|none
|upkeep
|turn|18
|
|t:|1625591131
|switch|p1a: Four|Rotom-Heat|100/100
|move|p2a: Krookodile|Knock Off|p1a: Four
|-damage|p1a: Four|47/100
|-enditem|p1a: Four|Choice Scarf|[from] move: Knock Off|[of] p2a: Krookodile
|
|upkeep
|turn|19
|
|t:|1625591142
|move|p2a: Krookodile|Knock Off|p1a: Four
|-damage|p1a: Four|13/100
|move|p1a: Four|Overheat|p2a: Krookodile
|-damage|p2a: Krookodile|40/100
|-unboost|p1a: Four|spa|2
|
|upkeep
|turn|20
|
|t:|1625591158
|move|p2a: Krookodile|Knock Off|p1a: Four
|-damage|p1a: Four|0 fnt
|faint|p1a: Four
|
|upkeep
|
|t:|1625591161
|switch|p1a: Hail Hydra|Ninetales-Alola, F, shiny|53/100
|-weather|Hail|[from] ability: Snow Warning|[of] p1a: Hail Hydra
|turn|21
|
|t:|1625591171
|switch|p2a: Reuniclus|Reuniclus, M|100/100 slp
|move|p1a: Hail Hydra|Freeze-Dry|p2a: Reuniclus
|-damage|p2a: Reuniclus|90/100 slp
|
|-weather|Hail|[upkeep]
|-damage|p2a: Reuniclus|84/100 slp|[from] Hail
|upkeep
|turn|22
|
|t:|1625591181
|switch|p1a: Sonik|Sandslash-Alola, M, shiny|65/100
|cant|p2a: Reuniclus|slp
|
|-weather|Hail|[upkeep]
|-damage|p2a: Reuniclus|78/100 slp|[from] Hail
|upkeep
|turn|23
|
|t:|1625591186
|move|p1a: Sonik|Knock Off|p2a: Reuniclus
|-supereffective|p2a: Reuniclus
|-damage|p2a: Reuniclus|18/100 slp
|-enditem|p2a: Reuniclus|Assault Vest|[from] move: Knock Off|[of] p1a: Sonik
|-curestatus|p2a: Reuniclus|slp|[msg]
|move|p2a: Reuniclus|Focus Blast|p1a: Sonik
|-supereffective|p1a: Sonik
|-damage|p1a: Sonik|0 fnt
|faint|p1a: Sonik
|
|-weather|Hail|[upkeep]
|-damage|p2a: Reuniclus|12/100|[from] Hail
|upkeep
|
|t:|1625591196
|switch|p1a: Ouazo|Arctozolt|100/100
|turn|24
|
|t:|1625591215
|move|p1a: Ouazo|Icicle Crash|p2a: Reuniclus
|-damage|p2a: Reuniclus|0 fnt
|faint|p2a: Reuniclus
|
|-weather|Hail|[upkeep]
|upkeep
|
|t:|1625591259
|switch|p2a: Salamence|Salamence, F|100/100
|-ability|p2a: Salamence|Intimidate|boost
|-unboost|p1a: Ouazo|atk|1
|turn|25
|
|t:|1625591264
|switch|p2a: Primarina|Primarina, M|35/100
|move|p1a: Ouazo|Freeze-Dry|p2a: Primarina
|-supereffective|p2a: Primarina
|-damage|p2a: Primarina|0 fnt
|faint|p2a: Primarina
|
|-weather|Hail|[upkeep]
|upkeep
|c| erwann41|Tu fais un coma éthylique pour jouer aussi lentement ?
|
|t:|1625591281
|switch|p2a: Tangrowth|Tangrowth, F|66/100
|turn|26
|
|t:|1625591288
|switch|p1a: Champi|Amoonguss, M|69/100
|move|p2a: Tangrowth|Earthquake|p1a: Champi
|-damage|p1a: Champi|52/100
|
|-weather|Hail|[upkeep]
|-damage|p2a: Tangrowth|60/100|[from] Hail
|-damage|p1a: Champi|46/100|[from] Hail
|upkeep
|turn|27
|
|t:|1625591299
|switch|p2a: Salamence|Salamence, F|100/100
|-ability|p2a: Salamence|Intimidate|boost
|-unboost|p1a: Champi|atk|1
|move|p1a: Champi|Sludge Bomb|p2a: Salamence
|-damage|p2a: Salamence|66/100
|-status|p2a: Salamence|psn
|
|-weather|Hail|[upkeep]
|-damage|p2a: Salamence|60/100 psn|[from] Hail
|-damage|p1a: Champi|40/100|[from] Hail
|-damage|p2a: Salamence|48/100 psn|[from] psn
|upkeep
|turn|28
|
|t:|1625591311
|switch|p1a: Ouazo|Arctozolt|100/100
|move|p2a: Salamence|Flamethrower|p1a: Ouazo
|-supereffective|p1a: Ouazo
|-damage|p1a: Ouazo|24/100
|
|-weather|none
|-damage|p2a: Salamence|35/100 psn|[from] psn
|upkeep
|turn|29
|
|t:|1625591315
|switch|p1a: Hail Hydra|Ninetales-Alola, F, shiny|53/100
|-weather|Hail|[from] ability: Snow Warning|[of] p1a: Hail Hydra
|move|p2a: Salamence|Flamethrower|p1a: Hail Hydra
|-supereffective|p1a: Hail Hydra
|-damage|p1a: Hail Hydra|0 fnt
|faint|p1a: Hail Hydra
|
|-weather|Hail|[upkeep]
|-damage|p2a: Salamence|29/100 psn|[from] Hail
|-damage|p2a: Salamence|17/100 psn|[from] psn
|upkeep
|
|t:|1625591318
|switch|p1a: Ouazo|Arctozolt|24/100
|turn|30
|c| Jeza.p|C'est surtout que c'est loin d'etre easy la quand y a la hail 😑
|
|t:|1625591358
|switch|p2a: Krookodile|Krookodile, F|40/100
|-ability|p2a: Krookodile|Intimidate|boost
|-unboost|p1a: Ouazo|atk|1
|move|p1a: Ouazo|Freeze-Dry|p2a: Krookodile
|-supereffective|p2a: Krookodile
|-damage|p2a: Krookodile|0 fnt
|faint|p2a: Krookodile
|
|-weather|Hail|[upkeep]
|upkeep
|
|t:|1625591361
|switch|p2a: Tangrowth|Tangrowth, F|93/100
|turn|31
|c| erwann41|La game est finis depuis un moment
|j| GoodFather01
|c|☆Coathaxx|C'est les effets de l'alcool ça ralentit on y peux rien
|
|t:|1625591382
|switch|p1a: Champi|Amoonguss, M|73/100
|move|p2a: Tangrowth|Earthquake|p1a: Champi
|-damage|p1a: Champi|56/100
|
|-weather|Hail|[upkeep]
|-damage|p2a: Tangrowth|87/100|[from] Hail
|-damage|p1a: Champi|50/100|[from] Hail
|upkeep
|turn|32
|
|t:|1625591391
|move|p2a: Tangrowth|Earthquake|p1a: Champi
|-damage|p1a: Champi|32/100
|move|p1a: Champi|Sludge Bomb|p2a: Tangrowth
|-supereffective|p2a: Tangrowth
|-damage|p2a: Tangrowth|50/100
|-status|p2a: Tangrowth|psn
|
|-weather|Hail|[upkeep]
|-damage|p2a: Tangrowth|44/100 psn|[from] Hail
|-damage|p1a: Champi|26/100|[from] Hail
|-damage|p2a: Tangrowth|32/100 psn|[from] psn
|upkeep
|turn|33
|
|t:|1625591401
|move|p2a: Tangrowth|Earthquake|p1a: Champi
|-damage|p1a: Champi|9/100
|move|p1a: Champi|Foul Play|p2a: Tangrowth
|-damage|p2a: Tangrowth|17/100 psn
|
|-weather|Hail|[upkeep]
|-damage|p2a: Tangrowth|11/100 psn|[from] Hail
|-damage|p1a: Champi|2/100|[from] Hail
|-damage|p2a: Tangrowth|0 fnt|[from] psn
|faint|p2a: Tangrowth
|upkeep
|
|t:|1625591469
|switch|p2a: Slowbro|Slowbro-Galar, M|69/100
|turn|34
|
|t:|1625591475
|switch|p2a: Salamence|Salamence, F|17/100 psn
|-ability|p2a: Salamence|Intimidate|boost
|-unboost|p1a: Champi|atk|1
|move|p1a: Champi|Spore||[still]
|-fail|p1a: Champi
|
|-weather|Hail|[upkeep]
|-damage|p2a: Salamence|11/100 psn|[from] Hail
|-damage|p1a: Champi|0 fnt|[from] Hail
|faint|p1a: Champi
|-damage|p2a: Salamence|0 fnt|[from] psn
|faint|p2a: Salamence
|upkeep
|
|t:|1625591487
|switch|p2a: Slowbro|Slowbro-Galar, M|100/100
|switch|p1a: Ouazo|Arctozolt|24/100
|turn|35
|
|t:|1625591492
|move|p1a: Ouazo|Bolt Beak|p2a: Slowbro
|-crit|p2a: Slowbro
|-damage|p2a: Slowbro|30/100
|move|p2a: Slowbro|Sludge Bomb|p1a: Ouazo
|-damage|p1a: Ouazo|0 fnt
|faint|p1a: Ouazo
|
|win|congelateur-sama
|c|☆congelateur-sama|Gg
|c|☆Coathaxx|gg
|l|☆Coathaxx
|l| GoodFather01
|l| Jeza.p
|c|☆congelateur-sama|Tu peux prend le replay erwann
|l| Mdraa
|j|☆Coathaxx
|player|p1|Coathaxx|koga
