|j|☆WhataBunchaJokers
|j|☆kerorek
|t:|1627820295
|gametype|singles
|player|p1|WhataBunchaJokers|170|1472
|player|p2|kerorek|lass-gen4dp|1467
|teamsize|p1|6
|teamsize|p2|6
|gen|8
|tier|[Gen 8] UU
|rated|
|rule|Sleep Clause Mod: Limit one foe put to sleep
|rule|Species Clause: Limit one of each Pokémon
|rule|OHKO Clause: OHKO moves are banned
|rule|Evasion Moves Clause: Evasion moves are banned
|rule|Endless Battle Clause: Forcing endless battles is banned
|rule|HP Percentage Mod: HP is shown in percentages
|rule|Dynamax Clause: You cannot dynamax
|clearpoke
|poke|p1|Rotom-Heat|
|poke|p1|Nidoking, M|
|poke|p1|Conkeldurr, F|
|poke|p1|Crawdaunt, M|
|poke|p1|Gardevoir, F|
|poke|p1|Aegislash, F|
|poke|p2|Goodra, M|
|poke|p2|Celebi|
|poke|p2|Lanturn, F|
|poke|p2|Cramorant, F|
|poke|p2|Dubwool, M|
|poke|p2|Morpeko, M|
|teampreview
|
|t:|1627820321
|start
|switch|p1a: Nidoking|Nidoking, M|100/100
|switch|p2a: Goodra|Goodra, M|100/100
|turn|1
|
|t:|1627820340
|switch|p1a: Conkeldurr|Conkeldurr, F|100/100
|move|p2a: Goodra|Draco Meteor|p1a: Conkeldurr
|-damage|p1a: Conkeldurr|23/100
|-unboost|p2a: Goodra|spa|2
|
|upkeep
|turn|2
|
|t:|1627820352
|switch|p1a: Gardevoir|Gardevoir, F|100/100
|-ability|p1a: Gardevoir|Sap Sipper|[from] ability: Trace|[of] p2a: Goodra
|move|p2a: Goodra|Draco Meteor|p1a: Gardevoir
|-immune|p1a: Gardevoir
|
|upkeep
|turn|3
|
|t:|1627820363
|switch|p2a: Cramorant|Cramorant, F, shiny|100/100
|move|p1a: Gardevoir|Moonblast|p2a: Cramorant
|-damage|p2a: Cramorant|66/100
|
|upkeep
|turn|4
|
|t:|1627820368
|move|p1a: Gardevoir|Moonblast|p2a: Cramorant
|-damage|p2a: Cramorant|30/100
|move|p2a: Cramorant|Surf|p1a: Gardevoir
|-formechange|p2a: Cramorant|Cramorant-Gorging|
|-damage|p1a: Gardevoir|73/100
|
|upkeep
|turn|5
|
|t:|1627820374
|switch|p2a: Lanturn|Lanturn, F|100/100
|move|p1a: Gardevoir|Moonblast|p2a: Lanturn
|-damage|p2a: Lanturn|68/100
|-unboost|p2a: Lanturn|spa|1
|
|-heal|p2a: Lanturn|74/100|[from] item: Leftovers
|upkeep
|turn|6
|
|t:|1627820391
|switch|p1a: Rotom|Rotom-Heat|100/100
|move|p2a: Lanturn|Volt Switch|p1a: Rotom
|-resisted|p1a: Rotom
|-damage|p1a: Rotom|92/100
|
|t:|1627820397
|switch|p2a: Goodra|Goodra, M|100/100|[from]move: Volt Switch
|
|upkeep
|turn|7
|
|t:|1627820404
|move|p1a: Rotom|Volt Switch|p2a: Goodra
|-resisted|p2a: Goodra
|-damage|p2a: Goodra|91/100
|
|t:|1627820409
|switch|p1a: Conkeldurr|Conkeldurr, F|23/100|[from]move: Volt Switch
|move|p2a: Goodra|Fire Blast|p1a: Conkeldurr
|-crit|p1a: Conkeldurr
|-damage|p1a: Conkeldurr|0 fnt
|faint|p1a: Conkeldurr
|
|upkeep
|
|t:|1627820429
|switch|p1a: Gardevoir|Gardevoir, F|73/100
|-ability|p1a: Gardevoir|Sap Sipper|[from] ability: Trace|[of] p2a: Goodra
|turn|8
|
|t:|1627820435
|switch|p2a: Lanturn|Lanturn, F|74/100
|move|p1a: Gardevoir|Moonblast|p2a: Lanturn
|-damage|p2a: Lanturn|45/100
|
|-heal|p2a: Lanturn|52/100|[from] item: Leftovers
|upkeep
|turn|9
|
|t:|1627820442
|move|p1a: Gardevoir|Moonblast|p2a: Lanturn
|-damage|p2a: Lanturn|23/100
|-unboost|p2a: Lanturn|spa|1
|move|p2a: Lanturn|Rest|p2a: Lanturn
|-status|p2a: Lanturn|slp|[from] move: Rest
|-heal|p2a: Lanturn|100/100 slp|[silent]
|
|upkeep
|turn|10
|
|t:|1627820452
|switch|p1a: Aegislash|Aegislash, F|100/100
|cant|p2a: Lanturn|slp
|move|p2a: Lanturn|Sleep Talk|p2a: Lanturn
|move|p2a: Lanturn|Scald|p1a: Aegislash|[from]move: Sleep Talk
|-damage|p1a: Aegislash|87/100
|
|upkeep
|turn|11
|
|t:|1627820460
|move|p1a: Aegislash|Swords Dance|p1a: Aegislash
|-boost|p1a: Aegislash|atk|2
|cant|p2a: Lanturn|slp
|move|p2a: Lanturn|Sleep Talk|p2a: Lanturn
|move|p2a: Lanturn|Volt Switch|p1a: Aegislash|[from]move: Sleep Talk
|-damage|p1a: Aegislash|73/100
|
|t:|1627820466
|switch|p2a: Morpeko|Morpeko, M|100/100|[from]move: Volt Switch
|
|-formechange|p2a: Morpeko|Morpeko-Hangry||[from] ability: Hunger Switch
|upkeep
|turn|12
|
|t:|1627820474
|move|p2a: Morpeko|Aura Wheel|p1a: Aegislash
|-supereffective|p1a: Aegislash
|-damage|p1a: Aegislash|0 fnt
|-boost|p2a: Morpeko|spe|1
|faint|p1a: Aegislash
|
|-formechange|p2a: Morpeko|Morpeko||[from] ability: Hunger Switch
|upkeep
|
|t:|1627820483
|switch|p1a: Gardevoir|Gardevoir, F|73/100
|turn|13
|
|t:|1627820488
|move|p2a: Morpeko|Aura Wheel|p1a: Gardevoir
|-damage|p1a: Gardevoir|0 fnt
|-boost|p2a: Morpeko|spe|1
|faint|p1a: Gardevoir
|
|-formechange|p2a: Morpeko|Morpeko-Hangry||[from] ability: Hunger Switch
|upkeep
|
|t:|1627820496
|switch|p1a: Nidoking|Nidoking, M|100/100
|turn|14
|
|t:|1627820505
|move|p2a: Morpeko|Aura Wheel|p1a: Nidoking
|-damage|p1a: Nidoking|0 fnt
|-boost|p2a: Morpeko|spe|1
|faint|p1a: Nidoking
|
|-formechange|p2a: Morpeko|Morpeko||[from] ability: Hunger Switch
|upkeep
|
|t:|1627820511
|switch|p1a: Rotom|Rotom-Heat|92/100
|turn|15
|
|t:|1627820515
|switch|p2a: Lanturn|Lanturn, F|100/100 slp
|move|p1a: Rotom|Overheat|p2a: Lanturn
|-resisted|p2a: Lanturn
|-damage|p2a: Lanturn|80/100 slp
|-unboost|p1a: Rotom|spa|2
|
|-heal|p2a: Lanturn|86/100 slp|[from] item: Leftovers
|upkeep
|turn|16
|-message|WhataBunchaJokers forfeited.
|
|win|kerorek
|raw|WhataBunchaJokers's rating: 1472 &rarr; <strong>1452</strong><br />(-20 for losing)
|raw|kerorek's rating: 1467 &rarr; <strong>1487</strong><br />(+20 for winning)
|l|☆WhataBunchaJokers
