|j|☆Low Ladder Terror
|j|☆ThatTheDamned
|t:|1605066914
|player|p1|Low Ladder Terror|iris-gen5bw2|1608
|player|p2|ThatTheDamned|giovanni|1422
|teamsize|p1|6
|teamsize|p2|6
|gametype|singles
|gen|8
|tier|[Gen 8] UU
|rated|
|clearpoke
|poke|p1|Raikou|
|poke|p1|Tapu Bulu|
|poke|p1|Gardevoir, F|
|poke|p1|Volcanion|
|poke|p1|Krookodile, F|
|poke|p1|Scizor, M|
|poke|p2|Sylveon, F|
|poke|p2|Celesteela|
|poke|p2|Blacephalon|
|poke|p2|Hydreigon, M|
|poke|p2|Rhyperior, M|
|poke|p2|Slowking-Galar, M|
|rule|Sleep Clause Mod: Limit one foe put to sleep
|rule|Species Clause: Limit one of each Pokémon
|rule|OHKO Clause: OHKO moves are banned
|rule|Evasion Moves Clause: Evasion moves are banned
|rule|Endless Battle Clause: Forcing endless battles is banned
|rule|HP Percentage Mod: HP is shown in percentages
|rule|Dynamax Clause: You cannot dynamax
|teampreview
|j| BenoitTheGrate
|c|☆ThatTheDamned|We meet again.
|inactive|Battle timer is ON: inactive players will automatically lose when time's up. (requested by Low Ladder Terror)
|c|☆Low Ladder Terror|ladder dead as always
|c|☆ThatTheDamned|Heh.
|inactive|Low Ladder Terror has 120 seconds left.
|c|☆ThatTheDamned|I sort of just want to restart from the bottom. Just need to decide on a team to use that's actually my own (besides Sand).
|
|t:|1605066975
|start
|switch|p1a: Volcanion|Volcanion|100/100
|switch|p2a: Hydrito|Hydreigon, M, shiny|100/100
|turn|1
|
|t:|1605066983
|switch|p2a: Slowkito|Slowking-Galar, M, shiny|100/100
|switch|p1a: Tapu Bulu|Tapu Bulu, shiny|100/100
|-fieldstart|move: Grassy Terrain|[from] ability: Grassy Surge|[of] p1a: Tapu Bulu
|
|upkeep
|turn|2
|
|t:|1605066995
|move|p1a: Tapu Bulu|Darkest Lariat|p2a: Slowkito
|-supereffective|p2a: Slowkito
|-damage|p2a: Slowkito|28/100
|move|p2a: Slowkito|Sludge Bomb|p1a: Tapu Bulu
|-supereffective|p1a: Tapu Bulu
|-damage|p1a: Tapu Bulu|0 fnt
|faint|p1a: Tapu Bulu
|
|-heal|p2a: Slowkito|34/100|[from] Grassy Terrain
|upkeep
|
|t:|1605067003
|switch|p1a: Krookodile|Krookodile, F|100/100
|-ability|p1a: Krookodile|Intimidate|boost
|-unboost|p2a: Slowkito|atk|1
|turn|3
|
|t:|1605067009
|switch|p2a: Sylvita|Sylveon, F|100/100
|move|p1a: Krookodile|Stealth Rock|p2a: Sylvita
|-sidestart|p2: ThatTheDamned|move: Stealth Rock
|
|upkeep
|turn|4
|
|t:|1605067015
|switch|p1a: Volcanion|Volcanion|100/100
|move|p2a: Sylvita|Hyper Voice|p1a: Volcanion
|-resisted|p1a: Volcanion
|-damage|p1a: Volcanion|76/100
|
|-heal|p1a: Volcanion|82/100|[from] Grassy Terrain
|upkeep
|turn|5
|
|t:|1605067022
|move|p1a: Volcanion|Steam Eruption|p2a: Sylvita
|-damage|p2a: Sylvita|68/100
|move|p2a: Sylvita|Wish|p2a: Sylvita
|
|-heal|p1a: Volcanion|88/100|[from] Grassy Terrain
|-heal|p2a: Sylvita|74/100|[from] item: Leftovers
|-heal|p2a: Sylvita|80/100|[from] Grassy Terrain
|-fieldend|move: Grassy Terrain
|upkeep
|turn|6
|
|t:|1605067032
|switch|p2a: Slowkito|Slowking-Galar, M, shiny|67/100
|-damage|p2a: Slowkito|55/100|[from] Stealth Rock
|move|p1a: Volcanion|Steam Eruption|p2a: Slowkito
|-damage|p2a: Slowkito|20/100
|-status|p2a: Slowkito|brn
|
|-heal|p2a: Slowkito|70/100 brn|[from] move: Wish|[wisher] Sylvita
|-damage|p2a: Slowkito|64/100 brn|[from] brn
|upkeep
|turn|7
|c|☆Low Ladder Terror|this never dies
|
|t:|1605067055
|switch|p1a: Krookodile|Krookodile, F|100/100
|-ability|p1a: Krookodile|Intimidate|boost
|-unboost|p2a: Slowkito|atk|1
|move|p2a: Slowkito|Future Sight|p1a: Krookodile
|-start|p2a: Slowkito|move: Future Sight
|
|-damage|p2a: Slowkito|58/100 brn|[from] brn
|upkeep
|turn|8
|c|☆ThatTheDamned|It is stupidly bulky for how hard it hits.
|
|t:|1605067062
|switch|p1a: Scizor|Scizor, M|100/100
|switch|p2a: Sylvita|Sylveon, F|80/100
|-damage|p2a: Sylvita|67/100|[from] Stealth Rock
|
|-heal|p2a: Sylvita|73/100|[from] item: Leftovers
|upkeep
|turn|9
|
|t:|1605067074
|switch|p1a: Krookodile|Krookodile, F|100/100
|-ability|p1a: Krookodile|Intimidate|boost
|-unboost|p2a: Sylvita|atk|1
|switch|p2a: Celestita|Celesteela, shiny|100/100
|-damage|p2a: Celestita|88/100|[from] Stealth Rock
|
|-end|p1a: Krookodile|move: Future Sight
|-immune|p1a: Krookodile
|-heal|p2a: Celestita|94/100|[from] item: Leftovers
|upkeep
|turn|10
|j| alexdevi
|
|t:|1605067085
|switch|p2a: Hydrito|Hydreigon, M, shiny|100/100
|-damage|p2a: Hydrito|88/100|[from] Stealth Rock
|move|p1a: Krookodile|Knock Off|p2a: Hydrito
|-resisted|p2a: Hydrito
|-damage|p2a: Hydrito|63/100
|-enditem|p2a: Hydrito|Choice Scarf|[from] move: Knock Off|[of] p1a: Krookodile
|
|upkeep
|turn|11
|
|t:|1605067096
|switch|p1a: Gardevoir|Gardevoir, F|100/100
|-ability|p1a: Gardevoir|Levitate|[from] ability: Trace|[of] p2a: Hydrito
|move|p2a: Hydrito|U-turn|p1a: Gardevoir
|-damage|p1a: Gardevoir|73/100
|
|t:|1605067104
|switch|p2a: Slowkito|Slowking-Galar, M, shiny|91/100 brn|[from]move: U-turn
|-damage|p2a: Slowkito|79/100 brn|[from] Stealth Rock
|
|-damage|p2a: Slowkito|73/100 brn|[from] brn
|upkeep
|turn|12
|
|t:|1605067118
|move|p1a: Gardevoir|Trick|p2a: Slowkito
|-activate|p1a: Gardevoir|move: Trick|[of] p2a: Slowkito
|-item|p2a: Slowkito|Choice Scarf|[from] move: Trick
|-item|p1a: Gardevoir|Assault Vest|[from] move: Trick
|move|p2a: Slowkito|Sludge Bomb|p1a: Gardevoir
|-supereffective|p1a: Gardevoir
|-damage|p1a: Gardevoir|12/100
|
|-damage|p2a: Slowkito|67/100 brn|[from] brn
|upkeep
|turn|13
|
|t:|1605067133
|switch|p1a: Scizor|Scizor, M|100/100
|switch|p2a: Celestita|Celesteela, shiny|94/100
|-damage|p2a: Celestita|82/100|[from] Stealth Rock
|
|-heal|p2a: Celestita|88/100|[from] item: Leftovers
|upkeep
|turn|14
|
|t:|1605067142
|move|p1a: Scizor|U-turn|p2a: Celestita
|-resisted|p2a: Celestita
|-damage|p2a: Celestita|80/100
|
|t:|1605067152
|switch|p1a: Krookodile|Krookodile, F|100/100|[from]move: U-turn
|-ability|p1a: Krookodile|Intimidate|boost
|-unboost|p2a: Celestita|atk|1
|move|p2a: Celestita|Leech Seed|p1a: Krookodile
|-start|p1a: Krookodile|move: Leech Seed
|
|-heal|p2a: Celestita|86/100|[from] item: Leftovers
|-damage|p1a: Krookodile|88/100|[from] Leech Seed|[of] p2a: Celestita
|-heal|p2a: Celestita|96/100|[silent]
|upkeep
|turn|15
|
|t:|1605067162
|switch|p1a: Volcanion|Volcanion|88/100
|switch|p2a: Slowkito|Slowking-Galar, M, shiny|99/100 brn
|-damage|p2a: Slowkito|88/100 brn|[from] Stealth Rock
|
|-damage|p2a: Slowkito|81/100 brn|[from] brn
|upkeep
|turn|16
|l| alexdevi
|
|t:|1605067172
|move|p1a: Volcanion|Steam Eruption|p2a: Slowkito
|-damage|p2a: Slowkito|33/100 brn
|move|p2a: Slowkito|Sludge Bomb|p1a: Volcanion
|-damage|p1a: Volcanion|40/100
|
|-damage|p2a: Slowkito|27/100 brn|[from] brn
|upkeep
|turn|17
|
|t:|1605067182
|switch|p2a: Hydrito|Hydreigon, M, shiny|63/100
|-damage|p2a: Hydrito|51/100|[from] Stealth Rock
|move|p1a: Volcanion|Steam Eruption|p2a: Hydrito
|-resisted|p2a: Hydrito
|-damage|p2a: Hydrito|14/100
|
|upkeep
|turn|18
|inactive|Low Ladder Terror has 120 seconds left.
|
|t:|1605067216
|switch|p1a: Krookodile|Krookodile, F|88/100
|-ability|p1a: Krookodile|Intimidate|boost
|-unboost|p2a: Hydrito|atk|1
|move|p2a: Hydrito|Defog|p1a: Krookodile
|-unboost|p1a: Krookodile|evasion|1
|-sideend|p2: ThatTheDamned|Stealth Rock|[from] move: Defog|[of] p2a: Hydrito
|
|upkeep
|turn|19
|
|t:|1605067223
|move|p2a: Hydrito|Draco Meteor|p1a: Krookodile
|-damage|p1a: Krookodile|0 fnt
|-unboost|p2a: Hydrito|spa|2
|faint|p1a: Krookodile
|
|upkeep
|
|t:|1605067226
|switch|p1a: Raikou|Raikou, shiny|100/100
|-ability|p1a: Raikou|Pressure
|turn|20
|
|t:|1605067231
|move|p1a: Raikou|Calm Mind|p1a: Raikou
|-boost|p1a: Raikou|spa|1
|-boost|p1a: Raikou|spd|1
|move|p2a: Hydrito|U-turn|p1a: Raikou
|-damage|p1a: Raikou|88/100
|
|t:|1605067239
|switch|p2a: Slowkito|Slowking-Galar, M, shiny|60/100 brn|[from]move: U-turn
|
|-heal|p1a: Raikou|94/100|[from] item: Leftovers
|-damage|p2a: Slowkito|54/100 brn|[from] brn
|upkeep
|turn|21
|
|t:|1605067250
|switch|p2a: Hydrito|Hydreigon, M, shiny|14/100
|move|p1a: Raikou|Calm Mind|p1a: Raikou
|-boost|p1a: Raikou|spa|1
|-boost|p1a: Raikou|spd|1
|
|-heal|p1a: Raikou|99/100|[from] item: Leftovers
|upkeep
|turn|22
|
|t:|1605067256
|move|p1a: Raikou|Substitute|p1a: Raikou
|-start|p1a: Raikou|Substitute
|-damage|p1a: Raikou|75/100
|move|p2a: Hydrito|Draco Meteor|p1a: Raikou
|-end|p1a: Raikou|Substitute
|-unboost|p2a: Hydrito|spa|2
|
|-heal|p1a: Raikou|81/100|[from] item: Leftovers
|upkeep
|turn|23
|j| alexdevi
|
|t:|1605067264
|move|p1a: Raikou|Substitute|p1a: Raikou
|-start|p1a: Raikou|Substitute
|-damage|p1a: Raikou|56/100
|move|p2a: Hydrito|U-turn|p1a: Raikou
|-activate|p1a: Raikou|move: Substitute|[damage]
|
|t:|1605067269
|switch|p2a: Sylvita|Sylveon, F|73/100|[from]move: U-turn
|
|-heal|p1a: Raikou|63/100|[from] item: Leftovers
|-heal|p2a: Sylvita|79/100|[from] item: Leftovers
|upkeep
|turn|24
|
|t:|1605067275
|move|p1a: Raikou|Thunderbolt|p2a: Sylvita
|-damage|p2a: Sylvita|31/100
|move|p2a: Sylvita|Hyper Voice|p1a: Raikou
|-damage|p1a: Raikou|42/100
|
|-heal|p1a: Raikou|49/100|[from] item: Leftovers
|-heal|p2a: Sylvita|38/100|[from] item: Leftovers
|upkeep
|turn|25
|
|t:|1605067283
|move|p1a: Raikou|Thunderbolt|p2a: Sylvita
|-damage|p2a: Sylvita|0 fnt
|faint|p2a: Sylvita
|
|-heal|p1a: Raikou|55/100|[from] item: Leftovers
|upkeep
|
|t:|1605067291
|switch|p2a: Slowkito|Slowking-Galar, M, shiny|87/100 brn
|turn|26
|
|t:|1605067294
|move|p1a: Raikou|Thunderbolt|p2a: Slowkito
|-damage|p2a: Slowkito|18/100 brn
|move|p2a: Slowkito|Psyshock|p1a: Raikou
|-end|p1a: Raikou|Substitute
|
|-heal|p1a: Raikou|61/100|[from] item: Leftovers
|-damage|p2a: Slowkito|12/100 brn|[from] brn
|upkeep
|turn|27
|c|☆ThatTheDamned|I'm assuming you have Scald, so preemptive gg.
|
|t:|1605067306
|switch|p2a: Hydrito|Hydreigon, M, shiny|14/100
|move|p1a: Raikou|Scald|p2a: Hydrito
|-resisted|p2a: Hydrito
|-damage|p2a: Hydrito|0 fnt
|faint|p2a: Hydrito
|
|-heal|p1a: Raikou|67/100|[from] item: Leftovers
|upkeep
|c|☆Low Ladder Terror|gg
|
|t:|1605067316
|switch|p2a: Rhypito|Rhyperior, M, shiny|100/100
|turn|28
|l| alexdevi
|
|t:|1605067319
|move|p1a: Raikou|Scald|p2a: Rhypito
|-supereffective|p2a: Rhypito
|-damage|p2a: Rhypito|0 fnt
|faint|p2a: Rhypito
|
|-heal|p1a: Raikou|73/100|[from] item: Leftovers
|upkeep
|
|t:|1605067325
|switch|p2a: Slowkito|Slowking-Galar, M, shiny|45/100 brn
|turn|29
|
|t:|1605067329
|move|p1a: Raikou|Thunderbolt|p2a: Slowkito
|-damage|p2a: Slowkito|0 fnt
|faint|p2a: Slowkito
|
|-heal|p1a: Raikou|79/100|[from] item: Leftovers
|upkeep
|c|☆ThatTheDamned|At least Raikou has a niche. That's surprising.
|
|t:|1605067337
|switch|p2a: Blacito|Blacephalon|100/100
|turn|30
|c|☆Low Ladder Terror|this set was underrated last gen
|c|☆Low Ladder Terror|had a lot of success in UU with sub cm
|c|☆ThatTheDamned|I thought it only got Scald this gen?
|c|☆ThatTheDamned|Oh, CM in general. Yeah.
|c|☆Low Ladder Terror|hp ice instead of scald ofc
|j| alexdevi
|
|t:|1605067366
|move|p1a: Raikou|Thunderbolt|p2a: Blacito
|-damage|p2a: Blacito|0 fnt
|faint|p2a: Blacito
|
|-heal|p1a: Raikou|85/100|[from] item: Leftovers
|upkeep
|
|t:|1605067371
|switch|p2a: Celestita|Celesteela, shiny|96/100
|turn|31
|
|t:|1605067376
|move|p1a: Raikou|Thunderbolt|p2a: Celestita
|-supereffective|p2a: Celestita
|-damage|p2a: Celestita|0 fnt
|faint|p2a: Celestita
|
|win|Low Ladder Terror
|c|☆ThatTheDamned|gg
|l|☆ThatTheDamned
|c|☆Low Ladder Terror|gg
