|j|☆Bhalal
|j|☆Zephyyyr
|t:|1655975440
|gametype|singles
|player|p1|Bhalal|clown|
|player|p2|Zephyyyr|richboy|
|teamsize|p1|6
|teamsize|p2|6
|gen|8
|tier|[Gen 8] UU
|rule|Sleep Clause Mod: Limit one foe put to sleep
|rule|Species Clause: Limit one of each Pokémon
|rule|OHKO Clause: OHKO moves are banned
|rule|Evasion Moves Clause: Evasion moves are banned
|rule|Endless Battle Clause: Forcing endless battles is banned
|rule|HP Percentage Mod: HP is shown in percentages
|rule|Dynamax Clause: You cannot dynamax
|clearpoke
|poke|p1|Keldeo-Resolute|
|poke|p1|Darmanitan, M|
|poke|p1|Thundurus-Therian, M|
|poke|p1|Celesteela|
|poke|p1|Amoonguss, F|
|poke|p1|Rotom-Wash|
|poke|p2|Azelf|
|poke|p2|Toxtricity, M|
|poke|p2|Azumarill, F|
|poke|p2|Hydreigon, M|
|poke|p2|Mamoswine, F|
|poke|p2|Celesteela|
|teampreview
|inactive|Battle timer is ON: inactive players will automatically lose when time's up. (requested by Bhalal)
|c|☆Bhalal|Gl hf
|c|☆Zephyyyr|Hf
|
|t:|1655975450
|start
|switch|p1a: Rotom|Rotom-Wash|100/100
|switch|p2a: Azelf|Azelf, shiny|100/100
|turn|1
|
|t:|1655975459
|move|p2a: Azelf|Stealth Rock|p1a: Rotom
|-sidestart|p1: Bhalal|move: Stealth Rock
|move|p1a: Rotom|Volt Switch|p2a: Azelf
|-damage|p2a: Azelf|59/100
|
|t:|1655975471
|switch|p1a: Darmanitan|Darmanitan, M|100/100|[from]move: Volt Switch
|-damage|p1a: Darmanitan|76/100|[from] Stealth Rock
|
|upkeep
|turn|2
|
|t:|1655975475
|move|p1a: Darmanitan|U-turn|p2a: Azelf
|-supereffective|p2a: Azelf
|-damage|p2a: Azelf|0 fnt
|faint|p2a: Azelf
|
|t:|1655975480
|switch|p1a: Rotom|Rotom-Wash|100/100|[from]move: U-turn
|-damage|p1a: Rotom|88/100|[from] Stealth Rock
|
|-heal|p1a: Rotom|94/100|[from] item: Leftovers
|upkeep
|
|t:|1655975499
|switch|p2a: Hydreigon|Hydreigon, M|100/100
|turn|3
|
|t:|1655975502
|move|p2a: Hydreigon|Draco Meteor|p1a: Rotom
|-damage|p1a: Rotom|3/100
|-unboost|p2a: Hydreigon|spa|2
|move|p1a: Rotom|Defog|p2a: Hydreigon
|-unboost|p2a: Hydreigon|evasion|1
|-sideend|p1: Bhalal|Stealth Rock|[from] move: Defog|[of] p1a: Rotom
|
|-heal|p1a: Rotom|10/100|[from] item: Leftovers
|upkeep
|turn|4
|
|t:|1655975509
|switch|p1a: Celesteela|Celesteela|100/100
|move|p2a: Hydreigon|Draco Meteor|p1a: Celesteela
|-resisted|p1a: Celesteela
|-damage|p1a: Celesteela|90/100
|-unboost|p2a: Hydreigon|spa|2
|
|-heal|p1a: Celesteela|96/100|[from] item: Leftovers
|upkeep
|turn|5
|
|t:|1655975514
|switch|p2a: Toxtricity|Toxtricity, M|100/100
|move|p1a: Celesteela|Leech Seed|p2a: Toxtricity
|-start|p2a: Toxtricity|move: Leech Seed
|
|-heal|p1a: Celesteela|100/100|[from] item: Leftovers
|-damage|p2a: Toxtricity|88/100|[from] Leech Seed|[of] p1a: Celesteela
|upkeep
|turn|6
|
|t:|1655975521
|move|p1a: Celesteela|Protect|p1a: Celesteela
|-singleturn|p1a: Celesteela|Protect
|move|p2a: Toxtricity|Shift Gear|p2a: Toxtricity
|-boost|p2a: Toxtricity|spe|2
|-boost|p2a: Toxtricity|atk|1
|
|-damage|p2a: Toxtricity|76/100|[from] Leech Seed|[of] p1a: Celesteela
|upkeep
|turn|7
|
|t:|1655975526
|move|p2a: Toxtricity|Overdrive|p1a: Celesteela
|-supereffective|p1a: Celesteela
|-damage|p1a: Celesteela|18/100
|-damage|p2a: Toxtricity|66/100|[from] item: Life Orb
|move|p1a: Celesteela|Heavy Slam|p2a: Toxtricity
|-resisted|p2a: Toxtricity
|-damage|p2a: Toxtricity|30/100
|
|-heal|p1a: Celesteela|24/100|[from] item: Leftovers
|-damage|p2a: Toxtricity|18/100|[from] Leech Seed|[of] p1a: Celesteela
|-heal|p1a: Celesteela|33/100|[silent]
|upkeep
|turn|8
|
|t:|1655975531
|move|p1a: Celesteela|Protect|p1a: Celesteela
|-singleturn|p1a: Celesteela|Protect
|move|p2a: Toxtricity|Boomburst|p1a: Celesteela
|-activate|p1a: Celesteela|move: Protect
|
|-heal|p1a: Celesteela|39/100|[from] item: Leftovers
|-damage|p2a: Toxtricity|6/100|[from] Leech Seed|[of] p1a: Celesteela
|-heal|p1a: Celesteela|48/100|[silent]
|upkeep
|turn|9
|
|t:|1655975545
|move|p1a: Celesteela|Protect|p1a: Celesteela
|-singleturn|p1a: Celesteela|Protect
|move|p2a: Toxtricity|Boomburst|p1a: Celesteela
|-activate|p1a: Celesteela|move: Protect
|
|-heal|p1a: Celesteela|54/100|[from] item: Leftovers
|-damage|p2a: Toxtricity|0 fnt|[from] Leech Seed|[of] p1a: Celesteela
|-heal|p1a: Celesteela|58/100|[silent]
|faint|p2a: Toxtricity
|upkeep
|
|t:|1655975549
|switch|p2a: Celesteela|Celesteela|100/100
|turn|10
|
|t:|1655975556
|move|p2a: Celesteela|Flamethrower|p1a: Celesteela
|-supereffective|p1a: Celesteela
|-damage|p1a: Celesteela|20/100
|move|p1a: Celesteela|Leech Seed|p2a: Celesteela
|-start|p2a: Celesteela|move: Leech Seed
|
|-heal|p1a: Celesteela|26/100|[from] item: Leftovers
|-damage|p2a: Celesteela|88/100|[from] Leech Seed|[of] p1a: Celesteela
|-heal|p1a: Celesteela|36/100|[silent]
|upkeep
|turn|11
|
|t:|1655975563
|switch|p2a: Mamoswine|Mamoswine, F|100/100
|move|p1a: Celesteela|Protect||[still]
|-fail|p1a: Celesteela
|
|-heal|p1a: Celesteela|42/100|[from] item: Leftovers
|upkeep
|turn|12
|
|t:|1655975570
|move|p2a: Mamoswine|Knock Off|p1a: Celesteela
|-damage|p1a: Celesteela|3/100
|-enditem|p1a: Celesteela|Leftovers|[from] move: Knock Off|[of] p2a: Mamoswine
|-damage|p2a: Mamoswine|91/100|[from] item: Life Orb
|move|p1a: Celesteela|Leech Seed|p2a: Mamoswine
|-start|p2a: Mamoswine|move: Leech Seed
|
|-damage|p2a: Mamoswine|78/100|[from] Leech Seed|[of] p1a: Celesteela
|-heal|p1a: Celesteela|14/100|[silent]
|upkeep
|turn|13
|
|t:|1655975590
|switch|p2a: Celesteela|Celesteela|88/100
|move|p1a: Celesteela|Heavy Slam|p2a: Celesteela
|-resisted|p2a: Celesteela
|-damage|p2a: Celesteela|81/100
|
|upkeep
|turn|14
|
|t:|1655975598
|switch|p1a: Thundurus|Thundurus-Therian, M|100/100
|move|p2a: Celesteela|Autotomize|p2a: Celesteela
|-boost|p2a: Celesteela|spe|2
|-start|p2a: Celesteela|Autotomize
|
|upkeep
|turn|15
|
|t:|1655975601
|move|p2a: Celesteela|Meteor Beam||[still]
|-prepare|p2a: Celesteela|Meteor Beam
|-boost|p2a: Celesteela|spa|1
|-enditem|p2a: Celesteela|Power Herb
|-anim|p2a: Celesteela|Meteor Beam|p1a: Thundurus
|-supereffective|p1a: Thundurus
|-damage|p1a: Thundurus|0 fnt
|faint|p1a: Thundurus
|-ability|p2a: Celesteela|Beast Boost|boost
|-boost|p2a: Celesteela|spa|1
|
|upkeep
|
|t:|1655975604
|switch|p1a: Amoonguss|Amoonguss, F|100/100
|turn|16
|
|t:|1655975606
|move|p2a: Celesteela|Air Slash|p1a: Amoonguss
|-supereffective|p1a: Amoonguss
|-damage|p1a: Amoonguss|0 fnt
|faint|p1a: Amoonguss
|-ability|p2a: Celesteela|Beast Boost|boost
|-boost|p2a: Celesteela|spa|1
|
|upkeep
|
|t:|1655975610
|switch|p1a: Darmanitan|Darmanitan, M|76/100
|turn|17
|
|t:|1655975612
|move|p1a: Darmanitan|Flare Blitz|p2a: Celesteela
|-supereffective|p2a: Celesteela
|-damage|p2a: Celesteela|0 fnt
|faint|p2a: Celesteela
|-damage|p1a: Darmanitan|50/100|[from] Recoil
|
|upkeep
|
|t:|1655975622
|switch|p2a: Hydreigon|Hydreigon, M|100/100
|turn|18
|inactive|Bhalal has 270 seconds left.
|
|t:|1655975652
|switch|p1a: Rotom|Rotom-Wash|10/100
|move|p2a: Hydreigon|Dark Pulse|p1a: Rotom
|-damage|p1a: Rotom|0 fnt
|faint|p1a: Rotom
|
|upkeep
|
|t:|1655975656
|switch|p1a: Keldeo|Keldeo-Resolute|100/100
|turn|19
|inactive|Bhalal has 270 seconds left.
|l|☆Bhalal
|inactive|Bhalal disconnected and has 300 seconds to reconnect!
|player|p1|
|inactive|Bhalal has 270 seconds to reconnect!
|inactive|Bhalal has 240 seconds to reconnect!
|inactive|Bhalal has 210 seconds to reconnect!
|j|☆Bhalal
|inactive|Bhalal reconnected and has 245 seconds left.
|player|p1|Bhalal|clown
|c|☆Bhalal|Mbad j'ai crash co
|inactive|Bhalal has 240 seconds left.
|
|t:|1655975794
|switch|p2a: Mamoswine|Mamoswine, F|78/100
|switch|p1a: Celesteela|Celesteela|14/100
|
|upkeep
|turn|20
|c|☆Zephyyyr|Mdrrr
|c|☆Zephyyyr|Np
|
|t:|1655975806
|move|p1a: Celesteela|Protect|p1a: Celesteela
|-singleturn|p1a: Celesteela|Protect
|move|p2a: Mamoswine|Knock Off|p1a: Celesteela
|-activate|p1a: Celesteela|move: Protect
|
|upkeep
|turn|21
|
|t:|1655975809
|move|p2a: Mamoswine|Knock Off|p1a: Celesteela
|-damage|p1a: Celesteela|0 fnt
|faint|p1a: Celesteela
|-damage|p2a: Mamoswine|68/100|[from] item: Life Orb
|
|upkeep
|
|t:|1655975811
|switch|p1a: Keldeo|Keldeo-Resolute|100/100
|turn|22
|
|t:|1655975820
|move|p1a: Keldeo|Hydro Pump|p2a: Mamoswine|[miss]
|-miss|p1a: Keldeo|p2a: Mamoswine
|move|p2a: Mamoswine|Earthquake|p1a: Keldeo
|-crit|p1a: Keldeo
|-damage|p1a: Keldeo|0 fnt
|faint|p1a: Keldeo
|-damage|p2a: Mamoswine|58/100|[from] item: Life Orb
|
|upkeep
|
|t:|1655975822
|switch|p1a: Darmanitan|Darmanitan, M|50/100
|turn|23
|inactive|Bhalal has 270 seconds left.
|c|☆Zephyyyr|Je pensais t avais rq
|c|☆Zephyyyr|Gg
|
|t:|1655975846
|move|p2a: Mamoswine|Ice Shard|p1a: Darmanitan
|-resisted|p1a: Darmanitan
|-damage|p1a: Darmanitan|28/100
|-damage|p2a: Mamoswine|48/100|[from] item: Life Orb
|move|p1a: Darmanitan|Rock Slide|p2a: Mamoswine
|-damage|p2a: Mamoswine|10/100
|
|upkeep
|turn|24
|
|t:|1655975855
|move|p2a: Mamoswine|Ice Shard|p1a: Darmanitan
|-resisted|p1a: Darmanitan
|-damage|p1a: Darmanitan|4/100
|-damage|p2a: Mamoswine|0 fnt|[from] item: Life Orb
|faint|p2a: Mamoswine
|move|p1a: Darmanitan|Rock Slide|p2: Mamoswine|[notarget]
|-fail|p1a: Darmanitan
|
|upkeep
|
|t:|1655975857
|switch|p2a: Hydreigon|Hydreigon, M|100/100
|turn|25
|c|☆Bhalal|gg !
|
|t:|1655975863
|move|p2a: Hydreigon|Fire Blast|p1a: Darmanitan
|-resisted|p1a: Darmanitan
|-crit|p1a: Darmanitan
|-damage|p1a: Darmanitan|0 fnt
|faint|p1a: Darmanitan
|
|win|Zephyyyr
