|j|☆Everybo-D
|j|☆ishouldstudyabit
|player|p1|Everybo-D|2|1627
|player|p2|ishouldstudyabit|162|1511
|teamsize|p1|6
|teamsize|p2|6
|gametype|singles
|gen|8
|tier|[Gen 8] UU
|rated|
|rule|Sleep Clause Mod: Limit one foe put to sleep
|rule|Species Clause: Limit one of each Pokémon
|rule|OHKO Clause: OHKO moves are banned
|rule|Evasion Moves Clause: Evasion moves are banned
|rule|Endless Battle Clause: Forcing endless battles is banned
|rule|HP Percentage Mod: HP is shown in percentages
|clearpoke
|poke|p1|Crustle, F|
|poke|p1|Chandelure, F|
|poke|p1|Weavile, F|
|poke|p1|Braviary, M|
|poke|p1|Klinklang|
|poke|p1|Whimsicott, F|
|poke|p2|Ribombee, M|
|poke|p2|Diggersby, M|
|poke|p2|Gengar, M|
|poke|p2|Durant, F|
|poke|p2|Crawdaunt, F|
|poke|p2|Braviary, M|
|rule|Dynamax Clause: You cannot dynamax
|teampreview
|
|start
|switch|p1a: Crustle|Crustle, F|100/100
|switch|p2a: Ribombee|Ribombee, M|100/100
|turn|1
|j| VoolPool
|inactive|Battle timer is ON: inactive players will automatically lose when time's up. (requested by Everybo-D)
|j| Seucra
|l| Seucra
|l| VoolPool
|
|move|p2a: Ribombee|Sticky Web|p1a: Crustle
|-sidestart|p1: Everybo-D|move: Sticky Web
|move|p1a: Crustle|Stealth Rock|p2a: Ribombee
|-sidestart|p2: ishouldstudyabit|move: Stealth Rock
|
|upkeep
|turn|2
|
|move|p2a: Ribombee|Moonblast|p1a: Crustle
|-damage|p1a: Crustle|40/100
|-enditem|p1a: Crustle|Sitrus Berry|[eat]
|-heal|p1a: Crustle|64/100|[from] item: Sitrus Berry
|move|p1a: Crustle|Rock Blast|p2a: Ribombee
|-supereffective|p2a: Ribombee
|-damage|p2a: Ribombee|48/100
|-supereffective|p2a: Ribombee
|-damage|p2a: Ribombee|2/100
|-supereffective|p2a: Ribombee
|-damage|p2a: Ribombee|0 fnt
|-hitcount|p2a: Ribombee|3
|faint|p2a: Ribombee
|
|upkeep
|
|switch|p2a: Crawdaunt|Crawdaunt, F|100/100
|-damage|p2a: Crawdaunt|88/100|[from] Stealth Rock
|turn|3
|
|move|p2a: Crawdaunt|Crabhammer|p1a: Crustle
|-supereffective|p1a: Crustle
|-damage|p1a: Crustle|0 fnt
|-damage|p2a: Crawdaunt|78/100|[from] item: Life Orb
|faint|p1a: Crustle
|
|upkeep
|
|switch|p1a: Whimsicott|Whimsicott, F|100/100
|-activate|p1a: Whimsicott|move: Sticky Web
|-unboost|p1a: Whimsicott|spe|1
|turn|4
|
|switch|p2a: Gengar|Gengar, M|100/100
|-damage|p2a: Gengar|88/100|[from] Stealth Rock
|move|p1a: Whimsicott|Moonblast|p2a: Gengar
|-resisted|p2a: Gengar
|-damage|p2a: Gengar|51/100
|-start|p1a: Whimsicott|Disable|Moonblast|[from] ability: Cursed Body|[of] p2a: Gengar
|-unboost|p2a: Gengar|spa|1
|-damage|p1a: Whimsicott|91/100|[from] item: Life Orb
|
|upkeep
|turn|5
|
|move|p2a: Gengar|Shadow Ball|p1a: Whimsicott
|-damage|p1a: Whimsicott|30/100
|-damage|p2a: Gengar|41/100|[from] item: Life Orb
|move|p1a: Whimsicott|Psychic|p2a: Gengar
|-supereffective|p2a: Gengar
|-damage|p2a: Gengar|0 fnt
|-damage|p1a: Whimsicott|20/100|[from] item: Life Orb
|faint|p2a: Gengar
|
|upkeep
|
|switch|p2a: Braviary|Braviary, M|100/100
|turn|6
|
|move|p2a: Braviary|Brave Bird|p1a: Whimsicott
|-supereffective|p1a: Whimsicott
|-damage|p1a: Whimsicott|0 fnt
|-damage|p2a: Braviary|96/100|[from] Recoil
|faint|p1a: Whimsicott
|
|upkeep
|
|switch|p1a: Klinklang|Klinklang|100/100
|-activate|p1a: Klinklang|move: Sticky Web
|-fail|p1a: Klinklang|unboost|[from] ability: Clear Body|[of] p1a: Klinklang
|turn|7
|
|move|p2a: Braviary|Close Combat|p1a: Klinklang
|-supereffective|p1a: Klinklang
|-damage|p1a: Klinklang|16/100
|-unboost|p2a: Braviary|def|1
|-unboost|p2a: Braviary|spd|1
|move|p1a: Klinklang|Shift Gear|p1a: Klinklang
|-boost|p1a: Klinklang|spe|2
|-boost|p1a: Klinklang|atk|1
|
|upkeep
|turn|8
|
|switch|p2a: Durant|Durant, F|100/100
|-damage|p2a: Durant|88/100|[from] Stealth Rock
|move|p1a: Klinklang|Gear Grind|p2a: Durant
|-resisted|p2a: Durant
|-damage|p2a: Durant|66/100
|-resisted|p2a: Durant
|-damage|p2a: Durant|43/100
|-hitcount|p2a: Durant|2
|
|upkeep
|turn|9
|
|move|p2a: Durant|First Impression|p1a: Klinklang|[miss]
|-miss|p2a: Durant|p1a: Klinklang
|move|p1a: Klinklang|Gear Grind|p2a: Durant|[miss]
|-miss|p1a: Klinklang|p2a: Durant
|
|upkeep
|turn|10
|
|move|p1a: Klinklang|Wild Charge|p2a: Durant
|-damage|p2a: Durant|0 fnt
|-damage|p1a: Klinklang|6/100|[from] Recoil
|faint|p2a: Durant
|
|upkeep
|
|switch|p2a: Crawdaunt|Crawdaunt, F|78/100
|-damage|p2a: Crawdaunt|66/100|[from] Stealth Rock
|turn|11
|
|move|p2a: Crawdaunt|Aqua Jet|p1a: Klinklang
|-damage|p1a: Klinklang|0 fnt
|-damage|p2a: Crawdaunt|56/100|[from] item: Life Orb
|faint|p1a: Klinklang
|
|upkeep
|
|switch|p1a: Braviary|Braviary, M|100/100
|turn|12
|
|move|p2a: Crawdaunt|Aqua Jet|p1a: Braviary
|-damage|p1a: Braviary|56/100
|-damage|p2a: Crawdaunt|47/100|[from] item: Life Orb
|move|p1a: Braviary|U-turn|p2a: Crawdaunt
|-supereffective|p2a: Crawdaunt
|-damage|p2a: Crawdaunt|0 fnt
|faint|p2a: Crawdaunt
|
|switch|p1a: Chandelure|Chandelure, F|100/100|[from]move: U-turn
|
|upkeep
|j| sofa king gay
|
|switch|p2a: Braviary|Braviary, M|96/100
|turn|13
|
|move|p1a: Chandelure|Flamethrower|p2a: Braviary
|-damage|p2a: Braviary|32/100
|move|p2a: Braviary|Brave Bird|p1a: Chandelure
|-damage|p1a: Chandelure|21/100
|-damage|p2a: Braviary|12/100|[from] Recoil
|
|upkeep
|turn|14
|
|move|p1a: Chandelure|Flamethrower|p2a: Braviary
|-crit|p2a: Braviary
|-damage|p2a: Braviary|0 fnt
|faint|p2a: Braviary
|
|upkeep
|
|switch|p2a: Diggersby|Diggersby, M|100/100
|-damage|p2a: Diggersby|94/100|[from] Stealth Rock
|turn|15
|c|☆Everybo-D|gg
|
|move|p1a: Chandelure|Flamethrower|p2a: Diggersby
|-damage|p2a: Diggersby|21/100
|move|p2a: Diggersby|Earthquake|p1a: Chandelure
|-supereffective|p1a: Chandelure
|-crit|p1a: Chandelure
|-damage|p1a: Chandelure|0 fnt
|-damage|p2a: Diggersby|11/100|[from] item: Life Orb
|faint|p1a: Chandelure
|
|upkeep
|
|switch|p1a: Braviary|Braviary, M|56/100
|turn|16
|
|move|p2a: Diggersby|Quick Attack|p1a: Braviary
|-damage|p1a: Braviary|16/100
|-damage|p2a: Diggersby|1/100|[from] item: Life Orb
|move|p1a: Braviary|Brave Bird|p2a: Diggersby
|-damage|p2a: Diggersby|0 fnt
|-damage|p1a: Braviary|16/100|[from] Recoil
|faint|p2a: Diggersby
|
|win|Everybo-D
|l|☆ishouldstudyabit
|raw|Everybo-D's rating: 1628 &rarr; <strong>1641</strong><br />(+13 for winning)
|raw|ishouldstudyabit's rating: 1511 &rarr; <strong>1497</strong><br />(-14 for losing)
