|j|☆Chloe
|j|☆Liz Angeles
|t:|1664104214
|gametype|singles
|player|p1|Chloe|#chlo|
|player|p2|Liz Angeles|marley|
|teamsize|p1|6
|teamsize|p2|6
|gen|8
|tier|[Gen 8] UU
|rule|Sleep Clause Mod: Limit one foe put to sleep
|rule|Species Clause: Limit one of each Pokémon
|rule|OHKO Clause: OHKO moves are banned
|rule|Evasion Items Clause: Evasion items are banned
|rule|Evasion Moves Clause: Evasion moves are banned
|rule|Endless Battle Clause: Forcing endless battles is banned
|rule|HP Percentage Mod: HP is shown in percentages
|rule|Dynamax Clause: You cannot dynamax
|clearpoke
|poke|p1|Vanilluxe, F|
|poke|p1|Chansey, F|
|poke|p1|Zygarde-10%|
|poke|p1|Mandibuzz, F|
|poke|p1|Slowking, M|
|poke|p1|Cobalion|
|poke|p2|Chansey, F|
|poke|p2|Conkeldurr, F|
|poke|p2|Skarmory, M|
|poke|p2|Nidoqueen, F|
|poke|p2|Starmie|
|poke|p2|Hydreigon, M|
|teampreview
|c|☆Liz Angeles|hf
|c|☆Chloe|u2
|
|t:|1664104241
|start
|switch|p1a: Vanilluxe|Vanilluxe, F|100/100
|switch|p2a: Shadows Of Planes|Hydreigon, M|100/100
|-weather|Hail|[from] ability: Snow Warning|[of] p1a: Vanilluxe
|turn|1
|
|t:|1664104252
|move|p2a: Shadows Of Planes|U-turn|p1a: Vanilluxe
|-damage|p1a: Vanilluxe|80/100
|
|t:|1664104255
|switch|p2a: Heading For Door|Chansey, F|100/100|[from]move: U-turn
|move|p1a: Vanilluxe|Blizzard|p2a: Heading For Door
|-damage|p2a: Heading For Door|75/100
|
|-weather|Hail|[upkeep]
|-damage|p2a: Heading For Door|69/100|[from] Hail
|upkeep
|turn|2
|
|t:|1664104261
|switch|p1a: Cobalion|Cobalion|100/100
|move|p2a: Heading For Door|Teleport|p2a: Heading For Door
|
|t:|1664104266
|switch|p2a: Stratosphere|Conkeldurr, F|100/100|[from]move: Teleport
|
|-weather|Hail|[upkeep]
|-damage|p1a: Cobalion|94/100|[from] Hail
|-damage|p2a: Stratosphere|95/100|[from] Hail
|-status|p2a: Stratosphere|brn|[from] item: Flame Orb
|upkeep
|turn|3
|
|t:|1664104278
|move|p1a: Cobalion|Stealth Rock|p2a: Stratosphere
|-sidestart|p2: Liz Angeles|move: Stealth Rock
|move|p2a: Stratosphere|Drain Punch|p1a: Cobalion
|-supereffective|p1a: Cobalion
|-damage|p1a: Cobalion|0 fnt
|-heal|p2a: Stratosphere|100/100 brn|[from] drain|[of] p1a: Cobalion
|-damage|p2a: Stratosphere|84/100 brn|[from] item: Rocky Helmet|[of] p1a: Cobalion
|faint|p1a: Cobalion
|
|-weather|Hail|[upkeep]
|-damage|p2a: Stratosphere|78/100 brn|[from] Hail
|-damage|p2a: Stratosphere|72/100 brn|[from] brn
|upkeep
|
|t:|1664104288
|switch|p1a: Slowking|Slowking, M|100/100
|turn|4
|
|t:|1664104296
|switch|p2a: Constellations|Starmie|100/100
|move|p1a: Slowking|Teleport|p1a: Slowking
|
|t:|1664104311
|switch|p1a: Vanilluxe|Vanilluxe, F|80/100|[from]move: Teleport
|
|-weather|Hail|[upkeep]
|-damage|p2a: Constellations|94/100|[from] Hail
|upkeep
|turn|5
|j| Sochalya
|
|t:|1664104321
|move|p2a: Constellations|Rapid Spin|p1a: Vanilluxe
|-damage|p1a: Vanilluxe|69/100
|-boost|p2a: Constellations|spe|1
|-sideend|p2: Liz Angeles|Stealth Rock|[from] move: Rapid Spin|[of] p2a: Constellations
|move|p1a: Vanilluxe|Blizzard|p2a: Constellations
|-resisted|p2a: Constellations
|-damage|p2a: Constellations|42/100
|
|-weather|none
|upkeep
|turn|6
|l| Sochalya
|
|t:|1664104337
|switch|p1a: Chansey|Chansey, F|100/100
|move|p2a: Constellations|Recover|p2a: Constellations
|-heal|p2a: Constellations|92/100
|
|upkeep
|turn|7
|
|t:|1664104351
|switch|p2a: Queen Of Hearts|Nidoqueen, F|100/100
|move|p1a: Chansey|Seismic Toss|p2a: Queen Of Hearts
|-damage|p2a: Queen Of Hearts|72/100
|
|upkeep
|turn|8
|
|t:|1664104356
|move|p2a: Queen Of Hearts|Stealth Rock|p1a: Chansey
|-sidestart|p1: Chloe|move: Stealth Rock
|move|p1a: Chansey|Seismic Toss|p2a: Queen Of Hearts
|-damage|p2a: Queen Of Hearts|44/100
|
|upkeep
|turn|9
|
|t:|1664104361
|switch|p2a: Heading For Door|Chansey, F|69/100
|move|p1a: Chansey|Seismic Toss|p2a: Heading For Door
|-damage|p2a: Heading For Door|55/100
|
|upkeep
|turn|10
|
|t:|1664104367
|switch|p1a: Mandibuzz|Mandibuzz, F|100/100
|move|p2a: Heading For Door|Soft-Boiled|p2a: Heading For Door
|-heal|p2a: Heading For Door|100/100
|
|upkeep
|turn|11
|
|t:|1664104372
|move|p1a: Mandibuzz|Defog|p2a: Heading For Door
|-unboost|p2a: Heading For Door|evasion|1
|-sideend|p1: Chloe|Stealth Rock|[from] move: Defog|[of] p1a: Mandibuzz
|move|p2a: Heading For Door|Toxic|p1a: Mandibuzz
|-status|p1a: Mandibuzz|tox
|
|-damage|p1a: Mandibuzz|94/100 tox|[from] psn
|upkeep
|turn|12
|
|t:|1664104378
|switch|p2a: Gold Dust|Skarmory, M|100/100
|move|p1a: Mandibuzz|Knock Off|p2a: Gold Dust
|-damage|p2a: Gold Dust|85/100
|-damage|p1a: Mandibuzz|78/100 tox|[from] item: Rocky Helmet|[of] p2a: Gold Dust
|-enditem|p2a: Gold Dust|Rocky Helmet|[from] move: Knock Off|[of] p1a: Mandibuzz
|
|-damage|p1a: Mandibuzz|66/100 tox|[from] psn
|upkeep
|turn|13
|
|t:|1664104387
|move|p1a: Mandibuzz|U-turn|p2a: Gold Dust
|-resisted|p2a: Gold Dust
|-damage|p2a: Gold Dust|84/100
|
|t:|1664104391
|switch|p1a: Slowking|Slowking, M|100/100|[from]move: U-turn
|move|p2a: Gold Dust|Spikes|p1a: Slowking
|-sidestart|p1: Chloe|Spikes
|
|upkeep
|turn|14
|
|t:|1664104396
|switch|p2a: Heading For Door|Chansey, F|100/100
|move|p1a: Slowking|Teleport|p1a: Slowking
|
|t:|1664104400
|switch|p1a: Mandibuzz|Mandibuzz, F|66/100 tox|[from]move: Teleport
|
|-damage|p1a: Mandibuzz|59/100 tox|[from] psn
|upkeep
|turn|15
|
|t:|1664104406
|switch|p2a: Stratosphere|Conkeldurr, F|72/100 brn
|move|p1a: Mandibuzz|Knock Off|p2a: Stratosphere
|-resisted|p2a: Stratosphere
|-damage|p2a: Stratosphere|59/100 brn
|-enditem|p2a: Stratosphere|Flame Orb|[from] move: Knock Off|[of] p1a: Mandibuzz
|
|-damage|p1a: Mandibuzz|47/100 tox|[from] psn
|-damage|p2a: Stratosphere|53/100 brn|[from] brn
|upkeep
|turn|16
|
|t:|1664104415
|move|p1a: Mandibuzz|U-turn|p2a: Stratosphere
|-resisted|p2a: Stratosphere
|-damage|p2a: Stratosphere|48/100 brn
|
|t:|1664104418
|switch|p1a: Slowking|Slowking, M|100/100|[from]move: U-turn
|-damage|p1a: Slowking|88/100|[from] Spikes
|move|p2a: Stratosphere|Drain Punch|p1a: Slowking
|-resisted|p1a: Slowking
|-damage|p1a: Slowking|65/100
|-heal|p2a: Stratosphere|61/100 brn|[from] drain|[of] p1a: Slowking
|
|-damage|p2a: Stratosphere|55/100 brn|[from] brn
|upkeep
|turn|17
|
|t:|1664104428
|move|p2a: Stratosphere|Facade|p1a: Slowking
|-damage|p1a: Slowking|6/100
|move|p1a: Slowking|Psychic|p2a: Stratosphere
|-supereffective|p2a: Stratosphere
|-damage|p2a: Stratosphere|0 fnt
|faint|p2a: Stratosphere
|
|upkeep
|
|t:|1664104446
|switch|p2a: Queen Of Hearts|Nidoqueen, F|44/100
|turn|18
|
|t:|1664104451
|switch|p1a: Chansey|Chansey, F|100/100
|-damage|p1a: Chansey|88/100|[from] Spikes
|move|p2a: Queen Of Hearts|Sludge Wave|p1a: Chansey
|-damage|p1a: Chansey|69/100
|
|upkeep
|turn|19
|
|t:|1664104458
|move|p2a: Queen Of Hearts|Stealth Rock|p1a: Chansey
|-sidestart|p1: Chloe|move: Stealth Rock
|move|p1a: Chansey|Heal Bell|p1a: Chansey
|-activate|p1a: Chansey|move: Heal Bell
|-curestatus|p1: Mandibuzz|tox|[msg]
|
|upkeep
|turn|20
|
|t:|1664104468
|switch|p2a: Heading For Door|Chansey, F|100/100
|move|p1a: Chansey|Seismic Toss|p2a: Heading For Door
|-damage|p2a: Heading For Door|86/100
|
|upkeep
|turn|21
|
|t:|1664104474
|move|p1a: Chansey|Toxic|p2a: Heading For Door
|-status|p2a: Heading For Door|tox
|move|p2a: Heading For Door|Teleport|p2a: Heading For Door
|
|t:|1664104478
|-curestatus|p2a: Heading For Door|tox|[from] ability: Natural Cure
|switch|p2a: Shadows Of Planes|Hydreigon, M|100/100|[from]move: Teleport
|
|upkeep
|turn|22
|
|t:|1664104483
|move|p2a: Shadows Of Planes|U-turn|p1a: Chansey
|-damage|p1a: Chansey|59/100
|
|t:|1664104486
|switch|p2a: Heading For Door|Chansey, F|86/100|[from]move: U-turn
|move|p1a: Chansey|Soft-Boiled|p1a: Chansey
|-heal|p1a: Chansey|100/100
|
|upkeep
|turn|23
|
|t:|1664104496
|move|p1a: Chansey|Toxic|p2a: Heading For Door
|-status|p2a: Heading For Door|tox
|move|p2a: Heading For Door|Teleport|p2a: Heading For Door
|
|t:|1664104499
|-curestatus|p2a: Heading For Door|tox|[from] ability: Natural Cure
|switch|p2a: Shadows Of Planes|Hydreigon, M|100/100|[from]move: Teleport
|
|upkeep
|turn|24
|
|t:|1664104503
|move|p2a: Shadows Of Planes|U-turn|p1a: Chansey
|-damage|p1a: Chansey|91/100
|
|t:|1664104506
|switch|p2a: Heading For Door|Chansey, F|86/100|[from]move: U-turn
|move|p1a: Chansey|Seismic Toss|p2a: Heading For Door
|-damage|p2a: Heading For Door|72/100
|
|upkeep
|turn|25
|
|t:|1664104513
|move|p2a: Heading For Door|Toxic|p1a: Chansey
|-status|p1a: Chansey|tox
|move|p1a: Chansey|Toxic|p2a: Heading For Door
|-status|p2a: Heading For Door|tox
|
|-damage|p2a: Heading For Door|66/100 tox|[from] psn
|-damage|p1a: Chansey|85/100 tox|[from] psn
|upkeep
|turn|26
|
|t:|1664104519
|-curestatus|p1a: Chansey|tox|[from] ability: Natural Cure
|switch|p1a: Mandibuzz|Mandibuzz, F|47/100
|move|p2a: Heading For Door|Teleport|p2a: Heading For Door
|
|t:|1664104525
|-curestatus|p2a: Heading For Door|tox|[from] ability: Natural Cure
|switch|p2a: Queen Of Hearts|Nidoqueen, F|44/100|[from]move: Teleport
|
|upkeep
|turn|27
|
|t:|1664104536
|switch|p1a: Chansey|Chansey, F|85/100
|-damage|p1a: Chansey|72/100|[from] Spikes
|-damage|p1a: Chansey|60/100|[from] Stealth Rock
|move|p2a: Queen Of Hearts|Sludge Wave|p1a: Chansey
|-damage|p1a: Chansey|41/100
|
|upkeep
|turn|28
|
|t:|1664104545
|switch|p2a: Heading For Door|Chansey, F|66/100
|move|p1a: Chansey|Soft-Boiled|p1a: Chansey
|-heal|p1a: Chansey|91/100
|
|upkeep
|turn|29
|
|t:|1664104551
|move|p1a: Chansey|Toxic|p2a: Heading For Door
|-status|p2a: Heading For Door|tox
|move|p2a: Heading For Door|Toxic|p1a: Chansey
|-status|p1a: Chansey|tox
|
|-damage|p2a: Heading For Door|60/100 tox|[from] psn
|-damage|p1a: Chansey|85/100 tox|[from] psn
|upkeep
|turn|30
|
|t:|1664104559
|-curestatus|p1a: Chansey|tox|[from] ability: Natural Cure
|switch|p1a: Mandibuzz|Mandibuzz, F|47/100
|move|p2a: Heading For Door|Teleport|p2a: Heading For Door
|
|t:|1664104563
|-curestatus|p2a: Heading For Door|tox|[from] ability: Natural Cure
|switch|p2a: Queen Of Hearts|Nidoqueen, F|44/100|[from]move: Teleport
|
|upkeep
|turn|31
|
|t:|1664104567
|switch|p1a: Chansey|Chansey, F|85/100
|-damage|p1a: Chansey|73/100|[from] Spikes
|-damage|p1a: Chansey|60/100|[from] Stealth Rock
|move|p2a: Queen Of Hearts|Sludge Wave|p1a: Chansey
|-damage|p1a: Chansey|41/100
|
|upkeep
|turn|32
|
|t:|1664104573
|switch|p2a: Gold Dust|Skarmory, M|84/100
|move|p1a: Chansey|Soft-Boiled|p1a: Chansey
|-heal|p1a: Chansey|91/100
|
|upkeep
|turn|33
|
|t:|1664104583
|switch|p1a: Mandibuzz|Mandibuzz, F|47/100
|move|p2a: Gold Dust|Body Press|p1a: Mandibuzz
|-damage|p1a: Mandibuzz|26/100
|
|upkeep
|turn|34
|
|t:|1664104593
|move|p1a: Mandibuzz|Roost|p1a: Mandibuzz
|-heal|p1a: Mandibuzz|76/100
|-singleturn|p1a: Mandibuzz|move: Roost
|move|p2a: Gold Dust|Iron Defense|p2a: Gold Dust
|-boost|p2a: Gold Dust|def|2
|
|upkeep
|turn|35
|
|t:|1664104603
|move|p1a: Mandibuzz|Defog|p2a: Gold Dust
|-unboost|p2a: Gold Dust|evasion|1
|-sideend|p1: Chloe|Spikes|[from] move: Defog|[of] p1a: Mandibuzz
|-sideend|p1: Chloe|Stealth Rock|[from] move: Defog|[of] p1a: Mandibuzz
|move|p2a: Gold Dust|Body Press|p1a: Mandibuzz
|-damage|p1a: Mandibuzz|36/100
|
|upkeep
|turn|36
|
|t:|1664104610
|move|p1a: Mandibuzz|U-turn|p2a: Gold Dust
|-resisted|p2a: Gold Dust
|-damage|p2a: Gold Dust|83/100
|
|t:|1664104617
|switch|p1a: Slowking|Slowking, M|39/100|[from]move: U-turn
|move|p2a: Gold Dust|Body Press|p1a: Slowking
|-resisted|p1a: Slowking
|-damage|p1a: Slowking|15/100
|
|upkeep
|turn|37
|
|t:|1664104625
|move|p2a: Gold Dust|Body Press|p1a: Slowking
|-resisted|p1a: Slowking
|-damage|p1a: Slowking|0 fnt
|faint|p1a: Slowking
|
|upkeep
|
|t:|1664104626
|switch|p1a: Vanilluxe|Vanilluxe, F|69/100
|-weather|Hail|[from] ability: Snow Warning|[of] p1a: Vanilluxe
|turn|38
|
|t:|1664104631
|switch|p2a: Constellations|Starmie|92/100
|move|p1a: Vanilluxe|Freeze-Dry|p2a: Constellations
|-supereffective|p2a: Constellations
|-damage|p2a: Constellations|0 fnt
|faint|p2a: Constellations
|
|-weather|Hail|[upkeep]
|upkeep
|
|t:|1664104636
|switch|p2a: Heading For Door|Chansey, F|60/100
|turn|39
|
|t:|1664104641
|switch|p1a: Mandibuzz|Mandibuzz, F|36/100
|move|p2a: Heading For Door|Soft-Boiled|p2a: Heading For Door
|-heal|p2a: Heading For Door|100/100
|
|-weather|Hail|[upkeep]
|-damage|p2a: Heading For Door|94/100|[from] Hail
|upkeep
|turn|40
|
|t:|1664104646
|switch|p2a: Gold Dust|Skarmory, M|83/100
|move|p1a: Mandibuzz|Roost|p1a: Mandibuzz
|-heal|p1a: Mandibuzz|86/100
|-singleturn|p1a: Mandibuzz|move: Roost
|
|-weather|Hail|[upkeep]
|-damage|p2a: Gold Dust|77/100|[from] Hail
|upkeep
|turn|41
|
|t:|1664104656
|move|p1a: Mandibuzz|U-turn|p2a: Gold Dust
|-resisted|p2a: Gold Dust
|-damage|p2a: Gold Dust|75/100
|
|t:|1664104660
|switch|p1a: Zygarde|Zygarde-10%|100/100|[from]move: U-turn
|-ability|p1a: Zygarde|Aura Break
|move|p2a: Gold Dust|Body Press|p1a: Zygarde
|-damage|p1a: Zygarde|41/100
|
|-weather|Hail|[upkeep]
|-damage|p1a: Zygarde|35/100|[from] Hail
|-damage|p2a: Gold Dust|69/100|[from] Hail
|upkeep
|turn|42
|
|t:|1664104669
|move|p1a: Zygarde|Thousand Arrows|p2a: Gold Dust
|-damage|p2a: Gold Dust|32/100
|-start|p2a: Gold Dust|Smack Down
|move|p2a: Gold Dust|Body Press|p1a: Zygarde
|-damage|p1a: Zygarde|0 fnt
|faint|p1a: Zygarde
|
|-weather|none
|upkeep
|
|t:|1664104674
|switch|p1a: Vanilluxe|Vanilluxe, F|69/100
|-weather|Hail|[from] ability: Snow Warning|[of] p1a: Vanilluxe
|turn|43
|
|t:|1664104678
|switch|p2a: Heading For Door|Chansey, F|94/100
|move|p1a: Vanilluxe|Blizzard|p2a: Heading For Door
|-damage|p2a: Heading For Door|68/100
|-status|p2a: Heading For Door|frz
|
|-weather|Hail|[upkeep]
|-damage|p2a: Heading For Door|62/100 frz|[from] Hail
|upkeep
|turn|44
|
|t:|1664104702
|-curestatus|p2a: Heading For Door|frz|[from] ability: Natural Cure
|switch|p2a: Queen Of Hearts|Nidoqueen, F|44/100
|move|p1a: Vanilluxe|Blizzard|p2a: Queen Of Hearts
|-supereffective|p2a: Queen Of Hearts
|-damage|p2a: Queen Of Hearts|0 fnt
|faint|p2a: Queen Of Hearts
|
|-weather|Hail|[upkeep]
|upkeep
|
|t:|1664104704
|switch|p2a: Heading For Door|Chansey, F|62/100
|turn|45
|
|t:|1664104713
|switch|p1a: Mandibuzz|Mandibuzz, F|86/100
|move|p2a: Heading For Door|Soft-Boiled|p2a: Heading For Door
|-heal|p2a: Heading For Door|100/100
|
|-weather|Hail|[upkeep]
|-damage|p2a: Heading For Door|94/100|[from] Hail
|upkeep
|turn|46
|
|t:|1664104718
|move|p1a: Mandibuzz|Knock Off|p2a: Heading For Door
|-damage|p2a: Heading For Door|79/100
|-enditem|p2a: Heading For Door|Eviolite|[from] move: Knock Off|[of] p1a: Mandibuzz
|move|p2a: Heading For Door|Teleport|p2a: Heading For Door
|
|t:|1664104721
|switch|p2a: Gold Dust|Skarmory, M|32/100|[from]move: Teleport
|
|-weather|Hail|[upkeep]
|-damage|p2a: Gold Dust|26/100|[from] Hail
|upkeep
|turn|47
|
|t:|1664104725
|move|p1a: Mandibuzz|U-turn|p2a: Gold Dust
|-resisted|p2a: Gold Dust
|-damage|p2a: Gold Dust|25/100
|
|t:|1664104728
|switch|p1a: Vanilluxe|Vanilluxe, F|69/100|[from]move: U-turn
|move|p2a: Gold Dust|Roost|p2a: Gold Dust
|-heal|p2a: Gold Dust|75/100
|-singleturn|p2a: Gold Dust|move: Roost
|
|-weather|none
|upkeep
|turn|48
|
|t:|1664104740
|switch|p2a: Shadows Of Planes|Hydreigon, M|100/100
|move|p1a: Vanilluxe|Blizzard|p2a: Shadows Of Planes
|-supereffective|p2a: Shadows Of Planes
|-damage|p2a: Shadows Of Planes|0 fnt
|faint|p2a: Shadows Of Planes
|
|upkeep
|
|t:|1664104745
|switch|p2a: Heading For Door|Chansey, F|79/100
|turn|49
|
|t:|1664104751
|switch|p1a: Chansey|Chansey, F|91/100
|move|p2a: Heading For Door|Teleport|p2a: Heading For Door
|
|t:|1664104753
|switch|p2a: Gold Dust|Skarmory, M|75/100|[from]move: Teleport
|
|upkeep
|turn|50
|
|t:|1664104763
|move|p2a: Gold Dust|Body Press|p1a: Chansey
|-supereffective|p1a: Chansey
|-damage|p1a: Chansey|47/100
|move|p1a: Chansey|Seismic Toss|p2a: Gold Dust
|-damage|p2a: Gold Dust|43/100
|
|upkeep
|turn|51
|
|t:|1664104770
|move|p2a: Gold Dust|Roost|p2a: Gold Dust
|-heal|p2a: Gold Dust|93/100
|-singleturn|p2a: Gold Dust|move: Roost
|move|p1a: Chansey|Seismic Toss|p2a: Gold Dust
|-damage|p2a: Gold Dust|62/100
|
|upkeep
|turn|52
|
|t:|1664104776
|move|p2a: Gold Dust|Body Press|p1a: Chansey
|-supereffective|p1a: Chansey
|-damage|p1a: Chansey|5/100
|move|p1a: Chansey|Soft-Boiled|p1a: Chansey
|-heal|p1a: Chansey|55/100
|
|upkeep
|turn|53
|
|t:|1664104782
|switch|p1a: Vanilluxe|Vanilluxe, F|69/100
|-weather|Hail|[from] ability: Snow Warning|[of] p1a: Vanilluxe
|move|p2a: Gold Dust|Body Press|p1a: Vanilluxe
|-supereffective|p1a: Vanilluxe
|-damage|p1a: Vanilluxe|0 fnt
|faint|p1a: Vanilluxe
|
|-weather|Hail|[upkeep]
|-damage|p2a: Gold Dust|56/100|[from] Hail
|upkeep
|
|t:|1664104789
|switch|p1a: Chansey|Chansey, F|55/100
|turn|54
|
|t:|1664104811
|move|p2a: Gold Dust|Body Press|p1a: Chansey
|-supereffective|p1a: Chansey
|-crit|p1a: Chansey
|-damage|p1a: Chansey|0 fnt
|faint|p1a: Chansey
|
|-weather|Hail|[upkeep]
|-damage|p2a: Gold Dust|50/100|[from] Hail
|upkeep
|c|☆Liz Angeles|gg
|
|t:|1664104829
|switch|p1a: Mandibuzz|Mandibuzz, F|86/100
|turn|55
|c|☆Chloe|gg
|-message|Chloe forfeited.
|
|win|Liz Angeles
|c|☆Liz Angeles|did you save replay g1, I forgot
|l|☆Chloe
|j|☆Chloe
|player|p1|Chloe|#chlo
|c|☆Chloe|yes
|l|☆Chloe
|player|p1|
