|j|☆Peses222
|j|☆Appleking123
|t:|1657768538
|gametype|singles
|player|p1|Peses222|265|1536
|player|p2|Appleking123|hiker-gen4|1489
|teamsize|p1|6
|teamsize|p2|6
|gen|8
|tier|[Gen 8] UU
|rated|
|rule|Sleep Clause Mod: Limit one foe put to sleep
|rule|Species Clause: Limit one of each Pokémon
|rule|OHKO Clause: OHKO moves are banned
|rule|Evasion Moves Clause: Evasion moves are banned
|rule|Endless Battle Clause: Forcing endless battles is banned
|rule|HP Percentage Mod: HP is shown in percentages
|rule|Dynamax Clause: You cannot dynamax
|clearpoke
|poke|p1|Gastrodon-East, F|
|poke|p1|Chandelure, M|
|poke|p1|Cobalion|
|poke|p1|Hydreigon, F|
|poke|p1|Mandibuzz, F|
|poke|p1|Amoonguss, F|
|poke|p2|Cobalion|
|poke|p2|Tangrowth, M|
|poke|p2|Zygarde-10%|
|poke|p2|Crobat, F|
|poke|p2|Rotom-Wash|
|poke|p2|Azelf|
|teampreview
|
|t:|1657768582
|start
|switch|p1a: Hydreigon|Hydreigon, F|100/100
|switch|p2a: Bork|Zygarde-10%|100/100
|-ability|p2a: Bork|Aura Break
|turn|1
|
|t:|1657768592
|switch|p2a: Spaghet|Tangrowth, M|100/100
|move|p1a: Hydreigon|Draco Meteor|p2a: Spaghet
|-crit|p2a: Spaghet
|-damage|p2a: Spaghet|27/100
|-unboost|p1a: Hydreigon|spa|2
|
|upkeep
|turn|2
|
|t:|1657768611
|switch|p1a: Amoonguss|Amoonguss, F|100/100
|switch|p2a: HONSE|Cobalion|100/100
|
|upkeep
|turn|3
|
|t:|1657768622
|move|p2a: HONSE|Volt Switch|p1a: Amoonguss
|-resisted|p1a: Amoonguss
|-damage|p1a: Amoonguss|94/100
|
|t:|1657768625
|switch|p2a: Bap|Crobat, F|100/100|[from]move: Volt Switch
|move|p1a: Amoonguss|Spore|p2a: Bap
|-status|p2a: Bap|slp|[from] move: Spore
|
|upkeep
|turn|4
|
|t:|1657768633
|switch|p2a: HONSE|Cobalion|100/100
|switch|p1a: Gastrodon|Gastrodon-East, F, shiny|100/100
|
|upkeep
|turn|5
|
|t:|1657768639
|move|p2a: HONSE|Toxic|p1a: Gastrodon
|-status|p1a: Gastrodon|tox
|move|p1a: Gastrodon|Scald|p2a: HONSE
|-damage|p2a: HONSE|66/100
|
|-heal|p2a: HONSE|72/100|[from] item: Leftovers
|-damage|p1a: Gastrodon|94/100 tox|[from] psn
|upkeep
|turn|6
|
|t:|1657768650
|switch|p2a: Washington|Rotom-Wash|100/100
|switch|p1a: Chandelure|Chandelure, M, shiny|100/100
|
|upkeep
|turn|7
|
|t:|1657768653
|switch|p1a: Amoonguss|Amoonguss, F|100/100
|move|p2a: Washington|Hydro Pump|p1a: Amoonguss
|-resisted|p1a: Amoonguss
|-damage|p1a: Amoonguss|83/100
|
|upkeep
|turn|8
|
|t:|1657768663
|move|p2a: Washington|Volt Switch|p1a: Amoonguss
|-resisted|p1a: Amoonguss
|-damage|p1a: Amoonguss|72/100
|
|t:|1657768667
|switch|p2a: HONSE|Cobalion|72/100|[from]move: Volt Switch
|move|p1a: Amoonguss|Giga Drain|p2a: HONSE
|-resisted|p2a: HONSE
|-damage|p2a: HONSE|58/100
|-heal|p1a: Amoonguss|77/100|[from] drain|[of] p2a: HONSE
|
|-heal|p2a: HONSE|64/100|[from] item: Leftovers
|upkeep
|turn|9
|
|t:|1657768672
|move|p2a: HONSE|Stealth Rock|p1a: Amoonguss
|-sidestart|p1: Peses222|move: Stealth Rock
|move|p1a: Amoonguss|Giga Drain|p2a: HONSE
|-resisted|p2a: HONSE
|-damage|p2a: HONSE|48/100
|-heal|p1a: Amoonguss|84/100|[from] drain|[of] p2a: HONSE
|
|-heal|p2a: HONSE|54/100|[from] item: Leftovers
|upkeep
|turn|10
|
|t:|1657768675
|move|p2a: HONSE|Volt Switch|p1a: Amoonguss
|-resisted|p1a: Amoonguss
|-damage|p1a: Amoonguss|78/100
|
|t:|1657768678
|switch|p2a: Bap|Crobat, F|100/100 slp|[from]move: Volt Switch
|move|p1a: Amoonguss|Foul Play|p2a: Bap
|-damage|p2a: Bap|65/100 slp
|
|upkeep
|turn|11
|
|t:|1657768691
|cant|p2a: Bap|slp
|move|p1a: Amoonguss|Foul Play|p2a: Bap
|-damage|p2a: Bap|32/100 slp
|
|upkeep
|turn|12
|
|t:|1657768698
|switch|p2a: HONSE|Cobalion|54/100
|move|p1a: Amoonguss|Foul Play|p2a: HONSE
|-resisted|p2a: HONSE
|-damage|p2a: HONSE|43/100
|-ability|p2a: HONSE|Justified|boost
|-boost|p2a: HONSE|atk|1
|
|-heal|p2a: HONSE|49/100|[from] item: Leftovers
|upkeep
|turn|13
|
|t:|1657768705
|switch|p1a: Chandelure|Chandelure, M, shiny|100/100
|move|p2a: HONSE|Volt Switch|p1a: Chandelure
|-damage|p1a: Chandelure|81/100
|
|t:|1657768710
|switch|p2a: Bork|Zygarde-10%|100/100|[from]move: Volt Switch
|-ability|p2a: Bork|Aura Break
|
|upkeep
|turn|14
|
|t:|1657768713
|switch|p1a: Mandibuzz|Mandibuzz, F|100/100
|move|p2a: Bork|Thousand Arrows|p1a: Mandibuzz
|-damage|p1a: Mandibuzz|63/100
|-start|p1a: Mandibuzz|Smack Down
|
|upkeep
|turn|15
|j| shell smash big no
|
|t:|1657768723
|move|p2a: Bork|Thousand Arrows|p1a: Mandibuzz
|-damage|p1a: Mandibuzz|26/100
|move|p1a: Mandibuzz|Roost|p1a: Mandibuzz
|-heal|p1a: Mandibuzz|76/100
|-singleturn|p1a: Mandibuzz|move: Roost
|
|upkeep
|turn|16
|
|t:|1657768731
|switch|p2a: HONSE|Cobalion|49/100
|move|p1a: Mandibuzz|U-turn|p2a: HONSE
|-resisted|p2a: HONSE
|-damage|p2a: HONSE|46/100
|
|t:|1657768735
|switch|p1a: Hydreigon|Hydreigon, F|100/100|[from]move: U-turn
|-damage|p1a: Hydreigon|88/100|[from] Stealth Rock
|
|-heal|p2a: HONSE|53/100|[from] item: Leftovers
|upkeep
|turn|17
|
|t:|1657768741
|move|p1a: Hydreigon|Fire Blast|p2a: HONSE
|-supereffective|p2a: HONSE
|-damage|p2a: HONSE|0 fnt
|faint|p2a: HONSE
|
|upkeep
|
|t:|1657768744
|switch|p2a: Bork|Zygarde-10%|100/100
|-ability|p2a: Bork|Aura Break
|turn|18
|
|t:|1657768767
|switch|p1a: Cobalion|Cobalion|100/100
|-damage|p1a: Cobalion|97/100|[from] Stealth Rock
|move|p2a: Bork|Outrage|p1a: Cobalion
|-resisted|p1a: Cobalion
|-damage|p1a: Cobalion|65/100
|-damage|p2a: Bork|84/100|[from] item: Rocky Helmet|[of] p1a: Cobalion
|
|upkeep
|turn|19
|
|t:|1657768770
|move|p2a: Bork|Outrage|p1a: Cobalion|[from]lockedmove
|-resisted|p1a: Cobalion
|-damage|p1a: Cobalion|34/100
|-damage|p2a: Bork|68/100|[from] item: Rocky Helmet|[of] p1a: Cobalion
|-start|p2a: Bork|confusion|[fatigue]
|move|p1a: Cobalion|Close Combat|p2a: Bork
|-damage|p2a: Bork|0 fnt
|-unboost|p1a: Cobalion|def|1
|-unboost|p1a: Cobalion|spd|1
|faint|p2a: Bork
|
|upkeep
|
|t:|1657768775
|switch|p2a: Washington|Rotom-Wash|100/100
|turn|20
|
|t:|1657768779
|move|p1a: Cobalion|Stealth Rock|p2a: Washington
|-sidestart|p2: Appleking123|move: Stealth Rock
|move|p2a: Washington|Hydro Pump|p1a: Cobalion|[miss]
|-miss|p2a: Washington|p1a: Cobalion
|
|upkeep
|turn|21
|-message|Appleking123 forfeited.
|
|win|Peses222
|raw|Peses222's rating: 1536 &rarr; <strong>1553</strong><br />(+17 for winning)
|raw|Appleking123's rating: 1489 &rarr; <strong>1472</strong><br />(-17 for losing)
|l|☆Appleking123
