|j|☆halux
|j|☆The Gabagool King
|t:|1667851720
|gametype|singles
|player|p1|halux|wattson|1413
|player|p2|The Gabagool King|1|1415
|teamsize|p1|6
|teamsize|p2|6
|gen|8
|tier|[Gen 8] UU
|rated|
|rule|Sleep Clause Mod: Limit one foe put to sleep
|rule|Species Clause: Limit one of each Pokémon
|rule|OHKO Clause: OHKO moves are banned
|rule|Evasion Items Clause: Evasion items are banned
|rule|Evasion Moves Clause: Evasion moves are banned
|rule|Endless Battle Clause: Forcing endless battles is banned
|rule|HP Percentage Mod: HP is shown in percentages
|rule|Dynamax Clause: You cannot dynamax
|clearpoke
|poke|p1|Azumarill, F|
|poke|p1|Azelf|
|poke|p1|Keldeo-Resolute|
|poke|p1|Hydreigon, F|
|poke|p1|Excadrill, M|
|poke|p1|Amoonguss, M|
|poke|p2|Tapu Bulu|
|poke|p2|Chansey, F|
|poke|p2|Conkeldurr, M|
|poke|p2|Excadrill, M|
|poke|p2|Azelf|
|poke|p2|Salamence, M|
|teampreview
|
|t:|1667851727
|start
|switch|p1a: fetus|Azelf|100/100
|switch|p2a: Tapu Bulu|Tapu Bulu|100/100
|-fieldstart|move: Grassy Terrain|[from] ability: Grassy Surge|[of] p2a: Tapu Bulu
|turn|1
|
|t:|1667851733
|move|p2a: Tapu Bulu|Horn Leech|p1a: fetus
|-damage|p1a: fetus|20/100
|move|p1a: fetus|Stealth Rock|p2a: Tapu Bulu
|-sidestart|p2: The Gabagool King|move: Stealth Rock
|
|upkeep
|turn|2
|
|t:|1667851743
|switch|p2a: Azelf|Azelf|100/100
|move|p1a: fetus|Knock Off|p2a: Azelf
|-supereffective|p2a: Azelf
|-damage|p2a: Azelf|0 fnt
|-enditem|p2a: Azelf|Heavy-Duty Boots|[from] move: Knock Off|[of] p1a: fetus
|faint|p2a: Azelf
|
|upkeep
|c|☆The Gabagool King|Why would you not go moonguss
|c|☆The Gabagool King|What in the fuck
|c|☆halux|cause you took too long to click
|
|t:|1667851774
|switch|p2a: Tapu Bulu|Tapu Bulu|100/100
|-damage|p2a: Tapu Bulu|88/100|[from] Stealth Rock
|turn|3
|
|t:|1667851777
|switch|p1a: Amoonguss|Amoonguss, M|100/100
|move|p2a: Tapu Bulu|Horn Leech|p1a: Amoonguss
|-resisted|p1a: Amoonguss
|-damage|p1a: Amoonguss|92/100
|-heal|p2a: Tapu Bulu|95/100|[from] drain|[of] p1a: Amoonguss
|-damage|p2a: Tapu Bulu|78/100|[from] item: Rocky Helmet|[of] p1a: Amoonguss
|
|-heal|p2a: Tapu Bulu|84/100|[from] Grassy Terrain
|-heal|p1a: Amoonguss|98/100|[from] Grassy Terrain
|upkeep
|turn|4
|
|t:|1667851782
|switch|p2a: Chansey|Chansey, F|100/100
|-damage|p2a: Chansey|88/100|[from] Stealth Rock
|move|p1a: Amoonguss|Spore|p2a: Chansey
|-status|p2a: Chansey|slp|[from] move: Spore
|
|-heal|p2a: Chansey|94/100 slp|[from] Grassy Terrain
|-heal|p1a: Amoonguss|100/100|[from] Grassy Terrain
|upkeep
|turn|5
|
|t:|1667851785
|-curestatus|p2a: Chansey|slp|[from] ability: Natural Cure
|switch|p2a: Conkeldurr|Conkeldurr, M|100/100
|-damage|p2a: Conkeldurr|95/100|[from] Stealth Rock
|switch|p1a: fetus|Azelf|20/100
|
|-heal|p2a: Conkeldurr|100/100|[from] Grassy Terrain
|-fieldend|move: Grassy Terrain
|-status|p2a: Conkeldurr|brn|[from] item: Flame Orb
|upkeep
|turn|6
|
|t:|1667851792
|switch|p1a: Egg|Azumarill, F|100/100
|move|p2a: Conkeldurr|Mach Punch|p1a: Egg
|-resisted|p1a: Egg
|-damage|p1a: Egg|81/100
|
|-damage|p2a: Conkeldurr|95/100 brn|[from] brn
|upkeep
|turn|7
|
|t:|1667851794
|switch|p2a: Tapu Bulu|Tapu Bulu|84/100
|-damage|p2a: Tapu Bulu|72/100|[from] Stealth Rock
|-fieldstart|move: Grassy Terrain|[from] ability: Grassy Surge|[of] p2a: Tapu Bulu
|move|p1a: Egg|Play Rough|p2a: Tapu Bulu
|-damage|p2a: Tapu Bulu|0 fnt
|faint|p2a: Tapu Bulu
|
|-heal|p1a: Egg|87/100|[from] Grassy Terrain
|upkeep
|
|t:|1667851802
|switch|p2a: Excadrill|Excadrill, M|100/100
|-damage|p2a: Excadrill|97/100|[from] Stealth Rock
|-ability|p2a: Excadrill|Mold Breaker
|turn|8
|
|t:|1667851810
|switch|p1a: Amoonguss|Amoonguss, M|100/100
|move|p2a: Excadrill|Stealth Rock|p1a: Amoonguss
|-sidestart|p1: halux|move: Stealth Rock
|
|-heal|p2a: Excadrill|100/100|[from] Grassy Terrain
|upkeep
|turn|9
|
|t:|1667851814
|switch|p2a: Chansey|Chansey, F|94/100
|-damage|p2a: Chansey|82/100|[from] Stealth Rock
|move|p1a: Amoonguss|Spore|p2a: Chansey
|-status|p2a: Chansey|slp|[from] move: Spore
|
|-heal|p2a: Chansey|88/100 slp|[from] Grassy Terrain
|upkeep
|turn|10
|
|t:|1667851818
|-curestatus|p2a: Chansey|slp|[from] ability: Natural Cure
|switch|p2a: Conkeldurr|Conkeldurr, M|95/100 brn
|-damage|p2a: Conkeldurr|89/100 brn|[from] Stealth Rock
|move|p1a: Amoonguss|Spore||[still]
|-fail|p1a: Amoonguss
|
|-heal|p2a: Conkeldurr|95/100 brn|[from] Grassy Terrain
|-damage|p2a: Conkeldurr|89/100 brn|[from] brn
|upkeep
|turn|11
|
|t:|1667851822
|move|p2a: Conkeldurr|Facade|p1a: Amoonguss
|-crit|p1a: Amoonguss
|-damage|p1a: Amoonguss|13/100
|-damage|p2a: Conkeldurr|72/100 brn|[from] item: Rocky Helmet|[of] p1a: Amoonguss
|move|p1a: Amoonguss|Sludge Bomb|p2a: Conkeldurr
|-damage|p2a: Conkeldurr|33/100 brn
|
|-heal|p2a: Conkeldurr|39/100 brn|[from] Grassy Terrain
|-heal|p1a: Amoonguss|19/100|[from] Grassy Terrain
|-damage|p2a: Conkeldurr|33/100 brn|[from] brn
|-fieldend|move: Grassy Terrain
|upkeep
|turn|12
|
|t:|1667851830
|switch|p1a: fetus|Azelf|20/100
|-damage|p1a: fetus|7/100|[from] Stealth Rock
|move|p2a: Conkeldurr|Close Combat|p1a: fetus
|-resisted|p1a: fetus
|-damage|p1a: fetus|0 fnt
|-unboost|p2a: Conkeldurr|def|1
|-unboost|p2a: Conkeldurr|spd|1
|faint|p1a: fetus
|
|-damage|p2a: Conkeldurr|27/100 brn|[from] brn
|upkeep
|
|t:|1667851832
|switch|p1a: Egg|Azumarill, F|87/100
|-damage|p1a: Egg|74/100|[from] Stealth Rock
|turn|13
|
|t:|1667851838
|move|p1a: Egg|Liquidation|p2a: Conkeldurr
|-damage|p2a: Conkeldurr|0 fnt
|faint|p2a: Conkeldurr
|
|upkeep
|
|t:|1667851841
|switch|p2a: Salamence|Salamence, M|100/100
|-ability|p2a: Salamence|Intimidate|boost
|-unboost|p1a: Egg|atk|1
|turn|14
|
|t:|1667851845
|switch|p1a: pica dura|Hydreigon, F|100/100
|-damage|p1a: pica dura|88/100|[from] Stealth Rock
|move|p2a: Salamence|Toxic|p1a: pica dura
|-status|p1a: pica dura|tox
|
|-damage|p1a: pica dura|82/100 tox|[from] psn
|upkeep
|turn|15
|
|t:|1667851848
|switch|p2a: Chansey|Chansey, F|88/100
|-damage|p2a: Chansey|75/100|[from] Stealth Rock
|move|p1a: pica dura|U-turn|p2a: Chansey
|-damage|p2a: Chansey|65/100
|
|t:|1667851854
|switch|p1a: Egg|Azumarill, F|74/100|[from]move: U-turn
|-damage|p1a: Egg|62/100|[from] Stealth Rock
|
|upkeep
|turn|16
|
|t:|1667851857
|move|p1a: Egg|Play Rough|p2a: Chansey
|-damage|p2a: Chansey|12/100
|move|p2a: Chansey|Soft-Boiled|p2a: Chansey
|-heal|p2a: Chansey|62/100
|
|upkeep
|turn|17
|
|t:|1667851861
|move|p1a: Egg|Play Rough|p2a: Chansey
|-damage|p2a: Chansey|8/100
|move|p2a: Chansey|Soft-Boiled|p2a: Chansey
|-heal|p2a: Chansey|58/100
|
|upkeep
|turn|18
|
|t:|1667851871
|switch|p1a: calculadora|Keldeo-Resolute|100/100
|-damage|p1a: calculadora|94/100|[from] Stealth Rock
|move|p2a: Chansey|Soft-Boiled|p2a: Chansey
|-heal|p2a: Chansey|100/100
|
|upkeep
|turn|19
|
|t:|1667851875
|switch|p2a: Salamence|Salamence, M|100/100
|-ability|p2a: Salamence|Intimidate|boost
|-unboost|p1a: calculadora|atk|1
|move|p1a: calculadora|Flip Turn|p2a: Salamence
|-resisted|p2a: Salamence
|-damage|p2a: Salamence|97/100
|
|t:|1667851878
|switch|p1a: pica dura|Hydreigon, F|82/100 tox|[from]move: Flip Turn
|-damage|p1a: pica dura|70/100 tox|[from] Stealth Rock
|
|-damage|p1a: pica dura|64/100 tox|[from] psn
|upkeep
|turn|20
|
|t:|1667851882
|switch|p2a: Excadrill|Excadrill, M|100/100
|-damage|p2a: Excadrill|97/100|[from] Stealth Rock
|-ability|p2a: Excadrill|Mold Breaker
|move|p1a: pica dura|U-turn|p2a: Excadrill
|-resisted|p2a: Excadrill
|-damage|p2a: Excadrill|86/100
|
|t:|1667851887
|switch|p1a: calculadora|Keldeo-Resolute|94/100|[from]move: U-turn
|-damage|p1a: calculadora|88/100|[from] Stealth Rock
|
|-heal|p2a: Excadrill|92/100|[from] item: Leftovers
|upkeep
|turn|21
|
|t:|1667851891
|switch|p2a: Salamence|Salamence, M|97/100
|-ability|p2a: Salamence|Intimidate|boost
|-unboost|p1a: calculadora|atk|1
|move|p1a: calculadora|Hydro Pump|p2a: Salamence
|-resisted|p2a: Salamence
|-damage|p2a: Salamence|53/100
|
|upkeep
|turn|22
|
|t:|1667851893
|move|p1a: calculadora|Hydro Pump|p2a: Salamence
|-resisted|p2a: Salamence
|-damage|p2a: Salamence|5/100
|move|p2a: Salamence|Roost|p2a: Salamence
|-heal|p2a: Salamence|55/100
|-singleturn|p2a: Salamence|move: Roost
|
|upkeep
|turn|23
|
|t:|1667851898
|switch|p1a: Amoonguss|Amoonguss, M|52/100
|-damage|p1a: Amoonguss|40/100|[from] Stealth Rock
|move|p2a: Salamence|Roost|p2a: Salamence
|-heal|p2a: Salamence|100/100
|-singleturn|p2a: Salamence|move: Roost
|
|upkeep
|turn|24
|
|t:|1667851901
|move|p2a: Salamence|Flamethrower|p1a: Amoonguss
|-supereffective|p1a: Amoonguss
|-damage|p1a: Amoonguss|0 fnt
|faint|p1a: Amoonguss
|
|upkeep
|
|t:|1667851911
|switch|p1a: Egg|Azumarill, F|62/100
|-damage|p1a: Egg|50/100|[from] Stealth Rock
|turn|25
|
|t:|1667851919
|move|p2a: Salamence|Toxic|p1a: Egg
|-status|p1a: Egg|tox
|move|p1a: Egg|Play Rough|p2a: Salamence
|-supereffective|p2a: Salamence
|-damage|p2a: Salamence|0 fnt
|faint|p2a: Salamence
|
|-damage|p1a: Egg|44/100 tox|[from] psn
|upkeep
|
|t:|1667851924
|switch|p2a: Excadrill|Excadrill, M|92/100
|-damage|p2a: Excadrill|89/100|[from] Stealth Rock
|-ability|p2a: Excadrill|Mold Breaker
|turn|26
|
|t:|1667851928
|move|p2a: Excadrill|Rapid Spin|p1a: Egg
|-damage|p1a: Egg|23/100 tox
|-boost|p2a: Excadrill|spe|1
|-sideend|p2: The Gabagool King|Stealth Rock|[from] move: Rapid Spin|[of] p2a: Excadrill
|move|p1a: Egg|Play Rough|p2a: Excadrill
|-resisted|p2a: Excadrill
|-damage|p2a: Excadrill|28/100
|
|-heal|p2a: Excadrill|34/100|[from] item: Leftovers
|-damage|p1a: Egg|11/100 tox|[from] psn
|upkeep
|turn|27
|
|t:|1667851935
|move|p2a: Excadrill|Rapid Spin|p1a: Egg
|-damage|p1a: Egg|0 fnt
|-boost|p2a: Excadrill|spe|1
|faint|p1a: Egg
|
|-heal|p2a: Excadrill|40/100|[from] item: Leftovers
|upkeep
|
|t:|1667851940
|switch|p1a: calculadora|Keldeo-Resolute|88/100
|-damage|p1a: calculadora|82/100|[from] Stealth Rock
|turn|28
|
|t:|1667851945
|move|p2a: Excadrill|Iron Head|p1a: calculadora
|-resisted|p1a: calculadora
|-damage|p1a: calculadora|57/100
|cant|p1a: calculadora|flinch
|
|-heal|p2a: Excadrill|46/100|[from] item: Leftovers
|upkeep
|turn|29
|
|t:|1667851948
|move|p2a: Excadrill|Earthquake|p1a: calculadora
|-damage|p1a: calculadora|0 fnt
|faint|p1a: calculadora
|
|-heal|p2a: Excadrill|53/100|[from] item: Leftovers
|upkeep
|
|t:|1667851954
|switch|p1a: UU?|Excadrill, M|100/100
|-damage|p1a: UU?|97/100|[from] Stealth Rock
|-ability|p1a: UU?|Mold Breaker
|turn|30
|
|t:|1667851956
|move|p2a: Excadrill|Earthquake|p1a: UU?
|-supereffective|p1a: UU?
|-damage|p1a: UU?|0 fnt
|faint|p1a: UU?
|
|-heal|p2a: Excadrill|59/100|[from] item: Leftovers
|upkeep
|
|t:|1667851958
|switch|p1a: pica dura|Hydreigon, F|64/100 tox
|-damage|p1a: pica dura|51/100 tox|[from] Stealth Rock
|turn|31
|c|☆The Gabagool King|Get. Annihilated
|
|t:|1667851969
|move|p2a: Excadrill|Iron Head|p1a: pica dura
|-damage|p1a: pica dura|2/100 tox
|move|p1a: pica dura|Flamethrower|p2a: Excadrill
|-supereffective|p2a: Excadrill
|-damage|p2a: Excadrill|0 fnt
|faint|p2a: Excadrill
|
|-damage|p1a: pica dura|0 fnt|[from] psn
|faint|p1a: pica dura
|
|win|The Gabagool King
|upkeep
|raw|halux's rating: 1413 &rarr; <strong>1393</strong><br />(-20 for losing)
|raw|The Gabagool King's rating: 1415 &rarr; <strong>1435</strong><br />(+20 for winning)
|c|☆halux|so true bestie
|c|☆The Gabagool King|Exca body count
|c|☆halux|so high
|l|☆The Gabagool King
||Ladder isn't responding, score probably updated but might not have (Request timeout).
