|j|☆esqimo589
|j|☆Frostytheswoleman
|t:|1666177126
|gametype|singles
|player|p1|esqimo589|n|1396
|player|p2|Frostytheswoleman|brawly|1351
|teamsize|p1|6
|teamsize|p2|6
|gen|8
|tier|[Gen 8] UU
|rated|
|rule|Sleep Clause Mod: Limit one foe put to sleep
|rule|Species Clause: Limit one of each Pokémon
|rule|OHKO Clause: OHKO moves are banned
|rule|Evasion Items Clause: Evasion items are banned
|rule|Evasion Moves Clause: Evasion moves are banned
|rule|Endless Battle Clause: Forcing endless battles is banned
|rule|HP Percentage Mod: HP is shown in percentages
|rule|Dynamax Clause: You cannot dynamax
|clearpoke
|poke|p1|Chandelure, F|
|poke|p1|Raikou|
|poke|p1|Cobalion|
|poke|p1|Tangrowth, F|
|poke|p1|Excadrill, M|
|poke|p1|Salamence, M|
|poke|p2|Sneasel, F|
|poke|p2|Nidoqueen, F|
|poke|p2|Necrozma|
|poke|p2|Porygon-Z|
|poke|p2|Noivern, F|
|poke|p2|Milotic, F|
|teampreview
|inactive|Battle timer is ON: inactive players will automatically lose when time's up. (requested by esqimo589)
|
|t:|1666177138
|start
|switch|p1a: doge|Raikou|100/100
|switch|p2a: Glitch|Porygon-Z, shiny|100/100
|turn|1
|
|t:|1666177151
|move|p1a: doge|Aura Sphere|p2a: Glitch
|-supereffective|p2a: Glitch
|-damage|p2a: Glitch|34/100
|move|p2a: Glitch|Tri Attack|p1a: doge
|-damage|p1a: doge|10/100
|
|upkeep
|turn|2
|
|t:|1666177160
|switch|p2a: Nocturna|Noivern, F, shiny|100/100
|-item|p1a: doge|Heavy-Duty Boots|[from] ability: Frisk|[of] p2a: Nocturna|[identify]
|move|p1a: doge|Thunderbolt|p2a: Nocturna
|-damage|p2a: Nocturna|40/100
|
|upkeep
|turn|3
|
|t:|1666177166
|switch|p1a: the goat|Cobalion|100/100
|move|p2a: Nocturna|U-turn|p1a: the goat
|-resisted|p1a: the goat
|-damage|p1a: the goat|98/100
|-damage|p2a: Nocturna|23/100|[from] item: Rocky Helmet|[of] p1a: the goat
|
|t:|1666177179
|switch|p2a: .Bella|Nidoqueen, F|100/100|[from]move: U-turn
|
|upkeep
|turn|4
|
|t:|1666177192
|switch|p1a: tangrussy|Tangrowth, F|100/100
|move|p2a: .Bella|Stealth Rock|p1a: tangrussy
|-sidestart|p1: esqimo589|move: Stealth Rock
|
|upkeep
|turn|5
|
|t:|1666177197
|move|p2a: .Bella|Sludge Wave|p1a: tangrussy
|-supereffective|p1a: tangrussy
|-damage|p1a: tangrussy|25/100
|move|p1a: tangrussy|Earthquake|p2a: .Bella
|-supereffective|p2a: .Bella
|-damage|p2a: .Bella|51/100
|
|upkeep
|turn|6
|
|t:|1666177209
|move|p2a: .Bella|Earth Power|p1a: tangrussy
|-resisted|p1a: tangrussy
|-damage|p1a: tangrussy|5/100
|move|p1a: tangrussy|Earthquake|p2a: .Bella
|-supereffective|p2a: .Bella
|-damage|p2a: .Bella|2/100
|
|upkeep
|turn|7
|
|t:|1666177216
|switch|p1a: the goat|Cobalion|98/100
|-damage|p1a: the goat|95/100|[from] Stealth Rock
|move|p2a: .Bella|Flamethrower|p1a: the goat
|-supereffective|p1a: the goat
|-damage|p1a: the goat|0 fnt
|faint|p1a: the goat
|
|upkeep
|
|t:|1666177224
|switch|p1a: mole|Excadrill, M|100/100
|-damage|p1a: mole|97/100|[from] Stealth Rock
|-ability|p1a: mole|Mold Breaker
|turn|8
|
|t:|1666177229
|switch|p2a: Kitkallos|Milotic, F, shiny|100/100
|move|p1a: mole|Rapid Spin|p2a: Kitkallos
|-damage|p2a: Kitkallos|89/100
|-boost|p1a: mole|spe|1
|-sideend|p1: esqimo589|Stealth Rock|[from] move: Rapid Spin|[of] p1a: mole
|
|-heal|p1a: mole|100/100|[from] item: Leftovers
|-status|p2a: Kitkallos|brn|[from] item: Flame Orb
|upkeep
|turn|9
|
|t:|1666177239
|switch|p1a: tangrussy|Tangrowth, F|38/100
|move|p2a: Kitkallos|Flip Turn|p1a: tangrussy
|-resisted|p1a: tangrussy
|-damage|p1a: tangrussy|36/100
|
|t:|1666177251
|switch|p2a: Narga|Sneasel, F, shiny|100/100|[from]move: Flip Turn
|
|upkeep
|turn|10
|
|t:|1666177265
|switch|p1a: whiteeyesbluedrag|Salamence, M|100/100
|-ability|p1a: whiteeyesbluedrag|Intimidate|boost
|-fail|p2a: Narga|unboost|Attack|[from] ability: Inner Focus|[of] p2a: Narga
|move|p2a: Narga|Triple Axel|p1a: whiteeyesbluedrag
|-supereffective|p1a: whiteeyesbluedrag
|-damage|p1a: whiteeyesbluedrag|60/100
|-supereffective|p1a: whiteeyesbluedrag
|-damage|p1a: whiteeyesbluedrag|0 fnt
|faint|p1a: whiteeyesbluedrag
|-hitcount|p1: whiteeyesbluedrag|2
|-damage|p2a: Narga|91/100|[from] item: Life Orb
|
|upkeep
|-message|esqimo589 forfeited.
|
|win|Frostytheswoleman
|raw|esqimo589's rating: 1396 &rarr; <strong>1373</strong><br />(-23 for losing)
|raw|Frostytheswoleman's rating: 1351 &rarr; <strong>1374</strong><br />(+23 for winning)
|l|☆esqimo589
||Ladder isn't responding, score probably updated but might not have (Request timeout).
