|j|☆RichardMillePlain
|j|☆Mimilucha
|inactive|Battle timer is ON: inactive players will automatically lose when time's up.
|t:|1665243958
|gametype|singles
|player|p1|RichardMillePlain|102|
|player|p2|Mimilucha|ethan-masters|
|teamsize|p1|6
|teamsize|p2|6
|gen|8
|tier|[Gen 8] UU
|rated|Tournament battle
|rule|Sleep Clause Mod: Limit one foe put to sleep
|rule|Species Clause: Limit one of each Pokémon
|rule|OHKO Clause: OHKO moves are banned
|rule|Evasion Items Clause: Evasion items are banned
|rule|Evasion Moves Clause: Evasion moves are banned
|rule|Endless Battle Clause: Forcing endless battles is banned
|rule|HP Percentage Mod: HP is shown in percentages
|rule|Dynamax Clause: You cannot dynamax
|clearpoke
|poke|p1|Excadrill, M|
|poke|p1|Celesteela|
|poke|p1|Gyarados, M|
|poke|p1|Scizor, F|
|poke|p1|Azelf|
|poke|p1|Keldeo-Resolute|
|poke|p2|Regieleki|
|poke|p2|Cobalion|
|poke|p2|Diggersby, M|
|poke|p2|Primarina, F|
|poke|p2|Salamence, M|
|poke|p2|Slowbro-Galar, F|
|teampreview
|inactive|Mimilucha also wants the timer to be on.
|j|@Kabilapok ❄
|j| tf
|j| Volcaronium
|j| lvbg1
|
|t:|1665243978
|start
|switch|p1a: Azelf|Azelf|100/100
|switch|p2a: Cobalion|Cobalion|100/100
|turn|1
|j|+kino
|
|t:|1665243983
|switch|p2a: Slowbro|Slowbro-Galar, F|100/100
|move|p1a: Azelf|Flamethrower|p2a: Slowbro
|-damage|p2a: Slowbro|81/100
|
|upkeep
|turn|2
|
|t:|1665243988
|move|p1a: Azelf|Nasty Plot|p1a: Azelf
|-boost|p1a: Azelf|spa|2
|move|p2a: Slowbro|Flamethrower|p1a: Azelf
|-damage|p1a: Azelf|63/100
|
|upkeep
|turn|3
|
|t:|1665243993
|move|p1a: Azelf|Psyshock|p2a: Slowbro
|-damage|p2a: Slowbro|18/100
|move|p2a: Slowbro|Shell Side Arm|p1a: Azelf|[anim] Shell Side Arm Special
|-damage|p1a: Azelf|10/100
|-hint|Special Shell Side Arm
|-status|p1a: Azelf|psn
|
|-damage|p1a: Azelf|0 fnt|[from] psn
|faint|p1a: Azelf
|upkeep
|c|+kino|c quoi ton in rotom wash mimi
|c|+kino|c QUOI
|
|t:|1665243999
|switch|p1a: Excadrill|Excadrill, M|100/100
|-ability|p1a: Excadrill|Mold Breaker
|turn|4
|c|+kino|oh la luck du mec
|c|☆Mimilucha|c'est feu r
|c|+kino|j'en peux plus
|
|t:|1665244014
|move|p1a: Excadrill|Stealth Rock|p2a: Slowbro
|-sidestart|p2: Mimilucha|move: Stealth Rock
|move|p2a: Slowbro|Flamethrower|p1a: Excadrill
|-supereffective|p1a: Excadrill
|-damage|p1a: Excadrill|35/100
|
|upkeep
|turn|5
|c|+kino|feu r
|
|t:|1665244018
|switch|p2a: Salamence|Salamence, M|100/100
|-ability|p2a: Salamence|Intimidate|boost
|-unboost|p1a: Excadrill|atk|1
|move|p1a: Excadrill|Rock Tomb|p2a: Salamence
|-supereffective|p2a: Salamence
|-damage|p2a: Salamence|80/100
|-unboost|p2a: Salamence|spe|1
|
|upkeep
|turn|6
|
|t:|1665244022
|switch|p1a: Gyarados|Gyarados, M|100/100
|move|p2a: Salamence|Defog|p1a: Gyarados
|-unboost|p1a: Gyarados|evasion|1
|-sideend|p2: Mimilucha|Stealth Rock|[from] move: Defog|[of] p2a: Salamence
|
|upkeep
|turn|7
|
|t:|1665244026
|switch|p2a: Cobalion|Cobalion|100/100
|move|p1a: Gyarados|Waterfall|p2a: Cobalion
|-damage|p2a: Cobalion|57/100
|-damage|p1a: Gyarados|84/100|[from] item: Rocky Helmet|[of] p2a: Cobalion
|
|upkeep
|turn|8
|
|t:|1665244035
|switch|p1a: Excadrill|Excadrill, M|35/100
|-ability|p1a: Excadrill|Mold Breaker
|move|p2a: Cobalion|Stealth Rock|p1a: Excadrill
|-sidestart|p1: RichardMillePlain|move: Stealth Rock
|
|upkeep
|turn|9
|
|t:|1665244039
|switch|p1a: Keldeo|Keldeo-Resolute|100/100
|-damage|p1a: Keldeo|94/100|[from] Stealth Rock
|move|p2a: Cobalion|Close Combat|p1a: Keldeo
|-damage|p1a: Keldeo|42/100
|-unboost|p2a: Cobalion|def|1
|-unboost|p2a: Cobalion|spd|1
|
|-heal|p1a: Keldeo|48/100|[from] item: Leftovers
|upkeep
|turn|10
|j|%SpooKiQ
|
|t:|1665244041
|switch|p2a: Primarina|Primarina, F|100/100
|move|p1a: Keldeo|Secret Sword|p2a: Primarina
|-resisted|p2a: Primarina
|-damage|p2a: Primarina|73/100
|
|-heal|p1a: Keldeo|54/100|[from] item: Leftovers
|-heal|p2a: Primarina|79/100|[from] item: Leftovers
|upkeep
|turn|11
|
|t:|1665244046
|move|p1a: Keldeo|Scald|p2a: Primarina
|-resisted|p2a: Primarina
|-damage|p2a: Primarina|58/100
|move|p2a: Primarina|Substitute|p2a: Primarina
|-start|p2a: Primarina|Substitute
|-damage|p2a: Primarina|33/100
|
|-heal|p1a: Keldeo|61/100|[from] item: Leftovers
|-heal|p2a: Primarina|39/100|[from] item: Leftovers
|upkeep
|turn|12
|
|t:|1665244049
|move|p1a: Keldeo|Calm Mind|p1a: Keldeo
|-boost|p1a: Keldeo|spa|1
|-boost|p1a: Keldeo|spd|1
|move|p2a: Primarina|Moonblast|p1a: Keldeo
|-supereffective|p1a: Keldeo
|-damage|p1a: Keldeo|0 fnt
|faint|p1a: Keldeo
|
|-heal|p2a: Primarina|45/100|[from] item: Leftovers
|upkeep
|
|t:|1665244051
|switch|p1a: Scizor|Scizor, F|100/100
|-damage|p1a: Scizor|88/100|[from] Stealth Rock
|turn|13
|
|t:|1665244053
|move|p1a: Scizor|Bullet Punch|p2a: Primarina
|-end|p2a: Primarina|Substitute
|-damage|p1a: Scizor|78/100|[from] item: Life Orb
|move|p2a: Primarina|Scald|p1a: Scizor
|-crit|p1a: Scizor
|-damage|p1a: Scizor|0 fnt
|faint|p1a: Scizor
|
|-heal|p2a: Primarina|51/100|[from] item: Leftovers
|upkeep
|
|t:|1665244055
|switch|p1a: Celesteela|Celesteela|100/100
|-damage|p1a: Celesteela|88/100|[from] Stealth Rock
|turn|14
|
|t:|1665244058
|move|p1a: Celesteela|Autotomize|p1a: Celesteela
|-boost|p1a: Celesteela|spe|2
|-start|p1a: Celesteela|Autotomize
|move|p2a: Primarina|Scald|p1a: Celesteela
|-damage|p1a: Celesteela|45/100
|
|-heal|p2a: Primarina|57/100|[from] item: Leftovers
|upkeep
|turn|15
|j| ChaFouu
|
|t:|1665244060
|move|p1a: Celesteela|Meteor Beam||[still]
|-prepare|p1a: Celesteela|Meteor Beam
|-boost|p1a: Celesteela|spa|1
|-enditem|p1a: Celesteela|Power Herb
|-anim|p1a: Celesteela|Meteor Beam|p2a: Primarina|[miss]
|-miss|p1a: Celesteela|p2a: Primarina
|move|p2a: Primarina|Scald|p1a: Celesteela
|-damage|p1a: Celesteela|0 fnt
|faint|p1a: Celesteela
|
|-heal|p2a: Primarina|63/100|[from] item: Leftovers
|upkeep
|l| ChaFouu
|
|t:|1665244063
|switch|p1a: Excadrill|Excadrill, M|35/100
|-damage|p1a: Excadrill|32/100|[from] Stealth Rock
|-ability|p1a: Excadrill|Mold Breaker
|turn|16
|
|t:|1665244066
|move|p1a: Excadrill|Rapid Spin|p2a: Primarina
|-damage|p2a: Primarina|38/100
|-boost|p1a: Excadrill|spe|1
|-sideend|p1: RichardMillePlain|Stealth Rock|[from] move: Rapid Spin|[of] p1a: Excadrill
|move|p2a: Primarina|Scald|p1a: Excadrill
|-supereffective|p1a: Excadrill
|-damage|p1a: Excadrill|0 fnt
|faint|p1a: Excadrill
|
|-heal|p2a: Primarina|44/100|[from] item: Leftovers
|upkeep
|
|t:|1665244068
|switch|p1a: Gyarados|Gyarados, M|84/100
|turn|17
|c|+kino|mdr la luck du mec
|c|+kino|jpep
|
|t:|1665244071
|move|p1a: Gyarados|Dragon Dance|p1a: Gyarados
|-boost|p1a: Gyarados|atk|1
|-boost|p1a: Gyarados|spe|1
|move|p2a: Primarina|Moonblast|p1a: Gyarados
|-damage|p1a: Gyarados|28/100
|
|-heal|p2a: Primarina|50/100|[from] item: Leftovers
|upkeep
|turn|18
|
|t:|1665244074
|switch|p2a: Cobalion|Cobalion|57/100
|move|p1a: Gyarados|Power Whip|p2a: Cobalion
|-resisted|p2a: Cobalion
|-damage|p2a: Cobalion|27/100
|-damage|p1a: Gyarados|11/100|[from] item: Rocky Helmet|[of] p2a: Cobalion
|
|upkeep
|turn|19
|c|☆Mimilucha|honteux
|
|t:|1665244079
|move|p1a: Gyarados|Waterfall|p2a: Cobalion
|-damage|p2a: Cobalion|0 fnt
|-damage|p1a: Gyarados|0 fnt|[from] item: Rocky Helmet|[of] p2a: Cobalion
|faint|p2a: Cobalion
|faint|p1a: Gyarados
|
|win|Mimilucha
|n|☆RichardMillePlain|richardmilleplain
|n|☆Mimilucha|mimilucha
|n| Kabilapok ❄|kabilapok
|n| tf|tf
|n| Volcaronium|volcaronium
|n| lvbg1|lvbg1
|n|+kino|kino
|n| SpooKiQ|spookiq
