|j|☆Lucasnomie
|j|☆what if tho
|player|p1|Lucasnomie|caitlin|1196
|player|p2|what if tho|1|1320
|teamsize|p1|6
|teamsize|p2|6
|gametype|singles
|gen|8
|tier|[Gen 8] UU
|rated|
|clearpoke
|poke|p1|Umbreon, M|
|poke|p1|Noivern, F|
|poke|p1|Lucario, M|
|poke|p1|Chandelure, M|
|poke|p1|Haxorus, M|
|poke|p1|Gardevoir, M|
|poke|p2|Gyarados, M|
|poke|p2|Toxtricity, M|
|poke|p2|Rotom-Mow|
|poke|p2|Incineroar, F|
|poke|p2|Cobalion|
|poke|p2|Avalugg, M|
|rule|Sleep Clause Mod: Limit one foe put to sleep
|rule|Species Clause: Limit one of each Pokémon
|rule|OHKO Clause: OHKO moves are banned
|rule|Evasion Moves Clause: Evasion moves are banned
|rule|Endless Battle Clause: Forcing endless battles is banned
|rule|HP Percentage Mod: HP is shown in percentages
|rule|Dynamax Clause: You cannot dynamax
|teampreview
|
|start
|switch|p1a: Noivern|Noivern, F, shiny|100/100
|switch|p2a: Rotom|Rotom-Mow|100/100
|turn|1
|
|move|p2a: Rotom|Volt Switch|p1a: Noivern
|-damage|p1a: Noivern|62/100
|
|switch|p2a: Incineroar|Incineroar, F|100/100|[from]move: Volt Switch
|-ability|p2a: Incineroar|Intimidate|boost
|-unboost|p1a: Noivern|atk|1
|move|p1a: Noivern|Flamethrower|p2a: Incineroar
|-resisted|p2a: Incineroar
|-damage|p2a: Incineroar|92/100
|
|upkeep
|turn|2
|
|move|p2a: Incineroar|Fake Out|p1a: Noivern
|-damage|p1a: Noivern|42/100
|cant|p1a: Noivern|flinch
|
|upkeep
|turn|3
|
|move|p1a: Noivern|Draco Meteor|p2a: Incineroar
|-damage|p2a: Incineroar|58/100
|-unboost|p1a: Noivern|spa|2
|move|p2a: Incineroar|Knock Off|p1a: Noivern
|-damage|p1a: Noivern|0 fnt
|-enditem|p1a: Noivern|Focus Sash|[from] move: Knock Off|[of] p2a: Incineroar
|faint|p1a: Noivern
|
|upkeep
|
|switch|p1a: Lucario|Lucario, M, shiny|100/100
|turn|4
|
|switch|p2a: Gyarados|Gyarados, M|100/100
|move|p1a: Lucario|Close Combat|p2a: Gyarados
|-resisted|p2a: Gyarados
|-crit|p2a: Gyarados
|-damage|p2a: Gyarados|30/100
|-unboost|p1a: Lucario|def|1
|-unboost|p1a: Lucario|spd|1
|-damage|p1a: Lucario|91/100|[from] item: Life Orb
|
|upkeep
|turn|5
|
|move|p1a: Lucario|Extreme Speed|p2a: Gyarados
|-damage|p2a: Gyarados|0 fnt
|-damage|p1a: Lucario|81/100|[from] item: Life Orb
|faint|p2a: Gyarados
|
|upkeep
|
|switch|p2a: Cobalion|Cobalion|100/100
|turn|6
|
|switch|p1a: Chandelure|Chandelure, M, shiny|100/100
|move|p2a: Cobalion|Swords Dance|p2a: Cobalion
|-boost|p2a: Cobalion|atk|2
|
|upkeep
|turn|7
|
|move|p1a: Chandelure|Flamethrower|p2a: Cobalion
|-supereffective|p2a: Cobalion
|-damage|p2a: Cobalion|0 fnt
|faint|p2a: Cobalion
|
|upkeep
|
|switch|p2a: Incineroar|Incineroar, F|58/100
|-ability|p2a: Incineroar|Intimidate|boost
|-unboost|p1a: Chandelure|atk|1
|turn|8
|
|switch|p1a: Lucario|Lucario, M, shiny|81/100
|move|p2a: Incineroar|Flare Blitz|p1a: Lucario
|-supereffective|p1a: Lucario
|-damage|p1a: Lucario|0 fnt
|-damage|p2a: Incineroar|39/100|[from] Recoil
|faint|p1a: Lucario
|
|upkeep
|
|switch|p1a: Gardevoir|Gardevoir, M, shiny|100/100
|-ability|p1a: Gardevoir|Intimidate|[from] ability: Trace|[of] p2a: Incineroar
|-ability|p1a: Gardevoir|Intimidate|boost
|-unboost|p2a: Incineroar|atk|1
|turn|9
|
|move|p1a: Gardevoir|Moonblast|p2a: Incineroar
|-damage|p2a: Incineroar|0 fnt
|faint|p2a: Incineroar
|
|upkeep
|
|switch|p2a: Toxtricity|Toxtricity, M|100/100
|turn|10
|
|switch|p1a: Umbreon|Umbreon, M, shiny|100/100
|move|p2a: Toxtricity|Shift Gear|p2a: Toxtricity
|-boost|p2a: Toxtricity|spe|2
|-boost|p2a: Toxtricity|atk|1
|
|upkeep
|turn|11
|
|move|p2a: Toxtricity|Boomburst|p1a: Umbreon
|-damage|p1a: Umbreon|65/100
|-enditem|p2a: Toxtricity|Throat Spray
|-boost|p2a: Toxtricity|spa|1|[from] item: Throat Spray
|move|p1a: Umbreon|Foul Play|p2a: Toxtricity
|-damage|p2a: Toxtricity|39/100
|
|-heal|p1a: Umbreon|72/100|[from] item: Leftovers
|upkeep
|turn|12
|
|move|p2a: Toxtricity|Boomburst|p1a: Umbreon
|-damage|p1a: Umbreon|20/100
|move|p1a: Umbreon|Foul Play|p2a: Toxtricity
|-damage|p2a: Toxtricity|0 fnt
|faint|p2a: Toxtricity
|
|-heal|p1a: Umbreon|26/100|[from] item: Leftovers
|upkeep
|
|switch|p2a: Rotom|Rotom-Mow|100/100
|turn|13
|
|move|p2a: Rotom|Thunderbolt|p1a: Umbreon
|-damage|p1a: Umbreon|0 fnt
|faint|p1a: Umbreon
|
|upkeep
|
|switch|p1a: Chandelure|Chandelure, M, shiny|100/100
|turn|14
|
|move|p2a: Rotom|Thunderbolt|p1a: Chandelure
|-damage|p1a: Chandelure|48/100
|move|p1a: Chandelure|Flamethrower|p2a: Rotom
|-supereffective|p2a: Rotom
|-damage|p2a: Rotom|0 fnt
|faint|p2a: Rotom
|
|upkeep
|
|switch|p2a: Avalugg|Avalugg, M|100/100
|turn|15
|
|move|p1a: Chandelure|Flamethrower|p2a: Avalugg
|-supereffective|p2a: Avalugg
|-crit|p2a: Avalugg
|-ability|p2a: Avalugg|Sturdy
|-damage|p2a: Avalugg|1/100
|move|p2a: Avalugg|Recover|p2a: Avalugg
|-heal|p2a: Avalugg|51/100
|
|-heal|p2a: Avalugg|57/100|[from] item: Leftovers
|upkeep
|turn|16
|
|move|p1a: Chandelure|Flamethrower|p2a: Avalugg
|-supereffective|p2a: Avalugg
|-damage|p2a: Avalugg|0 fnt
|faint|p2a: Avalugg
|
|win|Lucasnomie
