|j|☆kwesty
|j|☆GryphonEx
|t:|1667268624
|gametype|singles
|player|p1|kwesty|hexmaniac-gen6|1304
|player|p2|GryphonEx|170|1542
|teamsize|p1|6
|teamsize|p2|6
|gen|8
|tier|[Gen 8] UU
|rated|
|rule|Sleep Clause Mod: Limit one foe put to sleep
|rule|Species Clause: Limit one of each Pokémon
|rule|OHKO Clause: OHKO moves are banned
|rule|Evasion Items Clause: Evasion items are banned
|rule|Evasion Moves Clause: Evasion moves are banned
|rule|Endless Battle Clause: Forcing endless battles is banned
|rule|HP Percentage Mod: HP is shown in percentages
|rule|Dynamax Clause: You cannot dynamax
|clearpoke
|poke|p1|Chandelure, M|
|poke|p1|Scizor, M|
|poke|p1|Azumarill, F|
|poke|p1|Gyarados, F|
|poke|p1|Keldeo-Resolute|
|poke|p1|Excadrill, M|
|poke|p2|Hydreigon, F|
|poke|p2|Crawdaunt, F|
|poke|p2|Gyarados, F|
|poke|p2|Salamence, F|
|poke|p2|Chansey, F|
|poke|p2|Corsola-Galar, M|
|teampreview
|inactive|Battle timer is ON: inactive players will automatically lose when time's up. (requested by kwesty)
|c|☆kwesty|1500+ wowies
|c|☆GryphonEx|Good luck
|c|☆kwesty|wait its gryphonex
|c|☆kwesty|i know you but idk how
|inactive|GryphonEx has 120 seconds left.
|c|☆GryphonEx|Am I slur for using corsola?
|
|t:|1667268663
|start
|switch|p1a: Excadrill|Excadrill, M|100/100
|switch|p2a: Gateskeeper|Hydreigon, F|100/100
|-ability|p1a: Excadrill|Mold Breaker
|turn|1
|c|☆kwesty|ur weird for it for sure
|
|t:|1667268673
|move|p2a: Gateskeeper|Flamethrower|p1a: Excadrill
|-supereffective|p1a: Excadrill
|-enditem|p1a: Excadrill|Focus Sash
|-damage|p1a: Excadrill|1/100
|move|p1a: Excadrill|Rock Tomb|p2a: Gateskeeper
|-damage|p2a: Gateskeeper|75/100
|-unboost|p2a: Gateskeeper|spe|1
|
|upkeep
|turn|2
|
|t:|1667268678
|move|p1a: Excadrill|Stealth Rock|p2a: Gateskeeper
|-sidestart|p2: GryphonEx|move: Stealth Rock
|move|p2a: Gateskeeper|Flamethrower|p1a: Excadrill
|-supereffective|p1a: Excadrill
|-damage|p1a: Excadrill|0 fnt
|faint|p1a: Excadrill
|
|upkeep
|
|t:|1667268682
|switch|p1a: Gyarados|Gyarados, F|100/100
|turn|3
|
|t:|1667268685
|switch|p2a: If you switch conk|Corsola-Galar, M|100/100
|-damage|p2a: If you switch conk|88/100|[from] Stealth Rock
|move|p1a: Gyarados|Dragon Dance|p1a: Gyarados
|-boost|p1a: Gyarados|atk|1
|-boost|p1a: Gyarados|spe|1
|
|upkeep
|turn|4
|
|t:|1667268688
|move|p1a: Gyarados|Dragon Dance|p1a: Gyarados
|-boost|p1a: Gyarados|atk|1
|-boost|p1a: Gyarados|spe|1
|move|p2a: If you switch conk|Strength Sap|p1a: Gyarados
|-unboost|p1a: Gyarados|atk|1
|-heal|p2a: If you switch conk|100/100
|
|upkeep
|turn|5
|
|t:|1667268694
|move|p1a: Gyarados|Waterfall|p2a: If you switch conk
|-damage|p2a: If you switch conk|50/100
|move|p2a: If you switch conk|Strength Sap|p1a: Gyarados
|-unboost|p1a: Gyarados|atk|1
|-heal|p2a: If you switch conk|100/100
|
|upkeep
|turn|6
|c|☆kwesty|:(
|
|t:|1667268699
|switch|p1a: Chandelure|Chandelure, M|100/100
|move|p2a: If you switch conk|Will-O-Wisp|p1a: Chandelure
|-start|p1a: Chandelure|ability: Flash Fire
|
|upkeep
|turn|7
|
|t:|1667268704
|switch|p2a: Corsola-Kanye|Chansey, F|100/100
|-damage|p2a: Corsola-Kanye|88/100|[from] Stealth Rock
|move|p1a: Chandelure|Trick|p2a: Corsola-Kanye
|-activate|p1a: Chandelure|move: Trick|[of] p2a: Corsola-Kanye
|-item|p2a: Corsola-Kanye|Choice Specs|[from] move: Trick
|-item|p1a: Chandelure|Eviolite|[from] move: Trick
|
|upkeep
|turn|8
|
|t:|1667268708
|move|p1a: Chandelure|Flamethrower|p2a: Corsola-Kanye
|-damage|p2a: Corsola-Kanye|54/100
|move|p2a: Corsola-Kanye|Teleport|p2a: Corsola-Kanye
|
|t:|1667268714
|switch|p2a: Gateskeeper|Hydreigon, F|75/100|[from]move: Teleport
|-damage|p2a: Gateskeeper|63/100|[from] Stealth Rock
|
|upkeep
|turn|9
|
|t:|1667268719
|move|p2a: Gateskeeper|Dark Pulse|p1a: Chandelure
|-supereffective|p1a: Chandelure
|-damage|p1a: Chandelure|0 fnt
|faint|p1a: Chandelure
|
|upkeep
|
|t:|1667268722
|switch|p1a: Azumarill|Azumarill, F|100/100
|turn|10
|
|t:|1667268732
|switch|p2a: Corsola-Kanye|Chansey, F|54/100
|-damage|p2a: Corsola-Kanye|41/100|[from] Stealth Rock
|move|p1a: Azumarill|Play Rough|p2a: Corsola-Kanye
|-crit|p2a: Corsola-Kanye
|-damage|p2a: Corsola-Kanye|0 fnt
|faint|p2a: Corsola-Kanye
|
|upkeep
|
|t:|1667268734
|switch|p2a: You Give an Inch…|Gyarados, F|100/100
|-damage|p2a: You Give an Inch…|76/100|[from] Stealth Rock
|turn|11
|
|t:|1667268738
|move|p2a: You Give an Inch…|Power Whip|p1a: Azumarill
|-supereffective|p1a: Azumarill
|-damage|p1a: Azumarill|0 fnt
|faint|p1a: Azumarill
|-ability|p2a: You Give an Inch…|Moxie|boost
|-boost|p2a: You Give an Inch…|atk|1
|
|upkeep
|
|t:|1667268744
|switch|p1a: Gyarados|Gyarados, F|100/100
|turn|12
|
|t:|1667268749
|move|p1a: Gyarados|Power Whip|p2a: You Give an Inch…
|-damage|p2a: You Give an Inch…|18/100
|move|p2a: You Give an Inch…|Power Whip|p1a: Gyarados
|-damage|p1a: Gyarados|10/100
|
|upkeep
|turn|13
|
|t:|1667268755
|move|p1a: Gyarados|Waterfall|p2a: You Give an Inch…
|-resisted|p2a: You Give an Inch…
|-damage|p2a: You Give an Inch…|0 fnt
|faint|p2a: You Give an Inch…
|-ability|p1a: Gyarados|Moxie|boost
|-boost|p1a: Gyarados|atk|1
|
|upkeep
|
|t:|1667268760
|switch|p2a: Gateskeeper|Hydreigon, F|63/100
|-damage|p2a: Gateskeeper|51/100|[from] Stealth Rock
|turn|14
|c|☆GryphonEx|Double speed tie win?
|
|t:|1667268772
|move|p2a: Gateskeeper|Dark Pulse|p1a: Gyarados
|-damage|p1a: Gyarados|0 fnt
|faint|p1a: Gyarados
|
|upkeep
|c|☆kwesty|maybe
|
|t:|1667268779
|switch|p1a: Keldeo|Keldeo-Resolute|100/100
|turn|15
|
|t:|1667268784
|switch|p2a: If you switch conk|Corsola-Galar, M|100/100
|-damage|p2a: If you switch conk|88/100|[from] Stealth Rock
|move|p1a: Keldeo|Calm Mind|p1a: Keldeo
|-boost|p1a: Keldeo|spa|1
|-boost|p1a: Keldeo|spd|1
|
|upkeep
|turn|16
|
|t:|1667268787
|move|p1a: Keldeo|Calm Mind|p1a: Keldeo
|-boost|p1a: Keldeo|spa|1
|-boost|p1a: Keldeo|spd|1
|move|p2a: If you switch conk|Night Shade|p1a: Keldeo
|-damage|p1a: Keldeo|70/100
|
|-heal|p1a: Keldeo|76/100|[from] item: Leftovers
|upkeep
|turn|17
|
|t:|1667268792
|move|p1a: Keldeo|Calm Mind|p1a: Keldeo
|-boost|p1a: Keldeo|spa|1
|-boost|p1a: Keldeo|spd|1
|move|p2a: If you switch conk|Night Shade|p1a: Keldeo
|-damage|p1a: Keldeo|45/100
|
|-heal|p1a: Keldeo|51/100|[from] item: Leftovers
|upkeep
|turn|18
|
|t:|1667268794
|move|p1a: Keldeo|Hydro Pump|p2a: If you switch conk
|-damage|p2a: If you switch conk|18/100
|move|p2a: If you switch conk|Night Shade|p1a: Keldeo
|-damage|p1a: Keldeo|20/100
|
|-heal|p1a: Keldeo|26/100|[from] item: Leftovers
|upkeep
|turn|19
|
|t:|1667268797
|move|p1a: Keldeo|Air Slash|p2a: If you switch conk
|-damage|p2a: If you switch conk|0 fnt
|-start|p1a: Keldeo|Disable|Air Slash|[from] ability: Cursed Body|[of] p2a: If you switch conk
|faint|p2a: If you switch conk
|
|-heal|p1a: Keldeo|32/100|[from] item: Leftovers
|upkeep
|
|t:|1667268800
|switch|p2a: r|Salamence, F|100/100
|-ability|p2a: r|Intimidate|boost
|-unboost|p1a: Keldeo|atk|1
|turn|20
|
|t:|1667268808
|move|p1a: Keldeo|Hydro Pump|p2a: r
|-resisted|p2a: r
|-damage|p2a: r|28/100
|move|p2a: r|Toxic|p1a: Keldeo
|-status|p1a: Keldeo|tox
|
|-heal|p1a: Keldeo|39/100 tox|[from] item: Leftovers
|-damage|p1a: Keldeo|32/100 tox|[from] psn
|upkeep
|turn|21
|c|☆kwesty|okay...
|
|t:|1667268822
|switch|p2a: Gateskeeper|Hydreigon, F|51/100
|-damage|p2a: Gateskeeper|38/100|[from] Stealth Rock
|move|p1a: Keldeo|Hydro Pump|p2a: Gateskeeper
|-resisted|p2a: Gateskeeper
|-damage|p2a: Gateskeeper|0 fnt
|faint|p2a: Gateskeeper
|
|-heal|p1a: Keldeo|39/100 tox|[from] item: Leftovers
|-damage|p1a: Keldeo|26/100 tox|[from] psn
|upkeep
|c|☆kwesty|no dwb?
|
|t:|1667268824
|switch|p2a: Diggs W|Crawdaunt, F|100/100
|-damage|p2a: Diggs W|88/100|[from] Stealth Rock
|turn|22
|
|t:|1667268825
|move|p2a: Diggs W|Aqua Jet|p1a: Keldeo
|-resisted|p1a: Keldeo
|-damage|p1a: Keldeo|2/100 tox
|move|p1a: Keldeo|Secret Sword|p2a: Diggs W
|-supereffective|p2a: Diggs W
|-crit|p2a: Diggs W
|-damage|p2a: Diggs W|0 fnt
|faint|p2a: Diggs W
|
|-heal|p1a: Keldeo|8/100 tox|[from] item: Leftovers
|-damage|p1a: Keldeo|0 fnt|[from] psn
|faint|p1a: Keldeo
|upkeep
|
|t:|1667268829
|switch|p1a: Scizor|Scizor, M|100/100
|switch|p2a: r|Salamence, F|28/100
|-ability|p2a: r|Intimidate|boost
|-unboost|p1a: Scizor|atk|1
|turn|23
|
|t:|1667268832
|move|p1a: Scizor|Bullet Punch|p2a: r
|-damage|p2a: r|6/100
|-damage|p1a: Scizor|91/100|[from] item: Life Orb
|move|p2a: r|Roost|p2a: r
|-heal|p2a: r|56/100
|-singleturn|p2a: r|move: Roost
|
|upkeep
|turn|24
|
|t:|1667268834
|move|p1a: Scizor|Bullet Punch|p2a: r
|-damage|p2a: r|33/100
|-damage|p1a: Scizor|81/100|[from] item: Life Orb
|move|p2a: r|Roost|p2a: r
|-heal|p2a: r|83/100
|-singleturn|p2a: r|move: Roost
|
|upkeep
|turn|25
|
|t:|1667268838
|move|p2a: r|Flamethrower|p1a: Scizor
|-supereffective|p1a: Scizor
|-damage|p1a: Scizor|0 fnt
|faint|p1a: Scizor
|
|win|GryphonEx
|raw|kwesty's rating: 1304 &rarr; <strong>1296</strong><br />(-8 for losing)
|raw|GryphonEx's rating: 1542 &rarr; <strong>1550</strong><br />(+8 for winning)
|c|☆GryphonEx|gg
|c|☆kwesty|bruh
|c|☆kwesty|i hate chansey
|c|☆kwesty|gryphonex do you have youtube
|c|☆GryphonEx|Not for Pokémon but yes
|c|☆GryphonEx|No clue where you heard my name from
|c|☆kwesty|me neither...
||Ladder isn't responding, score probably updated but might not have (Request timeout).
|c|☆kwesty|well nice meeting
|l|☆kwesty
|c|☆GryphonEx|thanks for the convo
