|raw|<div class="broadcast-blue"><strong>This battle is required to be public due to a player having a name starting with 'uult84z'.</div>
|j|☆CommunistKommo-o
|j|☆UULT84Z Misa
|t:|1624199756
|gametype|singles
|player|p1|CommunistKommo-o|scientist-gen4|1469
|player|p2|UULT84Z Misa|twins-gen4dp|1534
|teamsize|p1|6
|teamsize|p2|6
|gen|8
|tier|[Gen 8] UU
|rated|
|rule|Sleep Clause Mod: Limit one foe put to sleep
|rule|Species Clause: Limit one of each Pokémon
|rule|OHKO Clause: OHKO moves are banned
|rule|Evasion Moves Clause: Evasion moves are banned
|rule|Endless Battle Clause: Forcing endless battles is banned
|rule|HP Percentage Mod: HP is shown in percentages
|rule|Dynamax Clause: You cannot dynamax
|clearpoke
|poke|p1|Heracross, F|
|poke|p1|Crawdaunt, F|
|poke|p1|Steelix, M|
|poke|p1|Primarina, F|
|poke|p1|Thundurus-Therian, M|
|poke|p1|Tentacruel, M|
|poke|p2|Marowak-Alola, M|
|poke|p2|Cresselia, F|
|poke|p2|Stakataka|
|poke|p2|Azumarill, F|
|poke|p2|Porygon2|
|poke|p2|Scizor, F|
|teampreview
|c|☆CommunistKommo-o|Hf
|
|t:|1624199784
|start
|switch|p1a: Steelix|Steelix, M|100/100
|switch|p2a: Azumarill|Azumarill, F|100/100
|turn|1
|inactive|Battle timer is ON: inactive players will automatically lose when time's up. (requested by UULT84Z Misa)
|
|t:|1624199792
|switch|p1a: Tentacruel|Tentacruel, M|100/100
|move|p2a: Azumarill|Liquidation|p1a: Tentacruel
|-resisted|p1a: Tentacruel
|-damage|p1a: Tentacruel|62/100
|-damage|p2a: Azumarill|91/100|[from] item: Life Orb
|
|-heal|p1a: Tentacruel|68/100|[from] item: Black Sludge
|upkeep
|turn|2
|
|t:|1624199807
|switch|p2a: Cresselia|Cresselia, F|100/100
|move|p1a: Tentacruel|Sludge Bomb|p2a: Cresselia
|-damage|p2a: Cresselia|88/100
|-status|p2a: Cresselia|psn
|
|-heal|p1a: Tentacruel|74/100|[from] item: Black Sludge
|-damage|p2a: Cresselia|76/100 psn|[from] psn
|upkeep
|turn|3
|
|t:|1624199812
|switch|p1a: Steelix|Steelix, M|100/100
|move|p2a: Cresselia|Trick Room|p2a: Cresselia
|-fieldstart|move: Trick Room|[of] p2a: Cresselia
|
|-damage|p2a: Cresselia|64/100 psn|[from] psn
|upkeep
|turn|4
|
|t:|1624199819
|switch|p2a: Azumarill|Azumarill, F|91/100
|move|p1a: Steelix|Earthquake|p2a: Azumarill
|-damage|p2a: Azumarill|59/100
|
|upkeep
|turn|5
|c|☆UULT84Z Misa|U2
|
|t:|1624199828
|switch|p1a: Tentacruel|Tentacruel, M|74/100
|move|p2a: Azumarill|Liquidation|p1a: Tentacruel
|-resisted|p1a: Tentacruel
|-damage|p1a: Tentacruel|34/100
|-damage|p2a: Azumarill|50/100|[from] item: Life Orb
|
|-heal|p1a: Tentacruel|40/100|[from] item: Black Sludge
|upkeep
|turn|6
|
|t:|1624199855
|move|p2a: Azumarill|Play Rough|p1a: Tentacruel
|-resisted|p1a: Tentacruel
|-damage|p1a: Tentacruel|0 fnt
|faint|p1a: Tentacruel
|-damage|p2a: Azumarill|40/100|[from] item: Life Orb
|
|upkeep
|
|t:|1624199865
|switch|p1a: Primarina|Primarina, F|100/100
|turn|7
|
|t:|1624199876
|switch|p2a: Porygon2|Porygon2|100/100
|-ability|p2a: Porygon2|Download|boost
|-boost|p2a: Porygon2|atk|1
|move|p1a: Primarina|Hydro Pump|p2a: Porygon2
|-damage|p2a: Porygon2|41/100
|
|-fieldend|move: Trick Room
|upkeep
|turn|8
|
|t:|1624199880
|move|p1a: Primarina|Hydro Pump|p2a: Porygon2
|-damage|p2a: Porygon2|0 fnt
|faint|p2a: Porygon2
|
|upkeep
|
|t:|1624199882
|switch|p2a: Cresselia|Cresselia, F|64/100 psn
|turn|9
|
|t:|1624199894
|move|p1a: Primarina|Hydro Pump|p2a: Cresselia
|-damage|p2a: Cresselia|18/100 psn
|move|p2a: Cresselia|Trick Room|p2a: Cresselia
|-fieldstart|move: Trick Room|[of] p2a: Cresselia
|
|-damage|p2a: Cresselia|6/100 psn|[from] psn
|upkeep
|turn|10
|
|t:|1624199910
|switch|p1a: Heracross|Heracross, F|100/100
|move|p2a: Cresselia|Lunar Dance|p2a: Cresselia
|faint|p2a: Cresselia
|
|-status|p1a: Heracross|brn|[from] item: Flame Orb
|upkeep
|
|t:|1624199912
|switch|p2a: Azumarill|Azumarill, F|40/100
|-heal|p2a: Azumarill|100/100|[from] move: Lunar Dance
|turn|11
|inactive|CommunistKommo-o has 120 seconds left.
|
|t:|1624199947
|switch|p1a: Primarina|Primarina, F|100/100
|move|p2a: Azumarill|Play Rough|p1a: Primarina
|-crit|p1a: Primarina
|-damage|p1a: Primarina|0 fnt
|faint|p1a: Primarina
|-damage|p2a: Azumarill|91/100|[from] item: Life Orb
|
|upkeep
|
|t:|1624199957
|switch|p1a: Thundurus|Thundurus-Therian, M|100/100
|turn|12
|inactive|CommunistKommo-o has 120 seconds left.
|
|t:|1624199963
|move|p2a: Azumarill|Play Rough|p1a: Thundurus
|-damage|p1a: Thundurus|0 fnt
|faint|p1a: Thundurus
|-damage|p2a: Azumarill|81/100|[from] item: Life Orb
|
|upkeep
|inactive|CommunistKommo-o has 120 seconds left.
|
|t:|1624199970
|switch|p1a: Steelix|Steelix, M|100/100
|turn|13
|
|t:|1624199976
|move|p2a: Azumarill|Liquidation|p1a: Steelix
|-supereffective|p1a: Steelix
|-damage|p1a: Steelix|32/100
|-damage|p2a: Azumarill|71/100|[from] item: Life Orb
|move|p1a: Steelix|Heavy Slam|p2a: Azumarill
|-damage|p2a: Azumarill|37/100
|
|-heal|p1a: Steelix|38/100|[from] item: Leftovers
|-fieldend|move: Trick Room
|upkeep
|turn|14
|inactive|CommunistKommo-o has 120 seconds left.
|
|t:|1624199994
|move|p1a: Steelix|Heavy Slam|p2a: Azumarill
|-damage|p2a: Azumarill|1/100
|move|p2a: Azumarill|Liquidation|p1a: Steelix
|-supereffective|p1a: Steelix
|-damage|p1a: Steelix|0 fnt
|faint|p1a: Steelix
|-damage|p2a: Azumarill|0 fnt|[from] item: Life Orb
|faint|p2a: Azumarill
|
|upkeep
|
|t:|1624200002
|switch|p1a: Crawdaunt|Crawdaunt, F|100/100
|switch|p2a: Scizor|Scizor, F|100/100
|turn|15
|
|t:|1624200006
|switch|p1a: Heracross|Heracross, F|100/100 brn
|move|p2a: Scizor|Bug Bite|p1a: Heracross
|-resisted|p1a: Heracross
|-damage|p1a: Heracross|50/100 brn
|-damage|p2a: Scizor|91/100|[from] item: Life Orb
|
|-damage|p1a: Heracross|44/100 brn|[from] brn
|upkeep
|turn|16
|l|☆UULT84Z Misa
|inactive|UULT84Z Misa disconnected and has a minute to reconnect!
|player|p2|
|j|☆UULT84Z Misa
|inactive|UULT84Z Misa reconnected and has 115 seconds left.
|player|p2|UULT84Z Misa|twins-gen4dp
|
|t:|1624200052
|move|p2a: Scizor|Bullet Punch|p1a: Heracross
|-damage|p1a: Heracross|0 fnt
|faint|p1a: Heracross
|-damage|p2a: Scizor|81/100|[from] item: Life Orb
|
|upkeep
|
|t:|1624200056
|switch|p1a: Crawdaunt|Crawdaunt, F|100/100
|turn|17
|
|t:|1624200066
|switch|p2a: Marowak|Marowak-Alola, M|100/100
|move|p1a: Crawdaunt|Swords Dance|p1a: Crawdaunt
|-boost|p1a: Crawdaunt|atk|2
|
|upkeep
|turn|18
|inactive|UULT84Z Misa has 120 seconds left.
|c|☆UULT84Z Misa|idk
|c|☆UULT84Z Misa|what ur trying to do
|
|t:|1624200079
|move|p1a: Crawdaunt|Knock Off|p2a: Marowak
|-supereffective|p2a: Marowak
|-damage|p2a: Marowak|0 fnt
|-enditem|p2a: Marowak|Thick Club|[from] move: Knock Off|[of] p1a: Crawdaunt
|faint|p2a: Marowak
|
|upkeep
|
|t:|1624200081
|switch|p2a: Stakataka|Stakataka|100/100
|turn|19
|
|t:|1624200087
|move|p1a: Crawdaunt|Crabhammer|p2a: Stakataka
|-supereffective|p2a: Stakataka
|-damage|p2a: Stakataka|0 fnt
|faint|p2a: Stakataka
|
|upkeep
|-message|UULT84Z Misa forfeited.
|
|win|CommunistKommo-o
|raw|CommunistKommo-o's rating: 1469 &rarr; <strong>1493</strong><br />(+24 for winning)
|raw|UULT84Z Misa's rating: 1534 &rarr; <strong>1510</strong><br />(-24 for losing)
|l|☆UULT84Z Misa
