|j|☆Springerk
|j|☆Fousfull
|t:|1663170682
|gametype|singles
|player|p1|Springerk|lance-masters|1472
|player|p2|Fousfull|roxie|1646
|teamsize|p1|6
|teamsize|p2|6
|gen|8
|tier|[Gen 8] UU
|rated|
|rule|Sleep Clause Mod: Limit one foe put to sleep
|rule|Species Clause: Limit one of each Pokémon
|rule|OHKO Clause: OHKO moves are banned
|rule|Evasion Items Clause: Evasion items are banned
|rule|Evasion Moves Clause: Evasion moves are banned
|rule|Endless Battle Clause: Forcing endless battles is banned
|rule|HP Percentage Mod: HP is shown in percentages
|rule|Dynamax Clause: You cannot dynamax
|clearpoke
|poke|p1|Regice|
|poke|p1|Hippowdon, M|
|poke|p1|Jirachi|
|poke|p1|Tentacruel, F|
|poke|p1|Conkeldurr, F|
|poke|p1|Hydreigon, F|
|poke|p2|Salamence, F|
|poke|p2|Slowking, F|
|poke|p2|Nihilego|
|poke|p2|Zarude-Dada|
|poke|p2|Cobalion|
|poke|p2|Mamoswine, M|
|teampreview
|inactive|Battle timer is ON: inactive players will automatically lose when time's up. (requested by Fousfull)
|
|t:|1663170714
|start
|switch|p1a: Hydreigon|Hydreigon, F|100/100
|switch|p2a: Zarude|Zarude-Dada|100/100
|turn|1
|
|t:|1663170722
|move|p2a: Zarude|U-turn|p1a: Hydreigon
|-supereffective|p1a: Hydreigon
|-damage|p1a: Hydreigon|44/100
|
|t:|1663170725
|switch|p2a: Slowking|Slowking, F|100/100|[from]move: U-turn
|move|p1a: Hydreigon|U-turn|p2a: Slowking
|-supereffective|p2a: Slowking
|-damage|p2a: Slowking|79/100
|
|t:|1663170731
|switch|p1a: Conkeldurr|Conkeldurr, F|100/100|[from]move: U-turn
|
|-status|p1a: Conkeldurr|brn|[from] item: Flame Orb
|upkeep
|turn|2
|
|t:|1663170741
|move|p1a: Conkeldurr|Drain Punch|p2a: Slowking
|-resisted|p2a: Slowking
|-damage|p2a: Slowking|56/100
|move|p2a: Slowking|Teleport|p2a: Slowking
|
|t:|1663170744
|switch|p2a: Salamence|Salamence, F|100/100|[from]move: Teleport
|-ability|p2a: Salamence|Intimidate|boost
|-unboost|p1a: Conkeldurr|atk|1
|
|-damage|p1a: Conkeldurr|95/100 brn|[from] brn
|upkeep
|turn|3
|j| jijicat
|
|t:|1663170752
|switch|p2a: Slowking|Slowking, F|89/100
|switch|p1a: Hippowdon|Hippowdon, M|100/100
|-weather|Sandstorm|[from] ability: Sand Stream|[of] p1a: Hippowdon
|
|-weather|Sandstorm|[upkeep]
|-damage|p2a: Slowking|83/100|[from] Sandstorm
|upkeep
|turn|4
|
|t:|1663170759
|move|p1a: Hippowdon|Toxic|p2a: Slowking
|-status|p2a: Slowking|tox
|move|p2a: Slowking|Future Sight|p1a: Hippowdon
|-start|p2a: Slowking|move: Future Sight
|
|-weather|Sandstorm|[upkeep]
|-damage|p2a: Slowking|77/100 tox|[from] Sandstorm
|-damage|p2a: Slowking|71/100 tox|[from] psn
|upkeep
|turn|5
|
|t:|1663170765
|move|p1a: Hippowdon|Stealth Rock|p2a: Slowking
|-sidestart|p2: Fousfull|move: Stealth Rock
|move|p2a: Slowking|Teleport|p2a: Slowking
|
|t:|1663170767
|switch|p2a: Mamoswine|Mamoswine, M|100/100|[from]move: Teleport
|-damage|p2a: Mamoswine|88/100|[from] Stealth Rock
|
|-weather|Sandstorm|[upkeep]
|upkeep
|turn|6
|
|t:|1663170776
|move|p2a: Mamoswine|Icicle Crash|p1a: Hippowdon|[miss]
|-miss|p2a: Mamoswine|p1a: Hippowdon
|move|p1a: Hippowdon|Slack Off||[still]
|-fail|p1a: Hippowdon|heal
|
|-weather|Sandstorm|[upkeep]
|-end|p1a: Hippowdon|move: Future Sight
|-damage|p1a: Hippowdon|68/100
|-heal|p1a: Hippowdon|75/100|[from] item: Leftovers
|upkeep
|turn|7
|
|t:|1663170788
|move|p2a: Mamoswine|Icicle Crash|p1a: Hippowdon|[miss]
|-miss|p2a: Mamoswine|p1a: Hippowdon
|move|p1a: Hippowdon|Slack Off|p1a: Hippowdon
|-heal|p1a: Hippowdon|100/100
|
|-weather|none
|upkeep
|turn|8
|
|t:|1663170791
|switch|p1a: Jirachi|Jirachi|100/100
|move|p2a: Mamoswine|Icicle Crash|p1a: Jirachi
|-resisted|p1a: Jirachi
|-damage|p1a: Jirachi|68/100
|
|-heal|p1a: Jirachi|74/100|[from] item: Leftovers
|upkeep
|turn|9
|
|t:|1663170800
|switch|p2a: Cobalion|Cobalion|100/100
|-damage|p2a: Cobalion|97/100|[from] Stealth Rock
|move|p1a: Jirachi|U-turn|p2a: Cobalion
|-resisted|p2a: Cobalion
|-damage|p2a: Cobalion|94/100
|-damage|p1a: Jirachi|57/100|[from] item: Rocky Helmet|[of] p2a: Cobalion
|c|☆Fousfull|:/
|
|t:|1663170816
|switch|p1a: Tentacruel|Tentacruel, F|100/100|[from]move: U-turn
|
|upkeep
|turn|10
|
|t:|1663170823
|switch|p2a: Slowking|Slowking, F|100/100 tox
|-damage|p2a: Slowking|88/100 tox|[from] Stealth Rock
|move|p1a: Tentacruel|Scald|p2a: Slowking
|-resisted|p2a: Slowking
|-damage|p2a: Slowking|79/100 tox
|
|-damage|p2a: Slowking|73/100 tox|[from] psn
|upkeep
|turn|11
|
|t:|1663170837
|switch|p1a: Conkeldurr|Conkeldurr, F|95/100 brn
|move|p2a: Slowking|Future Sight|p1a: Conkeldurr
|-start|p2a: Slowking|move: Future Sight
|
|-damage|p2a: Slowking|61/100 tox|[from] psn
|-damage|p1a: Conkeldurr|89/100 brn|[from] brn
|upkeep
|turn|12
|
|t:|1663170840
|switch|p2a: Salamence|Salamence, F|100/100
|-ability|p2a: Salamence|Intimidate|boost
|-unboost|p1a: Conkeldurr|atk|1
|move|p1a: Conkeldurr|Facade|p2a: Salamence
|-damage|p2a: Salamence|30/100
|
|-damage|p1a: Conkeldurr|83/100 brn|[from] brn
|upkeep
|turn|13
|
|t:|1663170849
|switch|p1a: Regice|Regice|100/100
|move|p2a: Salamence|Draco Meteor|p1a: Regice
|-damage|p1a: Regice|69/100
|-unboost|p2a: Salamence|spa|2
|
|-end|p1a: Regice|move: Future Sight
|-damage|p1a: Regice|49/100
|upkeep
|turn|14
|
|t:|1663170860
|switch|p2a: Cobalion|Cobalion|94/100
|-damage|p2a: Cobalion|91/100|[from] Stealth Rock
|move|p1a: Regice|Rest|p1a: Regice
|-status|p1a: Regice|slp|[from] move: Rest
|-heal|p1a: Regice|100/100 slp|[silent]
|
|upkeep
|turn|15
|
|t:|1663170865
|switch|p1a: Conkeldurr|Conkeldurr, F|83/100 brn
|move|p2a: Cobalion|Swords Dance|p2a: Cobalion
|-boost|p2a: Cobalion|atk|2
|
|-damage|p1a: Conkeldurr|77/100 brn|[from] brn
|upkeep
|turn|16
|inactive|Springerk has 120 seconds left.
|
|t:|1663170906
|switch|p1a: Tentacruel|Tentacruel, F|100/100
|move|p2a: Cobalion|Close Combat|p1a: Tentacruel
|-resisted|p1a: Tentacruel
|-damage|p1a: Tentacruel|40/100
|-unboost|p2a: Cobalion|def|1
|-unboost|p2a: Cobalion|spd|1
|
|-heal|p1a: Tentacruel|46/100|[from] item: Black Sludge
|upkeep
|turn|17
|
|t:|1663170931
|move|p2a: Cobalion|Close Combat|p1a: Tentacruel
|-resisted|p1a: Tentacruel
|-damage|p1a: Tentacruel|0 fnt
|-unboost|p2a: Cobalion|def|1
|-unboost|p2a: Cobalion|spd|1
|faint|p1a: Tentacruel
|
|upkeep
|
|t:|1663170934
|switch|p1a: Hydreigon|Hydreigon, F|44/100
|turn|18
|
|t:|1663170938
|switch|p2a: Nihilego|Nihilego|100/100
|-damage|p2a: Nihilego|88/100|[from] Stealth Rock
|move|p1a: Hydreigon|U-turn|p2a: Nihilego
|-resisted|p2a: Nihilego
|-damage|p2a: Nihilego|75/100
|
|t:|1663170952
|switch|p1a: Conkeldurr|Conkeldurr, F|77/100 brn|[from]move: U-turn
|
|-damage|p1a: Conkeldurr|71/100 brn|[from] brn
|upkeep
|turn|19
|
|t:|1663170956
|move|p2a: Nihilego|Sludge Wave|p1a: Conkeldurr
|-damage|p1a: Conkeldurr|11/100 brn
|move|p1a: Conkeldurr|Drain Punch|p2a: Nihilego
|-damage|p2a: Nihilego|0 fnt
|-heal|p1a: Conkeldurr|51/100 brn|[from] drain|[of] p2a: Nihilego
|faint|p2a: Nihilego
|
|-damage|p1a: Conkeldurr|45/100 brn|[from] brn
|upkeep
|
|t:|1663170965
|switch|p2a: Salamence|Salamence, F|30/100
|-ability|p2a: Salamence|Intimidate|boost
|-unboost|p1a: Conkeldurr|atk|1
|turn|20
|
|t:|1663170970
|switch|p1a: Regice|Regice|100/100 slp
|move|p2a: Salamence|Defog|p1a: Regice
|-fail|p1a: Regice|unboost|[from] ability: Clear Body|[of] p1a: Regice
|-sideend|p2: Fousfull|Stealth Rock|[from] move: Defog|[of] p2a: Salamence
|
|upkeep
|turn|21
|
|t:|1663170978
|switch|p2a: Cobalion|Cobalion|91/100
|switch|p1a: Hippowdon|Hippowdon, M|100/100
|-weather|Sandstorm|[from] ability: Sand Stream|[of] p1a: Hippowdon
|
|-weather|Sandstorm|[upkeep]
|upkeep
|turn|22
|
|t:|1663170982
|move|p2a: Cobalion|Stealth Rock|p1a: Hippowdon
|-sidestart|p1: Springerk|move: Stealth Rock
|move|p1a: Hippowdon|Stealth Rock|p2a: Cobalion
|-sidestart|p2: Fousfull|move: Stealth Rock
|
|-weather|Sandstorm|[upkeep]
|upkeep
|turn|23
|
|t:|1663170989
|switch|p2a: Salamence|Salamence, F|30/100
|-ability|p2a: Salamence|Intimidate|boost
|-unboost|p1a: Hippowdon|atk|1
|move|p1a: Hippowdon|Toxic|p2a: Salamence
|-status|p2a: Salamence|tox
|
|-weather|Sandstorm|[upkeep]
|-damage|p2a: Salamence|23/100 tox|[from] Sandstorm
|-damage|p2a: Salamence|17/100 tox|[from] psn
|upkeep
|turn|24
|
|t:|1663171001
|move|p2a: Salamence|Roost|p2a: Salamence
|-heal|p2a: Salamence|68/100 tox
|-singleturn|p2a: Salamence|move: Roost
|move|p1a: Hippowdon|Earthquake|p2a: Salamence
|-damage|p2a: Salamence|34/100 tox
|
|-weather|Sandstorm|[upkeep]
|-damage|p2a: Salamence|28/100 tox|[from] Sandstorm
|-damage|p2a: Salamence|16/100 tox|[from] psn
|upkeep
|turn|25
|
|t:|1663171006
|switch|p2a: Slowking|Slowking, F|94/100 tox
|-damage|p2a: Slowking|82/100 tox|[from] Stealth Rock
|move|p1a: Hippowdon|Slack Off||[still]
|-fail|p1a: Hippowdon|heal
|
|-weather|none
|-damage|p2a: Slowking|76/100 tox|[from] psn
|upkeep
|turn|26
|
|t:|1663171018
|move|p1a: Hippowdon|Earthquake|p2a: Slowking
|-damage|p2a: Slowking|58/100 tox
|move|p2a: Slowking|Scald|p1a: Hippowdon
|-supereffective|p1a: Hippowdon
|-damage|p1a: Hippowdon|57/100
|
|-heal|p1a: Hippowdon|63/100|[from] item: Leftovers
|-damage|p2a: Slowking|46/100 tox|[from] psn
|upkeep
|turn|27
|
|t:|1663171031
|switch|p1a: Conkeldurr|Conkeldurr, F|45/100 brn
|-damage|p1a: Conkeldurr|39/100 brn|[from] Stealth Rock
|move|p2a: Slowking|Teleport|p2a: Slowking
|
|t:|1663171036
|switch|p2a: Salamence|Salamence, F|16/100 tox|[from]move: Teleport
|-ability|p2a: Salamence|Intimidate|boost
|-unboost|p1a: Conkeldurr|atk|1
|
|-damage|p2a: Salamence|10/100 tox|[from] psn
|-damage|p1a: Conkeldurr|33/100 brn|[from] brn
|upkeep
|turn|28
|
|t:|1663171045
|move|p1a: Conkeldurr|Mach Punch|p2a: Salamence
|-resisted|p2a: Salamence
|-damage|p2a: Salamence|0 fnt
|faint|p2a: Salamence
|
|-damage|p1a: Conkeldurr|27/100 brn|[from] brn
|upkeep
|
|t:|1663171047
|switch|p2a: Cobalion|Cobalion|91/100
|-damage|p2a: Cobalion|87/100|[from] Stealth Rock
|turn|29
|
|t:|1663171073
|switch|p1a: Hippowdon|Hippowdon, M|63/100
|-damage|p1a: Hippowdon|57/100|[from] Stealth Rock
|-weather|Sandstorm|[from] ability: Sand Stream|[of] p1a: Hippowdon
|move|p2a: Cobalion|Close Combat|p1a: Hippowdon
|-damage|p1a: Hippowdon|25/100
|-unboost|p2a: Cobalion|def|1
|-unboost|p2a: Cobalion|spd|1
|
|-weather|Sandstorm|[upkeep]
|-heal|p1a: Hippowdon|31/100|[from] item: Leftovers
|upkeep
|turn|30
|
|t:|1663171085
|move|p2a: Cobalion|Close Combat|p1a: Hippowdon
|-damage|p1a: Hippowdon|1/100
|-unboost|p2a: Cobalion|def|1
|-unboost|p2a: Cobalion|spd|1
|move|p1a: Hippowdon|Earthquake|p2a: Cobalion
|-supereffective|p2a: Cobalion
|-damage|p2a: Cobalion|0 fnt
|faint|p2a: Cobalion
|
|-weather|Sandstorm|[upkeep]
|-heal|p1a: Hippowdon|7/100|[from] item: Leftovers
|upkeep
|
|t:|1663171092
|switch|p2a: Zarude|Zarude-Dada|100/100
|-damage|p2a: Zarude|88/100|[from] Stealth Rock
|turn|31
|
|t:|1663171106
|move|p2a: Zarude|Darkest Lariat|p1a: Hippowdon
|-damage|p1a: Hippowdon|0 fnt
|faint|p1a: Hippowdon
|
|-weather|Sandstorm|[upkeep]
|-damage|p2a: Zarude|82/100|[from] Sandstorm
|upkeep
|
|t:|1663171114
|switch|p1a: Conkeldurr|Conkeldurr, F|27/100 brn
|-damage|p1a: Conkeldurr|21/100 brn|[from] Stealth Rock
|turn|32
|
|t:|1663171118
|move|p2a: Zarude|Darkest Lariat|p1a: Conkeldurr
|-resisted|p1a: Conkeldurr
|-damage|p1a: Conkeldurr|1/100 brn
|move|p1a: Conkeldurr|Drain Punch|p2a: Zarude
|-supereffective|p2a: Zarude
|-damage|p2a: Zarude|0 fnt
|-heal|p1a: Conkeldurr|42/100 brn|[from] drain|[of] p2a: Zarude
|faint|p2a: Zarude
|
|-weather|Sandstorm|[upkeep]
|-damage|p1a: Conkeldurr|36/100 brn|[from] Sandstorm
|-damage|p1a: Conkeldurr|30/100 brn|[from] brn
|upkeep
|c|☆Fousfull|Why always 1 hp
|
|t:|1663171131
|switch|p2a: Mamoswine|Mamoswine, M|88/100
|-damage|p2a: Mamoswine|76/100|[from] Stealth Rock
|turn|33
|inactive|Springerk has 120 seconds left.
|c|☆Fousfull|This is like the bigest midel finger this game gave me
|
|t:|1663171175
|switch|p1a: Regice|Regice|100/100 slp
|move|p2a: Mamoswine|Ice Shard|p1a: Regice
|-resisted|p1a: Regice
|-damage|p1a: Regice|85/100 slp
|
|-weather|none
|upkeep
|turn|34
|
|t:|1663171181
|switch|p2a: Slowking|Slowking, F|79/100 tox
|-damage|p2a: Slowking|67/100 tox|[from] Stealth Rock
|cant|p1a: Regice|slp
|move|p1a: Regice|Sleep Talk|p1a: Regice
|move|p1a: Regice|Ice Beam|p2a: Slowking|[from]move: Sleep Talk
|-resisted|p2a: Slowking
|-damage|p2a: Slowking|51/100 tox
|
|-damage|p2a: Slowking|45/100 tox|[from] psn
|upkeep
|turn|35
|inactive|Springerk has 120 seconds left.
|
|t:|1663171190
|cant|p1a: Regice|slp
|move|p1a: Regice|Sleep Talk|p1a: Regice
|move|p1a: Regice|Thunderbolt|p2a: Slowking|[from]move: Sleep Talk
|-supereffective|p2a: Slowking
|-damage|p2a: Slowking|1/100 tox
|move|p2a: Slowking|Teleport|p2a: Slowking
|
|t:|1663171193
|switch|p2a: Mamoswine|Mamoswine, M|76/100|[from]move: Teleport
|-damage|p2a: Mamoswine|63/100|[from] Stealth Rock
|
|upkeep
|turn|36
|c|☆Fousfull|Gg ig
|inactive|Springerk has 120 seconds left.
|
|t:|1663171233
|move|p2a: Mamoswine|Earthquake|p1a: Regice
|-damage|p1a: Regice|4/100 slp
|-curestatus|p1a: Regice|slp|[msg]
|move|p1a: Regice|Ice Beam|p2a: Mamoswine
|-damage|p2a: Mamoswine|0 fnt
|faint|p2a: Mamoswine
|
|upkeep
|-message|Fousfull forfeited.
|
|win|Springerk
|raw|Springerk's rating: 1472 &rarr; <strong>1502</strong><br />(+30 for winning)
|raw|Fousfull's rating: 1653 &rarr; <strong>1623</strong><br />(-30 for losing)
|l|☆Fousfull
|player|p1|Springerk|lance-masters
||Ladder isn't responding, score probably updated but might not have (Request timeout).
