|j|☆ApexLegende
|j|☆Bamarah
|player|p1|ApexLegende|2|1324
|player|p2|Bamarah|eusine-gen2|1391
|teamsize|p1|6
|teamsize|p2|6
|gametype|singles
|gen|8
|tier|[Gen 8] UU
|rated|
|clearpoke
|poke|p1|Rotom-Wash|
|poke|p1|Skarmory, F|
|poke|p1|Weezing-Galar, F|
|poke|p1|Noivern, M|
|poke|p1|Incineroar, M|
|poke|p1|Crawdaunt, M|
|poke|p2|Noivern, M|
|poke|p2|Keldeo-Resolute|
|poke|p2|Darmanitan, M|
|poke|p2|Chandelure, M|
|poke|p2|Skarmory, M|
|poke|p2|Blissey, F|
|rule|Sleep Clause Mod: Limit one foe put to sleep
|rule|Species Clause: Limit one of each Pokémon
|rule|OHKO Clause: OHKO moves are banned
|rule|Evasion Moves Clause: Evasion moves are banned
|rule|Endless Battle Clause: Forcing endless battles is banned
|rule|HP Percentage Mod: HP is shown in percentages
|rule|Dynamax Clause: You cannot dynamax
|teampreview
|inactive|Battle timer is ON: inactive players will automatically lose when time's up. (requested by Bamarah)
|
|start
|switch|p1a: Rotom|Rotom-Wash|100/100
|switch|p2a: Darmanitan|Darmanitan, M, shiny|100/100
|turn|1
|
|move|p2a: Darmanitan|U-turn|p1a: Rotom
|-damage|p1a: Rotom|68/100
|
|switch|p2a: Blissey|Blissey, F, shiny|100/100|[from]move: U-turn
|move|p1a: Rotom|Hydro Pump|p2a: Blissey|[miss]
|-miss|p1a: Rotom|p2a: Blissey
|
|upkeep
|turn|2
|inactive|Bamarah has 120 seconds left.
|
|switch|p1a: Weezing|Weezing-Galar, F|100/100
|move|p2a: Blissey|Wish|p2a: Blissey
|
|upkeep
|turn|3
|
|move|p1a: Weezing|Toxic Spikes|p2a: Blissey
|-sidestart|p2: Bamarah|move: Toxic Spikes
|move|p2a: Blissey|Thunder Wave|p1a: Weezing
|-status|p1a: Weezing|par
|
|upkeep
|turn|4
|
|move|p2a: Blissey|Seismic Toss|p1a: Weezing
|-damage|p1a: Weezing|71/100 par
|cant|p1a: Weezing|par
|
|-heal|p1a: Weezing|77/100 par|[from] item: Black Sludge
|upkeep
|turn|5
|
|move|p2a: Blissey|Seismic Toss|p1a: Weezing
|-damage|p1a: Weezing|47/100 par
|move|p1a: Weezing|Toxic Spikes|p2a: Blissey
|-sidestart|p2: Bamarah|move: Toxic Spikes
|
|-heal|p1a: Weezing|53/100 par|[from] item: Black Sludge
|upkeep
|turn|6
|
|switch|p1a: Crawdaunt|Crawdaunt, M|100/100
|move|p2a: Blissey|Seismic Toss|p1a: Crawdaunt
|-damage|p1a: Crawdaunt|63/100
|
|upkeep
|turn|7
|
|switch|p2a: Keldeo|Keldeo-Resolute|100/100
|-status|p2a: Keldeo|tox
|move|p1a: Crawdaunt|Knock Off|p2a: Keldeo
|-resisted|p2a: Keldeo
|-damage|p2a: Keldeo|44/100 tox
|-ability|p2a: Keldeo|Justified|boost
|-boost|p2a: Keldeo|atk|1
|-enditem|p2a: Keldeo|Life Orb|[from] move: Knock Off|[of] p1a: Crawdaunt
|
|-damage|p2a: Keldeo|38/100 tox|[from] psn
|upkeep
|turn|8
|
|switch|p1a: Rotom|Rotom-Wash|68/100
|move|p2a: Keldeo|Surf|p1a: Rotom
|-resisted|p1a: Rotom
|-damage|p1a: Rotom|36/100
|
|-damage|p2a: Keldeo|26/100 tox|[from] psn
|upkeep
|turn|9
|
|move|p1a: Rotom|Volt Switch|p2a: Keldeo
|-supereffective|p2a: Keldeo
|-damage|p2a: Keldeo|0 fnt
|faint|p2a: Keldeo
|
|switch|p1a: Weezing|Weezing-Galar, F|53/100 par|[from]move: Volt Switch
|
|-heal|p1a: Weezing|59/100 par|[from] item: Black Sludge
|upkeep
|
|switch|p2a: Noivern|Noivern, M, shiny|100/100
|turn|10
|
|move|p2a: Noivern|Hurricane|p1a: Weezing
|-damage|p1a: Weezing|0 fnt
|-damage|p2a: Noivern|91/100|[from] item: Life Orb
|faint|p1a: Weezing
|
|upkeep
|
|switch|p1a: Incineroar|Incineroar, M|100/100
|-ability|p1a: Incineroar|Intimidate|boost
|-unboost|p2a: Noivern|atk|1
|turn|11
|
|move|p2a: Noivern|Defog|p1a: Incineroar
|-unboost|p1a: Incineroar|evasion|1
|-sideend|p2: Bamarah|Toxic Spikes|[from] move: Defog|[of] p2a: Noivern
|move|p1a: Incineroar|Knock Off|p2a: Noivern
|-damage|p2a: Noivern|44/100
|-enditem|p2a: Noivern|Life Orb|[from] move: Knock Off|[of] p1a: Incineroar
|
|upkeep
|turn|12
|
|move|p2a: Noivern|Draco Meteor|p1a: Incineroar
|-damage|p1a: Incineroar|62/100
|-unboost|p2a: Noivern|spa|2
|move|p1a: Incineroar|Parting Shot|p2a: Noivern
|-unboost|p2a: Noivern|atk|1
|-unboost|p2a: Noivern|spa|1
|
|switch|p1a: Rotom|Rotom-Wash|36/100|[from]move: Parting Shot
|
|upkeep
|turn|13
|
|move|p1a: Rotom|Volt Switch|p2a: Noivern
|-damage|p2a: Noivern|1/100
|
|switch|p1a: Incineroar|Incineroar, M|62/100|[from]move: Volt Switch
|-ability|p1a: Incineroar|Intimidate|boost
|-unboost|p2a: Noivern|atk|1
|move|p2a: Noivern|Draco Meteor|p1a: Incineroar
|-damage|p1a: Incineroar|45/100
|-unboost|p2a: Noivern|spa|2
|
|upkeep
|turn|14
|inactive|ApexLegende has 120 seconds left.
|
|move|p2a: Noivern|Hurricane|p1a: Incineroar
|-damage|p1a: Incineroar|36/100
|move|p1a: Incineroar|Knock Off|p2a: Noivern
|-damage|p2a: Noivern|0 fnt
|faint|p2a: Noivern
|
|upkeep
|
|switch|p2a: Darmanitan|Darmanitan, M, shiny|100/100
|turn|15
|
|move|p2a: Darmanitan|U-turn|p1a: Incineroar
|-damage|p1a: Incineroar|10/100
|
|switch|p2a: Skarmory|Skarmory, M, shiny|100/100|[from]move: U-turn
|move|p1a: Incineroar|Knock Off|p2a: Skarmory
|-damage|p2a: Skarmory|74/100
|-enditem|p2a: Skarmory|Leftovers|[from] move: Knock Off|[of] p1a: Incineroar
|
|upkeep
|turn|16
|
|move|p2a: Skarmory|Body Press|p1a: Incineroar
|-supereffective|p1a: Incineroar
|-damage|p1a: Incineroar|0 fnt
|faint|p1a: Incineroar
|
|upkeep
|
|switch|p1a: Rotom|Rotom-Wash|36/100
|turn|17
|
|switch|p2a: Blissey|Blissey, F, shiny|100/100
|move|p1a: Rotom|Volt Switch|p2a: Blissey
|-damage|p2a: Blissey|92/100
|
|switch|p1a: Crawdaunt|Crawdaunt, M|63/100|[from]move: Volt Switch
|
|-heal|p2a: Blissey|98/100|[from] item: Leftovers
|upkeep
|turn|18
|
|switch|p2a: Skarmory|Skarmory, M, shiny|74/100
|move|p1a: Crawdaunt|Knock Off|p2a: Skarmory
|-damage|p2a: Skarmory|25/100
|
|upkeep
|turn|19
|
|move|p1a: Crawdaunt|Knock Off|p2a: Skarmory
|-damage|p2a: Skarmory|0 fnt
|faint|p2a: Skarmory
|
|upkeep
|
|switch|p2a: Darmanitan|Darmanitan, M, shiny|100/100
|turn|20
|
|switch|p1a: Rotom|Rotom-Wash|36/100
|move|p2a: Darmanitan|U-turn|p1a: Rotom
|-damage|p1a: Rotom|3/100
|
|switch|p2a: Blissey|Blissey, F, shiny|98/100|[from]move: U-turn
|
|-heal|p2a: Blissey|100/100|[from] item: Leftovers
|upkeep
|turn|21
|
|move|p1a: Rotom|Trick|p2a: Blissey
|-activate|p1a: Rotom|move: Trick|[of] p2a: Blissey
|-item|p2a: Blissey|Choice Scarf|[from] move: Trick
|-item|p1a: Rotom|Leftovers|[from] move: Trick
|move|p2a: Blissey|Seismic Toss|p1a: Rotom
|-damage|p1a: Rotom|0 fnt
|faint|p1a: Rotom
|
|upkeep
|
|switch|p1a: Skarmory|Skarmory, F|100/100
|turn|22
|
|switch|p2a: Chandelure|Chandelure, M, shiny|100/100
|move|p1a: Skarmory|Brave Bird|p2a: Chandelure
|-damage|p2a: Chandelure|51/100
|-damage|p1a: Skarmory|88/100|[from] Recoil
|
|-heal|p1a: Skarmory|94/100|[from] item: Leftovers
|upkeep
|turn|23
|
|move|p2a: Chandelure|Flamethrower|p1a: Skarmory
|-supereffective|p1a: Skarmory
|-damage|p1a: Skarmory|0 fnt
|faint|p1a: Skarmory
|
|upkeep
|
|switch|p1a: Crawdaunt|Crawdaunt, M|63/100
|turn|24
|
|move|p1a: Crawdaunt|Aqua Jet|p2a: Chandelure
|-supereffective|p2a: Chandelure
|-damage|p2a: Chandelure|0 fnt
|faint|p2a: Chandelure
|
|upkeep
|
|switch|p2a: Blissey|Blissey, F, shiny|100/100
|turn|25
|
|switch|p1a: Noivern|Noivern, M|100/100
|-item|p2a: Blissey|Choice Scarf|[from] ability: Frisk|[of] p1a: Noivern|[identify]
|move|p2a: Blissey|Thunder Wave|p1a: Noivern
|-status|p1a: Noivern|par
|
|upkeep
|turn|26
|
|switch|p2a: Darmanitan|Darmanitan, M, shiny|100/100
|move|p1a: Noivern|Draco Meteor|p2a: Darmanitan
|-damage|p2a: Darmanitan|12/100
|-unboost|p1a: Noivern|spa|2
|
|upkeep
|turn|27
|
|move|p2a: Darmanitan|U-turn|p1a: Noivern
|-resisted|p1a: Noivern
|-damage|p1a: Noivern|83/100 par
|
|switch|p2a: Blissey|Blissey, F, shiny|100/100|[from]move: U-turn
|move|p1a: Noivern|Draco Meteor|p2a: Blissey|[miss]
|-miss|p1a: Noivern|p2a: Blissey
|
|upkeep
|turn|28
|
|move|p2a: Blissey|Seismic Toss|p1a: Noivern
|-damage|p1a: Noivern|51/100 par
|move|p1a: Noivern|Roost|p1a: Noivern
|-heal|p1a: Noivern|100/100 par
|-singleturn|p1a: Noivern|move: Roost
|
|upkeep
|turn|29
|inactive|ApexLegende has 120 seconds left.
|inactive|ApexLegende has 90 seconds left.
|
|move|p2a: Blissey|Seismic Toss|p1a: Noivern
|-damage|p1a: Noivern|68/100 par
|move|p1a: Noivern|Draco Meteor|p2a: Blissey
|-damage|p2a: Blissey|93/100
|-unboost|p1a: Noivern|spa|2
|
|upkeep
|turn|30
|
|move|p2a: Blissey|Seismic Toss|p1a: Noivern
|-damage|p1a: Noivern|36/100 par
|cant|p1a: Noivern|par
|
|upkeep
|turn|31
|inactive|ApexLegende has 90 seconds left.
|
|switch|p1a: Crawdaunt|Crawdaunt, M|63/100
|move|p2a: Blissey|Seismic Toss|p1a: Crawdaunt
|-damage|p1a: Crawdaunt|26/100
|
|upkeep
|turn|32
|
|move|p2a: Blissey|Seismic Toss|p1a: Crawdaunt
|-damage|p1a: Crawdaunt|0 fnt
|faint|p1a: Crawdaunt
|
|upkeep
|l|☆ApexLegende
|inactive|ApexLegende disconnected and has a minute to reconnect!
|player|p1|
|inactive|ApexLegende has 30 seconds to reconnect!
|inactive|ApexLegende has 20 seconds to reconnect!
|inactive|ApexLegende has 15 seconds to reconnect!
|inactive|ApexLegende has 10 seconds to reconnect!
|inactive|ApexLegende has 5 seconds to reconnect!
|-message|ApexLegende lost due to inactivity.
|
|win|Bamarah
|inactive|ApexLegende has 10 seconds left this turn.
