|raw|<div class="broadcast-blue"><strong>This battle is required to be public due to a player having a name starting with 'uult93j'.</div>
|j|☆Vxyc
|j|☆UULT93J Elfu
|t:|1653085484
|gametype|singles
|player|p1|Vxyc|janine|1467
|player|p2|UULT93J Elfu|cyclist|1556
|teamsize|p1|6
|teamsize|p2|6
|gen|8
|tier|[Gen 8] UU
|rated|
|rule|Sleep Clause Mod: Limit one foe put to sleep
|rule|Species Clause: Limit one of each Pokémon
|rule|OHKO Clause: OHKO moves are banned
|rule|Evasion Moves Clause: Evasion moves are banned
|rule|Endless Battle Clause: Forcing endless battles is banned
|rule|HP Percentage Mod: HP is shown in percentages
|rule|Dynamax Clause: You cannot dynamax
|clearpoke
|poke|p1|Keldeo-Resolute|
|poke|p1|Hydreigon, M|
|poke|p1|Hippowdon, F|
|poke|p1|Rotom-Heat|
|poke|p1|Celebi|
|poke|p1|Aegislash, F|
|poke|p2|Thundurus-Therian, M|
|poke|p2|Celesteela|
|poke|p2|Excadrill, F|
|poke|p2|Gyarados, F|
|poke|p2|Conkeldurr, F|
|poke|p2|Zygarde-10%|
|teampreview
|inactive|Battle timer is ON: inactive players will automatically lose when time's up. (requested by UULT93J Elfu)
|
|t:|1653085504
|start
|switch|p1a: Celebi|Celebi|100/100
|switch|p2a: Excadrill|Excadrill, F|100/100
|-ability|p2a: Excadrill|Mold Breaker
|turn|1
|
|t:|1653085518
|move|p2a: Excadrill|Rapid Spin|p1a: Celebi
|-damage|p1a: Celebi|85/100
|-boost|p2a: Excadrill|spe|1
|move|p1a: Celebi|Swords Dance|p1a: Celebi
|-boost|p1a: Celebi|atk|2
|
|upkeep
|turn|2
|j| panana beel
|j| uult93j TT
|
|t:|1653085533
|move|p2a: Excadrill|Stealth Rock|p1a: Celebi
|-sidestart|p1: Vxyc|move: Stealth Rock
|move|p1a: Celebi|Swords Dance|p1a: Celebi
|-boost|p1a: Celebi|atk|2
|
|upkeep
|turn|3
|
|t:|1653085540
|move|p2a: Excadrill|Rock Tomb|p1a: Celebi
|-damage|p1a: Celebi|68/100
|-unboost|p1a: Celebi|spe|1
|move|p1a: Celebi|Swords Dance|p1a: Celebi
|-boost|p1a: Celebi|atk|2
|
|upkeep
|turn|4
|
|t:|1653085549
|move|p2a: Excadrill|Rock Tomb|p1a: Celebi
|-damage|p1a: Celebi|49/100
|-unboost|p1a: Celebi|spe|1
|move|p1a: Celebi|Recover|p1a: Celebi
|-heal|p1a: Celebi|99/100
|
|upkeep
|turn|5
|
|t:|1653085561
|move|p2a: Excadrill|Rock Tomb|p1a: Celebi|[miss]
|-miss|p2a: Excadrill|p1a: Celebi
|move|p1a: Celebi|Leaf Blade|p2a: Excadrill
|-enditem|p2a: Excadrill|Focus Sash
|-damage|p2a: Excadrill|1/100
|
|upkeep
|turn|6
|
|t:|1653085569
|move|p2a: Excadrill|Rock Tomb|p1a: Celebi
|-damage|p1a: Celebi|80/100
|-unboost|p1a: Celebi|spe|1
|move|p1a: Celebi|Leaf Blade|p2a: Excadrill
|-damage|p2a: Excadrill|0 fnt
|faint|p2a: Excadrill
|
|upkeep
|l| panana beel
|inactive|UULT93J Elfu has 120 seconds left.
|
|t:|1653085611
|switch|p2a: Celesteela|Celesteela|100/100
|turn|7
|
|t:|1653085614
|move|p2a: Celesteela|Autotomize|p2a: Celesteela
|-boost|p2a: Celesteela|spe|2
|-start|p2a: Celesteela|Autotomize
|move|p1a: Celebi|Leaf Blade|p2a: Celesteela
|-resisted|p2a: Celesteela
|-damage|p2a: Celesteela|57/100
|
|upkeep
|turn|8
|inactive|UULT93J Elfu has 120 seconds left.
|
|t:|1653085625
|move|p1a: Celebi|Sucker Punch|p2a: Celesteela
|-damage|p2a: Celesteela|0 fnt
|faint|p2a: Celesteela
|
|upkeep
|inactive|UULT93J Elfu has 120 seconds left.
|
|t:|1653085634
|switch|p2a: Gyarados|Gyarados, F|100/100
|turn|9
|
|t:|1653085636
|move|p2a: Gyarados|Bounce||[still]
|-prepare|p2a: Gyarados|Bounce
|-enditem|p2a: Gyarados|Power Herb
|-anim|p2a: Gyarados|Bounce|p1a: Celebi
|-supereffective|p1a: Celebi
|-damage|p1a: Celebi|2/100
|-enditem|p1a: Celebi|Weakness Policy
|-boost|p1a: Celebi|atk|0
|-boost|p1a: Celebi|spa|2|[from] item: Weakness Policy
|move|p1a: Celebi|Leaf Blade|p2a: Gyarados
|-damage|p2a: Gyarados|0 fnt
|faint|p2a: Gyarados
|
|upkeep
|-message|UULT93J Elfu forfeited.
|
|win|Vxyc
|raw|Vxyc's rating: 1467 &rarr; <strong>1492</strong><br />(+25 for winning)
|raw|UULT93J Elfu's rating: 1556 &rarr; <strong>1531</strong><br />(-25 for losing)
|l|☆UULT93J Elfu
||Ladder isn't responding, score probably updated but might not have (Request timeout).
