|raw|<div class="broadcast-blue"><strong>This battle is required to be public due to a player having a name starting with 'uult91w'.</div>
|j|☆UULT91W Karli
|j|☆UULT91w Adaam
|t:|1652022689
|gametype|singles
|player|p1|UULT91W Karli|blue-gen3two|1435
|player|p2|UULT91w Adaam|102|1579
|teamsize|p1|6
|teamsize|p2|6
|gen|8
|tier|[Gen 8] UU
|rated|
|rule|Sleep Clause Mod: Limit one foe put to sleep
|rule|Species Clause: Limit one of each Pokémon
|rule|OHKO Clause: OHKO moves are banned
|rule|Evasion Moves Clause: Evasion moves are banned
|rule|Endless Battle Clause: Forcing endless battles is banned
|rule|HP Percentage Mod: HP is shown in percentages
|rule|Dynamax Clause: You cannot dynamax
|clearpoke
|poke|p1|Swampert, F|
|poke|p1|Chandelure, M|
|poke|p1|Zarude|
|poke|p1|Conkeldurr, F|
|poke|p1|Togekiss, F|
|poke|p1|Porygon2|
|poke|p2|Salamence, F|
|poke|p2|Magneton|
|poke|p2|Diggersby, F|
|poke|p2|Zarude-Dada|
|poke|p2|Slowking, M|
|poke|p2|Cobalion|
|teampreview
|inactive|Battle timer is ON: inactive players will automatically lose when time's up. (requested by UULT91W Karli)
|j| UULT91w Micciu
|j| UULT91W ASK
|j| 2013lowladdercrap
|j| UULT91w Toto
|inactive|UULT91w Adaam has 120 seconds left.
|j| Pokemonisfun
|j| uu12m beomgyu
|inactive|UULT91w Adaam has 90 seconds left.
|j| UULT91w Stallito
|
|t:|1652022783
|start
|switch|p1a: Togekiss|Togekiss, F|100/100
|switch|p2a: Zarude|Zarude-Dada|100/100
|turn|1
|j| goldtodd1
|
|t:|1652022791
|move|p1a: Togekiss|Air Slash|p2a: Zarude
|-supereffective|p2a: Zarude
|-damage|p2a: Zarude|44/100
|cant|p2a: Zarude|flinch
|
|upkeep
|turn|2
|c| Pokemonisfun|hi karli gl in your uult run
|
|t:|1652022810
|switch|p1a: Swampert|Swampert, F|100/100
|switch|p2a: Slowking|Slowking, M|100/100
|
|upkeep
|turn|3
|c|☆UULT91W Karli|Thanks
|
|t:|1652022817
|move|p1a: Swampert|Toxic|p2a: Slowking
|-status|p2a: Slowking|tox
|move|p2a: Slowking|Scald|p1a: Swampert
|-damage|p1a: Swampert|79/100
|
|-heal|p1a: Swampert|86/100|[from] item: Leftovers
|-damage|p2a: Slowking|94/100 tox|[from] psn
|upkeep
|turn|4
|
|t:|1652022831
|move|p1a: Swampert|Stealth Rock|p2a: Slowking
|-sidestart|p2: UULT91w Adaam|move: Stealth Rock
|move|p2a: Slowking|Scald|p1a: Swampert
|-damage|p1a: Swampert|62/100
|-status|p1a: Swampert|brn
|
|-heal|p1a: Swampert|68/100 brn|[from] item: Leftovers
|-damage|p2a: Slowking|82/100 tox|[from] psn
|-damage|p1a: Swampert|62/100 brn|[from] brn
|upkeep
|turn|5
|
|t:|1652022837
|move|p1a: Swampert|Flip Turn|p2a: Slowking
|-resisted|p2a: Slowking
|-damage|p2a: Slowking|78/100 tox
|-enditem|p2a: Slowking|Eject Button
|
|t:|1652022839
|switch|p2a: Cobalion|Cobalion|100/100
|-damage|p2a: Cobalion|97/100|[from] Stealth Rock
|
|-heal|p1a: Swampert|68/100 brn|[from] item: Leftovers
|-damage|p1a: Swampert|62/100 brn|[from] brn
|upkeep
|turn|6
|j| Le Dictionnaire
|
|t:|1652022848
|switch|p1a: Togekiss|Togekiss, F|100/100
|move|p2a: Cobalion|Stealth Rock|p1a: Togekiss
|-sidestart|p1: UULT91W Karli|move: Stealth Rock
|
|upkeep
|turn|7
|
|t:|1652022854
|switch|p2a: Slowking|Slowking, M|100/100 tox
|-damage|p2a: Slowking|88/100 tox|[from] Stealth Rock
|move|p1a: Togekiss|Trick|p2a: Slowking
|-activate|p1a: Togekiss|move: Trick|[of] p2a: Slowking
|-item|p2a: Slowking|Choice Scarf|[from] move: Trick
|-enditem|p1a: Togekiss|Choice Scarf|[silent]|[from] move: Trick
|
|-damage|p2a: Slowking|82/100 tox|[from] psn
|upkeep
|turn|8
|
|t:|1652022863
|switch|p2a: magnemite triple|Magneton|100/100
|-damage|p2a: magnemite triple|94/100|[from] Stealth Rock
|move|p1a: Togekiss|Air Slash|p2a: magnemite triple
|-resisted|p2a: magnemite triple
|-damage|p2a: magnemite triple|79/100
|
|upkeep
|turn|9
|
|t:|1652022876
|switch|p1a: Porygon2|Porygon2|100/100
|-damage|p1a: Porygon2|88/100|[from] Stealth Rock
|-ability|p1a: Porygon2|Magnet Pull|[from] ability: Trace|[of] p2a: magnemite triple
|move|p2a: magnemite triple|Flash Cannon|p1a: Porygon2
|-damage|p1a: Porygon2|50/100
|
|upkeep
|turn|10
|c|☆UULT91w Adaam|oh god oh fuck
|
|t:|1652022890
|move|p2a: magnemite triple|Flash Cannon|p1a: Porygon2
|-damage|p1a: Porygon2|16/100
|move|p1a: Porygon2|Recover|p1a: Porygon2
|-heal|p1a: Porygon2|66/100
|
|upkeep
|turn|11
|
|t:|1652022897
|move|p2a: magnemite triple|Flash Cannon|p1a: Porygon2
|-damage|p1a: Porygon2|28/100
|move|p1a: Porygon2|Recover|p1a: Porygon2
|-heal|p1a: Porygon2|78/100
|
|upkeep
|turn|12
|
|t:|1652022900
|move|p2a: magnemite triple|Flash Cannon|p1a: Porygon2
|-damage|p1a: Porygon2|41/100
|move|p1a: Porygon2|Recover|p1a: Porygon2
|-heal|p1a: Porygon2|91/100
|
|upkeep
|turn|13
|
|t:|1652022902
|move|p2a: magnemite triple|Flash Cannon|p1a: Porygon2
|-damage|p1a: Porygon2|55/100
|move|p1a: Porygon2|Recover|p1a: Porygon2
|-heal|p1a: Porygon2|100/100
|
|upkeep
|turn|14
|
|t:|1652022905
|move|p2a: magnemite triple|Flash Cannon|p1a: Porygon2
|-damage|p1a: Porygon2|64/100
|-unboost|p1a: Porygon2|spd|1
|move|p1a: Porygon2|Teleport|p1a: Porygon2
|l| UULT91w Stallito
|c|☆UULT91w Adaam|chip! magneton!
|
|t:|1652022920
|switch|p1a: Swampert|Swampert, F|62/100 brn|[from]move: Teleport
|-damage|p1a: Swampert|56/100 brn|[from] Stealth Rock
|
|-heal|p1a: Swampert|62/100 brn|[from] item: Leftovers
|-damage|p1a: Swampert|56/100 brn|[from] brn
|upkeep
|turn|15
|inactive|UULT91w Adaam has 120 seconds left.
|c|☆UULT91W Karli|I forgot ev
|c|☆UULT91W Karli|On porygon
|c| goldtodd1|:/
|inactive|UULT91w Adaam has 90 seconds left.
|j| hariyana grande
|inactive|UULT91w Adaam has 60 seconds left.
|
|t:|1652023014
|move|p2a: magnemite triple|Flash Cannon|p1a: Swampert
|-resisted|p1a: Swampert
|-damage|p1a: Swampert|28/100 brn
|move|p1a: Swampert|Earthquake|p2a: magnemite triple
|-supereffective|p2a: magnemite triple
|-damage|p2a: magnemite triple|0 fnt
|faint|p2a: magnemite triple
|
|-heal|p1a: Swampert|34/100 brn|[from] item: Leftovers
|-damage|p1a: Swampert|28/100 brn|[from] brn
|upkeep
|inactive|UULT91w Adaam has 60 seconds left.
|
|t:|1652023021
|switch|p2a: joey salami|Salamence, F|100/100
|turn|16
|c|☆UULT91w Adaam|all part of the plan yeah! magneton
|
|t:|1652023031
|move|p2a: joey salami|Dual Wingbeat|p1a: Swampert
|-damage|p1a: Swampert|12/100 brn
|-damage|p1a: Swampert|0 fnt
|faint|p1a: Swampert
|-ability|p2a: joey salami|Moxie|boost
|-boost|p2a: joey salami|atk|1
|-hitcount|p1: Swampert|2
|
|upkeep
|
|t:|1652023038
|switch|p1a: Porygon2|Porygon2|64/100
|-damage|p1a: Porygon2|52/100|[from] Stealth Rock
|-ability|p1a: Porygon2|Moxie|[from] ability: Trace|[of] p2a: joey salami
|turn|17
|
|t:|1652023046
|move|p2a: joey salami|Outrage|p1a: Porygon2
|-damage|p1a: Porygon2|1/100
|move|p1a: Porygon2|Thunder Wave|p2a: joey salami
|-status|p2a: joey salami|par
|
|upkeep
|turn|18
|
|t:|1652023050
|switch|p1a: Togekiss|Togekiss, F|100/100
|-damage|p1a: Togekiss|76/100|[from] Stealth Rock
|cant|p2a: joey salami|par
|
|-start|p2a: joey salami|confusion|[fatigue]
|upkeep
|turn|19
|inactive|UULT91w Adaam has 90 seconds left.
|inactive|UULT91w Adaam has 60 seconds left.
|
|t:|1652023097
|switch|p2a: Cobalion|Cobalion|97/100
|-damage|p2a: Cobalion|94/100|[from] Stealth Rock
|move|p1a: Togekiss|Air Slash|p2a: Cobalion
|-damage|p2a: Cobalion|51/100
|
|upkeep
|turn|20
|
|t:|1652023106
|switch|p1a: Porygon2|Porygon2|1/100
|-damage|p1a: Porygon2|0 fnt|[from] Stealth Rock
|faint|p1a: Porygon2
|move|p2a: Cobalion|Toxic|p1: Porygon2|[notarget]
|-fail|p2a: Cobalion
|
|upkeep
|
|t:|1652023110
|switch|p1a: Conkeldurr|Conkeldurr, F|100/100
|-damage|p1a: Conkeldurr|94/100|[from] Stealth Rock
|turn|21
|inactive|UULT91w Adaam has 60 seconds left.
|
|t:|1652023148
|move|p2a: Cobalion|Volt Switch|p1a: Conkeldurr
|-damage|p1a: Conkeldurr|76/100
|
|t:|1652023151
|switch|p2a: Slowking|Slowking, M|100/100 tox|[from]move: Volt Switch
|-damage|p2a: Slowking|88/100 tox|[from] Stealth Rock
|move|p1a: Conkeldurr|Drain Punch|p2a: Slowking
|-resisted|p2a: Slowking
|-damage|p2a: Slowking|71/100 tox
|-heal|p1a: Conkeldurr|85/100|[from] drain|[of] p2a: Slowking
|
|-damage|p2a: Slowking|65/100 tox|[from] psn
|-status|p1a: Conkeldurr|brn|[from] item: Flame Orb
|upkeep
|turn|22
|
|t:|1652023158
|switch|p2a: Cobalion|Cobalion|51/100
|-damage|p2a: Cobalion|48/100|[from] Stealth Rock
|move|p1a: Conkeldurr|Knock Off|p2a: Cobalion
|-resisted|p2a: Cobalion
|-damage|p2a: Cobalion|23/100
|-damage|p1a: Conkeldurr|68/100 brn|[from] item: Rocky Helmet|[of] p2a: Cobalion
|-ability|p2a: Cobalion|Justified|boost
|-boost|p2a: Cobalion|atk|1
|-enditem|p2a: Cobalion|Rocky Helmet|[from] move: Knock Off|[of] p1a: Conkeldurr
|
|-damage|p1a: Conkeldurr|62/100 brn|[from] brn
|upkeep
|turn|23
|
|t:|1652023169
|switch|p2a: Slowking|Slowking, M|98/100 tox
|-damage|p2a: Slowking|86/100 tox|[from] Stealth Rock
|move|p1a: Conkeldurr|Mach Punch|p2a: Slowking
|-resisted|p2a: Slowking
|-damage|p2a: Slowking|71/100 tox
|
|-damage|p2a: Slowking|65/100 tox|[from] psn
|-damage|p1a: Conkeldurr|56/100 brn|[from] brn
|upkeep
|turn|24
|j| battlefleet
|
|t:|1652023180
|switch|p2a: Cobalion|Cobalion|23/100
|-damage|p2a: Cobalion|20/100|[from] Stealth Rock
|move|p1a: Conkeldurr|Knock Off|p2a: Cobalion
|-resisted|p2a: Cobalion
|-damage|p2a: Cobalion|5/100
|-ability|p2a: Cobalion|Justified|boost
|-boost|p2a: Cobalion|atk|1
|
|-damage|p1a: Conkeldurr|50/100 brn|[from] brn
|upkeep
|turn|25
|
|t:|1652023188
|move|p1a: Conkeldurr|Mach Punch|p2a: Cobalion
|-supereffective|p2a: Cobalion
|-damage|p2a: Cobalion|0 fnt
|faint|p2a: Cobalion
|
|-damage|p1a: Conkeldurr|44/100 brn|[from] brn
|upkeep
|
|t:|1652023209
|switch|p2a: Slowking|Slowking, M|98/100 tox
|-damage|p2a: Slowking|86/100 tox|[from] Stealth Rock
|turn|26
|
|t:|1652023214
|switch|p1a: Zarude|Zarude|100/100
|-damage|p1a: Zarude|88/100|[from] Stealth Rock
|move|p2a: Slowking|Teleport|p2a: Slowking
|inactive|UULT91w Adaam has 30 seconds left.
|inactive|UULT91w Adaam has 20 seconds left.
|inactive|UULT91w Adaam has 15 seconds left.
|inactive|UULT91w Adaam has 10 seconds left.
|
|t:|1652023262
|switch|p2a: joey salami|Salamence, F|100/100 par|[from]move: Teleport
|
|upkeep
|turn|27
|inactive|UULT91w Adaam has 20 seconds left this turn.
|c|☆UULT91W Karli|Dont loose on timer
|
|t:|1652023269
|move|p1a: Zarude|U-turn|p2a: joey salami
|-resisted|p2a: joey salami
|-damage|p2a: joey salami|87/100 par
|inactive|UULT91w Adaam has 25 seconds left this turn.
|j| Moutemoute
|
|t:|1652023271
|switch|p1a: Togekiss|Togekiss, F|76/100|[from]move: U-turn
|-damage|p1a: Togekiss|51/100|[from] Stealth Rock
|cant|p2a: joey salami|par
|
|upkeep
|turn|28
|j| Parpar
|inactive|UULT91w Adaam has 30 seconds left.
|
|t:|1652023280
|switch|p2a: Diggersby|Diggersby, F|100/100
|-damage|p2a: Diggersby|94/100|[from] Stealth Rock
|move|p1a: Togekiss|Roost|p1a: Togekiss
|-heal|p1a: Togekiss|100/100
|-singleturn|p1a: Togekiss|move: Roost
|
|upkeep
|turn|29
|j| Peggegg
|
|t:|1652023284
|move|p2a: Diggersby|Body Slam|p1a: Togekiss
|-damage|p1a: Togekiss|47/100
|move|p1a: Togekiss|Air Slash|p2a: Diggersby
|-damage|p2a: Diggersby|53/100
|
|upkeep
|turn|30
|l| Moutemoute
|l| hariyana grande
|
|t:|1652023295
|switch|p2a: Zarude|Zarude-Dada|44/100
|move|p1a: Togekiss|Air Slash|p2a: Zarude
|-supereffective|p2a: Zarude
|-damage|p2a: Zarude|0 fnt
|faint|p2a: Zarude
|
|upkeep
|
|t:|1652023299
|switch|p2a: Diggersby|Diggersby, F|53/100
|-damage|p2a: Diggersby|47/100|[from] Stealth Rock
|turn|31
|
|t:|1652023313
|move|p2a: Diggersby|Knock Off|p1a: Togekiss
|-resisted|p1a: Togekiss
|-damage|p1a: Togekiss|33/100
|move|p1a: Togekiss|Air Slash|p2a: Diggersby
|-damage|p2a: Diggersby|9/100
|
|upkeep
|turn|32
|-message|UULT91w Adaam forfeited.
|
|win|UULT91W Karli
|raw|UULT91W Karli's rating: 1435 &rarr; <strong>1463</strong><br />(+28 for winning)
|raw|UULT91w Adaam's rating: 1592 &rarr; <strong>1564</strong><br />(-28 for losing)
|l| Peggegg
|l|☆UULT91w Adaam
|l| UULT91w Toto
|l| Parpar
|l| uu12m beomgyu
|l| goldtodd1
||Ladder isn't responding, score probably updated but might not have (Request timeout).
|l| UULT91w Micciu
|n| gods armada|battlefleet
