|j|☆Valiant Hearts
|j|☆nomi bomi
|t:|1616468916
|player|p1|Valiant Hearts|psychic-gen3|
|player|p2|nomi bomi|youngster-gen4|
|teamsize|p1|6
|teamsize|p2|6
|gametype|singles
|gen|8
|tier|[Gen 8] UU
|rated|Tournament battle
|clearpoke
|poke|p1|Keldeo-Resolute|
|poke|p1|Amoonguss, F|
|poke|p1|Salamence, M|
|poke|p1|Rhyperior, F|
|poke|p1|Zeraora|
|poke|p1|Scizor, F|
|poke|p2|Heliolisk, M|
|poke|p2|Cobalion|
|poke|p2|Slowbro-Galar, F|
|poke|p2|Sylveon, F|
|poke|p2|Incineroar, M|
|poke|p2|Golisopod, M|
|rule|Sleep Clause Mod: Limit one foe put to sleep
|rule|Species Clause: Limit one of each Pokémon
|rule|OHKO Clause: OHKO moves are banned
|rule|Evasion Moves Clause: Evasion moves are banned
|rule|Endless Battle Clause: Forcing endless battles is banned
|rule|HP Percentage Mod: HP is shown in percentages
|rule|Dynamax Clause: You cannot dynamax
|teampreview
|j| 467 11 11p
|
|t:|1616468939
|start
|switch|p1a: Amoonguss|Amoonguss, F|100/100
|switch|p2a: Heliolisk|Heliolisk, M|100/100
|turn|1
|inactive|Battle timer is ON: inactive players will automatically lose when time's up. (requested by Valiant Hearts)
|
|t:|1616468953
|move|p2a: Heliolisk|Glare|p1a: Amoonguss
|-status|p1a: Amoonguss|par
|move|p1a: Amoonguss|Spore|p2a: Heliolisk
|-status|p2a: Heliolisk|slp|[from] move: Spore
|
|upkeep
|turn|2
|
|t:|1616468962
|switch|p2a: Slowbro|Slowbro-Galar, F, shiny|100/100
|switch|p1a: Rhyperior|Rhyperior, F|100/100
|
|upkeep
|turn|3
|j| natdex garbodr 2
|l| natdex garbodr 2
|
|t:|1616468983
|move|p1a: Rhyperior|Earthquake|p2a: Slowbro
|-supereffective|p2a: Slowbro
|-damage|p2a: Slowbro|16/100
|move|p2a: Slowbro|Psyshock|p1a: Rhyperior
|-damage|p1a: Rhyperior|82/100
|
|-heal|p1a: Rhyperior|88/100|[from] item: Leftovers
|upkeep
|turn|4
|
|t:|1616468997
|switch|p2a: Golisopod|Golisopod, M|100/100
|move|p1a: Rhyperior|Stealth Rock|p2a: Golisopod
|-sidestart|p2: nomi bomi|move: Stealth Rock
|
|-heal|p1a: Rhyperior|95/100|[from] item: Leftovers
|upkeep
|turn|5
|
|t:|1616469004
|switch|p1a: Salamence|Salamence, M|100/100
|-ability|p1a: Salamence|Intimidate|boost
|-unboost|p2a: Golisopod|atk|1
|move|p2a: Golisopod|Liquidation|p1a: Salamence
|-resisted|p1a: Salamence
|-damage|p1a: Salamence|81/100
|
|upkeep
|turn|6
|
|t:|1616469009
|move|p1a: Salamence|Flamethrower|p2a: Golisopod
|-damage|p2a: Golisopod|71/100
|move|p2a: Golisopod|Spikes|p1a: Salamence
|-sidestart|p1: Valiant Hearts|Spikes
|
|upkeep
|turn|7
|
|t:|1616469014
|move|p1a: Salamence|Flamethrower|p2a: Golisopod
|-damage|p2a: Golisopod|42/100
|-activate|p2a: Golisopod|ability: Emergency Exit
|
|t:|1616469022
|switch|p2a: Sylveon|Sylveon, F, shiny|100/100
|-damage|p2a: Sylveon|88/100|[from] Stealth Rock
|
|-heal|p2a: Sylveon|94/100|[from] item: Leftovers
|upkeep
|turn|8
|j| AJ∯Electivire∯
|
|t:|1616469028
|switch|p1a: Amoonguss|Amoonguss, F|100/100 par
|-damage|p1a: Amoonguss|88/100 par|[from] Spikes
|move|p2a: Sylveon|Calm Mind|p2a: Sylveon
|-boost|p2a: Sylveon|spa|1
|-boost|p2a: Sylveon|spd|1
|
|-heal|p2a: Sylveon|99/100|[from] item: Leftovers
|upkeep
|turn|9
|
|t:|1616469036
|move|p2a: Sylveon|Mystical Fire|p1a: Amoonguss
|-supereffective|p1a: Amoonguss
|-damage|p1a: Amoonguss|36/100 par
|-unboost|p1a: Amoonguss|spa|1
|move|p1a: Amoonguss|Sludge Bomb|p2a: Sylveon
|-supereffective|p2a: Sylveon
|-damage|p2a: Sylveon|83/100
|-status|p2a: Sylveon|psn
|
|-heal|p2a: Sylveon|89/100 psn|[from] item: Leftovers
|-damage|p2a: Sylveon|76/100 psn|[from] psn
|upkeep
|turn|10
|
|t:|1616469047
|switch|p1a: Zeraora|Zeraora|100/100
|move|p2a: Sylveon|Mystical Fire|p1a: Zeraora
|-damage|p1a: Zeraora|58/100
|-unboost|p1a: Zeraora|spa|1
|
|-heal|p2a: Sylveon|82/100 psn|[from] item: Leftovers
|-damage|p2a: Sylveon|70/100 psn|[from] psn
|upkeep
|turn|11
|
|t:|1616469050
|move|p1a: Zeraora|Volt Switch|p2a: Sylveon
|-damage|p2a: Sylveon|62/100 psn
|
|t:|1616469054
|switch|p1a: Scizor|Scizor, F|100/100|[from]move: Volt Switch
|move|p2a: Sylveon|Hyper Voice|p1a: Scizor
|-resisted|p1a: Scizor
|-damage|p1a: Scizor|62/100
|
|-heal|p2a: Sylveon|68/100 psn|[from] item: Leftovers
|-damage|p2a: Sylveon|56/100 psn|[from] psn
|upkeep
|turn|12
|
|t:|1616469059
|move|p1a: Scizor|Bullet Punch|p2a: Sylveon
|-supereffective|p2a: Sylveon
|-damage|p2a: Sylveon|0 fnt
|faint|p2a: Sylveon
|
|upkeep
|
|t:|1616469064
|switch|p2a: Incineroar|Incineroar, M|100/100
|-ability|p2a: Incineroar|Intimidate|boost
|-unboost|p1a: Scizor|atk|1
|turn|13
|
|t:|1616469073
|switch|p1a: Salamence|Salamence, M|81/100
|-ability|p1a: Salamence|Intimidate|boost
|-unboost|p2a: Incineroar|atk|1
|move|p2a: Incineroar|Swords Dance|p2a: Incineroar
|-boost|p2a: Incineroar|atk|2
|
|upkeep
|turn|14
|
|t:|1616469079
|move|p1a: Salamence|Draco Meteor|p2a: Incineroar
|-damage|p2a: Incineroar|55/100
|-unboost|p1a: Salamence|spa|2
|move|p2a: Incineroar|Knock Off|p1a: Salamence
|-damage|p1a: Salamence|15/100
|-enditem|p1a: Salamence|Heavy-Duty Boots|[from] move: Knock Off|[of] p2a: Incineroar
|
|upkeep
|turn|15
|
|t:|1616469093
|move|p1a: Salamence|Draco Meteor|p2a: Incineroar
|-damage|p2a: Incineroar|35/100
|-unboost|p1a: Salamence|spa|2
|move|p2a: Incineroar|Knock Off|p1a: Salamence
|-damage|p1a: Salamence|0 fnt
|faint|p1a: Salamence
|
|upkeep
|
|t:|1616469098
|switch|p1a: Keldeo|Keldeo-Resolute|100/100
|-damage|p1a: Keldeo|88/100|[from] Spikes
|turn|16
|
|t:|1616469111
|switch|p2a: Golisopod|Golisopod, M|42/100
|move|p1a: Keldeo|Surf|p2a: Golisopod
|-resisted|p2a: Golisopod
|-damage|p2a: Golisopod|5/100
|
|upkeep
|turn|17
|
|t:|1616469115
|move|p2a: Golisopod|First Impression|p1a: Keldeo
|-resisted|p1a: Keldeo
|-damage|p1a: Keldeo|59/100
|move|p1a: Keldeo|Surf|p2a: Golisopod
|-resisted|p2a: Golisopod
|-damage|p2a: Golisopod|0 fnt
|faint|p2a: Golisopod
|
|upkeep
|
|t:|1616469126
|switch|p2a: Cobalion|Cobalion|100/100
|turn|18
|
|t:|1616469134
|move|p2a: Cobalion|Volt Switch|p1a: Keldeo
|-supereffective|p1a: Keldeo
|-damage|p1a: Keldeo|31/100
|
|t:|1616469138
|switch|p2a: Incineroar|Incineroar, M|35/100|[from]move: Volt Switch
|-ability|p2a: Incineroar|Intimidate|boost
|-unboost|p1a: Keldeo|atk|1
|move|p1a: Keldeo|Surf|p2a: Incineroar
|-supereffective|p2a: Incineroar
|-damage|p2a: Incineroar|0 fnt
|faint|p2a: Incineroar
|
|upkeep
|
|t:|1616469144
|switch|p2a: Cobalion|Cobalion|100/100
|turn|19
|
|t:|1616469150
|switch|p1a: Amoonguss|Amoonguss, F|69/100 par
|-damage|p1a: Amoonguss|57/100 par|[from] Spikes
|move|p2a: Cobalion|Close Combat|p1a: Amoonguss
|-resisted|p1a: Amoonguss
|-damage|p1a: Amoonguss|39/100 par
|-unboost|p2a: Cobalion|def|1
|-unboost|p2a: Cobalion|spd|1
|-damage|p2a: Cobalion|84/100|[from] item: Rocky Helmet|[of] p1a: Amoonguss
|
|upkeep
|turn|20
|
|t:|1616469159
|move|p2a: Cobalion|Stealth Rock|p1a: Amoonguss
|-sidestart|p1: Valiant Hearts|move: Stealth Rock
|move|p1a: Amoonguss|Giga Drain|p2a: Cobalion
|-resisted|p2a: Cobalion
|-damage|p2a: Cobalion|62/100
|-heal|p1a: Amoonguss|47/100 par|[from] drain|[of] p2a: Cobalion
|
|upkeep
|turn|21
|
|t:|1616469166
|move|p2a: Cobalion|Iron Head|p1a: Amoonguss
|-damage|p1a: Amoonguss|21/100 par
|-damage|p2a: Cobalion|46/100|[from] item: Rocky Helmet|[of] p1a: Amoonguss
|cant|p1a: Amoonguss|flinch
|
|upkeep
|turn|22
|
|t:|1616469175
|move|p2a: Cobalion|Volt Switch|p1a: Amoonguss
|-resisted|p1a: Amoonguss
|-damage|p1a: Amoonguss|15/100 par
|
|t:|1616469180
|switch|p2a: Heliolisk|Heliolisk, M|100/100 slp|[from]move: Volt Switch
|cant|p1a: Amoonguss|par
|
|upkeep
|turn|23
|
|t:|1616469191
|switch|p1a: Zeraora|Zeraora|58/100
|cant|p2a: Heliolisk|slp
|
|upkeep
|turn|24
|
|t:|1616469197
|move|p1a: Zeraora|Close Combat|p2a: Heliolisk
|-supereffective|p2a: Heliolisk
|-damage|p2a: Heliolisk|0 fnt
|-unboost|p1a: Zeraora|def|1
|-unboost|p1a: Zeraora|spd|1
|faint|p2a: Heliolisk
|
|upkeep
|c|☆nomi bomi|gg
|-message|nomi bomi forfeited.
|
|win|Valiant Hearts
|n|☆Valiant Hearts|valianthearts
|n|☆nomi bomi|nomibomi
|n| 467 11 11p|4671111p
|n| AJ∯Electivire∯|ajelectivire
|l|☆nomi bomi
|c|☆Valiant Hearts|gg
|l|☆Valiant Hearts
