|j|☆Study_up
|j|☆DarkHorse344
|t:|1668094170
|gametype|singles
|player|p1|Study_up|bugcatcher-gen4dp|1426
|player|p2|DarkHorse344|brendan-gen3rs|1588
|teamsize|p1|6
|teamsize|p2|6
|gen|8
|tier|[Gen 8] UU
|rated|
|rule|Sleep Clause Mod: Limit one foe put to sleep
|rule|Species Clause: Limit one of each Pokémon
|rule|OHKO Clause: OHKO moves are banned
|rule|Evasion Items Clause: Evasion items are banned
|rule|Evasion Moves Clause: Evasion moves are banned
|rule|Endless Battle Clause: Forcing endless battles is banned
|rule|HP Percentage Mod: HP is shown in percentages
|rule|Dynamax Clause: You cannot dynamax
|clearpoke
|poke|p1|Grimmsnarl, M|
|poke|p1|Conkeldurr, F|
|poke|p1|Crawdaunt, M|
|poke|p1|Lycanroc-Dusk, M|
|poke|p1|Salamence, F|
|poke|p1|Polteageist|
|poke|p2|Politoed, F|
|poke|p2|Kingdra, F|
|poke|p2|Salamence, F|
|poke|p2|Amoonguss, F|
|poke|p2|Kabutops, F|
|poke|p2|Tornadus, M|
|teampreview
|inactive|Battle timer is ON: inactive players will automatically lose when time's up. (requested by DarkHorse344)
|
|t:|1668094210
|start
|switch|p1a: Grimmsnarl|Grimmsnarl, M|100/100
|switch|p2a: Politoed|Politoed, F|100/100
|-weather|RainDance|[from] ability: Drizzle|[of] p2a: Politoed
|turn|1
|
|t:|1668094217
|move|p1a: Grimmsnarl|Thunder Wave|p2a: Politoed
|-status|p2a: Politoed|par
|cant|p2a: Politoed|par
|
|-weather|RainDance|[upkeep]
|upkeep
|turn|2
|
|t:|1668094241
|switch|p2a: Tornadus|Tornadus, M|100/100
|move|p1a: Grimmsnarl|Reflect|p1a: Grimmsnarl
|-sidestart|p1: Study_up|Reflect
|
|-weather|RainDance|[upkeep]
|upkeep
|turn|3
|
|t:|1668094248
|move|p1a: Grimmsnarl|Thunder Wave|p2a: Tornadus
|-status|p2a: Tornadus|par
|move|p2a: Tornadus|Hurricane|p1a: Grimmsnarl
|-damage|p1a: Grimmsnarl|1/100
|-start|p1a: Grimmsnarl|confusion
|-enditem|p1a: Grimmsnarl|Eject Button
|inactive|Study_up has 120 seconds left.
|
|t:|1668094283
|switch|p1a: Lycanroc|Lycanroc-Dusk, M|100/100
|
|-weather|RainDance|[upkeep]
|upkeep
|turn|4
|
|t:|1668094289
|switch|p2a: Amoonguss|Amoonguss, F|100/100
|move|p1a: Lycanroc|Accelerock|p2a: Amoonguss
|-damage|p2a: Amoonguss|75/100
|-enditem|p2a: Amoonguss|Eject Button
|-damage|p1a: Lycanroc|91/100|[from] item: Life Orb
|j| Oudatoma
|l| Oudatoma
|
|t:|1668094303
|switch|p2a: Kingdra|Kingdra, F|100/100
|
|-weather|RainDance|[upkeep]
|upkeep
|turn|5
|
|t:|1668094312
|move|p2a: Kingdra|Surf|p1a: Lycanroc
|-supereffective|p1a: Lycanroc
|-damage|p1a: Lycanroc|0 fnt
|faint|p1a: Lycanroc
|
|-weather|RainDance|[upkeep]
|upkeep
|
|t:|1668094322
|switch|p1a: Grimmsnarl|Grimmsnarl, M|1/100
|turn|6
|j| Oudatoma
|
|t:|1668094327
|switch|p2a: Tornadus|Tornadus, M|100/100 par
|move|p1a: Grimmsnarl|Light Screen|p1a: Grimmsnarl
|-sidestart|p1: Study_up|move: Light Screen
|
|-weather|RainDance|[upkeep]
|-sideend|p1: Study_up|Reflect
|upkeep
|turn|7
|
|t:|1668094346
|switch|p1a: Conkeldurr|Conkeldurr, F|100/100
|move|p2a: Tornadus|U-turn|p1a: Conkeldurr
|-resisted|p1a: Conkeldurr
|-damage|p1a: Conkeldurr|92/100
|
|t:|1668094353
|switch|p2a: Kingdra|Kingdra, F|100/100|[from]move: U-turn
|
|-weather|RainDance|[upkeep]
|upkeep
|turn|8
|
|t:|1668094359
|move|p2a: Kingdra|Hurricane|p1a: Conkeldurr
|-supereffective|p1a: Conkeldurr
|-damage|p1a: Conkeldurr|42/100
|-enditem|p1a: Conkeldurr|Sitrus Berry|[eat]
|-heal|p1a: Conkeldurr|67/100|[from] item: Sitrus Berry
|move|p1a: Conkeldurr|Bulk Up|p1a: Conkeldurr
|-boost|p1a: Conkeldurr|atk|1
|-boost|p1a: Conkeldurr|def|1
|
|-weather|none
|upkeep
|turn|9
|
|t:|1668094372
|switch|p2a: Salamence|Salamence, F|100/100
|-ability|p2a: Salamence|Intimidate|boost
|-unboost|p1a: Conkeldurr|atk|1
|move|p1a: Conkeldurr|Bulk Up|p1a: Conkeldurr
|-boost|p1a: Conkeldurr|atk|1
|-boost|p1a: Conkeldurr|def|1
|
|upkeep
|turn|10
|
|t:|1668094379
|move|p2a: Salamence|Hurricane|p1a: Conkeldurr
|-supereffective|p1a: Conkeldurr
|-damage|p1a: Conkeldurr|30/100
|-start|p1a: Conkeldurr|confusion
|-activate|p1a: Conkeldurr|confusion
|move|p1a: Conkeldurr|Knock Off|p2a: Salamence
|-damage|p2a: Salamence|47/100
|-enditem|p2a: Salamence|Heavy-Duty Boots|[from] move: Knock Off|[of] p1a: Conkeldurr
|
|-sideend|p1: Study_up|move: Light Screen
|upkeep
|turn|11
|
|t:|1668094391
|move|p2a: Salamence|Hurricane|p1a: Conkeldurr
|-supereffective|p1a: Conkeldurr
|-damage|p1a: Conkeldurr|0 fnt
|faint|p1a: Conkeldurr
|
|upkeep
|
|t:|1668094398
|switch|p1a: Grimmsnarl|Grimmsnarl, M|1/100
|turn|12
|
|t:|1668094401
|move|p1a: Grimmsnarl|Light Screen|p1a: Grimmsnarl
|-sidestart|p1: Study_up|move: Light Screen
|move|p2a: Salamence|Roost|p2a: Salamence
|-heal|p2a: Salamence|97/100
|-singleturn|p2a: Salamence|move: Roost
|
|upkeep
|turn|13
|
|t:|1668094405
|move|p1a: Grimmsnarl|Thunder Wave|p2a: Salamence
|-status|p2a: Salamence|par
|move|p2a: Salamence|Defog|p1a: Grimmsnarl
|-unboost|p1a: Grimmsnarl|evasion|1
|-sideend|p1: Study_up|move: Light Screen
|
|upkeep
|turn|14
|
|t:|1668094423
|switch|p1a: Polteageist|Polteageist|100/100
|move|p2a: Salamence|Hurricane|p1a: Polteageist
|-damage|p1a: Polteageist|55/100
|
|upkeep
|turn|15
|
|t:|1668094428
|move|p1a: Polteageist|Shell Smash|p1a: Polteageist
|-unboost|p1a: Polteageist|def|1
|-unboost|p1a: Polteageist|spd|1
|-boost|p1a: Polteageist|atk|2
|-boost|p1a: Polteageist|spa|2
|-boost|p1a: Polteageist|spe|2
|move|p2a: Salamence|Draco Meteor|p1a: Polteageist
|-damage|p1a: Polteageist|0 fnt
|-unboost|p2a: Salamence|spa|2
|faint|p1a: Polteageist
|
|upkeep
|l| Oudatoma
|
|t:|1668094441
|switch|p1a: Salamence|Salamence, F|100/100
|turn|16
|
|t:|1668094451
|switch|p2a: Politoed|Politoed, F|100/100 par
|-weather|RainDance|[from] ability: Drizzle|[of] p2a: Politoed
|move|p1a: Salamence|Dragon Dance|p1a: Salamence
|-boost|p1a: Salamence|atk|1
|-boost|p1a: Salamence|spe|1
|
|-weather|RainDance|[upkeep]
|upkeep
|turn|17
|
|t:|1668094456
|move|p1a: Salamence|Dragon Dance|p1a: Salamence
|-boost|p1a: Salamence|atk|1
|-boost|p1a: Salamence|spe|1
|move|p2a: Politoed|Encore|p1a: Salamence
|-start|p1a: Salamence|Encore
|
|-weather|RainDance|[upkeep]
|upkeep
|turn|18
|
|t:|1668094474
|switch|p1a: Crawdaunt|Crawdaunt, M|100/100
|switch|p2a: Kingdra|Kingdra, F|100/100
|
|-weather|RainDance|[upkeep]
|upkeep
|turn|19
|inactive|DarkHorse344 has 120 seconds left.
|
|t:|1668094500
|move|p2a: Kingdra|Hurricane|p1a: Crawdaunt
|-damage|p1a: Crawdaunt|5/100
|move|p1a: Crawdaunt|Knock Off|p2a: Kingdra
|-damage|p2a: Kingdra|7/100
|-enditem|p2a: Kingdra|Choice Specs|[from] move: Knock Off|[of] p1a: Crawdaunt
|
|-weather|RainDance|[upkeep]
|upkeep
|turn|20
|inactive|DarkHorse344 has 120 seconds left.
|
|t:|1668094510
|move|p1a: Crawdaunt|Aqua Jet|p2a: Kingdra
|-resisted|p2a: Kingdra
|-damage|p2a: Kingdra|0 fnt
|faint|p2a: Kingdra
|
|-weather|RainDance|[upkeep]
|upkeep
|inactive|DarkHorse344 has 120 seconds left.
|
|t:|1668094516
|switch|p2a: Kabutops|Kabutops, F|100/100
|turn|21
|
|t:|1668094521
|move|p2a: Kabutops|Aqua Jet|p1a: Crawdaunt
|-resisted|p1a: Crawdaunt
|-damage|p1a: Crawdaunt|0 fnt
|faint|p1a: Crawdaunt
|-damage|p2a: Kabutops|91/100|[from] item: Life Orb
|
|-weather|RainDance|[upkeep]
|upkeep
|
|t:|1668094523
|switch|p1a: Grimmsnarl|Grimmsnarl, M|1/100
|turn|22
|
|t:|1668094525
|move|p2a: Kabutops|Aqua Jet|p1a: Grimmsnarl
|-damage|p1a: Grimmsnarl|0 fnt
|faint|p1a: Grimmsnarl
|-damage|p2a: Kabutops|81/100|[from] item: Life Orb
|
|-weather|RainDance|[upkeep]
|upkeep
|
|t:|1668094529
|switch|p1a: Salamence|Salamence, F|100/100
|turn|23
|
|t:|1668094532
|move|p2a: Kabutops|Stone Edge|p1a: Salamence
|-supereffective|p1a: Salamence
|-crit|p1a: Salamence
|-damage|p1a: Salamence|0 fnt
|faint|p1a: Salamence
|-damage|p2a: Kabutops|71/100|[from] item: Life Orb
|
|win|DarkHorse344
|raw|Study_up's rating: 1426 &rarr; <strong>1415</strong><br />(-11 for losing)
|raw|DarkHorse344's rating: 1588 &rarr; <strong>1599</strong><br />(+11 for winning)
