|html|<div class="broadcast-blue"><strong>[Gen 8] UU is currently suspecting Thundurus! For information on how to participate check out the <a href="https://www.smogon.com/forums/threads/np-ss-uu-stage-9-1-king-of-the-clouds.3689570/">suspect thread</a>.</strong></div>
|j|☆OreitoImposter
|j|☆UU9T FieryGMoltres
|t:|1629905262
|gametype|singles
|player|p1|OreitoImposter|juggler|1241
|player|p2|UU9T FieryGMoltres|evelyn|1384
|teamsize|p1|6
|teamsize|p2|6
|gen|8
|tier|[Gen 8] UU
|rated|
|rule|Sleep Clause Mod: Limit one foe put to sleep
|rule|Species Clause: Limit one of each Pokémon
|rule|OHKO Clause: OHKO moves are banned
|rule|Evasion Moves Clause: Evasion moves are banned
|rule|Endless Battle Clause: Forcing endless battles is banned
|rule|HP Percentage Mod: HP is shown in percentages
|rule|Dynamax Clause: You cannot dynamax
|clearpoke
|poke|p1|Shedinja|
|poke|p1|Zoroark, M|
|poke|p1|Hatterene, F|
|poke|p1|Tentacruel, F|
|poke|p1|Chansey, F|
|poke|p1|Buzzwole|
|poke|p2|Primarina, M|
|poke|p2|Amoonguss, F|
|poke|p2|Rotom-Heat|
|poke|p2|Celesteela|
|poke|p2|Nidoqueen, F|
|poke|p2|Kommo-o, M|
|teampreview
|
|t:|1629905277
|start
|switch|p1a: OnePunchBug|Buzzwole|100/100
|switch|p2a: Nidoqueen|Nidoqueen, F|100/100
|turn|1
|inactive|Battle timer is ON: inactive players will automatically lose when time's up. (requested by OreitoImposter)
|
|t:|1629905283
|switch|p2a: Celesteela|Celesteela|100/100
|move|p1a: OnePunchBug|Knock Off|p2a: Celesteela
|-damage|p2a: Celesteela|47/100
|-enditem|p2a: Celesteela|Leftovers|[from] move: Knock Off|[of] p1a: OnePunchBug
|
|upkeep
|turn|2
|
|t:|1629905292
|move|p1a: OnePunchBug|Knock Off|p2a: Celesteela
|-damage|p2a: Celesteela|12/100
|move|p2a: Celesteela|Leech Seed|p1a: OnePunchBug
|-start|p1a: OnePunchBug|move: Leech Seed
|
|-damage|p1a: OnePunchBug|88/100|[from] Leech Seed|[of] p2a: Celesteela
|-heal|p2a: Celesteela|20/100|[silent]
|upkeep
|turn|3
|
|t:|1629905296
|switch|p1a: Jelly|Tentacruel, F, shiny|100/100
|move|p2a: Celesteela|Protect||[still]
|-fail|p2a: Celesteela
|
|upkeep
|turn|4
|
|t:|1629905302
|switch|p2a: Nidoqueen|Nidoqueen, F|100/100
|move|p1a: Jelly|Scald|p2a: Nidoqueen
|-supereffective|p2a: Nidoqueen
|-damage|p2a: Nidoqueen|44/100
|-status|p2a: Nidoqueen|brn
|
|-damage|p2a: Nidoqueen|38/100 brn|[from] brn
|upkeep
|turn|5
|
|t:|1629905305
|switch|p1a: Kirby|Chansey, F|100/100
|move|p2a: Nidoqueen|Stealth Rock|p1a: Kirby
|-sidestart|p1: OreitoImposter|move: Stealth Rock
|
|-damage|p2a: Nidoqueen|32/100 brn|[from] brn
|upkeep
|turn|6
|
|t:|1629905315
|switch|p2a: Celesteela|Celesteela|20/100
|move|p1a: Kirby|Stealth Rock|p2a: Celesteela
|-sidestart|p2: UU9T FieryGMoltres|move: Stealth Rock
|
|upkeep
|turn|7
|
|t:|1629905319
|switch|p1a: Jelly|Tentacruel, F, shiny|100/100
|-damage|p1a: Jelly|88/100|[from] Stealth Rock
|move|p2a: Celesteela|Leech Seed|p1a: Jelly
|-start|p1a: Jelly|move: Leech Seed
|
|-heal|p1a: Jelly|94/100|[from] item: Black Sludge
|-damage|p1a: Jelly|82/100|[from] Leech Seed|[of] p2a: Celesteela
|-damage|p2a: Celesteela|9/100|[from] ability: Liquid Ooze|[of] p1a: Jelly
|upkeep
|turn|8
|
|t:|1629905321
|move|p2a: Celesteela|Protect|p2a: Celesteela
|-singleturn|p2a: Celesteela|Protect
|move|p1a: Jelly|Rapid Spin|p2a: Celesteela
|-activate|p2a: Celesteela|move: Protect
|
|-heal|p1a: Jelly|88/100|[from] item: Black Sludge
|-damage|p1a: Jelly|75/100|[from] Leech Seed|[of] p2a: Celesteela
|-damage|p2a: Celesteela|0 fnt|[from] ability: Liquid Ooze|[of] p1a: Jelly
|faint|p2a: Celesteela
|upkeep
|
|t:|1629905327
|switch|p2a: Kommo-o|Kommo-o, M|100/100
|-damage|p2a: Kommo-o|94/100|[from] Stealth Rock
|turn|9
|
|t:|1629905334
|switch|p1a: Winx|Hatterene, F|100/100
|-damage|p1a: Winx|88/100|[from] Stealth Rock
|move|p2a: Kommo-o|Swords Dance|p2a: Kommo-o
|-boost|p2a: Kommo-o|atk|2
|
|-heal|p2a: Kommo-o|100/100|[from] item: Leftovers
|-heal|p1a: Winx|94/100|[from] item: Leftovers
|upkeep
|turn|10
|
|t:|1629905337
|move|p2a: Kommo-o|Poison Jab|p1a: Winx
|-supereffective|p1a: Winx
|-damage|p1a: Winx|18/100
|move|p1a: Winx|Draining Kiss|p2a: Kommo-o
|-supereffective|p2a: Kommo-o
|-damage|p2a: Kommo-o|8/100
|-heal|p1a: Winx|81/100|[from] drain|[of] p2a: Kommo-o
|
|-heal|p2a: Kommo-o|15/100|[from] item: Leftovers
|-heal|p1a: Winx|87/100|[from] item: Leftovers
|upkeep
|turn|11
|
|t:|1629905343
|move|p2a: Kommo-o|Poison Jab|p1a: Winx
|-supereffective|p1a: Winx
|-damage|p1a: Winx|2/100
|move|p1a: Winx|Draining Kiss|p2a: Kommo-o
|-supereffective|p2a: Kommo-o
|-damage|p2a: Kommo-o|0 fnt
|-heal|p1a: Winx|12/100|[from] drain|[of] p2a: Kommo-o
|faint|p2a: Kommo-o
|
|-heal|p1a: Winx|18/100|[from] item: Leftovers
|upkeep
|
|t:|1629905353
|switch|p2a: Nidoqueen|Nidoqueen, F|32/100 brn
|-damage|p2a: Nidoqueen|25/100 brn|[from] Stealth Rock
|turn|12
|
|t:|1629905355
|move|p1a: Winx|Protect|p1a: Winx
|-singleturn|p1a: Winx|Protect
|move|p2a: Nidoqueen|Sludge Wave|p1a: Winx
|-activate|p1a: Winx|move: Protect
|
|-heal|p1a: Winx|24/100|[from] item: Leftovers
|-damage|p2a: Nidoqueen|19/100 brn|[from] brn
|upkeep
|turn|13
|
|t:|1629905360
|switch|p1a: Kirby|Chansey, F|100/100
|-damage|p1a: Kirby|88/100|[from] Stealth Rock
|move|p2a: Nidoqueen|Sludge Wave|p1a: Kirby
|-damage|p1a: Kirby|70/100
|
|-damage|p2a: Nidoqueen|13/100 brn|[from] brn
|upkeep
|turn|14
|
|t:|1629905363
|move|p2a: Nidoqueen|Sludge Wave|p1a: Kirby
|-damage|p1a: Kirby|50/100
|move|p1a: Kirby|Soft-Boiled|p1a: Kirby
|-heal|p1a: Kirby|99/100
|
|-damage|p2a: Nidoqueen|7/100 brn|[from] brn
|upkeep
|turn|15
|
|t:|1629905375
|move|p2a: Nidoqueen|Sludge Wave|p1a: Kirby
|-damage|p1a: Kirby|80/100
|move|p1a: Kirby|Teleport|p1a: Kirby
|
|t:|1629905382
|switch|p1a: OnePunchBug|Buzzwole|88/100|[from]move: Teleport
|-damage|p1a: OnePunchBug|76/100|[from] Stealth Rock
|
|-damage|p2a: Nidoqueen|0 fnt|[from] brn
|faint|p2a: Nidoqueen
|upkeep
|
|t:|1629905386
|switch|p2a: Primarina|Primarina, M|100/100
|-damage|p2a: Primarina|88/100|[from] Stealth Rock
|turn|16
|
|t:|1629905397
|move|p1a: OnePunchBug|U-turn|p2a: Primarina
|-resisted|p2a: Primarina
|-damage|p2a: Primarina|69/100
|
|t:|1629905399
|switch|p1a: Jelly|Tentacruel, F, shiny|75/100|[from]move: U-turn
|-damage|p1a: Jelly|63/100|[from] Stealth Rock
|move|p2a: Primarina|Substitute|p2a: Primarina
|-start|p2a: Primarina|Substitute
|-damage|p2a: Primarina|44/100
|
|-heal|p1a: Jelly|69/100|[from] item: Black Sludge
|-heal|p2a: Primarina|50/100|[from] item: Leftovers
|upkeep
|turn|17
|
|t:|1629905401
|move|p1a: Jelly|Rapid Spin|p2a: Primarina
|-crit|p2a: Primarina
|-activate|p2a: Primarina|move: Substitute|[damage]
|-sideend|p1: OreitoImposter|Stealth Rock|[from] move: Rapid Spin|[of] p1a: Jelly
|-boost|p1a: Jelly|spe|1
|move|p2a: Primarina|Calm Mind|p2a: Primarina
|-boost|p2a: Primarina|spa|1
|-boost|p2a: Primarina|spd|1
|
|-heal|p1a: Jelly|75/100|[from] item: Black Sludge
|-heal|p2a: Primarina|56/100|[from] item: Leftovers
|upkeep
|turn|18
|
|t:|1629905406
|move|p1a: Jelly|Sludge Bomb|p2a: Primarina
|-supereffective|p2a: Primarina
|-end|p2a: Primarina|Substitute
|move|p2a: Primarina|Substitute|p2a: Primarina
|-start|p2a: Primarina|Substitute
|-damage|p2a: Primarina|31/100
|
|-heal|p1a: Jelly|81/100|[from] item: Black Sludge
|-heal|p2a: Primarina|37/100|[from] item: Leftovers
|upkeep
|turn|19
|
|t:|1629905409
|move|p1a: Jelly|Sludge Bomb|p2a: Primarina
|-supereffective|p2a: Primarina
|-activate|p2a: Primarina|move: Substitute|[damage]
|move|p2a: Primarina|Calm Mind|p2a: Primarina
|-boost|p2a: Primarina|spa|1
|-boost|p2a: Primarina|spd|1
|
|-heal|p1a: Jelly|87/100|[from] item: Black Sludge
|-heal|p2a: Primarina|43/100|[from] item: Leftovers
|upkeep
|turn|20
|
|t:|1629905411
|move|p1a: Jelly|Sludge Bomb|p2a: Primarina
|-supereffective|p2a: Primarina
|-end|p2a: Primarina|Substitute
|move|p2a: Primarina|Substitute|p2a: Primarina
|-start|p2a: Primarina|Substitute
|-damage|p2a: Primarina|18/100
|
|-heal|p1a: Jelly|93/100|[from] item: Black Sludge
|-heal|p2a: Primarina|24/100|[from] item: Leftovers
|upkeep
|turn|21
|
|t:|1629905416
|move|p1a: Jelly|Sludge Bomb|p2a: Primarina
|-supereffective|p2a: Primarina
|-activate|p2a: Primarina|move: Substitute|[damage]
|move|p2a: Primarina|Calm Mind|p2a: Primarina
|-boost|p2a: Primarina|spa|1
|-boost|p2a: Primarina|spd|1
|
|-heal|p1a: Jelly|99/100|[from] item: Black Sludge
|-heal|p2a: Primarina|30/100|[from] item: Leftovers
|upkeep
|turn|22
|
|t:|1629905418
|move|p1a: Jelly|Sludge Bomb|p2a: Primarina
|-supereffective|p2a: Primarina
|-end|p2a: Primarina|Substitute
|move|p2a: Primarina|Substitute|p2a: Primarina
|-start|p2a: Primarina|Substitute
|-damage|p2a: Primarina|5/100
|
|-heal|p1a: Jelly|100/100|[from] item: Black Sludge
|-heal|p2a: Primarina|11/100|[from] item: Leftovers
|upkeep
|turn|23
|
|t:|1629905424
|move|p1a: Jelly|Sludge Bomb|p2a: Primarina
|-supereffective|p2a: Primarina
|-activate|p2a: Primarina|move: Substitute|[damage]
|move|p2a: Primarina|Scald|p1a: Jelly
|-resisted|p1a: Jelly
|-damage|p1a: Jelly|52/100
|
|-heal|p1a: Jelly|58/100|[from] item: Black Sludge
|-heal|p2a: Primarina|18/100|[from] item: Leftovers
|upkeep
|turn|24
|
|t:|1629905431
|switch|p1a: Immortal|Shedinja, shiny|100/100
|move|p2a: Primarina|Scald|p1a: Immortal
|-immune|p1a: Immortal|[from] ability: Wonder Guard
|
|-heal|p2a: Primarina|24/100|[from] item: Leftovers
|upkeep
|turn|25
|
|t:|1629905435
|move|p1a: Immortal|Poltergeist|p2a: Primarina
|-activate|p2a: Primarina|move: Poltergeist|Leftovers
|-end|p2a: Primarina|Substitute
|move|p2a: Primarina|Scald|p1a: Immortal
|-immune|p1a: Immortal|[from] ability: Wonder Guard
|
|-heal|p2a: Primarina|30/100|[from] item: Leftovers
|upkeep
|turn|26
|-message|UU9T FieryGMoltres forfeited.
|
|win|OreitoImposter
|raw|OreitoImposter's rating: 1241 &rarr; <strong>1276</strong><br />(+35 for winning)
|raw|UU9T FieryGMoltres's rating: 1384 &rarr; <strong>1356</strong><br />(-28 for losing)
|c|☆OreitoImposter|Gg
||Ladder isn't responding, score probably updated but might not have (Request timeout).
