|j|☆robintherobin
|j|☆Liz Angeles
|t:|1665169588
|gametype|singles
|player|p1|robintherobin|evelyn|1284
|player|p2|Liz Angeles|marley|1425
|teamsize|p1|6
|teamsize|p2|6
|gen|8
|tier|[Gen 8] UU
|rated|
|rule|Sleep Clause Mod: Limit one foe put to sleep
|rule|Species Clause: Limit one of each Pokémon
|rule|OHKO Clause: OHKO moves are banned
|rule|Evasion Items Clause: Evasion items are banned
|rule|Evasion Moves Clause: Evasion moves are banned
|rule|Endless Battle Clause: Forcing endless battles is banned
|rule|HP Percentage Mod: HP is shown in percentages
|rule|Dynamax Clause: You cannot dynamax
|clearpoke
|poke|p1|Salamence, F|
|poke|p1|Excadrill, F|
|poke|p1|Amoonguss, F|
|poke|p1|Primarina, F|
|poke|p1|Conkeldurr, F|
|poke|p1|Necrozma|
|poke|p2|Tangrowth, M|
|poke|p2|Slowking, F|
|poke|p2|Cobalion|
|poke|p2|Zygarde-10%|
|poke|p2|Skarmory, F|
|poke|p2|Regieleki|
|teampreview
|
|t:|1665169603
|start
|switch|p1a: Salamence|Salamence, F|100/100
|switch|p2a: Zygarde|Zygarde-10%|100/100
|-ability|p2a: Zygarde|Aura Break
|-ability|p1a: Salamence|Intimidate|boost
|-unboost|p2a: Zygarde|atk|1
|turn|1
|
|t:|1665169625
|switch|p2a: Slowking|Slowking, F|100/100
|switch|p1a: Amoonguss|Amoonguss, F|100/100
|
|upkeep
|turn|2
|
|t:|1665169661
|move|p1a: Amoonguss|Giga Drain|p2a: Slowking
|-supereffective|p2a: Slowking
|-damage|p2a: Slowking|62/100
|move|p2a: Slowking|Future Sight|p1a: Amoonguss
|-start|p2a: Slowking|move: Future Sight
|
|-heal|p2a: Slowking|69/100|[from] item: Leftovers
|upkeep
|turn|3
|
|t:|1665169673
|switch|p1a: Necrozma|Necrozma|100/100
|switch|p2a: Cobalion|Cobalion|100/100
|
|upkeep
|turn|4
|
|t:|1665169687
|move|p2a: Cobalion|Toxic|p1a: Necrozma
|-status|p1a: Necrozma|tox
|move|p1a: Necrozma|Heat Wave|p2a: Cobalion
|-supereffective|p2a: Cobalion
|-damage|p2a: Cobalion|22/100
|
|-end|p1a: Necrozma|move: Future Sight
|-resisted|p1a: Necrozma
|-damage|p1a: Necrozma|81/100 tox
|-heal|p2a: Cobalion|29/100|[from] item: Leftovers
|-damage|p1a: Necrozma|75/100 tox|[from] psn
|upkeep
|turn|5
|
|t:|1665169707
|switch|p1a: Salamence|Salamence, F|100/100
|-ability|p1a: Salamence|Intimidate|boost
|-unboost|p2a: Cobalion|atk|1
|move|p2a: Cobalion|Volt Switch|p1a: Salamence
|-damage|p1a: Salamence|83/100
|
|t:|1665169718
|switch|p2a: Slowking|Slowking, F|100/100|[from]move: Volt Switch
|
|upkeep
|turn|6
|
|t:|1665169737
|move|p1a: Salamence|Hurricane|p2a: Slowking
|-damage|p2a: Slowking|59/100
|move|p2a: Slowking|Future Sight|p1a: Salamence
|-start|p2a: Slowking|move: Future Sight
|
|-heal|p2a: Slowking|65/100|[from] item: Leftovers
|upkeep
|turn|7
|j| HeartofOblivion
|inactive|Battle timer is ON: inactive players will automatically lose when time's up. (requested by robintherobin)
|
|t:|1665169797
|move|p1a: Salamence|Hurricane|p2a: Slowking
|-damage|p2a: Slowking|23/100
|-start|p2a: Slowking|confusion
|-activate|p2a: Slowking|confusion
|-damage|p2a: Slowking|19/100|[from] confusion
|
|-heal|p2a: Slowking|25/100|[from] item: Leftovers
|upkeep
|turn|8
|
|t:|1665169807
|switch|p1a: Primarina|Primarina, F|100/100
|switch|p2a: Regijesus|Regieleki|100/100
|
|-end|p1a: Primarina|move: Future Sight
|-damage|p1a: Primarina|77/100
|-heal|p1a: Primarina|83/100|[from] item: Leftovers
|upkeep
|turn|9
|
|t:|1665169836
|switch|p2a: Slowking|Slowking, F|58/100
|switch|p1a: Excadrill|Excadrill, F|100/100
|-ability|p1a: Excadrill|Mold Breaker
|
|-heal|p2a: Slowking|64/100|[from] item: Leftovers
|upkeep
|turn|10
|
|t:|1665169858
|move|p1a: Excadrill|Stealth Rock|p2a: Slowking
|-sidestart|p2: Liz Angeles|move: Stealth Rock
|move|p2a: Slowking|Scald|p1a: Excadrill
|-supereffective|p1a: Excadrill
|-damage|p1a: Excadrill|22/100
|-status|p1a: Excadrill|brn
|
|-heal|p1a: Excadrill|28/100 brn|[from] item: Leftovers
|-heal|p2a: Slowking|71/100|[from] item: Leftovers
|-damage|p1a: Excadrill|22/100 brn|[from] brn
|upkeep
|turn|11
|
|t:|1665169871
|switch|p1a: Primarina|Primarina, F|83/100
|move|p2a: Slowking|Future Sight|p1a: Primarina
|-start|p2a: Slowking|move: Future Sight
|
|-heal|p1a: Primarina|89/100|[from] item: Leftovers
|-heal|p2a: Slowking|77/100|[from] item: Leftovers
|upkeep
|turn|12
|
|t:|1665169878
|move|p1a: Primarina|Substitute|p1a: Primarina
|-start|p1a: Primarina|Substitute
|-damage|p1a: Primarina|64/100
|move|p2a: Slowking|Teleport|p2a: Slowking
|
|t:|1665169882
|switch|p2a: Regijesus|Regieleki|100/100|[from]move: Teleport
|
|-heal|p1a: Primarina|70/100|[from] item: Leftovers
|upkeep
|turn|13
|
|t:|1665169891
|move|p2a: Regijesus|Volt Switch|p1a: Primarina
|-supereffective|p1a: Primarina
|-end|p1a: Primarina|Substitute
|
|t:|1665169894
|switch|p2a: Tangrowth|Tangrowth, M|100/100|[from]move: Volt Switch
|-damage|p2a: Tangrowth|88/100|[from] Stealth Rock
|move|p1a: Primarina|Calm Mind|p1a: Primarina
|-boost|p1a: Primarina|spa|1
|-boost|p1a: Primarina|spd|1
|
|-end|p1a: Primarina|move: Future Sight
|-damage|p1a: Primarina|52/100
|-heal|p1a: Primarina|58/100|[from] item: Leftovers
|upkeep
|turn|14
|
|t:|1665169910
|switch|p1a: Amoonguss|Amoonguss, F|100/100
|move|p2a: Tangrowth|Power Whip|p1a: Amoonguss|[miss]
|-miss|p2a: Tangrowth|p1a: Amoonguss
|
|upkeep
|turn|15
|
|t:|1665169918
|switch|p2a: Cobalion|Cobalion|29/100
|-damage|p2a: Cobalion|26/100|[from] Stealth Rock
|move|p1a: Amoonguss|Sludge Bomb|p2a: Cobalion
|-immune|p2a: Cobalion
|
|-heal|p2a: Cobalion|32/100|[from] item: Leftovers
|upkeep
|turn|16
|
|t:|1665169924
|move|p2a: Cobalion|Stealth Rock|p1a: Amoonguss
|-sidestart|p1: robintherobin|move: Stealth Rock
|move|p1a: Amoonguss|Spore|p2a: Cobalion
|-status|p2a: Cobalion|slp|[from] move: Spore
|
|-heal|p2a: Cobalion|38/100 slp|[from] item: Leftovers
|upkeep
|turn|17
|
|t:|1665169939
|switch|p2a: Skarmory|Skarmory, F|100/100
|-damage|p2a: Skarmory|88/100|[from] Stealth Rock
|switch|p1a: Excadrill|Excadrill, F|22/100 brn
|-damage|p1a: Excadrill|19/100 brn|[from] Stealth Rock
|-ability|p1a: Excadrill|Mold Breaker
|
|-heal|p1a: Excadrill|25/100 brn|[from] item: Leftovers
|-damage|p1a: Excadrill|19/100 brn|[from] brn
|upkeep
|turn|18
|
|t:|1665169951
|move|p1a: Excadrill|Rapid Spin|p2a: Skarmory
|-resisted|p2a: Skarmory
|-damage|p2a: Skarmory|86/100
|-boost|p1a: Excadrill|spe|1
|-damage|p1a: Excadrill|3/100 brn|[from] item: Rocky Helmet|[of] p2a: Skarmory
|-sideend|p1: robintherobin|Stealth Rock|[from] move: Rapid Spin|[of] p1a: Excadrill
|move|p2a: Skarmory|Body Press|p1a: Excadrill
|-supereffective|p1a: Excadrill
|-damage|p1a: Excadrill|0 fnt
|faint|p1a: Excadrill
|
|upkeep
|
|t:|1665169967
|switch|p1a: Salamence|Salamence, F|83/100
|-ability|p1a: Salamence|Intimidate|boost
|-unboost|p2a: Skarmory|atk|1
|turn|19
|
|t:|1665169972
|switch|p2a: Slowking|Slowking, F|100/100
|-damage|p2a: Slowking|88/100|[from] Stealth Rock
|move|p1a: Salamence|Flamethrower|p2a: Slowking
|-resisted|p2a: Slowking
|-damage|p2a: Slowking|77/100
|
|-heal|p2a: Slowking|83/100|[from] item: Leftovers
|upkeep
|turn|20
|
|t:|1665169977
|move|p1a: Salamence|Hurricane|p2a: Slowking
|-damage|p2a: Slowking|41/100
|-start|p2a: Slowking|confusion
|-activate|p2a: Slowking|confusion
|move|p2a: Slowking|Future Sight|p1a: Salamence
|-start|p2a: Slowking|move: Future Sight
|
|-heal|p2a: Slowking|47/100|[from] item: Leftovers
|upkeep
|turn|21
|
|t:|1665169987
|switch|p2a: Regijesus|Regieleki|100/100
|move|p1a: Salamence|Hurricane|p2a: Regijesus
|-resisted|p2a: Regijesus
|-damage|p2a: Regijesus|50/100
|
|upkeep
|turn|22
|
|t:|1665169997
|switch|p1a: Amoonguss|Amoonguss, F|100/100
|move|p2a: Regijesus|Thunderbolt|p1a: Amoonguss
|-resisted|p1a: Amoonguss
|-damage|p1a: Amoonguss|72/100
|
|-end|p1a: Amoonguss|move: Future Sight
|-supereffective|p1a: Amoonguss
|-damage|p1a: Amoonguss|1/100
|upkeep
|turn|23
|
|t:|1665170008
|switch|p1a: Necrozma|Necrozma|75/100 tox
|move|p2a: Regijesus|Rapid Spin|p1a: Necrozma
|-damage|p1a: Necrozma|68/100 tox
|-boost|p2a: Regijesus|spe|1
|-sideend|p2: Liz Angeles|Stealth Rock|[from] move: Rapid Spin|[of] p2a: Regijesus
|
|-damage|p1a: Necrozma|62/100 tox|[from] psn
|upkeep
|turn|24
|
|t:|1665170015
|move|p2a: Regijesus|Electro Ball|p1a: Necrozma
|-damage|p1a: Necrozma|0 fnt
|faint|p1a: Necrozma
|
|upkeep
|inactive|robintherobin has 120 seconds left.
|
|t:|1665170045
|switch|p1a: Conkeldurr|Conkeldurr, F|100/100
|turn|25
|inactive|Liz Angeles has 120 seconds left.
|
|t:|1665170093
|move|p1a: Conkeldurr|Mach Punch|p2a: Regijesus
|-damage|p2a: Regijesus|9/100
|move|p2a: Regijesus|Electro Ball|p1a: Conkeldurr
|-damage|p1a: Conkeldurr|0 fnt
|faint|p1a: Conkeldurr
|
|upkeep
|inactive|robintherobin has 120 seconds left.
|-message|robintherobin forfeited.
|
|win|Liz Angeles
|raw|robintherobin's rating: 1284 &rarr; <strong>1269</strong><br />(-15 for losing)
|raw|Liz Angeles's rating: 1436 &rarr; <strong>1448</strong><br />(+12 for winning)
|l|☆robintherobin
||Ladder isn't responding, score probably updated but might not have (Request timeout).
