|j|☆HugeTenz
|j|☆allmydreams
|t:|1662263032
|gametype|singles
|player|p1|HugeTenz|elesa|1381
|player|p2|allmydreams|acetrainerf|1577
|teamsize|p1|6
|teamsize|p2|6
|gen|8
|tier|[Gen 8] UU
|rated|
|rule|Sleep Clause Mod: Limit one foe put to sleep
|rule|Species Clause: Limit one of each Pokémon
|rule|OHKO Clause: OHKO moves are banned
|rule|Evasion Items Clause: Evasion items are banned
|rule|Evasion Moves Clause: Evasion moves are banned
|rule|Endless Battle Clause: Forcing endless battles is banned
|rule|HP Percentage Mod: HP is shown in percentages
|rule|Dynamax Clause: You cannot dynamax
|clearpoke
|poke|p1|Gyarados, F|
|poke|p1|Politoed, M|
|poke|p1|Keldeo-Resolute|
|poke|p1|Seismitoad, M|
|poke|p1|Zarude|
|poke|p1|Conkeldurr, F|
|poke|p2|Salamence, F|
|poke|p2|Slowking, F|
|poke|p2|Nihilego|
|poke|p2|Zarude-Dada|
|poke|p2|Scizor, F|
|poke|p2|Thundurus-Therian, M|
|teampreview
|inactive|Battle timer is ON: inactive players will automatically lose when time's up. (requested by HugeTenz)
|
|t:|1662263055
|start
|switch|p1a: Zarude|Zarude|100/100
|switch|p2a: Zarude|Zarude-Dada|100/100
|turn|1
|
|t:|1662263061
|switch|p2a: Salamence|Salamence, F|100/100
|-ability|p2a: Salamence|Intimidate|boost
|-unboost|p1a: Zarude|atk|1
|move|p1a: Zarude|U-turn|p2a: Salamence
|-resisted|p2a: Salamence
|-damage|p2a: Salamence|94/100
|
|t:|1662263068
|switch|p1a: Keldeo|Keldeo-Resolute|100/100|[from]move: U-turn
|
|upkeep
|turn|2
|
|t:|1662263072
|switch|p2a: Slowking|Slowking, F|100/100
|move|p1a: Keldeo|Icy Wind|p2a: Slowking
|-resisted|p2a: Slowking
|-damage|p2a: Slowking|90/100
|-unboost|p2a: Slowking|spe|1
|
|upkeep
|turn|3
|
|t:|1662263077
|switch|p1a: Zarude|Zarude|100/100
|move|p2a: Slowking|Teleport|p2a: Slowking
|
|t:|1662263081
|switch|p2a: Scizor|Scizor, F|100/100|[from]move: Teleport
|
|upkeep
|turn|4
|
|t:|1662263084
|move|p1a: Zarude|U-turn|p2a: Scizor
|-resisted|p2a: Scizor
|-damage|p2a: Scizor|87/100
|
|t:|1662263099
|switch|p1a: Keldeo|Keldeo-Resolute|100/100|[from]move: U-turn
|move|p2a: Scizor|U-turn|p1a: Keldeo
|-resisted|p1a: Keldeo
|-damage|p1a: Keldeo|77/100
|
|t:|1662263105
|switch|p2a: Slowking|Slowking, F|100/100|[from]move: U-turn
|
|upkeep
|turn|5
|
|t:|1662263116
|move|p1a: Keldeo|Flip Turn|p2a: Slowking
|-resisted|p2a: Slowking
|-damage|p2a: Slowking|95/100
|
|t:|1662263120
|switch|p1a: Zarude|Zarude|100/100|[from]move: Flip Turn
|move|p2a: Slowking|Teleport|p2a: Slowking
|
|t:|1662263126
|switch|p2a: Scizor|Scizor, F|87/100|[from]move: Teleport
|
|upkeep
|turn|6
|
|t:|1662263132
|move|p1a: Zarude|U-turn|p2a: Scizor
|-resisted|p2a: Scizor
|-damage|p2a: Scizor|74/100
|
|t:|1662263148
|switch|p1a: Conkeldurr|Conkeldurr, F, shiny|100/100|[from]move: U-turn
|move|p2a: Scizor|U-turn|p1a: Conkeldurr
|-resisted|p1a: Conkeldurr
|-crit|p1a: Conkeldurr
|-damage|p1a: Conkeldurr|76/100
|
|t:|1662263160
|switch|p2a: Thundurus|Thundurus-Therian, M|100/100|[from]move: U-turn
|
|-status|p1a: Conkeldurr|brn|[from] item: Flame Orb
|upkeep
|turn|7
|
|t:|1662263164
|move|p2a: Thundurus|Psychic|p1a: Conkeldurr
|-supereffective|p1a: Conkeldurr
|-damage|p1a: Conkeldurr|0 fnt
|faint|p1a: Conkeldurr
|
|upkeep
|
|t:|1662263179
|switch|p1a: Keldeo|Keldeo-Resolute|77/100
|turn|8
|
|t:|1662263181
|switch|p2a: Slowking|Slowking, F|100/100
|move|p1a: Keldeo|Surf|p2a: Slowking
|-resisted|p2a: Slowking
|-damage|p2a: Slowking|74/100
|
|upkeep
|turn|9
|
|t:|1662263185
|switch|p1a: Zarude|Zarude|100/100
|move|p2a: Slowking|Teleport|p2a: Slowking
|
|t:|1662263191
|switch|p2a: Scizor|Scizor, F|74/100|[from]move: Teleport
|
|upkeep
|turn|10
|
|t:|1662263196
|move|p1a: Zarude|U-turn|p2a: Scizor
|-resisted|p2a: Scizor
|-damage|p2a: Scizor|60/100
|
|t:|1662263198
|switch|p1a: Keldeo|Keldeo-Resolute|77/100|[from]move: U-turn
|move|p2a: Scizor|U-turn|p1a: Keldeo
|-resisted|p1a: Keldeo
|-damage|p1a: Keldeo|54/100
|
|t:|1662263201
|switch|p2a: Slowking|Slowking, F|100/100|[from]move: U-turn
|
|upkeep
|turn|11
|
|t:|1662263208
|switch|p1a: Politoed|Politoed, M, shiny|100/100
|-weather|RainDance|[from] ability: Drizzle|[of] p1a: Politoed
|move|p2a: Slowking|Teleport|p2a: Slowking
|
|t:|1662263214
|switch|p2a: Thundurus|Thundurus-Therian, M|100/100|[from]move: Teleport
|
|-weather|RainDance|[upkeep]
|upkeep
|turn|12
|
|t:|1662263222
|switch|p1a: Seismitoad|Seismitoad, M, shiny|100/100
|move|p2a: Thundurus|Knock Off|p1a: Seismitoad
|-damage|p1a: Seismitoad|74/100
|-enditem|p1a: Seismitoad|Choice Band|[from] move: Knock Off|[of] p2a: Thundurus
|
|-weather|RainDance|[upkeep]
|upkeep
|turn|13
|
|t:|1662263230
|switch|p2a: Slowking|Slowking, F|100/100
|move|p1a: Seismitoad|Knock Off|p2a: Slowking
|-supereffective|p2a: Slowking
|-damage|p2a: Slowking|58/100
|-enditem|p2a: Slowking|Heavy-Duty Boots|[from] move: Knock Off|[of] p1a: Seismitoad
|
|-weather|RainDance|[upkeep]
|upkeep
|turn|14
|
|t:|1662263234
|move|p1a: Seismitoad|Earthquake|p2a: Slowking
|-damage|p2a: Slowking|25/100
|move|p2a: Slowking|Slack Off|p2a: Slowking
|-heal|p2a: Slowking|75/100
|
|-weather|RainDance|[upkeep]
|upkeep
|turn|15
|
|t:|1662263240
|move|p1a: Seismitoad|Earthquake|p2a: Slowking
|-damage|p2a: Slowking|39/100
|move|p2a: Slowking|Scald|p1a: Seismitoad
|-damage|p1a: Seismitoad|22/100
|
|-weather|RainDance|[upkeep]
|upkeep
|turn|16
|
|t:|1662263249
|switch|p1a: Zarude|Zarude|100/100
|move|p2a: Slowking|Slack Off|p2a: Slowking
|-heal|p2a: Slowking|89/100
|
|-weather|RainDance|[upkeep]
|upkeep
|turn|17
|
|t:|1662263254
|switch|p2a: Salamence|Salamence, F|94/100
|-ability|p2a: Salamence|Intimidate|boost
|-unboost|p1a: Zarude|atk|1
|move|p1a: Zarude|Power Whip|p2a: Salamence
|-resisted|p2a: Salamence
|-damage|p2a: Salamence|85/100
|
|-weather|RainDance|[upkeep]
|upkeep
|turn|18
|
|t:|1662263263
|switch|p1a: Seismitoad|Seismitoad, M, shiny|22/100
|move|p2a: Salamence|Hurricane|p1a: Seismitoad
|-crit|p1a: Seismitoad
|-damage|p1a: Seismitoad|0 fnt
|faint|p1a: Seismitoad
|
|-weather|none
|upkeep
|
|t:|1662263267
|switch|p1a: Gyarados|Gyarados, F|100/100
|turn|19
|
|t:|1662263275
|move|p1a: Gyarados|Dragon Dance|p1a: Gyarados
|-boost|p1a: Gyarados|atk|1
|-boost|p1a: Gyarados|spe|1
|move|p2a: Salamence|Hurricane|p1a: Gyarados|[miss]
|-miss|p2a: Salamence|p1a: Gyarados
|
|upkeep
|turn|20
|
|t:|1662263278
|switch|p2a: Slowking|Slowking, F|100/100
|move|p1a: Gyarados|Ice Fang|p2a: Slowking
|-resisted|p2a: Slowking
|-damage|p2a: Slowking|89/100
|
|upkeep
|turn|21
|
|t:|1662263281
|switch|p2a: Salamence|Salamence, F|85/100
|-ability|p2a: Salamence|Intimidate|boost
|-unboost|p1a: Gyarados|atk|1
|move|p1a: Gyarados|Power Whip|p2a: Salamence
|-resisted|p2a: Salamence
|-damage|p2a: Salamence|77/100
|
|upkeep
|turn|22
|
|t:|1662263284
|move|p1a: Gyarados|Ice Fang|p2a: Salamence
|-supereffective|p2a: Salamence
|-damage|p2a: Salamence|13/100
|move|p2a: Salamence|Hurricane|p1a: Gyarados
|-damage|p1a: Gyarados|58/100
|
|upkeep
|turn|23
|
|t:|1662263288
|switch|p2a: Slowking|Slowking, F|100/100
|move|p1a: Gyarados|Dragon Dance|p1a: Gyarados
|-boost|p1a: Gyarados|atk|1
|-boost|p1a: Gyarados|spe|1
|
|upkeep
|turn|24
|
|t:|1662263292
|switch|p2a: Salamence|Salamence, F|13/100
|-ability|p2a: Salamence|Intimidate|boost
|-unboost|p1a: Gyarados|atk|1
|move|p1a: Gyarados|Power Whip|p2a: Salamence
|-resisted|p2a: Salamence
|-damage|p2a: Salamence|5/100
|
|upkeep
|turn|25
|
|t:|1662263299
|move|p1a: Gyarados|Dragon Dance|p1a: Gyarados
|-boost|p1a: Gyarados|atk|1
|-boost|p1a: Gyarados|spe|1
|move|p2a: Salamence|Hurricane|p1a: Gyarados|[miss]
|-miss|p2a: Salamence|p1a: Gyarados
|
|upkeep
|turn|26
|
|t:|1662263301
|switch|p2a: Slowking|Slowking, F|100/100
|move|p1a: Gyarados|Ice Fang|p2a: Slowking
|-resisted|p2a: Slowking
|-damage|p2a: Slowking|89/100
|
|upkeep
|turn|27
|
|t:|1662263304
|switch|p2a: Salamence|Salamence, F|5/100
|-ability|p2a: Salamence|Intimidate|boost
|-unboost|p1a: Gyarados|atk|1
|move|p1a: Gyarados|Dragon Dance|p1a: Gyarados
|-boost|p1a: Gyarados|atk|1
|-boost|p1a: Gyarados|spe|1
|
|upkeep
|turn|28
|j| experimentalism
|
|t:|1662263310
|switch|p2a: Slowking|Slowking, F|100/100
|move|p1a: Gyarados|Power Whip|p2a: Slowking
|-supereffective|p2a: Slowking
|-damage|p2a: Slowking|13/100
|
|upkeep
|turn|29
|
|t:|1662263314
|switch|p2a: Salamence|Salamence, F|5/100
|-ability|p2a: Salamence|Intimidate|boost
|-unboost|p1a: Gyarados|atk|1
|move|p1a: Gyarados|Ice Fang|p2a: Salamence
|-supereffective|p2a: Salamence
|-damage|p2a: Salamence|0 fnt
|faint|p2a: Salamence
|-ability|p1a: Gyarados|Moxie|boost
|-boost|p1a: Gyarados|atk|1
|
|upkeep
|
|t:|1662263317
|switch|p2a: Zarude|Zarude-Dada|100/100
|turn|30
|
|t:|1662263321
|move|p1a: Gyarados|Ice Fang|p2a: Zarude
|-supereffective|p2a: Zarude
|-damage|p2a: Zarude|38/100
|cant|p2a: Zarude|flinch
|
|upkeep
|turn|31
|
|t:|1662263327
|move|p1a: Gyarados|Ice Fang|p2a: Zarude
|-supereffective|p2a: Zarude
|-damage|p2a: Zarude|0 fnt
|faint|p2a: Zarude
|-ability|p1a: Gyarados|Moxie|boost
|-boost|p1a: Gyarados|atk|1
|
|upkeep
|c|☆allmydreams|Every time
|
|t:|1662263355
|switch|p2a: Thundurus|Thundurus-Therian, M|100/100
|turn|32
|
|t:|1662263359
|move|p1a: Gyarados|Waterfall|p2a: Thundurus
|-crit|p2a: Thundurus
|-damage|p2a: Thundurus|0 fnt
|faint|p2a: Thundurus
|-ability|p1a: Gyarados|Moxie|boost
|-boost|p1a: Gyarados|atk|1
|
|upkeep
|
|t:|1662263365
|switch|p2a: Scizor|Scizor, F|60/100
|turn|33
|
|t:|1662263373
|move|p2a: Scizor|Bullet Punch|p1a: Gyarados
|-resisted|p1a: Gyarados
|-damage|p1a: Gyarados|33/100
|-enditem|p1a: Gyarados|Sitrus Berry|[eat]
|-heal|p1a: Gyarados|58/100|[from] item: Sitrus Berry
|move|p1a: Gyarados|Waterfall|p2a: Scizor
|-damage|p2a: Scizor|0 fnt
|faint|p2a: Scizor
|-ability|p1a: Gyarados|Moxie|boost
|-boost|p1a: Gyarados|atk|1
|
|upkeep
|c|☆allmydreams|Yeah gg totally deserved win
|-message|allmydreams forfeited.
|
|win|HugeTenz
|raw|HugeTenz's rating: 1381 &rarr; <strong>1411</strong><br />(+30 for winning)
|raw|allmydreams's rating: 1577 &rarr; <strong>1547</strong><br />(-30 for losing)
|l|☆allmydreams
|c|☆HugeTenz|agreed
|c|☆HugeTenz|hold that
