|j|☆esqimo589
|j|☆Hydreigon > Latias
|t:|1663690709
|gametype|singles
|player|p1|esqimo589|n|1237
|player|p2|Hydreigon > Latias|guitarist|1403
|teamsize|p1|6
|teamsize|p2|6
|gen|8
|tier|[Gen 8] UU
|rated|
|rule|Sleep Clause Mod: Limit one foe put to sleep
|rule|Species Clause: Limit one of each Pokémon
|rule|OHKO Clause: OHKO moves are banned
|rule|Evasion Items Clause: Evasion items are banned
|rule|Evasion Moves Clause: Evasion moves are banned
|rule|Endless Battle Clause: Forcing endless battles is banned
|rule|HP Percentage Mod: HP is shown in percentages
|rule|Dynamax Clause: You cannot dynamax
|clearpoke
|poke|p1|Raikou|
|poke|p1|Mamoswine, M|
|poke|p1|Cobalion|
|poke|p1|Nihilego|
|poke|p1|Zarude-Dada|
|poke|p1|Salamence, M|
|poke|p2|Gastrodon-East, M|
|poke|p2|Tangrowth, F|
|poke|p2|Cobalion|
|poke|p2|Hydreigon, M|
|poke|p2|Excadrill, M|
|poke|p2|Togekiss, F|
|teampreview
|inactive|Battle timer is ON: inactive players will automatically lose when time's up. (requested by esqimo589)
|c|☆esqimo589|hello
|c|☆esqimo589|you are H > L
|c|☆Hydreigon > Latias|no
|inactive|esqimo589 has 120 seconds left.
|c|☆esqimo589|no?
|
|t:|1663690749
|start
|switch|p1a: doge|Raikou|100/100
|switch|p2a: Excadrill|Excadrill, M|100/100
|-ability|p2a: Excadrill|Mold Breaker
|turn|1
|
|t:|1663690754
|switch|p1a: whiteeyesbluedrag|Salamence, M|100/100
|-ability|p1a: whiteeyesbluedrag|Intimidate|boost
|-unboost|p2a: Excadrill|atk|1
|switch|p2a: Gastrodon|Gastrodon-East, M|100/100
|
|upkeep
|turn|2
|
|t:|1663690773
|switch|p1a: the goat|Cobalion|100/100
|move|p2a: Gastrodon|Toxic|p1a: the goat|[miss]
|-miss|p2a: Gastrodon|p1a: the goat
|
|upkeep
|turn|3
|
|t:|1663690784
|switch|p1a: funne monke|Zarude-Dada|100/100
|move|p2a: Gastrodon|Scald|p1a: funne monke
|-resisted|p1a: funne monke
|-damage|p1a: funne monke|88/100
|
|upkeep
|turn|4
|
|t:|1663690788
|switch|p2a: Cobalion|Cobalion|100/100
|move|p1a: funne monke|U-turn|p2a: Cobalion
|-resisted|p2a: Cobalion
|-damage|p2a: Cobalion|96/100
|
|t:|1663690812
|switch|p1a: whiteeyesbluedrag|Salamence, M|100/100|[from]move: U-turn
|-ability|p1a: whiteeyesbluedrag|Intimidate|boost
|-unboost|p2a: Cobalion|atk|1
|
|upkeep
|turn|5
|
|t:|1663690832
|switch|p2a: Gastrodon|Gastrodon-East, M|100/100
|switch|p1a: doge|Raikou|100/100
|
|upkeep
|turn|6
|
|t:|1663690835
|switch|p1a: funne monke|Zarude-Dada|88/100
|move|p2a: Gastrodon|Toxic|p1a: funne monke
|-status|p1a: funne monke|tox
|
|-damage|p1a: funne monke|82/100 tox|[from] psn
|upkeep
|turn|7
|
|t:|1663690840
|switch|p2a: Cobalion|Cobalion|96/100
|move|p1a: funne monke|Jungle Healing|p1a: funne monke
|-heal|p1a: funne monke|100/100 tox
|-curestatus|p1a: funne monke|tox|[msg]
|
|upkeep
|turn|8
|
|t:|1663690843
|switch|p1a: whiteeyesbluedrag|Salamence, M|100/100
|-ability|p1a: whiteeyesbluedrag|Intimidate|boost
|-unboost|p2a: Cobalion|atk|1
|move|p2a: Cobalion|Swords Dance|p2a: Cobalion
|-boost|p2a: Cobalion|atk|2
|
|upkeep
|turn|9
|
|t:|1663690846
|move|p2a: Cobalion|Stone Edge|p1a: whiteeyesbluedrag
|-supereffective|p1a: whiteeyesbluedrag
|-damage|p1a: whiteeyesbluedrag|29/100
|move|p1a: whiteeyesbluedrag|Flamethrower|p2a: Cobalion
|-supereffective|p2a: Cobalion
|-damage|p2a: Cobalion|32/100
|
|upkeep
|turn|10
|
|t:|1663690857
|move|p2a: Cobalion|Close Combat|p1a: whiteeyesbluedrag
|-resisted|p1a: whiteeyesbluedrag
|-damage|p1a: whiteeyesbluedrag|0 fnt
|-unboost|p2a: Cobalion|def|1
|-unboost|p2a: Cobalion|spd|1
|faint|p1a: whiteeyesbluedrag
|
|upkeep
|
|t:|1663690877
|switch|p1a: doge|Raikou|100/100
|turn|11
|
|t:|1663690887
|switch|p1a: funne monke|Zarude-Dada|100/100
|switch|p2a: Gastrodon|Gastrodon-East, M|100/100
|
|upkeep
|turn|12
|
|t:|1663690891
|switch|p2a: Tangrowth|Tangrowth, F|100/100
|move|p1a: funne monke|U-turn|p2a: Tangrowth
|-supereffective|p2a: Tangrowth
|-damage|p2a: Tangrowth|72/100
|
|t:|1663690898
|switch|p1a: bruh|Mamoswine, M|100/100|[from]move: U-turn
|
|upkeep
|turn|13
|
|t:|1663690905
|switch|p2a: Cobalion|Cobalion|32/100
|move|p1a: bruh|Icicle Crash|p2a: Cobalion
|-resisted|p2a: Cobalion
|-damage|p2a: Cobalion|4/100
|-damage|p1a: bruh|91/100|[from] item: Life Orb
|
|upkeep
|turn|14
|
|t:|1663690914
|switch|p2a: Excadrill|Excadrill, M|100/100
|-ability|p2a: Excadrill|Mold Breaker
|move|p1a: bruh|Ice Shard|p2a: Excadrill
|-damage|p2a: Excadrill|55/100
|-damage|p1a: bruh|81/100|[from] item: Life Orb
|
|-heal|p2a: Excadrill|61/100|[from] item: Leftovers
|upkeep
|turn|15
|
|t:|1663690919
|switch|p1a: funne monke|Zarude-Dada|100/100
|move|p2a: Excadrill|Stealth Rock|p1a: funne monke
|-sidestart|p1: esqimo589|move: Stealth Rock
|
|-heal|p2a: Excadrill|67/100|[from] item: Leftovers
|upkeep
|turn|16
|
|t:|1663690930
|switch|p2a: Tangrowth|Tangrowth, F|100/100
|move|p1a: funne monke|U-turn|p2a: Tangrowth
|-supereffective|p2a: Tangrowth
|-damage|p2a: Tangrowth|73/100
|
|t:|1663690933
|switch|p1a: bruh|Mamoswine, M|81/100|[from]move: U-turn
|-damage|p1a: bruh|69/100|[from] Stealth Rock
|
|upkeep
|turn|17
|inactive|Hydreigon > Latias has 120 seconds left.
|
|t:|1663690965
|switch|p2a: Cobalion|Cobalion|4/100
|move|p1a: bruh|Icicle Crash|p2a: Cobalion|[miss]
|-miss|p1a: bruh|p2a: Cobalion
|
|upkeep
|turn|18
|
|t:|1663690969
|move|p1a: bruh|Ice Shard|p2a: Cobalion
|-resisted|p2a: Cobalion
|-damage|p2a: Cobalion|0 fnt
|faint|p2a: Cobalion
|-damage|p1a: bruh|59/100|[from] item: Life Orb
|
|upkeep
|
|t:|1663690978
|switch|p2a: Excadrill|Excadrill, M|67/100
|-ability|p2a: Excadrill|Mold Breaker
|turn|19
|
|t:|1663690985
|switch|p1a: funne monke|Zarude-Dada|100/100
|move|p2a: Excadrill|Earthquake|p1a: funne monke
|-resisted|p1a: funne monke
|-damage|p1a: funne monke|77/100
|
|-heal|p2a: Excadrill|73/100|[from] item: Leftovers
|upkeep
|turn|20
|
|t:|1663690990
|switch|p2a: Tangrowth|Tangrowth, F|100/100
|move|p1a: funne monke|Power Whip|p2a: Tangrowth
|-resisted|p2a: Tangrowth
|-damage|p2a: Tangrowth|83/100
|
|upkeep
|turn|21
|
|t:|1663691001
|move|p1a: funne monke|U-turn|p2a: Tangrowth
|-supereffective|p2a: Tangrowth
|-damage|p2a: Tangrowth|55/100
|
|t:|1663691003
|switch|p1a: doge|Raikou|100/100|[from]move: U-turn
|move|p2a: Tangrowth|Focus Blast|p1a: doge
|-damage|p1a: doge|69/100
|
|upkeep
|turn|22
|
|t:|1663691007
|move|p1a: doge|Volt Switch|p2a: Tangrowth
|-resisted|p2a: Tangrowth
|-damage|p2a: Tangrowth|43/100
|
|t:|1663691010
|switch|p1a: the goat|Cobalion|100/100|[from]move: Volt Switch
|-damage|p1a: the goat|97/100|[from] Stealth Rock
|move|p2a: Tangrowth|Knock Off|p1a: the goat
|-resisted|p1a: the goat
|-damage|p1a: the goat|88/100
|-damage|p2a: Tangrowth|27/100|[from] item: Rocky Helmet|[of] p1a: the goat
|-ability|p1a: the goat|Justified|boost
|-boost|p1a: the goat|atk|1
|-enditem|p1a: the goat|Rocky Helmet|[from] move: Knock Off|[of] p2a: Tangrowth
|
|upkeep
|turn|23
|
|t:|1663691029
|switch|p2a: Togekiss|Togekiss, F|100/100
|move|p1a: the goat|Close Combat|p2a: Togekiss
|-resisted|p2a: Togekiss
|-damage|p2a: Togekiss|84/100
|-unboost|p1a: the goat|def|1
|-unboost|p1a: the goat|spd|1
|
|upkeep
|turn|24
|
|t:|1663691045
|switch|p2a: Gastrodon|Gastrodon-East, M|100/100
|move|p1a: the goat|Close Combat|p2a: Gastrodon
|-damage|p2a: Gastrodon|29/100
|-unboost|p1a: the goat|def|1
|-unboost|p1a: the goat|spd|1
|
|-heal|p2a: Gastrodon|35/100|[from] item: Leftovers
|upkeep
|turn|25
|
|t:|1663691057
|switch|p2a: Togekiss|Togekiss, F|84/100
|move|p1a: the goat|Close Combat|p2a: Togekiss
|-resisted|p2a: Togekiss
|-damage|p2a: Togekiss|65/100
|-unboost|p1a: the goat|def|1
|-unboost|p1a: the goat|spd|1
|
|upkeep
|turn|26
|
|t:|1663691067
|switch|p1a: jelly bish|Nihilego|100/100
|-damage|p1a: jelly bish|88/100|[from] Stealth Rock
|switch|p2a: Hydreigon|Hydreigon, M|100/100
|
|-heal|p1a: jelly bish|94/100|[from] item: Black Sludge
|upkeep
|turn|27
|
|t:|1663691085
|move|p2a: Hydreigon|U-turn|p1a: jelly bish
|-resisted|p1a: jelly bish
|-damage|p1a: jelly bish|81/100
|
|t:|1663691097
|switch|p2a: Excadrill|Excadrill, M|73/100|[from]move: U-turn
|-ability|p2a: Excadrill|Mold Breaker
|move|p1a: jelly bish|Knock Off|p2a: Excadrill
|-damage|p2a: Excadrill|54/100
|-enditem|p2a: Excadrill|Leftovers|[from] move: Knock Off|[of] p1a: jelly bish
|
|-heal|p1a: jelly bish|87/100|[from] item: Black Sludge
|upkeep
|turn|28
|
|t:|1663691106
|switch|p1a: funne monke|Zarude-Dada|77/100
|move|p2a: Excadrill|Iron Head|p1a: funne monke
|-damage|p1a: funne monke|37/100
|
|upkeep
|turn|29
|
|t:|1663691112
|move|p1a: funne monke|U-turn|p2a: Excadrill
|-resisted|p2a: Excadrill
|-damage|p2a: Excadrill|37/100
|
|t:|1663691129
|switch|p1a: jelly bish|Nihilego|87/100|[from]move: U-turn
|-damage|p1a: jelly bish|75/100|[from] Stealth Rock
|move|p2a: Excadrill|Rapid Spin|p1a: jelly bish
|-resisted|p1a: jelly bish
|-damage|p1a: jelly bish|59/100
|-boost|p2a: Excadrill|spe|1
|
|-heal|p1a: jelly bish|65/100|[from] item: Black Sludge
|upkeep
|turn|30
|
|t:|1663691139
|move|p2a: Excadrill|Earthquake|p1a: jelly bish
|-supereffective|p1a: jelly bish
|-damage|p1a: jelly bish|0 fnt
|faint|p1a: jelly bish
|
|upkeep
|
|t:|1663691143
|switch|p1a: bruh|Mamoswine, M|59/100
|-damage|p1a: bruh|47/100|[from] Stealth Rock
|turn|31
|
|t:|1663691145
|move|p1a: bruh|Ice Shard|p2a: Excadrill
|-damage|p2a: Excadrill|0 fnt
|faint|p2a: Excadrill
|-damage|p1a: bruh|37/100|[from] item: Life Orb
|
|upkeep
|
|t:|1663691151
|switch|p2a: Hydreigon|Hydreigon, M|100/100
|turn|32
|
|t:|1663691158
|switch|p1a: doge|Raikou|69/100
|move|p2a: Hydreigon|Fire Blast|p1a: doge
|-damage|p1a: doge|32/100
|
|upkeep
|turn|33
|
|t:|1663691168
|move|p2a: Hydreigon|Fire Blast|p1a: doge
|-damage|p1a: doge|0 fnt
|faint|p1a: doge
|
|upkeep
|
|t:|1663691169
|switch|p1a: the goat|Cobalion|88/100
|-damage|p1a: the goat|85/100|[from] Stealth Rock
|turn|34
|
|t:|1663691175
|switch|p2a: Gastrodon|Gastrodon-East, M|35/100
|move|p1a: the goat|Close Combat|p2a: Gastrodon
|-damage|p2a: Gastrodon|0 fnt
|-unboost|p1a: the goat|def|1
|-unboost|p1a: the goat|spd|1
|faint|p2a: Gastrodon
|
|upkeep
|
|t:|1663691179
|switch|p2a: Hydreigon|Hydreigon, M|100/100
|turn|35
|
|t:|1663691187
|move|p2a: Hydreigon|Fire Blast|p1a: the goat
|-supereffective|p1a: the goat
|-damage|p1a: the goat|0 fnt
|faint|p1a: the goat
|
|upkeep
|
|t:|1663691190
|switch|p1a: bruh|Mamoswine, M|37/100
|-damage|p1a: bruh|25/100|[from] Stealth Rock
|turn|36
|
|t:|1663691192
|move|p1a: bruh|Ice Shard|p2a: Hydreigon
|-supereffective|p2a: Hydreigon
|-damage|p2a: Hydreigon|25/100
|-damage|p1a: bruh|15/100|[from] item: Life Orb
|move|p2a: Hydreigon|Fire Blast|p1a: bruh
|-supereffective|p1a: bruh
|-damage|p1a: bruh|0 fnt
|faint|p1a: bruh
|
|upkeep
|c|☆esqimo589|gg
|
|t:|1663691197
|switch|p1a: funne monke|Zarude-Dada|37/100
|turn|37
|
|t:|1663691200
|move|p2a: Hydreigon|Fire Blast|p1a: funne monke
|-supereffective|p1a: funne monke
|-damage|p1a: funne monke|0 fnt
|faint|p1a: funne monke
|
|win|Hydreigon > Latias
|raw|esqimo589's rating: 1237 &rarr; <strong>1223</strong><br />(-14 for losing)
|raw|Hydreigon &gt; Latias's rating: 1403 &rarr; <strong>1414</strong><br />(+11 for winning)
