|html|<div class="broadcast-blue"><strong>[Gen 8] UU is currently suspecting Aegislash! For information on how to participate check out the <a href="https://www.smogon.com/forums/threads/np-ss-uu-stage-8-4-spellbound-aegislash-retest-victini-banned.3679677/">suspect thread</a>.</strong></div>
|j|☆EliotEnRetar
|j|☆Luap 241
|t:|1616241819
|player|p1|EliotEnRetar|falkner|1479
|player|p2|Luap 241|ethan|1626
|teamsize|p1|6
|teamsize|p2|6
|gametype|singles
|gen|8
|tier|[Gen 8] UU
|rated|
|clearpoke
|poke|p1|Porygon-Z|
|poke|p1|Krookodile, F|
|poke|p1|Rotom-Wash|
|poke|p1|Scizor, M|
|poke|p1|Talonflame, M|
|poke|p1|Sylveon, M|
|poke|p2|Mew|
|poke|p2|Ditto|
|poke|p2|Chansey, F|
|poke|p2|Skarmory, F|
|poke|p2|Salamence, M|
|poke|p2|Nidoqueen, F|
|rule|Sleep Clause Mod: Limit one foe put to sleep
|rule|Species Clause: Limit one of each Pokémon
|rule|OHKO Clause: OHKO moves are banned
|rule|Evasion Moves Clause: Evasion moves are banned
|rule|Endless Battle Clause: Forcing endless battles is banned
|rule|HP Percentage Mod: HP is shown in percentages
|rule|Dynamax Clause: You cannot dynamax
|teampreview
|c|☆Luap 241|Hf
|
|t:|1616241842
|start
|switch|p1a: Porygon-NUBL|Porygon-Z|100/100
|switch|p2a: The Envy|Ditto|100/100
|-transform|p2a: The Envy|p1a: Porygon-NUBL|[from] ability: Imposter
|turn|1
|
|t:|1616241866
|switch|p1a: Ouais|Sylveon, M|100/100
|move|p2a: The Envy|Tri Attack|p1a: Ouais
|-damage|p1a: Ouais|69/100
|
|-heal|p1a: Ouais|75/100|[from] item: Leftovers
|upkeep
|turn|2
|
|t:|1616241879
|switch|p2a: The Greed|Mew|100/100
|move|p1a: Ouais|Wish|p1a: Ouais
|
|-heal|p1a: Ouais|81/100|[from] item: Leftovers
|upkeep
|turn|3
|
|t:|1616241891
|move|p2a: The Greed|Imprison|p2a: The Greed
|-start|p2a: The Greed|move: Imprison
|move|p1a: Ouais|Yawn|p2a: The Greed
|-start|p2a: The Greed|move: Yawn|[of] p1a: Ouais
|
|-heal|p1a: Ouais|100/100|[from] move: Wish|[wisher] Ouais
|upkeep
|turn|4
|
|t:|1616241917
|switch|p1a: BizouJeManvol|Talonflame, M|100/100
|move|p2a: The Greed|Transform|p1a: BizouJeManvol
|-transform|p2a: The Greed|p1a: BizouJeManvol
|-endability|p2a: The Greed|Synchronize|[from] move: Transform
|
|-end|p2a: The Greed|move: Yawn|[silent]
|-status|p2a: The Greed|slp
|upkeep
|turn|5
|
|t:|1616241932
|switch|p1a: CauetBurger|Rotom-Wash|100/100
|cant|p2a: The Greed|slp
|
|upkeep
|turn|6
|
|t:|1616241941
|switch|p2a: The Sloth|Chansey, F|100/100
|move|p1a: CauetBurger|Hydro Pump|p2a: The Sloth|[miss]
|-miss|p1a: CauetBurger|p2a: The Sloth
|
|upkeep
|turn|7
|
|t:|1616241949
|move|p1a: CauetBurger|Volt Switch|p2a: The Sloth
|-damage|p2a: The Sloth|93/100
|
|t:|1616241959
|switch|p1a: Schlass|Scizor, M|100/100|[from]move: Volt Switch
|move|p2a: The Sloth|Teleport|p2a: The Sloth
|
|t:|1616241966
|switch|p2a: The Gluttony|Nidoqueen, F|100/100|[from]move: Teleport
|
|upkeep
|turn|8
|
|t:|1616241984
|switch|p1a: Porygon-NUBL|Porygon-Z|100/100
|move|p2a: The Gluttony|Sludge Wave|p1a: Porygon-NUBL
|-damage|p1a: Porygon-NUBL|13/100
|
|upkeep
|turn|9
|inactive|Battle timer is ON: inactive players will automatically lose when time's up. (requested by EliotEnRetar)
|
|t:|1616242010
|switch|p2a: The Sloth|Chansey, F|93/100
|move|p1a: Porygon-NUBL|Trick|p2a: The Sloth
|-activate|p1a: Porygon-NUBL|move: Trick|[of] p2a: The Sloth
|-item|p2a: The Sloth|Choice Specs|[from] move: Trick
|-item|p1a: Porygon-NUBL|Eviolite|[from] move: Trick
|
|upkeep
|turn|10
|
|t:|1616242032
|switch|p1a: CauetBurger|Rotom-Wash|100/100
|move|p2a: The Sloth|Seismic Toss|p1a: CauetBurger
|-damage|p1a: CauetBurger|68/100
|
|-heal|p1a: CauetBurger|74/100|[from] item: Leftovers
|upkeep
|turn|11
|
|t:|1616242039
|move|p1a: CauetBurger|Volt Switch|p2a: The Sloth
|-damage|p2a: The Sloth|81/100
|
|t:|1616242042
|switch|p1a: Ouais|Sylveon, M|100/100|[from]move: Volt Switch
|move|p2a: The Sloth|Seismic Toss|p1a: Ouais
|-damage|p1a: Ouais|75/100
|
|-heal|p1a: Ouais|81/100|[from] item: Leftovers
|upkeep
|turn|12
|
|t:|1616242050
|switch|p2a: The Gluttony|Nidoqueen, F|100/100
|move|p1a: Ouais|Wish|p1a: Ouais
|
|-heal|p1a: Ouais|87/100|[from] item: Leftovers
|upkeep
|turn|13
|
|t:|1616242057
|switch|p1a: CauetBurger|Rotom-Wash|74/100
|move|p2a: The Gluttony|Stealth Rock|p1a: CauetBurger
|-sidestart|p1: EliotEnRetar|move: Stealth Rock
|
|-heal|p1a: CauetBurger|100/100|[from] move: Wish|[wisher] Ouais
|upkeep
|turn|14
|
|t:|1616242065
|switch|p2a: The Envy|Ditto|100/100
|-transform|p2a: The Envy|p1a: CauetBurger|[from] ability: Imposter
|move|p1a: CauetBurger|Hydro Pump|p2a: The Envy
|-resisted|p2a: The Envy
|-damage|p2a: The Envy|77/100
|
|upkeep
|turn|15
|
|t:|1616242076
|move|p2a: The Envy|Volt Switch|p1a: CauetBurger
|-damage|p1a: CauetBurger|72/100
|
|t:|1616242080
|switch|p2a: The Greed|Mew|100/100 slp|[from]move: Volt Switch
|move|p1a: CauetBurger|Defog|p2a: The Greed
|-unboost|p2a: The Greed|evasion|1
|-sideend|p1: EliotEnRetar|Stealth Rock|[from] move: Defog|[of] p1a: CauetBurger
|
|-heal|p1a: CauetBurger|78/100|[from] item: Leftovers
|upkeep
|turn|16
|
|t:|1616242087
|-curestatus|p2a: The Greed|slp|[msg]
|move|p2a: The Greed|Imprison|p2a: The Greed
|-start|p2a: The Greed|move: Imprison
|move|p1a: CauetBurger|Volt Switch|p2a: The Greed
|-damage|p2a: The Greed|76/100
|
|t:|1616242101
|switch|p1a: Krookodile|Krookodile, F|100/100|[from]move: Volt Switch
|-ability|p1a: Krookodile|Intimidate|boost
|-unboost|p2a: The Greed|atk|1
|
|-heal|p2a: The Greed|82/100|[from] item: Leftovers
|upkeep
|turn|17
|
|t:|1616242111
|switch|p2a: The Sloth|Chansey, F|81/100
|move|p1a: Krookodile|Knock Off|p2a: The Sloth
|-damage|p2a: The Sloth|38/100
|-enditem|p2a: The Sloth|Choice Specs|[from] move: Knock Off|[of] p1a: Krookodile
|
|upkeep
|turn|18
|
|t:|1616242121
|switch|p2a: The Pride|Skarmory, F|100/100
|move|p1a: Krookodile|Knock Off|p2a: The Pride
|-damage|p2a: The Pride|73/100
|-damage|p1a: Krookodile|84/100|[from] item: Rocky Helmet|[of] p2a: The Pride
|-enditem|p2a: The Pride|Rocky Helmet|[from] move: Knock Off|[of] p1a: Krookodile
|
|upkeep
|turn|19
|
|t:|1616242129
|switch|p1a: CauetBurger|Rotom-Wash|78/100
|move|p2a: The Pride|Body Press|p1a: CauetBurger
|-damage|p1a: CauetBurger|52/100
|
|-heal|p1a: CauetBurger|58/100|[from] item: Leftovers
|upkeep
|turn|20
|
|t:|1616242137
|switch|p2a: The Greed|Mew|82/100
|move|p1a: CauetBurger|Hydro Pump|p2a: The Greed
|-damage|p2a: The Greed|48/100
|
|-heal|p2a: The Greed|54/100|[from] item: Leftovers
|-heal|p1a: CauetBurger|64/100|[from] item: Leftovers
|upkeep
|turn|21
|
|t:|1616242145
|move|p2a: The Greed|Soft-Boiled|p2a: The Greed
|-heal|p2a: The Greed|100/100
|move|p1a: CauetBurger|Volt Switch|p2a: The Greed
|-damage|p2a: The Greed|77/100
|
|t:|1616242153
|switch|p1a: Krookodile|Krookodile, F|84/100|[from]move: Volt Switch
|-ability|p1a: Krookodile|Intimidate|boost
|-unboost|p2a: The Greed|atk|1
|
|-heal|p2a: The Greed|84/100|[from] item: Leftovers
|upkeep
|turn|22
|
|t:|1616242162
|switch|p2a: The Pride|Skarmory, F|73/100
|move|p1a: Krookodile|Knock Off|p2a: The Pride
|-damage|p2a: The Pride|53/100
|
|upkeep
|turn|23
|
|t:|1616242168
|switch|p1a: CauetBurger|Rotom-Wash|64/100
|move|p2a: The Pride|Roost|p2a: The Pride
|-heal|p2a: The Pride|100/100
|-singleturn|p2a: The Pride|move: Roost
|
|-heal|p1a: CauetBurger|71/100|[from] item: Leftovers
|upkeep
|turn|24
|
|t:|1616242187
|switch|p2a: The Wrath|Salamence, M|100/100
|-ability|p2a: The Wrath|Intimidate|boost
|-unboost|p1a: CauetBurger|atk|1
|move|p1a: CauetBurger|Hydro Pump|p2a: The Wrath
|-resisted|p2a: The Wrath
|-damage|p2a: The Wrath|78/100
|
|-heal|p1a: CauetBurger|77/100|[from] item: Leftovers
|upkeep
|turn|25
|j| galacman
|
|t:|1616242205
|switch|p2a: The Greed|Mew|84/100
|move|p1a: CauetBurger|Volt Switch|p2a: The Greed
|-damage|p2a: The Greed|62/100
|
|t:|1616242221
|switch|p1a: Krookodile|Krookodile, F|84/100|[from]move: Volt Switch
|-ability|p1a: Krookodile|Intimidate|boost
|-unboost|p2a: The Greed|atk|1
|
|-heal|p2a: The Greed|68/100|[from] item: Leftovers
|upkeep
|turn|26
|
|t:|1616242228
|switch|p2a: The Pride|Skarmory, F|100/100
|move|p1a: Krookodile|Knock Off|p2a: The Pride
|-damage|p2a: The Pride|83/100
|
|upkeep
|turn|27
|
|t:|1616242233
|switch|p1a: CauetBurger|Rotom-Wash|77/100
|move|p2a: The Pride|Spikes|p1a: CauetBurger
|-sidestart|p1: EliotEnRetar|Spikes
|
|-heal|p1a: CauetBurger|83/100|[from] item: Leftovers
|upkeep
|turn|28
|
|t:|1616242239
|switch|p2a: The Greed|Mew|68/100
|move|p1a: CauetBurger|Defog|p2a: The Greed
|-unboost|p2a: The Greed|evasion|1
|-sideend|p1: EliotEnRetar|Spikes|[from] move: Defog|[of] p1a: CauetBurger
|
|-heal|p2a: The Greed|75/100|[from] item: Leftovers
|-heal|p1a: CauetBurger|89/100|[from] item: Leftovers
|upkeep
|turn|29
|
|t:|1616242253
|move|p2a: The Greed|Soft-Boiled|p2a: The Greed
|-heal|p2a: The Greed|100/100
|move|p1a: CauetBurger|Volt Switch|p2a: The Greed
|-damage|p2a: The Greed|77/100
|
|t:|1616242258
|switch|p1a: Ouais|Sylveon, M|87/100|[from]move: Volt Switch
|
|-heal|p2a: The Greed|83/100|[from] item: Leftovers
|-heal|p1a: Ouais|93/100|[from] item: Leftovers
|upkeep
|turn|30
|
|t:|1616242264
|switch|p2a: The Sloth|Chansey, F|38/100
|move|p1a: Ouais|Wish|p1a: Ouais
|
|-heal|p1a: Ouais|99/100|[from] item: Leftovers
|upkeep
|turn|31
|
|t:|1616242276
|move|p1a: Ouais|Yawn|p2a: The Sloth
|-start|p2a: The Sloth|move: Yawn|[of] p1a: Ouais
|move|p2a: The Sloth|Soft-Boiled|p2a: The Sloth
|-heal|p2a: The Sloth|88/100
|
|-heal|p1a: Ouais|100/100|[from] move: Wish|[wisher] Ouais
|upkeep
|turn|32
|
|t:|1616242282
|move|p1a: Ouais|Wish|p1a: Ouais
|move|p2a: The Sloth|Teleport|p2a: The Sloth
|
|t:|1616242286
|switch|p2a: The Gluttony|Nidoqueen, F|100/100|[from]move: Teleport
|
|upkeep
|turn|33
|
|t:|1616242292
|switch|p1a: CauetBurger|Rotom-Wash|89/100
|move|p2a: The Gluttony|Sludge Wave|p1a: CauetBurger
|-damage|p1a: CauetBurger|22/100
|
|-heal|p1a: CauetBurger|87/100|[from] move: Wish|[wisher] Ouais
|-heal|p1a: CauetBurger|93/100|[from] item: Leftovers
|upkeep
|turn|34
|
|t:|1616242306
|switch|p2a: The Greed|Mew|83/100
|move|p1a: CauetBurger|Hydro Pump|p2a: The Greed
|-damage|p2a: The Greed|50/100
|
|-heal|p2a: The Greed|56/100|[from] item: Leftovers
|-heal|p1a: CauetBurger|99/100|[from] item: Leftovers
|upkeep
|turn|35
|
|t:|1616242314
|move|p2a: The Greed|Soft-Boiled|p2a: The Greed
|-heal|p2a: The Greed|100/100
|move|p1a: CauetBurger|Volt Switch|p2a: The Greed
|-damage|p2a: The Greed|78/100
|
|t:|1616242319
|switch|p1a: Ouais|Sylveon, M|100/100|[from]move: Volt Switch
|
|-heal|p2a: The Greed|84/100|[from] item: Leftovers
|upkeep
|turn|36
|
|t:|1616242324
|move|p2a: The Greed|Block|p1a: Ouais
|-activate|p1a: Ouais|trapped
|move|p1a: Ouais|Wish|p1a: Ouais
|
|-heal|p2a: The Greed|91/100|[from] item: Leftovers
|upkeep
|turn|37
|
|t:|1616242329
|move|p2a: The Greed|Imprison|p2a: The Greed
|-start|p2a: The Greed|move: Imprison
|move|p1a: Ouais|Yawn|p2a: The Greed
|-start|p2a: The Greed|move: Yawn|[of] p1a: Ouais
|
|-heal|p2a: The Greed|97/100|[from] item: Leftovers
|upkeep
|turn|38
|
|t:|1616242337
|move|p2a: The Greed|Transform|p1a: Ouais
|-transform|p2a: The Greed|p1a: Ouais
|-endability|p2a: The Greed|Synchronize|[from] move: Transform
|cant|p1a: Ouais|move: Imprison|Hyper Voice
|
|-heal|p2a: The Greed|100/100|[from] item: Leftovers
|-end|p2a: The Greed|move: Yawn|[silent]
|-status|p2a: The Greed|slp
|upkeep
|turn|39
|
|t:|1616242344
|cant|p2a: The Greed|slp
|-activate|p1a: Ouais|move: Struggle
|move|p1a: Ouais|Struggle|p2a: The Greed
|-damage|p2a: The Greed|94/100 slp
|-damage|p1a: Ouais|75/100|[from] recoil
|
|-heal|p1a: Ouais|81/100|[from] item: Leftovers
|-heal|p2a: The Greed|99/100 slp|[from] item: Leftovers
|upkeep
|turn|40
|
|t:|1616242352
|-activate|p1a: Ouais|move: Struggle
|move|p1a: Ouais|Struggle|p2a: The Greed
|-damage|p2a: The Greed|93/100 slp
|-damage|p1a: Ouais|56/100|[from] recoil
|cant|p2a: The Greed|slp
|
|-heal|p1a: Ouais|62/100|[from] item: Leftovers
|-heal|p2a: The Greed|99/100 slp|[from] item: Leftovers
|upkeep
|turn|41
|
|t:|1616242362
|-activate|p1a: Ouais|move: Struggle
|move|p1a: Ouais|Struggle|p2a: The Greed
|-crit|p2a: The Greed
|-damage|p2a: The Greed|90/100 slp
|-damage|p1a: Ouais|37/100|[from] recoil
|cant|p2a: The Greed|slp
|
|-heal|p1a: Ouais|43/100|[from] item: Leftovers
|-heal|p2a: The Greed|97/100 slp|[from] item: Leftovers
|upkeep
|turn|42
|
|t:|1616242371
|-curestatus|p2a: The Greed|slp|[msg]
|move|p2a: The Greed|Wish|p2a: The Greed
|-activate|p1a: Ouais|move: Struggle
|move|p1a: Ouais|Struggle|p2a: The Greed
|-damage|p2a: The Greed|90/100
|-damage|p1a: Ouais|18/100|[from] recoil
|
|-heal|p1a: Ouais|24/100|[from] item: Leftovers
|-heal|p2a: The Greed|96/100|[from] item: Leftovers
|upkeep
|turn|43
|
|t:|1616242381
|switch|p2a: The Envy|Ditto|77/100
|-transform|p2a: The Envy|p1a: Ouais|[from] ability: Imposter
|-activate|p1a: Ouais|move: Struggle
|move|p1a: Ouais|Struggle|p2a: The Envy
|-damage|p2a: The Envy|68/100
|-damage|p1a: Ouais|0 fnt|[from] recoil
|faint|p1a: Ouais
|
|-heal|p2a: The Envy|100/100|[from] move: Wish|[wisher] The Greed
|upkeep
|
|t:|1616242392
|switch|p1a: Schlass|Scizor, M|100/100
|turn|44
|
|t:|1616242398
|switch|p2a: The Wrath|Salamence, M|78/100
|-ability|p2a: The Wrath|Intimidate|boost
|-unboost|p1a: Schlass|atk|1
|move|p1a: Schlass|U-turn|p2a: The Wrath
|-resisted|p2a: The Wrath
|-damage|p2a: The Wrath|66/100
|
|t:|1616242404
|switch|p1a: Porygon-NUBL|Porygon-Z|13/100|[from]move: U-turn
|
|upkeep
|turn|45
|
|t:|1616242410
|switch|p2a: The Sloth|Chansey, F|88/100
|move|p1a: Porygon-NUBL|Tri Attack|p2a: The Sloth
|-damage|p2a: The Sloth|60/100
|
|upkeep
|turn|46
|
|t:|1616242421
|switch|p1a: Schlass|Scizor, M|100/100
|move|p2a: The Sloth|Soft-Boiled|p2a: The Sloth
|-heal|p2a: The Sloth|100/100
|
|upkeep
|turn|47
|
|t:|1616242433
|switch|p2a: The Wrath|Salamence, M|66/100
|-ability|p2a: The Wrath|Intimidate|boost
|-unboost|p1a: Schlass|atk|1
|move|p1a: Schlass|U-turn|p2a: The Wrath
|-resisted|p2a: The Wrath
|-damage|p2a: The Wrath|54/100
|
|t:|1616242439
|switch|p1a: Porygon-NUBL|Porygon-Z|13/100|[from]move: U-turn
|
|upkeep
|turn|48
|
|t:|1616242444
|switch|p2a: The Sloth|Chansey, F|100/100
|move|p1a: Porygon-NUBL|Tri Attack|p2a: The Sloth
|-damage|p2a: The Sloth|76/100
|-status|p2a: The Sloth|par
|
|upkeep
|turn|49
|
|t:|1616242456
|switch|p1a: BizouJeManvol|Talonflame, M|100/100
|move|p2a: The Sloth|Teleport|p2a: The Sloth
|
|t:|1616242466
|switch|p2a: The Wrath|Salamence, M|54/100|[from]move: Teleport
|-ability|p2a: The Wrath|Intimidate|boost
|-unboost|p1a: BizouJeManvol|atk|1
|
|upkeep
|turn|50
|
|t:|1616242471
|move|p1a: BizouJeManvol|U-turn|p2a: The Wrath
|-resisted|p2a: The Wrath
|-damage|p2a: The Wrath|48/100
|
|t:|1616242474
|switch|p1a: CauetBurger|Rotom-Wash|99/100|[from]move: U-turn
|move|p2a: The Wrath|Roost|p2a: The Wrath
|-heal|p2a: The Wrath|98/100
|-singleturn|p2a: The Wrath|move: Roost
|
|-heal|p1a: CauetBurger|100/100|[from] item: Leftovers
|upkeep
|turn|51
|
|t:|1616242485
|switch|p2a: The Greed|Mew|96/100
|move|p1a: CauetBurger|Volt Switch|p2a: The Greed
|-damage|p2a: The Greed|75/100
|
|t:|1616242492
|switch|p1a: Krookodile|Krookodile, F|84/100|[from]move: Volt Switch
|-ability|p1a: Krookodile|Intimidate|boost
|-unboost|p2a: The Greed|atk|1
|
|-heal|p2a: The Greed|82/100|[from] item: Leftovers
|upkeep
|turn|52
|
|t:|1616242498
|switch|p2a: The Pride|Skarmory, F|83/100
|move|p1a: Krookodile|Knock Off|p2a: The Pride
|-damage|p2a: The Pride|66/100
|
|upkeep
|turn|53
|
|t:|1616242503
|switch|p1a: CauetBurger|Rotom-Wash|100/100
|move|p2a: The Pride|Spikes|p1a: CauetBurger
|-sidestart|p1: EliotEnRetar|Spikes
|
|upkeep
|turn|54
|
|t:|1616242509
|switch|p2a: The Sloth|Chansey, F|76/100
|move|p1a: CauetBurger|Defog|p2a: The Sloth
|-unboost|p2a: The Sloth|evasion|1
|-sideend|p1: EliotEnRetar|Spikes|[from] move: Defog|[of] p1a: CauetBurger
|
|upkeep
|turn|55
|
|t:|1616242515
|move|p1a: CauetBurger|Volt Switch|p2a: The Sloth
|-damage|p2a: The Sloth|64/100
|
|t:|1616242519
|switch|p1a: BizouJeManvol|Talonflame, M|100/100|[from]move: Volt Switch
|move|p2a: The Sloth|Seismic Toss|p1a: BizouJeManvol
|-damage|p1a: BizouJeManvol|67/100
|
|upkeep
|turn|56
|
|t:|1616242529
|switch|p2a: The Wrath|Salamence, M|98/100
|-ability|p2a: The Wrath|Intimidate|boost
|-unboost|p1a: BizouJeManvol|atk|1
|move|p1a: BizouJeManvol|U-turn|p2a: The Wrath
|-resisted|p2a: The Wrath
|-damage|p2a: The Wrath|93/100
|
|t:|1616242536
|switch|p1a: Porygon-NUBL|Porygon-Z|13/100|[from]move: U-turn
|
|upkeep
|turn|57
|
|t:|1616242540
|switch|p2a: The Sloth|Chansey, F|64/100
|move|p1a: Porygon-NUBL|Ice Beam|p2a: The Sloth
|-damage|p2a: The Sloth|48/100
|
|upkeep
|turn|58
|
|t:|1616242548
|switch|p1a: Schlass|Scizor, M|100/100
|move|p2a: The Sloth|Soft-Boiled|p2a: The Sloth
|-heal|p2a: The Sloth|98/100
|
|upkeep
|turn|59
|
|t:|1616242554
|switch|p2a: The Wrath|Salamence, M|93/100
|-ability|p2a: The Wrath|Intimidate|boost
|-unboost|p1a: Schlass|atk|1
|move|p1a: Schlass|U-turn|p2a: The Wrath
|-resisted|p2a: The Wrath
|-damage|p2a: The Wrath|82/100
|
|t:|1616242560
|switch|p1a: Porygon-NUBL|Porygon-Z|13/100|[from]move: U-turn
|
|upkeep
|turn|60
|
|t:|1616242565
|switch|p2a: The Sloth|Chansey, F|98/100
|move|p1a: Porygon-NUBL|Ice Beam|p2a: The Sloth
|-damage|p2a: The Sloth|82/100
|
|upkeep
|turn|61
|
|t:|1616242571
|switch|p1a: Schlass|Scizor, M|100/100
|move|p2a: The Sloth|Teleport|p2a: The Sloth
|
|t:|1616242573
|switch|p2a: The Gluttony|Nidoqueen, F|100/100|[from]move: Teleport
|
|upkeep
|turn|62
|
|t:|1616242587
|switch|p1a: Krookodile|Krookodile, F|84/100
|-ability|p1a: Krookodile|Intimidate|boost
|-unboost|p2a: The Gluttony|atk|1
|move|p2a: The Gluttony|Sludge Wave|p1a: Krookodile
|-resisted|p1a: Krookodile
|-damage|p1a: Krookodile|38/100
|
|upkeep
|turn|63
|
|t:|1616242597
|switch|p2a: The Pride|Skarmory, F|66/100
|move|p1a: Krookodile|Stealth Rock|p2a: The Pride
|-sidestart|p2: Luap 241|move: Stealth Rock
|
|upkeep
|turn|64
|
|t:|1616242608
|switch|p1a: CauetBurger|Rotom-Wash|100/100
|move|p2a: The Pride|Spikes|p1a: CauetBurger
|-sidestart|p1: EliotEnRetar|Spikes
|
|upkeep
|turn|65
|
|t:|1616242618
|switch|p2a: The Greed|Mew|82/100
|-damage|p2a: The Greed|69/100|[from] Stealth Rock
|move|p1a: CauetBurger|Volt Switch|p2a: The Greed
|-damage|p2a: The Greed|47/100
|
|t:|1616242627
|switch|p1a: Krookodile|Krookodile, F|38/100|[from]move: Volt Switch
|-damage|p1a: Krookodile|26/100|[from] Spikes
|-ability|p1a: Krookodile|Intimidate|boost
|-unboost|p2a: The Greed|atk|1
|
|-heal|p2a: The Greed|53/100|[from] item: Leftovers
|upkeep
|turn|66
|
|t:|1616242634
|switch|p2a: The Pride|Skarmory, F|66/100
|-damage|p2a: The Pride|53/100|[from] Stealth Rock
|move|p1a: Krookodile|Knock Off|p2a: The Pride
|-damage|p2a: The Pride|35/100
|
|upkeep
|turn|67
|
|t:|1616242641
|switch|p1a: CauetBurger|Rotom-Wash|100/100
|move|p2a: The Pride|Roost|p2a: The Pride
|-heal|p2a: The Pride|85/100
|-singleturn|p2a: The Pride|move: Roost
|
|upkeep
|turn|68
|
|t:|1616242654
|switch|p2a: The Wrath|Salamence, M|82/100
|-ability|p2a: The Wrath|Intimidate|boost
|-unboost|p1a: CauetBurger|atk|1
|move|p1a: CauetBurger|Defog|p2a: The Wrath
|-unboost|p2a: The Wrath|evasion|1
|-sideend|p2: Luap 241|Stealth Rock|[from] move: Defog|[of] p1a: CauetBurger
|-sideend|p1: EliotEnRetar|Spikes|[from] move: Defog|[of] p1a: CauetBurger
|
|upkeep
|turn|69
|
|t:|1616242669
|switch|p2a: The Sloth|Chansey, F|82/100
|move|p1a: CauetBurger|Volt Switch|p2a: The Sloth
|-damage|p2a: The Sloth|69/100
|
|t:|1616242686
|switch|p1a: BizouJeManvol|Talonflame, M|67/100|[from]move: Volt Switch
|
|upkeep
|turn|70
|
|t:|1616242693
|move|p1a: BizouJeManvol|Brave Bird|p2a: The Sloth
|-damage|p2a: The Sloth|25/100
|-damage|p1a: BizouJeManvol|32/100|[from] Recoil
|move|p2a: The Sloth|Soft-Boiled|p2a: The Sloth
|-heal|p2a: The Sloth|75/100
|
|upkeep
|turn|71
|
|t:|1616242699
|move|p1a: BizouJeManvol|U-turn|p2a: The Sloth
|-damage|p2a: The Sloth|56/100
|
|t:|1616242702
|switch|p1a: Schlass|Scizor, M|100/100|[from]move: U-turn
|move|p2a: The Sloth|Soft-Boiled|p2a: The Sloth
|-heal|p2a: The Sloth|100/100
|
|upkeep
|turn|72
|
|t:|1616242711
|switch|p2a: The Wrath|Salamence, M|82/100
|-ability|p2a: The Wrath|Intimidate|boost
|-unboost|p1a: Schlass|atk|1
|move|p1a: Schlass|Swords Dance|p1a: Schlass
|-boost|p1a: Schlass|atk|2
|
|upkeep
|turn|73
|
|t:|1616242718
|switch|p1a: CauetBurger|Rotom-Wash|100/100
|move|p2a: The Wrath|Flamethrower|p1a: CauetBurger
|-resisted|p1a: CauetBurger
|-damage|p1a: CauetBurger|89/100
|
|-heal|p1a: CauetBurger|96/100|[from] item: Leftovers
|upkeep
|turn|74
|l| galacman
|
|t:|1616242726
|switch|p2a: The Sloth|Chansey, F|100/100
|move|p1a: CauetBurger|Volt Switch|p2a: The Sloth
|-damage|p2a: The Sloth|88/100
|
|t:|1616242732
|switch|p1a: Schlass|Scizor, M|100/100|[from]move: Volt Switch
|
|upkeep
|turn|75
|
|t:|1616242739
|switch|p2a: The Wrath|Salamence, M|82/100
|-ability|p2a: The Wrath|Intimidate|boost
|-unboost|p1a: Schlass|atk|1
|move|p1a: Schlass|U-turn|p2a: The Wrath
|-resisted|p2a: The Wrath
|-damage|p2a: The Wrath|71/100
|
|t:|1616242745
|switch|p1a: Porygon-NUBL|Porygon-Z|13/100|[from]move: U-turn
|
|upkeep
|turn|76
|
|t:|1616242749
|switch|p2a: The Sloth|Chansey, F|88/100
|move|p1a: Porygon-NUBL|Ice Beam|p2a: The Sloth
|-damage|p2a: The Sloth|72/100
|-status|p2a: The Sloth|frz
|
|upkeep
|turn|77
|
|t:|1616242761
|move|p1a: Porygon-NUBL|Tri Attack|p2a: The Sloth
|-damage|p2a: The Sloth|43/100 frz
|-curestatus|p2a: The Sloth|frz|[msg]
|move|p2a: The Sloth|Soft-Boiled|p2a: The Sloth
|-heal|p2a: The Sloth|94/100
|
|upkeep
|turn|78
|
|t:|1616242770
|switch|p1a: Schlass|Scizor, M|100/100
|move|p2a: The Sloth|Seismic Toss|p1a: Schlass
|-damage|p1a: Schlass|68/100
|
|upkeep
|turn|79
|
|t:|1616242779
|switch|p2a: The Pride|Skarmory, F|85/100
|move|p1a: Schlass|U-turn|p2a: The Pride
|-resisted|p2a: The Pride
|-damage|p2a: The Pride|80/100
|
|t:|1616242786
|switch|p1a: CauetBurger|Rotom-Wash|96/100|[from]move: U-turn
|
|-heal|p1a: CauetBurger|100/100|[from] item: Leftovers
|upkeep
|turn|80
|
|t:|1616242793
|switch|p2a: The Sloth|Chansey, F|94/100
|move|p1a: CauetBurger|Volt Switch|p2a: The Sloth
|-crit|p2a: The Sloth
|-damage|p2a: The Sloth|76/100
|
|t:|1616242803
|switch|p1a: Krookodile|Krookodile, F|26/100|[from]move: Volt Switch
|-ability|p1a: Krookodile|Intimidate|boost
|-unboost|p2a: The Sloth|atk|1
|
|upkeep
|turn|81
|
|t:|1616242811
|move|p1a: Krookodile|Close Combat|p2a: The Sloth
|-supereffective|p2a: The Sloth
|-damage|p2a: The Sloth|5/100
|-unboost|p1a: Krookodile|def|1
|-unboost|p1a: Krookodile|spd|1
|move|p2a: The Sloth|Seismic Toss|p1a: Krookodile
|-damage|p1a: Krookodile|0 fnt
|faint|p1a: Krookodile
|
|upkeep
|
|t:|1616242821
|switch|p1a: BizouJeManvol|Talonflame, M|32/100
|turn|82
|
|t:|1616242837
|switch|p2a: The Gluttony|Nidoqueen, F|100/100
|move|p1a: BizouJeManvol|U-turn|p2a: The Gluttony
|-resisted|p2a: The Gluttony
|-damage|p2a: The Gluttony|89/100
|
|t:|1616242843
|switch|p1a: CauetBurger|Rotom-Wash|100/100|[from]move: U-turn
|
|upkeep
|turn|83
|
|t:|1616242850
|switch|p2a: The Sloth|Chansey, F|5/100
|move|p1a: CauetBurger|Hydro Pump|p2a: The Sloth
|-damage|p2a: The Sloth|0 fnt
|faint|p2a: The Sloth
|
|upkeep
|
|t:|1616242856
|switch|p2a: The Wrath|Salamence, M|71/100
|-ability|p2a: The Wrath|Intimidate|boost
|-unboost|p1a: CauetBurger|atk|1
|turn|84
|
|t:|1616242870
|move|p2a: The Wrath|Roost|p2a: The Wrath
|-heal|p2a: The Wrath|100/100
|-singleturn|p2a: The Wrath|move: Roost
|move|p1a: CauetBurger|Volt Switch|p2a: The Wrath
|-resisted|p2a: The Wrath
|-damage|p2a: The Wrath|87/100
|
|t:|1616242879
|switch|p1a: Porygon-NUBL|Porygon-Z|13/100|[from]move: Volt Switch
|
|upkeep
|turn|85
|
|t:|1616242886
|switch|p2a: The Envy|Ditto|100/100
|-transform|p2a: The Envy|p1a: Porygon-NUBL|[from] ability: Imposter
|move|p1a: Porygon-NUBL|Ice Beam|p2a: The Envy
|-damage|p2a: The Envy|56/100
|
|upkeep
|turn|86
|
|t:|1616242896
|switch|p1a: Schlass|Scizor, M|68/100
|move|p2a: The Envy|Thunderbolt|p1a: Schlass
|-damage|p1a: Schlass|22/100
|
|upkeep
|turn|87
|
|t:|1616242912
|switch|p2a: The Pride|Skarmory, F|80/100
|move|p1a: Schlass|Bullet Punch|p2a: The Pride
|-resisted|p2a: The Pride
|-damage|p2a: The Pride|71/100
|
|upkeep
|turn|88
|
|t:|1616242917
|move|p1a: Schlass|U-turn|p2a: The Pride
|-resisted|p2a: The Pride
|-damage|p2a: The Pride|65/100
|
|t:|1616242920
|switch|p1a: CauetBurger|Rotom-Wash|100/100|[from]move: U-turn
|move|p2a: The Pride|Spikes|p1a: CauetBurger
|-sidestart|p1: EliotEnRetar|Spikes
|
|upkeep
|turn|89
|
|t:|1616242926
|switch|p2a: The Greed|Mew|53/100
|move|p1a: CauetBurger|Defog|p2a: The Greed
|-unboost|p2a: The Greed|evasion|1
|-sideend|p1: EliotEnRetar|Spikes|[from] move: Defog|[of] p1a: CauetBurger
|
|-heal|p2a: The Greed|59/100|[from] item: Leftovers
|upkeep
|turn|90
|
|t:|1616242952
|move|p2a: The Greed|Imprison|p2a: The Greed
|-start|p2a: The Greed|move: Imprison
|move|p1a: CauetBurger|Volt Switch|p2a: The Greed
|-damage|p2a: The Greed|37/100
|
|t:|1616242960
|switch|p1a: BizouJeManvol|Talonflame, M|32/100|[from]move: Volt Switch
|
|-heal|p2a: The Greed|43/100|[from] item: Leftovers
|upkeep
|turn|91
|
|t:|1616242967
|move|p1a: BizouJeManvol|U-turn|p2a: The Greed
|-supereffective|p2a: The Greed
|-damage|p2a: The Greed|7/100
|
|t:|1616242977
|switch|p1a: CauetBurger|Rotom-Wash|100/100|[from]move: U-turn
|move|p2a: The Greed|Soft-Boiled|p2a: The Greed
|-heal|p2a: The Greed|57/100
|
|-heal|p2a: The Greed|63/100|[from] item: Leftovers
|upkeep
|turn|92
|
|t:|1616242987
|move|p2a: The Greed|Soft-Boiled|p2a: The Greed
|-heal|p2a: The Greed|100/100
|move|p1a: CauetBurger|Volt Switch|p2a: The Greed
|-damage|p2a: The Greed|77/100
|
|t:|1616242997
|switch|p1a: BizouJeManvol|Talonflame, M|32/100|[from]move: Volt Switch
|
|-heal|p2a: The Greed|84/100|[from] item: Leftovers
|upkeep
|turn|93
|
|t:|1616243002
|move|p1a: BizouJeManvol|Roost|p1a: BizouJeManvol
|-heal|p1a: BizouJeManvol|82/100
|-singleturn|p1a: BizouJeManvol|move: Roost
|move|p2a: The Greed|Soft-Boiled|p2a: The Greed
|-heal|p2a: The Greed|100/100
|
|upkeep
|turn|94
|
|t:|1616243010
|move|p1a: BizouJeManvol|Roost|p1a: BizouJeManvol
|-heal|p1a: BizouJeManvol|100/100
|-singleturn|p1a: BizouJeManvol|move: Roost
|move|p2a: The Greed|Block|p1a: BizouJeManvol
|-activate|p1a: BizouJeManvol|trapped
|
|upkeep
|turn|95
|j| galacman
|
|t:|1616243015
|move|p1a: BizouJeManvol|U-turn|p2a: The Greed
|-supereffective|p2a: The Greed
|-damage|p2a: The Greed|69/100
|
|t:|1616243020
|switch|p1a: Schlass|Scizor, M|22/100|[from]move: U-turn
|move|p2a: The Greed|Block|p1a: Schlass
|-activate|p1a: Schlass|trapped
|
|-heal|p2a: The Greed|75/100|[from] item: Leftovers
|upkeep
|turn|96
|j| uu8a roomie
|
|t:|1616243026
|move|p2a: The Greed|Transform|p1a: Schlass
|-transform|p2a: The Greed|p1a: Schlass
|-endability|p2a: The Greed|Synchronize|[from] move: Transform
|cant|p1a: Schlass|move: Imprison|U-turn
|
|-heal|p2a: The Greed|82/100|[from] item: Leftovers
|upkeep
|turn|97
|
|t:|1616243036
|move|p2a: The Greed|Bullet Punch|p1a: Schlass
|-resisted|p1a: Schlass
|-damage|p1a: Schlass|2/100
|-activate|p1a: Schlass|move: Struggle
|move|p1a: Schlass|Struggle|p2a: The Greed
|-damage|p2a: The Greed|55/100
|-damage|p1a: Schlass|0 fnt|[from] recoil
|faint|p1a: Schlass
|
|-heal|p2a: The Greed|61/100|[from] item: Leftovers
|upkeep
|
|t:|1616243049
|switch|p1a: CauetBurger|Rotom-Wash|100/100
|turn|98
|
|t:|1616243056
|switch|p2a: The Wrath|Salamence, M|87/100
|-ability|p2a: The Wrath|Intimidate|boost
|-unboost|p1a: CauetBurger|atk|1
|move|p1a: CauetBurger|Will-O-Wisp|p2a: The Wrath|[miss]
|-miss|p1a: CauetBurger|p2a: The Wrath
|
|upkeep
|turn|99
|
|t:|1616243064
|switch|p2a: The Gluttony|Nidoqueen, F|89/100
|move|p1a: CauetBurger|Will-O-Wisp|p2a: The Gluttony
|-status|p2a: The Gluttony|brn
|
|-damage|p2a: The Gluttony|83/100 brn|[from] brn
|upkeep
|turn|100
|
|t:|1616243071
|move|p2a: The Gluttony|Sludge Wave|p1a: CauetBurger
|-damage|p1a: CauetBurger|27/100
|move|p1a: CauetBurger|Hydro Pump|p2a: The Gluttony
|-supereffective|p2a: The Gluttony
|-damage|p2a: The Gluttony|0 fnt
|faint|p2a: The Gluttony
|
|-heal|p1a: CauetBurger|33/100|[from] item: Leftovers
|upkeep
|
|t:|1616243077
|switch|p2a: The Greed|Mew|61/100
|turn|101
|
|t:|1616243090
|move|p2a: The Greed|Imprison|p2a: The Greed
|-start|p2a: The Greed|move: Imprison
|move|p1a: CauetBurger|Will-O-Wisp|p2a: The Greed
|-status|p2a: The Greed|brn
|-activate|p2a: The Greed|ability: Synchronize
|-status|p1a: CauetBurger|brn
|
|-heal|p2a: The Greed|68/100 brn|[from] item: Leftovers
|-heal|p1a: CauetBurger|39/100 brn|[from] item: Leftovers
|-damage|p2a: The Greed|61/100 brn|[from] brn
|-damage|p1a: CauetBurger|33/100 brn|[from] brn
|upkeep
|turn|102
|
|t:|1616243102
|switch|p1a: BizouJeManvol|Talonflame, M|100/100
|move|p2a: The Greed|Soft-Boiled|p2a: The Greed
|-heal|p2a: The Greed|100/100 brn
|
|-damage|p2a: The Greed|94/100 brn|[from] brn
|upkeep
|turn|103
|
|t:|1616243115
|move|p1a: BizouJeManvol|Roost||[still]
|-fail|p1a: BizouJeManvol|heal
|move|p2a: The Greed|Block|p1a: BizouJeManvol
|-activate|p1a: BizouJeManvol|trapped
|
|-heal|p2a: The Greed|100/100 brn|[from] item: Leftovers
|-damage|p2a: The Greed|94/100 brn|[from] brn
|upkeep
|turn|104
|
|t:|1616243125
|move|p1a: BizouJeManvol|U-turn|p2a: The Greed
|-supereffective|p2a: The Greed
|-damage|p2a: The Greed|63/100 brn
|
|t:|1616243128
|switch|p1a: Porygon-NUBL|Porygon-Z|13/100|[from]move: U-turn
|move|p2a: The Greed|Block|p1a: Porygon-NUBL
|-activate|p1a: Porygon-NUBL|trapped
|
|-heal|p2a: The Greed|69/100 brn|[from] item: Leftovers
|-damage|p2a: The Greed|63/100 brn|[from] brn
|upkeep
|turn|105
|
|t:|1616243138
|move|p2a: The Greed|Transform|p1a: Porygon-NUBL
|-transform|p2a: The Greed|p1a: Porygon-NUBL
|-endability|p2a: The Greed|Synchronize|[from] move: Transform
|cant|p1a: Porygon-NUBL|move: Imprison|Tri Attack
|
|-heal|p2a: The Greed|69/100 brn|[from] item: Leftovers
|-damage|p2a: The Greed|63/100 brn|[from] brn
|upkeep
|turn|106
|
|t:|1616243145
|-activate|p1a: Porygon-NUBL|move: Struggle
|move|p1a: Porygon-NUBL|Struggle|p2a: The Greed
|-damage|p2a: The Greed|55/100 brn
|-damage|p1a: Porygon-NUBL|0 fnt|[from] recoil
|faint|p1a: Porygon-NUBL
|move|p2a: The Greed|Tri Attack|p1: Porygon-NUBL|[notarget]
|-fail|p2a: The Greed
|
|-heal|p2a: The Greed|61/100 brn|[from] item: Leftovers
|-damage|p2a: The Greed|55/100 brn|[from] brn
|upkeep
|
|t:|1616243155
|switch|p1a: BizouJeManvol|Talonflame, M|100/100
|turn|107
|
|t:|1616243163
|switch|p2a: The Wrath|Salamence, M|87/100
|-ability|p2a: The Wrath|Intimidate|boost
|-unboost|p1a: BizouJeManvol|atk|1
|move|p1a: BizouJeManvol|Brave Bird|p2a: The Wrath
|-damage|p2a: The Wrath|59/100
|-damage|p1a: BizouJeManvol|88/100|[from] Recoil
|
|upkeep
|turn|108
|inactive|EliotEnRetar has 120 seconds left.
|
|t:|1616243175
|move|p1a: BizouJeManvol|Brave Bird|p2a: The Wrath
|-damage|p2a: The Wrath|31/100
|-damage|p1a: BizouJeManvol|76/100|[from] Recoil
|move|p2a: The Wrath|Roost|p2a: The Wrath
|-heal|p2a: The Wrath|81/100
|-singleturn|p2a: The Wrath|move: Roost
|
|upkeep
|turn|109
|inactive|EliotEnRetar has 120 seconds left.
|
|t:|1616243184
|move|p1a: BizouJeManvol|U-turn|p2a: The Wrath
|-resisted|p2a: The Wrath
|-damage|p2a: The Wrath|75/100
|inactive|EliotEnRetar has 120 seconds left.
|c|☆EliotEnRetar|so thats how you win in high ladder
|
|t:|1616243200
|switch|p1a: CauetBurger|Rotom-Wash|33/100 brn|[from]move: U-turn
|move|p2a: The Wrath|Dual Wingbeat|p1a: CauetBurger|[miss]
|-miss|p2a: The Wrath|p1a: CauetBurger
|
|-heal|p1a: CauetBurger|39/100 brn|[from] item: Leftovers
|-damage|p1a: CauetBurger|33/100 brn|[from] brn
|upkeep
|turn|110
|
|t:|1616243209
|move|p2a: The Wrath|Dual Wingbeat|p1a: CauetBurger
|-resisted|p1a: CauetBurger
|-damage|p1a: CauetBurger|26/100 brn
|-resisted|p1a: CauetBurger
|-damage|p1a: CauetBurger|18/100 brn
|-hitcount|p1a: CauetBurger|2
|move|p1a: CauetBurger|Volt Switch|p2a: The Wrath
|-damage|p2a: The Wrath|50/100
|
|t:|1616243216
|switch|p1a: BizouJeManvol|Talonflame, M|76/100|[from]move: Volt Switch
|
|upkeep
|turn|111
|
|t:|1616243230
|move|p1a: BizouJeManvol|Brave Bird|p2a: The Wrath
|-damage|p2a: The Wrath|4/100
|-damage|p1a: BizouJeManvol|56/100|[from] Recoil
|move|p2a: The Wrath|Roost|p2a: The Wrath
|-heal|p2a: The Wrath|54/100
|-singleturn|p2a: The Wrath|move: Roost
|
|upkeep
|turn|112
|
|t:|1616243237
|move|p1a: BizouJeManvol|Brave Bird|p2a: The Wrath
|-damage|p2a: The Wrath|10/100
|-damage|p1a: BizouJeManvol|37/100|[from] Recoil
|move|p2a: The Wrath|Dual Wingbeat|p1a: BizouJeManvol
|-damage|p1a: BizouJeManvol|10/100
|-damage|p1a: BizouJeManvol|0 fnt
|-hitcount|p1a: BizouJeManvol|2
|faint|p1a: BizouJeManvol
|
|upkeep
|
|t:|1616243246
|switch|p1a: CauetBurger|Rotom-Wash|18/100 brn
|turn|113
|c|☆Luap 241|I aggree this is pretty sad
|j| pipluphater13
|
|t:|1616243258
|move|p2a: The Wrath|Flamethrower|p1a: CauetBurger
|-resisted|p1a: CauetBurger
|-damage|p1a: CauetBurger|8/100 brn
|move|p1a: CauetBurger|Volt Switch|p2a: The Wrath
|-damage|p2a: The Wrath|0 fnt
|faint|p2a: The Wrath
|
|-heal|p1a: CauetBurger|15/100 brn|[from] item: Leftovers
|-damage|p1a: CauetBurger|8/100 brn|[from] brn
|upkeep
|
|t:|1616243263
|switch|p2a: The Envy|Ditto|56/100
|-transform|p2a: The Envy|p1a: CauetBurger|[from] ability: Imposter
|turn|114
|c|☆EliotEnRetar|then just play less cancer
|c|☆EliotEnRetar|its pretty simple
|l| pipluphater13
|c|☆EliotEnRetar|and more rewarding
|c|☆Luap 241|I no more play thus usually
|inactive|EliotEnRetar has 90 seconds left.
|
|t:|1616243307
|move|p2a: The Envy|Volt Switch|p1a: CauetBurger
|-damage|p1a: CauetBurger|0 fnt
|faint|p1a: CauetBurger
|
|win|Luap 241
|raw|EliotEnRetar's rating: 1479 &rarr; <strong>1467</strong><br />(-12 for losing)
|raw|Luap 241's rating: 1626 &rarr; <strong>1638</strong><br />(+12 for winning)
|c|☆Luap 241|I tested an old team with this mew
|c|☆Luap 241|But today the tier is full of regecore it is slow
|c|☆Luap 241|This team breaks easy those fat teams
|c|☆Luap 241|But against full volt turn the matches are boring as fuck
