|j|☆Ibihsoh
|j|☆Lnua
|player|p1|Ibihsoh|102|1347
|player|p2|Lnua|misty-gen2|1480
|teamsize|p1|6
|teamsize|p2|6
|gametype|singles
|gen|8
|tier|[Gen 8] UU
|rated|
|clearpoke
|poke|p1|Sylveon, M|
|poke|p1|Goodra, F|
|poke|p1|Rotom-Mow|
|poke|p1|Vaporeon, M|
|poke|p1|Rhyperior, F|
|poke|p1|Escavalier, M|
|poke|p2|Noivern, M|
|poke|p2|Rhyperior, M|
|poke|p2|Sylveon, M|
|poke|p2|Reuniclus, M|
|poke|p2|Milotic, F|
|poke|p2|Cobalion|
|rule|Sleep Clause Mod: Limit one foe put to sleep
|rule|Species Clause: Limit one of each Pokémon
|rule|OHKO Clause: OHKO moves are banned
|rule|Evasion Moves Clause: Evasion moves are banned
|rule|Endless Battle Clause: Forcing endless battles is banned
|rule|HP Percentage Mod: HP is shown in percentages
|rule|Dynamax Clause: You cannot dynamax
|teampreview
|inactive|Battle timer is ON: inactive players will automatically lose when time's up. (requested by Ibihsoh)
|
|start
|switch|p1a: Rotom|Rotom-Mow|100/100
|switch|p2a: DrReuniclus3|Reuniclus, M|100/100
|turn|1
|j| the devil's share
|
|move|p1a: Rotom|Trick|p2a: DrReuniclus3
|-activate|p1a: Rotom|move: Trick|[of] p2a: DrReuniclus3
|-item|p2a: DrReuniclus3|Choice Scarf|[from] move: Trick
|-item|p1a: Rotom|Assault Vest|[from] move: Trick
|move|p2a: DrReuniclus3|Knock Off|p1a: Rotom
|-damage|p1a: Rotom|78/100
|-enditem|p1a: Rotom|Assault Vest|[from] move: Knock Off|[of] p2a: DrReuniclus3
|
|upkeep
|turn|2
|
|move|p1a: Rotom|Volt Switch|p2a: DrReuniclus3
|-crit|p2a: DrReuniclus3
|-damage|p2a: DrReuniclus3|72/100
|
|switch|p1a: Vaporeon|Vaporeon, M|100/100|[from]move: Volt Switch
|move|p2a: DrReuniclus3|Knock Off|p1a: Vaporeon
|-damage|p1a: Vaporeon|90/100
|-enditem|p1a: Vaporeon|Leftovers|[from] move: Knock Off|[of] p2a: DrReuniclus3
|
|upkeep
|turn|3
|
|switch|p1a: Rotom|Rotom-Mow|78/100
|switch|p2a: yawn|Sylveon, M|100/100
|
|upkeep
|turn|4
|j| NekoNecross
|
|switch|p2a: DrReuniclus3|Reuniclus, M|100/100
|move|p1a: Rotom|Volt Switch|p2a: DrReuniclus3
|-damage|p2a: DrReuniclus3|79/100
|c| NekoNecross|try making a team with that can set Aurora Veil and other screens
|
|switch|p1a: Escavalier|Escavalier, M|100/100|[from]move: Volt Switch
|
|upkeep
|turn|5
|
|switch|p2a: Cobalion|Cobalion|100/100
|move|p1a: Escavalier|Megahorn|p2a: Cobalion
|-resisted|p2a: Cobalion
|-damage|p2a: Cobalion|88/100
|
|upkeep
|turn|6
|c|☆Lnua|I'm never building aurora veil neko lmao
|c|☆Lnua|or screen
|c|☆Lnua|s
|
|move|p2a: Cobalion|Swords Dance|p2a: Cobalion
|-boost|p2a: Cobalion|atk|2
|move|p1a: Escavalier|Close Combat|p2a: Cobalion
|-supereffective|p2a: Cobalion
|-damage|p2a: Cobalion|18/100
|-unboost|p1a: Escavalier|def|1
|-unboost|p1a: Escavalier|spd|1
|
|upkeep
|turn|7
|c|☆Lnua|omg
|c| NekoNecross|preferable with something that can eat psy fang and brick break like sable
|c| NekoNecross|and oh why
|c|☆Lnua|because they're mindless builds aren't they
|inactive|Ibihsoh has 120 seconds left.
|c|☆Lnua|idt they're fun to play
|c|☆Lnua|personally
|c|☆Lnua|but you should build it if you want to play that
|
|switch|p1a: Goodra|Goodra, F|100/100
|move|p2a: Cobalion|Close Combat|p1a: Goodra
|-damage|p1a: Goodra|0 fnt
|-unboost|p2a: Cobalion|def|1
|-unboost|p2a: Cobalion|spd|1
|faint|p1a: Goodra
|
|upkeep
|c| NekoNecross|uhm suit yourself then
|
|switch|p1a: Vaporeon|Vaporeon, M|90/100
|turn|8
|
|switch|p2a: DrReuniclus3|Reuniclus, M|100/100
|move|p1a: Vaporeon|Scald|p2a: DrReuniclus3
|-damage|p2a: DrReuniclus3|82/100
|
|upkeep
|turn|9
|c| NekoNecross|I only used them in offens
|c|☆Lnua|what do you mean
|c| NekoNecross|since they make sure your thing don't die for at least a turn
|j| 467 11 11p
|c|☆Lnua|well yeah obviously
|c| NekoNecross|so you can set up
|inactive|Lnua has 120 seconds left.
|c|☆Lnua|yeah but why would you use them defensively
|
|move|p1a: Vaporeon|Wish|p1a: Vaporeon
|move|p2a: DrReuniclus3|Knock Off|p1a: Vaporeon
|-damage|p1a: Vaporeon|82/100
|
|upkeep
|turn|10
|
|move|p1a: Vaporeon|Scald|p2a: DrReuniclus3
|-damage|p2a: DrReuniclus3|64/100
|move|p2a: DrReuniclus3|Knock Off|p1a: Vaporeon
|-damage|p1a: Vaporeon|74/100
|
|-heal|p1a: Vaporeon|100/100|[from] move: Wish|[wisher] Vaporeon
|upkeep
|turn|11
|c| NekoNecross|but I don't think they are mindless tho, you still need to deal with defog and other screen removers
|
|switch|p2a: Milotic|Milotic, F|100/100
|move|p1a: Vaporeon|Scald|p2a: Milotic
|-resisted|p2a: Milotic
|-damage|p2a: Milotic|92/100
|
|-heal|p2a: Milotic|98/100|[from] item: Leftovers
|upkeep
|turn|12
|
|move|p2a: Milotic|Toxic|p1a: Vaporeon
|-status|p1a: Vaporeon|tox
|move|p1a: Vaporeon|Wish|p1a: Vaporeon
|
|-heal|p2a: Milotic|100/100|[from] item: Leftovers
|-damage|p1a: Vaporeon|94/100 tox|[from] psn
|upkeep
|turn|13
|inactive|Lnua has 120 seconds left.
|
|switch|p1a: Rotom|Rotom-Mow|78/100
|move|p2a: Milotic|Scald|p1a: Rotom
|-resisted|p1a: Rotom
|-damage|p1a: Rotom|60/100
|
|-heal|p1a: Rotom|100/100|[from] move: Wish|[wisher] Vaporeon
|upkeep
|turn|14
|c| NekoNecross|and also all mons with Aurora Veil are ice
|inactive|Lnua has 120 seconds left.
|c|☆Lnua|you set up your veil
|c|☆Lnua|you go into sd or np mon
|c|☆Lnua|click boost
|c| NekoNecross|its best to use with snow warnign
|c|☆Lnua|then get kill
|c|☆Lnua|that isn't fun to me
|inactive|Lnua has 90 seconds left.
|c| NekoNecross|I mean if you play it for stall
|c|☆Lnua|it's also very match up reliant
|c|☆Lnua|aurora veil for stall oic
|c| NekoNecross|it can help you take damage better
|c|☆Lnua|that's interesting
|
|switch|p2a: DrReuniclus3|Reuniclus, M|97/100
|move|p1a: Rotom|Leaf Storm|p2a: DrReuniclus3
|-damage|p2a: DrReuniclus3|60/100
|-unboost|p1a: Rotom|spa|2
|
|upkeep
|turn|15
|
|move|p1a: Rotom|Volt Switch|p2a: DrReuniclus3
|-damage|p2a: DrReuniclus3|50/100
|
|switch|p1a: Vaporeon|Vaporeon, M|94/100 tox|[from]move: Volt Switch
|move|p2a: DrReuniclus3|Knock Off|p1a: Vaporeon
|-damage|p1a: Vaporeon|86/100 tox
|
|-damage|p1a: Vaporeon|80/100 tox|[from] psn
|upkeep
|turn|16
|
|switch|p2a: Milotic|Milotic, F|100/100
|move|p1a: Vaporeon|Heal Bell|p1a: Vaporeon
|-activate|p1a: Vaporeon|move: Heal Bell
|-curestatus|p1a: Vaporeon|tox|[msg]
|
|upkeep
|turn|17
|
|move|p1a: Vaporeon|Protect|p1a: Vaporeon
|-singleturn|p1a: Vaporeon|Protect
|move|p2a: Milotic|Toxic|p1a: Vaporeon
|-activate|p1a: Vaporeon|move: Protect
|
|upkeep
|turn|18
|inactive|Lnua has 90 seconds left.
|
|switch|p1a: Rotom|Rotom-Mow|100/100
|move|p2a: Milotic|Toxic|p1a: Rotom
|-status|p1a: Rotom|tox
|
|-damage|p1a: Rotom|94/100 tox|[from] psn
|upkeep
|turn|19
|
|switch|p2a: Noivern|Noivern, M|100/100
|move|p1a: Rotom|Volt Switch|p2a: Noivern
|-damage|p2a: Noivern|61/100
|
|switch|p1a: Rhyperior|Rhyperior, F|100/100|[from]move: Volt Switch
|
|upkeep
|turn|20
|c| NekoNecross|I considered a snow team with prankster Aurora Veil stall for shared
|c|☆Lnua|idk why I did that
|
|switch|p2a: Rhyperior|Rhyperior, M|100/100
|move|p1a: Rhyperior|Stealth Rock|p2a: Rhyperior
|-sidestart|p2: Lnua|move: Stealth Rock
|
|upkeep
|turn|21
|
|move|p1a: Rhyperior|Toxic|p2a: Rhyperior
|-status|p2a: Rhyperior|tox
|move|p2a: Rhyperior|Stealth Rock|p1a: Rhyperior
|-sidestart|p1: Ibihsoh|move: Stealth Rock
|
|-damage|p2a: Rhyperior|94/100 tox|[from] psn
|upkeep
|turn|22
|
|switch|p1a: Vaporeon|Vaporeon, M|80/100
|-damage|p1a: Vaporeon|68/100|[from] Stealth Rock
|move|p2a: Rhyperior|Earthquake|p1a: Vaporeon
|-damage|p1a: Vaporeon|33/100
|
|-heal|p2a: Rhyperior|100/100 tox|[from] item: Leftovers
|-damage|p2a: Rhyperior|88/100 tox|[from] psn
|upkeep
|turn|23
|
|move|p1a: Vaporeon|Protect|p1a: Vaporeon
|-singleturn|p1a: Vaporeon|Protect
|move|p2a: Rhyperior|Earthquake|p1a: Vaporeon
|-activate|p1a: Vaporeon|move: Protect
|
|-heal|p2a: Rhyperior|94/100 tox|[from] item: Leftovers
|-damage|p2a: Rhyperior|76/100 tox|[from] psn
|upkeep
|turn|24
|
|switch|p1a: Rotom|Rotom-Mow|94/100 tox
|-damage|p1a: Rotom|82/100 tox|[from] Stealth Rock
|switch|p2a: DrReuniclus3|Reuniclus, M|84/100
|-damage|p2a: DrReuniclus3|71/100|[from] Stealth Rock
|
|-damage|p1a: Rotom|76/100 tox|[from] psn
|upkeep
|turn|25
|
|move|p1a: Rotom|Volt Switch|p2a: DrReuniclus3
|-damage|p2a: DrReuniclus3|51/100
|
|switch|p1a: Escavalier|Escavalier, M|100/100|[from]move: Volt Switch
|-damage|p1a: Escavalier|88/100|[from] Stealth Rock
|move|p2a: DrReuniclus3|Psychic|p1a: Escavalier
|-resisted|p1a: Escavalier
|-damage|p1a: Escavalier|71/100
|
|-heal|p1a: Escavalier|77/100|[from] item: Leftovers
|upkeep
|turn|26
|inactive|Lnua has 120 seconds left.
|
|switch|p2a: Rhyperior|Rhyperior, M|76/100 tox
|-damage|p2a: Rhyperior|69/100 tox|[from] Stealth Rock
|move|p1a: Escavalier|Megahorn|p2a: Rhyperior
|-damage|p2a: Rhyperior|31/100 tox
|
|-heal|p2a: Rhyperior|37/100 tox|[from] item: Leftovers
|-heal|p1a: Escavalier|83/100|[from] item: Leftovers
|-damage|p2a: Rhyperior|31/100 tox|[from] psn
|upkeep
|turn|27
|inactive|Lnua has 120 seconds left.
|
|move|p2a: Rhyperior|Stone Edge|p1a: Escavalier
|-damage|p1a: Escavalier|39/100
|move|p1a: Escavalier|Iron Head|p2a: Rhyperior
|-supereffective|p2a: Rhyperior
|-damage|p2a: Rhyperior|0 fnt
|faint|p2a: Rhyperior
|
|-heal|p1a: Escavalier|45/100|[from] item: Leftovers
|upkeep
|inactive|Lnua has 120 seconds left.
|
|switch|p2a: Noivern|Noivern, M|61/100
|-item|p1a: Escavalier|Leftovers|[from] ability: Frisk|[of] p2a: Noivern|[identify]
|turn|28
|
|move|p2a: Noivern|Flamethrower|p1a: Escavalier
|-supereffective|p1a: Escavalier
|-damage|p1a: Escavalier|0 fnt
|faint|p1a: Escavalier
|
|upkeep
|
|switch|p1a: Rhyperior|Rhyperior, F|100/100
|-damage|p1a: Rhyperior|94/100|[from] Stealth Rock
|turn|29
|
|switch|p2a: yawn|Sylveon, M|100/100
|-damage|p2a: yawn|88/100|[from] Stealth Rock
|move|p1a: Rhyperior|Rock Blast|p2a: yawn
|-damage|p2a: yawn|77/100
|-damage|p2a: yawn|66/100
|-damage|p2a: yawn|54/100
|-hitcount|p2a: yawn|3
|
|-heal|p2a: yawn|61/100|[from] item: Leftovers
|-heal|p1a: Rhyperior|100/100|[from] item: Leftovers
|upkeep
|turn|30
|inactive|Lnua has 120 seconds left.
|
|switch|p2a: Milotic|Milotic, F|100/100
|-damage|p2a: Milotic|88/100|[from] Stealth Rock
|move|p1a: Rhyperior|Toxic|p2a: Milotic
|-status|p2a: Milotic|tox
|
|-heal|p2a: Milotic|94/100 tox|[from] item: Leftovers
|-damage|p2a: Milotic|88/100 tox|[from] psn
|upkeep
|turn|31
|inactive|Lnua has 120 seconds left.
|
|switch|p2a: yawn|Sylveon, M|61/100
|-damage|p2a: yawn|48/100|[from] Stealth Rock
|switch|p1a: Vaporeon|Vaporeon, M|33/100
|-damage|p1a: Vaporeon|20/100|[from] Stealth Rock
|
|-heal|p2a: yawn|54/100|[from] item: Leftovers
|upkeep
|turn|32
|inactive|Lnua has 120 seconds left.
|
|move|p1a: Vaporeon|Scald|p2a: yawn
|-damage|p2a: yawn|34/100
|move|p2a: yawn|Calm Mind|p2a: yawn
|-boost|p2a: yawn|spa|1
|-boost|p2a: yawn|spd|1
|
|-heal|p2a: yawn|40/100|[from] item: Leftovers
|upkeep
|turn|33
|
|move|p1a: Vaporeon|Wish|p1a: Vaporeon
|move|p2a: yawn|Calm Mind|p2a: yawn
|-boost|p2a: yawn|spa|1
|-boost|p2a: yawn|spd|1
|
|-heal|p2a: yawn|47/100|[from] item: Leftovers
|upkeep
|turn|34
|
|move|p1a: Vaporeon|Scald|p2a: yawn
|-crit|p2a: yawn
|-damage|p2a: yawn|14/100
|-status|p2a: yawn|brn
|move|p2a: yawn|Calm Mind|p2a: yawn
|-boost|p2a: yawn|spa|1
|-boost|p2a: yawn|spd|1
|
|-heal|p1a: Vaporeon|70/100|[from] move: Wish|[wisher] Vaporeon
|-heal|p2a: yawn|20/100 brn|[from] item: Leftovers
|-damage|p2a: yawn|14/100 brn|[from] brn
|upkeep
|turn|35
|
|move|p1a: Vaporeon|Scald|p2a: yawn
|-damage|p2a: yawn|6/100 brn
|move|p2a: yawn|Rest|p2a: yawn
|-status|p2a: yawn|slp|[from] move: Rest
|-heal|p2a: yawn|100/100 slp|[silent]
|
|upkeep
|turn|36
|
|move|p1a: Vaporeon|Wish|p1a: Vaporeon
|cant|p2a: yawn|slp
|move|p2a: yawn|Snore|p1a: Vaporeon
|-damage|p1a: Vaporeon|27/100
|
|upkeep
|turn|37
|
|move|p1a: Vaporeon|Protect|p1a: Vaporeon
|-singleturn|p1a: Vaporeon|Protect
|cant|p2a: yawn|slp
|move|p2a: yawn|Snore|p1a: Vaporeon
|-activate|p1a: Vaporeon|move: Protect
|
|-heal|p1a: Vaporeon|77/100|[from] move: Wish|[wisher] Vaporeon
|upkeep
|turn|38
|
|move|p1a: Vaporeon|Wish|p1a: Vaporeon
|-curestatus|p2a: yawn|slp|[msg]
|move|p2a: yawn|Calm Mind|p2a: yawn
|-boost|p2a: yawn|spa|1
|-boost|p2a: yawn|spd|1
|
|upkeep
|turn|39
|
|switch|p1a: Rotom|Rotom-Mow|76/100 tox
|-damage|p1a: Rotom|63/100 tox|[from] Stealth Rock
|move|p2a: yawn|Calm Mind|p2a: yawn
|-boost|p2a: yawn|spa|1
|-boost|p2a: yawn|spd|1
|
|-heal|p1a: Rotom|100/100 tox|[from] move: Wish|[wisher] Vaporeon
|-damage|p1a: Rotom|94/100 tox|[from] psn
|upkeep
|turn|40
|
|move|p1a: Rotom|Trick|p2a: yawn
|-activate|p1a: Rotom|move: Trick|[of] p2a: yawn
|-enditem|p2a: yawn|Leftovers|[silent]|[from] move: Trick
|-item|p1a: Rotom|Leftovers|[from] move: Trick
|move|p2a: yawn|Hyper Voice|p1a: Rotom
|-damage|p1a: Rotom|0 fnt
|faint|p1a: Rotom
|
|upkeep
|
|switch|p1a: Rhyperior|Rhyperior, F|100/100
|-damage|p1a: Rhyperior|94/100|[from] Stealth Rock
|turn|41
|c| the devil's share|how good is that sylv set
|c|☆Lnua|it's alright tbh
|c|☆Lnua|it beats specs sylv 1 on 1
|c| the devil's share|it seems like wish support w heal bell might be super useful for ur team too
|inactive|Lnua has 120 seconds left.
|c|☆Lnua|it needs better team support than I've given it though
|c|☆Lnua|yeah that too
|c|☆Lnua|this team isn't great if I'm honest
|inactive|Lnua has 90 seconds left.
|c|☆Lnua|I just wanted to try out this set
|
|move|p2a: yawn|Hyper Voice|p1a: Rhyperior
|-damage|p1a: Rhyperior|0 fnt
|faint|p1a: Rhyperior
|
|upkeep
|
|switch|p1a: Sylveon|Sylveon, M|100/100
|-damage|p1a: Sylveon|88/100|[from] Stealth Rock
|turn|42
|
|move|p1a: Sylveon|Psyshock|p2a: yawn
|-damage|p2a: yawn|69/100
|move|p2a: yawn|Hyper Voice|p1a: Sylveon
|-damage|p1a: Sylveon|0 fnt
|faint|p1a: Sylveon
|
|upkeep
|-message|Ibihsoh forfeited.
|
|win|Lnua
|l|☆Ibihsoh
|l| NekoNecross
|raw|Ibihsoh's rating: 1347 &rarr; <strong>1334</strong><br />(-13 for losing)
|raw|Lnua's rating: 1480 &rarr; <strong>1492</strong><br />(+12 for winning)
