|j|☆lekileki
|j|☆FyonObbliviavthier
|player|p1|lekileki|riley|1363
|player|p2|FyonObbliviavthier|211|1410
|teamsize|p1|6
|teamsize|p2|6
|gametype|singles
|gen|8
|tier|[Gen 8] UU
|rated|
|clearpoke
|poke|p1|Sigilyph, M|
|poke|p1|Golisopod, M|
|poke|p1|Heliolisk, M|
|poke|p1|Pangoro, F|
|poke|p1|Rotom-Mow|
|poke|p1|Claydol|
|poke|p2|Drapion, F|
|poke|p2|Noivern, F|
|poke|p2|Hippowdon, M|
|poke|p2|Doublade, M|
|poke|p2|Araquanid, M|
|poke|p2|Gardevoir, M|
|rule|Sleep Clause Mod: Limit one foe put to sleep
|rule|Species Clause: Limit one of each Pokémon
|rule|OHKO Clause: OHKO moves are banned
|rule|Evasion Moves Clause: Evasion moves are banned
|rule|Endless Battle Clause: Forcing endless battles is banned
|rule|HP Percentage Mod: HP is shown in percentages
|rule|Dynamax Clause: You cannot dynamax
|teampreview
|
|start
|switch|p1a: Heliolisk|Heliolisk, M|100/100
|switch|p2a: Drapion|Drapion, F|100/100
|turn|1
|
|move|p1a: Heliolisk|Volt Switch|p2a: Drapion
|-damage|p2a: Drapion|60/100
|
|switch|p1a: Golisopod|Golisopod, M|100/100|[from]move: Volt Switch
|move|p2a: Drapion|Knock Off|p1a: Golisopod
|-damage|p1a: Golisopod|77/100
|-enditem|p1a: Golisopod|Heavy-Duty Boots|[from] move: Knock Off|[of] p2a: Drapion
|
|-heal|p2a: Drapion|66/100|[from] item: Black Sludge
|upkeep
|turn|2
|
|switch|p2a: Doublade|Doublade, M|100/100
|move|p1a: Golisopod|Liquidation|p2a: Doublade
|-damage|p2a: Doublade|78/100
|
|upkeep
|turn|3
|
|switch|p1a: Rotom|Rotom-Mow|100/100
|move|p2a: Doublade|Iron Head|p1a: Rotom
|-resisted|p1a: Rotom
|-damage|p1a: Rotom|73/100
|
|upkeep
|turn|4
|
|switch|p2a: Noivern|Noivern, F|100/100
|move|p1a: Rotom|Trick|p2a: Noivern
|-activate|p1a: Rotom|move: Trick|[of] p2a: Noivern
|-item|p2a: Noivern|Choice Scarf|[from] move: Trick
|-item|p1a: Rotom|Choice Specs|[from] move: Trick
|
|upkeep
|turn|5
|
|switch|p1a: Claydol|Claydol|100/100
|move|p2a: Noivern|Draco Meteor|p1a: Claydol
|-damage|p1a: Claydol|64/100
|-unboost|p2a: Noivern|spa|2
|
|-heal|p1a: Claydol|70/100|[from] item: Leftovers
|upkeep
|turn|6
|
|switch|p2a: Araquanid|Araquanid, M|100/100
|move|p1a: Claydol|Stealth Rock|p2a: Araquanid
|-sidestart|p2: FyonObbliviavthier|move: Stealth Rock
|
|-heal|p1a: Claydol|76/100|[from] item: Leftovers
|upkeep
|turn|7
|
|switch|p1a: Golisopod|Golisopod, M|77/100
|move|p2a: Araquanid|Sticky Web|p1a: Golisopod
|-sidestart|p1: lekileki|move: Sticky Web
|
|upkeep
|turn|8
|
|switch|p2a: Doublade|Doublade, M|78/100
|-damage|p2a: Doublade|72/100|[from] Stealth Rock
|move|p1a: Golisopod|First Impression|p2a: Doublade
|-resisted|p2a: Doublade
|-damage|p2a: Doublade|65/100
|
|upkeep
|turn|9
|
|move|p1a: Golisopod|Spikes|p2a: Doublade
|-sidestart|p2: FyonObbliviavthier|Spikes
|move|p2a: Doublade|Swords Dance|p2a: Doublade
|-boost|p2a: Doublade|atk|2
|
|upkeep
|turn|10
|
|switch|p1a: Rotom|Rotom-Mow|73/100
|move|p2a: Doublade|Shadow Sneak|p1a: Rotom
|-damage|p1a: Rotom|18/100
|
|upkeep
|turn|11
|
|switch|p1a: Heliolisk|Heliolisk, M|100/100
|-activate|p1a: Heliolisk|move: Sticky Web
|-unboost|p1a: Heliolisk|spe|1
|move|p2a: Doublade|Shadow Sneak|p1a: Heliolisk
|-immune|p1a: Heliolisk
|
|upkeep
|turn|12
|
|move|p1a: Heliolisk|Thunderbolt|p2a: Doublade
|-damage|p2a: Doublade|0 fnt
|faint|p2a: Doublade
|
|upkeep
|
|switch|p2a: Gardevoir|Gardevoir, M|100/100
|-damage|p2a: Gardevoir|88/100|[from] Spikes
|-damage|p2a: Gardevoir|76/100|[from] Stealth Rock
|-ability|p2a: Gardevoir|Dry Skin|[from] ability: Trace|[of] p1a: Heliolisk
|turn|13
|
|switch|p1a: Rotom|Rotom-Mow|18/100
|move|p2a: Gardevoir|Moonblast|p1a: Rotom
|-damage|p1a: Rotom|0 fnt
|faint|p1a: Rotom
|
|upkeep
|
|switch|p1a: Golisopod|Golisopod, M|77/100
|-activate|p1a: Golisopod|move: Sticky Web
|-unboost|p1a: Golisopod|spe|1
|turn|14
|
|switch|p2a: Noivern|Noivern, F|100/100
|-damage|p2a: Noivern|76/100|[from] Stealth Rock
|move|p1a: Golisopod|First Impression|p2a: Noivern
|-resisted|p2a: Noivern
|-damage|p2a: Noivern|40/100
|
|upkeep
|turn|15
|
|move|p2a: Noivern|Hurricane|p1a: Golisopod
|-supereffective|p1a: Golisopod
|-damage|p1a: Golisopod|0 fnt
|faint|p1a: Golisopod
|
|upkeep
|
|switch|p1a: Claydol|Claydol|76/100
|turn|16
|
|move|p2a: Noivern|Hurricane|p1a: Claydol
|-damage|p1a: Claydol|47/100
|move|p1a: Claydol|Rapid Spin|p2a: Noivern
|-damage|p2a: Noivern|32/100
|-sideend|p1: lekileki|Sticky Web|[from] move: Rapid Spin|[of] p1a: Claydol
|-boost|p1a: Claydol|spe|1
|
|-heal|p1a: Claydol|54/100|[from] item: Leftovers
|upkeep
|turn|17
|
|move|p2a: Noivern|Hurricane|p1a: Claydol
|-damage|p1a: Claydol|24/100
|move|p1a: Claydol|Psychic|p2a: Noivern
|-damage|p2a: Noivern|2/100
|
|-heal|p1a: Claydol|30/100|[from] item: Leftovers
|upkeep
|turn|18
|
|move|p2a: Noivern|Hurricane|p1a: Claydol
|-damage|p1a: Claydol|0 fnt
|faint|p1a: Claydol
|
|upkeep
|
|switch|p1a: Pangoro|Pangoro, F, shiny|100/100
|turn|19
|
|move|p1a: Pangoro|Bullet Punch|p2a: Noivern
|-damage|p2a: Noivern|0 fnt
|faint|p2a: Noivern
|
|upkeep
|
|switch|p2a: Hippowdon|Hippowdon, M|100/100
|-damage|p2a: Hippowdon|88/100|[from] Spikes
|-damage|p2a: Hippowdon|82/100|[from] Stealth Rock
|-weather|Sandstorm|[from] ability: Sand Stream|[of] p2a: Hippowdon
|turn|20
|
|switch|p1a: Heliolisk|Heliolisk, M|100/100
|move|p2a: Hippowdon|Stealth Rock|p1a: Heliolisk
|-sidestart|p1: lekileki|move: Stealth Rock
|
|-weather|Sandstorm|[upkeep]
|-damage|p1a: Heliolisk|94/100|[from] Sandstorm
|upkeep
|turn|21
|
|move|p1a: Heliolisk|Surf|p2a: Hippowdon
|-supereffective|p2a: Hippowdon
|-damage|p2a: Hippowdon|0 fnt
|faint|p2a: Hippowdon
|
|-weather|Sandstorm|[upkeep]
|-damage|p1a: Heliolisk|88/100|[from] Sandstorm
|upkeep
|
|switch|p2a: Araquanid|Araquanid, M|100/100
|-damage|p2a: Araquanid|75/100|[from] Stealth Rock
|-damage|p2a: Araquanid|63/100|[from] Spikes
|turn|22
|
|switch|p1a: Sigilyph|Sigilyph, M|100/100
|move|p2a: Araquanid|Sticky Web|p1a: Sigilyph
|-sidestart|p1: lekileki|move: Sticky Web
|
|-weather|Sandstorm|[upkeep]
|-damage|p2a: Araquanid|57/100|[from] Sandstorm
|-heal|p2a: Araquanid|63/100|[from] item: Leftovers
|upkeep
|turn|23
|
|move|p1a: Sigilyph|Air Slash|p2a: Araquanid
|-supereffective|p2a: Araquanid
|-damage|p2a: Araquanid|0 fnt
|faint|p2a: Araquanid
|
|-weather|Sandstorm|[upkeep]
|upkeep
|
|switch|p2a: Drapion|Drapion, F|66/100
|-damage|p2a: Drapion|54/100|[from] Spikes
|-damage|p2a: Drapion|41/100|[from] Stealth Rock
|turn|24
|
|move|p1a: Sigilyph|Air Slash|p2a: Drapion
|-damage|p2a: Drapion|0 fnt
|faint|p2a: Drapion
|
|-weather|none
|upkeep
|
|switch|p2a: Gardevoir|Gardevoir, M|76/100
|-damage|p2a: Gardevoir|64/100|[from] Stealth Rock
|-damage|p2a: Gardevoir|51/100|[from] Spikes
|-ability|p2a: Gardevoir|Magic Guard|[from] ability: Trace|[of] p1a: Sigilyph
|turn|25
|
|move|p2a: Gardevoir|Moonblast|p1a: Sigilyph
|-damage|p1a: Sigilyph|25/100
|-unboost|p1a: Sigilyph|spa|1
|move|p1a: Sigilyph|Air Slash|p2a: Gardevoir
|-damage|p2a: Gardevoir|20/100
|
|upkeep
|turn|26
|
|move|p2a: Gardevoir|Moonblast|p1a: Sigilyph
|-damage|p1a: Sigilyph|0 fnt
|faint|p1a: Sigilyph
|
|upkeep
|c|☆lekileki|gg
|
|switch|p1a: Pangoro|Pangoro, F, shiny|100/100
|-activate|p1a: Pangoro|move: Sticky Web
|-unboost|p1a: Pangoro|spe|1
|-damage|p1a: Pangoro|94/100|[from] Stealth Rock
|turn|27
|c|☆FyonObbliviavthier|gg
|
|move|p1a: Pangoro|Bullet Punch|p2a: Gardevoir
|-supereffective|p2a: Gardevoir
|-damage|p2a: Gardevoir|0 fnt
|faint|p2a: Gardevoir
|
|win|lekileki
|l|☆FyonObbliviavthier
|raw|lekileki's rating: 1363 &rarr; <strong>1386</strong><br />(+23 for winning)
|raw|FyonObbliviavthier's rating: 1420 &rarr; <strong>1397</strong><br />(-23 for losing)
