|j|☆LolzMachine
|j|☆Chavvot
|t:|1610749499
|player|p1|LolzMachine|294|1657
|player|p2|Chavvot|lucy-gen3|1526
|teamsize|p1|6
|teamsize|p2|6
|gametype|singles
|gen|8
|tier|[Gen 8] UU
|rated|
|clearpoke
|poke|p1|Regidrago|
|poke|p1|Araquanid, F|
|poke|p1|Nidoqueen, F|
|poke|p1|Moltres-Galar|
|poke|p1|Mimikyu, M|
|poke|p1|Bisharp, M|
|poke|p2|Toxtricity, M|
|poke|p2|Jirachi|
|poke|p2|Weezing-Galar, F|
|poke|p2|Gyarados, M|
|poke|p2|Mamoswine, F|
|poke|p2|Krookodile, M|
|rule|Sleep Clause Mod: Limit one foe put to sleep
|rule|Species Clause: Limit one of each Pokémon
|rule|OHKO Clause: OHKO moves are banned
|rule|Evasion Moves Clause: Evasion moves are banned
|rule|Endless Battle Clause: Forcing endless battles is banned
|rule|HP Percentage Mod: HP is shown in percentages
|rule|Dynamax Clause: You cannot dynamax
|teampreview
|
|t:|1610749515
|start
|switch|p1a: Araquanid|Araquanid, F|100/100
|switch|p2a: Toxtricity|Toxtricity, M|100/100
|turn|1
|
|t:|1610749522
|move|p2a: Toxtricity|Shift Gear|p2a: Toxtricity
|-boost|p2a: Toxtricity|spe|2
|-boost|p2a: Toxtricity|atk|1
|move|p1a: Araquanid|Liquidation|p2a: Toxtricity
|-damage|p2a: Toxtricity|0 fnt
|faint|p2a: Toxtricity
|
|upkeep
|
|t:|1610749527
|switch|p2a: Gyarados|Gyarados, M|100/100
|-ability|p2a: Gyarados|Intimidate|boost
|-unboost|p1a: Araquanid|atk|1
|turn|2
|
|t:|1610749535
|switch|p1a: Regidrago|Regidrago|100/100
|move|p2a: Gyarados|Substitute|p2a: Gyarados
|-start|p2a: Gyarados|Substitute
|-damage|p2a: Gyarados|76/100
|
|-heal|p2a: Gyarados|82/100|[from] item: Leftovers
|upkeep
|turn|3
|
|t:|1610749538
|move|p2a: Gyarados|Bounce||[still]
|-prepare|p2a: Gyarados|Bounce
|move|p1a: Regidrago|Dragon Pulse|p2a: Gyarados|[miss]
|-miss|p1a: Regidrago|p2a: Gyarados
|
|-heal|p2a: Gyarados|88/100|[from] item: Leftovers
|upkeep
|turn|4
|
|t:|1610749540
|move|p2a: Gyarados|Bounce|p1a: Regidrago|[from]lockedmove
|-damage|p1a: Regidrago|57/100
|move|p1a: Regidrago|Dragon Pulse|p2a: Gyarados
|-end|p2a: Gyarados|Substitute
|
|-heal|p2a: Gyarados|94/100|[from] item: Leftovers
|upkeep
|turn|5
|
|t:|1610749545
|switch|p2a: Weezing|Weezing-Galar, F|100/100
|switch|p1a: Nidoqueen|Nidoqueen, F|100/100
|
|upkeep
|turn|6
|
|t:|1610749549
|switch|p2a: Mamoswine|Mamoswine, F|100/100
|move|p1a: Nidoqueen|Sludge Wave|p2a: Mamoswine
|-resisted|p2a: Mamoswine
|-damage|p2a: Mamoswine|79/100
|
|upkeep
|turn|7
|
|t:|1610749556
|switch|p2a: Gyarados|Gyarados, M|94/100
|-ability|p2a: Gyarados|Intimidate|boost
|-unboost|p1a: Nidoqueen|atk|1
|move|p1a: Nidoqueen|Earth Power|p2a: Gyarados
|-immune|p2a: Gyarados
|
|-heal|p2a: Gyarados|100/100|[from] item: Leftovers
|upkeep
|turn|8
|
|t:|1610749563
|switch|p2a: Mamoswine|Mamoswine, F|79/100
|move|p1a: Nidoqueen|Sludge Wave|p2a: Mamoswine
|-resisted|p2a: Mamoswine
|-damage|p2a: Mamoswine|57/100
|
|upkeep
|turn|9
|
|t:|1610749566
|switch|p1a: Araquanid|Araquanid, F|100/100
|move|p2a: Mamoswine|Earthquake|p1a: Araquanid
|-resisted|p1a: Araquanid
|-damage|p1a: Araquanid|67/100
|
|upkeep
|turn|10
|c|☆Chavvot|:-|
|c|☆Chavvot|what was that play
|
|t:|1610749579
|switch|p2a: Gyarados|Gyarados, M|100/100
|-ability|p2a: Gyarados|Intimidate|boost
|-unboost|p1a: Araquanid|atk|1
|move|p1a: Araquanid|Liquidation|p2a: Gyarados
|-resisted|p2a: Gyarados
|-damage|p2a: Gyarados|73/100
|-unboost|p2a: Gyarados|def|1
|
|-heal|p2a: Gyarados|80/100|[from] item: Leftovers
|upkeep
|turn|11
|
|t:|1610749584
|move|p2a: Gyarados|Dragon Dance|p2a: Gyarados
|-boost|p2a: Gyarados|atk|1
|-boost|p2a: Gyarados|spe|1
|move|p1a: Araquanid|Liquidation|p2a: Gyarados
|-resisted|p2a: Gyarados
|-damage|p2a: Gyarados|45/100
|
|-heal|p2a: Gyarados|51/100|[from] item: Leftovers
|upkeep
|turn|12
|
|t:|1610749592
|switch|p1a: Bisharp|Bisharp, M|100/100
|move|p2a: Gyarados|Bounce||[still]
|-prepare|p2a: Gyarados|Bounce
|
|-heal|p2a: Gyarados|57/100|[from] item: Leftovers
|upkeep
|turn|13
|
|t:|1610749598
|move|p2a: Gyarados|Bounce|p1a: Bisharp|[from]lockedmove
|-resisted|p1a: Bisharp
|-damage|p1a: Bisharp|63/100
|-status|p1a: Bisharp|par
|move|p1a: Bisharp|Knock Off|p2a: Gyarados
|-damage|p2a: Gyarados|0 fnt
|-enditem|p2a: Gyarados|Leftovers|[from] move: Knock Off|[of] p1a: Bisharp
|-damage|p1a: Bisharp|53/100 par|[from] item: Life Orb
|faint|p2a: Gyarados
|
|upkeep
|-message|Chavvot forfeited.
|
|win|LolzMachine
|l|☆Chavvot
||Ladder (probably) updated, but score could not be retrieved (Request timeout).
