|j|☆Fousfull
|j|☆pokemonisfun
|t:|1662917676
|gametype|singles
|player|p1|Fousfull|lucas|1676
|player|p2|pokemonisfun|#uutrio2ladder|1837
|teamsize|p1|6
|teamsize|p2|6
|gen|8
|tier|[Gen 8] UU
|rated|
|rule|Sleep Clause Mod: Limit one foe put to sleep
|rule|Species Clause: Limit one of each Pokémon
|rule|OHKO Clause: OHKO moves are banned
|rule|Evasion Items Clause: Evasion items are banned
|rule|Evasion Moves Clause: Evasion moves are banned
|rule|Endless Battle Clause: Forcing endless battles is banned
|rule|HP Percentage Mod: HP is shown in percentages
|rule|Dynamax Clause: You cannot dynamax
|clearpoke
|poke|p1|Salamence, M|
|poke|p1|Slowking, M|
|poke|p1|Nihilego|
|poke|p1|Zarude-Dada|
|poke|p1|Cobalion|
|poke|p1|Mamoswine, F|
|poke|p2|Regice|
|poke|p2|Salamence, M|
|poke|p2|Jirachi|
|poke|p2|Hippowdon, M|
|poke|p2|Tangrowth, M|
|poke|p2|Diggersby, F|
|teampreview
|
|t:|1662917707
|start
|switch|p1a: Zarude|Zarude-Dada|100/100
|switch|p2a: tang ur wang|Tangrowth, M|100/100
|turn|1
|
|t:|1662917718
|move|p1a: Zarude|U-turn|p2a: tang ur wang
|-supereffective|p2a: tang ur wang
|-crit|p2a: tang ur wang
|-damage|p2a: tang ur wang|53/100
|
|t:|1662917723
|switch|p1a: Cobalion|Cobalion|100/100|[from]move: U-turn
|move|p2a: tang ur wang|Knock Off|p1a: Cobalion
|-resisted|p1a: Cobalion
|-damage|p1a: Cobalion|92/100
|-damage|p2a: tang ur wang|37/100|[from] item: Rocky Helmet|[of] p1a: Cobalion
|-ability|p1a: Cobalion|Justified|boost
|-boost|p1a: Cobalion|atk|1
|-enditem|p1a: Cobalion|Rocky Helmet|[from] move: Knock Off|[of] p2a: tang ur wang
|
|upkeep
|turn|2
|
|t:|1662917729
|switch|p2a: hip(pos) dont lie|Hippowdon, M|100/100
|-weather|Sandstorm|[from] ability: Sand Stream|[of] p2a: hip(pos) dont lie
|move|p1a: Cobalion|Stealth Rock|p2a: hip(pos) dont lie
|-sidestart|p2: pokemonisfun|move: Stealth Rock
|
|-weather|Sandstorm|[upkeep]
|upkeep
|turn|3
|
|t:|1662917735
|switch|p1a: Mamoswine|Mamoswine, F|100/100
|move|p2a: hip(pos) dont lie|Stealth Rock|p1a: Mamoswine
|-sidestart|p1: Fousfull|move: Stealth Rock
|
|-weather|Sandstorm|[upkeep]
|upkeep
|turn|4
|
|t:|1662917738
|move|p1a: Mamoswine|Icicle Crash|p2a: hip(pos) dont lie
|-supereffective|p2a: hip(pos) dont lie
|-damage|p2a: hip(pos) dont lie|5/100
|move|p2a: hip(pos) dont lie|Toxic|p1a: Mamoswine
|-status|p1a: Mamoswine|tox
|
|-weather|Sandstorm|[upkeep]
|-heal|p2a: hip(pos) dont lie|11/100|[from] item: Leftovers
|-damage|p1a: Mamoswine|94/100 tox|[from] psn
|upkeep
|turn|5
|
|t:|1662917743
|switch|p2a: flinch by inch|Jirachi|100/100
|-damage|p2a: flinch by inch|94/100|[from] Stealth Rock
|move|p1a: Mamoswine|Icicle Crash|p2a: flinch by inch
|-resisted|p2a: flinch by inch
|-damage|p2a: flinch by inch|63/100
|
|-weather|Sandstorm|[upkeep]
|-heal|p2a: flinch by inch|69/100|[from] item: Leftovers
|-damage|p1a: Mamoswine|82/100 tox|[from] psn
|upkeep
|turn|6
|
|t:|1662917750
|switch|p1a: Cobalion|Cobalion|92/100
|-damage|p1a: Cobalion|89/100|[from] Stealth Rock
|move|p2a: flinch by inch|Wish|p2a: flinch by inch
|
|-weather|none
|-heal|p2a: flinch by inch|75/100|[from] item: Leftovers
|upkeep
|turn|7
|
|t:|1662917756
|move|p1a: Cobalion|Swords Dance|p1a: Cobalion
|-boost|p1a: Cobalion|atk|2
|move|p2a: flinch by inch|U-turn|p1a: Cobalion
|-resisted|p1a: Cobalion
|-damage|p1a: Cobalion|86/100
|inactive|Battle timer is ON: inactive players will automatically lose when time's up. (requested by Fousfull)
|
|t:|1662917819
|switch|p2a: merits a carrot?|Diggersby, F|100/100|[from]move: U-turn
|-damage|p2a: merits a carrot?|94/100|[from] Stealth Rock
|
|-heal|p2a: merits a carrot?|100/100|[from] move: Wish|[wisher] flinch by inch
|upkeep
|turn|8
|
|t:|1662917829
|switch|p1a: Salamence|Salamence, M|100/100
|-ability|p1a: Salamence|Intimidate|boost
|-unboost|p2a: merits a carrot?|atk|1
|move|p2a: merits a carrot?|U-turn|p1a: Salamence
|-resisted|p1a: Salamence
|-damage|p1a: Salamence|89/100
|
|t:|1662917843
|switch|p2a: jim|Regice|100/100|[from]move: U-turn
|
|upkeep
|turn|9
|
|t:|1662917852
|switch|p1a: Cobalion|Cobalion|86/100
|-damage|p1a: Cobalion|83/100|[from] Stealth Rock
|move|p2a: jim|Thunderbolt|p1a: Cobalion
|-damage|p1a: Cobalion|55/100
|
|upkeep
|turn|10
|
|t:|1662917857
|switch|p2a: airy scary|Salamence, M|100/100
|-ability|p2a: airy scary|Intimidate|boost
|-unboost|p1a: Cobalion|atk|1
|move|p1a: Cobalion|Swords Dance|p1a: Cobalion
|-boost|p1a: Cobalion|atk|2
|
|upkeep
|turn|11
|
|t:|1662917863
|switch|p2a: merits a carrot?|Diggersby, F|100/100
|-damage|p2a: merits a carrot?|94/100|[from] Stealth Rock
|move|p1a: Cobalion|Stone Edge|p2a: merits a carrot?
|-resisted|p2a: merits a carrot?
|-damage|p2a: merits a carrot?|69/100
|
|upkeep
|turn|12
|
|t:|1662917871
|move|p2a: merits a carrot?|U-turn|p1a: Cobalion
|-resisted|p1a: Cobalion
|-damage|p1a: Cobalion|49/100
|
|t:|1662917874
|switch|p2a: airy scary|Salamence, M|100/100|[from]move: U-turn
|-ability|p2a: airy scary|Intimidate|boost
|-unboost|p1a: Cobalion|atk|1
|move|p1a: Cobalion|Close Combat|p2a: airy scary
|-resisted|p2a: airy scary
|-damage|p2a: airy scary|76/100
|-unboost|p1a: Cobalion|def|1
|-unboost|p1a: Cobalion|spd|1
|
|upkeep
|turn|13
|
|t:|1662917884
|move|p1a: Cobalion|Stone Edge|p2a: airy scary
|-supereffective|p2a: airy scary
|-damage|p2a: airy scary|17/100
|move|p2a: airy scary|Flamethrower|p1a: Cobalion
|-supereffective|p1a: Cobalion
|-damage|p1a: Cobalion|0 fnt
|faint|p1a: Cobalion
|
|upkeep
|
|t:|1662917887
|switch|p1a: Nihilego|Nihilego|100/100
|-damage|p1a: Nihilego|88/100|[from] Stealth Rock
|turn|14
|
|t:|1662917893
|switch|p2a: flinch by inch|Jirachi|75/100
|-damage|p2a: flinch by inch|69/100|[from] Stealth Rock
|move|p1a: Nihilego|Thunderbolt|p2a: flinch by inch
|-damage|p2a: flinch by inch|46/100
|
|-heal|p2a: flinch by inch|52/100|[from] item: Leftovers
|upkeep
|turn|15
|
|t:|1662917899
|switch|p1a: Zarude|Zarude-Dada|100/100
|-damage|p1a: Zarude|88/100|[from] Stealth Rock
|move|p2a: flinch by inch|Wish|p2a: flinch by inch
|
|-heal|p2a: flinch by inch|59/100|[from] item: Leftovers
|upkeep
|turn|16
|
|t:|1662917921
|switch|p2a: tang ur wang|Tangrowth, M|70/100
|-damage|p2a: tang ur wang|58/100|[from] Stealth Rock
|move|p1a: Zarude|Darkest Lariat|p2a: tang ur wang
|-damage|p2a: tang ur wang|31/100
|
|-heal|p2a: tang ur wang|81/100|[from] move: Wish|[wisher] flinch by inch
|upkeep
|turn|17
|
|t:|1662917937
|switch|p1a: Salamence|Salamence, M|89/100
|-ability|p1a: Salamence|Intimidate|boost
|-unboost|p2a: tang ur wang|atk|1
|move|p2a: tang ur wang|Sludge Bomb|p1a: Salamence
|-damage|p1a: Salamence|66/100
|
|upkeep
|turn|18
|
|t:|1662917940
|switch|p2a: jim|Regice|100/100
|move|p1a: Salamence|Flamethrower|p2a: jim
|-supereffective|p2a: jim
|-damage|p2a: jim|75/100
|
|upkeep
|turn|19
|
|t:|1662917947
|switch|p1a: Nihilego|Nihilego|88/100
|-damage|p1a: Nihilego|76/100|[from] Stealth Rock
|move|p2a: jim|Thunderbolt|p1a: Nihilego
|-damage|p1a: Nihilego|60/100
|
|upkeep
|turn|20
|
|t:|1662917965
|switch|p2a: hip(pos) dont lie|Hippowdon, M|11/100
|-damage|p2a: hip(pos) dont lie|5/100|[from] Stealth Rock
|-weather|Sandstorm|[from] ability: Sand Stream|[of] p2a: hip(pos) dont lie
|move|p1a: Nihilego|Meteor Beam||[still]
|-prepare|p1a: Nihilego|Meteor Beam
|-boost|p1a: Nihilego|spa|1
|-enditem|p1a: Nihilego|Power Herb
|-anim|p1a: Nihilego|Meteor Beam|p2a: hip(pos) dont lie
|-resisted|p2a: hip(pos) dont lie
|-damage|p2a: hip(pos) dont lie|0 fnt
|faint|p2a: hip(pos) dont lie
|-ability|p1a: Nihilego|Beast Boost|boost
|-boost|p1a: Nihilego|spe|1
|
|-weather|Sandstorm|[upkeep]
|upkeep
|
|t:|1662917968
|switch|p2a: flinch by inch|Jirachi|59/100
|-damage|p2a: flinch by inch|52/100|[from] Stealth Rock
|turn|21
|
|t:|1662917972
|move|p1a: Nihilego|Thunderbolt|p2a: flinch by inch
|-damage|p2a: flinch by inch|17/100
|move|p2a: flinch by inch|Wish|p2a: flinch by inch
|
|-weather|Sandstorm|[upkeep]
|-heal|p2a: flinch by inch|23/100|[from] item: Leftovers
|upkeep
|turn|22
|
|t:|1662917978
|switch|p1a: Zarude|Zarude-Dada|88/100
|-damage|p1a: Zarude|76/100|[from] Stealth Rock
|move|p2a: flinch by inch|Protect||[still]
|-fail|p2a: flinch by inch
|
|-weather|Sandstorm|[upkeep]
|-damage|p1a: Zarude|70/100|[from] Sandstorm
|-heal|p2a: flinch by inch|73/100|[from] move: Wish|[wisher] flinch by inch
|-heal|p2a: flinch by inch|79/100|[from] item: Leftovers
|upkeep
|turn|23
|
|t:|1662917985
|move|p2a: flinch by inch|Protect|p2a: flinch by inch
|-singleturn|p2a: flinch by inch|Protect
|move|p1a: Zarude|U-turn|p2a: flinch by inch
|-activate|p2a: flinch by inch|move: Protect
|
|-weather|Sandstorm|[upkeep]
|-damage|p1a: Zarude|64/100|[from] Sandstorm
|-heal|p2a: flinch by inch|86/100|[from] item: Leftovers
|upkeep
|turn|24
|
|t:|1662917992
|move|p1a: Zarude|U-turn|p2a: flinch by inch
|-damage|p2a: flinch by inch|67/100
|
|t:|1662917994
|switch|p1a: Slowking|Slowking, M|100/100|[from]move: U-turn
|-damage|p1a: Slowking|88/100|[from] Stealth Rock
|move|p2a: flinch by inch|U-turn|p1a: Slowking
|-supereffective|p1a: Slowking
|-damage|p1a: Slowking|63/100
|
|t:|1662918005
|switch|p2a: airy scary|Salamence, M|17/100|[from]move: U-turn
|-ability|p2a: airy scary|Intimidate|boost
|-unboost|p1a: Slowking|atk|1
|
|-weather|none
|upkeep
|turn|25
|
|t:|1662918009
|move|p2a: airy scary|Roost|p2a: airy scary
|-heal|p2a: airy scary|67/100
|-singleturn|p2a: airy scary|move: Roost
|move|p1a: Slowking|Future Sight|p2a: airy scary
|-start|p1a: Slowking|move: Future Sight
|
|upkeep
|turn|26
|
|t:|1662918012
|move|p2a: airy scary|Toxic|p1a: Slowking
|-status|p1a: Slowking|tox
|move|p1a: Slowking|Teleport|p1a: Slowking
|
|t:|1662918018
|switch|p1a: Salamence|Salamence, M|66/100|[from]move: Teleport
|-ability|p1a: Salamence|Intimidate|boost
|-unboost|p2a: airy scary|atk|1
|
|upkeep
|turn|27
|
|t:|1662918023
|switch|p2a: jim|Regice|75/100
|move|p1a: Salamence|Flamethrower|p2a: jim
|-supereffective|p2a: jim
|-damage|p2a: jim|48/100
|
|-end|p2a: jim|move: Future Sight
|-damage|p2a: jim|30/100
|upkeep
|turn|28
|
|t:|1662918029
|switch|p1a: Nihilego|Nihilego|60/100
|-damage|p1a: Nihilego|48/100|[from] Stealth Rock
|move|p2a: jim|Rest|p2a: jim
|-status|p2a: jim|slp|[from] move: Rest
|-heal|p2a: jim|100/100 slp|[silent]
|
|upkeep
|turn|29
|
|t:|1662918033
|switch|p1a: Zarude|Zarude-Dada|64/100
|-damage|p1a: Zarude|52/100|[from] Stealth Rock
|switch|p2a: flinch by inch|Jirachi|67/100
|-damage|p2a: flinch by inch|61/100|[from] Stealth Rock
|
|-heal|p2a: flinch by inch|67/100|[from] item: Leftovers
|upkeep
|turn|30
|
|t:|1662918038
|move|p2a: flinch by inch|Protect|p2a: flinch by inch
|-singleturn|p2a: flinch by inch|Protect
|move|p1a: Zarude|Jungle Healing|p1a: Zarude
|-heal|p1a: Zarude|77/100
|
|-heal|p2a: flinch by inch|74/100|[from] item: Leftovers
|upkeep
|turn|31
|
|t:|1662918044
|switch|p1a: Slowking|Slowking, M|96/100 tox
|-damage|p1a: Slowking|84/100 tox|[from] Stealth Rock
|move|p2a: flinch by inch|U-turn|p1a: Slowking
|-supereffective|p1a: Slowking
|-damage|p1a: Slowking|62/100 tox
|
|t:|1662918054
|switch|p2a: jim|Regice|100/100 slp|[from]move: U-turn
|
|-damage|p1a: Slowking|56/100 tox|[from] psn
|upkeep
|turn|32
|c|☆Fousfull|That jirachi
|
|t:|1662918060
|cant|p2a: jim|slp
|move|p2a: jim|Sleep Talk|p2a: jim
|move|p2a: jim|Ice Beam|p1a: Slowking|[from]move: Sleep Talk
|-resisted|p1a: Slowking
|-damage|p1a: Slowking|43/100 tox
|move|p1a: Slowking|Teleport|p1a: Slowking
|
|t:|1662918062
|switch|p1a: Mamoswine|Mamoswine, F|82/100 tox|[from]move: Teleport
|-damage|p1a: Mamoswine|70/100 tox|[from] Stealth Rock
|
|-damage|p1a: Mamoswine|64/100 tox|[from] psn
|upkeep
|turn|33
|
|t:|1662918084
|switch|p2a: airy scary|Salamence, M|67/100
|-ability|p2a: airy scary|Intimidate|boost
|-fail|p1a: Mamoswine|unboost|Attack|[from] ability: Oblivious|[of] p1a: Mamoswine
|move|p1a: Mamoswine|Knock Off|p2a: airy scary
|-damage|p2a: airy scary|7/100
|-enditem|p2a: airy scary|Heavy-Duty Boots|[from] move: Knock Off|[of] p1a: Mamoswine
|
|-damage|p1a: Mamoswine|51/100 tox|[from] psn
|upkeep
|turn|34
|
|t:|1662918097
|switch|p1a: Zarude|Zarude-Dada|77/100
|-damage|p1a: Zarude|65/100|[from] Stealth Rock
|move|p2a: airy scary|Roost|p2a: airy scary
|-heal|p2a: airy scary|57/100
|-singleturn|p2a: airy scary|move: Roost
|
|upkeep
|turn|35
|
|t:|1662918100
|move|p1a: Zarude|U-turn|p2a: airy scary
|-resisted|p2a: airy scary
|-damage|p2a: airy scary|45/100
|
|t:|1662918102
|switch|p1a: Salamence|Salamence, M|66/100|[from]move: U-turn
|-ability|p1a: Salamence|Intimidate|boost
|-unboost|p2a: airy scary|atk|1
|move|p2a: airy scary|Roost|p2a: airy scary
|-heal|p2a: airy scary|95/100
|-singleturn|p2a: airy scary|move: Roost
|
|upkeep
|turn|36
|
|t:|1662918108
|switch|p2a: jim|Regice|100/100 slp
|move|p1a: Salamence|Draco Meteor|p2a: jim
|-damage|p2a: jim|72/100 slp
|-unboost|p1a: Salamence|spa|2
|
|upkeep
|turn|37
|
|t:|1662918114
|switch|p1a: Slowking|Slowking, M|76/100 tox
|-damage|p1a: Slowking|64/100 tox|[from] Stealth Rock
|cant|p2a: jim|slp
|move|p2a: jim|Sleep Talk|p2a: jim
|move|p2a: jim|Thunderbolt|p1a: Slowking|[from]move: Sleep Talk
|-supereffective|p1a: Slowking
|-damage|p1a: Slowking|28/100 tox
|
|-damage|p1a: Slowking|22/100 tox|[from] psn
|upkeep
|turn|38
|
|t:|1662918118
|-curestatus|p2a: jim|slp|[msg]
|move|p2a: jim|Thunderbolt|p1a: Slowking
|-supereffective|p1a: Slowking
|-damage|p1a: Slowking|0 fnt
|faint|p1a: Slowking
|
|upkeep
|
|t:|1662918121
|switch|p1a: Mamoswine|Mamoswine, F|51/100 tox
|-damage|p1a: Mamoswine|39/100 tox|[from] Stealth Rock
|turn|39
|
|t:|1662918124
|switch|p2a: airy scary|Salamence, M|95/100
|-damage|p2a: airy scary|70/100|[from] Stealth Rock
|-ability|p2a: airy scary|Intimidate|boost
|-fail|p1a: Mamoswine|unboost|Attack|[from] ability: Oblivious|[of] p1a: Mamoswine
|move|p1a: Mamoswine|Icicle Crash|p2a: airy scary
|-supereffective|p2a: airy scary
|-damage|p2a: airy scary|0 fnt
|faint|p2a: airy scary
|
|-damage|p1a: Mamoswine|33/100 tox|[from] psn
|upkeep
|
|t:|1662918148
|switch|p2a: jim|Regice|72/100
|turn|40
|
|t:|1662918151
|move|p1a: Mamoswine|Icicle Crash|p2a: jim
|-resisted|p2a: jim
|-damage|p2a: jim|42/100
|move|p2a: jim|Ice Beam|p1a: Mamoswine
|-damage|p1a: Mamoswine|0 fnt
|faint|p1a: Mamoswine
|
|upkeep
|
|t:|1662918162
|switch|p1a: Zarude|Zarude-Dada|65/100
|-damage|p1a: Zarude|52/100|[from] Stealth Rock
|turn|41
|
|t:|1662918168
|switch|p2a: tang ur wang|Tangrowth, M|100/100
|-damage|p2a: tang ur wang|88/100|[from] Stealth Rock
|move|p1a: Zarude|Darkest Lariat|p2a: tang ur wang
|-damage|p2a: tang ur wang|60/100
|
|upkeep
|turn|42
|
|t:|1662918182
|switch|p1a: Salamence|Salamence, M|66/100
|-ability|p1a: Salamence|Intimidate|boost
|-unboost|p2a: tang ur wang|atk|1
|move|p2a: tang ur wang|Knock Off|p1a: Salamence
|-damage|p1a: Salamence|47/100
|-enditem|p1a: Salamence|Heavy-Duty Boots|[from] move: Knock Off|[of] p2a: tang ur wang
|
|upkeep
|turn|43
|
|t:|1662918200
|switch|p2a: merits a carrot?|Diggersby, F|69/100
|-damage|p2a: merits a carrot?|63/100|[from] Stealth Rock
|move|p1a: Salamence|Flamethrower|p2a: merits a carrot?
|-damage|p2a: merits a carrot?|27/100
|
|upkeep
|turn|44
|
|t:|1662918206
|move|p2a: merits a carrot?|Body Slam|p1a: Salamence
|-damage|p1a: Salamence|0 fnt
|faint|p1a: Salamence
|
|upkeep
|c|☆Fousfull|Ok i playef like shit gg
|-message|Fousfull forfeited.
|
|win|pokemonisfun
|raw|Fousfull's rating: 1676 &rarr; <strong>1665</strong><br />(-11 for losing)
|raw|pokemonisfun's rating: 1837 &rarr; <strong>1848</strong><br />(+11 for winning)
|l|☆Fousfull
|c|☆pokemonisfun|gg
||Ladder isn't responding, score probably updated but might not have (Request timeout).
