|j|☆Zephyyyr
|j|☆Sneasel TTT?
|t:|1634089250
|gametype|singles
|player|p1|Zephyyyr|richboy|
|player|p2|Sneasel TTT?|unknown|
|teamsize|p1|6
|teamsize|p2|6
|gen|8
|tier|[Gen 8] UU
|rated|Tournament battle
|rule|Sleep Clause Mod: Limit one foe put to sleep
|rule|Species Clause: Limit one of each Pokémon
|rule|OHKO Clause: OHKO moves are banned
|rule|Evasion Moves Clause: Evasion moves are banned
|rule|Endless Battle Clause: Forcing endless battles is banned
|rule|HP Percentage Mod: HP is shown in percentages
|rule|Dynamax Clause: You cannot dynamax
|clearpoke
|poke|p1|Excadrill, M|
|poke|p1|Azumarill, M|
|poke|p1|Hydreigon, M|
|poke|p1|Celesteela|
|poke|p1|Lycanroc-Dusk, F|
|poke|p1|Latias, F|
|poke|p2|Diggersby, F|
|poke|p2|Nidoking, M|
|poke|p2|Mimikyu, M|
|poke|p2|Sneasel, M|
|poke|p2|Jirachi|
|poke|p2|Slurpuff, M|
|teampreview
|c|☆Sneasel TTT?|not my team
|c|☆Sneasel TTT?|so if i lose i have an out
|c|☆Zephyyyr|There is a sneasel
|c|☆Sneasel TTT?|yes
|c|☆Zephyyyr|That s heat
|c|☆Zephyyyr|Even if its not yours
|j| Art imitates death
|c|☆Sneasel TTT?|it's kinda of good in the tier
|c|☆Zephyyyr|Ye I can see why , hf fren
|c|☆Sneasel TTT?|u2
|
|t:|1634089330
|start
|switch|p1a: Excadrill|Excadrill, M|100/100
|switch|p2a: Diggersby|Diggersby, F, shiny|100/100
|-ability|p1a: Excadrill|Mold Breaker
|turn|1
|c|☆Zephyyyr|Its scarf double kick 100%
|j| cracko jacko
|
|t:|1634089359
|move|p1a: Excadrill|Stealth Rock|p2a: Diggersby
|-sidestart|p2: Sneasel TTT?|move: Stealth Rock
|move|p2a: Diggersby|Earthquake|p1a: Excadrill
|-supereffective|p1a: Excadrill
|-enditem|p1a: Excadrill|Focus Sash
|-damage|p1a: Excadrill|1/100
|-damage|p2a: Diggersby|91/100|[from] item: Life Orb
|
|upkeep
|turn|2
|c|☆Zephyyyr|Kind of sad
|
|t:|1634089373
|move|p2a: Diggersby|Quick Attack|p1a: Excadrill
|-resisted|p1a: Excadrill
|-damage|p1a: Excadrill|0 fnt
|faint|p1a: Excadrill
|-damage|p2a: Diggersby|81/100|[from] item: Life Orb
|
|upkeep
|j| 467 11 11p
|
|t:|1634089378
|switch|p1a: Lycanroc|Lycanroc-Dusk, F|100/100
|turn|3
|
|t:|1634089387
|switch|p2a: Mimikyu|Mimikyu, M|100/100
|-damage|p2a: Mimikyu|88/100|[from] Stealth Rock
|move|p1a: Lycanroc|Close Combat|p2a: Mimikyu
|-immune|p2a: Mimikyu
|
|upkeep
|turn|4
|c| 467 11 11p|☆Zephyyyr: Its scarf double kick 100%
|c| 467 11 11p|double kick??
|
|t:|1634089402
|move|p1a: Lycanroc|Crunch|p2a: Mimikyu
|-activate|p2a: Mimikyu|ability: Disguise
|-damage|p2a: Mimikyu|88/100
|detailschange|p2a: Mimikyu|Mimikyu-Busted, M
|-damage|p2a: Mimikyu|76/100|[from] pokemon: Mimikyu-Busted
|-damage|p1a: Lycanroc|91/100|[from] item: Life Orb
|move|p2a: Mimikyu|Shadow Claw|p1a: Lycanroc
|-damage|p1a: Lycanroc|32/100
|-damage|p2a: Mimikyu|66/100|[from] item: Life Orb
|
|upkeep
|turn|5
|
|t:|1634089423
|switch|p1a: Hydreigon|Hydreigon, M|100/100
|move|p2a: Mimikyu|Shadow Sneak|p1a: Hydreigon
|-resisted|p1a: Hydreigon
|-damage|p1a: Hydreigon|88/100
|-damage|p2a: Mimikyu|56/100|[from] item: Life Orb
|
|upkeep
|turn|6
|c|☆Zephyyyr|I was looking in the builder Earlier and a saw Digg learn it I was like If it 2hko Exca it might be pretty cool
|
|t:|1634089456
|switch|p2a: Slurpuff|Slurpuff, M, shiny|100/100
|-damage|p2a: Slurpuff|88/100|[from] Stealth Rock
|move|p1a: Hydreigon|Dark Pulse|p2a: Slurpuff
|-resisted|p2a: Slurpuff
|-damage|p2a: Slurpuff|48/100
|-enditem|p2a: Slurpuff|Red Card|[of] p1a: Hydreigon
|-damage|p1a: Hydreigon|78/100|[from] item: Life Orb
|drag|p1a: Azumarill|Azumarill, M|100/100
|
|upkeep
|turn|7
|
|t:|1634089471
|move|p2a: Slurpuff|Sticky Web|p1a: Azumarill
|-sidestart|p1: Zephyyyr|move: Sticky Web
|move|p1a: Azumarill|Play Rough|p2a: Slurpuff
|-damage|p2a: Slurpuff|0 fnt
|faint|p2a: Slurpuff
|
|upkeep
|
|t:|1634089480
|switch|p2a: Jirachi|Jirachi|100/100
|-damage|p2a: Jirachi|94/100|[from] Stealth Rock
|turn|8
|
|t:|1634089494
|move|p2a: Jirachi|Meteor Beam||[still]
|-prepare|p2a: Jirachi|Meteor Beam
|-boost|p2a: Jirachi|spa|1
|-enditem|p2a: Jirachi|Power Herb
|-anim|p2a: Jirachi|Meteor Beam|p1a: Azumarill
|-damage|p1a: Azumarill|38/100
|-enditem|p1a: Azumarill|Sitrus Berry|[eat]
|-heal|p1a: Azumarill|62/100|[from] item: Sitrus Berry
|move|p1a: Azumarill|Knock Off|p2a: Jirachi
|-supereffective|p2a: Jirachi
|-damage|p2a: Jirachi|44/100
|
|upkeep
|turn|9
|
|t:|1634089500
|move|p1a: Azumarill|Aqua Jet|p2a: Jirachi
|-damage|p2a: Jirachi|19/100
|move|p2a: Jirachi|Energy Ball|p1a: Azumarill
|-supereffective|p1a: Azumarill
|-damage|p1a: Azumarill|0 fnt
|faint|p1a: Azumarill
|
|upkeep
|
|t:|1634089511
|switch|p1a: Hydreigon|Hydreigon, M|78/100
|turn|10
|
|t:|1634089519
|move|p2a: Jirachi|Energy Ball|p1a: Hydreigon
|-resisted|p1a: Hydreigon
|-damage|p1a: Hydreigon|57/100
|move|p1a: Hydreigon|Dark Pulse|p2a: Jirachi
|-supereffective|p2a: Jirachi
|-damage|p2a: Jirachi|0 fnt
|faint|p2a: Jirachi
|-damage|p1a: Hydreigon|47/100|[from] item: Life Orb
|
|upkeep
|
|t:|1634089538
|switch|p2a: Pop goes the|Sneasel, M|100/100
|-damage|p2a: Pop goes the|76/100|[from] Stealth Rock
|turn|11
|
|t:|1634089545
|switch|p1a: Lycanroc|Lycanroc-Dusk, F|32/100
|-activate|p1a: Lycanroc|move: Sticky Web
|-unboost|p1a: Lycanroc|spe|1
|move|p2a: Pop goes the|Triple Axel|p1a: Lycanroc
|-damage|p1a: Lycanroc|15/100
|-damage|p1a: Lycanroc|0 fnt
|faint|p1a: Lycanroc
|-hitcount|p1: Lycanroc|2
|-damage|p2a: Pop goes the|66/100|[from] item: Life Orb
|
|upkeep
|
|t:|1634089547
|switch|p1a: Celesteela|Celesteela|100/100
|turn|12
|
|t:|1634089553
|switch|p2a: Nidoking|Nidoking, M|100/100
|-damage|p2a: Nidoking|95/100|[from] Stealth Rock
|move|p1a: Celesteela|Flamethrower|p2a: Nidoking
|-damage|p2a: Nidoking|49/100
|
|upkeep
|turn|13
|
|t:|1634089581
|switch|p1a: Hydreigon|Hydreigon, M|47/100
|move|p2a: Nidoking|Flamethrower|p1a: Hydreigon
|-resisted|p1a: Hydreigon
|-damage|p1a: Hydreigon|23/100
|
|upkeep
|turn|14
|
|t:|1634089600
|switch|p2a: Mimikyu|Mimikyu-Busted, M|56/100
|-damage|p2a: Mimikyu|44/100|[from] Stealth Rock
|move|p1a: Hydreigon|Dark Pulse|p2a: Mimikyu
|-damage|p2a: Mimikyu|0 fnt
|faint|p2a: Mimikyu
|-damage|p1a: Hydreigon|13/100|[from] item: Life Orb
|
|upkeep
|
|t:|1634089617
|switch|p2a: Pop goes the|Sneasel, M|66/100
|-damage|p2a: Pop goes the|41/100|[from] Stealth Rock
|turn|15
|
|t:|1634089627
|move|p2a: Pop goes the|Knock Off|p1a: Hydreigon
|-resisted|p1a: Hydreigon
|-damage|p1a: Hydreigon|0 fnt
|-enditem|p1a: Hydreigon|Life Orb|[from] move: Knock Off|[of] p2a: Pop goes the
|faint|p1a: Hydreigon
|-damage|p2a: Pop goes the|31/100|[from] item: Life Orb
|
|upkeep
|
|t:|1634089633
|switch|p1a: Celesteela|Celesteela|100/100
|turn|16
|
|t:|1634089656
|switch|p2a: Nidoking|Nidoking, M|49/100
|-damage|p2a: Nidoking|43/100|[from] Stealth Rock
|move|p1a: Celesteela|Flamethrower|p2a: Nidoking
|-damage|p2a: Nidoking|0 fnt
|faint|p2a: Nidoking
|-ability|p1a: Celesteela|Beast Boost|boost
|-boost|p1a: Celesteela|spa|1
|
|upkeep
|
|t:|1634089659
|switch|p2a: Diggersby|Diggersby, F, shiny|81/100
|-damage|p2a: Diggersby|74/100|[from] Stealth Rock
|turn|17
|
|t:|1634089672
|move|p2a: Diggersby|Swords Dance|p2a: Diggersby
|-boost|p2a: Diggersby|atk|2
|move|p1a: Celesteela|Air Slash|p2a: Diggersby
|-damage|p2a: Diggersby|3/100
|
|upkeep
|turn|18
|
|t:|1634089681
|move|p2a: Diggersby|Fire Punch|p1a: Celesteela
|-supereffective|p1a: Celesteela
|-damage|p1a: Celesteela|0 fnt
|faint|p1a: Celesteela
|-damage|p2a: Diggersby|0 fnt|[from] item: Life Orb
|faint|p2a: Diggersby
|
|upkeep
|
|t:|1634089684
|switch|p2a: Pop goes the|Sneasel, M|31/100
|switch|p1a: Latias|Latias, F|100/100
|-damage|p2a: Pop goes the|6/100|[from] Stealth Rock
|turn|19
|
|t:|1634089689
|move|p1a: Latias|Draco Meteor|p2a: Pop goes the
|-damage|p2a: Pop goes the|0 fnt
|-unboost|p1a: Latias|spa|2
|faint|p2a: Pop goes the
|
|win|Zephyyyr
|n|☆Zephyyyr|zephyyyr
|n|☆Sneasel TTT?|sneaselttt
|n| Art imitates death|artimitatesdeath
|n| cracko jacko|crackojacko
|n| 467 11 11p|4671111p
