|j|☆wheredahosat
|j|☆DDD951
|t:|1665091982
|gametype|singles
|player|p1|wheredahosat|psychic-gen4|1320
|player|p2|DDD951|102|1406
|teamsize|p1|6
|teamsize|p2|6
|gen|8
|tier|[Gen 8] UU
|rated|
|rule|Sleep Clause Mod: Limit one foe put to sleep
|rule|Species Clause: Limit one of each Pokémon
|rule|OHKO Clause: OHKO moves are banned
|rule|Evasion Items Clause: Evasion items are banned
|rule|Evasion Moves Clause: Evasion moves are banned
|rule|Endless Battle Clause: Forcing endless battles is banned
|rule|HP Percentage Mod: HP is shown in percentages
|rule|Dynamax Clause: You cannot dynamax
|clearpoke
|poke|p1|Indeedee, M|
|poke|p1|Primarina, M|
|poke|p1|Mandibuzz, F|
|poke|p1|Hippowdon, F|
|poke|p1|Rotom-Heat|
|poke|p1|Excadrill, F|
|poke|p2|Scizor, M|
|poke|p2|Gyarados, M|
|poke|p2|Starmie|
|poke|p2|Nihilego|
|poke|p2|Tangrowth, M|
|poke|p2|Darmanitan, F|
|teampreview
|inactive|Battle timer is ON: inactive players will automatically lose when time's up. (requested by wheredahosat)
|j| gKers
|
|t:|1665091997
|start
|switch|p1a: Hippowdon|Hippowdon, F|100/100
|switch|p2a: Darmanitan|Darmanitan, F|100/100
|-weather|Sandstorm|[from] ability: Sand Stream|[of] p1a: Hippowdon
|turn|1
|
|t:|1665092003
|move|p2a: Darmanitan|Trick|p1a: Hippowdon
|-activate|p2a: Darmanitan|move: Trick|[of] p1a: Hippowdon
|-item|p1a: Hippowdon|Choice Scarf|[from] move: Trick
|-item|p2a: Darmanitan|Smooth Rock|[from] move: Trick
|move|p1a: Hippowdon|Stealth Rock|p2a: Darmanitan
|-sidestart|p2: DDD951|move: Stealth Rock
|
|-weather|Sandstorm|[upkeep]
|-damage|p2a: Darmanitan|95/100|[from] Sandstorm
|upkeep
|turn|2
|j| amogusroxyrrrr
|
|t:|1665092029
|switch|p1a: Mandibuzz|Mandibuzz, F|100/100
|move|p2a: Darmanitan|Rock Slide|p1a: Mandibuzz
|-supereffective|p1a: Mandibuzz
|-damage|p1a: Mandibuzz|57/100
|
|-weather|Sandstorm|[upkeep]
|-damage|p2a: Darmanitan|89/100|[from] Sandstorm
|upkeep
|turn|3
|
|t:|1665092036
|move|p2a: Darmanitan|Rock Slide|p1a: Mandibuzz|[miss]
|-miss|p2a: Darmanitan|p1a: Mandibuzz
|move|p1a: Mandibuzz|Roost|p1a: Mandibuzz
|-heal|p1a: Mandibuzz|100/100
|-singleturn|p1a: Mandibuzz|move: Roost
|
|-weather|Sandstorm|[upkeep]
|-damage|p2a: Darmanitan|83/100|[from] Sandstorm
|upkeep
|turn|4
|
|t:|1665092045
|move|p2a: Darmanitan|Trick|p1a: Mandibuzz
|-activate|p2a: Darmanitan|move: Trick|[of] p1a: Mandibuzz
|-item|p1a: Mandibuzz|Smooth Rock|[from] move: Trick
|-item|p2a: Darmanitan|Heavy-Duty Boots|[from] move: Trick
|move|p1a: Mandibuzz|Knock Off|p2a: Darmanitan
|-damage|p2a: Darmanitan|43/100
|-enditem|p2a: Darmanitan|Heavy-Duty Boots|[from] move: Knock Off|[of] p1a: Mandibuzz
|
|-weather|Sandstorm|[upkeep]
|-damage|p2a: Darmanitan|37/100|[from] Sandstorm
|upkeep
|turn|5
|
|t:|1665092055
|move|p2a: Darmanitan|Rock Slide|p1a: Mandibuzz
|-supereffective|p1a: Mandibuzz
|-damage|p1a: Mandibuzz|60/100
|move|p1a: Mandibuzz|Toxic|p2a: Darmanitan
|-status|p2a: Darmanitan|tox
|
|-weather|Sandstorm|[upkeep]
|-damage|p2a: Darmanitan|31/100 tox|[from] Sandstorm
|-damage|p2a: Darmanitan|25/100 tox|[from] psn
|upkeep
|turn|6
|
|t:|1665092063
|move|p2a: Darmanitan|U-turn|p1a: Mandibuzz
|-damage|p1a: Mandibuzz|45/100
|
|t:|1665092067
|switch|p2a: Starmie|Starmie|100/100|[from]move: U-turn
|-damage|p2a: Starmie|88/100|[from] Stealth Rock
|move|p1a: Mandibuzz|Roost|p1a: Mandibuzz
|-heal|p1a: Mandibuzz|95/100
|-singleturn|p1a: Mandibuzz|move: Roost
|
|-weather|Sandstorm|[upkeep]
|-damage|p2a: Starmie|82/100|[from] Sandstorm
|upkeep
|turn|7
|
|t:|1665092076
|move|p2a: Starmie|Rapid Spin|p1a: Mandibuzz
|-damage|p1a: Mandibuzz|88/100
|-boost|p2a: Starmie|spe|1
|-sideend|p2: DDD951|Stealth Rock|[from] move: Rapid Spin|[of] p2a: Starmie
|-damage|p2a: Starmie|72/100|[from] item: Life Orb
|move|p1a: Mandibuzz|U-turn|p2a: Starmie
|-supereffective|p2a: Starmie
|-damage|p2a: Starmie|35/100
|inactive|wheredahosat has 120 seconds left.
|
|t:|1665092131
|switch|p1a: Excadrill|Excadrill, F|100/100|[from]move: U-turn
|
|-weather|Sandstorm|[upkeep]
|-damage|p2a: Starmie|28/100|[from] Sandstorm
|upkeep
|turn|8
|
|t:|1665092138
|switch|p2a: Tangrowth|Tangrowth, M|100/100
|move|p1a: Excadrill|Iron Head|p2a: Tangrowth
|-damage|p2a: Tangrowth|59/100
|-damage|p1a: Excadrill|91/100|[from] item: Life Orb
|
|-weather|none
|upkeep
|turn|9
|
|t:|1665092145
|switch|p1a: Mandibuzz|Mandibuzz, F|88/100
|move|p2a: Tangrowth|Giga Drain|p1a: Mandibuzz
|-resisted|p1a: Mandibuzz
|-damage|p1a: Mandibuzz|76/100
|-heal|p2a: Tangrowth|65/100|[from] drain|[of] p1a: Mandibuzz
|
|upkeep
|turn|10
|
|t:|1665092154
|switch|p2a: Nihilego|Nihilego|100/100
|move|p1a: Mandibuzz|Toxic|p2a: Nihilego
|-immune|p2a: Nihilego
|
|upkeep
|turn|11
|
|t:|1665092160
|switch|p1a: Hippowdon|Hippowdon, F|100/100
|-weather|Sandstorm|[from] ability: Sand Stream|[of] p1a: Hippowdon
|move|p2a: Nihilego|Stealth Rock|p1a: Hippowdon
|-sidestart|p1: wheredahosat|move: Stealth Rock
|
|-weather|Sandstorm|[upkeep]
|upkeep
|turn|12
|
|t:|1665092167
|switch|p2a: Gyarados|Gyarados, M|100/100
|-ability|p2a: Gyarados|Intimidate|boost
|-unboost|p1a: Hippowdon|atk|1
|move|p1a: Hippowdon|Stealth Rock|p2a: Gyarados
|-sidestart|p2: DDD951|move: Stealth Rock
|
|-weather|Sandstorm|[upkeep]
|-damage|p2a: Gyarados|94/100|[from] Sandstorm
|-heal|p2a: Gyarados|100/100|[from] item: Leftovers
|upkeep
|turn|13
|l| gKers
|inactive|wheredahosat has 120 seconds left.
|inactive|wheredahosat has 90 seconds left.
|
|t:|1665092218
|switch|p1a: Primarina|Primarina, M|100/100
|-damage|p1a: Primarina|88/100|[from] Stealth Rock
|move|p2a: Gyarados|Substitute|p2a: Gyarados
|-start|p2a: Gyarados|Substitute
|-damage|p2a: Gyarados|76/100
|
|-weather|Sandstorm|[upkeep]
|-damage|p2a: Gyarados|69/100|[from] Sandstorm
|-damage|p1a: Primarina|82/100|[from] Sandstorm
|-heal|p2a: Gyarados|76/100|[from] item: Leftovers
|-heal|p1a: Primarina|88/100|[from] item: Leftovers
|upkeep
|turn|14
|
|t:|1665092229
|move|p2a: Gyarados|Bounce||[still]
|-prepare|p2a: Gyarados|Bounce
|move|p1a: Primarina|Moonblast|p2a: Gyarados|[miss]
|-miss|p1a: Primarina|p2a: Gyarados
|
|-weather|Sandstorm|[upkeep]
|-damage|p2a: Gyarados|69/100|[from] Sandstorm
|-damage|p1a: Primarina|82/100|[from] Sandstorm
|-heal|p2a: Gyarados|76/100|[from] item: Leftovers
|-heal|p1a: Primarina|88/100|[from] item: Leftovers
|upkeep
|turn|15
|inactive|wheredahosat has 90 seconds left.
|
|t:|1665092262
|switch|p1a: Rotom|Rotom-Heat|100/100
|move|p2a: Gyarados|Bounce|p1a: Rotom|[from]lockedmove
|-resisted|p1a: Rotom
|-damage|p1a: Rotom|78/100
|
|-weather|none
|-heal|p2a: Gyarados|82/100|[from] item: Leftovers
|upkeep
|turn|16
|
|t:|1665092271
|move|p1a: Rotom|Volt Switch|p2a: Gyarados
|-supereffective|p2a: Gyarados
|-end|p2a: Gyarados|Substitute
|
|t:|1665092272
|switch|p1a: Hippowdon|Hippowdon, F|100/100|[from]move: Volt Switch
|-damage|p1a: Hippowdon|94/100|[from] Stealth Rock
|-weather|Sandstorm|[from] ability: Sand Stream|[of] p1a: Hippowdon
|move|p2a: Gyarados|Dragon Dance|p2a: Gyarados
|-boost|p2a: Gyarados|atk|1
|-boost|p2a: Gyarados|spe|1
|
|-weather|Sandstorm|[upkeep]
|-damage|p2a: Gyarados|76/100|[from] Sandstorm
|-heal|p2a: Gyarados|82/100|[from] item: Leftovers
|upkeep
|turn|17
|
|t:|1665092284
|move|p2a: Gyarados|Waterfall|p1a: Hippowdon
|-supereffective|p1a: Hippowdon
|-damage|p1a: Hippowdon|14/100
|move|p1a: Hippowdon|Whirlwind|p2a: Gyarados
|drag|p2a: Tangrowth|Tangrowth, M|99/100
|-damage|p2a: Tangrowth|86/100|[from] Stealth Rock
|
|-weather|Sandstorm|[upkeep]
|-damage|p2a: Tangrowth|80/100|[from] Sandstorm
|upkeep
|turn|18
|
|t:|1665092296
|switch|p1a: Mandibuzz|Mandibuzz, F|76/100
|-damage|p1a: Mandibuzz|51/100|[from] Stealth Rock
|move|p2a: Tangrowth|Sludge Bomb|p1a: Mandibuzz
|-damage|p1a: Mandibuzz|33/100
|-status|p1a: Mandibuzz|psn
|
|-weather|Sandstorm|[upkeep]
|-damage|p2a: Tangrowth|74/100|[from] Sandstorm
|-damage|p1a: Mandibuzz|21/100 psn|[from] psn
|upkeep
|turn|19
|
|t:|1665092307
|switch|p2a: Darmanitan|Darmanitan, F|25/100 tox
|-damage|p2a: Darmanitan|0 fnt|[from] Stealth Rock
|faint|p2a: Darmanitan
|move|p1a: Mandibuzz|Knock Off|p2: Darmanitan|[notarget]
|-fail|p1a: Mandibuzz
|
|-weather|Sandstorm|[upkeep]
|-damage|p1a: Mandibuzz|8/100 psn|[from] psn
|upkeep
|
|t:|1665092315
|switch|p2a: Starmie|Starmie|28/100
|-damage|p2a: Starmie|16/100|[from] Stealth Rock
|turn|20
|
|t:|1665092318
|move|p2a: Starmie|Rapid Spin|p1a: Mandibuzz
|-damage|p1a: Mandibuzz|2/100 psn
|-boost|p2a: Starmie|spe|1
|-sideend|p2: DDD951|Stealth Rock|[from] move: Rapid Spin|[of] p2a: Starmie
|-damage|p2a: Starmie|6/100|[from] item: Life Orb
|move|p1a: Mandibuzz|U-turn|p2a: Starmie
|-supereffective|p2a: Starmie
|-damage|p2a: Starmie|0 fnt
|faint|p2a: Starmie
|
|t:|1665092328
|switch|p1a: Indeedee|Indeedee, M|100/100|[from]move: U-turn
|-damage|p1a: Indeedee|88/100|[from] Stealth Rock
|-fieldstart|move: Psychic Terrain|[from] ability: Psychic Surge|[of] p1a: Indeedee
|
|-weather|none
|upkeep
|
|t:|1665092337
|switch|p2a: Tangrowth|Tangrowth, M|100/100
|turn|21
|
|t:|1665092348
|move|p1a: Indeedee|Expanding Force|p2a: Tangrowth
|-damage|p2a: Tangrowth|37/100
|move|p2a: Tangrowth|Knock Off|p1a: Indeedee
|-supereffective|p1a: Indeedee
|-damage|p1a: Indeedee|0 fnt
|-enditem|p1a: Indeedee|Choice Specs|[from] move: Knock Off|[of] p2a: Tangrowth
|faint|p1a: Indeedee
|
|upkeep
|inactive|wheredahosat has 120 seconds left.
|
|t:|1665092383
|switch|p1a: Hippowdon|Hippowdon, F|14/100
|-damage|p1a: Hippowdon|8/100|[from] Stealth Rock
|-weather|Sandstorm|[from] ability: Sand Stream|[of] p1a: Hippowdon
|turn|22
|
|t:|1665092388
|switch|p1a: Mandibuzz|Mandibuzz, F|2/100 psn
|-damage|p1a: Mandibuzz|0 fnt|[from] Stealth Rock
|faint|p1a: Mandibuzz
|switch|p2a: Scizor|Scizor, M|100/100
|
|-weather|Sandstorm|[upkeep]
|upkeep
|
|t:|1665092398
|switch|p1a: Rotom|Rotom-Heat|78/100
|turn|23
|
|t:|1665092402
|switch|p2a: Nihilego|Nihilego|100/100
|move|p1a: Rotom|Volt Switch|p2a: Nihilego
|-damage|p2a: Nihilego|87/100
|
|t:|1665092404
|switch|p1a: Excadrill|Excadrill, F|91/100|[from]move: Volt Switch
|-damage|p1a: Excadrill|87/100|[from] Stealth Rock
|
|-weather|Sandstorm|[upkeep]
|-heal|p2a: Nihilego|93/100|[from] item: Black Sludge
|upkeep
|turn|24
|
|t:|1665092413
|switch|p1a: Rotom|Rotom-Heat|78/100
|switch|p2a: Tangrowth|Tangrowth, M|70/100
|
|-weather|Sandstorm|[upkeep]
|-damage|p1a: Rotom|72/100|[from] Sandstorm
|-damage|p2a: Tangrowth|64/100|[from] Sandstorm
|-fieldend|move: Psychic Terrain
|upkeep
|turn|25
|
|t:|1665092422
|move|p1a: Rotom|Overheat|p2a: Tangrowth
|-supereffective|p2a: Tangrowth
|-damage|p2a: Tangrowth|1/100
|-unboost|p1a: Rotom|spa|2
|move|p2a: Tangrowth|Knock Off|p1a: Rotom
|-damage|p1a: Rotom|50/100
|-enditem|p1a: Rotom|Heavy-Duty Boots|[from] move: Knock Off|[of] p2a: Tangrowth
|
|-weather|Sandstorm|[upkeep]
|-damage|p1a: Rotom|44/100|[from] Sandstorm
|-damage|p2a: Tangrowth|0 fnt|[from] Sandstorm
|faint|p2a: Tangrowth
|upkeep
|
|t:|1665092433
|switch|p2a: Nihilego|Nihilego|93/100
|turn|26
|
|t:|1665092436
|switch|p1a: Hippowdon|Hippowdon, F|8/100
|-damage|p1a: Hippowdon|1/100|[from] Stealth Rock
|move|p2a: Nihilego|Power Gem|p1a: Hippowdon
|-resisted|p1a: Hippowdon
|-damage|p1a: Hippowdon|0 fnt
|faint|p1a: Hippowdon
|-ability|p2a: Nihilego|Beast Boost|boost
|-boost|p2a: Nihilego|spa|1
|
|-weather|none
|-heal|p2a: Nihilego|99/100|[from] item: Black Sludge
|upkeep
|
|t:|1665092438
|switch|p1a: Excadrill|Excadrill, F|87/100
|-damage|p1a: Excadrill|84/100|[from] Stealth Rock
|turn|27
|
|t:|1665092450
|switch|p2a: Gyarados|Gyarados, M|82/100
|-ability|p2a: Gyarados|Intimidate|boost
|-unboost|p1a: Excadrill|atk|1
|move|p1a: Excadrill|Rapid Spin|p2a: Gyarados
|-damage|p2a: Gyarados|62/100
|-boost|p1a: Excadrill|spe|1
|-sideend|p1: wheredahosat|Stealth Rock|[from] move: Rapid Spin|[of] p1a: Excadrill
|-damage|p1a: Excadrill|74/100|[from] item: Life Orb
|
|-heal|p2a: Gyarados|68/100|[from] item: Leftovers
|upkeep
|turn|28
|
|t:|1665092460
|switch|p1a: Rotom|Rotom-Heat|44/100
|move|p2a: Gyarados|Waterfall|p1a: Rotom
|-supereffective|p1a: Rotom
|-damage|p1a: Rotom|0 fnt
|faint|p1a: Rotom
|
|-heal|p2a: Gyarados|74/100|[from] item: Leftovers
|upkeep
|
|t:|1665092462
|switch|p1a: Primarina|Primarina, M|88/100
|turn|29
|
|t:|1665092472
|switch|p2a: Scizor|Scizor, M|100/100
|move|p1a: Primarina|Substitute|p1a: Primarina
|-start|p1a: Primarina|Substitute
|-damage|p1a: Primarina|63/100
|
|-heal|p1a: Primarina|69/100|[from] item: Leftovers
|upkeep
|turn|30
|
|t:|1665092479
|move|p1a: Primarina|Hydro Pump|p2a: Scizor
|-damage|p2a: Scizor|35/100
|move|p2a: Scizor|Swords Dance|p2a: Scizor
|-boost|p2a: Scizor|atk|2
|
|-heal|p1a: Primarina|75/100|[from] item: Leftovers
|-heal|p2a: Scizor|41/100|[from] item: Leftovers
|upkeep
|turn|31
|
|t:|1665092487
|move|p2a: Scizor|Bullet Punch|p1a: Primarina
|-end|p1a: Primarina|Substitute
|move|p1a: Primarina|Hydro Pump|p2a: Scizor
|-damage|p2a: Scizor|0 fnt
|faint|p2a: Scizor
|
|-heal|p1a: Primarina|81/100|[from] item: Leftovers
|upkeep
|
|t:|1665092495
|switch|p2a: Nihilego|Nihilego|99/100
|turn|32
|
|t:|1665092499
|switch|p1a: Excadrill|Excadrill, F|74/100
|move|p2a: Nihilego|Sludge Wave|p1a: Excadrill
|-immune|p1a: Excadrill
|
|-heal|p2a: Nihilego|100/100|[from] item: Black Sludge
|upkeep
|turn|33
|
|t:|1665092507
|move|p2a: Nihilego|Knock Off|p1a: Excadrill
|-damage|p1a: Excadrill|57/100
|-enditem|p1a: Excadrill|Life Orb|[from] move: Knock Off|[of] p2a: Nihilego
|move|p1a: Excadrill|Swords Dance|p1a: Excadrill
|-boost|p1a: Excadrill|atk|2
|
|upkeep
|turn|34
|
|t:|1665092515
|move|p2a: Nihilego|Power Gem|p1a: Excadrill
|-resisted|p1a: Excadrill
|-damage|p1a: Excadrill|44/100
|move|p1a: Excadrill|Rapid Spin|p2a: Nihilego
|-resisted|p2a: Nihilego
|-damage|p2a: Nihilego|68/100
|-boost|p1a: Excadrill|spe|1
|
|-heal|p2a: Nihilego|74/100|[from] item: Black Sludge
|upkeep
|turn|35
|
|t:|1665092524
|switch|p2a: Gyarados|Gyarados, M|74/100
|-ability|p2a: Gyarados|Intimidate|boost
|-unboost|p1a: Excadrill|atk|1
|move|p1a: Excadrill|Swords Dance|p1a: Excadrill
|-boost|p1a: Excadrill|atk|2
|
|-heal|p2a: Gyarados|80/100|[from] item: Leftovers
|upkeep
|turn|36
|
|t:|1665092532
|move|p1a: Excadrill|Iron Head|p2a: Gyarados
|-resisted|p2a: Gyarados
|-damage|p2a: Gyarados|16/100
|move|p2a: Gyarados|Waterfall|p1a: Excadrill
|-supereffective|p1a: Excadrill
|-damage|p1a: Excadrill|0 fnt
|faint|p1a: Excadrill
|
|-heal|p2a: Gyarados|22/100|[from] item: Leftovers
|upkeep
|
|t:|1665092534
|switch|p1a: Primarina|Primarina, M|81/100
|turn|37
|
|t:|1665092542
|move|p2a: Gyarados|Waterfall|p1a: Primarina
|-resisted|p1a: Primarina
|-damage|p1a: Primarina|60/100
|move|p1a: Primarina|Substitute|p1a: Primarina
|-start|p1a: Primarina|Substitute
|-damage|p1a: Primarina|35/100
|
|-heal|p2a: Gyarados|28/100|[from] item: Leftovers
|-heal|p1a: Primarina|41/100|[from] item: Leftovers
|upkeep
|turn|38
|
|t:|1665092551
|move|p2a: Gyarados|Waterfall|p1a: Primarina
|-resisted|p1a: Primarina
|-activate|p1a: Primarina|move: Substitute|[damage]
|move|p1a: Primarina|Moonblast|p2a: Gyarados
|-damage|p2a: Gyarados|0 fnt
|faint|p2a: Gyarados
|
|-heal|p1a: Primarina|47/100|[from] item: Leftovers
|upkeep
|
|t:|1665092559
|switch|p2a: Nihilego|Nihilego|74/100
|turn|39
|
|t:|1665092562
|move|p2a: Nihilego|Sludge Wave|p1a: Primarina
|-supereffective|p1a: Primarina
|-end|p1a: Primarina|Substitute
|move|p1a: Primarina|Hydro Pump|p2a: Nihilego|[miss]
|-miss|p1a: Primarina|p2a: Nihilego
|
|-heal|p2a: Nihilego|80/100|[from] item: Black Sludge
|-heal|p1a: Primarina|53/100|[from] item: Leftovers
|upkeep
|turn|40
|
|t:|1665092571
|move|p2a: Nihilego|Sludge Wave|p1a: Primarina
|-supereffective|p1a: Primarina
|-damage|p1a: Primarina|0 fnt
|faint|p1a: Primarina
|
|win|DDD951
|raw|wheredahosat's rating: 1320 &rarr; <strong>1305</strong><br />(-15 for losing)
|raw|DDD951's rating: 1406 &rarr; <strong>1421</strong><br />(+15 for winning)
|l|☆DDD951
