|html|<div class="broadcast-blue"><strong>[Gen 8] UU is currently suspecting Moltres-Galar! For information on how to participate check out the <a href="https://www.smogon.com/forums/threads/np-ss-uu-stage-12-get-lucky.3700621/">suspect thread</a>.</strong></div>
|j|‽PepePeponez
|j|☆woodey
|t:|1650395532
|gametype|singles
|player|p1|PepePeponez|170|1461
|player|p2|woodey|lance|1449
|teamsize|p1|6
|teamsize|p2|6
|gen|8
|tier|[Gen 8] UU
|rated|
|rule|Sleep Clause Mod: Limit one foe put to sleep
|rule|Species Clause: Limit one of each Pokémon
|rule|OHKO Clause: OHKO moves are banned
|rule|Evasion Moves Clause: Evasion moves are banned
|rule|Endless Battle Clause: Forcing endless battles is banned
|rule|HP Percentage Mod: HP is shown in percentages
|rule|Dynamax Clause: You cannot dynamax
|clearpoke
|poke|p1|Gyarados, F|
|poke|p1|Krookodile, F|
|poke|p1|Conkeldurr, M|
|poke|p1|Darmanitan, M|
|poke|p1|Raikou|
|poke|p1|Tentacruel, M|
|poke|p2|Salamence, M|
|poke|p2|Scizor, F|
|poke|p2|Krookodile, M|
|poke|p2|Primarina, F|
|poke|p2|Mandibuzz, F|
|poke|p2|Registeel|
|teampreview
|inactive|Battle timer is ON: inactive players will automatically lose when time's up. (requested by PepePeponez)
|
|t:|1650395563
|start
|switch|p1a: Krookodile|Krookodile, F|100/100
|switch|p2a: Scizor|Scizor, F|100/100
|-ability|p1a: Krookodile|Intimidate|boost
|-unboost|p2a: Scizor|atk|1
|turn|1
|
|t:|1650395568
|move|p1a: Krookodile|Stealth Rock|p2a: Scizor
|-sidestart|p2: woodey|move: Stealth Rock
|move|p2a: Scizor|U-turn|p1a: Krookodile
|-supereffective|p1a: Krookodile
|-damage|p1a: Krookodile|53/100
|
|t:|1650395577
|switch|p2a: Krookodile|Krookodile, M|100/100|[from]move: U-turn
|-damage|p2a: Krookodile|94/100|[from] Stealth Rock
|-ability|p2a: Krookodile|Intimidate|boost
|-unboost|p1a: Krookodile|atk|1
|
|-heal|p1a: Krookodile|59/100|[from] item: Leftovers
|upkeep
|turn|2
|
|t:|1650395584
|move|p1a: Krookodile|Taunt|p2a: Krookodile
|-start|p2a: Krookodile|move: Taunt
|move|p2a: Krookodile|Earthquake|p1a: Krookodile
|-damage|p1a: Krookodile|0 fnt
|faint|p1a: Krookodile
|-damage|p2a: Krookodile|84/100|[from] item: Life Orb
|
|upkeep
|
|t:|1650395594
|switch|p1a: Conkeldurr|Conkeldurr, M|100/100
|turn|3
|
|t:|1650395603
|switch|p2a: Mandibuzz|Mandibuzz, F|100/100
|move|p1a: Conkeldurr|Knock Off|p2a: Mandibuzz
|-resisted|p2a: Mandibuzz
|-damage|p2a: Mandibuzz|90/100
|-enditem|p2a: Mandibuzz|Heavy-Duty Boots|[from] move: Knock Off|[of] p1a: Conkeldurr
|
|-status|p1a: Conkeldurr|brn|[from] item: Flame Orb
|upkeep
|turn|4
|
|t:|1650395612
|move|p2a: Mandibuzz|U-turn|p1a: Conkeldurr
|-resisted|p1a: Conkeldurr
|-damage|p1a: Conkeldurr|95/100 brn
|
|t:|1650395614
|switch|p2a: Primarina|Primarina, F|100/100|[from]move: U-turn
|-damage|p2a: Primarina|88/100|[from] Stealth Rock
|move|p1a: Conkeldurr|Facade|p2a: Primarina
|-damage|p2a: Primarina|15/100
|
|-heal|p2a: Primarina|21/100|[from] item: Leftovers
|-damage|p1a: Conkeldurr|89/100 brn|[from] brn
|upkeep
|turn|5
|
|t:|1650395623
|move|p1a: Conkeldurr|Drain Punch|p2a: Primarina
|-resisted|p2a: Primarina
|-damage|p2a: Primarina|0 fnt
|-heal|p1a: Conkeldurr|99/100 brn|[from] drain|[of] p2a: Primarina
|faint|p2a: Primarina
|
|-damage|p1a: Conkeldurr|94/100 brn|[from] brn
|upkeep
|
|t:|1650395626
|switch|p2a: Mandibuzz|Mandibuzz, F|90/100
|-damage|p2a: Mandibuzz|66/100|[from] Stealth Rock
|turn|6
|
|t:|1650395632
|move|p2a: Mandibuzz|Brave Bird|p1a: Conkeldurr
|-supereffective|p1a: Conkeldurr
|-damage|p1a: Conkeldurr|37/100 brn
|-damage|p2a: Mandibuzz|50/100|[from] Recoil
|move|p1a: Conkeldurr|Facade|p2a: Mandibuzz
|-damage|p2a: Mandibuzz|6/100
|
|-damage|p1a: Conkeldurr|31/100 brn|[from] brn
|upkeep
|turn|7
|
|t:|1650395638
|switch|p2a: Salamence|Salamence, M|100/100
|-ability|p2a: Salamence|Intimidate|boost
|-unboost|p1a: Conkeldurr|atk|1
|move|p1a: Conkeldurr|Mach Punch|p2a: Salamence
|-resisted|p2a: Salamence
|-damage|p2a: Salamence|90/100
|
|-damage|p1a: Conkeldurr|25/100 brn|[from] brn
|upkeep
|turn|8
|
|t:|1650395652
|switch|p1a: Gyarados|Gyarados, F|100/100
|move|p2a: Salamence|Flamethrower|p1a: Gyarados
|-resisted|p1a: Gyarados
|-damage|p1a: Gyarados|87/100
|
|upkeep
|turn|9
|
|t:|1650395659
|switch|p2a: Krookodile|Krookodile, M|84/100
|-damage|p2a: Krookodile|78/100|[from] Stealth Rock
|-ability|p2a: Krookodile|Intimidate|boost
|-unboost|p1a: Gyarados|atk|1
|move|p1a: Gyarados|Dragon Dance|p1a: Gyarados
|-boost|p1a: Gyarados|atk|1
|-boost|p1a: Gyarados|spe|1
|
|upkeep
|turn|10
|
|t:|1650395661
|switch|p2a: Salamence|Salamence, M|90/100
|-ability|p2a: Salamence|Intimidate|boost
|-unboost|p1a: Gyarados|atk|1
|move|p1a: Gyarados|Waterfall|p2a: Salamence
|-resisted|p2a: Salamence
|-damage|p2a: Salamence|78/100
|
|upkeep
|turn|11
|
|t:|1650395666
|switch|p2a: Krookodile|Krookodile, M|78/100
|-damage|p2a: Krookodile|72/100|[from] Stealth Rock
|-ability|p2a: Krookodile|Intimidate|boost
|-unboost|p1a: Gyarados|atk|1
|move|p1a: Gyarados|Ice Fang|p2a: Krookodile
|-supereffective|p2a: Krookodile
|-damage|p2a: Krookodile|43/100
|
|upkeep
|turn|12
|
|t:|1650395671
|switch|p2a: Registeel|Registeel|100/100
|-damage|p2a: Registeel|94/100|[from] Stealth Rock
|move|p1a: Gyarados|Ice Fang|p2a: Registeel
|-resisted|p2a: Registeel
|-damage|p2a: Registeel|91/100
|
|-heal|p2a: Registeel|97/100|[from] item: Leftovers
|upkeep
|turn|13
|
|t:|1650395674
|switch|p1a: Conkeldurr|Conkeldurr, M|25/100 brn
|move|p2a: Registeel|Iron Defense|p2a: Registeel
|-boost|p2a: Registeel|def|2
|
|-heal|p2a: Registeel|100/100|[from] item: Leftovers
|-damage|p1a: Conkeldurr|19/100 brn|[from] brn
|upkeep
|turn|14
|
|t:|1650395679
|move|p1a: Conkeldurr|Drain Punch|p2a: Registeel
|-supereffective|p2a: Registeel
|-damage|p2a: Registeel|59/100
|-heal|p1a: Conkeldurr|40/100 brn|[from] drain|[of] p2a: Registeel
|move|p2a: Registeel|Iron Defense|p2a: Registeel
|-boost|p2a: Registeel|def|2
|
|-heal|p2a: Registeel|65/100|[from] item: Leftovers
|-damage|p1a: Conkeldurr|34/100 brn|[from] brn
|upkeep
|turn|15
|
|t:|1650395686
|move|p1a: Conkeldurr|Drain Punch|p2a: Registeel
|-supereffective|p2a: Registeel
|-damage|p2a: Registeel|36/100
|-heal|p1a: Conkeldurr|49/100 brn|[from] drain|[of] p2a: Registeel
|move|p2a: Registeel|Iron Defense|p2a: Registeel
|-boost|p2a: Registeel|def|2
|
|-heal|p2a: Registeel|42/100|[from] item: Leftovers
|-damage|p1a: Conkeldurr|43/100 brn|[from] brn
|upkeep
|turn|16
|
|t:|1650395691
|move|p1a: Conkeldurr|Drain Punch|p2a: Registeel
|-supereffective|p2a: Registeel
|-damage|p2a: Registeel|20/100
|-heal|p1a: Conkeldurr|55/100 brn|[from] drain|[of] p2a: Registeel
|move|p2a: Registeel|Rest|p2a: Registeel
|-status|p2a: Registeel|slp|[from] move: Rest
|-heal|p2a: Registeel|100/100 slp|[silent]
|
|-damage|p1a: Conkeldurr|49/100 brn|[from] brn
|upkeep
|turn|17
|
|t:|1650395700
|switch|p1a: Raikou|Raikou|100/100
|-ability|p1a: Raikou|Pressure
|cant|p2a: Registeel|slp
|
|upkeep
|turn|18
|
|t:|1650395706
|move|p1a: Raikou|Aura Sphere|p2a: Registeel
|-supereffective|p2a: Registeel
|-damage|p2a: Registeel|58/100 slp
|cant|p2a: Registeel|slp
|
|-heal|p2a: Registeel|64/100 slp|[from] item: Leftovers
|upkeep
|turn|19
|
|t:|1650395711
|move|p1a: Raikou|Aura Sphere|p2a: Registeel
|-supereffective|p2a: Registeel
|-damage|p2a: Registeel|28/100 slp
|-curestatus|p2a: Registeel|slp|[msg]
|move|p2a: Registeel|Amnesia|p2a: Registeel
|-boost|p2a: Registeel|spd|2
|
|-heal|p2a: Registeel|34/100|[from] item: Leftovers
|upkeep
|turn|20
|
|t:|1650395716
|move|p1a: Raikou|Aura Sphere|p2a: Registeel
|-supereffective|p2a: Registeel
|-damage|p2a: Registeel|15/100
|move|p2a: Registeel|Rest|p2a: Registeel
|-status|p2a: Registeel|slp|[from] move: Rest
|-heal|p2a: Registeel|100/100 slp|[silent]
|
|upkeep
|turn|21
|
|t:|1650395726
|move|p1a: Raikou|Aura Sphere|p2a: Registeel
|-supereffective|p2a: Registeel
|-damage|p2a: Registeel|80/100 slp
|cant|p2a: Registeel|slp
|
|-heal|p2a: Registeel|86/100 slp|[from] item: Leftovers
|upkeep
|turn|22
|
|t:|1650395729
|move|p1a: Raikou|Aura Sphere|p2a: Registeel
|-supereffective|p2a: Registeel
|-damage|p2a: Registeel|65/100 slp
|cant|p2a: Registeel|slp
|
|-heal|p2a: Registeel|71/100 slp|[from] item: Leftovers
|upkeep
|turn|23
|
|t:|1650395731
|move|p1a: Raikou|Aura Sphere|p2a: Registeel
|-supereffective|p2a: Registeel
|-damage|p2a: Registeel|51/100 slp
|-curestatus|p2a: Registeel|slp|[msg]
|move|p2a: Registeel|Amnesia|p2a: Registeel
|-boost|p2a: Registeel|spd|2
|
|-heal|p2a: Registeel|57/100|[from] item: Leftovers
|upkeep
|turn|24
|
|t:|1650395733
|move|p1a: Raikou|Aura Sphere|p2a: Registeel
|-supereffective|p2a: Registeel
|-damage|p2a: Registeel|44/100
|move|p2a: Registeel|Rest|p2a: Registeel
|-status|p2a: Registeel|slp|[from] move: Rest
|-heal|p2a: Registeel|100/100 slp|[silent]
|
|upkeep
|turn|25
|
|t:|1650395735
|move|p1a: Raikou|Aura Sphere|p2a: Registeel
|-supereffective|p2a: Registeel
|-damage|p2a: Registeel|86/100 slp
|cant|p2a: Registeel|slp
|
|-heal|p2a: Registeel|92/100 slp|[from] item: Leftovers
|upkeep
|turn|26
|
|t:|1650395738
|move|p1a: Raikou|Aura Sphere|p2a: Registeel
|-supereffective|p2a: Registeel
|-damage|p2a: Registeel|78/100 slp
|cant|p2a: Registeel|slp
|
|-heal|p2a: Registeel|84/100 slp|[from] item: Leftovers
|upkeep
|turn|27
|
|t:|1650395740
|move|p1a: Raikou|Aura Sphere|p2a: Registeel
|-supereffective|p2a: Registeel
|-damage|p2a: Registeel|70/100 slp
|-curestatus|p2a: Registeel|slp|[msg]
|move|p2a: Registeel|Amnesia|p2a: Registeel
|-boost|p2a: Registeel|spd|2
|
|-heal|p2a: Registeel|76/100|[from] item: Leftovers
|upkeep
|turn|28
|
|t:|1650395742
|move|p1a: Raikou|Aura Sphere|p2a: Registeel
|-supereffective|p2a: Registeel
|-damage|p2a: Registeel|66/100
|move|p2a: Registeel|Rest|p2a: Registeel
|-status|p2a: Registeel|slp|[from] move: Rest
|-heal|p2a: Registeel|100/100 slp|[silent]
|
|upkeep
|turn|29
|
|t:|1650395743
|move|p1a: Raikou|Aura Sphere|p2a: Registeel
|-supereffective|p2a: Registeel
|-damage|p2a: Registeel|90/100 slp
|cant|p2a: Registeel|slp
|
|-heal|p2a: Registeel|96/100 slp|[from] item: Leftovers
|upkeep
|turn|30
|
|t:|1650395745
|move|p1a: Raikou|Aura Sphere|p2a: Registeel
|-supereffective|p2a: Registeel
|-damage|p2a: Registeel|86/100 slp
|cant|p2a: Registeel|slp
|
|-heal|p2a: Registeel|92/100 slp|[from] item: Leftovers
|upkeep
|turn|31
|
|t:|1650395747
|move|p1a: Raikou|Aura Sphere|p2a: Registeel
|-supereffective|p2a: Registeel
|-damage|p2a: Registeel|81/100 slp
|-curestatus|p2a: Registeel|slp|[msg]
|move|p2a: Registeel|Body Press|p1a: Raikou
|-damage|p1a: Raikou|0 fnt
|faint|p1a: Raikou
|
|-heal|p2a: Registeel|87/100|[from] item: Leftovers
|upkeep
|c|☆woodey|uh oh
|
|t:|1650395756
|switch|p1a: Darmanitan|Darmanitan, M|100/100
|turn|32
|
|t:|1650395759
|move|p1a: Darmanitan|Flare Blitz|p2a: Registeel
|-supereffective|p2a: Registeel
|-damage|p2a: Registeel|60/100
|-damage|p1a: Darmanitan|91/100|[from] Recoil
|move|p2a: Registeel|Body Press|p1a: Darmanitan
|-damage|p1a: Darmanitan|0 fnt
|faint|p1a: Darmanitan
|
|-heal|p2a: Registeel|66/100|[from] item: Leftovers
|upkeep
|
|t:|1650395762
|switch|p1a: Conkeldurr|Conkeldurr, M|49/100 brn
|turn|33
|c|☆woodey|sussysteel
|
|t:|1650395769
|move|p1a: Conkeldurr|Drain Punch|p2a: Registeel
|-supereffective|p2a: Registeel
|-damage|p2a: Registeel|44/100
|-heal|p1a: Conkeldurr|60/100 brn|[from] drain|[of] p2a: Registeel
|move|p2a: Registeel|Body Press|p1a: Conkeldurr
|-damage|p1a: Conkeldurr|0 fnt
|faint|p1a: Conkeldurr
|
|-heal|p2a: Registeel|50/100|[from] item: Leftovers
|upkeep
|
|t:|1650395774
|switch|p1a: Gyarados|Gyarados, F|87/100
|turn|34
|
|t:|1650395775
|move|p1a: Gyarados|Waterfall|p2a: Registeel
|-damage|p2a: Registeel|43/100
|cant|p2a: Registeel|flinch
|
|-heal|p2a: Registeel|49/100|[from] item: Leftovers
|upkeep
|turn|35
|
|t:|1650395779
|move|p1a: Gyarados|Waterfall|p2a: Registeel
|-damage|p2a: Registeel|42/100
|move|p2a: Registeel|Body Press|p1a: Gyarados
|-resisted|p1a: Gyarados
|-damage|p1a: Gyarados|26/100
|
|-heal|p2a: Registeel|48/100|[from] item: Leftovers
|upkeep
|turn|36
|
|t:|1650395783
|move|p1a: Gyarados|Waterfall|p2a: Registeel
|-damage|p2a: Registeel|40/100
|move|p2a: Registeel|Body Press|p1a: Gyarados
|-resisted|p1a: Gyarados
|-damage|p1a: Gyarados|0 fnt
|faint|p1a: Gyarados
|
|-heal|p2a: Registeel|46/100|[from] item: Leftovers
|upkeep
|
|t:|1650395786
|switch|p1a: Tentacruel|Tentacruel, M|100/100
|turn|37
|-message|PepePeponez forfeited.
|
|win|woodey
|raw|PepePeponez's rating: 1461 &rarr; <strong>1440</strong><br />(-21 for losing)
|raw|woodey's rating: 1449 &rarr; <strong>1470</strong><br />(+21 for winning)
|l|‽PepePeponez
||Ladder isn't responding, score probably updated but might not have (Request timeout).
