|j|☆galactest bro !
|j|☆chicorage
|t:|1646576019
|gametype|singles
|player|p1|galactest bro !|sage|1576
|player|p2|chicorage|lenora|1501
|teamsize|p1|6
|teamsize|p2|6
|gen|8
|tier|[Gen 8] UU
|rated|
|rule|Sleep Clause Mod: Limit one foe put to sleep
|rule|Species Clause: Limit one of each Pokémon
|rule|OHKO Clause: OHKO moves are banned
|rule|Evasion Moves Clause: Evasion moves are banned
|rule|Endless Battle Clause: Forcing endless battles is banned
|rule|HP Percentage Mod: HP is shown in percentages
|rule|Dynamax Clause: You cannot dynamax
|clearpoke
|poke|p1|Diggersby, F|
|poke|p1|Slowking, F|
|poke|p1|Aegislash, F|
|poke|p1|Nihilego|
|poke|p1|Amoonguss, M|
|poke|p1|Crobat, F|
|poke|p2|Azelf|
|poke|p2|Salamence, M|
|poke|p2|Tapu Bulu|
|poke|p2|Celesteela|
|poke|p2|Keldeo-Resolute|
|poke|p2|Azumarill, F|
|teampreview
|
|t:|1646576048
|start
|switch|p1a: Diggersby|Diggersby, F|100/100
|switch|p2a: Gaetan le singe|Azelf|100/100
|turn|1
|
|t:|1646576067
|move|p2a: Gaetan le singe|Stealth Rock|p1a: Diggersby
|-sidestart|p1: galactest bro !|move: Stealth Rock
|move|p1a: Diggersby|U-turn|p2a: Gaetan le singe
|-supereffective|p2a: Gaetan le singe
|-enditem|p2a: Gaetan le singe|Focus Sash
|-damage|p2a: Gaetan le singe|1/100
|
|t:|1646576073
|switch|p1a: Crobat|Crobat, F|100/100|[from]move: U-turn
|
|upkeep
|turn|2
|
|t:|1646576078
|move|p1a: Crobat|U-turn|p2a: Gaetan le singe
|-supereffective|p2a: Gaetan le singe
|-damage|p2a: Gaetan le singe|0 fnt
|faint|p2a: Gaetan le singe
|
|t:|1646576088
|switch|p1a: Slowking|Slowking, F|100/100|[from]move: U-turn
|-damage|p1a: Slowking|88/100|[from] Stealth Rock
|
|upkeep
|
|t:|1646576094
|switch|p2a: Abibou de dbz|Azumarill, F|100/100
|turn|3
|
|t:|1646576103
|move|p2a: Abibou de dbz|Belly Drum|p2a: Abibou de dbz
|-damage|p2a: Abibou de dbz|50/100
|-setboost|p2a: Abibou de dbz|atk|6|[from] move: Belly Drum
|-enditem|p2a: Abibou de dbz|Sitrus Berry|[eat]
|-heal|p2a: Abibou de dbz|75/100|[from] item: Sitrus Berry
|move|p1a: Slowking|Future Sight|p2a: Abibou de dbz
|-start|p1a: Slowking|move: Future Sight
|
|upkeep
|turn|4
|l|☆chicorage
|player|p2|
|
|t:|1646576123
|switch|p1a: Amoonguss|Amoonguss, M|100/100
|-damage|p1a: Amoonguss|88/100|[from] Stealth Rock
|move|p2a: Abibou de dbz|Knock Off|p1a: Amoonguss
|-damage|p1a: Amoonguss|0 fnt
|-damage|p2a: Abibou de dbz|59/100|[from] item: Rocky Helmet|[of] p1a: Amoonguss
|-enditem|p1a: Amoonguss|Rocky Helmet|[from] move: Knock Off|[of] p2a: Abibou de dbz
|faint|p1a: Amoonguss
|
|upkeep
|
|t:|1646576132
|switch|p1a: Diggersby|Diggersby, F|100/100
|-damage|p1a: Diggersby|94/100|[from] Stealth Rock
|turn|5
|j|☆chicorage
|player|p2|chicorage|lenora
|
|t:|1646576167
|move|p1a: Diggersby|Quick Attack|p2a: Abibou de dbz
|-damage|p2a: Abibou de dbz|10/100
|move|p2a: Abibou de dbz|Aqua Jet|p1a: Diggersby
|-supereffective|p1a: Diggersby
|-damage|p1a: Diggersby|0 fnt
|faint|p1a: Diggersby
|
|-end|p2a: Abibou de dbz|move: Future Sight
|-damage|p2a: Abibou de dbz|0 fnt
|faint|p2a: Abibou de dbz
|upkeep
|
|t:|1646576194
|switch|p1a: Aegislash|Aegislash, F|100/100
|switch|p2a: Thierry pelouse|Tapu Bulu|100/100
|-fieldstart|move: Grassy Terrain|[from] ability: Grassy Surge|[of] p2a: Thierry pelouse
|-damage|p1a: Aegislash|94/100|[from] Stealth Rock
|turn|6
|
|t:|1646576203
|move|p2a: Thierry pelouse|Swords Dance|p2a: Thierry pelouse
|-boost|p2a: Thierry pelouse|atk|2
|move|p1a: Aegislash|Toxic|p2a: Thierry pelouse
|-status|p2a: Thierry pelouse|tox
|
|-heal|p1a: Aegislash|100/100|[from] Grassy Terrain
|-damage|p2a: Thierry pelouse|94/100 tox|[from] psn
|upkeep
|turn|7
|
|t:|1646576212
|move|p1a: Aegislash|King's Shield|p1a: Aegislash
|-singleturn|p1a: Aegislash|Protect
|move|p2a: Thierry pelouse|Horn Leech|p1a: Aegislash
|-activate|p1a: Aegislash|move: Protect
|-unboost|p2a: Thierry pelouse|atk|1
|
|-heal|p2a: Thierry pelouse|100/100 tox|[from] Grassy Terrain
|-damage|p2a: Thierry pelouse|88/100 tox|[from] psn
|upkeep
|turn|8
|
|t:|1646576221
|move|p2a: Thierry pelouse|Horn Leech|p1a: Aegislash
|-resisted|p1a: Aegislash
|-damage|p1a: Aegislash|63/100
|-heal|p2a: Thierry pelouse|100/100 tox|[from] drain|[of] p1a: Aegislash
|-damage|p2a: Thierry pelouse|91/100 tox|[from] item: Life Orb
|move|p1a: Aegislash|Substitute|p1a: Aegislash
|-start|p1a: Aegislash|Substitute
|-damage|p1a: Aegislash|38/100
|
|-heal|p2a: Thierry pelouse|97/100 tox|[from] Grassy Terrain
|-heal|p1a: Aegislash|44/100|[from] Grassy Terrain
|-heal|p1a: Aegislash|50/100|[from] item: Leftovers
|-damage|p2a: Thierry pelouse|79/100 tox|[from] psn
|upkeep
|turn|9
|
|t:|1646576234
|switch|p2a: Bakary Konte|Celesteela|100/100
|move|p1a: Aegislash|King's Shield||[still]
|-fail|p1a: Aegislash
|
|-heal|p1a: Aegislash|57/100|[from] Grassy Terrain
|-heal|p1a: Aegislash|63/100|[from] item: Leftovers
|upkeep
|turn|10
|
|t:|1646576242
|move|p2a: Bakary Konte|Autotomize|p2a: Bakary Konte
|-boost|p2a: Bakary Konte|spe|2
|-start|p2a: Bakary Konte|Autotomize
|-formechange|p1a: Aegislash|Aegislash-Blade||[from] ability: Stance Change
|move|p1a: Aegislash|Shadow Ball|p2a: Bakary Konte
|-damage|p2a: Bakary Konte|62/100
|
|-heal|p1a: Aegislash|69/100|[from] Grassy Terrain
|-heal|p1a: Aegislash|75/100|[from] item: Leftovers
|-fieldend|move: Grassy Terrain
|upkeep
|turn|11
|
|t:|1646576257
|-formechange|p1a: Aegislash|Aegislash||[from] ability: Stance Change
|move|p1a: Aegislash|King's Shield|p1a: Aegislash
|-singleturn|p1a: Aegislash|Protect
|move|p2a: Bakary Konte|Flamethrower|p1a: Aegislash
|-activate|p1a: Aegislash|move: Protect
|
|-heal|p1a: Aegislash|81/100|[from] item: Leftovers
|upkeep
|turn|12
|
|t:|1646576266
|move|p2a: Bakary Konte|Flamethrower|p1a: Aegislash
|-supereffective|p1a: Aegislash
|-end|p1a: Aegislash|Substitute
|-formechange|p1a: Aegislash|Aegislash-Blade||[from] ability: Stance Change
|move|p1a: Aegislash|Shadow Ball|p2a: Bakary Konte
|-damage|p2a: Bakary Konte|26/100
|
|-heal|p1a: Aegislash|88/100|[from] item: Leftovers
|upkeep
|turn|13
|
|t:|1646576275
|-formechange|p1a: Aegislash|Aegislash||[from] ability: Stance Change
|move|p1a: Aegislash|King's Shield|p1a: Aegislash
|-singleturn|p1a: Aegislash|Protect
|move|p2a: Bakary Konte|Meteor Beam||[still]
|-prepare|p2a: Bakary Konte|Meteor Beam
|-boost|p2a: Bakary Konte|spa|1
|-enditem|p2a: Bakary Konte|Power Herb
|-anim|p2a: Bakary Konte|Meteor Beam|p1a: Aegislash
|-activate|p1a: Aegislash|move: Protect
|
|-heal|p1a: Aegislash|94/100|[from] item: Leftovers
|upkeep
|turn|14
|
|t:|1646576288
|switch|p1a: Slowking|Slowking, F|100/100
|-damage|p1a: Slowking|88/100|[from] Stealth Rock
|move|p2a: Bakary Konte|Flamethrower|p1a: Slowking
|-resisted|p1a: Slowking
|-damage|p1a: Slowking|69/100
|
|upkeep
|turn|15
|
|t:|1646576299
|move|p2a: Bakary Konte|Flash Cannon|p1a: Slowking
|-resisted|p1a: Slowking
|-damage|p1a: Slowking|45/100
|move|p1a: Slowking|Scald|p2a: Bakary Konte
|-damage|p2a: Bakary Konte|0 fnt
|faint|p2a: Bakary Konte
|
|upkeep
|inactive|Battle timer is ON: inactive players will automatically lose when time's up. (requested by galactest bro !)
|
|t:|1646576322
|switch|p2a: Thierry pelouse|Tapu Bulu|79/100 tox
|-fieldstart|move: Grassy Terrain|[from] ability: Grassy Surge|[of] p2a: Thierry pelouse
|turn|16
|
|t:|1646576330
|switch|p1a: Crobat|Crobat, F|100/100
|move|p2a: Thierry pelouse|Swords Dance|p2a: Thierry pelouse
|-boost|p2a: Thierry pelouse|atk|2
|
|-heal|p2a: Thierry pelouse|85/100 tox|[from] Grassy Terrain
|-damage|p2a: Thierry pelouse|79/100 tox|[from] psn
|upkeep
|turn|17
|inactive|chicorage has 120 seconds left.
|inactive|chicorage has 90 seconds left.
|
|t:|1646576399
|move|p1a: Crobat|Brave Bird|p2a: Thierry pelouse
|-supereffective|p2a: Thierry pelouse
|-damage|p2a: Thierry pelouse|0 fnt
|faint|p2a: Thierry pelouse
|-damage|p1a: Crobat|77/100|[from] Recoil
|
|upkeep
|
|t:|1646576405
|switch|p2a: Marcelo salace|Salamence, M|100/100
|turn|18
|
|t:|1646576409
|move|p1a: Crobat|U-turn|p2a: Marcelo salace
|-resisted|p2a: Marcelo salace
|-damage|p2a: Marcelo salace|88/100
|
|t:|1646576412
|switch|p1a: Aegislash|Aegislash, F|94/100|[from]move: U-turn
|-damage|p1a: Aegislash|88/100|[from] Stealth Rock
|move|p2a: Marcelo salace|Dragon Dance|p2a: Marcelo salace
|-boost|p2a: Marcelo salace|atk|1
|-boost|p2a: Marcelo salace|spe|1
|
|-heal|p2a: Marcelo salace|94/100|[from] item: Leftovers
|-heal|p1a: Aegislash|94/100|[from] Grassy Terrain
|-heal|p1a: Aegislash|99/100|[from] item: Leftovers
|upkeep
|turn|19
|
|t:|1646576423
|move|p2a: Marcelo salace|Substitute|p2a: Marcelo salace
|-start|p2a: Marcelo salace|Substitute
|-damage|p2a: Marcelo salace|69/100
|move|p1a: Aegislash|Toxic||[still]
|-fail|p1a: Aegislash
|
|-heal|p2a: Marcelo salace|75/100|[from] item: Leftovers
|-heal|p1a: Aegislash|100/100|[from] Grassy Terrain
|upkeep
|turn|20
|
|t:|1646576431
|move|p2a: Marcelo salace|Dragon Claw|p1a: Aegislash
|-resisted|p1a: Aegislash
|-damage|p1a: Aegislash|76/100
|-formechange|p1a: Aegislash|Aegislash-Blade||[from] ability: Stance Change
|move|p1a: Aegislash|Shadow Ball|p2a: Marcelo salace
|-end|p2a: Marcelo salace|Substitute
|
|-heal|p2a: Marcelo salace|82/100|[from] item: Leftovers
|-heal|p1a: Aegislash|82/100|[from] Grassy Terrain
|-heal|p1a: Aegislash|88/100|[from] item: Leftovers
|-fieldend|move: Grassy Terrain
|upkeep
|turn|21
|inactive|chicorage has 120 seconds left.
|
|t:|1646576443
|move|p2a: Marcelo salace|Substitute|p2a: Marcelo salace
|-start|p2a: Marcelo salace|Substitute
|-damage|p2a: Marcelo salace|57/100
|move|p1a: Aegislash|Shadow Ball|p2a: Marcelo salace
|-end|p2a: Marcelo salace|Substitute
|
|-heal|p2a: Marcelo salace|63/100|[from] item: Leftovers
|-heal|p1a: Aegislash|94/100|[from] item: Leftovers
|upkeep
|turn|22
|
|t:|1646576460
|switch|p1a: Slowking|Slowking, F|78/100
|-damage|p1a: Slowking|65/100|[from] Stealth Rock
|move|p2a: Marcelo salace|Dragon Dance|p2a: Marcelo salace
|-boost|p2a: Marcelo salace|atk|1
|-boost|p2a: Marcelo salace|spe|1
|
|-heal|p2a: Marcelo salace|69/100|[from] item: Leftovers
|upkeep
|turn|23
|
|t:|1646576472
|move|p2a: Marcelo salace|Dragon Claw|p1a: Slowking
|-damage|p1a: Slowking|1/100
|move|p1a: Slowking|Future Sight|p2a: Marcelo salace
|-start|p1a: Slowking|move: Future Sight
|
|-heal|p2a: Marcelo salace|75/100|[from] item: Leftovers
|upkeep
|turn|24
|
|t:|1646576489
|move|p2a: Marcelo salace|Dragon Claw|p1a: Slowking
|-damage|p1a: Slowking|0 fnt
|faint|p1a: Slowking
|-ability|p2a: Marcelo salace|Moxie|boost
|-boost|p2a: Marcelo salace|atk|1
|
|-heal|p2a: Marcelo salace|81/100|[from] item: Leftovers
|upkeep
|
|t:|1646576497
|switch|p1a: Aegislash|Aegislash, F|94/100
|-damage|p1a: Aegislash|88/100|[from] Stealth Rock
|turn|25
|
|t:|1646576503
|move|p2a: Marcelo salace|Substitute|p2a: Marcelo salace
|-start|p2a: Marcelo salace|Substitute
|-damage|p2a: Marcelo salace|56/100
|-formechange|p1a: Aegislash|Aegislash-Blade||[from] ability: Stance Change
|move|p1a: Aegislash|Shadow Ball|p2a: Marcelo salace
|-end|p2a: Marcelo salace|Substitute
|
|-end|p2a: Marcelo salace|move: Future Sight
|-damage|p2a: Marcelo salace|8/100
|-heal|p2a: Marcelo salace|14/100|[from] item: Leftovers
|-heal|p1a: Aegislash|94/100|[from] item: Leftovers
|upkeep
|turn|26
|
|t:|1646576516
|-formechange|p1a: Aegislash|Aegislash||[from] ability: Stance Change
|move|p1a: Aegislash|King's Shield|p1a: Aegislash
|-singleturn|p1a: Aegislash|Protect
|move|p2a: Marcelo salace|Dragon Claw|p1a: Aegislash
|-activate|p1a: Aegislash|move: Protect
|-unboost|p2a: Marcelo salace|atk|1
|
|-heal|p2a: Marcelo salace|20/100|[from] item: Leftovers
|-heal|p1a: Aegislash|100/100|[from] item: Leftovers
|upkeep
|turn|27
|
|t:|1646576529
|move|p2a: Marcelo salace|Dragon Claw|p1a: Aegislash
|-resisted|p1a: Aegislash
|-damage|p1a: Aegislash|69/100
|-formechange|p1a: Aegislash|Aegislash-Blade||[from] ability: Stance Change
|move|p1a: Aegislash|Shadow Ball|p2a: Marcelo salace
|-damage|p2a: Marcelo salace|0 fnt
|faint|p2a: Marcelo salace
|
|-heal|p1a: Aegislash|75/100|[from] item: Leftovers
|upkeep
|
|t:|1646576545
|switch|p2a: Bosetti|Keldeo-Resolute|100/100
|turn|28
|
|t:|1646576570
|switch|p1a: Crobat|Crobat, F|77/100
|move|p2a: Bosetti|Calm Mind|p2a: Bosetti
|-boost|p2a: Bosetti|spa|1
|-boost|p2a: Bosetti|spd|1
|
|upkeep
|turn|29
|
|t:|1646576587
|move|p1a: Crobat|Brave Bird|p2a: Bosetti
|-supereffective|p2a: Bosetti
|-damage|p2a: Bosetti|0 fnt
|faint|p2a: Bosetti
|-damage|p1a: Crobat|43/100|[from] Recoil
|
|win|galactest bro !
|raw|galactest bro !'s rating: 1576 &rarr; <strong>1592</strong><br />(+16 for winning)
|raw|chicorage's rating: 1501 &rarr; <strong>1485</strong><br />(-16 for losing)
|c|☆galactest bro !|gg
