|j|☆Queen of Bean ✿
|j|☆SwitchTheGreat
|t:|1663396126
|gametype|singles
|player|p1|Queen of Bean ✿|hexmaniac-gen6|1358
|player|p2|SwitchTheGreat|1|1457
|teamsize|p1|6
|teamsize|p2|6
|gen|8
|tier|[Gen 8] UU
|rated|
|rule|Sleep Clause Mod: Limit one foe put to sleep
|rule|Species Clause: Limit one of each Pokémon
|rule|OHKO Clause: OHKO moves are banned
|rule|Evasion Items Clause: Evasion items are banned
|rule|Evasion Moves Clause: Evasion moves are banned
|rule|Endless Battle Clause: Forcing endless battles is banned
|rule|HP Percentage Mod: HP is shown in percentages
|rule|Dynamax Clause: You cannot dynamax
|clearpoke
|poke|p1|Nidoqueen, F|
|poke|p1|Celesteela|
|poke|p1|Hydreigon, M|
|poke|p1|Slowking, M|
|poke|p1|Tangrowth, M|
|poke|p1|Rotom-Heat|
|poke|p2|Talonflame, M|
|poke|p2|Excadrill, F|
|poke|p2|Celesteela|
|poke|p2|Gyarados, F|
|poke|p2|Nihilego|
|poke|p2|Azelf|
|teampreview
|c|☆Queen of Bean ✿|hola
|c|☆SwitchTheGreat|hello
|inactive|Battle timer is ON: inactive players will automatically lose when time's up. (requested by SwitchTheGreat)
|
|t:|1663396201
|start
|switch|p1a: Rotom|Rotom-Heat|100/100
|switch|p2a: Talonflame|Talonflame, M|100/100
|turn|1
|
|t:|1663396210
|move|p2a: Talonflame|U-turn|p1a: Rotom
|-resisted|p1a: Rotom
|-damage|p1a: Rotom|92/100
|
|t:|1663396212
|switch|p2a: Excadrill|Excadrill, F|100/100|[from]move: U-turn
|-ability|p2a: Excadrill|Mold Breaker
|move|p1a: Rotom|Overheat|p2a: Excadrill
|-supereffective|p2a: Excadrill
|-enditem|p2a: Excadrill|Focus Sash
|-damage|p2a: Excadrill|1/100
|-unboost|p1a: Rotom|spa|2
|
|upkeep
|turn|2
|
|t:|1663396221
|switch|p1a: Tangrowth|Tangrowth, M|100/100
|move|p2a: Excadrill|Stealth Rock|p1a: Tangrowth
|-sidestart|p1: Queen of Bean ✿|move: Stealth Rock
|
|upkeep
|turn|3
|
|t:|1663396224
|move|p2a: Excadrill|Iron Head|p1a: Tangrowth
|-damage|p1a: Tangrowth|74/100
|move|p1a: Tangrowth|Knock Off|p2a: Excadrill
|-damage|p2a: Excadrill|0 fnt
|faint|p2a: Excadrill
|
|upkeep
|
|t:|1663396244
|switch|p2a: Nihilego|Nihilego|100/100
|turn|4
|
|t:|1663396261
|switch|p2a: Azelf|Azelf|100/100
|switch|p1a: Slowking|Slowking, M|100/100
|
|upkeep
|turn|5
|c|☆Queen of Bean ✿|tried to catch me on nidoqueen
|c|☆Queen of Bean ✿|nice play
|
|t:|1663396283
|move|p2a: Azelf|Energy Ball|p1a: Slowking
|-supereffective|p1a: Slowking
|-crit|p1a: Slowking
|-damage|p1a: Slowking|18/100
|move|p1a: Slowking|Teleport|p1a: Slowking
|
|t:|1663396286
|switch|p1a: Hydreigon|Hydreigon, M|100/100|[from]move: Teleport
|-damage|p1a: Hydreigon|88/100|[from] Stealth Rock
|
|upkeep
|turn|6
|
|t:|1663396297
|switch|p2a: Nihilego|Nihilego|100/100
|move|p1a: Hydreigon|Dark Pulse|p2a: Nihilego
|-damage|p2a: Nihilego|72/100
|
|upkeep
|turn|7
|
|t:|1663396310
|switch|p1a: Nidoqueen|Nidoqueen, F|100/100
|-damage|p1a: Nidoqueen|94/100|[from] Stealth Rock
|move|p2a: Nihilego|Grass Knot|p1a: Nidoqueen
|-damage|p1a: Nidoqueen|65/100
|
|upkeep
|turn|8
|
|t:|1663396323
|switch|p2a: Azelf|Azelf|100/100
|move|p1a: Nidoqueen|Sludge Wave|p2a: Azelf
|-damage|p2a: Azelf|7/100
|
|upkeep
|turn|9
|
|t:|1663396329
|switch|p1a: Hydreigon|Hydreigon, M|88/100
|-damage|p1a: Hydreigon|76/100|[from] Stealth Rock
|move|p2a: Azelf|Energy Ball|p1a: Hydreigon
|-resisted|p1a: Hydreigon
|-damage|p1a: Hydreigon|57/100
|
|upkeep
|turn|10
|
|t:|1663396332
|move|p1a: Hydreigon|U-turn|p2a: Azelf
|-supereffective|p2a: Azelf
|-damage|p2a: Azelf|0 fnt
|faint|p2a: Azelf
|
|t:|1663396341
|switch|p1a: Slowking|Slowking, M|51/100|[from]move: U-turn
|
|upkeep
|
|t:|1663396344
|switch|p2a: Nihilego|Nihilego|72/100
|turn|11
|
|t:|1663396364
|move|p2a: Nihilego|Meteor Beam||[still]
|-prepare|p2a: Nihilego|Meteor Beam
|-boost|p2a: Nihilego|spa|1
|-enditem|p2a: Nihilego|Power Herb
|-anim|p2a: Nihilego|Meteor Beam|p1a: Slowking
|-damage|p1a: Slowking|0 fnt
|faint|p1a: Slowking
|-ability|p2a: Nihilego|Beast Boost|boost
|-boost|p2a: Nihilego|spe|1
|
|upkeep
|
|t:|1663396368
|switch|p1a: Nidoqueen|Nidoqueen, F|65/100
|-damage|p1a: Nidoqueen|59/100|[from] Stealth Rock
|turn|12
|
|t:|1663396384
|move|p2a: Nihilego|Grass Knot|p1a: Nidoqueen
|-damage|p1a: Nidoqueen|16/100
|move|p1a: Nidoqueen|Earth Power|p2a: Nihilego
|-supereffective|p2a: Nihilego
|-damage|p2a: Nihilego|0 fnt
|faint|p2a: Nihilego
|
|upkeep
|inactive|SwitchTheGreat has 120 seconds left.
|c|☆Queen of Bean ✿|you are delphin right?
|
|t:|1663396430
|switch|p2a: Talonflame|Talonflame, M|100/100
|turn|13
|
|t:|1663396460
|move|p2a: Talonflame|Acrobatics|p1a: Nidoqueen
|-damage|p1a: Nidoqueen|0 fnt
|faint|p1a: Nidoqueen
|
|upkeep
|
|t:|1663396466
|switch|p1a: Rotom|Rotom-Heat|92/100
|turn|14
|inactive|SwitchTheGreat has 90 seconds left.
|
|t:|1663396515
|move|p2a: Talonflame|U-turn|p1a: Rotom
|-resisted|p1a: Rotom
|-damage|p1a: Rotom|83/100
|
|t:|1663396516
|switch|p2a: Gyarados|Gyarados, F|100/100|[from]move: U-turn
|move|p1a: Rotom|Volt Switch|p2a: Gyarados
|-supereffective|p2a: Gyarados
|-damage|p2a: Gyarados|0 fnt
|faint|p2a: Gyarados
|inactive|Queen of Bean ✿ has 120 seconds left.
|
|t:|1663396534
|switch|p1a: Hydreigon|Hydreigon, M|57/100|[from]move: Volt Switch
|-damage|p1a: Hydreigon|45/100|[from] Stealth Rock
|
|upkeep
|
|t:|1663396545
|switch|p2a: Talonflame|Talonflame, M|100/100
|turn|15
|inactive|Queen of Bean ✿ has 120 seconds left.
|
|t:|1663396561
|move|p1a: Hydreigon|Draco Meteor|p2a: Talonflame
|-crit|p2a: Talonflame
|-damage|p2a: Talonflame|0 fnt
|-unboost|p1a: Hydreigon|spa|2
|faint|p2a: Talonflame
|
|upkeep
|
|t:|1663396563
|switch|p2a: Celesteela|Celesteela|100/100
|turn|16
|c|☆Queen of Bean ✿|oh no
|c|☆Queen of Bean ✿|i have made a gravemistalke
|
|t:|1663396576
|move|p1a: Hydreigon|Draco Meteor|p2a: Celesteela
|-resisted|p2a: Celesteela
|-damage|p2a: Celesteela|85/100
|-unboost|p1a: Hydreigon|spa|2
|move|p2a: Celesteela|Autotomize|p2a: Celesteela
|-boost|p2a: Celesteela|spe|2
|-start|p2a: Celesteela|Autotomize
|
|upkeep
|turn|17
|
|t:|1663396585
|move|p1a: Hydreigon|Draco Meteor|p2a: Celesteela
|-resisted|p2a: Celesteela
|-damage|p2a: Celesteela|74/100
|-unboost|p1a: Hydreigon|spa|2
|move|p2a: Celesteela|Air Slash|p1a: Hydreigon
|-damage|p1a: Hydreigon|4/100
|
|upkeep
|turn|18
|
|t:|1663396601
|switch|p1a: Celesteela|Celesteela|100/100
|-damage|p1a: Celesteela|88/100|[from] Stealth Rock
|move|p2a: Celesteela|Air Slash|p1a: Celesteela
|-resisted|p1a: Celesteela
|-damage|p1a: Celesteela|76/100
|
|-heal|p1a: Celesteela|82/100|[from] item: Leftovers
|upkeep
|turn|19
|
|t:|1663396607
|switch|p1a: Rotom|Rotom-Heat|83/100
|move|p2a: Celesteela|Fire Blast|p1a: Rotom
|-resisted|p1a: Rotom
|-damage|p1a: Rotom|62/100
|
|upkeep
|turn|20
|inactive|Queen of Bean ✿ has 120 seconds left.
|
|t:|1663396628
|switch|p1a: Celesteela|Celesteela|82/100
|-damage|p1a: Celesteela|70/100|[from] Stealth Rock
|move|p2a: Celesteela|Air Slash|p1a: Celesteela
|-resisted|p1a: Celesteela
|-damage|p1a: Celesteela|59/100
|
|-heal|p1a: Celesteela|65/100|[from] item: Leftovers
|upkeep
|turn|21
|inactive|Queen of Bean ✿ has 120 seconds left.
|
|t:|1663396638
|move|p1a: Celesteela|Protect|p1a: Celesteela
|-singleturn|p1a: Celesteela|Protect
|move|p2a: Celesteela|Fire Blast|p1a: Celesteela
|-activate|p1a: Celesteela|move: Protect
|
|-heal|p1a: Celesteela|71/100|[from] item: Leftovers
|upkeep
|turn|22
|
|t:|1663396645
|switch|p1a: Rotom|Rotom-Heat|62/100
|move|p2a: Celesteela|Meteor Beam||[still]
|-prepare|p2a: Celesteela|Meteor Beam
|-boost|p2a: Celesteela|spa|1
|-enditem|p2a: Celesteela|Power Herb
|-anim|p2a: Celesteela|Meteor Beam|p1a: Rotom
|-supereffective|p1a: Rotom
|-damage|p1a: Rotom|0 fnt
|faint|p1a: Rotom
|-ability|p2a: Celesteela|Beast Boost|boost
|-boost|p2a: Celesteela|spa|1
|
|upkeep
|c|☆Queen of Bean ✿|dammit
|c|☆Queen of Bean ✿|gg wp
|
|t:|1663396655
|switch|p1a: Celesteela|Celesteela|71/100
|-damage|p1a: Celesteela|58/100|[from] Stealth Rock
|turn|23
|
|t:|1663396658
|move|p2a: Celesteela|Fire Blast|p1a: Celesteela
|-supereffective|p1a: Celesteela
|-damage|p1a: Celesteela|0 fnt
|faint|p1a: Celesteela
|-ability|p2a: Celesteela|Beast Boost|boost
|-boost|p2a: Celesteela|spa|1
|
|upkeep
|
|t:|1663396660
|switch|p1a: Hydreigon|Hydreigon, M|4/100
|-damage|p1a: Hydreigon|0 fnt|[from] Stealth Rock
|faint|p1a: Hydreigon
|c|☆SwitchTheGreat|gg
|
|t:|1663396663
|switch|p1a: Tangrowth|Tangrowth, M|100/100
|-damage|p1a: Tangrowth|88/100|[from] Stealth Rock
|turn|24
|
|t:|1663396683
|move|p2a: Celesteela|Air Slash|p1a: Tangrowth|[miss]
|-miss|p2a: Celesteela|p1a: Tangrowth
|move|p1a: Tangrowth|Focus Blast|p2a: Celesteela
|-damage|p2a: Celesteela|45/100
|
|upkeep
|turn|25
|
|t:|1663396691
|move|p2a: Celesteela|Air Slash|p1a: Tangrowth
|-supereffective|p1a: Tangrowth
|-damage|p1a: Tangrowth|0 fnt
|faint|p1a: Tangrowth
|
|win|SwitchTheGreat
|raw|Queen of Bean ✿'s rating: 1358 &rarr; <strong>1344</strong><br />(-14 for losing)
|raw|SwitchTheGreat's rating: 1457 &rarr; <strong>1471</strong><br />(+14 for winning)
