|j|☆Fairlumbo
|j|☆Kolom
|player|p1|Fairlumbo|209|1447
|player|p2|Kolom|hilbert|1473
|teamsize|p1|6
|teamsize|p2|6
|gametype|singles
|gen|8
|tier|[Gen 8] UU
|rated|
|clearpoke
|poke|p1|Kyurem|
|poke|p1|Scolipede, M|
|poke|p1|Seismitoad, F|
|poke|p1|Klefki, M|
|poke|p1|Talonflame, F|
|poke|p1|Mienshao, M|
|poke|p2|Reuniclus, F|
|poke|p2|Lycanroc-Dusk, M|
|poke|p2|Incineroar, M|
|poke|p2|Steelix, F|
|poke|p2|Rotom-Wash|
|poke|p2|Keldeo-Resolute|
|rule|Sleep Clause Mod: Limit one foe put to sleep
|rule|Species Clause: Limit one of each Pokémon
|rule|OHKO Clause: OHKO moves are banned
|rule|Evasion Moves Clause: Evasion moves are banned
|rule|Endless Battle Clause: Forcing endless battles is banned
|rule|HP Percentage Mod: HP is shown in percentages
|rule|Dynamax Clause: You cannot dynamax
|teampreview
|inactive|Battle timer is ON: inactive players will automatically lose when time's up. (requested by Kolom)
|
|start
|switch|p1a: Seismitoad|Seismitoad, F|100/100
|switch|p2a: Incineroar|Incineroar, M|100/100
|-ability|p2a: Incineroar|Intimidate|boost
|-unboost|p1a: Seismitoad|atk|1
|turn|1
|
|switch|p2a: Reuniclus|Reuniclus, F|100/100
|move|p1a: Seismitoad|Scald|p2a: Reuniclus
|-damage|p2a: Reuniclus|87/100
|
|upkeep
|turn|2
|
|move|p1a: Seismitoad|Knock Off|p2a: Reuniclus
|-supereffective|p2a: Reuniclus
|-damage|p2a: Reuniclus|59/100
|-enditem|p2a: Reuniclus|Assault Vest|[from] move: Knock Off|[of] p1a: Seismitoad
|move|p2a: Reuniclus|Psychic|p1a: Seismitoad
|-damage|p1a: Seismitoad|44/100
|
|-heal|p1a: Seismitoad|50/100|[from] item: Leftovers
|upkeep
|turn|3
|
|switch|p1a: Klefki|Klefki, M|100/100
|move|p2a: Reuniclus|Psychic|p1a: Klefki
|-resisted|p1a: Klefki
|-damage|p1a: Klefki|68/100
|
|-heal|p1a: Klefki|74/100|[from] item: Leftovers
|upkeep
|turn|4
|
|switch|p2a: Incineroar|Incineroar, M|100/100
|-ability|p2a: Incineroar|Intimidate|boost
|-unboost|p1a: Klefki|atk|1
|move|p1a: Klefki|Calm Mind|p1a: Klefki
|-boost|p1a: Klefki|spa|1
|-boost|p1a: Klefki|spd|1
|
|-heal|p1a: Klefki|80/100|[from] item: Leftovers
|upkeep
|turn|5
|
|switch|p1a: Talonflame|Talonflame, F|100/100
|move|p2a: Incineroar|Knock Off|p1a: Talonflame
|-damage|p1a: Talonflame|52/100
|-enditem|p1a: Talonflame|Heavy-Duty Boots|[from] move: Knock Off|[of] p2a: Incineroar
|
|upkeep
|turn|6
|
|move|p1a: Talonflame|Roost|p1a: Talonflame
|-heal|p1a: Talonflame|100/100
|-singleturn|p1a: Talonflame|move: Roost
|move|p2a: Incineroar|Parting Shot|p1a: Talonflame
|-unboost|p1a: Talonflame|atk|1
|-unboost|p1a: Talonflame|spa|1
|
|switch|p2a: Lycanroc|Lycanroc-Dusk, M|100/100|[from]move: Parting Shot
|
|upkeep
|turn|7
|
|switch|p1a: Seismitoad|Seismitoad, F|50/100
|move|p2a: Lycanroc|Close Combat|p1a: Seismitoad
|-damage|p1a: Seismitoad|0 fnt
|-unboost|p2a: Lycanroc|def|1
|-unboost|p2a: Lycanroc|spd|1
|faint|p1a: Seismitoad
|
|upkeep
|j| Ihateportland
|
|switch|p1a: Talonflame|Talonflame, F|100/100
|turn|8
|j| colbur gabin
|
|switch|p2a: Incineroar|Incineroar, M|100/100
|-ability|p2a: Incineroar|Intimidate|boost
|-unboost|p1a: Talonflame|atk|1
|move|p1a: Talonflame|Brave Bird|p2a: Incineroar
|-damage|p2a: Incineroar|83/100
|-damage|p1a: Talonflame|94/100|[from] Recoil
|
|upkeep
|turn|9
|j| 467 11 11p
|
|move|p1a: Talonflame|Brave Bird|p2a: Incineroar
|-damage|p2a: Incineroar|69/100
|-damage|p1a: Talonflame|89/100|[from] Recoil
|move|p2a: Incineroar|Parting Shot|p1a: Talonflame
|-unboost|p1a: Talonflame|atk|1
|-unboost|p1a: Talonflame|spa|1
|
|switch|p2a: Lycanroc|Lycanroc-Dusk, M|100/100|[from]move: Parting Shot
|
|upkeep
|turn|10
|
|switch|p1a: Klefki|Klefki, M|80/100
|move|p2a: Lycanroc|Stone Edge|p1a: Klefki
|-resisted|p1a: Klefki
|-damage|p1a: Klefki|50/100
|
|-heal|p1a: Klefki|56/100|[from] item: Leftovers
|upkeep
|turn|11
|
|switch|p2a: Rotom|Rotom-Wash|100/100
|move|p1a: Klefki|Thunder Wave|p2a: Rotom
|-immune|p2a: Rotom
|
|-heal|p1a: Klefki|62/100|[from] item: Leftovers
|upkeep
|turn|12
|
|switch|p1a: Kyurem|Kyurem|100/100
|-ability|p1a: Kyurem|Pressure
|move|p2a: Rotom|Volt Switch|p1a: Kyurem
|-resisted|p1a: Kyurem
|-damage|p1a: Kyurem|88/100
|
|switch|p2a: Lycanroc|Lycanroc-Dusk, M|100/100|[from]move: Volt Switch
|
|upkeep
|turn|13
|
|switch|p1a: Talonflame|Talonflame, F|89/100
|move|p2a: Lycanroc|Stone Edge|p1a: Talonflame
|-supereffective|p1a: Talonflame
|-damage|p1a: Talonflame|0 fnt
|faint|p1a: Talonflame
|
|upkeep
|
|switch|p1a: Klefki|Klefki, M|62/100
|turn|14
|
|switch|p2a: Steelix|Steelix, F|100/100
|move|p1a: Klefki|Calm Mind|p1a: Klefki
|-boost|p1a: Klefki|spa|1
|-boost|p1a: Klefki|spd|1
|
|-heal|p1a: Klefki|68/100|[from] item: Leftovers
|upkeep
|turn|15
|
|move|p1a: Klefki|Draining Kiss|p2a: Steelix
|-resisted|p2a: Steelix
|-damage|p2a: Steelix|87/100
|-heal|p1a: Klefki|80/100|[from] drain|[of] p2a: Steelix
|move|p2a: Steelix|Earthquake|p1a: Klefki
|-supereffective|p1a: Klefki
|-damage|p1a: Klefki|32/100
|
|-heal|p1a: Klefki|38/100|[from] item: Leftovers
|-heal|p2a: Steelix|93/100|[from] item: Leftovers
|upkeep
|turn|16
|
|move|p1a: Klefki|Draining Kiss|p2a: Steelix
|-resisted|p2a: Steelix
|-damage|p2a: Steelix|78/100
|-heal|p1a: Klefki|51/100|[from] drain|[of] p2a: Steelix
|move|p2a: Steelix|Stealth Rock|p1a: Klefki
|-sidestart|p1: Fairlumbo|move: Stealth Rock
|
|-heal|p1a: Klefki|57/100|[from] item: Leftovers
|-heal|p2a: Steelix|84/100|[from] item: Leftovers
|upkeep
|turn|17
|
|move|p1a: Klefki|Draining Kiss|p2a: Steelix
|-resisted|p2a: Steelix
|-damage|p2a: Steelix|69/100
|-heal|p1a: Klefki|69/100|[from] drain|[of] p2a: Steelix
|move|p2a: Steelix|Earthquake|p1a: Klefki
|-supereffective|p1a: Klefki
|-damage|p1a: Klefki|17/100
|
|-heal|p1a: Klefki|23/100|[from] item: Leftovers
|-heal|p2a: Steelix|76/100|[from] item: Leftovers
|upkeep
|turn|18
|
|move|p1a: Klefki|Draining Kiss|p2a: Steelix
|-resisted|p2a: Steelix
|-damage|p2a: Steelix|60/100
|-heal|p1a: Klefki|37/100|[from] drain|[of] p2a: Steelix
|move|p2a: Steelix|Earthquake|p1a: Klefki
|-supereffective|p1a: Klefki
|-damage|p1a: Klefki|0 fnt
|faint|p1a: Klefki
|
|-heal|p2a: Steelix|66/100|[from] item: Leftovers
|upkeep
|
|switch|p1a: Kyurem|Kyurem|88/100
|-damage|p1a: Kyurem|63/100|[from] Stealth Rock
|-ability|p1a: Kyurem|Pressure
|turn|19
|
|switch|p2a: Rotom|Rotom-Wash|100/100
|move|p1a: Kyurem|Ice Beam|p2a: Rotom
|-resisted|p2a: Rotom
|-damage|p2a: Rotom|72/100
|
|-heal|p2a: Rotom|78/100|[from] item: Leftovers
|upkeep
|turn|20
|
|move|p1a: Kyurem|Ice Beam|p2a: Rotom
|-resisted|p2a: Rotom
|-crit|p2a: Rotom
|-damage|p2a: Rotom|38/100
|move|p2a: Rotom|Volt Switch|p1a: Kyurem
|-resisted|p1a: Kyurem
|-damage|p1a: Kyurem|52/100
|
|switch|p2a: Lycanroc|Lycanroc-Dusk, M|100/100|[from]move: Volt Switch
|
|upkeep
|turn|21
|
|move|p2a: Lycanroc|Close Combat|p1a: Kyurem
|-supereffective|p1a: Kyurem
|-damage|p1a: Kyurem|0 fnt
|-unboost|p2a: Lycanroc|def|1
|-unboost|p2a: Lycanroc|spd|1
|faint|p1a: Kyurem
|
|upkeep
|
|switch|p1a: Mienshao|Mienshao, M|100/100
|-damage|p1a: Mienshao|95/100|[from] Stealth Rock
|turn|22
|
|move|p1a: Mienshao|U-turn|p2a: Lycanroc
|-damage|p2a: Lycanroc|44/100
|
|switch|p1a: Scolipede|Scolipede, M|100/100|[from]move: U-turn
|-damage|p1a: Scolipede|76/100|[from] Stealth Rock
|move|p2a: Lycanroc|Close Combat|p1a: Scolipede
|-resisted|p1a: Scolipede
|-damage|p1a: Scolipede|49/100
|-unboost|p2a: Lycanroc|def|1
|-unboost|p2a: Lycanroc|spd|1
|
|upkeep
|turn|23
|
|switch|p2a: Incineroar|Incineroar, M|69/100
|-ability|p2a: Incineroar|Intimidate|boost
|-unboost|p1a: Scolipede|atk|1
|move|p1a: Scolipede|Earthquake|p2a: Incineroar
|-supereffective|p2a: Incineroar
|-damage|p2a: Incineroar|31/100
|-damage|p1a: Scolipede|39/100|[from] item: Life Orb
|
|-ability|p1a: Scolipede|Speed Boost|boost
|-boost|p1a: Scolipede|spe|1
|upkeep
|turn|24
|
|switch|p2a: Rotom|Rotom-Wash|38/100
|move|p1a: Scolipede|Earthquake|p2a: Rotom
|-immune|p2a: Rotom|[from] ability: Levitate
|
|-heal|p2a: Rotom|45/100|[from] item: Leftovers
|-ability|p1a: Scolipede|Speed Boost|boost
|-boost|p1a: Scolipede|spe|1
|upkeep
|turn|25
|-message|Fairlumbo forfeited.
|
|win|Kolom
|l|☆Fairlumbo
|l| Ihateportland
||Ladder (probably) updated, but score could not be retrieved (Request timeout).
