|j|☆Bamarah
|j|☆Spearitt
|player|p1|Bamarah|eusine-gen2|1214
|player|p2|Spearitt|supernerd|1143
|teamsize|p1|6
|teamsize|p2|6
|gametype|singles
|gen|8
|tier|[Gen 8] UU
|rated|
|clearpoke
|poke|p1|Gengar, M|
|poke|p1|Keldeo-Resolute|
|poke|p1|Darmanitan, M|
|poke|p1|Skarmory, M|
|poke|p1|Tyranitar, M|
|poke|p1|Blissey, F|
|poke|p2|Inteleon, F|
|poke|p2|Sirfetch’d, F|
|poke|p2|Espeon, F|
|poke|p2|Cobalion|
|poke|p2|Roserade, M|
|poke|p2|Flygon, F|
|rule|Sleep Clause Mod: Limit one foe put to sleep
|rule|Species Clause: Limit one of each Pokémon
|rule|OHKO Clause: OHKO moves are banned
|rule|Evasion Moves Clause: Evasion moves are banned
|rule|Endless Battle Clause: Forcing endless battles is banned
|rule|HP Percentage Mod: HP is shown in percentages
|rule|Dynamax Clause: You cannot dynamax
|teampreview
|inactive|Battle timer is ON: inactive players will automatically lose when time's up. (requested by Bamarah)
|
|start
|switch|p1a: Darmanitan|Darmanitan, M, shiny|100/100
|switch|p2a: Horse|Cobalion|100/100
|turn|1
|
|move|p1a: Darmanitan|Flare Blitz|p2a: Horse
|-supereffective|p2a: Horse
|-damage|p2a: Horse|0 fnt
|-damage|p1a: Darmanitan|70/100|[from] Recoil
|faint|p2a: Horse
|
|upkeep
|
|switch|p2a: Pew Pew|Inteleon, F|100/100
|turn|2
|
|switch|p1a: Blissey|Blissey, F, shiny|100/100
|move|p2a: Pew Pew|Snipe Shot|p1a: Blissey
|-crit|p1a: Blissey
|-damage|p1a: Blissey|75/100
|
|-heal|p1a: Blissey|81/100|[from] item: Leftovers
|upkeep
|turn|3
|
|switch|p2a: Gatorade|Roserade, M, shiny|100/100
|move|p1a: Blissey|Wish|p1a: Blissey
|
|-heal|p1a: Blissey|88/100|[from] item: Leftovers
|upkeep
|turn|4
|
|move|p2a: Gatorade|Toxic Spikes|p1a: Blissey
|-sidestart|p1: Bamarah|move: Toxic Spikes
|move|p1a: Blissey|Thunder Wave|p2a: Gatorade
|-status|p2a: Gatorade|par
|
|-heal|p1a: Blissey|100/100|[from] move: Wish|[wisher] Blissey
|upkeep
|turn|5
|
|switch|p1a: Gengar|Gengar, M, shiny|100/100
|-sideend|p1: Bamarah|move: Toxic Spikes|[of] p1a: Gengar
|move|p2a: Gatorade|Toxic Spikes|p1a: Gengar
|-sidestart|p1: Bamarah|move: Toxic Spikes
|
|upkeep
|turn|6
|
|move|p2a: Gatorade|Protect|p2a: Gatorade
|-singleturn|p2a: Gatorade|Protect
|move|p1a: Gengar|Shadow Ball|p2a: Gatorade
|-activate|p2a: Gatorade|move: Protect
|
|upkeep
|turn|7
|
|switch|p2a: Pew Pew|Inteleon, F|100/100
|move|p1a: Gengar|Shadow Ball|p2a: Pew Pew
|-damage|p2a: Pew Pew|1/100
|-unboost|p2a: Pew Pew|spd|1
|
|upkeep
|turn|8
|
|switch|p1a: Blissey|Blissey, F, shiny|100/100
|-status|p1a: Blissey|psn
|move|p2a: Pew Pew|Dark Pulse|p1a: Blissey
|-crit|p1a: Blissey
|-damage|p1a: Blissey|83/100 psn
|
|-heal|p1a: Blissey|89/100 psn|[from] item: Leftovers
|-damage|p1a: Blissey|77/100 psn|[from] psn
|upkeep
|turn|9
|inactive|Spearitt has 120 seconds left.
|
|switch|p2a: Get Crit On|Sirfetch’d, F, shiny|100/100
|move|p1a: Blissey|Wish|p1a: Blissey
|
|-heal|p1a: Blissey|83/100 psn|[from] item: Leftovers
|-damage|p1a: Blissey|71/100 psn|[from] psn
|upkeep
|turn|10
|
|switch|p1a: Skarmory|Skarmory, M, shiny|100/100
|move|p2a: Get Crit On|Close Combat|p1a: Skarmory
|-damage|p1a: Skarmory|46/100
|-unboost|p2a: Get Crit On|def|1
|-unboost|p2a: Get Crit On|spd|1
|
|-heal|p1a: Skarmory|100/100|[from] move: Wish|[wisher] Blissey
|upkeep
|turn|11
|inactive|Spearitt has 120 seconds left.
|
|move|p1a: Skarmory|Defog|p2a: Get Crit On
|-unboost|p2a: Get Crit On|evasion|1
|-sideend|p1: Bamarah|Toxic Spikes|[from] move: Defog|[of] p1a: Skarmory
|move|p2a: Get Crit On|Close Combat|p1a: Skarmory
|-damage|p1a: Skarmory|52/100
|-unboost|p2a: Get Crit On|def|1
|-unboost|p2a: Get Crit On|spd|1
|
|upkeep
|turn|12
|
|switch|p2a: LTGarchomp|Flygon, F|100/100
|move|p1a: Skarmory|Iron Defense|p1a: Skarmory
|-boost|p1a: Skarmory|def|2
|
|upkeep
|turn|13
|inactive|Spearitt has 120 seconds left.
|
|switch|p2a: Get Crit On|Sirfetch’d, F, shiny|100/100
|move|p1a: Skarmory|Roost|p1a: Skarmory
|-heal|p1a: Skarmory|100/100
|-singleturn|p1a: Skarmory|move: Roost
|
|upkeep
|turn|14
|
|move|p1a: Skarmory|Iron Defense|p1a: Skarmory
|-boost|p1a: Skarmory|def|2
|move|p2a: Get Crit On|Close Combat|p1a: Skarmory
|-damage|p1a: Skarmory|82/100
|-unboost|p2a: Get Crit On|def|1
|-unboost|p2a: Get Crit On|spd|1
|
|upkeep
|turn|15
|
|move|p1a: Skarmory|Body Press|p2a: Get Crit On
|-damage|p2a: Get Crit On|0 fnt
|faint|p2a: Get Crit On
|
|upkeep
|c|☆Spearitt|lmao miss 3 50% in a row
|-message|Spearitt forfeited.
|
|win|Bamarah
|l|☆Spearitt
