|raw|<div class="broadcast-blue"><strong>This battle is required to be public due to a player having a name starting with 'uult91w'.</div>
|j|☆megasecrettesting
|j|☆UULT91w UnzipsC
|t:|1651966835
|gametype|singles
|player|p1|megasecrettesting|erika-gen2|1307
|player|p2|UULT91w UnzipsC|lucas|1559
|teamsize|p1|6
|teamsize|p2|6
|gen|8
|tier|[Gen 8] UU
|rated|
|rule|Sleep Clause Mod: Limit one foe put to sleep
|rule|Species Clause: Limit one of each Pokémon
|rule|OHKO Clause: OHKO moves are banned
|rule|Evasion Moves Clause: Evasion moves are banned
|rule|Endless Battle Clause: Forcing endless battles is banned
|rule|HP Percentage Mod: HP is shown in percentages
|rule|Dynamax Clause: You cannot dynamax
|clearpoke
|poke|p1|Skarmory, M|
|poke|p1|Celebi|
|poke|p1|Rotom-Wash|
|poke|p1|Excadrill, F|
|poke|p1|Umbreon, F|
|poke|p1|Nihilego|
|poke|p2|Marowak-Alola, M|
|poke|p2|Mesprit|
|poke|p2|Conkeldurr, M|
|poke|p2|Gyarados, M|
|poke|p2|Porygon2|
|poke|p2|Cresselia, F|
|teampreview
|inactive|Battle timer is ON: inactive players will automatically lose when time's up. (requested by UULT91w UnzipsC)
|
|t:|1651966857
|start
|switch|p1a: Nihilego|Nihilego|100/100
|switch|p2a: Mesprit|Mesprit|100/100
|turn|1
|
|t:|1651966861
|move|p1a: Nihilego|Stealth Rock|p2a: Mesprit
|-sidestart|p2: UULT91w UnzipsC|move: Stealth Rock
|move|p2a: Mesprit|Stealth Rock|p1a: Nihilego
|-sidestart|p1: megasecrettesting|move: Stealth Rock
|
|upkeep
|turn|2
|
|t:|1651966870
|switch|p1a: Skarmory|Skarmory, M|100/100
|-damage|p1a: Skarmory|88/100|[from] Stealth Rock
|move|p2a: Mesprit|Trick Room|p2a: Mesprit
|-fieldstart|move: Trick Room|[of] p2a: Mesprit
|
|upkeep
|turn|3
|
|t:|1651966873
|move|p2a: Mesprit|Healing Wish|p2a: Mesprit
|faint|p2a: Mesprit
|move|p1a: Skarmory|Spikes|p2: Mesprit
|-sidestart|p2: UULT91w UnzipsC|Spikes
|
|upkeep
|
|t:|1651966875
|switch|p2a: Marowak|Marowak-Alola, M|100/100
|-damage|p2a: Marowak|88/100|[from] Spikes
|-damage|p2a: Marowak|63/100|[from] Stealth Rock
|turn|4
|
|t:|1651966880
|move|p2a: Marowak|Flare Blitz|p1a: Skarmory
|-supereffective|p1a: Skarmory
|-damage|p1a: Skarmory|0 fnt
|-damage|p2a: Marowak|47/100|[from] item: Rocky Helmet|[of] p1a: Skarmory
|faint|p1a: Skarmory
|
|upkeep
|
|t:|1651966883
|switch|p1a: Umbreon|Umbreon, F|100/100
|-damage|p1a: Umbreon|88/100|[from] Stealth Rock
|turn|5
|
|t:|1651966900
|move|p2a: Marowak|Substitute|p2a: Marowak
|-start|p2a: Marowak|Substitute
|-damage|p2a: Marowak|22/100
|move|p1a: Umbreon|Foul Play|p2a: Marowak
|-supereffective|p2a: Marowak
|-end|p2a: Marowak|Substitute
|
|-heal|p1a: Umbreon|94/100|[from] item: Leftovers
|upkeep
|turn|6
|
|t:|1651966909
|switch|p2a: Conkeldurr|Conkeldurr, M|100/100
|-damage|p2a: Conkeldurr|88/100|[from] Spikes
|-damage|p2a: Conkeldurr|82/100|[from] Stealth Rock
|move|p1a: Umbreon|Toxic|p2a: Conkeldurr
|-status|p2a: Conkeldurr|tox
|
|-heal|p1a: Umbreon|99/100|[from] item: Leftovers
|-damage|p2a: Conkeldurr|76/100 tox|[from] psn
|-fieldend|move: Trick Room
|upkeep
|turn|7
|
|t:|1651966916
|move|p1a: Umbreon|Protect|p1a: Umbreon
|-singleturn|p1a: Umbreon|Protect
|move|p2a: Conkeldurr|Close Combat|p1a: Umbreon
|-activate|p1a: Umbreon|move: Protect
|
|-heal|p1a: Umbreon|100/100|[from] item: Leftovers
|-damage|p2a: Conkeldurr|64/100 tox|[from] psn
|upkeep
|turn|8
|
|t:|1651966926
|switch|p1a: Excadrill|Excadrill, F|100/100
|-damage|p1a: Excadrill|97/100|[from] Stealth Rock
|-ability|p1a: Excadrill|Mold Breaker
|move|p2a: Conkeldurr|Close Combat|p1a: Excadrill
|-supereffective|p1a: Excadrill
|-damage|p1a: Excadrill|0 fnt
|-unboost|p2a: Conkeldurr|def|1
|-unboost|p2a: Conkeldurr|spd|1
|faint|p1a: Excadrill
|
|-damage|p2a: Conkeldurr|46/100 tox|[from] psn
|upkeep
|
|t:|1651966931
|switch|p1a: Celebi|Celebi|100/100
|-damage|p1a: Celebi|88/100|[from] Stealth Rock
|turn|9
|
|t:|1651966934
|switch|p2a: Porygon2|Porygon2|100/100
|-damage|p2a: Porygon2|88/100|[from] Spikes
|-damage|p2a: Porygon2|76/100|[from] Stealth Rock
|-ability|p2a: Porygon2|Download|boost
|-boost|p2a: Porygon2|spa|1
|move|p1a: Celebi|Psychic|p2a: Porygon2
|-damage|p2a: Porygon2|49/100
|-unboost|p2a: Porygon2|spd|1
|
|-heal|p1a: Celebi|94/100|[from] item: Leftovers
|upkeep
|turn|10
|
|t:|1651966939
|move|p1a: Celebi|Leaf Storm|p2a: Porygon2
|-damage|p2a: Porygon2|0 fnt
|-unboost|p1a: Celebi|spa|2
|faint|p2a: Porygon2
|
|-heal|p1a: Celebi|100/100|[from] item: Leftovers
|upkeep
|
|t:|1651966942
|switch|p2a: Gyarados|Gyarados, M|100/100
|-ability|p2a: Gyarados|Intimidate|boost
|-unboost|p1a: Celebi|atk|1
|turn|11
|
|t:|1651966943
|switch|p1a: Rotom|Rotom-Wash|100/100
|-damage|p1a: Rotom|88/100|[from] Stealth Rock
|move|p2a: Gyarados|Dragon Dance|p2a: Gyarados
|-boost|p2a: Gyarados|atk|1
|-boost|p2a: Gyarados|spe|1
|
|upkeep
|turn|12
|
|t:|1651966947
|move|p1a: Rotom|Volt Switch|p2a: Gyarados
|-supereffective|p2a: Gyarados
|-damage|p2a: Gyarados|5/100
|
|t:|1651966952
|switch|p1a: Nihilego|Nihilego|100/100|[from]move: Volt Switch
|-damage|p1a: Nihilego|88/100|[from] Stealth Rock
|move|p2a: Gyarados|Power Whip|p1a: Nihilego
|-damage|p1a: Nihilego|0 fnt
|faint|p1a: Nihilego
|
|upkeep
|
|t:|1651966954
|switch|p1a: Rotom|Rotom-Wash|88/100
|-damage|p1a: Rotom|75/100|[from] Stealth Rock
|turn|13
|
|t:|1651966965
|move|p1a: Rotom|Volt Switch|p2a: Gyarados
|-supereffective|p2a: Gyarados
|-damage|p2a: Gyarados|0 fnt
|faint|p2a: Gyarados
|
|t:|1651966974
|switch|p1a: Celebi|Celebi|100/100|[from]move: Volt Switch
|-damage|p1a: Celebi|88/100|[from] Stealth Rock
|
|-heal|p1a: Celebi|94/100|[from] item: Leftovers
|upkeep
|
|t:|1651966976
|switch|p2a: Conkeldurr|Conkeldurr, M|46/100 tox
|-heal|p2a: Conkeldurr|100/100|[from] move: Healing Wish
|-damage|p2a: Conkeldurr|94/100|[from] Stealth Rock
|-damage|p2a: Conkeldurr|82/100|[from] Spikes
|turn|14
|
|t:|1651966980
|switch|p2a: Marowak|Marowak-Alola, M|22/100
|-damage|p2a: Marowak|0 fnt|[from] Stealth Rock
|faint|p2a: Marowak
|move|p1a: Celebi|Psychic|p2: Marowak|[notarget]
|-fail|p1a: Celebi
|
|-heal|p1a: Celebi|100/100|[from] item: Leftovers
|upkeep
|
|t:|1651966983
|switch|p2a: Conkeldurr|Conkeldurr, M|82/100
|-damage|p2a: Conkeldurr|70/100|[from] Spikes
|-damage|p2a: Conkeldurr|64/100|[from] Stealth Rock
|turn|15
|
|t:|1651966984
|move|p1a: Celebi|Psychic|p2a: Conkeldurr
|-supereffective|p2a: Conkeldurr
|-damage|p2a: Conkeldurr|0 fnt
|faint|p2a: Conkeldurr
|
|upkeep
|c|☆UULT91w UnzipsC|gg
|-message|UULT91w UnzipsC forfeited.
|
|win|megasecrettesting
|raw|megasecrettesting's rating: 1307 &rarr; <strong>1339</strong><br />(+32 for winning)
|raw|UULT91w UnzipsC's rating: 1547 &rarr; <strong>1515</strong><br />(-32 for losing)
|c|☆megasecrettesting|gg
|l|☆UULT91w UnzipsC
