|j|☆Valiant Hearts
|j|☆Lepoisson is Back
|t:|1615057447
|player|p1|Valiant Hearts|psychic-gen3|1639
|player|p2|Lepoisson is Back|cynthia-gen4|1477
|teamsize|p1|6
|teamsize|p2|6
|gametype|singles
|gen|8
|tier|[Gen 8] UU
|rated|
|clearpoke
|poke|p1|Krookodile, F|
|poke|p1|Ninetales-Alola, F|
|poke|p1|Kommo-o, F|
|poke|p1|Moltres-Galar|
|poke|p1|Zeraora|
|poke|p1|Celesteela|
|poke|p2|Chansey, F|
|poke|p2|Quagsire, F|
|poke|p2|Salamence, M|
|poke|p2|Amoonguss, F|
|poke|p2|Hatterene, F|
|poke|p2|Skarmory, F|
|rule|Sleep Clause Mod: Limit one foe put to sleep
|rule|Species Clause: Limit one of each Pokémon
|rule|OHKO Clause: OHKO moves are banned
|rule|Evasion Moves Clause: Evasion moves are banned
|rule|Endless Battle Clause: Forcing endless battles is banned
|rule|HP Percentage Mod: HP is shown in percentages
|rule|Dynamax Clause: You cannot dynamax
|teampreview
|inactive|Battle timer is ON: inactive players will automatically lose when time's up. (requested by Lepoisson is Back)
|
|t:|1615057458
|start
|switch|p1a: Krookodile|Krookodile, F, shiny|100/100
|switch|p2a: Hatterene|Hatterene, F|100/100
|-ability|p1a: Krookodile|Intimidate|boost
|-unboost|p2a: Hatterene|atk|1
|turn|1
|
|t:|1615057462
|move|p1a: Krookodile|Knock Off|p2a: Hatterene
|-damage|p2a: Hatterene|63/100
|-enditem|p2a: Hatterene|Leftovers|[from] move: Knock Off|[of] p1a: Krookodile
|move|p2a: Hatterene|Draining Kiss|p1a: Krookodile
|-supereffective|p1a: Krookodile
|-damage|p1a: Krookodile|35/100
|-heal|p2a: Hatterene|100/100|[from] drain|[of] p1a: Krookodile
|
|upkeep
|turn|2
|
|t:|1615057465
|switch|p1a: Ninetales|Ninetales-Alola, F|100/100
|-weather|Hail|[from] ability: Snow Warning|[of] p1a: Ninetales
|move|p2a: Hatterene|Draining Kiss|p1a: Ninetales
|-crit|p1a: Ninetales
|-damage|p1a: Ninetales|66/100
|
|-weather|Hail|[upkeep]
|-damage|p2a: Hatterene|95/100|[from] Hail
|upkeep
|turn|3
|
|t:|1615057470
|move|p1a: Ninetales|Aurora Veil|p1a: Ninetales
|-sidestart|p1: Valiant Hearts|move: Aurora Veil
|move|p2a: Hatterene|Mystical Fire|p1a: Ninetales
|-supereffective|p1a: Ninetales
|-damage|p1a: Ninetales|43/100
|-unboost|p1a: Ninetales|spa|1
|
|-weather|Hail|[upkeep]
|-damage|p2a: Hatterene|89/100|[from] Hail
|upkeep
|turn|4
|
|t:|1615057475
|switch|p1a: Zeraora|Zeraora, shiny|100/100
|move|p2a: Hatterene|Mystical Fire|p1a: Zeraora
|-damage|p1a: Zeraora|86/100
|-unboost|p1a: Zeraora|spa|1
|
|-weather|Hail|[upkeep]
|-damage|p1a: Zeraora|80/100|[from] Hail
|-damage|p2a: Hatterene|83/100|[from] Hail
|upkeep
|turn|5
|
|t:|1615057478
|switch|p2a: Amoonguss|Amoonguss, F|100/100
|move|p1a: Zeraora|Bulk Up|p1a: Zeraora
|-boost|p1a: Zeraora|atk|1
|-boost|p1a: Zeraora|def|1
|
|-weather|Hail|[upkeep]
|-damage|p1a: Zeraora|74/100|[from] Hail
|-damage|p2a: Amoonguss|94/100|[from] Hail
|upkeep
|turn|6
|
|t:|1615057488
|move|p1a: Zeraora|Plasma Fists|p2a: Amoonguss
|-resisted|p2a: Amoonguss
|-damage|p2a: Amoonguss|70/100
|-fieldactivate|move: Ion Deluge
|-damage|p1a: Zeraora|58/100|[from] item: Rocky Helmet|[of] p2a: Amoonguss
|move|p2a: Amoonguss|Spore|p1a: Zeraora
|-status|p1a: Zeraora|slp|[from] move: Spore
|
|-weather|none
|upkeep
|turn|7
|
|t:|1615057492
|switch|p1a: Kommo-o|Kommo-o, F|100/100
|move|p2a: Amoonguss|Foul Play|p1a: Kommo-o
|-resisted|p1a: Kommo-o
|-damage|p1a: Kommo-o|93/100
|
|-heal|p1a: Kommo-o|99/100|[from] item: Leftovers
|upkeep
|turn|8
|
|t:|1615057507
|switch|p2a: Quagsire|Quagsire, F|100/100
|move|p1a: Kommo-o|Substitute|p1a: Kommo-o
|-start|p1a: Kommo-o|Substitute
|-damage|p1a: Kommo-o|75/100
|
|-heal|p1a: Kommo-o|81/100|[from] item: Leftovers
|upkeep
|turn|9
|
|t:|1615057511
|move|p1a: Kommo-o|Clangorous Soul|p1a: Kommo-o
|-boost|p1a: Kommo-o|atk|1
|-boost|p1a: Kommo-o|def|1
|-boost|p1a: Kommo-o|spa|1
|-boost|p1a: Kommo-o|spd|1
|-boost|p1a: Kommo-o|spe|1
|-damage|p1a: Kommo-o|48/100
|move|p2a: Quagsire|Earthquake|p1a: Kommo-o
|-activate|p1a: Kommo-o|move: Substitute|[damage]
|
|-heal|p1a: Kommo-o|54/100|[from] item: Leftovers
|upkeep
|turn|10
|
|t:|1615057515
|move|p1a: Kommo-o|Poison Jab|p2a: Quagsire
|-resisted|p2a: Quagsire
|-damage|p2a: Quagsire|91/100
|move|p2a: Quagsire|Earthquake|p1a: Kommo-o
|-end|p1a: Kommo-o|Substitute
|
|-heal|p1a: Kommo-o|60/100|[from] item: Leftovers
|-heal|p2a: Quagsire|97/100|[from] item: Leftovers
|-sideend|p1: Valiant Hearts|move: Aurora Veil
|upkeep
|turn|11
|
|t:|1615057522
|move|p1a: Kommo-o|Substitute|p1a: Kommo-o
|-start|p1a: Kommo-o|Substitute
|-damage|p1a: Kommo-o|36/100
|move|p2a: Quagsire|Earthquake|p1a: Kommo-o
|-end|p1a: Kommo-o|Substitute
|
|-heal|p1a: Kommo-o|42/100|[from] item: Leftovers
|-heal|p2a: Quagsire|100/100|[from] item: Leftovers
|upkeep
|turn|12
|
|t:|1615057528
|move|p1a: Kommo-o|Drain Punch|p2a: Quagsire
|-damage|p2a: Quagsire|74/100
|-heal|p1a: Kommo-o|60/100|[from] drain|[of] p2a: Quagsire
|move|p2a: Quagsire|Earthquake|p1a: Kommo-o
|-damage|p1a: Kommo-o|32/100
|
|-heal|p1a: Kommo-o|38/100|[from] item: Leftovers
|-heal|p2a: Quagsire|80/100|[from] item: Leftovers
|upkeep
|turn|13
|
|t:|1615057539
|switch|p1a: Celesteela|Celesteela|100/100
|move|p2a: Quagsire|Toxic|p1a: Celesteela
|-immune|p1a: Celesteela
|
|-heal|p2a: Quagsire|86/100|[from] item: Leftovers
|upkeep
|turn|14
|
|t:|1615057547
|switch|p2a: Chansey|Chansey, F|100/100
|move|p1a: Celesteela|Air Slash|p2a: Chansey
|-damage|p2a: Chansey|90/100
|
|upkeep
|turn|15
|
|t:|1615057551
|switch|p1a: Krookodile|Krookodile, F, shiny|35/100
|-ability|p1a: Krookodile|Intimidate|boost
|-unboost|p2a: Chansey|atk|1
|move|p2a: Chansey|Teleport|p2a: Chansey
|
|t:|1615057555
|switch|p2a: Hatterene|Hatterene, F|83/100|[from]move: Teleport
|
|upkeep
|turn|16
|
|t:|1615057560
|switch|p1a: Celesteela|Celesteela|100/100
|move|p2a: Hatterene|Draining Kiss|p1a: Celesteela
|-resisted|p1a: Celesteela
|-damage|p1a: Celesteela|89/100
|-heal|p2a: Hatterene|92/100|[from] drain|[of] p1a: Celesteela
|
|upkeep
|turn|17
|
|t:|1615057564
|switch|p1a: Krookodile|Krookodile, F, shiny|35/100
|-ability|p1a: Krookodile|Intimidate|boost
|-unboost|p2a: Hatterene|atk|1
|switch|p2a: Chansey|Chansey, F|90/100
|
|upkeep
|turn|18
|
|t:|1615057568
|switch|p2a: Hatterene|Hatterene, F|92/100
|move|p1a: Krookodile|Earthquake|p2a: Hatterene
|-damage|p2a: Hatterene|51/100
|
|upkeep
|turn|19
|
|t:|1615057578
|switch|p1a: Kommo-o|Kommo-o, F|38/100
|move|p2a: Hatterene|Mystical Fire|p1a: Kommo-o
|-resisted|p1a: Kommo-o
|-damage|p1a: Kommo-o|26/100
|-unboost|p1a: Kommo-o|spa|1
|
|-heal|p1a: Kommo-o|32/100|[from] item: Leftovers
|upkeep
|turn|20
|
|t:|1615057581
|move|p1a: Kommo-o|Poison Jab|p2a: Hatterene
|-supereffective|p2a: Hatterene
|-damage|p2a: Hatterene|6/100
|move|p2a: Hatterene|Draining Kiss|p1a: Kommo-o
|-supereffective|p1a: Kommo-o
|-damage|p1a: Kommo-o|0 fnt
|-heal|p2a: Hatterene|28/100|[from] drain|[of] p1a: Kommo-o
|faint|p1a: Kommo-o
|
|upkeep
|
|t:|1615057587
|switch|p1a: Moltres|Moltres-Galar|100/100
|turn|21
|
|t:|1615057592
|move|p1a: Moltres|Nasty Plot|p1a: Moltres
|-boost|p1a: Moltres|spa|2
|move|p2a: Hatterene|Draining Kiss|p1a: Moltres
|-supereffective|p1a: Moltres
|-damage|p1a: Moltres|62/100
|-heal|p2a: Hatterene|57/100|[from] drain|[of] p1a: Moltres
|-enditem|p1a: Moltres|Weakness Policy
|-boost|p1a: Moltres|atk|2|[from] item: Weakness Policy
|-boost|p1a: Moltres|spa|2|[from] item: Weakness Policy
|
|upkeep
|turn|22
|
|t:|1615057599
|move|p1a: Moltres|Fiery Wrath|p2a: Hatterene
|-damage|p2a: Hatterene|0 fnt
|faint|p2a: Hatterene
|
|upkeep
|
|t:|1615057602
|switch|p2a: Chansey|Chansey, F|90/100
|turn|23
|
|t:|1615057605
|move|p1a: Moltres|Nasty Plot|p1a: Moltres
|-boost|p1a: Moltres|spa|2
|move|p2a: Chansey|Toxic|p1a: Moltres
|-status|p1a: Moltres|tox
|
|-damage|p1a: Moltres|56/100 tox|[from] psn
|upkeep
|turn|24
|
|t:|1615057609
|move|p1a: Moltres|Fiery Wrath|p2a: Chansey
|-damage|p2a: Chansey|35/100
|move|p2a: Chansey|Soft-Boiled|p2a: Chansey
|-heal|p2a: Chansey|85/100
|
|-damage|p1a: Moltres|44/100 tox|[from] psn
|upkeep
|turn|25
|
|t:|1615057614
|move|p1a: Moltres|Fiery Wrath|p2a: Chansey
|-damage|p2a: Chansey|33/100
|cant|p2a: Chansey|flinch
|
|-damage|p1a: Moltres|25/100 tox|[from] psn
|upkeep
|turn|26
|
|t:|1615057625
|switch|p2a: Skarmory|Skarmory, F|100/100
|move|p1a: Moltres|Fiery Wrath|p2a: Skarmory
|-ability|p2a: Skarmory|Sturdy
|-damage|p2a: Skarmory|1/100
|
|-damage|p1a: Moltres|0 fnt|[from] psn
|faint|p1a: Moltres
|upkeep
|
|t:|1615057640
|switch|p1a: Krookodile|Krookodile, F, shiny|35/100
|-ability|p1a: Krookodile|Intimidate|boost
|-unboost|p2a: Skarmory|atk|1
|turn|27
|
|t:|1615057644
|move|p1a: Krookodile|Stealth Rock|p2a: Skarmory
|-sidestart|p2: Lepoisson is Back|move: Stealth Rock
|move|p2a: Skarmory|Body Press|p1a: Krookodile
|-supereffective|p1a: Krookodile
|-damage|p1a: Krookodile|0 fnt
|faint|p1a: Krookodile
|
|upkeep
|
|t:|1615057650
|switch|p1a: Celesteela|Celesteela|89/100
|turn|28
|j| DeepGalaxy
|
|t:|1615057655
|move|p1a: Celesteela|Flamethrower|p2a: Skarmory
|-supereffective|p2a: Skarmory
|-damage|p2a: Skarmory|0 fnt
|faint|p2a: Skarmory
|-ability|p1a: Celesteela|Beast Boost|boost
|-boost|p1a: Celesteela|spa|1
|
|upkeep
|
|t:|1615057658
|switch|p2a: Chansey|Chansey, F|33/100
|-damage|p2a: Chansey|21/100|[from] Stealth Rock
|turn|29
|
|t:|1615057660
|move|p1a: Celesteela|Meteor Beam||[still]
|-prepare|p1a: Celesteela|Meteor Beam
|-boost|p1a: Celesteela|spa|1
|-enditem|p1a: Celesteela|Power Herb
|-anim|p1a: Celesteela|Meteor Beam|p2a: Chansey
|-damage|p2a: Chansey|0 fnt
|faint|p2a: Chansey
|-ability|p1a: Celesteela|Beast Boost|boost
|-boost|p1a: Celesteela|spa|1
|
|upkeep
|c|☆Lepoisson is Back|gg!
|
|t:|1615057670
|switch|p2a: Salamence|Salamence, M|100/100
|-ability|p2a: Salamence|Intimidate|boost
|-unboost|p1a: Celesteela|atk|1
|turn|30
|
|t:|1615057673
|move|p2a: Salamence|Flamethrower|p1a: Celesteela
|-supereffective|p1a: Celesteela
|-damage|p1a: Celesteela|46/100
|move|p1a: Celesteela|Air Slash|p2a: Salamence
|-damage|p2a: Salamence|5/100
|
|upkeep
|turn|31
|
|t:|1615057677
|move|p2a: Salamence|Flamethrower|p1a: Celesteela
|-supereffective|p1a: Celesteela
|-damage|p1a: Celesteela|7/100
|move|p1a: Celesteela|Air Slash|p2a: Salamence
|-damage|p2a: Salamence|0 fnt
|faint|p2a: Salamence
|-ability|p1a: Celesteela|Beast Boost|boost
|-boost|p1a: Celesteela|spa|1
|
|upkeep
|
|t:|1615057681
|switch|p2a: Quagsire|Quagsire, F|86/100
|-damage|p2a: Quagsire|80/100|[from] Stealth Rock
|turn|32
|
|t:|1615057701
|switch|p1a: Ninetales|Ninetales-Alola, F|43/100
|-weather|Hail|[from] ability: Snow Warning|[of] p1a: Ninetales
|move|p2a: Quagsire|Scald|p1a: Ninetales
|-damage|p1a: Ninetales|25/100
|
|-weather|Hail|[upkeep]
|-damage|p2a: Quagsire|74/100|[from] Hail
|-heal|p2a: Quagsire|80/100|[from] item: Leftovers
|upkeep
|turn|33
|
|t:|1615057705
|move|p1a: Ninetales|Freeze-Dry|p2a: Quagsire
|-supereffective|p2a: Quagsire
|-damage|p2a: Quagsire|0 fnt
|faint|p2a: Quagsire
|
|-weather|Hail|[upkeep]
|upkeep
|
|t:|1615057707
|switch|p2a: Amoonguss|Amoonguss, F|100/100
|-damage|p2a: Amoonguss|88/100|[from] Stealth Rock
|turn|34
|
|t:|1615057715
|move|p1a: Ninetales|Freeze-Dry|p2a: Amoonguss
|-supereffective|p2a: Amoonguss
|-damage|p2a: Amoonguss|52/100
|move|p2a: Amoonguss|Giga Drain|p1a: Ninetales
|-damage|p1a: Ninetales|0 fnt
|-heal|p2a: Amoonguss|61/100|[from] drain|[of] p1a: Ninetales
|faint|p1a: Ninetales
|
|-weather|Hail|[upkeep]
|-damage|p2a: Amoonguss|55/100|[from] Hail
|upkeep
|
|t:|1615057717
|switch|p1a: Celesteela|Celesteela|7/100
|turn|35
|
|t:|1615057720
|move|p1a: Celesteela|Air Slash|p2a: Amoonguss
|-supereffective|p2a: Amoonguss
|-damage|p2a: Amoonguss|0 fnt
|faint|p2a: Amoonguss
|
|win|Valiant Hearts
|l|☆Lepoisson is Back
||Ladder (probably) updated, but score could not be retrieved (Request timeout).
|l| DeepGalaxy
