|html|<div class="broadcast-blue"><strong>[Gen 8] UU is currently suspecting Thundurus-T! For information on how to participate check out the <a href="https://www.smogon.com/forums/threads/np-ss-uu-stage-11-boom-clap.3696000/">suspect thread</a>.</strong></div>
|j|☆shebaxz
|j|☆joliemome
|t:|1642185394
|gametype|singles
|player|p1|shebaxz|cynthia|1404
|player|p2|joliemome|beauty-gen4dp|1462
|teamsize|p1|6
|teamsize|p2|6
|gen|8
|tier|[Gen 8] UU
|rated|
|rule|Sleep Clause Mod: Limit one foe put to sleep
|rule|Species Clause: Limit one of each Pokémon
|rule|OHKO Clause: OHKO moves are banned
|rule|Evasion Moves Clause: Evasion moves are banned
|rule|Endless Battle Clause: Forcing endless battles is banned
|rule|HP Percentage Mod: HP is shown in percentages
|rule|Dynamax Clause: You cannot dynamax
|clearpoke
|poke|p1|Incineroar, M|
|poke|p1|Decidueye, F|
|poke|p1|Starmie|
|poke|p1|Mamoswine, M|
|poke|p1|Salamence, M|
|poke|p1|Weezing-Galar, M|
|poke|p2|Obstagoon, F|
|poke|p2|Nihilego|
|poke|p2|Swampert, M|
|poke|p2|Darmanitan, F|
|poke|p2|Tapu Bulu|
|poke|p2|Skarmory, F|
|teampreview
|
|t:|1642185418
|start
|switch|p1a: Incineroar|Incineroar, M|100/100
|switch|p2a: Darmanitan|Darmanitan, F|100/100
|-ability|p1a: Incineroar|Intimidate|boost
|-unboost|p2a: Darmanitan|atk|1
|turn|1
|
|t:|1642185438
|move|p2a: Darmanitan|U-turn|p1a: Incineroar
|-damage|p1a: Incineroar|83/100
|
|t:|1642185442
|switch|p2a: Swampert|Swampert, M|100/100|[from]move: U-turn
|move|p1a: Incineroar|Knock Off|p2a: Swampert
|-damage|p2a: Swampert|64/100
|-enditem|p2a: Swampert|Leftovers|[from] move: Knock Off|[of] p1a: Incineroar
|
|upkeep
|turn|2
|
|t:|1642185452
|move|p1a: Incineroar|Will-O-Wisp|p2a: Swampert
|-status|p2a: Swampert|brn
|move|p2a: Swampert|Flip Turn|p1a: Incineroar
|-supereffective|p1a: Incineroar
|-damage|p1a: Incineroar|60/100
|
|t:|1642185463
|switch|p2a: Nihilego|Nihilego|100/100|[from]move: Flip Turn
|
|upkeep
|turn|3
|
|t:|1642185469
|switch|p1a: Decidueye|Decidueye, F|100/100
|move|p2a: Nihilego|Power Gem|p1a: Decidueye
|-damage|p1a: Decidueye|75/100
|
|upkeep
|turn|4
|
|t:|1642185478
|switch|p2a: Obstagoon|Obstagoon, F|100/100
|move|p1a: Decidueye|Shadow Ball|p2a: Obstagoon
|-immune|p2a: Obstagoon
|
|-status|p2a: Obstagoon|brn|[from] item: Flame Orb
|upkeep
|turn|5
|
|t:|1642185487
|move|p2a: Obstagoon|Knock Off|p1a: Decidueye
|-supereffective|p1a: Decidueye
|-damage|p1a: Decidueye|0 fnt
|-enditem|p1a: Decidueye|Assault Vest|[from] move: Knock Off|[of] p2a: Obstagoon
|faint|p1a: Decidueye
|
|-damage|p2a: Obstagoon|94/100 brn|[from] brn
|upkeep
|
|t:|1642185497
|switch|p1a: Salamence|Salamence, M|100/100
|-ability|p1a: Salamence|Intimidate|boost
|-unboost|p2a: Obstagoon|atk|1
|turn|6
|
|t:|1642185505
|switch|p2a: Swampert|Swampert, M|64/100 brn
|move|p1a: Salamence|Hone Claws|p1a: Salamence
|-boost|p1a: Salamence|atk|1
|-boost|p1a: Salamence|accuracy|1
|
|-damage|p2a: Swampert|58/100 brn|[from] brn
|upkeep
|turn|7
|
|t:|1642185513
|switch|p2a: Skarmory|Skarmory, F|100/100
|move|p1a: Salamence|Dragon Rush|p2a: Skarmory
|-resisted|p2a: Skarmory
|-damage|p2a: Skarmory|76/100
|
|-heal|p2a: Skarmory|82/100|[from] item: Leftovers
|upkeep
|turn|8
|
|t:|1642185522
|move|p1a: Salamence|Stone Edge|p2a: Skarmory
|-damage|p2a: Skarmory|46/100
|move|p2a: Skarmory|Roost|p2a: Skarmory
|-heal|p2a: Skarmory|97/100
|-singleturn|p2a: Skarmory|move: Roost
|
|-heal|p2a: Skarmory|100/100|[from] item: Leftovers
|upkeep
|turn|9
|
|t:|1642185532
|switch|p1a: Weezing|Weezing-Galar, M|100/100
|move|p2a: Skarmory|Iron Defense|p2a: Skarmory
|-boost|p2a: Skarmory|def|2
|
|upkeep
|turn|10
|
|t:|1642185539
|switch|p2a: Swampert|Swampert, M|58/100 brn
|move|p1a: Weezing|Flamethrower|p2a: Swampert
|-resisted|p2a: Swampert
|-damage|p2a: Swampert|53/100 brn
|
|-damage|p2a: Swampert|46/100 brn|[from] brn
|upkeep
|turn|11
|
|t:|1642185549
|move|p2a: Swampert|Stealth Rock|p1a: Weezing
|-sidestart|p1: shebaxz|move: Stealth Rock
|move|p1a: Weezing|Strange Steam|p2a: Swampert
|-damage|p2a: Swampert|28/100 brn
|
|-damage|p2a: Swampert|22/100 brn|[from] brn
|upkeep
|turn|12
|
|t:|1642185558
|move|p1a: Weezing|Strange Steam|p2a: Swampert
|-damage|p2a: Swampert|5/100 brn
|move|p2a: Swampert|Flip Turn|p1a: Weezing
|-damage|p1a: Weezing|93/100
|
|t:|1642185564
|switch|p2a: Nihilego|Nihilego|100/100|[from]move: Flip Turn
|
|-heal|p1a: Weezing|99/100|[from] item: Black Sludge
|upkeep
|turn|13
|
|t:|1642185573
|move|p2a: Nihilego|Meteor Beam||[still]
|-prepare|p2a: Nihilego|Meteor Beam
|-boost|p2a: Nihilego|spa|1
|-enditem|p2a: Nihilego|Power Herb
|-anim|p2a: Nihilego|Meteor Beam|p1a: Weezing
|-damage|p1a: Weezing|0 fnt
|faint|p1a: Weezing
|-ability|p2a: Nihilego|Beast Boost|boost
|-boost|p2a: Nihilego|spe|1
|
|upkeep
|
|t:|1642185582
|switch|p1a: Starmie|Starmie|100/100
|-damage|p1a: Starmie|88/100|[from] Stealth Rock
|turn|14
|
|t:|1642185588
|move|p2a: Nihilego|Sludge Wave|p1a: Starmie
|-damage|p1a: Starmie|0 fnt
|faint|p1a: Starmie
|-ability|p2a: Nihilego|Beast Boost|boost
|-boost|p2a: Nihilego|spe|1
|
|upkeep
|-message|shebaxz forfeited.
|
|win|joliemome
|raw|shebaxz's rating: 1404 &rarr; <strong>1387</strong><br />(-17 for losing)
|raw|joliemome's rating: 1462 &rarr; <strong>1479</strong><br />(+17 for winning)
|l|☆shebaxz
|c|☆joliemome|gg
||Ladder isn't responding, score probably updated but might not have (Request timeout).
