|j|☆H4WT ★
|j|☆BALOOR
|inactive|Battle timer is ON: inactive players will automatically lose when time's up.
|t:|1665874852
|gametype|singles
|player|p1|H4WT ★|nate|
|player|p2|BALOOR|#capplviiisaharajas|
|teamsize|p1|6
|teamsize|p2|6
|gen|8
|tier|[Gen 8] UU
|rated|Tournament battle
|rule|Sleep Clause Mod: Limit one foe put to sleep
|rule|Species Clause: Limit one of each Pokémon
|rule|OHKO Clause: OHKO moves are banned
|rule|Evasion Items Clause: Evasion items are banned
|rule|Evasion Moves Clause: Evasion moves are banned
|rule|Endless Battle Clause: Forcing endless battles is banned
|rule|HP Percentage Mod: HP is shown in percentages
|rule|Dynamax Clause: You cannot dynamax
|clearpoke
|poke|p1|Togekiss, F|
|poke|p1|Jirachi|
|poke|p1|Mandibuzz, F|
|poke|p1|Hippowdon, F|
|poke|p1|Zygarde-10%|
|poke|p1|Slowking, F|
|poke|p2|Registeel|
|poke|p2|Suicune|
|poke|p2|Salamence, F|
|poke|p2|Umbreon, F|
|poke|p2|Tangrowth, M|
|poke|p2|Hippowdon, F|
|teampreview
|j|*Lady Monita ☽
|inactive|H4WT ★ has 120 seconds left.
|inactive|BALOOR has 120 seconds left.
|j| Micciu20250
|c| Micciu20250|for ?
|c| Micciu20250|OOO my god this team
|c| Micciu20250|:sob:
|inactive|BALOOR has 90 seconds left.
|c|☆BALOOR|this is just tours room Micciu20250
|c| Micciu20250|Oo Ok
|c| Micciu20250|gl
|c|☆BALOOR|but i wanted to try some of these
|inactive|H4WT ★ has 90 seconds left.
|c|☆BALOOR|i like stall in UU so this looked cool
|inactive|BALOOR has 60 seconds left.
|c| Micciu20250|yeah i like too
|
|t:|1665874954
|start
|switch|p1a: Hippowdon|Hippowdon, F|100/100
|switch|p2a: AzZoCcX|Hippowdon, F|100/100
|-weather|Sandstorm|[from] ability: Sand Stream|[of] p2a: AzZoCcX
|turn|1
|inactive|BALOOR has 120 seconds left.
|
|t:|1665874961
|move|p2a: AzZoCcX|Toxic|p1a: Hippowdon
|-status|p1a: Hippowdon|tox
|move|p1a: Hippowdon|Toxic|p2a: AzZoCcX|[miss]
|-miss|p1a: Hippowdon|p2a: AzZoCcX
|
|-weather|Sandstorm|[upkeep]
|-damage|p1a: Hippowdon|94/100 tox|[from] psn
|upkeep
|turn|2
|
|t:|1665874967
|move|p2a: AzZoCcX|Stealth Rock|p1a: Hippowdon
|-sidestart|p1: H4WT ★|move: Stealth Rock
|move|p1a: Hippowdon|Stealth Rock|p2a: AzZoCcX
|-sidestart|p2: BALOOR|move: Stealth Rock
|
|-weather|Sandstorm|[upkeep]
|-heal|p1a: Hippowdon|100/100 tox|[from] item: Leftovers
|-damage|p1a: Hippowdon|88/100 tox|[from] psn
|upkeep
|turn|3
|inactive|BALOOR has 120 seconds left.
|
|t:|1665874984
|switch|p2a: Congelo|Registeel|100/100
|-damage|p2a: Congelo|94/100|[from] Stealth Rock
|switch|p1a: Sean Kingstone|Slowking, F, shiny|100/100
|-damage|p1a: Sean Kingstone|88/100|[from] Stealth Rock
|
|-weather|Sandstorm|[upkeep]
|-damage|p1a: Sean Kingstone|82/100|[from] Sandstorm
|upkeep
|turn|4
|inactive|BALOOR has 120 seconds left.
|
|t:|1665874995
|move|p2a: Congelo|Amnesia|p2a: Congelo
|-boost|p2a: Congelo|spd|2
|move|p1a: Sean Kingstone|Teleport|p1a: Sean Kingstone
|
|t:|1665875017
|switch|p1a: What the dog doin?|Zygarde-10%|100/100|[from]move: Teleport
|-damage|p1a: What the dog doin?|94/100|[from] Stealth Rock
|-ability|p1a: What the dog doin?|Aura Break
|
|-weather|Sandstorm|[upkeep]
|upkeep
|turn|5
|
|t:|1665875031
|switch|p2a: Inder Le Cover|Tangrowth, M|100/100
|-damage|p2a: Inder Le Cover|88/100|[from] Stealth Rock
|move|p1a: What the dog doin?|Thousand Arrows|p2a: Inder Le Cover
|-resisted|p2a: Inder Le Cover
|-damage|p2a: Inder Le Cover|69/100
|
|-weather|none
|upkeep
|turn|6
|
|t:|1665875043
|switch|p1a: Mandibuzz|Mandibuzz, F|100/100
|move|p2a: Inder Le Cover|Knock Off|p1a: Mandibuzz
|-resisted|p1a: Mandibuzz
|-damage|p1a: Mandibuzz|94/100
|-enditem|p1a: Mandibuzz|Heavy-Duty Boots|[from] move: Knock Off|[of] p2a: Inder Le Cover
|
|upkeep
|turn|7
|
|t:|1665875062
|switch|p2a: Basa Pour toi|Suicune|100/100
|-damage|p2a: Basa Pour toi|88/100|[from] Stealth Rock
|-ability|p2a: Basa Pour toi|Pressure
|move|p1a: Mandibuzz|U-turn|p2a: Basa Pour toi
|-damage|p2a: Basa Pour toi|81/100
|
|t:|1665875069
|switch|p1a: Flying Cotton|Togekiss, F, shiny|100/100|[from]move: U-turn
|
|-heal|p2a: Basa Pour toi|87/100|[from] item: Leftovers
|upkeep
|turn|8
|
|t:|1665875073
|move|p1a: Flying Cotton|Nasty Plot|p1a: Flying Cotton
|-boost|p1a: Flying Cotton|spa|2
|move|p2a: Basa Pour toi|Substitute|p2a: Basa Pour toi
|-start|p2a: Basa Pour toi|Substitute
|-damage|p2a: Basa Pour toi|62/100
|
|-heal|p2a: Basa Pour toi|68/100|[from] item: Leftovers
|upkeep
|turn|9
|
|t:|1665875080
|move|p1a: Flying Cotton|Nasty Plot|p1a: Flying Cotton
|-boost|p1a: Flying Cotton|spa|2
|move|p2a: Basa Pour toi|Calm Mind|p2a: Basa Pour toi
|-boost|p2a: Basa Pour toi|spa|1
|-boost|p2a: Basa Pour toi|spd|1
|
|-heal|p2a: Basa Pour toi|74/100|[from] item: Leftovers
|upkeep
|turn|10
|
|t:|1665875082
|move|p1a: Flying Cotton|Air Slash|p2a: Basa Pour toi
|-end|p2a: Basa Pour toi|Substitute
|move|p2a: Basa Pour toi|Calm Mind|p2a: Basa Pour toi
|-boost|p2a: Basa Pour toi|spa|1
|-boost|p2a: Basa Pour toi|spd|1
|
|-heal|p2a: Basa Pour toi|80/100|[from] item: Leftovers
|upkeep
|turn|11
|
|t:|1665875086
|move|p1a: Flying Cotton|Air Slash|p2a: Basa Pour toi
|-damage|p2a: Basa Pour toi|44/100
|cant|p2a: Basa Pour toi|flinch
|
|-heal|p2a: Basa Pour toi|50/100|[from] item: Leftovers
|upkeep
|turn|12
|
|t:|1665875089
|move|p2a: Basa Pour toi|Protect|p2a: Basa Pour toi
|-singleturn|p2a: Basa Pour toi|Protect
|move|p1a: Flying Cotton|Nasty Plot|p1a: Flying Cotton
|-boost|p1a: Flying Cotton|spa|2
|
|-heal|p2a: Basa Pour toi|56/100|[from] item: Leftovers
|upkeep
|turn|13
|
|t:|1665875094
|move|p1a: Flying Cotton|Air Slash|p2a: Basa Pour toi
|-damage|p2a: Basa Pour toi|14/100
|move|p2a: Basa Pour toi|Scald|p1a: Flying Cotton
|-damage|p1a: Flying Cotton|59/100
|
|-heal|p2a: Basa Pour toi|20/100|[from] item: Leftovers
|upkeep
|turn|14
|
|t:|1665875099
|move|p2a: Basa Pour toi|Protect|p2a: Basa Pour toi
|-singleturn|p2a: Basa Pour toi|Protect
|move|p1a: Flying Cotton|Air Slash|p2a: Basa Pour toi
|-activate|p2a: Basa Pour toi|move: Protect
|
|-heal|p2a: Basa Pour toi|26/100|[from] item: Leftovers
|upkeep
|turn|15
|
|t:|1665875119
|move|p1a: Flying Cotton|Air Slash|p2a: Basa Pour toi
|-damage|p2a: Basa Pour toi|0 fnt
|faint|p2a: Basa Pour toi
|
|upkeep
|inactive|BALOOR has 120 seconds left.
|
|t:|1665875138
|switch|p2a: Mimilucha|Salamence, F|100/100
|-ability|p2a: Mimilucha|Intimidate|boost
|-unboost|p1a: Flying Cotton|atk|1
|turn|16
|
|t:|1665875142
|move|p2a: Mimilucha|Hurricane|p1a: Flying Cotton
|-damage|p1a: Flying Cotton|26/100
|move|p1a: Flying Cotton|Air Slash|p2a: Mimilucha
|-damage|p2a: Mimilucha|0 fnt
|faint|p2a: Mimilucha
|
|upkeep
|
|t:|1665875148
|switch|p2a: Congelo|Registeel|94/100
|-damage|p2a: Congelo|88/100|[from] Stealth Rock
|turn|17
|
|t:|1665875151
|move|p1a: Flying Cotton|Air Slash|p2a: Congelo
|-resisted|p2a: Congelo
|-damage|p2a: Congelo|48/100
|cant|p2a: Congelo|flinch
|
|upkeep
|turn|18
|
|t:|1665875156
|move|p1a: Flying Cotton|Air Slash|p2a: Congelo
|-resisted|p2a: Congelo
|-damage|p2a: Congelo|10/100
|move|p2a: Congelo|Rest|p2a: Congelo
|-status|p2a: Congelo|slp|[from] move: Rest
|-heal|p2a: Congelo|100/100 slp|[silent]
|-enditem|p2a: Congelo|Chesto Berry|[eat]
|-curestatus|p2a: Congelo|slp|[msg]
|
|upkeep
|turn|19
|
|t:|1665875160
|move|p1a: Flying Cotton|Air Slash|p2a: Congelo
|-resisted|p2a: Congelo
|-crit|p2a: Congelo
|-damage|p2a: Congelo|39/100
|cant|p2a: Congelo|flinch
|
|upkeep
|turn|20
|c|☆BALOOR|Micciu20250 i got a bad mu
|
|t:|1665875184
|move|p1a: Flying Cotton|Air Slash|p2a: Congelo
|-resisted|p2a: Congelo
|-damage|p2a: Congelo|0 fnt
|faint|p2a: Congelo
|
|upkeep
|c| Micciu20250|lmaoo yes
|
|t:|1665875191
|switch|p2a: Otaku|Umbreon, F|100/100
|-damage|p2a: Otaku|88/100|[from] Stealth Rock
|turn|21
|
|t:|1665875193
|move|p1a: Flying Cotton|Roost|p1a: Flying Cotton
|-heal|p1a: Flying Cotton|76/100
|-singleturn|p1a: Flying Cotton|move: Roost
|move|p2a: Otaku|Wish|p2a: Otaku
|
|-heal|p2a: Otaku|94/100|[from] item: Leftovers
|upkeep
|turn|22
|
|t:|1665875198
|move|p1a: Flying Cotton|Air Slash|p2a: Otaku
|-damage|p2a: Otaku|14/100
|move|p2a: Otaku|Foul Play|p1a: Flying Cotton
|-resisted|p1a: Flying Cotton
|-damage|p1a: Flying Cotton|72/100
|
|-heal|p2a: Otaku|64/100|[from] move: Wish|[wisher] Otaku
|-heal|p2a: Otaku|70/100|[from] item: Leftovers
|upkeep
|turn|23
|
|t:|1665875203
|move|p1a: Flying Cotton|Air Slash|p2a: Otaku
|-damage|p2a: Otaku|0 fnt
|faint|p2a: Otaku
|
|upkeep
|c|☆H4WT ★|gg
|c|☆BALOOR|lol
|l| Micciu20250
|
|t:|1665875213
|switch|p2a: AzZoCcX|Hippowdon, F|100/100
|-damage|p2a: AzZoCcX|94/100|[from] Stealth Rock
|-weather|Sandstorm|[from] ability: Sand Stream|[of] p2a: AzZoCcX
|turn|24
|
|t:|1665875216
|move|p1a: Flying Cotton|Air Slash|p2a: AzZoCcX|[miss]
|-miss|p1a: Flying Cotton|p2a: AzZoCcX
|move|p2a: AzZoCcX|Toxic|p1a: Flying Cotton
|-status|p1a: Flying Cotton|tox
|
|-weather|Sandstorm|[upkeep]
|-damage|p1a: Flying Cotton|66/100 tox|[from] Sandstorm
|-heal|p2a: AzZoCcX|100/100|[from] item: Leftovers
|-damage|p1a: Flying Cotton|60/100 tox|[from] psn
|upkeep
|turn|25
|
|t:|1665875219
|move|p1a: Flying Cotton|Air Slash|p2a: AzZoCcX
|-damage|p2a: AzZoCcX|0 fnt
|faint|p2a: AzZoCcX
|
|-weather|Sandstorm|[upkeep]
|-damage|p1a: Flying Cotton|54/100 tox|[from] Sandstorm
|-damage|p1a: Flying Cotton|41/100 tox|[from] psn
|upkeep
|
|t:|1665875221
|switch|p2a: Inder Le Cover|Tangrowth, M|100/100
|-damage|p2a: Inder Le Cover|88/100|[from] Stealth Rock
|turn|26
|
|t:|1665875224
|move|p1a: Flying Cotton|Air Slash|p2a: Inder Le Cover
|-supereffective|p2a: Inder Le Cover
|-damage|p2a: Inder Le Cover|0 fnt
|faint|p2a: Inder Le Cover
|
|win|H4WT ★
|n|☆H4WT ★|h4wt
|n|☆BALOOR|baloor
|n|*Lady Monita ☽|ladymonita
|l|*Lady Monita ☽
|l|☆BALOOR
|l|☆H4WT ★
|j|☆H4WT ★
|player|p1|H4WT ★|nate
