|j|☆Low Ladder Terror
|j|☆Totem skarm
|t:|1605143102
|player|p1|Low Ladder Terror|iris-gen5bw2|1585
|player|p2|Totem skarm|youngster-gen7|1465
|teamsize|p1|6
|teamsize|p2|6
|gametype|singles
|gen|8
|tier|[Gen 8] UU
|rated|
|clearpoke
|poke|p1|Scyther, F|
|poke|p1|Scolipede, F|
|poke|p1|Magnezone|
|poke|p1|Krookodile, M|
|poke|p1|Latias, F|
|poke|p1|Azumarill, F|
|poke|p2|Necrozma|
|poke|p2|Keldeo-Resolute|
|poke|p2|Decidueye, M|
|poke|p2|Steelix, M|
|poke|p2|Slowking-Galar, M|
|poke|p2|Rotom-Heat|
|rule|Sleep Clause Mod: Limit one foe put to sleep
|rule|Species Clause: Limit one of each Pokémon
|rule|OHKO Clause: OHKO moves are banned
|rule|Evasion Moves Clause: Evasion moves are banned
|rule|Endless Battle Clause: Forcing endless battles is banned
|rule|HP Percentage Mod: HP is shown in percentages
|rule|Dynamax Clause: You cannot dynamax
|teampreview
|inactive|Battle timer is ON: inactive players will automatically lose when time's up. (requested by Low Ladder Terror)
|j| Ivan Sv
|
|t:|1605143125
|start
|switch|p1a: Krookodile|Krookodile, M|100/100
|switch|p2a: Keldeo|Keldeo-Resolute|100/100
|-ability|p1a: Krookodile|Intimidate|boost
|-unboost|p2a: Keldeo|atk|1
|turn|1
|
|t:|1605143135
|switch|p1a: Latias|Latias, F|100/100
|move|p2a: Keldeo|Scald|p1a: Latias
|-resisted|p1a: Latias
|-damage|p1a: Latias|73/100
|
|upkeep
|turn|2
|
|t:|1605143141
|switch|p1a: Krookodile|Krookodile, M|100/100
|-ability|p1a: Krookodile|Intimidate|boost
|-unboost|p2a: Keldeo|atk|1
|switch|p2a: Steelix|Steelix, M|100/100
|
|upkeep
|turn|3
|
|t:|1605143148
|move|p1a: Krookodile|Taunt|p2a: Steelix
|-start|p2a: Steelix|move: Taunt
|move|p2a: Steelix|Body Press|p1a: Krookodile
|-supereffective|p1a: Krookodile
|-damage|p1a: Krookodile|23/100
|-damage|p2a: Steelix|84/100|[from] item: Rocky Helmet|[of] p1a: Krookodile
|
|-heal|p2a: Steelix|90/100|[from] item: Leftovers
|upkeep
|turn|4
|
|t:|1605143153
|move|p1a: Krookodile|Stealth Rock|p2a: Steelix
|-sidestart|p2: Totem skarm|move: Stealth Rock
|move|p2a: Steelix|Body Press|p1a: Krookodile
|-supereffective|p1a: Krookodile
|-damage|p1a: Krookodile|0 fnt
|-damage|p2a: Steelix|73/100|[from] item: Rocky Helmet|[of] p1a: Krookodile
|faint|p1a: Krookodile
|
|-heal|p2a: Steelix|80/100|[from] item: Leftovers
|upkeep
|
|t:|1605143161
|switch|p1a: Azumarill|Azumarill, F|100/100
|turn|5
|
|t:|1605143165
|move|p1a: Azumarill|Liquidation|p2a: Steelix
|-supereffective|p2a: Steelix
|-damage|p2a: Steelix|0 fnt
|faint|p2a: Steelix
|
|upkeep
|
|t:|1605143169
|switch|p2a: Decidueye|Decidueye, M|100/100
|turn|6
|
|t:|1605143176
|switch|p1a: Magnezone|Magnezone|100/100
|move|p2a: Decidueye|Defog|p1a: Magnezone
|-unboost|p1a: Magnezone|evasion|1
|-sideend|p2: Totem skarm|Stealth Rock|[from] move: Defog|[of] p2a: Decidueye
|
|upkeep
|turn|7
|
|t:|1605143185
|move|p1a: Magnezone|Volt Switch|p2a: Decidueye
|-resisted|p2a: Decidueye
|-damage|p2a: Decidueye|67/100
|
|t:|1605143191
|switch|p1a: Scyther|Scyther, F, shiny|100/100|[from]move: Volt Switch
|move|p2a: Decidueye|Poltergeist|p1a: Scyther
|-activate|p1a: Scyther|move: Poltergeist|Heavy-Duty Boots
|-damage|p1a: Scyther|26/100
|
|upkeep
|turn|8
|
|t:|1605143201
|move|p2a: Decidueye|Shadow Sneak|p1a: Scyther
|-damage|p1a: Scyther|0 fnt
|faint|p1a: Scyther
|
|upkeep
|
|t:|1605143218
|switch|p1a: Scolipede|Scolipede, F, shiny|100/100
|turn|9
|
|t:|1605143241
|switch|p2a: Rotom|Rotom-Heat|100/100
|move|p1a: Scolipede|Megahorn|p2a: Rotom
|-resisted|p2a: Rotom
|-damage|p2a: Rotom|81/100
|
|-ability|p1a: Scolipede|Speed Boost|boost
|-boost|p1a: Scolipede|spe|1
|upkeep
|turn|10
|
|t:|1605143249
|move|p1a: Scolipede|Swords Dance|p1a: Scolipede
|-boost|p1a: Scolipede|atk|2
|move|p2a: Rotom|Volt Switch|p1a: Scolipede
|-damage|p1a: Scolipede|56/100
|
|t:|1605143258
|switch|p2a: Slowking|Slowking-Galar, M|100/100|[from]move: Volt Switch
|
|-ability|p1a: Scolipede|Speed Boost|boost
|-boost|p1a: Scolipede|spe|1
|upkeep
|turn|11
|c| Ivan Sv|no way u drop
|c|☆Totem skarm|ya 0 chance
|c|☆Totem skarm|lol
|inactive|Low Ladder Terror has 120 seconds left.
|c| Ivan Sv|non stab non lo eq
|c| Ivan Sv|ur full ohys
|c| Ivan Sv|phys
|c| Ivan Sv|right
|c|☆Totem skarm|mixed
|c| Ivan Sv|o
|c| Ivan Sv|prob roll
|inactive|Low Ladder Terror has 90 seconds left.
|c|☆Totem skarm|y
|
|t:|1605143327
|move|p1a: Scolipede|Earthquake|p2a: Slowking
|-supereffective|p2a: Slowking
|-damage|p2a: Slowking|20/100
|move|p2a: Slowking|Psyshock|p1a: Scolipede
|-supereffective|p1a: Scolipede
|-damage|p1a: Scolipede|0 fnt
|faint|p1a: Scolipede
|
|-heal|p2a: Slowking|26/100|[from] item: Black Sludge
|upkeep
|c| Ivan Sv|lololol
|c|☆Low Ladder Terror|the one phys def slowking
|inactive|Low Ladder Terror has 60 seconds left.
|c|☆Low Ladder Terror|i swear bruh
|c|☆Totem skarm|it's not full phys
|c| Ivan Sv|it’s cm
|
|t:|1605143369
|switch|p1a: Magnezone|Magnezone|100/100
|turn|12
|c| Ivan Sv|that’s why it has def evs
|
|t:|1605143376
|switch|p2a: Rotom|Rotom-Heat|81/100
|move|p1a: Magnezone|Volt Switch|p2a: Rotom
|-resisted|p2a: Rotom
|-damage|p2a: Rotom|50/100
|
|t:|1605143396
|switch|p1a: Latias|Latias, F|73/100|[from]move: Volt Switch
|
|upkeep
|turn|13
|
|t:|1605143401
|move|p1a: Latias|Draco Meteor|p2a: Rotom
|-damage|p2a: Rotom|0 fnt
|-unboost|p1a: Latias|spa|2
|faint|p2a: Rotom
|
|upkeep
|
|t:|1605143402
|switch|p2a: Necrozma|Necrozma|100/100
|turn|14
|inactive|Low Ladder Terror has 60 seconds left.
|inactive|Low Ladder Terror has 30 seconds left.
|
|t:|1605143447
|switch|p1a: Azumarill|Azumarill, F|100/100
|move|p2a: Necrozma|Photon Geyser|p1a: Azumarill
|-damage|p1a: Azumarill|41/100
|
|upkeep
|turn|15
|c| Ivan Sv|yessir
|inactive|Low Ladder Terror has 30 seconds left.
|
|t:|1605143470
|switch|p1a: Latias|Latias, F|73/100
|move|p2a: Necrozma|Earthquake|p1a: Latias
|-immune|p1a: Latias|[from] ability: Levitate
|
|upkeep
|turn|16
|
|t:|1605143485
|switch|p2a: Slowking|Slowking-Galar, M|60/100
|move|p1a: Latias|Draco Meteor|p2a: Slowking
|-damage|p2a: Slowking|11/100
|-unboost|p1a: Latias|spa|2
|
|-heal|p2a: Slowking|17/100|[from] item: Black Sludge
|upkeep
|turn|17
|
|t:|1605143493
|move|p1a: Latias|Draco Meteor|p2a: Slowking
|-damage|p2a: Slowking|0 fnt
|-unboost|p1a: Latias|spa|2
|faint|p2a: Slowking
|
|upkeep
|
|t:|1605143495
|switch|p2a: Necrozma|Necrozma|100/100
|turn|18
|inactive|Low Ladder Terror has 60 seconds left.
|
|t:|1605143512
|switch|p1a: Magnezone|Magnezone|100/100
|move|p2a: Necrozma|Dragon Dance|p2a: Necrozma
|-boost|p2a: Necrozma|atk|1
|-boost|p2a: Necrozma|spe|1
|
|upkeep
|turn|19
|
|t:|1605143519
|switch|p1a: Latias|Latias, F|73/100
|move|p2a: Necrozma|Earthquake|p1a: Latias
|-immune|p1a: Latias|[from] ability: Levitate
|
|upkeep
|turn|20
|inactive|Low Ladder Terror has 60 seconds left.
|
|t:|1605143529
|move|p1a: Latias|Draco Meteor|p2a: Necrozma
|-damage|p2a: Necrozma|33/100
|-unboost|p1a: Latias|spa|2
|move|p2a: Necrozma|X-Scissor|p1a: Latias
|-supereffective|p1a: Latias
|-damage|p1a: Latias|0 fnt
|faint|p1a: Latias
|
|upkeep
|inactive|Low Ladder Terror has 60 seconds left.
|
|t:|1605143535
|switch|p1a: Azumarill|Azumarill, F|41/100
|turn|21
|
|t:|1605143539
|move|p1a: Azumarill|Aqua Jet|p2a: Necrozma
|-damage|p2a: Necrozma|0 fnt
|faint|p2a: Necrozma
|
|upkeep
|
|t:|1605143543
|switch|p2a: Decidueye|Decidueye, M|67/100
|turn|22
|
|t:|1605143551
|switch|p1a: Magnezone|Magnezone|100/100
|move|p2a: Decidueye|Poltergeist|p1a: Magnezone
|-activate|p1a: Magnezone|move: Poltergeist|Choice Specs
|-damage|p1a: Magnezone|39/100
|
|upkeep
|turn|23
|c| Ivan Sv|o
|c|☆Totem skarm|gg if i hit.
|c| Ivan Sv|xd
|c| Ivan Sv|wasnt keld always the play
|
|t:|1605143572
|move|p1a: Magnezone|Flash Cannon|p2a: Decidueye
|-damage|p2a: Decidueye|0 fnt
|faint|p2a: Decidueye
|
|upkeep
|
|t:|1605143578
|switch|p2a: Keldeo|Keldeo-Resolute|100/100
|turn|24
|
|t:|1605143583
|move|p2a: Keldeo|Hydro Pump|p1a: Magnezone
|-damage|p1a: Magnezone|0 fnt
|faint|p1a: Magnezone
|
|upkeep
|c|☆Totem skarm|gonna have to hit twice
|
|t:|1605143586
|switch|p1a: Azumarill|Azumarill, F|41/100
|turn|25
|
|t:|1605143589
|move|p2a: Keldeo|Hydro Pump|p1a: Azumarill
|-resisted|p1a: Azumarill
|-damage|p1a: Azumarill|0 fnt
|faint|p1a: Azumarill
|
|win|Totem skarm
|c|☆Low Ladder Terror|gg
|c|☆Totem skarm|ggwp
|l|☆Low Ladder Terror
|l| Ivan Sv
||Ladder (probably) updated, but score could not be retrieved (Request timeout).
