|j|☆Mimilucha
|j|☆HaxxLR
|t:|1661544850
|gametype|singles
|player|p1|Mimilucha|ethan-masters|
|player|p2|HaxxLR|grimsley|
|teamsize|p1|6
|teamsize|p2|6
|gen|8
|tier|[Gen 8] UU
|rule|Sleep Clause Mod: Limit one foe put to sleep
|rule|Species Clause: Limit one of each Pokémon
|rule|OHKO Clause: OHKO moves are banned
|rule|Evasion Items Clause: Evasion items are banned
|rule|Evasion Moves Clause: Evasion moves are banned
|rule|Endless Battle Clause: Forcing endless battles is banned
|rule|HP Percentage Mod: HP is shown in percentages
|rule|Dynamax Clause: You cannot dynamax
|clearpoke
|poke|p1|Zygarde-10%|
|poke|p1|Skarmory, F|
|poke|p1|Nihilego|
|poke|p1|Slowking, M|
|poke|p1|Zarude|
|poke|p1|Thundurus-Therian, M|
|poke|p2|Salazzle, F|
|poke|p2|Mamoswine, F|
|poke|p2|Tangrowth, M|
|poke|p2|Cobalion|
|poke|p2|Salamence, F|
|poke|p2|Slowking, F|
|teampreview
|inactive|Battle timer is ON: inactive players will automatically lose when time's up. (requested by Mimilucha)
|c|☆HaxxLR|hf
|j| VideoGameWACKO
|c|☆Mimilucha|hf
|inactive|Mimilucha has 270 seconds left.
|inactive|HaxxLR has 270 seconds left.
|j| Joya
|j| AmyQuaris
|j| Ryuji-Sensei
|inactive|Mimilucha has 240 seconds left.
|inactive|HaxxLR has 240 seconds left.
|j| Draph
|inactive|Mimilucha has 210 seconds left.
|inactive|HaxxLR has 210 seconds left.
|inactive|HaxxLR has 180 seconds left.
|
|t:|1661544990
|start
|switch|p1a: Skarmory|Skarmory, F|100/100
|switch|p2a: Cobalion|Cobalion|100/100
|turn|1
|j| It go it go
|inactive|HaxxLR has 210 seconds left.
|j| BimbelyGimbly
|
|t:|1661545023
|move|p2a: Cobalion|Stealth Rock|p1a: Skarmory
|-sidestart|p1: Mimilucha|move: Stealth Rock
|move|p1a: Skarmory|Spikes|p2a: Cobalion
|-sidestart|p2: HaxxLR|Spikes
|
|upkeep
|turn|2
|inactive|HaxxLR has 210 seconds left.
|
|t:|1661545044
|switch|p2a: Salamence|Salamence, F|100/100
|-ability|p2a: Salamence|Intimidate|boost
|-unboost|p1a: Skarmory|atk|1
|move|p1a: Skarmory|Roost||[still]
|-fail|p1a: Skarmory|heal
|
|upkeep
|turn|3
|l| Draph
|
|t:|1661545071
|switch|p2a: Cobalion|Cobalion|100/100
|-damage|p2a: Cobalion|88/100|[from] Spikes
|switch|p1a: Slowking|Slowking, M|100/100
|-damage|p1a: Slowking|88/100|[from] Stealth Rock
|
|upkeep
|turn|4
|j| Draph
|inactive|HaxxLR has 180 seconds left.
|
|t:|1661545091
|move|p2a: Cobalion|Toxic|p1a: Slowking
|-status|p1a: Slowking|tox
|move|p1a: Slowking|Scald|p2a: Cobalion
|-crit|p2a: Cobalion
|-damage|p2a: Cobalion|27/100
|
|-damage|p1a: Slowking|82/100 tox|[from] psn
|upkeep
|turn|5
|inactive|HaxxLR has 180 seconds left.
|l| It go it go
|j| oh le tier
|inactive|HaxxLR has 150 seconds left.
|
|t:|1661545127
|move|p2a: Cobalion|Volt Switch|p1a: Slowking
|-supereffective|p1a: Slowking
|-damage|p1a: Slowking|64/100 tox
|inactive|HaxxLR has 150 seconds left.
|
|t:|1661545161
|switch|p2a: Tangrowth|Tangrowth, M|100/100|[from]move: Volt Switch
|-damage|p2a: Tangrowth|88/100|[from] Spikes
|move|p1a: Slowking|Teleport|p1a: Slowking
|l| BimbelyGimbly
|inactive|Mimilucha has 270 seconds left.
|
|t:|1661545182
|switch|p1a: Zarude|Zarude|100/100|[from]move: Teleport
|
|upkeep
|turn|6
|inactive|HaxxLR has 120 seconds left.
|inactive|HaxxLR has 90 seconds left.
|
|t:|1661545237
|move|p1a: Zarude|U-turn|p2a: Tangrowth
|-supereffective|p2a: Tangrowth
|-damage|p2a: Tangrowth|60/100
|
|t:|1661545240
|switch|p1a: Skarmory|Skarmory, F|100/100|[from]move: U-turn
|-damage|p1a: Skarmory|88/100|[from] Stealth Rock
|move|p2a: Tangrowth|Earthquake|p1a: Skarmory
|-immune|p1a: Skarmory
|
|upkeep
|turn|7
|inactive|HaxxLR has 90 seconds left.
|
|t:|1661545257
|switch|p2a: Salazzle|Salazzle, F|100/100
|move|p1a: Skarmory|Spikes|p2a: Salazzle
|-sidestart|p2: HaxxLR|Spikes
|
|upkeep
|turn|8
|
|t:|1661545264
|switch|p1a: Slowking|Slowking, M|97/100 tox
|-damage|p1a: Slowking|85/100 tox|[from] Stealth Rock
|move|p2a: Salazzle|Overheat|p1a: Slowking
|-resisted|p1a: Slowking
|-damage|p1a: Slowking|63/100 tox
|-unboost|p2a: Salazzle|spa|2
|
|-damage|p1a: Slowking|57/100 tox|[from] psn
|upkeep
|turn|9
|inactive|HaxxLR has 90 seconds left.
|
|t:|1661545285
|switch|p2a: Tangrowth|Tangrowth, M|94/100
|-damage|p2a: Tangrowth|77/100|[from] Spikes
|move|p1a: Slowking|Teleport|p1a: Slowking
|
|t:|1661545302
|switch|p1a: Zarude|Zarude|100/100|[from]move: Teleport
|
|upkeep
|turn|10
|inactive|HaxxLR has 90 seconds left.
|
|t:|1661545316
|switch|p2a: Cobalion|Cobalion|27/100
|-damage|p2a: Cobalion|10/100|[from] Spikes
|move|p1a: Zarude|U-turn|p2a: Cobalion
|-resisted|p2a: Cobalion
|-damage|p2a: Cobalion|5/100
|-damage|p1a: Zarude|84/100|[from] item: Rocky Helmet|[of] p2a: Cobalion
|
|t:|1661545322
|switch|p1a: Zygarde|Zygarde-10%|100/100|[from]move: U-turn
|-damage|p1a: Zygarde|94/100|[from] Stealth Rock
|-ability|p1a: Zygarde|Aura Break
|
|upkeep
|turn|11
|
|t:|1661545332
|move|p1a: Zygarde|Thousand Arrows|p2a: Cobalion
|-supereffective|p2a: Cobalion
|-damage|p2a: Cobalion|0 fnt
|faint|p2a: Cobalion
|
|upkeep
|
|t:|1661545337
|switch|p2a: Mamoswine|Mamoswine, F|100/100
|-damage|p2a: Mamoswine|84/100|[from] Spikes
|turn|12
|inactive|Mimilucha has 270 seconds left.
|
|t:|1661545367
|move|p1a: Zygarde|Thousand Arrows|p2a: Mamoswine
|-damage|p2a: Mamoswine|20/100
|move|p2a: Mamoswine|Earthquake|p1a: Zygarde
|-crit|p1a: Zygarde
|-damage|p1a: Zygarde|0 fnt
|faint|p1a: Zygarde
|
|upkeep
|inactive|Mimilucha has 270 seconds left.
|
|t:|1661545379
|switch|p1a: Nihilego|Nihilego|100/100
|-damage|p1a: Nihilego|88/100|[from] Stealth Rock
|turn|13
|inactive|HaxxLR has 90 seconds left.
|
|t:|1661545419
|move|p2a: Mamoswine|Ice Shard|p1a: Nihilego
|-damage|p1a: Nihilego|44/100
|move|p1a: Nihilego|Power Gem|p2a: Mamoswine
|-damage|p2a: Mamoswine|0 fnt
|faint|p2a: Mamoswine
|-ability|p1a: Nihilego|Beast Boost|boost
|-boost|p1a: Nihilego|spe|1
|
|-heal|p1a: Nihilego|50/100|[from] item: Black Sludge
|upkeep
|
|t:|1661545425
|switch|p2a: Slowking|Slowking, F|100/100
|-damage|p2a: Slowking|84/100|[from] Spikes
|turn|14
|inactive|HaxxLR has 90 seconds left.
|
|t:|1661545430
|switch|p1a: Slowking|Slowking, M|90/100 tox
|-damage|p1a: Slowking|77/100 tox|[from] Stealth Rock
|move|p2a: Slowking|Psychic|p1a: Slowking
|-resisted|p1a: Slowking
|-damage|p1a: Slowking|66/100 tox
|
|-damage|p1a: Slowking|60/100 tox|[from] psn
|upkeep
|turn|15
|inactive|HaxxLR has 90 seconds left.
|
|t:|1661545441
|move|p1a: Slowking|Teleport|p1a: Slowking
|
|t:|1661545445
|switch|p1a: Thundurus|Thundurus-Therian, M|100/100|[from]move: Teleport
|move|p2a: Slowking|Teleport|p2a: Slowking
|inactive|HaxxLR has 90 seconds left.
|
|t:|1661545479
|switch|p2a: Salamence|Salamence, F|100/100|[from]move: Teleport
|-ability|p2a: Salamence|Intimidate|boost
|-unboost|p1a: Thundurus|atk|1
|
|upkeep
|turn|16
|
|t:|1661545489
|move|p1a: Thundurus|Volt Switch|p2a: Salamence
|-damage|p2a: Salamence|61/100
|
|t:|1661545494
|switch|p1a: Slowking|Slowking, M|93/100 tox|[from]move: Volt Switch
|-damage|p1a: Slowking|80/100 tox|[from] Stealth Rock
|move|p2a: Salamence|Dual Wingbeat|p1a: Slowking
|-damage|p1a: Slowking|66/100 tox
|-damage|p1a: Slowking|52/100 tox
|-hitcount|p1a: Slowking|2
|
|-damage|p1a: Slowking|46/100 tox|[from] psn
|upkeep
|turn|17
|
|t:|1661545506
|move|p2a: Salamence|Roost|p2a: Salamence
|-heal|p2a: Salamence|100/100
|-singleturn|p2a: Salamence|move: Roost
|move|p1a: Slowking|Slack Off|p1a: Slowking
|-heal|p1a: Slowking|96/100 tox
|
|-damage|p1a: Slowking|84/100 tox|[from] psn
|upkeep
|turn|18
|
|t:|1661545523
|switch|p2a: Tangrowth|Tangrowth, M|100/100
|-damage|p2a: Tangrowth|84/100|[from] Spikes
|move|p1a: Slowking|Teleport|p1a: Slowking
|
|t:|1661545529
|switch|p1a: Zarude|Zarude|84/100|[from]move: Teleport
|
|upkeep
|turn|19
|
|t:|1661545536
|move|p1a: Zarude|U-turn|p2a: Tangrowth
|-supereffective|p2a: Tangrowth
|-damage|p2a: Tangrowth|57/100
|
|t:|1661545539
|switch|p1a: Skarmory|Skarmory, F|88/100|[from]move: U-turn
|-damage|p1a: Skarmory|76/100|[from] Stealth Rock
|move|p2a: Tangrowth|Sludge Bomb|p1a: Skarmory
|-immune|p1a: Skarmory
|
|upkeep
|turn|20
|inactive|HaxxLR has 90 seconds left.
|
|t:|1661545560
|switch|p2a: Salazzle|Salazzle, F|100/100
|move|p1a: Skarmory|Spikes|p2a: Salazzle
|-sidestart|p2: HaxxLR|Spikes
|
|upkeep
|turn|21
|inactive|HaxxLR has 60 seconds left.
|
|t:|1661545609
|switch|p1a: Slowking|Slowking, M|100/100 tox
|-damage|p1a: Slowking|88/100 tox|[from] Stealth Rock
|move|p2a: Salazzle|Sludge Wave|p1a: Slowking
|-damage|p1a: Slowking|55/100 tox
|
|-damage|p1a: Slowking|49/100 tox|[from] psn
|upkeep
|turn|22
|
|t:|1661545618
|switch|p2a: Tangrowth|Tangrowth, M|90/100
|-damage|p2a: Tangrowth|65/100|[from] Spikes
|move|p1a: Slowking|Slack Off|p1a: Slowking
|-heal|p1a: Slowking|99/100 tox
|
|-damage|p1a: Slowking|87/100 tox|[from] psn
|upkeep
|turn|23
|inactive|HaxxLR has 30 seconds left.
|
|t:|1661545649
|switch|p1a: Skarmory|Skarmory, F|76/100
|-damage|p1a: Skarmory|64/100|[from] Stealth Rock
|move|p2a: Tangrowth|Sludge Bomb|p1a: Skarmory
|-immune|p1a: Skarmory
|
|upkeep
|turn|24
|l| VideoGameWACKO
|inactive|HaxxLR has 30 seconds left.
|
|t:|1661545665
|move|p1a: Skarmory|Roost|p1a: Skarmory
|-heal|p1a: Skarmory|100/100
|-singleturn|p1a: Skarmory|move: Roost
|move|p2a: Tangrowth|Earthquake|p1a: Skarmory
|-supereffective|p1a: Skarmory
|-damage|p1a: Skarmory|73/100
|
|upkeep
|turn|25
|inactive|HaxxLR has 30 seconds left.
|
|t:|1661545674
|switch|p2a: Salazzle|Salazzle, F|100/100
|move|p1a: Skarmory|Body Press|p2a: Salazzle
|-resisted|p2a: Salazzle
|-damage|p2a: Salazzle|71/100
|
|upkeep
|turn|26
|inactive|HaxxLR has 30 seconds left.
|inactive|HaxxLR has 20 seconds left.
|inactive|HaxxLR has 15 seconds left.
|inactive|HaxxLR has 10 seconds left.
|
|t:|1661545705
|switch|p1a: Slowking|Slowking, M|100/100 tox
|-damage|p1a: Slowking|88/100 tox|[from] Stealth Rock
|move|p2a: Salazzle|Sludge Wave|p1a: Slowking
|-crit|p1a: Slowking
|-damage|p1a: Slowking|36/100 tox
|
|-damage|p1a: Slowking|30/100 tox|[from] psn
|upkeep
|turn|27
|inactive|HaxxLR has 20 seconds left this turn.
|inactive|HaxxLR has 15 seconds left.
|inactive|HaxxLR has 10 seconds left.
|inactive|HaxxLR has 5 seconds left.
|
|t:|1661545720
|switch|p1a: Nihilego|Nihilego|50/100
|-damage|p1a: Nihilego|37/100|[from] Stealth Rock
|move|p2a: Salazzle|Sludge Wave|p1a: Nihilego
|-resisted|p1a: Nihilego
|-damage|p1a: Nihilego|30/100
|
|-heal|p1a: Nihilego|36/100|[from] item: Black Sludge
|upkeep
|turn|28
|inactive|HaxxLR has 15 seconds left this turn.
|inactive|HaxxLR has 10 seconds left.
|inactive|HaxxLR has 5 seconds left.
|
|t:|1661545733
|switch|p2a: Slowking|Slowking, F|100/100
|-damage|p2a: Slowking|76/100|[from] Spikes
|move|p1a: Nihilego|Stealth Rock|p2a: Slowking
|-sidestart|p2: HaxxLR|move: Stealth Rock
|
|-heal|p1a: Nihilego|42/100|[from] item: Black Sludge
|upkeep
|turn|29
|inactive|HaxxLR has 15 seconds left this turn.
|inactive|HaxxLR has 10 seconds left.
|
|t:|1661545743
|switch|p1a: Slowking|Slowking, M|63/100 tox
|-damage|p1a: Slowking|51/100 tox|[from] Stealth Rock
|move|p2a: Slowking|Scald|p1a: Slowking
|-resisted|p1a: Slowking
|-damage|p1a: Slowking|42/100 tox
|
|-damage|p1a: Slowking|36/100 tox|[from] psn
|upkeep
|turn|30
|inactive|HaxxLR has 20 seconds left this turn.
|inactive|HaxxLR has 15 seconds left.
|
|t:|1661545748
|move|p1a: Slowking|Slack Off|p1a: Slowking
|-heal|p1a: Slowking|86/100 tox
|move|p2a: Slowking|Teleport|p2a: Slowking
|inactive|HaxxLR has 20 seconds left this turn.
|
|t:|1661545751
|switch|p2a: Tangrowth|Tangrowth, M|99/100|[from]move: Teleport
|-damage|p2a: Tangrowth|74/100|[from] Spikes
|-damage|p2a: Tangrowth|61/100|[from] Stealth Rock
|
|-damage|p1a: Slowking|74/100 tox|[from] psn
|upkeep
|turn|31
|inactive|HaxxLR has 30 seconds left this turn.
|inactive|HaxxLR has 20 seconds left.
|
|t:|1661545762
|switch|p2a: Salazzle|Salazzle, F|71/100
|switch|p1a: Skarmory|Skarmory, F|73/100
|-damage|p1a: Skarmory|61/100|[from] Stealth Rock
|
|upkeep
|turn|32
|inactive|HaxxLR has 30 seconds left this turn.
|
|t:|1661545770
|switch|p1a: Slowking|Slowking, M|100/100 tox
|-damage|p1a: Slowking|88/100 tox|[from] Stealth Rock
|move|p2a: Salazzle|Nasty Plot|p2a: Salazzle
|-boost|p2a: Salazzle|spa|2
|
|-damage|p1a: Slowking|82/100 tox|[from] psn
|upkeep
|turn|33
|inactive|HaxxLR has 30 seconds left.
|inactive|HaxxLR has 20 seconds left.
|inactive|HaxxLR has 15 seconds left.
|inactive|HaxxLR has 10 seconds left.
|
|t:|1661545798
|switch|p2a: Tangrowth|Tangrowth, M|94/100
|-damage|p2a: Tangrowth|69/100|[from] Spikes
|-damage|p2a: Tangrowth|57/100|[from] Stealth Rock
|move|p1a: Slowking|Scald|p2a: Tangrowth
|-resisted|p2a: Tangrowth
|-damage|p2a: Tangrowth|47/100
|
|-damage|p1a: Slowking|70/100 tox|[from] psn
|upkeep
|turn|34
|inactive|HaxxLR has 20 seconds left this turn.
|inactive|HaxxLR has 15 seconds left.
|inactive|HaxxLR has 10 seconds left.
|
|t:|1661545811
|switch|p1a: Skarmory|Skarmory, F|61/100
|-damage|p1a: Skarmory|48/100|[from] Stealth Rock
|move|p2a: Tangrowth|Knock Off|p1a: Skarmory
|-damage|p1a: Skarmory|35/100
|-damage|p2a: Tangrowth|30/100|[from] item: Rocky Helmet|[of] p1a: Skarmory
|-enditem|p1a: Skarmory|Rocky Helmet|[from] move: Knock Off|[of] p2a: Tangrowth
|
|upkeep
|turn|35
|inactive|HaxxLR has 20 seconds left this turn.
|inactive|HaxxLR has 15 seconds left.
|inactive|HaxxLR has 10 seconds left.
|
|t:|1661545822
|switch|p2a: Salazzle|Salazzle, F|71/100
|move|p1a: Skarmory|Roost|p1a: Skarmory
|-heal|p1a: Skarmory|85/100
|-singleturn|p1a: Skarmory|move: Roost
|
|upkeep
|turn|36
|inactive|HaxxLR has 20 seconds left this turn.
|
|t:|1661545827
|switch|p1a: Slowking|Slowking, M|100/100 tox
|-damage|p1a: Slowking|88/100 tox|[from] Stealth Rock
|move|p2a: Salazzle|Sludge Wave|p1a: Slowking
|-damage|p1a: Slowking|58/100 tox
|
|-damage|p1a: Slowking|52/100 tox|[from] psn
|upkeep
|turn|37
|inactive|HaxxLR has 30 seconds left this turn.
|
|t:|1661545836
|move|p2a: Salazzle|Sludge Wave|p1a: Slowking
|-damage|p1a: Slowking|20/100 tox
|move|p1a: Slowking|Teleport|p1a: Slowking
|inactive|HaxxLR has 30 seconds left this turn.
|
|t:|1661545839
|switch|p1a: Nihilego|Nihilego|42/100|[from]move: Teleport
|-damage|p1a: Nihilego|30/100|[from] Stealth Rock
|
|-heal|p1a: Nihilego|36/100|[from] item: Black Sludge
|upkeep
|turn|38
|inactive|HaxxLR has 30 seconds left.
|inactive|HaxxLR has 20 seconds left.
|
|t:|1661545859
|switch|p2a: Slowking|Slowking, F|100/100
|-damage|p2a: Slowking|76/100|[from] Spikes
|-damage|p2a: Slowking|63/100|[from] Stealth Rock
|move|p1a: Nihilego|Sludge Bomb|p2a: Slowking
|-damage|p2a: Slowking|26/100
|
|-heal|p1a: Nihilego|42/100|[from] item: Black Sludge
|upkeep
|turn|39
|inactive|HaxxLR has 30 seconds left this turn.
|inactive|HaxxLR has 20 seconds left.
|inactive|HaxxLR has 15 seconds left.
|inactive|HaxxLR has 10 seconds left.
|
|t:|1661545882
|switch|p2a: Tangrowth|Tangrowth, M|63/100
|-damage|p2a: Tangrowth|38/100|[from] Spikes
|-damage|p2a: Tangrowth|26/100|[from] Stealth Rock
|move|p1a: Nihilego|Sludge Bomb|p2a: Tangrowth
|-supereffective|p2a: Tangrowth
|-damage|p2a: Tangrowth|0 fnt
|faint|p2a: Tangrowth
|-ability|p1a: Nihilego|Beast Boost|boost
|-boost|p1a: Nihilego|spe|1
|
|-heal|p1a: Nihilego|48/100|[from] item: Black Sludge
|upkeep
|inactive|HaxxLR has 15 seconds left this turn.
|inactive|HaxxLR has 10 seconds left.
|inactive|HaxxLR has 5 seconds left.
|
|t:|1661545896
|switch|p2a: Slowking|Slowking, F|59/100
|-damage|p2a: Slowking|34/100|[from] Spikes
|-damage|p2a: Slowking|22/100|[from] Stealth Rock
|turn|40
|inactive|HaxxLR has 15 seconds left this turn.
|
|t:|1661545899
|switch|p2a: Salamence|Salamence, F|100/100
|-ability|p2a: Salamence|Intimidate|boost
|-unboost|p1a: Nihilego|atk|1
|move|p1a: Nihilego|Sludge Bomb|p2a: Salamence
|-damage|p2a: Salamence|57/100
|-status|p2a: Salamence|psn
|
|-heal|p1a: Nihilego|54/100|[from] item: Black Sludge
|-damage|p2a: Salamence|44/100 psn|[from] psn
|upkeep
|turn|41
|inactive|HaxxLR has 25 seconds left this turn.
|j| Agendayooo
|inactive|HaxxLR has 20 seconds left.
|
|t:|1661545907
|move|p1a: Nihilego|Power Gem|p2a: Salamence
|-supereffective|p2a: Salamence
|-damage|p2a: Salamence|0 fnt
|faint|p2a: Salamence
|-ability|p1a: Nihilego|Beast Boost|boost
|-boost|p1a: Nihilego|spe|1
|
|-heal|p1a: Nihilego|60/100|[from] item: Black Sludge
|upkeep
|inactive|HaxxLR has 25 seconds left this turn.
|
|t:|1661545910
|switch|p2a: Slowking|Slowking, F|55/100
|-damage|p2a: Slowking|30/100|[from] Spikes
|-damage|p2a: Slowking|18/100|[from] Stealth Rock
|turn|42
|l| Joya
|
|t:|1661545914
|move|p1a: Nihilego|Power Gem|p2a: Slowking
|-damage|p2a: Slowking|0 fnt
|faint|p2a: Slowking
|-ability|p1a: Nihilego|Beast Boost|boost
|-boost|p1a: Nihilego|spe|1
|
|-heal|p1a: Nihilego|66/100|[from] item: Black Sludge
|upkeep
|c|☆Mimilucha|gg
|
|t:|1661545917
|switch|p2a: Salazzle|Salazzle, F|71/100
|turn|43
|c|☆HaxxLR|gg
|l| Agendayooo
|
|t:|1661545923
|move|p1a: Nihilego|Power Gem|p2a: Salazzle
|-supereffective|p2a: Salazzle
|-damage|p2a: Salazzle|0 fnt
|faint|p2a: Salazzle
|
|win|Mimilucha
