|html|<div class="broadcast-blue"><strong>[Gen 8] UU is currently suspecting Kommo-o! For information on how to participate check out the <a href="https://www.smogon.com/forums/threads/np-ss-uu-stage-10-2-sickommo-ode.3693129/">suspect thread</a>.</strong></div>
|j|☆princessfortnite49
|j|☆Kingpinz
|t:|1637189777
|gametype|singles
|player|p1|princessfortnite49|lucas|1326
|player|p2|Kingpinz|102|1278
|teamsize|p1|6
|teamsize|p2|6
|gen|8
|tier|[Gen 8] UU
|rated|
|rule|Sleep Clause Mod: Limit one foe put to sleep
|rule|Species Clause: Limit one of each Pokémon
|rule|OHKO Clause: OHKO moves are banned
|rule|Evasion Moves Clause: Evasion moves are banned
|rule|Endless Battle Clause: Forcing endless battles is banned
|rule|HP Percentage Mod: HP is shown in percentages
|rule|Dynamax Clause: You cannot dynamax
|clearpoke
|poke|p1|Keldeo-Resolute|
|poke|p1|Sylveon, M|
|poke|p1|Skarmory, M|
|poke|p1|Hydreigon, M|
|poke|p1|Heracross, F|
|poke|p1|Thundurus-Therian, M|
|poke|p2|Whimsicott, F|
|poke|p2|Tornadus, M|
|poke|p2|Klefki, M|
|poke|p2|Gigalith, F|
|poke|p2|Excadrill, M|
|poke|p2|Ditto|
|teampreview
|inactive|Battle timer is ON: inactive players will automatically lose when time's up. (requested by princessfortnite49)
|
|t:|1637189794
|start
|switch|p1a: Heracross|Heracross, F|100/100
|switch|p2a: Whimsicott|Whimsicott, F|100/100
|turn|1
|
|t:|1637189801
|switch|p1a: Sylveon|Sylveon, M|100/100
|move|p2a: Whimsicott|Substitute|p2a: Whimsicott
|-start|p2a: Whimsicott|Substitute
|-damage|p2a: Whimsicott|76/100
|
|-heal|p2a: Whimsicott|82/100|[from] item: Leftovers
|upkeep
|turn|2
|
|t:|1637189805
|move|p2a: Whimsicott|Leech Seed|p1a: Sylveon
|-start|p1a: Sylveon|move: Leech Seed
|move|p1a: Sylveon|Hyper Voice|p2a: Whimsicott
|-crit|p2a: Whimsicott
|-damage|p2a: Whimsicott|9/100
|
|-heal|p2a: Whimsicott|15/100|[from] item: Leftovers
|-damage|p1a: Sylveon|88/100|[from] Leech Seed|[of] p2a: Whimsicott
|-heal|p2a: Whimsicott|34/100|[silent]
|upkeep
|turn|3
|
|t:|1637189817
|move|p2a: Whimsicott|Protect|p2a: Whimsicott
|-singleturn|p2a: Whimsicott|Protect
|move|p1a: Sylveon|Hyper Voice|p2a: Whimsicott
|-activate|p2a: Whimsicott|move: Protect
|
|-heal|p2a: Whimsicott|40/100|[from] item: Leftovers
|-heal|p1a: Sylveon|94/100|[from] item: Leftovers
|-damage|p1a: Sylveon|82/100|[from] Leech Seed|[of] p2a: Whimsicott
|-heal|p2a: Whimsicott|59/100|[silent]
|upkeep
|turn|4
|
|t:|1637189837
|switch|p2a: Klefki|Klefki, M|100/100
|switch|p1a: Heracross|Heracross, F|100/100
|
|-status|p1a: Heracross|brn|[from] item: Flame Orb
|upkeep
|turn|5
|
|t:|1637189856
|switch|p2a: Tornadus|Tornadus, M|100/100
|move|p1a: Heracross|Knock Off|p2a: Tornadus
|-damage|p2a: Tornadus|53/100
|-enditem|p2a: Tornadus|Aguav Berry|[from] move: Knock Off|[of] p1a: Heracross
|
|-damage|p1a: Heracross|95/100 brn|[from] brn
|upkeep
|turn|6
|inactive|princessfortnite49 has 120 seconds left.
|
|t:|1637189888
|switch|p1a: Thundurus|Thundurus-Therian, M|100/100
|move|p2a: Tornadus|Air Slash|p1a: Thundurus
|-resisted|p1a: Thundurus
|-damage|p1a: Thundurus|80/100
|
|upkeep
|turn|7
|inactive|princessfortnite49 has 120 seconds left.
|
|t:|1637189893
|move|p2a: Tornadus|Substitute|p2a: Tornadus
|-start|p2a: Tornadus|Substitute
|-damage|p2a: Tornadus|29/100
|move|p1a: Thundurus|Knock Off|p2a: Tornadus
|-activate|p2a: Tornadus|move: Substitute|[damage]
|
|upkeep
|turn|8
|
|t:|1637189898
|move|p1a: Thundurus|Knock Off|p2a: Tornadus
|-end|p2a: Tornadus|Substitute
|move|p2a: Tornadus|Heat Wave|p1a: Thundurus
|-damage|p1a: Thundurus|46/100
|
|upkeep
|turn|9
|
|t:|1637189905
|move|p2a: Tornadus|Substitute|p2a: Tornadus
|-start|p2a: Tornadus|Substitute
|-damage|p2a: Tornadus|3/100
|move|p1a: Thundurus|Thunderbolt|p2a: Tornadus
|-supereffective|p2a: Tornadus
|-end|p2a: Tornadus|Substitute
|
|upkeep
|turn|10
|
|t:|1637189915
|move|p2a: Tornadus|Tailwind|p2a: Tornadus
|-sidestart|p2: Kingpinz|move: Tailwind
|move|p1a: Thundurus|Knock Off|p2a: Tornadus
|-damage|p2a: Tornadus|0 fnt
|faint|p2a: Tornadus
|
|upkeep
|
|t:|1637189922
|switch|p2a: Ditto|Ditto|100/100
|-transform|p2a: Ditto|p1a: Thundurus|[from] ability: Imposter
|turn|11
|
|t:|1637189949
|switch|p1a: Hydreigon|Hydreigon, M|100/100
|move|p2a: Ditto|Psychic|p1a: Hydreigon
|-immune|p1a: Hydreigon
|
|upkeep
|turn|12
|
|t:|1637189955
|move|p2a: Ditto|Knock Off|p1a: Hydreigon
|-resisted|p1a: Hydreigon
|-damage|p1a: Hydreigon|88/100
|-enditem|p1a: Hydreigon|Choice Scarf|[from] move: Knock Off|[of] p2a: Ditto
|move|p1a: Hydreigon|U-turn|p2a: Ditto
|-resisted|p2a: Ditto
|-damage|p2a: Ditto|89/100
|-enditem|p2a: Ditto|Red Card|[of] p1a: Hydreigon
|drag|p1a: Keldeo|Keldeo-Resolute|100/100
|
|upkeep
|turn|13
|
|t:|1637189971
|switch|p1a: Hydreigon|Hydreigon, M|88/100
|move|p2a: Ditto|Psychic|p1a: Hydreigon
|-immune|p1a: Hydreigon
|
|-sideend|p2: Kingpinz|move: Tailwind
|upkeep
|turn|14
|
|t:|1637189982
|switch|p2a: Whimsicott|Whimsicott, F|59/100
|move|p1a: Hydreigon|Draco Meteor|p2a: Whimsicott
|-immune|p2a: Whimsicott
|
|-heal|p2a: Whimsicott|65/100|[from] item: Leftovers
|upkeep
|turn|15
|
|t:|1637189987
|move|p2a: Whimsicott|Substitute|p2a: Whimsicott
|-start|p2a: Whimsicott|Substitute
|-damage|p2a: Whimsicott|40/100
|move|p1a: Hydreigon|Fire Blast|p2a: Whimsicott
|-supereffective|p2a: Whimsicott
|-end|p2a: Whimsicott|Substitute
|
|-heal|p2a: Whimsicott|46/100|[from] item: Leftovers
|upkeep
|turn|16
|
|t:|1637189993
|switch|p1a: Sylveon|Sylveon, M|82/100
|move|p2a: Whimsicott|Substitute|p2a: Whimsicott
|-start|p2a: Whimsicott|Substitute
|-damage|p2a: Whimsicott|22/100
|
|-heal|p2a: Whimsicott|28/100|[from] item: Leftovers
|-heal|p1a: Sylveon|88/100|[from] item: Leftovers
|upkeep
|turn|17
|
|t:|1637189996
|move|p2a: Whimsicott|Protect|p2a: Whimsicott
|-singleturn|p2a: Whimsicott|Protect
|move|p1a: Sylveon|Hyper Voice|p2a: Whimsicott
|-activate|p2a: Whimsicott|move: Protect
|
|-heal|p2a: Whimsicott|34/100|[from] item: Leftovers
|-heal|p1a: Sylveon|94/100|[from] item: Leftovers
|upkeep
|turn|18
|
|t:|1637190006
|switch|p2a: Gigalith|Gigalith, F|100/100
|-weather|Sandstorm|[from] ability: Sand Stream|[of] p2a: Gigalith
|move|p1a: Sylveon|Hyper Voice|p2a: Gigalith
|-damage|p2a: Gigalith|74/100
|-enditem|p2a: Gigalith|Eject Button
|
|t:|1637190009
|switch|p2a: Excadrill|Excadrill, M|100/100
|
|-weather|Sandstorm|[upkeep]
|-damage|p1a: Sylveon|88/100|[from] Sandstorm
|-heal|p1a: Sylveon|94/100|[from] item: Leftovers
|upkeep
|turn|19
|
|t:|1637190021
|switch|p1a: Skarmory|Skarmory, M|100/100
|move|p2a: Excadrill|Iron Head|p1a: Skarmory
|-resisted|p1a: Skarmory
|-crit|p1a: Skarmory
|-damage|p1a: Skarmory|80/100
|-damage|p2a: Excadrill|84/100|[from] item: Rocky Helmet|[of] p1a: Skarmory
|
|-weather|Sandstorm|[upkeep]
|upkeep
|turn|20
|
|t:|1637190026
|move|p2a: Excadrill|Rock Slide|p1a: Skarmory|[miss]
|-miss|p2a: Excadrill|p1a: Skarmory
|move|p1a: Skarmory|Body Press|p2a: Excadrill
|-supereffective|p2a: Excadrill
|-damage|p2a: Excadrill|0 fnt
|faint|p2a: Excadrill
|
|-weather|Sandstorm|[upkeep]
|upkeep
|
|t:|1637190031
|switch|p2a: Klefki|Klefki, M|100/100
|turn|21
|
|t:|1637190036
|move|p2a: Klefki|Iron Defense|p2a: Klefki
|-boost|p2a: Klefki|def|2
|move|p1a: Skarmory|Body Press|p2a: Klefki
|-damage|p2a: Klefki|82/100
|
|-weather|Sandstorm|[upkeep]
|-heal|p2a: Klefki|88/100|[from] item: Leftovers
|upkeep
|turn|22
|j| Be Swsxfgyy
|
|t:|1637190048
|switch|p1a: Keldeo|Keldeo-Resolute|100/100
|move|p2a: Klefki|Substitute|p2a: Klefki
|-start|p2a: Klefki|Substitute
|-damage|p2a: Klefki|63/100
|
|-weather|none
|-heal|p2a: Klefki|69/100|[from] item: Leftovers
|upkeep
|turn|23
|
|t:|1637190052
|move|p2a: Klefki|Calm Mind|p2a: Klefki
|-boost|p2a: Klefki|spa|1
|-boost|p2a: Klefki|spd|1
|move|p1a: Keldeo|Scald|p2a: Klefki
|-activate|p2a: Klefki|move: Substitute|[damage]
|
|-heal|p2a: Klefki|75/100|[from] item: Leftovers
|upkeep
|turn|24
|
|t:|1637190058
|move|p2a: Klefki|Calm Mind|p2a: Klefki
|-boost|p2a: Klefki|spa|1
|-boost|p2a: Klefki|spd|1
|move|p1a: Keldeo|Calm Mind|p1a: Keldeo
|-boost|p1a: Keldeo|spa|1
|-boost|p1a: Keldeo|spd|1
|
|-heal|p2a: Klefki|81/100|[from] item: Leftovers
|upkeep
|turn|25
|
|t:|1637190064
|move|p2a: Klefki|Calm Mind|p2a: Klefki
|-boost|p2a: Klefki|spa|1
|-boost|p2a: Klefki|spd|1
|move|p1a: Keldeo|Calm Mind|p1a: Keldeo
|-boost|p1a: Keldeo|spa|1
|-boost|p1a: Keldeo|spd|1
|
|-heal|p2a: Klefki|87/100|[from] item: Leftovers
|upkeep
|turn|26
|
|t:|1637190071
|move|p2a: Klefki|Calm Mind|p2a: Klefki
|-boost|p2a: Klefki|spa|1
|-boost|p2a: Klefki|spd|1
|move|p1a: Keldeo|Calm Mind|p1a: Keldeo
|-boost|p1a: Keldeo|spa|1
|-boost|p1a: Keldeo|spd|1
|
|-heal|p2a: Klefki|93/100|[from] item: Leftovers
|upkeep
|turn|27
|
|t:|1637190076
|move|p2a: Klefki|Calm Mind|p2a: Klefki
|-boost|p2a: Klefki|spa|1
|-boost|p2a: Klefki|spd|1
|move|p1a: Keldeo|Calm Mind|p1a: Keldeo
|-boost|p1a: Keldeo|spa|1
|-boost|p1a: Keldeo|spd|1
|
|-heal|p2a: Klefki|99/100|[from] item: Leftovers
|upkeep
|turn|28
|
|t:|1637190082
|move|p2a: Klefki|Calm Mind|p2a: Klefki
|-boost|p2a: Klefki|spa|1
|-boost|p2a: Klefki|spd|1
|move|p1a: Keldeo|Calm Mind|p1a: Keldeo
|-boost|p1a: Keldeo|spa|1
|-boost|p1a: Keldeo|spd|1
|
|-heal|p2a: Klefki|100/100|[from] item: Leftovers
|upkeep
|turn|29
|
|t:|1637190084
|move|p2a: Klefki|Iron Defense|p2a: Klefki
|-boost|p2a: Klefki|def|2
|move|p1a: Keldeo|Calm Mind|p1a: Keldeo
|-boost|p1a: Keldeo|spa|1
|-boost|p1a: Keldeo|spd|1
|
|upkeep
|turn|30
|
|t:|1637190091
|move|p2a: Klefki|Iron Defense|p2a: Klefki
|-boost|p2a: Klefki|def|2
|move|p1a: Keldeo|Scald|p2a: Klefki
|-end|p2a: Klefki|Substitute
|
|upkeep
|turn|31
|
|t:|1637190096
|move|p1a: Keldeo|Scald|p2a: Klefki
|-damage|p2a: Klefki|67/100
|move|p2a: Klefki|Draining Kiss|p1a: Keldeo
|-supereffective|p1a: Keldeo
|-crit|p1a: Keldeo
|-damage|p1a: Keldeo|0 fnt
|-heal|p2a: Klefki|100/100|[from] drain|[of] p1a: Keldeo
|faint|p1a: Keldeo
|
|upkeep
|
|t:|1637190114
|switch|p1a: Heracross|Heracross, F|95/100 brn
|turn|32
|
|t:|1637190118
|move|p2a: Klefki|Substitute|p2a: Klefki
|-start|p2a: Klefki|Substitute
|-damage|p2a: Klefki|76/100
|move|p1a: Heracross|Close Combat|p2a: Klefki
|-end|p2a: Klefki|Substitute
|-unboost|p1a: Heracross|def|1
|-unboost|p1a: Heracross|spd|1
|
|-heal|p2a: Klefki|82/100|[from] item: Leftovers
|-damage|p1a: Heracross|89/100 brn|[from] brn
|upkeep
|turn|33
|
|t:|1637190127
|move|p1a: Heracross|Close Combat|p2a: Klefki
|-damage|p2a: Klefki|56/100
|-unboost|p1a: Heracross|def|1
|-unboost|p1a: Heracross|spd|1
|move|p2a: Klefki|Draining Kiss|p1a: Heracross
|-supereffective|p1a: Heracross
|-damage|p1a: Heracross|0 fnt
|-heal|p2a: Klefki|100/100|[from] drain|[of] p1a: Heracross
|faint|p1a: Heracross
|
|upkeep
|-message|princessfortnite49 forfeited.
|
|win|Kingpinz
|raw|princessfortnite49's rating: 1326 &rarr; <strong>1303</strong><br />(-23 for losing)
|raw|Kingpinz's rating: 1278 &rarr; <strong>1306</strong><br />(+28 for winning)
|l|☆princessfortnite49
|l|☆Kingpinz
||Ladder isn't responding, score probably updated but might not have (Request timeout).
