|html|<div class="broadcast-blue"><strong>[Gen 8] UU is currently suspecting Moltres-Galar! For information on how to participate check out the <a href="https://www.smogon.com/forums/threads/np-ss-uu-stage-12-get-lucky.3700621/">suspect thread</a>.</strong></div>
|j|☆TheKingOfElevators
|j|☆pif
|t:|1651369766
|gametype|singles
|player|p1|TheKingOfElevators|elesa-gen5bw2|1356
|player|p2|pif|102|1673
|teamsize|p1|6
|teamsize|p2|6
|gen|8
|tier|[Gen 8] UU
|rated|
|rule|Sleep Clause Mod: Limit one foe put to sleep
|rule|Species Clause: Limit one of each Pokémon
|rule|OHKO Clause: OHKO moves are banned
|rule|Evasion Moves Clause: Evasion moves are banned
|rule|Endless Battle Clause: Forcing endless battles is banned
|rule|HP Percentage Mod: HP is shown in percentages
|rule|Dynamax Clause: You cannot dynamax
|clearpoke
|poke|p1|Excadrill, F|
|poke|p1|Moltres-Galar|
|poke|p1|Aegislash, M|
|poke|p1|Azumarill, M|
|poke|p1|Azelf|
|poke|p1|Celesteela|
|poke|p2|Aegislash, M|
|poke|p2|Moltres|
|poke|p2|Slowking, F|
|poke|p2|Zarude|
|poke|p2|Zygarde-10%|
|poke|p2|Nihilego|
|teampreview
|inactive|Battle timer is ON: inactive players will automatically lose when time's up. (requested by TheKingOfElevators)
|
|t:|1651369788
|start
|switch|p1a: Excadrill|Excadrill, F|100/100
|switch|p2a: Slowking|Slowking, F|100/100
|-ability|p1a: Excadrill|Mold Breaker
|turn|1
|
|t:|1651369798
|move|p1a: Excadrill|Stealth Rock|p2a: Slowking
|-sidestart|p2: pif|move: Stealth Rock
|move|p2a: Slowking|Scald|p1a: Excadrill
|-supereffective|p1a: Excadrill
|-damage|p1a: Excadrill|26/100
|
|upkeep
|turn|2
|inactive|pif has 120 seconds left.
|inactive|pif has 90 seconds left.
|
|t:|1651369862
|move|p1a: Excadrill|Earthquake|p2a: Slowking
|-damage|p2a: Slowking|64/100
|move|p2a: Slowking|Scald|p1a: Excadrill
|-supereffective|p1a: Excadrill
|-damage|p1a: Excadrill|0 fnt
|faint|p1a: Excadrill
|
|upkeep
|
|t:|1651369880
|switch|p1a: Moltres|Moltres-Galar|100/100
|turn|3
|
|t:|1651369893
|move|p1a: Moltres|Agility|p1a: Moltres
|-boost|p1a: Moltres|spe|2
|move|p2a: Slowking|Teleport|p2a: Slowking
|
|t:|1651369901
|switch|p2a: Zygarde|Zygarde-10%|100/100|[from]move: Teleport
|-damage|p2a: Zygarde|94/100|[from] Stealth Rock
|-ability|p2a: Zygarde|Aura Break
|
|upkeep
|turn|4
|
|t:|1651369909
|move|p1a: Moltres|Nasty Plot|p1a: Moltres
|-boost|p1a: Moltres|spa|2
|move|p2a: Zygarde|Outrage|p1a: Moltres
|-damage|p1a: Moltres|10/100
|-ability|p1a: Moltres|Berserk|boost
|-boost|p1a: Moltres|spa|1
|-enditem|p1a: Moltres|Sitrus Berry|[eat]
|-heal|p1a: Moltres|35/100|[from] item: Sitrus Berry
|
|upkeep
|turn|5
|
|t:|1651369921
|move|p1a: Moltres|Fiery Wrath|p2a: Zygarde
|-damage|p2a: Zygarde|0 fnt
|faint|p2a: Zygarde
|
|upkeep
|
|t:|1651369924
|switch|p2a: Nihilego|Nihilego|100/100
|-damage|p2a: Nihilego|88/100|[from] Stealth Rock
|turn|6
|
|t:|1651369928
|move|p1a: Moltres|Fiery Wrath|p2a: Nihilego
|-damage|p2a: Nihilego|2/100
|move|p2a: Nihilego|Power Gem|p1a: Moltres
|-supereffective|p1a: Moltres
|-damage|p1a: Moltres|0 fnt
|faint|p1a: Moltres
|-ability|p2a: Nihilego|Beast Boost|boost
|-boost|p2a: Nihilego|spa|1
|
|-heal|p2a: Nihilego|8/100|[from] item: Black Sludge
|upkeep
|
|t:|1651369934
|switch|p1a: Aegislash|Aegislash, M|100/100
|turn|7
|
|t:|1651369944
|switch|p2a: Moltres|Moltres|100/100
|-formechange|p1a: Aegislash|Aegislash-Blade||[from] ability: Stance Change
|move|p1a: Aegislash|Shadow Sneak|p2a: Moltres
|-damage|p2a: Moltres|78/100
|
|upkeep
|turn|8
|
|t:|1651369950
|move|p2a: Moltres|Defog|p1a: Aegislash
|-unboost|p1a: Aegislash|evasion|1
|-sideend|p2: pif|Stealth Rock|[from] move: Defog|[of] p2a: Moltres
|move|p1a: Aegislash|Swords Dance|p1a: Aegislash
|-boost|p1a: Aegislash|atk|2
|
|upkeep
|turn|9
|
|t:|1651369954
|move|p1a: Aegislash|Shadow Sneak|p2a: Moltres
|-damage|p2a: Moltres|33/100
|move|p2a: Moltres|Flamethrower|p1a: Aegislash
|-supereffective|p1a: Aegislash
|-damage|p1a: Aegislash|0 fnt
|faint|p1a: Aegislash
|
|upkeep
|
|t:|1651369976
|switch|p1a: Azelf|Azelf|100/100
|turn|10
|
|t:|1651370002
|move|p1a: Azelf|Psyshock|p2a: Moltres
|-damage|p2a: Moltres|0 fnt
|faint|p2a: Moltres
|
|upkeep
|j| Calico S
|
|t:|1651370006
|switch|p2a: Aegislash|Aegislash, M|100/100
|turn|11
|
|t:|1651370011
|move|p1a: Azelf|Fire Blast|p2a: Aegislash
|-supereffective|p2a: Aegislash
|-damage|p2a: Aegislash|0 fnt
|faint|p2a: Aegislash
|
|upkeep
|
|t:|1651370019
|switch|p2a: Slowking|Slowking, F|98/100
|turn|12
|
|t:|1651370024
|move|p1a: Azelf|Nasty Plot|p1a: Azelf
|-boost|p1a: Azelf|spa|2
|move|p2a: Slowking|Scald|p1a: Azelf
|-damage|p1a: Azelf|59/100
|-status|p1a: Azelf|brn
|
|-damage|p1a: Azelf|53/100 brn|[from] brn
|upkeep
|turn|13
|
|t:|1651370034
|switch|p2a: Nihilego|Nihilego|8/100
|move|p1a: Azelf|Dazzling Gleam|p2a: Nihilego
|-resisted|p2a: Nihilego
|-damage|p2a: Nihilego|0 fnt
|faint|p2a: Nihilego
|
|-damage|p1a: Azelf|47/100 brn|[from] brn
|upkeep
|
|t:|1651370037
|switch|p2a: Slowking|Slowking, F|100/100
|turn|14
|
|t:|1651370043
|move|p1a: Azelf|Dazzling Gleam|p2a: Slowking
|-damage|p2a: Slowking|59/100
|move|p2a: Slowking|Scald|p1a: Azelf
|-damage|p1a: Azelf|3/100 brn
|
|-damage|p1a: Azelf|0 fnt|[from] brn
|faint|p1a: Azelf
|upkeep
|
|t:|1651370047
|switch|p1a: Azumarill|Azumarill, M|100/100
|turn|15
|
|t:|1651370057
|move|p1a: Azumarill|Play Rough|p2a: Slowking|[miss]
|-miss|p1a: Azumarill|p2a: Slowking
|move|p2a: Slowking|Teleport|p2a: Slowking
|
|t:|1651370059
|switch|p2a: Zarude|Zarude|100/100|[from]move: Teleport
|
|upkeep
|turn|16
|
|t:|1651370069
|move|p2a: Zarude|Power Whip|p1a: Azumarill
|-supereffective|p1a: Azumarill
|-damage|p1a: Azumarill|0 fnt
|faint|p1a: Azumarill
|
|upkeep
|
|t:|1651370072
|switch|p1a: Celesteela|Celesteela|100/100
|turn|17
|
|t:|1651370077
|switch|p2a: Slowking|Slowking, F|92/100
|move|p1a: Celesteela|Autotomize|p1a: Celesteela
|-boost|p1a: Celesteela|spe|2
|-start|p1a: Celesteela|Autotomize
|
|upkeep
|turn|18
|
|t:|1651370082
|move|p1a: Celesteela|Meteor Beam||[still]
|-prepare|p1a: Celesteela|Meteor Beam
|-boost|p1a: Celesteela|spa|1
|-enditem|p1a: Celesteela|Power Herb
|-anim|p1a: Celesteela|Meteor Beam|p2a: Slowking
|-damage|p2a: Slowking|43/100
|move|p2a: Slowking|Scald|p1a: Celesteela
|-damage|p1a: Celesteela|72/100
|
|upkeep
|turn|19
|
|t:|1651370102
|move|p1a: Celesteela|Meteor Beam||[still]
|-prepare|p1a: Celesteela|Meteor Beam
|-boost|p1a: Celesteela|spa|1
|move|p2a: Slowking|Slack Off|p2a: Slowking
|-heal|p2a: Slowking|93/100
|
|upkeep
|turn|20
|
|t:|1651370111
|move|p1a: Celesteela|Meteor Beam|p2a: Slowking|[from]lockedmove
|-damage|p2a: Slowking|27/100
|move|p2a: Slowking|Slack Off|p2a: Slowking
|-heal|p2a: Slowking|77/100
|
|upkeep
|turn|21
|
|t:|1651370117
|move|p1a: Celesteela|Air Slash|p2a: Slowking
|-damage|p2a: Slowking|15/100
|cant|p2a: Slowking|flinch
|
|upkeep
|turn|22
|
|t:|1651370121
|move|p1a: Celesteela|Air Slash|p2a: Slowking
|-damage|p2a: Slowking|0 fnt
|faint|p2a: Slowking
|-ability|p1a: Celesteela|Beast Boost|boost
|-boost|p1a: Celesteela|spa|1
|
|upkeep
|
|t:|1651370123
|switch|p2a: Zarude|Zarude|100/100
|turn|23
|
|t:|1651370125
|move|p1a: Celesteela|Air Slash|p2a: Zarude
|-supereffective|p2a: Zarude
|-damage|p2a: Zarude|0 fnt
|faint|p2a: Zarude
|
|win|TheKingOfElevators
|raw|TheKingOfElevators's rating: 1356 &rarr; <strong>1390</strong><br />(+34 for winning)
|raw|pif's rating: 1673 &rarr; <strong>1639</strong><br />(-34 for losing)
|c|☆TheKingOfElevators|gg
|c|☆pif|gg
|l| Calico S
|l|☆pif
