|raw|<div class="broadcast-blue"><strong>This battle is required to be public due to a player having a name starting with 'uult91w'.</div>
|j|☆Bad Feeling
|j|☆UULT91W TT
|t:|1651755644
|gametype|singles
|player|p1|Bad Feeling|workerice|1541
|player|p2|UULT91W TT|leon-tower|1489
|teamsize|p1|6
|teamsize|p2|6
|gen|8
|tier|[Gen 8] UU
|rated|
|rule|Sleep Clause Mod: Limit one foe put to sleep
|rule|Species Clause: Limit one of each Pokémon
|rule|OHKO Clause: OHKO moves are banned
|rule|Evasion Moves Clause: Evasion moves are banned
|rule|Endless Battle Clause: Forcing endless battles is banned
|rule|HP Percentage Mod: HP is shown in percentages
|rule|Dynamax Clause: You cannot dynamax
|clearpoke
|poke|p1|Magneton|
|poke|p1|Comfey, M|
|poke|p1|Decidueye, M|
|poke|p1|Skarmory, F|
|poke|p1|Swampert, F|
|poke|p1|Hydreigon, F|
|poke|p2|Hippowdon, F|
|poke|p2|Excadrill, M|
|poke|p2|Tangrowth, M|
|poke|p2|Rotom-Wash|
|poke|p2|Salamence, M|
|poke|p2|Keldeo-Resolute|
|teampreview
|
|t:|1651755664
|start
|switch|p1a: Swampert|Swampert, F|100/100
|switch|p2a: Clarum Somnium|Tangrowth, M|100/100
|turn|1
|
|t:|1651755674
|move|p1a: Swampert|Toxic|p2a: Clarum Somnium
|-status|p2a: Clarum Somnium|tox
|move|p2a: Clarum Somnium|Knock Off|p1a: Swampert
|-crit|p1a: Swampert
|-damage|p1a: Swampert|71/100
|-enditem|p1a: Swampert|Leftovers|[from] move: Knock Off|[of] p2a: Clarum Somnium
|
|-damage|p2a: Clarum Somnium|94/100 tox|[from] psn
|upkeep
|turn|2
|
|t:|1651755679
|move|p1a: Swampert|Flip Turn|p2a: Clarum Somnium
|-resisted|p2a: Clarum Somnium
|-damage|p2a: Clarum Somnium|88/100 tox
|
|t:|1651755681
|switch|p1a: Skarmory|Skarmory, F|100/100|[from]move: Flip Turn
|move|p2a: Clarum Somnium|Knock Off|p1a: Skarmory
|-damage|p1a: Skarmory|87/100
|-damage|p2a: Clarum Somnium|71/100 tox|[from] item: Rocky Helmet|[of] p1a: Skarmory
|-enditem|p1a: Skarmory|Rocky Helmet|[from] move: Knock Off|[of] p2a: Clarum Somnium
|
|-damage|p2a: Clarum Somnium|59/100 tox|[from] psn
|upkeep
|turn|3
|
|t:|1651755696
|switch|p2a: Fractal Dreamers|Rotom-Wash|100/100
|move|p1a: Skarmory|Spikes|p2a: Fractal Dreamers
|-sidestart|p2: UULT91W TT|Spikes
|
|upkeep
|turn|4
|
|t:|1651755703
|switch|p1a: Hydreigon|Hydreigon, F|100/100
|move|p2a: Fractal Dreamers|Will-O-Wisp|p1a: Hydreigon
|-status|p1a: Hydreigon|brn
|
|-damage|p1a: Hydreigon|94/100 brn|[from] brn
|upkeep
|turn|5
|
|t:|1651755711
|move|p1a: Hydreigon|Dark Pulse|p2a: Fractal Dreamers
|-damage|p2a: Fractal Dreamers|46/100
|move|p2a: Fractal Dreamers|Pain Split|p1a: Hydreigon
|-sethp|p1a: Hydreigon|69/100 brn|[from] move: Pain Split|[silent]
|-sethp|p2a: Fractal Dreamers|74/100|[from] move: Pain Split
|
|-heal|p2a: Fractal Dreamers|80/100|[from] item: Leftovers
|-damage|p1a: Hydreigon|63/100 brn|[from] brn
|upkeep
|turn|6
|
|t:|1651755721
|move|p1a: Hydreigon|Dark Pulse|p2a: Fractal Dreamers
|-damage|p2a: Fractal Dreamers|25/100
|move|p2a: Fractal Dreamers|Volt Switch|p1a: Hydreigon
|-resisted|p1a: Hydreigon
|-damage|p1a: Hydreigon|49/100 brn
|
|t:|1651755731
|switch|p2a: Infinity Chasers|Keldeo-Resolute|100/100|[from]move: Volt Switch
|-damage|p2a: Infinity Chasers|88/100|[from] Spikes
|
|-damage|p1a: Hydreigon|43/100 brn|[from] brn
|upkeep
|turn|7
|
|t:|1651755737
|switch|p1a: Comfey|Comfey, M|100/100
|move|p2a: Infinity Chasers|Hydro Pump|p1a: Comfey|[miss]
|-miss|p2a: Infinity Chasers|p1a: Comfey
|
|upkeep
|turn|8
|
|t:|1651755742
|switch|p2a: Paradigm Shift|Excadrill, M|100/100
|-damage|p2a: Paradigm Shift|88/100|[from] Spikes
|move|p1a: Comfey|Draining Kiss|p2a: Paradigm Shift
|-resisted|p2a: Paradigm Shift
|-damage|p2a: Paradigm Shift|73/100
|
|-heal|p2a: Paradigm Shift|79/100|[from] item: Leftovers
|upkeep
|turn|9
|
|t:|1651755747
|switch|p1a: Skarmory|Skarmory, F|87/100
|move|p2a: Paradigm Shift|Rapid Spin|p1a: Skarmory
|-resisted|p1a: Skarmory
|-crit|p1a: Skarmory
|-damage|p1a: Skarmory|78/100
|-boost|p2a: Paradigm Shift|spe|1
|-sideend|p2: UULT91W TT|Spikes|[from] move: Rapid Spin|[of] p2a: Paradigm Shift
|
|-heal|p2a: Paradigm Shift|85/100|[from] item: Leftovers
|upkeep
|turn|10
|
|t:|1651755750
|move|p2a: Paradigm Shift|Swords Dance|p2a: Paradigm Shift
|-boost|p2a: Paradigm Shift|atk|2
|move|p1a: Skarmory|Spikes|p2a: Paradigm Shift
|-sidestart|p2: UULT91W TT|Spikes
|
|-heal|p2a: Paradigm Shift|91/100|[from] item: Leftovers
|upkeep
|turn|11
|
|t:|1651755754
|move|p2a: Paradigm Shift|Iron Head|p1a: Skarmory
|-resisted|p1a: Skarmory
|-damage|p1a: Skarmory|50/100
|cant|p1a: Skarmory|flinch
|
|-heal|p2a: Paradigm Shift|97/100|[from] item: Leftovers
|upkeep
|turn|12
|
|t:|1651755757
|move|p2a: Paradigm Shift|Rapid Spin|p1a: Skarmory
|-resisted|p1a: Skarmory
|-damage|p1a: Skarmory|39/100
|-boost|p2a: Paradigm Shift|spe|1
|-sideend|p2: UULT91W TT|Spikes|[from] move: Rapid Spin|[of] p2a: Paradigm Shift
|move|p1a: Skarmory|Roost|p1a: Skarmory
|-heal|p1a: Skarmory|89/100
|-singleturn|p1a: Skarmory|move: Roost
|
|-heal|p2a: Paradigm Shift|100/100|[from] item: Leftovers
|upkeep
|turn|13
|
|t:|1651755760
|move|p2a: Paradigm Shift|Swords Dance|p2a: Paradigm Shift
|-boost|p2a: Paradigm Shift|atk|2
|move|p1a: Skarmory|Spikes|p2a: Paradigm Shift
|-sidestart|p2: UULT91W TT|Spikes
|
|upkeep
|turn|14
|
|t:|1651755763
|move|p2a: Paradigm Shift|Iron Head|p1a: Skarmory
|-resisted|p1a: Skarmory
|-damage|p1a: Skarmory|51/100
|cant|p1a: Skarmory|flinch
|
|upkeep
|turn|15
|
|t:|1651755769
|move|p2a: Paradigm Shift|Iron Head|p1a: Skarmory
|-resisted|p1a: Skarmory
|-damage|p1a: Skarmory|10/100
|move|p1a: Skarmory|Body Press|p2a: Paradigm Shift
|-supereffective|p2a: Paradigm Shift
|-damage|p2a: Paradigm Shift|9/100
|
|-heal|p2a: Paradigm Shift|15/100|[from] item: Leftovers
|upkeep
|turn|16
|
|t:|1651755773
|move|p2a: Paradigm Shift|Rapid Spin|p1a: Skarmory
|-resisted|p1a: Skarmory
|-damage|p1a: Skarmory|0 fnt
|-boost|p2a: Paradigm Shift|spe|1
|-sideend|p2: UULT91W TT|Spikes|[from] move: Rapid Spin|[of] p2a: Paradigm Shift
|faint|p1a: Skarmory
|
|-heal|p2a: Paradigm Shift|21/100|[from] item: Leftovers
|upkeep
|
|t:|1651755774
|switch|p1a: Decidueye|Decidueye, M|100/100
|turn|17
|
|t:|1651755781
|switch|p2a: Fortuna Redux|Salamence, M|100/100
|-ability|p2a: Fortuna Redux|Intimidate|boost
|-unboost|p1a: Decidueye|atk|1
|move|p1a: Decidueye|Shadow Sneak|p2a: Fortuna Redux
|-damage|p2a: Fortuna Redux|82/100
|
|upkeep
|turn|18
|
|t:|1651755794
|switch|p1a: Comfey|Comfey, M|100/100
|move|p2a: Fortuna Redux|Hurricane|p1a: Comfey|[miss]
|-miss|p2a: Fortuna Redux|p1a: Comfey
|
|upkeep
|turn|19
|
|t:|1651755800
|switch|p2a: Clarum Somnium|Tangrowth, M|92/100 tox
|move|p1a: Comfey|Calm Mind|p1a: Comfey
|-boost|p1a: Comfey|spa|1
|-boost|p1a: Comfey|spd|1
|
|-damage|p2a: Clarum Somnium|86/100 tox|[from] psn
|upkeep
|turn|20
|
|t:|1651755808
|move|p1a: Comfey|Calm Mind|p1a: Comfey
|-boost|p1a: Comfey|spa|1
|-boost|p1a: Comfey|spd|1
|move|p2a: Clarum Somnium|Sludge Bomb|p1a: Comfey
|-supereffective|p1a: Comfey
|-damage|p1a: Comfey|76/100
|
|-damage|p2a: Clarum Somnium|73/100 tox|[from] psn
|upkeep
|turn|21
|
|t:|1651755814
|switch|p2a: Monolithia|Hippowdon, F|100/100
|-weather|Sandstorm|[from] ability: Sand Stream|[of] p2a: Monolithia
|move|p1a: Comfey|Calm Mind|p1a: Comfey
|-boost|p1a: Comfey|spa|1
|-boost|p1a: Comfey|spd|1
|
|-weather|Sandstorm|[upkeep]
|-damage|p1a: Comfey|70/100|[from] Sandstorm
|upkeep
|turn|22
|
|t:|1651755818
|move|p1a: Comfey|Taunt|p2a: Monolithia
|-start|p2a: Monolithia|move: Taunt
|cant|p2a: Monolithia|move: Taunt|Toxic
|
|-weather|Sandstorm|[upkeep]
|-damage|p1a: Comfey|64/100|[from] Sandstorm
|upkeep
|turn|23
|
|t:|1651755821
|move|p1a: Comfey|Draining Kiss|p2a: Monolithia
|-damage|p2a: Monolithia|48/100
|-heal|p1a: Comfey|100/100|[from] drain|[of] p2a: Monolithia
|-damage|p1a: Comfey|84/100|[from] item: Rocky Helmet|[of] p2a: Monolithia
|move|p2a: Monolithia|Earthquake|p1a: Comfey
|-damage|p1a: Comfey|33/100
|
|-weather|Sandstorm|[upkeep]
|-damage|p1a: Comfey|27/100|[from] Sandstorm
|upkeep
|turn|24
|
|t:|1651755834
|move|p1a: Comfey|Draining Kiss|p2a: Monolithia
|-damage|p2a: Monolithia|0 fnt
|-heal|p1a: Comfey|78/100|[from] drain|[of] p2a: Monolithia
|-damage|p1a: Comfey|61/100|[from] item: Rocky Helmet|[of] p2a: Monolithia
|faint|p2a: Monolithia
|
|-weather|Sandstorm|[upkeep]
|-damage|p1a: Comfey|55/100|[from] Sandstorm
|upkeep
|
|t:|1651755837
|switch|p2a: Clarum Somnium|Tangrowth, M|100/100 tox
|turn|25
|
|t:|1651755840
|move|p1a: Comfey|Draining Kiss|p2a: Clarum Somnium
|-damage|p2a: Clarum Somnium|52/100 tox
|-heal|p1a: Comfey|100/100|[from] drain|[of] p2a: Clarum Somnium
|move|p2a: Clarum Somnium|Power Whip|p1a: Comfey
|-damage|p1a: Comfey|44/100
|
|-weather|none
|-damage|p2a: Clarum Somnium|46/100 tox|[from] psn
|upkeep
|turn|26
|
|t:|1651755845
|move|p1a: Comfey|Draining Kiss|p2a: Clarum Somnium
|-damage|p2a: Clarum Somnium|0 fnt
|-heal|p1a: Comfey|90/100|[from] drain|[of] p2a: Clarum Somnium
|faint|p2a: Clarum Somnium
|
|upkeep
|-message|UULT91W TT forfeited.
|
|win|Bad Feeling
|raw|Bad Feeling's rating: 1541 &rarr; <strong>1558</strong><br />(+17 for winning)
|raw|UULT91W TT's rating: 1489 &rarr; <strong>1472</strong><br />(-17 for losing)
|l|☆UULT91W TT
||Ladder isn't responding, score probably updated but might not have (Request timeout).
