|j|☆Fousfull
|j|☆pokemonisfun
|t:|1664639896
|gametype|singles
|player|p1|Fousfull|blackbelt-gen4|1615
|player|p2|pokemonisfun|#uutrio2ladder|1897
|teamsize|p1|6
|teamsize|p2|6
|gen|8
|tier|[Gen 8] UU
|rated|
|rule|Sleep Clause Mod: Limit one foe put to sleep
|rule|Species Clause: Limit one of each Pokémon
|rule|OHKO Clause: OHKO moves are banned
|rule|Evasion Items Clause: Evasion items are banned
|rule|Evasion Moves Clause: Evasion moves are banned
|rule|Endless Battle Clause: Forcing endless battles is banned
|rule|HP Percentage Mod: HP is shown in percentages
|rule|Dynamax Clause: You cannot dynamax
|clearpoke
|poke|p1|Slowking, F|
|poke|p1|Salamence, M|
|poke|p1|Cobalion|
|poke|p1|Zarude-Dada|
|poke|p1|Mamoswine, F|
|poke|p1|Nihilego|
|poke|p2|Golisopod, F|
|poke|p2|Cobalion|
|poke|p2|Zygarde-10%|
|poke|p2|Chansey, F|
|poke|p2|Salamence, F|
|poke|p2|Tentacruel, M|
|teampreview
|
|t:|1664639954
|start
|switch|p1a: Cobalion|Cobalion|100/100
|switch|p2a: hoisin poison|Tentacruel, M|100/100
|turn|1
|
|t:|1664639970
|switch|p1a: Slowking|Slowking, F|100/100
|move|p2a: hoisin poison|Sludge Bomb|p1a: Slowking
|-damage|p1a: Slowking|80/100
|
|upkeep
|turn|2
|inactive|Battle timer is ON: inactive players will automatically lose when time's up. (requested by pokemonisfun)
|inactive|Fousfull has 120 seconds left.
|
|t:|1664640065
|switch|p2a: megan the eggin|Chansey, F|100/100
|move|p1a: Slowking|Future Sight|p2a: megan the eggin
|-start|p1a: Slowking|move: Future Sight
|
|upkeep
|turn|3
|
|t:|1664640071
|switch|p1a: Cobalion|Cobalion|100/100
|move|p2a: megan the eggin|Toxic|p1a: Cobalion
|-immune|p1a: Cobalion
|
|upkeep
|turn|4
|
|t:|1664640089
|switch|p2a: mencey wencey|Salamence, F|100/100
|-ability|p2a: mencey wencey|Intimidate|boost
|-unboost|p1a: Cobalion|atk|1
|move|p1a: Cobalion|Stealth Rock|p2a: mencey wencey
|-sidestart|p2: pokemonisfun|move: Stealth Rock
|
|-end|p2a: mencey wencey|move: Future Sight
|-damage|p2a: mencey wencey|54/100
|upkeep
|turn|5
|
|t:|1664640100
|move|p1a: Cobalion|Swords Dance|p1a: Cobalion
|-boost|p1a: Cobalion|atk|2
|move|p2a: mencey wencey|Roost|p2a: mencey wencey
|-heal|p2a: mencey wencey|100/100
|-singleturn|p2a: mencey wencey|move: Roost
|
|upkeep
|turn|6
|
|t:|1664640108
|switch|p1a: Slowking|Slowking, F|100/100
|move|p2a: mencey wencey|Flamethrower|p1a: Slowking
|-resisted|p1a: Slowking
|-damage|p1a: Slowking|92/100
|
|upkeep
|turn|7
|
|t:|1664640113
|switch|p2a: GOD POD|Golisopod, F|100/100
|move|p1a: Slowking|Future Sight|p2a: GOD POD
|-start|p1a: Slowking|move: Future Sight
|
|upkeep
|turn|8
|
|t:|1664640118
|switch|p1a: Cobalion|Cobalion|100/100
|move|p2a: GOD POD|Spikes|p1a: Cobalion
|-sidestart|p1: Fousfull|Spikes
|
|upkeep
|turn|9
|
|t:|1664640126
|move|p1a: Cobalion|Swords Dance|p1a: Cobalion
|-boost|p1a: Cobalion|atk|2
|move|p2a: GOD POD|Liquidation|p1a: Cobalion
|-damage|p1a: Cobalion|58/100
|-damage|p2a: GOD POD|84/100|[from] item: Rocky Helmet|[of] p1a: Cobalion
|
|-end|p2a: GOD POD|move: Future Sight
|-damage|p2a: GOD POD|36/100
|-activate|p2a: GOD POD|ability: Emergency Exit
|upkeep
|
|t:|1664640139
|switch|p2a: Zygarde-10% off|Zygarde-10%|100/100
|-damage|p2a: Zygarde-10% off|94/100|[from] Stealth Rock
|-ability|p2a: Zygarde-10% off|Aura Break
|turn|10
|
|t:|1664640143
|switch|p1a: Salamence|Salamence, M|100/100
|-ability|p1a: Salamence|Intimidate|boost
|-unboost|p2a: Zygarde-10% off|atk|1
|move|p2a: Zygarde-10% off|Toxic|p1a: Salamence
|-status|p1a: Salamence|tox
|
|-damage|p1a: Salamence|94/100 tox|[from] psn
|upkeep
|turn|11
|
|t:|1664640164
|switch|p2a: coba truthin|Cobalion|100/100
|-damage|p2a: coba truthin|97/100|[from] Stealth Rock
|switch|p1a: Mamoswine|Mamoswine, F|100/100
|-damage|p1a: Mamoswine|88/100|[from] Spikes
|
|upkeep
|turn|12
|
|t:|1664640181
|switch|p1a: Slowking|Slowking, F|100/100
|-damage|p1a: Slowking|88/100|[from] Spikes
|move|p2a: coba truthin|Stealth Rock|p1a: Slowking
|-sidestart|p1: Fousfull|move: Stealth Rock
|
|upkeep
|turn|13
|inactive|pokemonisfun has 120 seconds left.
|inactive|pokemonisfun has 90 seconds left.
|
|t:|1664640227
|switch|p2a: megan the eggin|Chansey, F|100/100
|-damage|p2a: megan the eggin|88/100|[from] Stealth Rock
|move|p1a: Slowking|Future Sight|p2a: megan the eggin
|-start|p1a: Slowking|move: Future Sight
|
|upkeep
|turn|14
|inactive|pokemonisfun has 90 seconds left.
|
|t:|1664640249
|move|p2a: megan the eggin|Toxic|p1a: Slowking
|-status|p1a: Slowking|tox
|move|p1a: Slowking|Teleport|p1a: Slowking
|
|t:|1664640252
|switch|p1a: Mamoswine|Mamoswine, F|88/100|[from]move: Teleport
|-damage|p1a: Mamoswine|76/100|[from] Spikes
|-damage|p1a: Mamoswine|63/100|[from] Stealth Rock
|
|upkeep
|turn|15
|inactive|pokemonisfun has 90 seconds left.
|
|t:|1664640287
|move|p1a: Mamoswine|Knock Off|p2a: megan the eggin
|-damage|p2a: megan the eggin|55/100
|-enditem|p2a: megan the eggin|Eviolite|[from] move: Knock Off|[of] p1a: Mamoswine
|move|p2a: megan the eggin|Soft-Boiled|p2a: megan the eggin
|-heal|p2a: megan the eggin|100/100
|
|-end|p2a: megan the eggin|move: Future Sight
|-damage|p2a: megan the eggin|83/100
|upkeep
|turn|16
|
|t:|1664640301
|switch|p1a: Cobalion|Cobalion|58/100
|-damage|p1a: Cobalion|46/100|[from] Spikes
|-damage|p1a: Cobalion|43/100|[from] Stealth Rock
|move|p2a: megan the eggin|Seismic Toss|p1a: Cobalion
|-damage|p1a: Cobalion|12/100
|-damage|p2a: megan the eggin|66/100|[from] item: Rocky Helmet|[of] p1a: Cobalion
|
|upkeep
|turn|17
|
|t:|1664640305
|switch|p2a: hoisin poison|Tentacruel, M|100/100
|-damage|p2a: hoisin poison|88/100|[from] Stealth Rock
|move|p1a: Cobalion|Swords Dance|p1a: Cobalion
|-boost|p1a: Cobalion|atk|2
|
|-heal|p2a: hoisin poison|94/100|[from] item: Black Sludge
|upkeep
|turn|18
|
|t:|1664640309
|move|p1a: Cobalion|Stone Edge|p2a: hoisin poison|[miss]
|-miss|p1a: Cobalion|p2a: hoisin poison
|move|p2a: hoisin poison|Rapid Spin|p1a: Cobalion
|-resisted|p1a: Cobalion
|-damage|p1a: Cobalion|9/100
|-boost|p2a: hoisin poison|spe|1
|-damage|p2a: hoisin poison|78/100|[from] item: Rocky Helmet|[of] p1a: Cobalion
|-sideend|p2: pokemonisfun|Stealth Rock|[from] move: Rapid Spin|[of] p2a: hoisin poison
|
|-heal|p2a: hoisin poison|84/100|[from] item: Black Sludge
|upkeep
|turn|19
|
|t:|1664640315
|switch|p1a: Slowking|Slowking, F|100/100 tox
|-damage|p1a: Slowking|88/100 tox|[from] Spikes
|-damage|p1a: Slowking|76/100 tox|[from] Stealth Rock
|move|p2a: hoisin poison|Scald|p1a: Slowking
|-resisted|p1a: Slowking
|-damage|p1a: Slowking|66/100 tox
|
|-heal|p2a: hoisin poison|90/100|[from] item: Black Sludge
|-damage|p1a: Slowking|60/100 tox|[from] psn
|upkeep
|turn|20
|
|t:|1664640328
|move|p2a: hoisin poison|Sludge Bomb|p1a: Slowking
|-crit|p1a: Slowking
|-damage|p1a: Slowking|27/100 tox
|move|p1a: Slowking|Future Sight|p2a: hoisin poison
|-start|p1a: Slowking|move: Future Sight
|
|-heal|p2a: hoisin poison|96/100|[from] item: Black Sludge
|-damage|p1a: Slowking|15/100 tox|[from] psn
|upkeep
|turn|21
|
|t:|1664640337
|switch|p1a: Salamence|Salamence, M|94/100 tox
|-ability|p1a: Salamence|Intimidate|boost
|-unboost|p2a: hoisin poison|atk|1
|move|p2a: hoisin poison|Sludge Bomb|p1a: Salamence
|-crit|p1a: Salamence
|-damage|p1a: Salamence|45/100 tox
|
|-heal|p2a: hoisin poison|100/100|[from] item: Black Sludge
|-damage|p1a: Salamence|39/100 tox|[from] psn
|upkeep
|turn|22
|
|t:|1664640345
|move|p2a: hoisin poison|Sludge Bomb|p1a: Salamence
|-damage|p1a: Salamence|5/100 tox
|move|p1a: Salamence|Defog|p2a: hoisin poison
|-unboost|p2a: hoisin poison|evasion|1
|-sideend|p1: Fousfull|Spikes|[from] move: Defog|[of] p1a: Salamence
|-sideend|p1: Fousfull|Stealth Rock|[from] move: Defog|[of] p1a: Salamence
|
|-end|p2a: hoisin poison|move: Future Sight
|-supereffective|p2a: hoisin poison
|-damage|p2a: hoisin poison|31/100
|-heal|p2a: hoisin poison|37/100|[from] item: Black Sludge
|-damage|p1a: Salamence|0 fnt|[from] psn
|faint|p1a: Salamence
|upkeep
|
|t:|1664640349
|switch|p1a: Zarude|Zarude-Dada|100/100
|turn|23
|
|t:|1664640361
|move|p1a: Zarude|Darkest Lariat|p2a: hoisin poison
|-damage|p2a: hoisin poison|0 fnt
|faint|p2a: hoisin poison
|
|upkeep
|
|t:|1664640364
|switch|p2a: coba truthin|Cobalion|97/100
|turn|24
|inactive|pokemonisfun has 120 seconds left.
|
|t:|1664640392
|switch|p1a: Cobalion|Cobalion|9/100
|move|p2a: coba truthin|Stealth Rock|p1a: Cobalion
|-sidestart|p1: Fousfull|move: Stealth Rock
|
|upkeep
|turn|25
|inactive|pokemonisfun has 120 seconds left.
|
|t:|1664640429
|switch|p2a: GOD POD|Golisopod, F|36/100
|move|p1a: Cobalion|Stealth Rock|p2a: GOD POD
|-sidestart|p2: pokemonisfun|move: Stealth Rock
|
|upkeep
|turn|26
|inactive|pokemonisfun has 90 seconds left.
|
|t:|1664640446
|move|p2a: GOD POD|First Impression|p1a: Cobalion
|-resisted|p1a: Cobalion
|-damage|p1a: Cobalion|0 fnt
|-damage|p2a: GOD POD|19/100|[from] item: Rocky Helmet|[of] p1a: Cobalion
|faint|p1a: Cobalion
|
|upkeep
|
|t:|1664640450
|switch|p1a: Nihilego|Nihilego|100/100
|-damage|p1a: Nihilego|88/100|[from] Stealth Rock
|turn|27
|
|t:|1664640461
|switch|p2a: coba truthin|Cobalion|97/100
|-damage|p2a: coba truthin|94/100|[from] Stealth Rock
|move|p1a: Nihilego|Meteor Beam||[still]
|-prepare|p1a: Nihilego|Meteor Beam
|-boost|p1a: Nihilego|spa|1
|-enditem|p1a: Nihilego|Power Herb
|-anim|p1a: Nihilego|Meteor Beam|p2a: coba truthin
|-resisted|p2a: coba truthin
|-crit|p2a: coba truthin
|-damage|p2a: coba truthin|50/100
|
|upkeep
|turn|28
|
|t:|1664640468
|move|p2a: coba truthin|Iron Head|p1a: Nihilego
|-supereffective|p1a: Nihilego
|-damage|p1a: Nihilego|0 fnt
|faint|p1a: Nihilego
|
|upkeep
|c|☆Fousfull|Yep gg i give up
|c|☆pokemonisfun|sry for hax again
|-message|Fousfull forfeited.
|
|win|pokemonisfun
|raw|Fousfull's rating: 1621 &rarr; <strong>1614</strong><br />(-7 for losing)
|raw|pokemonisfun's rating: 1897 &rarr; <strong>1904</strong><br />(+7 for winning)
|c|☆pokemonisfun|gg
|l|☆Fousfull
||Ladder isn't responding, score probably updated but might not have (Request timeout).
