|j|☆klinkinator
|j|☆Firquen
|player|p1|klinkinator|acetrainer-gen4dp|1224
|player|p2|Firquen|benga|1306
|teamsize|p1|6
|teamsize|p2|6
|gametype|singles
|gen|8
|tier|[Gen 8] UU
|rated|
|clearpoke
|poke|p1|Araquanid, F|
|poke|p1|Gardevoir, M|
|poke|p1|Runerigus, F|
|poke|p1|Cobalion|
|poke|p1|Noivern, F|
|poke|p1|Umbreon, F|
|poke|p2|Torkoal, M|
|poke|p2|Espeon, M|
|poke|p2|Darmanitan, M|
|poke|p2|Venusaur, F|
|poke|p2|Flygon, M|
|poke|p2|Heliolisk, F|
|rule|Sleep Clause Mod: Limit one foe put to sleep
|rule|Species Clause: Limit one of each Pokémon
|rule|OHKO Clause: OHKO moves are banned
|rule|Evasion Moves Clause: Evasion moves are banned
|rule|Endless Battle Clause: Forcing endless battles is banned
|rule|HP Percentage Mod: HP is shown in percentages
|rule|Dynamax Clause: You cannot dynamax
|teampreview
|
|start
|switch|p1a: Runerigus|Runerigus, F|100/100
|switch|p2a: Torkoal|Torkoal, M|100/100
|-weather|SunnyDay|[from] ability: Drought|[of] p2a: Torkoal
|turn|1
|
|move|p1a: Runerigus|Earthquake|p2a: Torkoal
|-supereffective|p2a: Torkoal
|-damage|p2a: Torkoal|66/100
|move|p2a: Torkoal|Stealth Rock|p1a: Runerigus
|-sidestart|p1: klinkinator|move: Stealth Rock
|
|-weather|SunnyDay|[upkeep]
|upkeep
|turn|2
|
|switch|p2a: Venusaur|Venusaur, F|100/100
|move|p1a: Runerigus|Stealth Rock|p2a: Venusaur
|-sidestart|p2: Firquen|move: Stealth Rock
|
|-weather|SunnyDay|[upkeep]
|upkeep
|turn|3
|
|move|p2a: Venusaur|Growth|p2a: Venusaur
|-boost|p2a: Venusaur|atk|2
|-boost|p2a: Venusaur|spa|2
|move|p1a: Runerigus|Earthquake|p2a: Venusaur
|-damage|p2a: Venusaur|58/100
|
|-weather|SunnyDay|[upkeep]
|upkeep
|turn|4
|
|move|p2a: Venusaur|Solar Beam||[still]
|-prepare|p2a: Venusaur|Solar Beam|p1a: Runerigus
|-anim|p2a: Venusaur|Solar Beam|p1a: Runerigus
|-supereffective|p1a: Runerigus
|-damage|p1a: Runerigus|0 fnt
|-damage|p2a: Venusaur|48/100|[from] item: Life Orb
|faint|p1a: Runerigus
|
|-weather|SunnyDay|[upkeep]
|upkeep
|
|switch|p1a: Noivern|Noivern, F|100/100
|turn|5
|
|move|p2a: Venusaur|Sludge Bomb|p1a: Noivern
|-damage|p1a: Noivern|0 fnt
|-damage|p2a: Venusaur|38/100|[from] item: Life Orb
|faint|p1a: Noivern
|
|-weather|SunnyDay|[upkeep]
|upkeep
|-message|klinkinator forfeited.
|
|win|Firquen
|l|☆klinkinator
