|j|☆uult1 SOMALIA
|j|☆uult1 pataozinho
|player|p1|uult1 SOMALIA|aaron|1677
|player|p2|uult1 pataozinho|dawn|1523
|teamsize|p1|6
|teamsize|p2|6
|gametype|singles
|gen|8
|tier|[Gen 8] UU
|rated|
|clearpoke
|poke|p1|Haxorus, F|
|poke|p1|Espeon, M|
|poke|p1|Sigilyph, F|
|poke|p1|Lucario, M|
|poke|p1|Golisopod, F|
|poke|p1|Rhyperior, M|
|poke|p2|Darmanitan, M|
|poke|p2|Rotom-Wash|
|poke|p2|Tsareena, F|
|poke|p2|Doublade, M|
|poke|p2|Rhyperior, M|
|poke|p2|Umbreon, F|
|rule|Sleep Clause Mod: Limit one foe put to sleep
|rule|Species Clause: Limit one of each Pokémon
|rule|OHKO Clause: OHKO moves are banned
|rule|Evasion Moves Clause: Evasion moves are banned
|rule|Endless Battle Clause: Forcing endless battles is banned
|rule|HP Percentage Mod: HP is shown in percentages
|rule|Dynamax Clause: You cannot dynamax
|teampreview
|inactive|Battle timer is ON: inactive players will automatically lose when time's up. (requested by uult1 SOMALIA)
|j| uult1 ramolost
|
|start
|switch|p1a: Rhyperior|Rhyperior, M|100/100
|switch|p2a: Darmanitan|Darmanitan, M|100/100
|turn|1
|
|move|p2a: Darmanitan|U-turn|p1a: Rhyperior
|-damage|p1a: Rhyperior|85/100
|
|switch|p2a: Tsareena|Tsareena, F|100/100|[from]move: U-turn
|move|p1a: Rhyperior|Stealth Rock|p2a: Tsareena
|-sidestart|p2: uult1 pataozinho|move: Stealth Rock
|
|-heal|p1a: Rhyperior|91/100|[from] item: Leftovers
|upkeep
|turn|2
|
|switch|p1a: Golisopod|Golisopod, F|100/100
|move|p2a: Tsareena|Rapid Spin|p1a: Golisopod
|-damage|p1a: Golisopod|87/100
|-boost|p2a: Tsareena|spe|1
|-sideend|p2: uult1 pataozinho|Stealth Rock|[from] move: Rapid Spin|[of] p2a: Tsareena
|
|upkeep
|turn|3
|j| JustªRandomNick
|j| Hydreigon Specs
|c| Hydreigon Specs|hs
|
|switch|p2a: Doublade|Doublade, M|100/100
|move|p1a: Golisopod|First Impression|p2a: Doublade
|-resisted|p2a: Doublade
|-damage|p2a: Doublade|94/100
|
|upkeep
|turn|4
|
|switch|p1a: Rhyperior|Rhyperior, M|91/100
|move|p2a: Doublade|Swords Dance|p2a: Doublade
|-boost|p2a: Doublade|atk|2
|
|-heal|p1a: Rhyperior|97/100|[from] item: Leftovers
|upkeep
|turn|5
|
|switch|p2a: Rotom|Rotom-Wash|100/100
|move|p1a: Rhyperior|Earthquake|p2a: Rotom
|-immune|p2a: Rotom|[from] ability: Levitate
|
|-heal|p1a: Rhyperior|100/100|[from] item: Leftovers
|upkeep
|turn|6
|
|switch|p1a: Golisopod|Golisopod, F|87/100
|move|p2a: Rotom|Hydro Pump|p1a: Golisopod
|-resisted|p1a: Golisopod
|-damage|p1a: Golisopod|65/100
|
|upkeep
|turn|7
|
|switch|p2a: Doublade|Doublade, M|94/100
|move|p1a: Golisopod|First Impression|p2a: Doublade
|-resisted|p2a: Doublade
|-damage|p2a: Doublade|87/100
|
|upkeep
|turn|8
|
|switch|p1a: Rhyperior|Rhyperior, M|100/100
|switch|p2a: Rotom|Rotom-Wash|100/100
|
|upkeep
|turn|9
|
|switch|p1a: Golisopod|Golisopod, F|65/100
|move|p2a: Rotom|Will-O-Wisp|p1a: Golisopod
|-status|p1a: Golisopod|brn
|
|-damage|p1a: Golisopod|59/100 brn|[from] brn
|upkeep
|turn|10
|
|move|p2a: Rotom|Volt Switch|p1a: Golisopod
|-supereffective|p1a: Golisopod
|-damage|p1a: Golisopod|4/100 brn
|-activate|p1a: Golisopod|ability: Emergency Exit
|
|switch|p1a: Espeon|Espeon, M|100/100
|
|upkeep
|turn|11
|
|switch|p2a: Umbreon|Umbreon, F|100/100
|move|p1a: Espeon|Reflect|p1a: Espeon
|-sidestart|p1: uult1 SOMALIA|Reflect
|
|upkeep
|turn|12
|
|move|p1a: Espeon|Light Screen|p1a: Espeon
|-sidestart|p1: uult1 SOMALIA|move: Light Screen
|move|p2a: Umbreon|Wish|p2a: Umbreon
|
|upkeep
|turn|13
|c| uult1 ramolost|-hs
|
|switch|p1a: Golisopod|Golisopod, F|4/100 brn
|switch|p2a: Doublade|Doublade, M|87/100
|
|-heal|p2a: Doublade|100/100|[from] move: Wish|[wisher] Umbreon
|-damage|p1a: Golisopod|0 fnt|[from] brn
|faint|p1a: Golisopod
|upkeep
|
|switch|p1a: Haxorus|Haxorus, F|100/100
|-ability|p1a: Haxorus|Mold Breaker
|turn|14
|
|move|p1a: Haxorus|Dragon Dance|p1a: Haxorus
|-boost|p1a: Haxorus|atk|1
|-boost|p1a: Haxorus|spe|1
|move|p2a: Doublade|Swords Dance|p2a: Doublade
|-boost|p2a: Doublade|atk|2
|
|upkeep
|turn|15
|
|move|p1a: Haxorus|Earthquake|p2a: Doublade
|-supereffective|p2a: Doublade
|-damage|p2a: Doublade|35/100
|move|p2a: Doublade|Iron Head|p1a: Haxorus
|-damage|p1a: Haxorus|48/100
|
|upkeep
|turn|16
|
|move|p2a: Doublade|Shadow Sneak|p1a: Haxorus
|-damage|p1a: Haxorus|23/100
|move|p1a: Haxorus|Earthquake|p2a: Doublade
|-supereffective|p2a: Doublade
|-damage|p2a: Doublade|0 fnt
|faint|p2a: Doublade
|
|upkeep
|
|switch|p2a: Rhyperior|Rhyperior, M|100/100
|turn|17
|
|move|p1a: Haxorus|Earthquake|p2a: Rhyperior
|-supereffective|p2a: Rhyperior
|-damage|p2a: Rhyperior|23/100
|move|p2a: Rhyperior|Earthquake|p1a: Haxorus
|-damage|p1a: Haxorus|0 fnt
|faint|p1a: Haxorus
|
|-heal|p2a: Rhyperior|30/100|[from] item: Leftovers
|upkeep
|
|switch|p1a: Lucario|Lucario, M|100/100
|turn|18
|
|move|p1a: Lucario|Close Combat|p2a: Rhyperior
|-supereffective|p2a: Rhyperior
|-damage|p2a: Rhyperior|0 fnt
|-unboost|p1a: Lucario|def|1
|-unboost|p1a: Lucario|spd|1
|-damage|p1a: Lucario|91/100|[from] item: Life Orb
|faint|p2a: Rhyperior
|
|-sideend|p1: uult1 SOMALIA|Reflect
|upkeep
|
|switch|p2a: Darmanitan|Darmanitan, M|100/100
|turn|19
|
|switch|p1a: Rhyperior|Rhyperior, M|100/100
|move|p2a: Darmanitan|Earthquake|p1a: Rhyperior
|-supereffective|p1a: Rhyperior
|-damage|p1a: Rhyperior|67/100
|
|-heal|p1a: Rhyperior|73/100|[from] item: Leftovers
|-sideend|p1: uult1 SOMALIA|move: Light Screen
|upkeep
|turn|20
|
|switch|p2a: Tsareena|Tsareena, F|100/100
|move|p1a: Rhyperior|Stealth Rock|p2a: Tsareena
|-sidestart|p2: uult1 pataozinho|move: Stealth Rock
|
|-heal|p1a: Rhyperior|79/100|[from] item: Leftovers
|upkeep
|turn|21
|l| uult1 ramolost
|inactive|uult1 SOMALIA has 120 seconds left.
|
|switch|p1a: Lucario|Lucario, M|91/100
|move|p2a: Tsareena|Rapid Spin|p1a: Lucario
|-resisted|p1a: Lucario
|-damage|p1a: Lucario|76/100
|-boost|p2a: Tsareena|spe|1
|-sideend|p2: uult1 pataozinho|Stealth Rock|[from] move: Rapid Spin|[of] p2a: Tsareena
|
|upkeep
|turn|22
|
|move|p2a: Tsareena|U-turn|p1a: Lucario
|-resisted|p1a: Lucario
|-damage|p1a: Lucario|66/100
|
|switch|p2a: Rotom|Rotom-Wash|100/100|[from]move: U-turn
|move|p1a: Lucario|Close Combat|p2a: Rotom
|-damage|p2a: Rotom|41/100
|-unboost|p1a: Lucario|def|1
|-unboost|p1a: Lucario|spd|1
|-damage|p1a: Lucario|56/100|[from] item: Life Orb
|
|-heal|p2a: Rotom|47/100|[from] item: Leftovers
|upkeep
|turn|23
|
|move|p1a: Lucario|Close Combat|p2a: Rotom
|-damage|p2a: Rotom|0 fnt
|-unboost|p1a: Lucario|def|1
|-unboost|p1a: Lucario|spd|1
|-damage|p1a: Lucario|46/100|[from] item: Life Orb
|faint|p2a: Rotom
|
|upkeep
|
|switch|p2a: Darmanitan|Darmanitan, M|100/100
|turn|24
|inactive|uult1 SOMALIA has 120 seconds left.
|
|switch|p1a: Rhyperior|Rhyperior, M|79/100
|move|p2a: Darmanitan|Flare Blitz|p1a: Rhyperior
|-resisted|p1a: Rhyperior
|-damage|p1a: Rhyperior|53/100
|-damage|p2a: Darmanitan|90/100|[from] Recoil
|
|-heal|p1a: Rhyperior|59/100|[from] item: Leftovers
|upkeep
|turn|25
|
|switch|p2a: Tsareena|Tsareena, F|100/100
|switch|p1a: Espeon|Espeon, M|100/100
|
|upkeep
|turn|26
|
|move|p1a: Espeon|Reflect|p1a: Espeon
|-sidestart|p1: uult1 SOMALIA|Reflect
|move|p2a: Tsareena|Rapid Spin|p1a: Espeon
|-damage|p1a: Espeon|86/100
|-boost|p2a: Tsareena|spe|1
|
|upkeep
|turn|27
|
|move|p2a: Tsareena|Knock Off|p1a: Espeon
|-supereffective|p1a: Espeon
|-damage|p1a: Espeon|27/100
|-enditem|p1a: Espeon|Light Clay|[from] move: Knock Off|[of] p2a: Tsareena
|move|p1a: Espeon|Light Screen|p1a: Espeon
|-sidestart|p1: uult1 SOMALIA|move: Light Screen
|
|upkeep
|turn|28
|
|move|p2a: Tsareena|Knock Off|p1a: Espeon
|-supereffective|p1a: Espeon
|-damage|p1a: Espeon|0 fnt
|faint|p1a: Espeon
|
|upkeep
|
|switch|p1a: Lucario|Lucario, M|46/100
|turn|29
|
|move|p2a: Tsareena|Power Whip|p1a: Lucario
|-resisted|p1a: Lucario
|-damage|p1a: Lucario|21/100
|move|p1a: Lucario|Swords Dance|p1a: Lucario
|-boost|p1a: Lucario|atk|2
|
|upkeep
|turn|30
|
|move|p1a: Lucario|Extreme Speed|p2a: Tsareena
|-damage|p2a: Tsareena|17/100
|-damage|p1a: Lucario|12/100|[from] item: Life Orb
|move|p2a: Tsareena|Power Whip|p1a: Lucario
|-resisted|p1a: Lucario
|-damage|p1a: Lucario|0 fnt
|faint|p1a: Lucario
|
|upkeep
|
|switch|p1a: Sigilyph|Sigilyph, F|100/100
|turn|31
|c| Hydreigon Specs|why is this
|c| Hydreigon Specs|not quernly majesty
|c| Hydreigon Specs|tsar
|c| Hydreigon Specs|,
|
|move|p2a: Tsareena|Knock Off|p1a: Sigilyph
|-supereffective|p1a: Sigilyph
|-enditem|p1a: Sigilyph|Colbur Berry|[eat]
|-enditem|p1a: Sigilyph|Colbur Berry|[weaken]
|-damage|p1a: Sigilyph|87/100
|move|p1a: Sigilyph|Cosmic Power|p1a: Sigilyph
|-boost|p1a: Sigilyph|def|1
|-boost|p1a: Sigilyph|spd|1
|
|-sideend|p1: uult1 SOMALIA|move: Light Screen
|upkeep
|turn|32
|
|move|p2a: Tsareena|U-turn|p1a: Sigilyph
|-damage|p1a: Sigilyph|81/100
|
|switch|p2a: Umbreon|Umbreon, F|100/100|[from]move: U-turn
|move|p1a: Sigilyph|Cosmic Power|p1a: Sigilyph
|-boost|p1a: Sigilyph|def|1
|-boost|p1a: Sigilyph|spd|1
|
|upkeep
|turn|33
|
|move|p1a: Sigilyph|Cosmic Power|p1a: Sigilyph
|-boost|p1a: Sigilyph|def|1
|-boost|p1a: Sigilyph|spd|1
|move|p2a: Umbreon|Foul Play|p1a: Sigilyph
|-supereffective|p1a: Sigilyph
|-damage|p1a: Sigilyph|75/100
|
|-sideend|p1: uult1 SOMALIA|Reflect
|upkeep
|turn|34
|
|move|p1a: Sigilyph|Roost|p1a: Sigilyph
|-heal|p1a: Sigilyph|100/100
|-singleturn|p1a: Sigilyph|move: Roost
|move|p2a: Umbreon|Foul Play|p1a: Sigilyph
|-supereffective|p1a: Sigilyph
|-damage|p1a: Sigilyph|90/100
|
|upkeep
|turn|35
|
|move|p1a: Sigilyph|Calm Mind|p1a: Sigilyph
|-boost|p1a: Sigilyph|spa|1
|-boost|p1a: Sigilyph|spd|1
|move|p2a: Umbreon|Foul Play|p1a: Sigilyph
|-supereffective|p1a: Sigilyph
|-damage|p1a: Sigilyph|79/100
|
|upkeep
|turn|36
|
|move|p1a: Sigilyph|Calm Mind|p1a: Sigilyph
|-boost|p1a: Sigilyph|spa|1
|-boost|p1a: Sigilyph|spd|1
|move|p2a: Umbreon|Foul Play|p1a: Sigilyph
|-supereffective|p1a: Sigilyph
|-damage|p1a: Sigilyph|68/100
|
|upkeep
|turn|37
|
|move|p1a: Sigilyph|Calm Mind|p1a: Sigilyph
|-boost|p1a: Sigilyph|spa|1
|-boost|p1a: Sigilyph|spd|1
|move|p2a: Umbreon|Foul Play|p1a: Sigilyph
|-supereffective|p1a: Sigilyph
|-damage|p1a: Sigilyph|58/100
|
|upkeep
|turn|38
|
|move|p1a: Sigilyph|Roost|p1a: Sigilyph
|-heal|p1a: Sigilyph|100/100
|-singleturn|p1a: Sigilyph|move: Roost
|move|p2a: Umbreon|Foul Play|p1a: Sigilyph
|-supereffective|p1a: Sigilyph
|-damage|p1a: Sigilyph|90/100
|
|upkeep
|turn|39
|
|move|p1a: Sigilyph|Calm Mind|p1a: Sigilyph
|-boost|p1a: Sigilyph|spa|1
|-boost|p1a: Sigilyph|spd|0
|move|p2a: Umbreon|Foul Play|p1a: Sigilyph
|-supereffective|p1a: Sigilyph
|-damage|p1a: Sigilyph|81/100
|
|upkeep
|turn|40
|j| Ranbu No Melody
|
|move|p1a: Sigilyph|Calm Mind|p1a: Sigilyph
|-boost|p1a: Sigilyph|spa|1
|-boost|p1a: Sigilyph|spd|0
|move|p2a: Umbreon|Foul Play|p1a: Sigilyph
|-supereffective|p1a: Sigilyph
|-damage|p1a: Sigilyph|71/100
|
|upkeep
|turn|41
|
|move|p1a: Sigilyph|Roost|p1a: Sigilyph
|-heal|p1a: Sigilyph|100/100
|-singleturn|p1a: Sigilyph|move: Roost
|move|p2a: Umbreon|Foul Play|p1a: Sigilyph
|-supereffective|p1a: Sigilyph
|-damage|p1a: Sigilyph|90/100
|
|upkeep
|turn|42
|
|move|p1a: Sigilyph|Calm Mind|p1a: Sigilyph
|-boost|p1a: Sigilyph|spa|1
|-boost|p1a: Sigilyph|spd|0
|move|p2a: Umbreon|Foul Play|p1a: Sigilyph
|-supereffective|p1a: Sigilyph
|-damage|p1a: Sigilyph|80/100
|
|upkeep
|turn|43
|
|move|p1a: Sigilyph|Calm Mind|p1a: Sigilyph
|-boost|p1a: Sigilyph|spa|0
|-boost|p1a: Sigilyph|spd|0
|move|p2a: Umbreon|Foul Play|p1a: Sigilyph
|-supereffective|p1a: Sigilyph
|-damage|p1a: Sigilyph|69/100
|
|upkeep
|turn|44
|j| uult1 ramolost
|j| gorex
|
|move|p1a: Sigilyph|Calm Mind|p1a: Sigilyph
|-boost|p1a: Sigilyph|spa|0
|-boost|p1a: Sigilyph|spd|0
|move|p2a: Umbreon|Foul Play|p1a: Sigilyph
|-supereffective|p1a: Sigilyph
|-damage|p1a: Sigilyph|59/100
|
|upkeep
|turn|45
|j| UULT1 SOLO DOLO
|
|move|p1a: Sigilyph|Roost|p1a: Sigilyph
|-heal|p1a: Sigilyph|100/100
|-singleturn|p1a: Sigilyph|move: Roost
|move|p2a: Umbreon|Foul Play|p1a: Sigilyph
|-supereffective|p1a: Sigilyph
|-damage|p1a: Sigilyph|90/100
|
|upkeep
|turn|46
|inactive|uult1 SOMALIA has 120 seconds left.
|j| pif
|inactive|uult1 SOMALIA has 90 seconds left.
|
|move|p1a: Sigilyph|Calm Mind|p1a: Sigilyph
|-boost|p1a: Sigilyph|spa|0
|-boost|p1a: Sigilyph|spd|0
|move|p2a: Umbreon|Foul Play|p1a: Sigilyph
|-supereffective|p1a: Sigilyph
|-damage|p1a: Sigilyph|80/100
|
|upkeep
|turn|47
|
|move|p1a: Sigilyph|Calm Mind|p1a: Sigilyph
|-boost|p1a: Sigilyph|spa|0
|-boost|p1a: Sigilyph|spd|0
|move|p2a: Umbreon|Foul Play|p1a: Sigilyph
|-supereffective|p1a: Sigilyph
|-damage|p1a: Sigilyph|69/100
|
|upkeep
|turn|48
|inactive|uult1 SOMALIA has 90 seconds left.
|j| lucqq
|l| JustªRandomNick
|inactive|uult1 SOMALIA has 60 seconds left.
|
|move|p1a: Sigilyph|Roost|p1a: Sigilyph
|-heal|p1a: Sigilyph|100/100
|-singleturn|p1a: Sigilyph|move: Roost
|move|p2a: Umbreon|Foul Play|p1a: Sigilyph
|-supereffective|p1a: Sigilyph
|-damage|p1a: Sigilyph|90/100
|
|upkeep
|turn|49
|
|move|p1a: Sigilyph|Calm Mind|p1a: Sigilyph
|-boost|p1a: Sigilyph|spa|0
|-boost|p1a: Sigilyph|spd|0
|move|p2a: Umbreon|Foul Play|p1a: Sigilyph
|-supereffective|p1a: Sigilyph
|-damage|p1a: Sigilyph|79/100
|
|upkeep
|turn|50
|j| treeckomaman
|inactive|uult1 SOMALIA has 60 seconds left.
|
|move|p1a: Sigilyph|Calm Mind|p1a: Sigilyph
|-boost|p1a: Sigilyph|spa|0
|-boost|p1a: Sigilyph|spd|0
|move|p2a: Umbreon|Foul Play|p1a: Sigilyph
|-supereffective|p1a: Sigilyph
|-damage|p1a: Sigilyph|69/100
|
|upkeep
|turn|51
|
|move|p1a: Sigilyph|Calm Mind|p1a: Sigilyph
|-boost|p1a: Sigilyph|spa|0
|-boost|p1a: Sigilyph|spd|0
|move|p2a: Umbreon|Foul Play|p1a: Sigilyph
|-supereffective|p1a: Sigilyph
|-damage|p1a: Sigilyph|58/100
|
|upkeep
|turn|52
|
|move|p1a: Sigilyph|Roost|p1a: Sigilyph
|-heal|p1a: Sigilyph|100/100
|-singleturn|p1a: Sigilyph|move: Roost
|move|p2a: Umbreon|Foul Play|p1a: Sigilyph
|-supereffective|p1a: Sigilyph
|-damage|p1a: Sigilyph|90/100
|
|upkeep
|turn|53
|
|move|p1a: Sigilyph|Calm Mind|p1a: Sigilyph
|-boost|p1a: Sigilyph|spa|0
|-boost|p1a: Sigilyph|spd|0
|move|p2a: Umbreon|Foul Play|p1a: Sigilyph
|-supereffective|p1a: Sigilyph
|-damage|p1a: Sigilyph|79/100
|
|upkeep
|turn|54
|
|move|p1a: Sigilyph|Calm Mind|p1a: Sigilyph
|-boost|p1a: Sigilyph|spa|0
|-boost|p1a: Sigilyph|spd|0
|move|p2a: Umbreon|Foul Play|p1a: Sigilyph
|-supereffective|p1a: Sigilyph
|-damage|p1a: Sigilyph|68/100
|
|upkeep
|turn|55
|
|move|p1a: Sigilyph|Calm Mind|p1a: Sigilyph
|-boost|p1a: Sigilyph|spa|0
|-boost|p1a: Sigilyph|spd|0
|move|p2a: Umbreon|Foul Play|p1a: Sigilyph
|-supereffective|p1a: Sigilyph
|-damage|p1a: Sigilyph|57/100
|
|upkeep
|turn|56
|
|move|p1a: Sigilyph|Roost|p1a: Sigilyph
|-heal|p1a: Sigilyph|100/100
|-singleturn|p1a: Sigilyph|move: Roost
|move|p2a: Umbreon|Foul Play|p1a: Sigilyph
|-supereffective|p1a: Sigilyph
|-damage|p1a: Sigilyph|90/100
|
|upkeep
|turn|57
|
|move|p1a: Sigilyph|Calm Mind|p1a: Sigilyph
|-boost|p1a: Sigilyph|spa|0
|-boost|p1a: Sigilyph|spd|0
|move|p2a: Umbreon|Heal Bell||[still]
|-activate|p2a: Umbreon|move: Heal Bell
|-fail|p2a: Umbreon
|
|upkeep
|turn|58
|j| Shakurr
|
|move|p1a: Sigilyph|Cosmic Power|p1a: Sigilyph
|-boost|p1a: Sigilyph|def|1
|-boost|p1a: Sigilyph|spd|0
|move|p2a: Umbreon|Heal Bell||[still]
|-activate|p2a: Umbreon|move: Heal Bell
|-fail|p2a: Umbreon
|
|upkeep
|turn|59
|
|switch|p2a: Darmanitan|Darmanitan, M|90/100
|move|p1a: Sigilyph|Cosmic Power|p1a: Sigilyph
|-boost|p1a: Sigilyph|def|1
|-boost|p1a: Sigilyph|spd|0
|
|upkeep
|turn|60
|inactive|uult1 SOMALIA has 90 seconds left.
|c| Shakurr|CHAMA O VIADO DO SOMALIA
|inactive|uult1 SOMALIA has 60 seconds left.
|
|move|p2a: Darmanitan|U-turn|p1a: Sigilyph
|-damage|p1a: Sigilyph|84/100
|
|switch|p2a: Umbreon|Umbreon, F|100/100|[from]move: U-turn
|move|p1a: Sigilyph|Roost|p1a: Sigilyph
|-heal|p1a: Sigilyph|100/100
|-singleturn|p1a: Sigilyph|move: Roost
|
|upkeep
|turn|61
|
|move|p1a: Sigilyph|Cosmic Power|p1a: Sigilyph
|-boost|p1a: Sigilyph|def|1
|-boost|p1a: Sigilyph|spd|0
|move|p2a: Umbreon|Wish|p2a: Umbreon
|
|upkeep
|turn|62
|c| Hydreigon Specs|hshshshshshshshshshshshshshshshshshshshshshshshshshshshshshshshshshshshshshshshshshshshshshshshshshshs
|c| uult1 ramolost|hs
|c| UULT1 SOLO DOLO|HS
|j| NLT54yo SA
|inactive|uult1 SOMALIA has 60 seconds left.
|
|move|p1a: Sigilyph|Cosmic Power|p1a: Sigilyph
|-boost|p1a: Sigilyph|def|0
|-boost|p1a: Sigilyph|spd|0
|move|p2a: Umbreon|Heal Bell||[still]
|-activate|p2a: Umbreon|move: Heal Bell
|-fail|p2a: Umbreon
|
|upkeep
|turn|63
|c| UULT1 SOLO DOLO|ESTA
|j| dead reckoning
|
|switch|p2a: Darmanitan|Darmanitan, M|90/100
|move|p1a: Sigilyph|Cosmic Power|p1a: Sigilyph
|-boost|p1a: Sigilyph|def|0
|-boost|p1a: Sigilyph|spd|0
|
|upkeep
|turn|64
|c| UULT1 SOLO DOLO|ITS DEADLINE TIME
|
|move|p2a: Darmanitan|U-turn|p1a: Sigilyph
|-crit|p1a: Sigilyph
|-damage|p1a: Sigilyph|71/100
|c| UULT1 SOLO DOLO|NOWWWWWWWWWWWWWWWWWWWWWWWWWWWWWWWWWW
|
|switch|p2a: Umbreon|Umbreon, F|100/100|[from]move: U-turn
|move|p1a: Sigilyph|Roost|p1a: Sigilyph
|-heal|p1a: Sigilyph|100/100
|-singleturn|p1a: Sigilyph|move: Roost
|
|upkeep
|turn|65
|inactive|uult1 SOMALIA has 90 seconds left.
|j| 70to90%ICY
|j| starlings
|c| treeckomaman|LOL
|
|move|p1a: Sigilyph|Cosmic Power|p1a: Sigilyph
|-boost|p1a: Sigilyph|def|0
|-boost|p1a: Sigilyph|spd|0
|move|p2a: Umbreon|Wish|p2a: Umbreon
|
|upkeep
|turn|66
|
|switch|p2a: Darmanitan|Darmanitan, M|90/100
|move|p1a: Sigilyph|Stored Power|p2a: Darmanitan
|-damage|p2a: Darmanitan|0 fnt
|faint|p2a: Darmanitan
|
|upkeep
|c|☆uult1 SOMALIA|COME ON MAN
|c| Hydreigon Specs|,.
|c| pif|goat
|c| Hydreigon Specs|l0l
|l| Shakurr
|c| starlings|1 min
|c| 70to90%ICY|just ladder tactics~
|c| starlings|pataoz forfeit lol
|inactive|uult1 pataozinho has 120 seconds left.
|c| starlings|save soma
|j| five magics
|
|switch|p2a: Umbreon|Umbreon, F|100/100
|turn|67
|-message|uult1 pataozinho forfeited.
|
|win|uult1 SOMALIA
|l|☆uult1 pataozinho
|l| dead reckoning
|raw|uult1 SOMALIA's rating: 1677 &rarr; <strong>1689</strong><br />(+12 for winning)
|raw|uult1 pataozinho's rating: 1540 &rarr; <strong>1528</strong><br />(-12 for losing)
|j| Shakurr
|l| treeckomaman
|l| Shakurr
|l| five magics
|l|☆uult1 SOMALIA
|n| lucqq|lucqq
|l| UULT1 SOLO DOLO
|l| gorex
|l| lucqq
|l| uult1 ramolost
|l| NLT54yo SA
|l| Ranbu No Melody
|l| starlings
|l| 70to90%ICY
|j| Lnua
