|raw|<div class="broadcast-blue"><strong>This battle is required to be public due to a player having a name starting with 'uult91w'.</div>
|j|☆Moutemoute
|j|☆UULT91w Adaam
|t:|1651941383
|gametype|singles
|player|p1|Moutemoute|#moutemoute|1665
|player|p2|UULT91w Adaam|2|1662
|teamsize|p1|6
|teamsize|p2|6
|gen|8
|tier|[Gen 8] UU
|rated|
|rule|Sleep Clause Mod: Limit one foe put to sleep
|rule|Species Clause: Limit one of each Pokémon
|rule|OHKO Clause: OHKO moves are banned
|rule|Evasion Moves Clause: Evasion moves are banned
|rule|Endless Battle Clause: Forcing endless battles is banned
|rule|HP Percentage Mod: HP is shown in percentages
|rule|Dynamax Clause: You cannot dynamax
|clearpoke
|poke|p1|Primarina, M|
|poke|p1|Aegislash, M|
|poke|p1|Cobalion|
|poke|p1|Amoonguss, M|
|poke|p1|Zygarde-10%|
|poke|p1|Salamence, M|
|poke|p2|Salamence, F|
|poke|p2|Magneton|
|poke|p2|Zarude-Dada|
|poke|p2|Mamoswine, M|
|poke|p2|Slowking, F|
|poke|p2|Cobalion|
|teampreview
|j| UULT91W bulufan
|j| Parpar
|j| opela
|c|☆UULT91w Adaam|hf
|
|t:|1651941423
|start
|switch|p1a: Cobalion|Cobalion|100/100
|switch|p2a: Slowking|Slowking, F|100/100
|turn|1
|c|☆Moutemoute|hf u sniping b*tch
|
|t:|1651941430
|move|p1a: Cobalion|Stealth Rock|p2a: Slowking
|-sidestart|p2: UULT91w Adaam|move: Stealth Rock
|move|p2a: Slowking|Scald|p1a: Cobalion
|-damage|p1a: Cobalion|65/100
|-status|p1a: Cobalion|brn
|
|-damage|p1a: Cobalion|59/100 brn|[from] brn
|upkeep
|turn|2
|c|☆UULT91w Adaam|wtf :[
|j| Papa's Pancakeria
|c|☆Moutemoute|:[
|
|t:|1651941446
|move|p1a: Cobalion|Volt Switch|p2a: Slowking
|-supereffective|p2a: Slowking
|-damage|p2a: Slowking|81/100
|-enditem|p2a: Slowking|Eject Button
|
|t:|1651941458
|switch|p2a: Cobalion|Cobalion|100/100
|-damage|p2a: Cobalion|97/100|[from] Stealth Rock
|
|-damage|p1a: Cobalion|53/100 brn|[from] brn
|upkeep
|turn|3
|
|t:|1651941462
|switch|p1a: Aegislash|Aegislash, M|100/100
|move|p2a: Cobalion|Stealth Rock|p1a: Aegislash
|-sidestart|p1: Moutemoute|move: Stealth Rock
|
|upkeep
|turn|4
|
|t:|1651941465
|move|p2a: Cobalion|Volt Switch|p1a: Aegislash
|-damage|p1a: Aegislash|90/100
|j| UULT91w St3ve
|
|t:|1651941496
|switch|p2a: magnemite triple|Magneton|100/100|[from]move: Volt Switch
|-damage|p2a: magnemite triple|94/100|[from] Stealth Rock
|-formechange|p1a: Aegislash|Aegislash-Blade||[from] ability: Stance Change
|move|p1a: Aegislash|Shadow Ball|p2a: magnemite triple
|-damage|p2a: magnemite triple|5/100
|
|-heal|p1a: Aegislash|96/100|[from] item: Leftovers
|upkeep
|turn|5
|c|☆UULT91w Adaam|the evs......
|
|t:|1651941517
|switch|p2a: ramoswine|Mamoswine, M|100/100
|-damage|p2a: ramoswine|88/100|[from] Stealth Rock
|switch|p1a: Cobalion|Cobalion|53/100 brn
|-damage|p1a: Cobalion|49/100 brn|[from] Stealth Rock
|
|-damage|p1a: Cobalion|43/100 brn|[from] brn
|upkeep
|turn|6
|
|t:|1651941525
|switch|p2a: Slowking|Slowking, F|100/100
|-damage|p2a: Slowking|88/100|[from] Stealth Rock
|move|p1a: Cobalion|Close Combat|p2a: Slowking
|-resisted|p2a: Slowking
|-damage|p2a: Slowking|79/100
|-unboost|p1a: Cobalion|def|1
|-unboost|p1a: Cobalion|spd|1
|
|-damage|p1a: Cobalion|37/100 brn|[from] brn
|upkeep
|turn|7
|
|t:|1651941530
|move|p1a: Cobalion|Volt Switch|p2a: Slowking
|-supereffective|p2a: Slowking
|-damage|p2a: Slowking|60/100
|
|t:|1651941533
|switch|p1a: Primarina|Primarina, M|100/100|[from]move: Volt Switch
|-damage|p1a: Primarina|88/100|[from] Stealth Rock
|move|p2a: Slowking|Teleport|p2a: Slowking
|
|t:|1651941546
|switch|p2a: Zarude|Zarude-Dada|100/100|[from]move: Teleport
|-damage|p2a: Zarude|88/100|[from] Stealth Rock
|
|-heal|p1a: Primarina|94/100|[from] item: Leftovers
|upkeep
|turn|8
|
|t:|1651941553
|move|p1a: Primarina|Protect|p1a: Primarina
|-singleturn|p1a: Primarina|Protect
|move|p2a: Zarude|U-turn|p1a: Primarina
|-activate|p1a: Primarina|move: Protect
|
|-heal|p1a: Primarina|99/100|[from] item: Leftovers
|upkeep
|turn|9
|
|t:|1651941558
|move|p2a: Zarude|U-turn|p1a: Primarina
|-resisted|p1a: Primarina
|-damage|p1a: Primarina|90/100
|
|t:|1651941560
|switch|p2a: Slowking|Slowking, F|94/100|[from]move: U-turn
|-damage|p2a: Slowking|81/100|[from] Stealth Rock
|move|p1a: Primarina|Whirlpool|p2a: Slowking|[miss]
|-miss|p1a: Primarina|p2a: Slowking
|
|-heal|p1a: Primarina|96/100|[from] item: Leftovers
|upkeep
|turn|10
|
|t:|1651941565
|move|p1a: Primarina|Moonblast|p2a: Slowking
|-crit|p2a: Slowking
|-damage|p2a: Slowking|41/100
|-unboost|p2a: Slowking|spa|1
|move|p2a: Slowking|Scald|p1a: Primarina
|-resisted|p1a: Primarina
|-damage|p1a: Primarina|88/100
|-status|p1a: Primarina|brn
|
|-heal|p1a: Primarina|94/100 brn|[from] item: Leftovers
|-damage|p1a: Primarina|88/100 brn|[from] brn
|upkeep
|turn|11
|
|t:|1651941569
|move|p1a: Primarina|Whirlpool|p2a: Slowking
|-resisted|p2a: Slowking
|-damage|p2a: Slowking|35/100
|-activate|p2a: Slowking|move: Whirlpool|[of] p1a: Primarina
|move|p2a: Slowking|Slack Off|p2a: Slowking
|-heal|p2a: Slowking|85/100
|
|-heal|p1a: Primarina|94/100 brn|[from] item: Leftovers
|-damage|p1a: Primarina|88/100 brn|[from] brn
|-damage|p2a: Slowking|72/100|[from] move: Whirlpool|[partiallytrapped]
|upkeep
|turn|12
|c| UULT91w St3ve|this move is 20% acc
|
|t:|1651941574
|move|p1a: Primarina|Moonblast|p2a: Slowking
|-damage|p2a: Slowking|42/100
|move|p2a: Slowking|Teleport|p2a: Slowking
|c|☆Moutemoute|y
|
|t:|1651941581
|switch|p2a: Cobalion|Cobalion|97/100|[from]move: Teleport
|-damage|p2a: Cobalion|94/100|[from] Stealth Rock
|
|-heal|p1a: Primarina|94/100 brn|[from] item: Leftovers
|-damage|p1a: Primarina|88/100 brn|[from] brn
|upkeep
|turn|13
|
|t:|1651941594
|switch|p1a: Zygarde|Zygarde-10%|100/100
|-damage|p1a: Zygarde|94/100|[from] Stealth Rock
|-ability|p1a: Zygarde|Aura Break
|move|p2a: Cobalion|Volt Switch|p1a: Zygarde
|-immune|p1a: Zygarde
|
|upkeep
|turn|14
|
|t:|1651941602
|switch|p2a: magnemite triple|Magneton|5/100
|-damage|p2a: magnemite triple|0 fnt|[from] Stealth Rock
|faint|p2a: magnemite triple
|move|p1a: Zygarde|Thousand Arrows|p2: magnemite triple|[notarget]
|-fail|p1a: Zygarde
|
|upkeep
|
|t:|1651941611
|switch|p2a: ramoswine|Mamoswine, M|88/100
|-damage|p2a: ramoswine|76/100|[from] Stealth Rock
|turn|15
|
|t:|1651941624
|switch|p1a: Primarina|Primarina, M|88/100 brn
|-damage|p1a: Primarina|76/100 brn|[from] Stealth Rock
|move|p2a: ramoswine|Ice Shard|p1a: Primarina
|-resisted|p1a: Primarina
|-damage|p1a: Primarina|63/100 brn
|
|-heal|p1a: Primarina|69/100 brn|[from] item: Leftovers
|-damage|p1a: Primarina|63/100 brn|[from] brn
|upkeep
|turn|16
|
|t:|1651941628
|switch|p2a: Slowking|Slowking, F|76/100
|-damage|p2a: Slowking|63/100|[from] Stealth Rock
|move|p1a: Primarina|Whirlpool|p2a: Slowking
|-resisted|p2a: Slowking
|-damage|p2a: Slowking|58/100
|-activate|p2a: Slowking|move: Whirlpool|[of] p1a: Primarina
|
|-heal|p1a: Primarina|69/100 brn|[from] item: Leftovers
|-damage|p1a: Primarina|63/100 brn|[from] brn
|-damage|p2a: Slowking|45/100|[from] move: Whirlpool|[partiallytrapped]
|upkeep
|turn|17
|
|t:|1651941634
|move|p1a: Primarina|Moonblast|p2a: Slowking
|-damage|p2a: Slowking|13/100
|move|p2a: Slowking|Slack Off|p2a: Slowking
|-heal|p2a: Slowking|63/100
|
|-heal|p1a: Primarina|69/100 brn|[from] item: Leftovers
|-damage|p1a: Primarina|63/100 brn|[from] brn
|-damage|p2a: Slowking|50/100|[from] move: Whirlpool|[partiallytrapped]
|upkeep
|turn|18
|l| Papa's Pancakeria
|
|t:|1651941640
|switch|p1a: Amoonguss|Amoonguss, M|100/100
|-damage|p1a: Amoonguss|88/100|[from] Stealth Rock
|move|p2a: Slowking|Slack Off|p2a: Slowking
|-heal|p2a: Slowking|100/100
|
|-end|p2a: Slowking|Whirlpool|[partiallytrapped]|[silent]
|upkeep
|turn|19
|
|t:|1651941647
|switch|p2a: Cobalion|Cobalion|94/100
|-damage|p2a: Cobalion|91/100|[from] Stealth Rock
|move|p1a: Amoonguss|Spore|p2a: Cobalion
|-status|p2a: Cobalion|slp|[from] move: Spore
|
|upkeep
|turn|20
|
|t:|1651941656
|switch|p2a: Slowking|Slowking, F|100/100
|-damage|p2a: Slowking|88/100|[from] Stealth Rock
|switch|p1a: Aegislash|Aegislash, M|96/100
|-damage|p1a: Aegislash|90/100|[from] Stealth Rock
|
|-heal|p1a: Aegislash|96/100|[from] item: Leftovers
|upkeep
|turn|21
|
|t:|1651941663
|switch|p2a: Zarude|Zarude-Dada|88/100
|-damage|p2a: Zarude|76/100|[from] Stealth Rock
|-formechange|p1a: Aegislash|Aegislash-Blade||[from] ability: Stance Change
|move|p1a: Aegislash|Shadow Ball|p2a: Zarude
|-resisted|p2a: Zarude
|-crit|p2a: Zarude
|-damage|p2a: Zarude|42/100
|
|-heal|p1a: Aegislash|100/100|[from] item: Leftovers
|upkeep
|turn|22
|
|t:|1651941669
|-formechange|p1a: Aegislash|Aegislash||[from] ability: Stance Change
|move|p1a: Aegislash|King's Shield|p1a: Aegislash
|-singleturn|p1a: Aegislash|Protect
|move|p2a: Zarude|Darkest Lariat|p1a: Aegislash
|-activate|p1a: Aegislash|move: Protect
|-unboost|p2a: Zarude|atk|1
|
|upkeep
|turn|23
|
|t:|1651941673
|move|p2a: Zarude|Darkest Lariat|p1a: Aegislash
|-supereffective|p1a: Aegislash
|-crit|p1a: Aegislash
|-damage|p1a: Aegislash|0 fnt
|faint|p1a: Aegislash
|
|upkeep
|j| TOE checkmate
|c|☆Moutemoute|BROOOOOOOOOOOOOOOO
|c|☆Moutemoute|:'(
|
|t:|1651941696
|switch|p1a: Amoonguss|Amoonguss, M|100/100
|-damage|p1a: Amoonguss|88/100|[from] Stealth Rock
|turn|24
|c| UULT91w St3ve|only way
|c| UULT91w St3ve|to beat moute
|c|☆Moutemoute|ye
|c|☆UULT91w Adaam|fr...
|c|☆UULT91w Adaam|im sorry
|c|☆Moutemoute|people can't beat me without haxx
|l| TOE checkmate
|c|☆Moutemoute|top 1 uu player without haxx
|
|t:|1651941723
|switch|p2a: Cobalion|Cobalion|91/100 slp
|-damage|p2a: Cobalion|88/100 slp|[from] Stealth Rock
|switch|p1a: Zygarde|Zygarde-10%|94/100
|-damage|p1a: Zygarde|88/100|[from] Stealth Rock
|-ability|p1a: Zygarde|Aura Break
|
|upkeep
|turn|25
|c|☆Moutemoute|see
|
|t:|1651941747
|switch|p2a: Zarude|Zarude-Dada|42/100
|-damage|p2a: Zarude|30/100|[from] Stealth Rock
|move|p1a: Zygarde|Thousand Arrows|p2a: Zarude
|-resisted|p2a: Zarude
|-damage|p2a: Zarude|2/100
|
|upkeep
|turn|26
|c| UULT91w St3ve|try to win this first, then flame
|c|☆Moutemoute|how
|c|☆Moutemoute|i lose the mon who beat 5/6
|
|t:|1651941764
|switch|p1a: Amoonguss|Amoonguss, M|100/100
|-damage|p1a: Amoonguss|88/100|[from] Stealth Rock
|move|p2a: Zarude|Jungle Healing|p2a: Zarude
|-heal|p2a: Zarude|27/100
|
|upkeep
|turn|27
|c| UULT91w St3ve|use magic
|
|t:|1651941768
|switch|p2a: Slowking|Slowking, F|100/100
|-damage|p2a: Slowking|88/100|[from] Stealth Rock
|switch|p1a: Zygarde|Zygarde-10%|88/100
|-damage|p1a: Zygarde|82/100|[from] Stealth Rock
|-ability|p1a: Zygarde|Aura Break
|
|upkeep
|turn|28
|c| UULT91w St3ve|i teach you
|c|☆UULT91w Adaam|full restore to bring back aegi
|
|t:|1651941776
|move|p1a: Zygarde|Toxic|p2a: Slowking
|-status|p2a: Slowking|tox
|move|p2a: Slowking|Scald|p1a: Zygarde
|-damage|p1a: Zygarde|41/100
|
|-damage|p2a: Slowking|82/100 tox|[from] psn
|upkeep
|turn|29
|
|t:|1651941786
|switch|p1a: Amoonguss|Amoonguss, M|100/100
|-damage|p1a: Amoonguss|88/100|[from] Stealth Rock
|move|p2a: Slowking|Teleport|p2a: Slowking
|
|t:|1651941789
|switch|p2a: ramoswine|Mamoswine, M|76/100|[from]move: Teleport
|-damage|p2a: ramoswine|63/100|[from] Stealth Rock
|
|upkeep
|turn|30
|
|t:|1651941810
|switch|p1a: Primarina|Primarina, M|63/100 brn
|-damage|p1a: Primarina|51/100 brn|[from] Stealth Rock
|move|p2a: ramoswine|Icicle Crash|p1a: Primarina
|-resisted|p1a: Primarina
|-damage|p1a: Primarina|24/100 brn
|
|-heal|p1a: Primarina|30/100 brn|[from] item: Leftovers
|-damage|p1a: Primarina|24/100 brn|[from] brn
|upkeep
|turn|31
|
|t:|1651941813
|move|p2a: ramoswine|Earthquake|p1a: Primarina
|-damage|p1a: Primarina|0 fnt
|faint|p1a: Primarina
|
|upkeep
|
|t:|1651941816
|switch|p1a: Cobalion|Cobalion|37/100 brn
|-damage|p1a: Cobalion|34/100 brn|[from] Stealth Rock
|turn|32
|
|t:|1651941820
|switch|p2a: Slowking|Slowking, F|100/100 tox
|-damage|p2a: Slowking|88/100 tox|[from] Stealth Rock
|move|p1a: Cobalion|Close Combat|p2a: Slowking
|-resisted|p2a: Slowking
|-crit|p2a: Slowking
|-damage|p2a: Slowking|75/100 tox
|-unboost|p1a: Cobalion|def|1
|-unboost|p1a: Cobalion|spd|1
|
|-damage|p2a: Slowking|69/100 tox|[from] psn
|-damage|p1a: Cobalion|28/100 brn|[from] brn
|upkeep
|turn|33
|
|t:|1651941824
|move|p1a: Cobalion|Volt Switch|p2a: Slowking
|-supereffective|p2a: Slowking
|-damage|p2a: Slowking|49/100 tox
|
|t:|1651941829
|switch|p1a: Amoonguss|Amoonguss, M|100/100|[from]move: Volt Switch
|-damage|p1a: Amoonguss|88/100|[from] Stealth Rock
|move|p2a: Slowking|Slack Off|p2a: Slowking
|-heal|p2a: Slowking|99/100 tox
|
|-damage|p2a: Slowking|87/100 tox|[from] psn
|upkeep
|turn|34
|
|t:|1651941836
|move|p1a: Amoonguss|Seed Bomb|p2a: Slowking
|-supereffective|p2a: Slowking
|-damage|p2a: Slowking|51/100 tox
|move|p2a: Slowking|Teleport|p2a: Slowking
|
|t:|1651941838
|switch|p2a: ramoswine|Mamoswine, M|63/100|[from]move: Teleport
|-damage|p2a: ramoswine|51/100|[from] Stealth Rock
|
|upkeep
|turn|35
|
|t:|1651941840
|move|p2a: ramoswine|Icicle Crash|p1a: Amoonguss
|-supereffective|p1a: Amoonguss
|-damage|p1a: Amoonguss|8/100
|move|p1a: Amoonguss|Seed Bomb|p2a: ramoswine
|-supereffective|p2a: ramoswine
|-damage|p2a: ramoswine|0 fnt
|faint|p2a: ramoswine
|
|upkeep
|c|☆Moutemoute|the path
|
|t:|1651941850
|switch|p2a: joey salami|Salamence, F|100/100
|turn|36
|c|☆Moutemoute|oh perdemos
|j| hariyana grande
|
|t:|1651941863
|move|p2a: joey salami|Dual Wingbeat|p1a: Amoonguss
|-supereffective|p1a: Amoonguss
|-damage|p1a: Amoonguss|0 fnt
|-damage|p2a: joey salami|84/100|[from] item: Rocky Helmet|[of] p1a: Amoonguss
|faint|p1a: Amoonguss
|-ability|p2a: joey salami|Moxie|boost
|-boost|p2a: joey salami|atk|1
|-hitcount|p1: Amoonguss|1
|
|upkeep
|j| Dunoks
|
|t:|1651941872
|switch|p1a: Zygarde|Zygarde-10%|41/100
|-damage|p1a: Zygarde|35/100|[from] Stealth Rock
|-ability|p1a: Zygarde|Aura Break
|turn|37
|l| Dunoks
|
|t:|1651941904
|switch|p2a: Zarude|Zarude-Dada|27/100
|-damage|p2a: Zarude|15/100|[from] Stealth Rock
|move|p1a: Zygarde|Thousand Arrows|p2a: Zarude
|-resisted|p2a: Zarude
|-damage|p2a: Zarude|0 fnt
|faint|p2a: Zarude
|
|upkeep
|
|t:|1651941905
|switch|p2a: Slowking|Slowking, F|84/100 tox
|-damage|p2a: Slowking|72/100 tox|[from] Stealth Rock
|turn|38
|
|t:|1651941910
|switch|p1a: Salamence|Salamence, M|100/100
|-ability|p1a: Salamence|Intimidate|boost
|-unboost|p2a: Slowking|atk|1
|move|p2a: Slowking|Scald|p1a: Salamence
|-resisted|p1a: Salamence
|-damage|p1a: Salamence|85/100
|-status|p1a: Salamence|brn
|
|-damage|p2a: Slowking|65/100 tox|[from] psn
|-damage|p1a: Salamence|79/100 brn|[from] brn
|upkeep
|turn|39
|
|t:|1651941916
|move|p1a: Salamence|Dual Wingbeat|p2a: Slowking
|-crit|p2a: Slowking
|-damage|p2a: Slowking|55/100 tox
|-damage|p2a: Slowking|48/100 tox
|-hitcount|p2a: Slowking|2
|move|p2a: Slowking|Teleport|p2a: Slowking
|
|t:|1651941920
|switch|p2a: joey salami|Salamence, F|84/100|[from]move: Teleport
|
|-damage|p1a: Salamence|73/100 brn|[from] brn
|upkeep
|turn|40
|
|t:|1651941926
|move|p2a: joey salami|Dragon Dance|p2a: joey salami
|-boost|p2a: joey salami|atk|1
|-boost|p2a: joey salami|spe|1
|move|p1a: Salamence|Dual Wingbeat|p2a: joey salami
|-damage|p2a: joey salami|72/100
|-damage|p2a: joey salami|62/100
|-hitcount|p2a: joey salami|2
|
|-damage|p1a: Salamence|67/100 brn|[from] brn
|upkeep
|turn|41
|j| Gods armada
|j| Dunoks
|
|t:|1651941943
|switch|p1a: Cobalion|Cobalion|28/100 brn
|-damage|p1a: Cobalion|25/100 brn|[from] Stealth Rock
|move|p2a: joey salami|Dual Wingbeat|p1a: Cobalion
|-damage|p1a: Cobalion|0 fnt
|-damage|p2a: joey salami|45/100|[from] item: Rocky Helmet|[of] p1a: Cobalion
|faint|p1a: Cobalion
|-ability|p2a: joey salami|Moxie|boost
|-boost|p2a: joey salami|atk|1
|-hitcount|p1: Cobalion|1
|
|upkeep
|
|t:|1651941950
|switch|p1a: Zygarde|Zygarde-10%|35/100
|-damage|p1a: Zygarde|29/100|[from] Stealth Rock
|-ability|p1a: Zygarde|Aura Break
|turn|42
|
|t:|1651941954
|switch|p2a: Cobalion|Cobalion|88/100 slp
|-damage|p2a: Cobalion|85/100 slp|[from] Stealth Rock
|switch|p1a: Salamence|Salamence, M|67/100 brn
|-ability|p1a: Salamence|Intimidate|boost
|-unboost|p2a: Cobalion|atk|1
|
|-damage|p1a: Salamence|61/100 brn|[from] brn
|upkeep
|turn|43
|
|t:|1651941969
|cant|p2a: Cobalion|slp
|move|p1a: Salamence|Dual Wingbeat|p2a: Cobalion
|-damage|p2a: Cobalion|77/100 slp
|-damage|p1a: Salamence|44/100 brn|[from] item: Rocky Helmet|[of] p2a: Cobalion
|-damage|p2a: Cobalion|70/100 slp
|-damage|p1a: Salamence|28/100 brn|[from] item: Rocky Helmet|[of] p2a: Cobalion
|-hitcount|p2a: Cobalion|2
|
|-damage|p1a: Salamence|22/100 brn|[from] brn
|upkeep
|turn|44
|
|t:|1651941975
|-curestatus|p2a: Cobalion|slp|[msg]
|move|p2a: Cobalion|Volt Switch|p1a: Salamence
|-damage|p1a: Salamence|9/100 brn
|
|t:|1651941978
|switch|p2a: joey salami|Salamence, F|45/100|[from]move: Volt Switch
|move|p1a: Salamence|Flamethrower|p2a: joey salami
|-resisted|p2a: joey salami
|-damage|p2a: joey salami|33/100
|-status|p2a: joey salami|brn
|
|-damage|p2a: joey salami|27/100 brn|[from] brn
|-damage|p1a: Salamence|3/100 brn|[from] brn
|upkeep
|turn|45
|j| Cute Kover Weeb
|
|t:|1651941984
|move|p2a: joey salami|Outrage|p1a: Salamence
|-supereffective|p1a: Salamence
|-damage|p1a: Salamence|0 fnt
|faint|p1a: Salamence
|-ability|p2a: joey salami|Moxie|boost
|-boost|p2a: joey salami|atk|1
|
|-damage|p2a: joey salami|21/100 brn|[from] brn
|upkeep
|
|t:|1651941986
|switch|p1a: Zygarde|Zygarde-10%|29/100
|-damage|p1a: Zygarde|23/100|[from] Stealth Rock
|-ability|p1a: Zygarde|Aura Break
|turn|46
|
|t:|1651941988
|move|p1a: Zygarde|Thousand Arrows|p2a: joey salami
|-damage|p2a: joey salami|0 fnt
|faint|p2a: joey salami
|
|upkeep
|
|t:|1651941990
|switch|p2a: Slowking|Slowking, F|82/100 tox
|-damage|p2a: Slowking|69/100 tox|[from] Stealth Rock
|turn|47
|c|☆Moutemoute|crit now
|
|t:|1651941994
|move|p1a: Zygarde|Thousand Arrows|p2a: Slowking
|-damage|p2a: Slowking|24/100 tox
|move|p2a: Slowking|Scald|p1a: Zygarde
|-damage|p1a: Zygarde|0 fnt
|faint|p1a: Zygarde
|
|win|UULT91w Adaam
|raw|Moutemoute's rating: 1665 &rarr; <strong>1645</strong><br />(-20 for losing)
|raw|UULT91w Adaam's rating: 1662 &rarr; <strong>1682</strong><br />(+20 for winning)
|c|☆UULT91w Adaam|i should have sacked coba damn
|c|☆UULT91w Adaam|gg sorry for crit
|l|☆UULT91w Adaam
||Ladder isn't responding, score probably updated but might not have (Request timeout).
|l| UULT91w St3ve
|l| Parpar
|j| UULT91w St3ve
|l| UULT91w St3ve
|l| Dunoks
|l|☆Moutemoute
|l| UULT91W bulufan
|l| hariyana grande
|j| Le Dictionnaire
|l| Cute Kover Weeb
|j| UULT91w Micciu
|l| UULT91w Micciu
|l| Gods armada
