|j|☆HaxxLR
|j|‽uult94a dnb
|t:|1653559684
|gametype|singles
|player|p1|HaxxLR|grimsley|1412
|player|p2|uult94a dnb|marlon|1415
|teamsize|p1|6
|teamsize|p2|6
|gen|8
|tier|[Gen 8] UU
|rated|
|rule|Sleep Clause Mod: Limit one foe put to sleep
|rule|Species Clause: Limit one of each Pokémon
|rule|OHKO Clause: OHKO moves are banned
|rule|Evasion Moves Clause: Evasion moves are banned
|rule|Endless Battle Clause: Forcing endless battles is banned
|rule|HP Percentage Mod: HP is shown in percentages
|rule|Dynamax Clause: You cannot dynamax
|clearpoke
|poke|p1|Mandibuzz, F|
|poke|p1|Excadrill, M|
|poke|p1|Slowking, F|
|poke|p1|Thundurus-Therian, M|
|poke|p1|Scizor, F|
|poke|p1|Hydreigon, F|
|poke|p2|Seismitoad, M|
|poke|p2|Amoonguss, M|
|poke|p2|Mandibuzz, F|
|poke|p2|Raikou|
|poke|p2|Keldeo-Resolute|
|poke|p2|Aegislash, M|
|teampreview
|inactive|Battle timer is ON: inactive players will automatically lose when time's up. (requested by uult94a dnb)
|inactive|HaxxLR has 120 seconds left.
|
|t:|1653559757
|start
|switch|p1a: Thundurus|Thundurus-Therian, M|100/100
|switch|p2a: Seismitoad|Seismitoad, M|100/100
|turn|1
|
|t:|1653559770
|switch|p2a: Amoonguss|Amoonguss, M|100/100
|move|p1a: Thundurus|Knock Off|p2a: Amoonguss
|-damage|p2a: Amoonguss|86/100
|-damage|p1a: Thundurus|84/100|[from] item: Rocky Helmet|[of] p2a: Amoonguss
|-enditem|p2a: Amoonguss|Rocky Helmet|[from] move: Knock Off|[of] p1a: Thundurus
|
|upkeep
|turn|2
|
|t:|1653559781
|move|p1a: Thundurus|Volt Switch|p2a: Amoonguss
|-resisted|p2a: Amoonguss
|-damage|p2a: Amoonguss|67/100
|
|t:|1653559791
|switch|p1a: Mandibuzz|Mandibuzz, F|100/100|[from]move: Volt Switch
|move|p2a: Amoonguss|Spore|p1a: Mandibuzz
|-immune|p1a: Mandibuzz|[from] ability: Overcoat
|
|upkeep
|turn|3
|
|t:|1653559801
|move|p1a: Mandibuzz|U-turn|p2a: Amoonguss
|-damage|p2a: Amoonguss|59/100
|
|t:|1653559806
|switch|p1a: Scizor|Scizor, F|100/100|[from]move: U-turn
|move|p2a: Amoonguss|Spore|p1a: Scizor
|-status|p1a: Scizor|slp|[from] move: Spore
|
|upkeep
|turn|4
|
|t:|1653559823
|switch|p1a: Thundurus|Thundurus-Therian, M|84/100
|switch|p2a: Seismitoad|Seismitoad, M|100/100
|
|upkeep
|turn|5
|
|t:|1653559831
|switch|p2a: Amoonguss|Amoonguss, M|92/100
|move|p1a: Thundurus|Knock Off|p2a: Amoonguss
|-damage|p2a: Amoonguss|81/100
|
|upkeep
|turn|6
|
|t:|1653559837
|switch|p2a: Seismitoad|Seismitoad, M|100/100
|move|p1a: Thundurus|Volt Switch|p2a: Seismitoad
|-immune|p2a: Seismitoad
|
|upkeep
|turn|7
|
|t:|1653559843
|switch|p2a: Amoonguss|Amoonguss, M|100/100
|move|p1a: Thundurus|Knock Off|p2a: Amoonguss
|-damage|p2a: Amoonguss|89/100
|
|upkeep
|turn|8
|
|t:|1653559848
|move|p1a: Thundurus|Volt Switch|p2a: Amoonguss
|-resisted|p2a: Amoonguss
|-damage|p2a: Amoonguss|70/100
|
|t:|1653559853
|switch|p1a: Excadrill|Excadrill, M|100/100|[from]move: Volt Switch
|-ability|p1a: Excadrill|Mold Breaker
|move|p2a: Amoonguss|Sludge Bomb|p1a: Excadrill
|-immune|p1a: Excadrill
|
|upkeep
|turn|9
|
|t:|1653559860
|move|p1a: Excadrill|Stealth Rock|p2a: Amoonguss
|-sidestart|p2: uult94a dnb|move: Stealth Rock
|move|p2a: Amoonguss|Foul Play|p1a: Excadrill
|-damage|p1a: Excadrill|51/100
|
|-heal|p1a: Excadrill|57/100|[from] item: Leftovers
|upkeep
|turn|10
|
|t:|1653559872
|switch|p1a: Scizor|Scizor, F|100/100 slp
|move|p2a: Amoonguss|Sludge Bomb|p1a: Scizor
|-immune|p1a: Scizor
|
|upkeep
|turn|11
|
|t:|1653559886
|switch|p1a: Hydreigon|Hydreigon, F|100/100
|switch|p2a: Seismitoad|Seismitoad, M|100/100
|-damage|p2a: Seismitoad|94/100|[from] Stealth Rock
|
|-heal|p2a: Seismitoad|100/100|[from] item: Leftovers
|upkeep
|turn|12
|
|t:|1653559909
|move|p1a: Hydreigon|Draco Meteor|p2a: Seismitoad
|-damage|p2a: Seismitoad|47/100
|-unboost|p1a: Hydreigon|spa|2
|move|p2a: Seismitoad|Toxic|p1a: Hydreigon
|-status|p1a: Hydreigon|tox
|
|-heal|p2a: Seismitoad|53/100|[from] item: Leftovers
|-damage|p1a: Hydreigon|94/100 tox|[from] psn
|upkeep
|turn|13
|
|t:|1653559924
|move|p1a: Hydreigon|Draco Meteor|p2a: Seismitoad
|-damage|p2a: Seismitoad|26/100
|-unboost|p1a: Hydreigon|spa|2
|move|p2a: Seismitoad|Stealth Rock|p1a: Hydreigon
|-sidestart|p1: HaxxLR|move: Stealth Rock
|
|-heal|p2a: Seismitoad|32/100|[from] item: Leftovers
|-damage|p1a: Hydreigon|82/100 tox|[from] psn
|upkeep
|turn|14
|
|t:|1653559937
|switch|p1a: Scizor|Scizor, F|100/100 slp
|-damage|p1a: Scizor|88/100 slp|[from] Stealth Rock
|move|p2a: Seismitoad|Toxic||[still]
|-fail|p2a: Seismitoad
|
|-heal|p2a: Seismitoad|38/100|[from] item: Leftovers
|upkeep
|turn|15
|
|t:|1653559953
|cant|p1a: Scizor|slp
|move|p2a: Seismitoad|Knock Off|p1a: Scizor
|-damage|p1a: Scizor|71/100 slp
|-damage|p2a: Seismitoad|21/100|[from] item: Rocky Helmet|[of] p1a: Scizor
|-enditem|p1a: Scizor|Rocky Helmet|[from] move: Knock Off|[of] p2a: Seismitoad
|
|-heal|p2a: Seismitoad|27/100|[from] item: Leftovers
|upkeep
|turn|16
|
|t:|1653559961
|switch|p2a: Keldeo|Keldeo-Resolute|100/100
|-damage|p2a: Keldeo|94/100|[from] Stealth Rock
|cant|p1a: Scizor|slp
|
|upkeep
|turn|17
|
|t:|1653559968
|switch|p2a: Aegislash|Aegislash, M|100/100
|-damage|p2a: Aegislash|94/100|[from] Stealth Rock
|switch|p1a: Slowking|Slowking, F|100/100
|-damage|p1a: Slowking|88/100|[from] Stealth Rock
|
|-heal|p2a: Aegislash|100/100|[from] item: Leftovers
|upkeep
|turn|18
|
|t:|1653559971
|switch|p1a: Mandibuzz|Mandibuzz, F|100/100
|move|p2a: Aegislash|Substitute|p2a: Aegislash
|-start|p2a: Aegislash|Substitute
|-damage|p2a: Aegislash|75/100
|
|-heal|p2a: Aegislash|82/100|[from] item: Leftovers
|upkeep
|turn|19
|
|t:|1653559976
|move|p1a: Mandibuzz|Taunt|p2a: Aegislash
|-start|p2a: Aegislash|move: Taunt
|cant|p2a: Aegislash|move: Taunt|Toxic
|
|-heal|p2a: Aegislash|88/100|[from] item: Leftovers
|upkeep
|turn|20
|j| dragonitenb
|
|t:|1653560005
|move|p1a: Mandibuzz|Foul Play|p2a: Aegislash
|-supereffective|p2a: Aegislash
|-activate|p2a: Aegislash|move: Substitute|[damage]
|-formechange|p2a: Aegislash|Aegislash-Blade||[from] ability: Stance Change
|move|p2a: Aegislash|Shadow Ball|p1a: Mandibuzz
|-resisted|p1a: Mandibuzz
|-damage|p1a: Mandibuzz|84/100
|
|-heal|p2a: Aegislash|94/100|[from] item: Leftovers
|upkeep
|turn|21
|
|t:|1653560016
|switch|p2a: Mandibuzz|Mandibuzz, F|100/100
|move|p1a: Mandibuzz|U-turn|p2a: Mandibuzz
|-damage|p2a: Mandibuzz|93/100
|
|t:|1653560023
|switch|p1a: Thundurus|Thundurus-Therian, M|84/100|[from]move: U-turn
|
|upkeep
|turn|22
|
|t:|1653560036
|move|p1a: Thundurus|Volt Switch|p2a: Mandibuzz
|-supereffective|p2a: Mandibuzz
|-damage|p2a: Mandibuzz|27/100
|inactive|HaxxLR has 120 seconds left.
|
|t:|1653560067
|switch|p1a: Slowking|Slowking, F|100/100|[from]move: Volt Switch
|-damage|p1a: Slowking|88/100|[from] Stealth Rock
|move|p2a: Mandibuzz|Toxic|p1a: Slowking|[miss]
|-miss|p2a: Mandibuzz|p1a: Slowking
|
|upkeep
|turn|23
|inactive|HaxxLR has 120 seconds left.
|
|t:|1653560089
|switch|p1a: Scizor|Scizor, F|71/100 slp
|-damage|p1a: Scizor|59/100 slp|[from] Stealth Rock
|move|p2a: Mandibuzz|Roost|p2a: Mandibuzz
|-heal|p2a: Mandibuzz|77/100
|-singleturn|p2a: Mandibuzz|move: Roost
|
|upkeep
|turn|24
|inactive|HaxxLR has 120 seconds left.
|
|t:|1653560099
|move|p2a: Mandibuzz|Foul Play|p1a: Scizor
|-damage|p1a: Scizor|30/100 slp
|cant|p1a: Scizor|slp
|
|upkeep
|turn|25
|
|t:|1653560105
|switch|p2a: Keldeo|Keldeo-Resolute|94/100
|-damage|p2a: Keldeo|88/100|[from] Stealth Rock
|-curestatus|p1a: Scizor|slp|[msg]
|move|p1a: Scizor|Roost|p1a: Scizor
|-heal|p1a: Scizor|80/100
|-singleturn|p1a: Scizor|move: Roost
|
|upkeep
|turn|26
|
|t:|1653560112
|switch|p1a: Slowking|Slowking, F|100/100
|-damage|p1a: Slowking|88/100|[from] Stealth Rock
|move|p2a: Keldeo|Scald|p1a: Slowking
|-resisted|p1a: Slowking
|-damage|p1a: Slowking|63/100
|
|upkeep
|turn|27
|
|t:|1653560126
|move|p2a: Keldeo|Scald|p1a: Slowking
|-resisted|p1a: Slowking
|-damage|p1a: Slowking|37/100
|move|p1a: Slowking|Teleport|p1a: Slowking
|
|t:|1653560133
|switch|p1a: Hydreigon|Hydreigon, F|82/100 tox|[from]move: Teleport
|-damage|p1a: Hydreigon|70/100 tox|[from] Stealth Rock
|
|-damage|p1a: Hydreigon|64/100 tox|[from] psn
|upkeep
|turn|28
|
|t:|1653560148
|switch|p2a: Amoonguss|Amoonguss, M|100/100
|-damage|p2a: Amoonguss|88/100|[from] Stealth Rock
|move|p1a: Hydreigon|U-turn|p2a: Amoonguss
|-damage|p2a: Amoonguss|76/100
|
|t:|1653560159
|switch|p1a: Scizor|Scizor, F|80/100|[from]move: U-turn
|-damage|p1a: Scizor|68/100|[from] Stealth Rock
|
|upkeep
|turn|29
|
|t:|1653560169
|move|p1a: Scizor|U-turn|p2a: Amoonguss
|-damage|p2a: Amoonguss|56/100
|
|t:|1653560172
|switch|p1a: Mandibuzz|Mandibuzz, F|84/100|[from]move: U-turn
|move|p2a: Amoonguss|Spore|p1a: Mandibuzz
|-immune|p1a: Mandibuzz|[from] ability: Overcoat
|
|upkeep
|turn|30
|
|t:|1653560177
|move|p1a: Mandibuzz|Taunt|p2a: Amoonguss
|-start|p2a: Amoonguss|move: Taunt
|move|p2a: Amoonguss|Sludge Bomb|p1a: Mandibuzz
|-damage|p1a: Mandibuzz|63/100
|
|upkeep
|turn|31
|
|t:|1653560182
|move|p1a: Mandibuzz|U-turn|p2a: Amoonguss
|-damage|p2a: Amoonguss|47/100
|
|t:|1653560188
|switch|p1a: Scizor|Scizor, F|68/100|[from]move: U-turn
|-damage|p1a: Scizor|55/100|[from] Stealth Rock
|move|p2a: Amoonguss|Sludge Bomb|p1a: Scizor
|-immune|p1a: Scizor
|
|upkeep
|turn|32
|
|t:|1653560198
|switch|p2a: Keldeo|Keldeo-Resolute|88/100
|-damage|p2a: Keldeo|82/100|[from] Stealth Rock
|move|p1a: Scizor|Roost|p1a: Scizor
|-heal|p1a: Scizor|100/100
|-singleturn|p1a: Scizor|move: Roost
|
|upkeep
|turn|33
|
|t:|1653560203
|switch|p2a: Aegislash|Aegislash, M|94/100
|-damage|p2a: Aegislash|88/100|[from] Stealth Rock
|switch|p1a: Slowking|Slowking, F|71/100
|-damage|p1a: Slowking|58/100|[from] Stealth Rock
|
|-heal|p2a: Aegislash|94/100|[from] item: Leftovers
|upkeep
|turn|34
|
|t:|1653560210
|switch|p1a: Scizor|Scizor, F|100/100
|-damage|p1a: Scizor|88/100|[from] Stealth Rock
|move|p2a: Aegislash|Toxic|p1a: Scizor
|-immune|p1a: Scizor
|
|-heal|p2a: Aegislash|99/100|[from] item: Leftovers
|upkeep
|turn|35
|
|t:|1653560219
|switch|p1a: Mandibuzz|Mandibuzz, F|63/100
|move|p2a: Aegislash|King's Shield||[still]
|-fail|p2a: Aegislash
|
|-heal|p2a: Aegislash|100/100|[from] item: Leftovers
|upkeep
|turn|36
|
|t:|1653560229
|switch|p2a: Raikou|Raikou|100/100
|move|p1a: Mandibuzz|U-turn|p2a: Raikou
|-damage|p2a: Raikou|85/100
|
|t:|1653560243
|switch|p1a: Thundurus|Thundurus-Therian, M|84/100|[from]move: U-turn
|
|upkeep
|turn|37
|
|t:|1653560252
|move|p2a: Raikou|Scald|p1a: Thundurus
|-damage|p1a: Thundurus|49/100
|-status|p1a: Thundurus|brn
|move|p1a: Thundurus|Volt Switch|p2a: Raikou
|-resisted|p2a: Raikou
|-damage|p2a: Raikou|64/100
|
|t:|1653560261
|switch|p1a: Hydreigon|Hydreigon, F|64/100 tox|[from]move: Volt Switch
|-damage|p1a: Hydreigon|51/100 tox|[from] Stealth Rock
|
|-damage|p1a: Hydreigon|45/100 tox|[from] psn
|upkeep
|turn|38
|
|t:|1653560270
|switch|p2a: Amoonguss|Amoonguss, M|81/100
|-damage|p2a: Amoonguss|68/100|[from] Stealth Rock
|move|p1a: Hydreigon|Draco Meteor|p2a: Amoonguss
|-damage|p2a: Amoonguss|0 fnt
|-unboost|p1a: Hydreigon|spa|2
|faint|p2a: Amoonguss
|
|-damage|p1a: Hydreigon|33/100 tox|[from] psn
|upkeep
|
|t:|1653560277
|switch|p2a: Aegislash|Aegislash, M|100/100
|-damage|p2a: Aegislash|94/100|[from] Stealth Rock
|turn|39
|
|t:|1653560285
|switch|p1a: Scizor|Scizor, F|88/100
|-damage|p1a: Scizor|75/100|[from] Stealth Rock
|move|p2a: Aegislash|Toxic|p1a: Scizor
|-immune|p1a: Scizor
|
|-heal|p2a: Aegislash|100/100|[from] item: Leftovers
|upkeep
|turn|40
|
|t:|1653560296
|move|p2a: Aegislash|King's Shield|p2a: Aegislash
|-singleturn|p2a: Aegislash|Protect
|move|p1a: Scizor|Knock Off|p2a: Aegislash
|-activate|p2a: Aegislash|move: Protect
|-unboost|p1a: Scizor|atk|1
|
|upkeep
|turn|41
|
|t:|1653560302
|move|p2a: Aegislash|Substitute|p2a: Aegislash
|-start|p2a: Aegislash|Substitute
|-damage|p2a: Aegislash|75/100
|move|p1a: Scizor|U-turn|p2a: Aegislash
|-resisted|p2a: Aegislash
|-activate|p2a: Aegislash|move: Substitute|[damage]
|
|t:|1653560305
|switch|p1a: Mandibuzz|Mandibuzz, F|63/100|[from]move: U-turn
|
|-heal|p2a: Aegislash|82/100|[from] item: Leftovers
|upkeep
|turn|42
|
|t:|1653560315
|move|p1a: Mandibuzz|Taunt|p2a: Aegislash
|-start|p2a: Aegislash|move: Taunt
|cant|p2a: Aegislash|move: Taunt|Toxic
|
|-heal|p2a: Aegislash|88/100|[from] item: Leftovers
|upkeep
|turn|43
|
|t:|1653560327
|switch|p2a: Raikou|Raikou|64/100
|move|p1a: Mandibuzz|Foul Play|p2a: Raikou
|-damage|p2a: Raikou|38/100
|
|upkeep
|turn|44
|
|t:|1653560340
|switch|p1a: Thundurus|Thundurus-Therian, M|49/100 brn
|move|p2a: Raikou|Scald|p1a: Thundurus
|-damage|p1a: Thundurus|13/100 brn
|
|-damage|p1a: Thundurus|7/100 brn|[from] brn
|upkeep
|turn|45
|
|t:|1653560359
|move|p2a: Raikou|Scald|p1a: Thundurus
|-damage|p1a: Thundurus|0 fnt
|faint|p1a: Thundurus
|
|upkeep
|
|t:|1653560363
|switch|p1a: Hydreigon|Hydreigon, F|33/100 tox
|-damage|p1a: Hydreigon|20/100 tox|[from] Stealth Rock
|turn|46
|
|t:|1653560367
|switch|p2a: Mandibuzz|Mandibuzz, F|77/100
|move|p1a: Hydreigon|U-turn|p2a: Mandibuzz
|-damage|p2a: Mandibuzz|68/100
|
|t:|1653560376
|switch|p1a: Scizor|Scizor, F|75/100|[from]move: U-turn
|-damage|p1a: Scizor|63/100|[from] Stealth Rock
|
|upkeep
|turn|47
|
|t:|1653560385
|switch|p2a: Keldeo|Keldeo-Resolute|82/100
|-damage|p2a: Keldeo|76/100|[from] Stealth Rock
|move|p1a: Scizor|Knock Off|p2a: Keldeo
|-resisted|p2a: Keldeo
|-damage|p2a: Keldeo|61/100
|-ability|p2a: Keldeo|Justified|boost
|-boost|p2a: Keldeo|atk|1
|-enditem|p2a: Keldeo|Choice Specs|[from] move: Knock Off|[of] p1a: Scizor
|
|upkeep
|turn|48
|
|t:|1653560394
|switch|p2a: Aegislash|Aegislash, M|88/100
|-damage|p2a: Aegislash|82/100|[from] Stealth Rock
|switch|p1a: Slowking|Slowking, F|92/100
|-damage|p1a: Slowking|79/100|[from] Stealth Rock
|
|-heal|p2a: Aegislash|88/100|[from] item: Leftovers
|upkeep
|turn|49
|
|t:|1653560406
|switch|p1a: Scizor|Scizor, F|63/100
|-damage|p1a: Scizor|50/100|[from] Stealth Rock
|-formechange|p2a: Aegislash|Aegislash-Blade||[from] ability: Stance Change
|move|p2a: Aegislash|Shadow Ball|p1a: Scizor
|-damage|p1a: Scizor|0 fnt
|faint|p1a: Scizor
|
|-heal|p2a: Aegislash|94/100|[from] item: Leftovers
|upkeep
|
|t:|1653560413
|switch|p1a: Mandibuzz|Mandibuzz, F|63/100
|turn|50
|
|t:|1653560427
|switch|p2a: Mandibuzz|Mandibuzz, F|68/100
|move|p1a: Mandibuzz|U-turn|p2a: Mandibuzz
|-damage|p2a: Mandibuzz|61/100
|
|t:|1653560433
|switch|p1a: Hydreigon|Hydreigon, F|20/100 tox|[from]move: U-turn
|-damage|p1a: Hydreigon|8/100 tox|[from] Stealth Rock
|
|-damage|p1a: Hydreigon|2/100 tox|[from] psn
|upkeep
|turn|51
|
|t:|1653560447
|switch|p2a: Seismitoad|Seismitoad, M|27/100
|-damage|p2a: Seismitoad|21/100|[from] Stealth Rock
|move|p1a: Hydreigon|Draco Meteor|p2a: Seismitoad
|-crit|p2a: Seismitoad
|-damage|p2a: Seismitoad|0 fnt
|-unboost|p1a: Hydreigon|spa|2
|faint|p2a: Seismitoad
|
|-damage|p1a: Hydreigon|0 fnt|[from] psn
|faint|p1a: Hydreigon
|upkeep
|
|t:|1653560457
|switch|p1a: Excadrill|Excadrill, M|57/100
|switch|p2a: Mandibuzz|Mandibuzz, F|61/100
|-damage|p1a: Excadrill|54/100|[from] Stealth Rock
|-ability|p1a: Excadrill|Mold Breaker
|turn|52
|
|t:|1653560469
|switch|p1a: Slowking|Slowking, F|100/100
|-damage|p1a: Slowking|88/100|[from] Stealth Rock
|move|p2a: Mandibuzz|Foul Play|p1a: Slowking
|-supereffective|p1a: Slowking
|-enditem|p1a: Slowking|Colbur Berry|[eat]
|-enditem|p1a: Slowking|Colbur Berry|[weaken]
|-damage|p1a: Slowking|71/100
|
|upkeep
|turn|53
|
|t:|1653560475
|move|p2a: Mandibuzz|Toxic|p1a: Slowking
|-status|p1a: Slowking|tox
|move|p1a: Slowking|Scald|p2a: Mandibuzz
|-damage|p2a: Mandibuzz|37/100
|
|-damage|p1a: Slowking|65/100 tox|[from] psn
|upkeep
|turn|54
|
|t:|1653560481
|move|p2a: Mandibuzz|Roost|p2a: Mandibuzz
|-heal|p2a: Mandibuzz|87/100
|-singleturn|p2a: Mandibuzz|move: Roost
|move|p1a: Slowking|Scald|p2a: Mandibuzz
|-damage|p2a: Mandibuzz|62/100
|
|-damage|p1a: Slowking|53/100 tox|[from] psn
|upkeep
|turn|55
|
|t:|1653560489
|switch|p2a: Aegislash|Aegislash, M|94/100
|-damage|p2a: Aegislash|88/100|[from] Stealth Rock
|move|p1a: Slowking|Slack Off|p1a: Slowking
|-heal|p1a: Slowking|100/100 tox
|
|-heal|p2a: Aegislash|94/100|[from] item: Leftovers
|-damage|p1a: Slowking|82/100 tox|[from] psn
|upkeep
|turn|56
|
|t:|1653560498
|-formechange|p2a: Aegislash|Aegislash-Blade||[from] ability: Stance Change
|move|p2a: Aegislash|Shadow Ball|p1a: Slowking
|-supereffective|p1a: Slowking
|-damage|p1a: Slowking|21/100 tox
|-unboost|p1a: Slowking|spd|1
|move|p1a: Slowking|Teleport|p1a: Slowking
|
|t:|1653560505
|switch|p1a: Mandibuzz|Mandibuzz, F|63/100|[from]move: Teleport
|
|-heal|p2a: Aegislash|99/100|[from] item: Leftovers
|upkeep
|turn|57
|
|t:|1653560511
|switch|p2a: Mandibuzz|Mandibuzz, F|62/100
|move|p1a: Mandibuzz|Taunt|p2a: Mandibuzz
|-start|p2a: Mandibuzz|move: Taunt
|
|upkeep
|turn|58
|
|t:|1653560516
|switch|p2a: Keldeo|Keldeo-Resolute|61/100
|-damage|p2a: Keldeo|55/100|[from] Stealth Rock
|move|p1a: Mandibuzz|U-turn|p2a: Keldeo
|-resisted|p2a: Keldeo
|-damage|p2a: Keldeo|48/100
|
|t:|1653560519
|switch|p1a: Slowking|Slowking, F|54/100 tox|[from]move: U-turn
|-damage|p1a: Slowking|41/100 tox|[from] Stealth Rock
|
|-damage|p1a: Slowking|35/100 tox|[from] psn
|upkeep
|turn|59
|
|t:|1653560525
|move|p2a: Keldeo|Air Slash|p1a: Slowking
|-damage|p1a: Slowking|13/100 tox
|move|p1a: Slowking|Slack Off|p1a: Slowking
|-heal|p1a: Slowking|63/100 tox
|
|-damage|p1a: Slowking|51/100 tox|[from] psn
|upkeep
|turn|60
|
|t:|1653560531
|move|p2a: Keldeo|Air Slash|p1a: Slowking
|-damage|p1a: Slowking|31/100 tox
|move|p1a: Slowking|Slack Off|p1a: Slowking
|-heal|p1a: Slowking|81/100 tox
|
|-damage|p1a: Slowking|62/100 tox|[from] psn
|upkeep
|turn|61
|
|t:|1653560536
|move|p2a: Keldeo|Air Slash|p1a: Slowking
|-damage|p1a: Slowking|41/100 tox
|move|p1a: Slowking|Psychic|p2a: Keldeo
|-supereffective|p2a: Keldeo
|-damage|p2a: Keldeo|0 fnt
|faint|p2a: Keldeo
|
|-damage|p1a: Slowking|17/100 tox|[from] psn
|upkeep
|
|t:|1653560558
|switch|p2a: Mandibuzz|Mandibuzz, F|62/100
|turn|62
|
|t:|1653560564
|switch|p1a: Mandibuzz|Mandibuzz, F|63/100
|move|p2a: Mandibuzz|Foul Play|p1a: Mandibuzz
|-resisted|p1a: Mandibuzz
|-damage|p1a: Mandibuzz|56/100
|
|upkeep
|turn|63
|
|t:|1653560570
|switch|p1a: Slowking|Slowking, F|50/100 tox
|-damage|p1a: Slowking|38/100 tox|[from] Stealth Rock
|move|p2a: Mandibuzz|Toxic|p1a: Slowking
|-fail|p1a: Slowking|tox
|
|-damage|p1a: Slowking|32/100 tox|[from] psn
|upkeep
|turn|64
|
|t:|1653560575
|move|p2a: Mandibuzz|Foul Play|p1a: Slowking
|-supereffective|p1a: Slowking
|-damage|p1a: Slowking|3/100 tox
|move|p1a: Slowking|Slack Off|p1a: Slowking
|-heal|p1a: Slowking|53/100 tox
|
|-damage|p1a: Slowking|41/100 tox|[from] psn
|upkeep
|turn|65
|
|t:|1653560580
|move|p2a: Mandibuzz|Foul Play|p1a: Slowking
|-supereffective|p1a: Slowking
|-damage|p1a: Slowking|7/100 tox
|move|p1a: Slowking|Slack Off|p1a: Slowking
|-heal|p1a: Slowking|57/100 tox
|
|-damage|p1a: Slowking|38/100 tox|[from] psn
|upkeep
|turn|66
|
|t:|1653560588
|move|p2a: Mandibuzz|Foul Play|p1a: Slowking
|-supereffective|p1a: Slowking
|-damage|p1a: Slowking|6/100 tox
|move|p1a: Slowking|Scald|p2a: Mandibuzz
|-damage|p2a: Mandibuzz|38/100
|
|-damage|p1a: Slowking|0 fnt|[from] psn
|faint|p1a: Slowking
|upkeep
|
|t:|1653560591
|switch|p1a: Excadrill|Excadrill, M|54/100
|-damage|p1a: Excadrill|51/100|[from] Stealth Rock
|-ability|p1a: Excadrill|Mold Breaker
|turn|67
|
|t:|1653560600
|move|p1a: Excadrill|Iron Head|p2a: Mandibuzz
|-damage|p2a: Mandibuzz|13/100
|move|p2a: Mandibuzz|Foul Play|p1a: Excadrill
|-damage|p1a: Excadrill|0 fnt
|faint|p1a: Excadrill
|
|upkeep
|
|t:|1653560605
|switch|p1a: Mandibuzz|Mandibuzz, F|56/100
|turn|68
|
|t:|1653560608
|move|p2a: Mandibuzz|Toxic|p1a: Mandibuzz
|-status|p1a: Mandibuzz|tox
|move|p1a: Mandibuzz|U-turn|p2a: Mandibuzz
|-damage|p2a: Mandibuzz|5/100
|
|-damage|p1a: Mandibuzz|49/100 tox|[from] psn
|upkeep
|turn|69
|
|t:|1653560611
|move|p2a: Mandibuzz|Roost|p2a: Mandibuzz
|-heal|p2a: Mandibuzz|56/100
|-singleturn|p2a: Mandibuzz|move: Roost
|move|p1a: Mandibuzz|U-turn|p2a: Mandibuzz
|-supereffective|p2a: Mandibuzz
|-damage|p2a: Mandibuzz|40/100
|
|-damage|p1a: Mandibuzz|37/100 tox|[from] psn
|upkeep
|turn|70
|
|t:|1653560614
|move|p2a: Mandibuzz|Roost|p2a: Mandibuzz
|-heal|p2a: Mandibuzz|91/100
|-singleturn|p2a: Mandibuzz|move: Roost
|move|p1a: Mandibuzz|U-turn|p2a: Mandibuzz
|-supereffective|p2a: Mandibuzz
|-damage|p2a: Mandibuzz|76/100
|
|-damage|p1a: Mandibuzz|19/100 tox|[from] psn
|upkeep
|turn|71
|
|t:|1653560617
|move|p2a: Mandibuzz|Defog|p1a: Mandibuzz
|-unboost|p1a: Mandibuzz|evasion|1
|-sideend|p1: HaxxLR|Stealth Rock|[from] move: Defog|[of] p2a: Mandibuzz
|-sideend|p2: uult94a dnb|Stealth Rock|[from] move: Defog|[of] p2a: Mandibuzz
|move|p1a: Mandibuzz|U-turn|p2a: Mandibuzz
|-damage|p2a: Mandibuzz|69/100
|
|-damage|p1a: Mandibuzz|0 fnt|[from] psn
|faint|p1a: Mandibuzz
|
|win|uult94a dnb
|upkeep
|raw|HaxxLR's rating: 1412 &rarr; <strong>1393</strong><br />(-19 for losing)
|raw|uult94a dnb's rating: 1423 &rarr; <strong>1442</strong><br />(+19 for winning)
