|j|☆ssuu8
|j|☆playhhgfh
|player|p1|ssuu8|red|1486
|player|p2|playhhgfh|102|1518
|teamsize|p1|6
|teamsize|p2|6
|gametype|singles
|gen|8
|tier|[Gen 8] UU
|rated|
|clearpoke
|poke|p1|Roserade, F|
|poke|p1|Milotic, M|
|poke|p1|Incineroar, M|
|poke|p1|Cobalion|
|poke|p1|Flygon, F|
|poke|p1|Reuniclus, M|
|poke|p2|Machamp, M|
|poke|p2|Malamar, F|
|poke|p2|Mantine, F|
|poke|p2|Mudsdale, F|
|poke|p2|Milotic, M|
|poke|p2|Manectric, M|
|rule|Sleep Clause Mod: Limit one foe put to sleep
|rule|Species Clause: Limit one of each Pokémon
|rule|OHKO Clause: OHKO moves are banned
|rule|Evasion Moves Clause: Evasion moves are banned
|rule|Endless Battle Clause: Forcing endless battles is banned
|rule|HP Percentage Mod: HP is shown in percentages
|rule|Dynamax Clause: You cannot dynamax
|teampreview
|inactive|Battle timer is ON: inactive players will automatically lose when time's up. (requested by playhhgfh)
|
|start
|switch|p1a: Incineroar|Incineroar, M|100/100
|switch|p2a: Malamar|Malamar, F|100/100
|-ability|p1a: Incineroar|Intimidate|boost
|-boost|p2a: Malamar|atk|1
|turn|1
|
|move|p2a: Malamar|Superpower|p1a: Incineroar
|-supereffective|p1a: Incineroar
|-damage|p1a: Incineroar|28/100
|-boost|p2a: Malamar|atk|1
|-boost|p2a: Malamar|def|1
|move|p1a: Incineroar|U-turn|p2a: Malamar
|-supereffective|p2a: Malamar
|-damage|p2a: Malamar|36/100
|
|switch|p1a: Flygon|Flygon, F|100/100|[from]move: U-turn
|
|-heal|p2a: Malamar|42/100|[from] item: Leftovers
|upkeep
|turn|2
|
|switch|p2a: Milotic|Milotic, M|100/100
|move|p1a: Flygon|U-turn|p2a: Milotic
|-crit|p2a: Milotic
|-damage|p2a: Milotic|78/100
|
|switch|p1a: Roserade|Roserade, F, shiny|100/100|[from]move: U-turn
|
|-heal|p2a: Milotic|84/100|[from] item: Leftovers
|upkeep
|turn|3
|
|switch|p2a: Mantine|Mantine, F|100/100
|move|p1a: Roserade|Leaf Storm|p2a: Mantine
|-damage|p2a: Mantine|58/100
|-unboost|p1a: Roserade|spa|2
|-damage|p1a: Roserade|91/100|[from] item: Life Orb
|
|-heal|p2a: Mantine|65/100|[from] item: Leftovers
|upkeep
|turn|4
|
|move|p1a: Roserade|Toxic Spikes|p2a: Mantine
|-sidestart|p2: playhhgfh|move: Toxic Spikes
|move|p2a: Mantine|Scald|p1a: Roserade
|-resisted|p1a: Roserade
|-crit|p1a: Roserade
|-damage|p1a: Roserade|69/100
|-status|p1a: Roserade|brn
|
|-heal|p2a: Mantine|71/100|[from] item: Leftovers
|-damage|p1a: Roserade|63/100 brn|[from] brn
|upkeep
|turn|5
|
|switch|p1a: Reuniclus|Reuniclus, M, shiny|100/100
|move|p2a: Mantine|Defog|p1a: Reuniclus
|-unboost|p1a: Reuniclus|evasion|1
|-sideend|p2: playhhgfh|Toxic Spikes|[from] move: Defog|[of] p2a: Mantine
|
|-heal|p2a: Mantine|77/100|[from] item: Leftovers
|upkeep
|turn|6
|
|switch|p2a: Malamar|Malamar, F|42/100
|move|p1a: Reuniclus|Knock Off|p2a: Malamar
|-damage|p2a: Malamar|27/100
|-enditem|p2a: Malamar|Leftovers|[from] move: Knock Off|[of] p1a: Reuniclus
|
|upkeep
|turn|7
|
|switch|p1a: Cobalion|Cobalion|100/100
|move|p2a: Malamar|Knock Off|p1a: Cobalion
|-resisted|p1a: Cobalion
|-damage|p1a: Cobalion|87/100
|-ability|p1a: Cobalion|Justified|boost
|-boost|p1a: Cobalion|atk|1
|-enditem|p1a: Cobalion|Shuca Berry|[from] move: Knock Off|[of] p2a: Malamar
|
|upkeep
|turn|8
|
|switch|p2a: Mudsdale|Mudsdale, F|100/100
|move|p1a: Cobalion|Stealth Rock|p2a: Mudsdale
|-sidestart|p2: playhhgfh|move: Stealth Rock
|
|upkeep
|turn|9
|
|switch|p1a: Reuniclus|Reuniclus, M, shiny|100/100
|move|p2a: Mudsdale|Stealth Rock|p1a: Reuniclus
|-sidestart|p1: ssuu8|move: Stealth Rock
|
|upkeep
|turn|10
|
|move|p2a: Mudsdale|Protect|p2a: Mudsdale
|-singleturn|p2a: Mudsdale|Protect
|move|p1a: Reuniclus|Future Sight|p2a: Mudsdale
|-start|p1a: Reuniclus|move: Future Sight
|
|upkeep
|turn|11
|
|switch|p2a: Mantine|Mantine, F|77/100
|-damage|p2a: Mantine|52/100|[from] Stealth Rock
|move|p1a: Reuniclus|Energy Ball|p2a: Mantine
|-crit|p2a: Mantine
|-damage|p2a: Mantine|28/100
|
|-heal|p2a: Mantine|34/100|[from] item: Leftovers
|upkeep
|turn|12
|
|move|p2a: Mantine|Roost|p2a: Mantine
|-heal|p2a: Mantine|84/100
|-singleturn|p2a: Mantine|move: Roost
|move|p1a: Reuniclus|Psyshock|p2a: Mantine
|-damage|p2a: Mantine|30/100
|
|-end|p2a: Mantine|move: Future Sight
|-damage|p2a: Mantine|0 fnt
|faint|p2a: Mantine
|upkeep
|
|switch|p2a: Machamp|Machamp, M|100/100
|-damage|p2a: Machamp|94/100|[from] Stealth Rock
|turn|13
|inactive|ssuu8 has 120 seconds left.
|
|move|p2a: Machamp|Close Combat|p1a: Reuniclus
|-resisted|p1a: Reuniclus
|-damage|p1a: Reuniclus|66/100
|-unboost|p2a: Machamp|def|1
|-unboost|p2a: Machamp|spd|1
|move|p1a: Reuniclus|Psyshock|p2a: Machamp
|-supereffective|p2a: Machamp
|-damage|p2a: Machamp|0 fnt
|faint|p2a: Machamp
|
|upkeep
|-message|playhhgfh forfeited.
|
|win|ssuu8
|l|☆playhhgfh
|raw|ssuu8's rating: 1487 &rarr; <strong>1508</strong><br />(+21 for winning)
|raw|playhhgfh's rating: 1518 &rarr; <strong>1496</strong><br />(-22 for losing)
