|j|☆evan0139
|j|☆lanouille
|t:|1613310521
|player|p1|evan0139|265|1405
|player|p2|lanouille|schoolkid|1427
|teamsize|p1|6
|teamsize|p2|6
|gametype|singles
|gen|8
|tier|[Gen 8] UU
|rated|
|clearpoke
|poke|p1|Grimmsnarl, M|
|poke|p1|Krookodile, M|
|poke|p1|Gyarados, M|
|poke|p1|Kommo-o, M|
|poke|p1|Moltres-Galar|
|poke|p1|Linoone, F|
|poke|p2|Nihilego|
|poke|p2|Ditto|
|poke|p2|Thundurus, M|
|poke|p2|Azumarill, F|
|poke|p2|Salamence, M|
|poke|p2|Jirachi|
|rule|Sleep Clause Mod: Limit one foe put to sleep
|rule|Species Clause: Limit one of each Pokémon
|rule|OHKO Clause: OHKO moves are banned
|rule|Evasion Moves Clause: Evasion moves are banned
|rule|Endless Battle Clause: Forcing endless battles is banned
|rule|HP Percentage Mod: HP is shown in percentages
|rule|Dynamax Clause: You cannot dynamax
|teampreview
|
|t:|1613310537
|start
|switch|p1a: Krookodile|Krookodile, M|100/100
|switch|p2a: Ditto|Ditto|100/100
|-ability|p1a: Krookodile|Intimidate|boost
|-unboost|p2a: Ditto|atk|1
|-transform|p2a: Ditto|p1a: Krookodile|[from] ability: Imposter
|-ability|p2a: Ditto|Intimidate|boost
|-unboost|p1a: Krookodile|atk|1
|turn|1
|inactive|Battle timer is ON: inactive players will automatically lose when time's up. (requested by evan0139)
|
|t:|1613310547
|move|p2a: Ditto|Taunt|p1a: Krookodile
|-start|p1a: Krookodile|move: Taunt
|cant|p1a: Krookodile|move: Taunt|Taunt
|
|upkeep
|turn|2
|
|t:|1613310556
|switch|p2a: Azumarill|Azumarill, F|100/100
|switch|p1a: Gyarados|Gyarados, M, shiny|100/100
|
|upkeep
|turn|3
|
|t:|1613310564
|switch|p2a: Jirachi|Jirachi|100/100
|move|p1a: Gyarados|Dragon Dance|p1a: Gyarados
|-boost|p1a: Gyarados|atk|1
|-boost|p1a: Gyarados|spe|1
|
|upkeep
|turn|4
|
|t:|1613310575
|move|p1a: Gyarados|Waterfall|p2a: Jirachi
|-damage|p2a: Jirachi|46/100
|cant|p2a: Jirachi|flinch
|
|-heal|p2a: Jirachi|52/100|[from] item: Leftovers
|upkeep
|turn|5
|
|t:|1613310581
|move|p1a: Gyarados|Waterfall|p2a: Jirachi
|-damage|p2a: Jirachi|5/100
|move|p2a: Jirachi|U-turn|p1a: Gyarados
|-resisted|p1a: Gyarados
|-damage|p1a: Gyarados|90/100
|
|t:|1613310592
|switch|p2a: Ditto|Ditto|100/100|[from]move: U-turn
|-transform|p2a: Ditto|p1a: Gyarados|[from] ability: Imposter
|
|upkeep
|turn|6
|j| Galacman
|
|t:|1613310615
|switch|p1a: Grimmsnarl|Grimmsnarl, M|100/100
|move|p2a: Ditto|Power Whip|p1a: Grimmsnarl
|-damage|p1a: Grimmsnarl|19/100
|
|upkeep
|turn|7
|l| Galacman
|
|t:|1613310622
|move|p1a: Grimmsnarl|Taunt|p2a: Ditto
|-start|p2a: Ditto|move: Taunt
|move|p2a: Ditto|Power Whip|p1a: Grimmsnarl
|-damage|p1a: Grimmsnarl|0 fnt
|faint|p1a: Grimmsnarl
|-ability|p2a: Ditto|Moxie|boost
|-boost|p2a: Ditto|atk|1
|
|upkeep
|
|t:|1613310632
|switch|p1a: Krookodile|Krookodile, M|100/100
|-ability|p1a: Krookodile|Intimidate|boost
|-unboost|p2a: Ditto|atk|1
|turn|8
|
|t:|1613310639
|move|p2a: Ditto|Power Whip|p1a: Krookodile
|-supereffective|p1a: Krookodile
|-enditem|p1a: Krookodile|Focus Sash
|-damage|p1a: Krookodile|1/100
|move|p1a: Krookodile|Knock Off|p2a: Ditto
|-damage|p2a: Ditto|33/100
|-enditem|p2a: Ditto|Choice Scarf|[from] move: Knock Off|[of] p1a: Krookodile
|
|upkeep
|turn|9
|
|t:|1613310649
|move|p2a: Ditto|Waterfall|p1a: Krookodile
|-supereffective|p1a: Krookodile
|-damage|p1a: Krookodile|0 fnt
|faint|p1a: Krookodile
|-ability|p2a: Ditto|Moxie|boost
|-boost|p2a: Ditto|atk|1
|
|-end|p2a: Ditto|move: Taunt
|upkeep
|
|t:|1613310659
|switch|p1a: Linoone|Linoone, F, shiny|100/100
|turn|10
|
|t:|1613310664
|move|p1a: Linoone|Extreme Speed|p2a: Ditto
|-damage|p2a: Ditto|0 fnt
|faint|p2a: Ditto
|
|upkeep
|
|t:|1613310674
|switch|p2a: Nihilego|Nihilego|100/100
|turn|11
|
|t:|1613310680
|move|p2a: Nihilego|Meteor Beam||[still]
|-prepare|p2a: Nihilego|Meteor Beam
|-boost|p2a: Nihilego|spa|1
|-enditem|p2a: Nihilego|Power Herb
|-anim|p2a: Nihilego|Meteor Beam|p1a: Linoone|[miss]
|-miss|p2a: Nihilego|p1a: Linoone
|move|p1a: Linoone|Belly Drum|p1a: Linoone
|-damage|p1a: Linoone|50/100
|-setboost|p1a: Linoone|atk|6|[from] move: Belly Drum
|-enditem|p1a: Linoone|Iapapa Berry|[eat]
|-heal|p1a: Linoone|83/100|[from] item: Iapapa Berry
|
|upkeep
|turn|12
|
|t:|1613310692
|move|p1a: Linoone|Extreme Speed|p2a: Nihilego
|-resisted|p2a: Nihilego
|-damage|p2a: Nihilego|8/100
|move|p2a: Nihilego|Sludge Wave|p1a: Linoone
|-damage|p1a: Linoone|0 fnt
|faint|p1a: Linoone
|-ability|p2a: Nihilego|Beast Boost|boost
|-boost|p2a: Nihilego|spe|1
|
|upkeep
|
|t:|1613310715
|switch|p1a: Moltres|Moltres-Galar|100/100
|turn|13
|
|t:|1613310718
|move|p2a: Nihilego|Power Gem|p1a: Moltres
|-supereffective|p1a: Moltres
|-damage|p1a: Moltres|0 fnt
|faint|p1a: Moltres
|-ability|p2a: Nihilego|Beast Boost|boost
|-boost|p2a: Nihilego|spe|1
|
|upkeep
|
|t:|1613310726
|switch|p1a: Kommo-o|Kommo-o, M|100/100
|turn|14
|
|t:|1613310729
|move|p2a: Nihilego|Sludge Wave|p1a: Kommo-o
|-damage|p1a: Kommo-o|17/100
|move|p1a: Kommo-o|Substitute|p1a: Kommo-o
|-fail|p1a: Kommo-o|move: Substitute|[weak]
|
|-heal|p1a: Kommo-o|23/100|[from] item: Leftovers
|upkeep
|turn|15
|-message|evan0139 forfeited.
|
|win|lanouille
|l|☆evan0139
|raw|evan0139's rating: 1406 &rarr; <strong>1387</strong><br />(-19 for losing)
|raw|lanouille's rating: 1427 &rarr; <strong>1446</strong><br />(+19 for winning)
