|j|☆uult1 freitas
|j|☆kerorek
|player|p1|uult1 freitas|swimmerm-gen3|1577
|player|p2|kerorek|lady|1488
|teamsize|p1|6
|teamsize|p2|6
|gametype|singles
|gen|8
|tier|[Gen 8] UU
|rated|
|clearpoke
|poke|p1|Celebi|
|poke|p1|Umbreon, M|
|poke|p1|Noivern, M|
|poke|p1|Arcanine, M|
|poke|p1|Quagsire, F|
|poke|p1|Reuniclus, F|
|poke|p2|Type: Null|
|poke|p2|Cursola, F|
|poke|p2|Garbodor, F|
|poke|p2|Kingler, M|
|poke|p2|Toxicroak, M|
|poke|p2|Togedemaru, F|
|rule|Sleep Clause Mod: Limit one foe put to sleep
|rule|Species Clause: Limit one of each Pokémon
|rule|OHKO Clause: OHKO moves are banned
|rule|Evasion Moves Clause: Evasion moves are banned
|rule|Endless Battle Clause: Forcing endless battles is banned
|rule|HP Percentage Mod: HP is shown in percentages
|rule|Dynamax Clause: You cannot dynamax
|teampreview
|
|start
|switch|p1a: woofy woof|Arcanine, M|100/100
|switch|p2a: Garbodor|Garbodor, F|100/100
|-ability|p1a: woofy woof|Intimidate|boost
|-unboost|p2a: Garbodor|atk|1
|turn|1
|
|move|p1a: woofy woof|Will-O-Wisp|p2a: Garbodor|[miss]
|-miss|p1a: woofy woof|p2a: Garbodor
|move|p2a: Garbodor|Toxic Spikes|p1a: woofy woof
|-sidestart|p1: uult1 freitas|move: Toxic Spikes
|
|upkeep
|turn|2
|
|move|p1a: woofy woof|Will-O-Wisp|p2a: Garbodor|[miss]
|-miss|p1a: woofy woof|p2a: Garbodor
|move|p2a: Garbodor|Spikes|p1a: woofy woof
|-sidestart|p1: uult1 freitas|Spikes
|
|upkeep
|turn|3
|
|switch|p2a: Type: Null|Type: Null|100/100
|move|p1a: woofy woof|Will-O-Wisp|p2a: Type: Null
|-status|p2a: Type: Null|brn
|
|-damage|p2a: Type: Null|94/100 brn|[from] brn
|upkeep
|turn|4
|
|switch|p1a: batzy watzy|Noivern, M|100/100
|-item|p2a: Type: Null|Eviolite|[from] ability: Frisk|[of] p1a: batzy watzy|[identify]
|move|p2a: Type: Null|Thunder Wave|p1a: batzy watzy
|-status|p1a: batzy watzy|par
|
|-damage|p2a: Type: Null|88/100 brn|[from] brn
|upkeep
|turn|5
|
|switch|p2a: Cursola|Cursola, F|100/100
|move|p1a: batzy watzy|Roost||[still]
|-fail|p1a: batzy watzy|heal
|
|upkeep
|turn|6
|
|move|p1a: batzy watzy|Defog|p2a: Cursola
|-unboost|p2a: Cursola|evasion|1
|-sideend|p1: uult1 freitas|Spikes|[from] move: Defog|[of] p1a: batzy watzy
|-sideend|p1: uult1 freitas|Toxic Spikes|[from] move: Defog|[of] p1a: batzy watzy
|move|p2a: Cursola|Stealth Rock|p1a: batzy watzy
|-sidestart|p1: uult1 freitas|move: Stealth Rock
|
|upkeep
|turn|7
|
|move|p1a: batzy watzy|Defog|p2a: Cursola
|-unboost|p2a: Cursola|evasion|1
|-sideend|p1: uult1 freitas|Stealth Rock|[from] move: Defog|[of] p1a: batzy watzy
|move|p2a: Cursola|Ice Beam|p1a: batzy watzy
|-supereffective|p1a: batzy watzy
|-damage|p1a: batzy watzy|0 fnt
|faint|p1a: batzy watzy
|
|upkeep
|
|switch|p1a: jelly belly|Reuniclus, F|100/100
|turn|8
|
|move|p1a: jelly belly|Shadow Ball|p2a: Cursola
|-supereffective|p2a: Cursola
|-damage|p2a: Cursola|73/100
|move|p2a: Cursola|Shadow Ball|p1a: jelly belly
|-supereffective|p1a: jelly belly
|-damage|p1a: jelly belly|66/100
|
|-heal|p2a: Cursola|80/100|[from] item: Leftovers
|upkeep
|turn|9
|
|move|p1a: jelly belly|Knock Off|p2a: Cursola
|-supereffective|p2a: Cursola
|-damage|p2a: Cursola|27/100
|-ability|p2a: Cursola|Perish Body
|-enditem|p2a: Cursola|Leftovers|[from] move: Knock Off|[of] p1a: jelly belly
|move|p2a: Cursola|Stealth Rock|p1a: jelly belly
|-sidestart|p1: uult1 freitas|move: Stealth Rock
|
|-start|p1a: jelly belly|perish3
|-start|p2a: Cursola|perish3
|upkeep
|turn|10
|
|move|p1a: jelly belly|Shadow Ball|p2a: Cursola
|-supereffective|p2a: Cursola
|-damage|p2a: Cursola|0 fnt
|faint|p2a: Cursola
|
|-start|p1a: jelly belly|perish2
|upkeep
|
|switch|p2a: Kingler|Kingler, M|100/100
|turn|11
|
|switch|p1a: funion onion|Celebi|100/100
|-damage|p1a: funion onion|88/100|[from] Stealth Rock
|move|p2a: Kingler|Liquidation|p1a: funion onion
|-resisted|p1a: funion onion
|-damage|p1a: funion onion|63/100
|
|upkeep
|turn|12
|
|switch|p2a: Garbodor|Garbodor, F|100/100
|move|p1a: funion onion|Stealth Rock|p2a: Garbodor
|-sidestart|p2: kerorek|move: Stealth Rock
|
|upkeep
|turn|13
|
|switch|p1a: jelly belly|Reuniclus, F|99/100
|-damage|p1a: jelly belly|87/100|[from] Stealth Rock
|move|p2a: Garbodor|Toxic Spikes|p1a: jelly belly
|-sidestart|p1: uult1 freitas|move: Toxic Spikes
|
|upkeep
|turn|14
|
|move|p2a: Garbodor|Toxic Spikes|p1a: jelly belly
|-sidestart|p1: uult1 freitas|move: Toxic Spikes
|move|p1a: jelly belly|Psychic|p2a: Garbodor
|-supereffective|p2a: Garbodor
|-damage|p2a: Garbodor|46/100
|
|-heal|p2a: Garbodor|52/100|[from] item: Black Sludge
|upkeep
|turn|15
|
|switch|p2a: Type: Null|Type: Null|88/100 brn
|-damage|p2a: Type: Null|76/100 brn|[from] Stealth Rock
|move|p1a: jelly belly|Psychic|p2a: Type: Null
|-damage|p2a: Type: Null|54/100 brn
|
|-damage|p2a: Type: Null|48/100 brn|[from] brn
|upkeep
|turn|16
|
|move|p2a: Type: Null|Thunder Wave|p1a: jelly belly
|-status|p1a: jelly belly|par
|cant|p1a: jelly belly|par
|
|-damage|p2a: Type: Null|42/100 brn|[from] brn
|upkeep
|turn|17
|
|move|p2a: Type: Null|Rest|p2a: Type: Null
|-status|p2a: Type: Null|slp|[from] move: Rest
|-heal|p2a: Type: Null|100/100 slp|[silent]
|cant|p1a: jelly belly|par
|
|upkeep
|turn|18
|
|cant|p2a: Type: Null|slp
|move|p2a: Type: Null|Sleep Talk|p2a: Type: Null
|move|p2a: Type: Null|Thunder Wave|p1a: jelly belly|[from]Sleep Talk
|-fail|p1a: jelly belly|par
|move|p1a: jelly belly|Knock Off|p2a: Type: Null
|-damage|p2a: Type: Null|94/100 slp
|-enditem|p2a: Type: Null|Eviolite|[from] move: Knock Off|[of] p1a: jelly belly
|
|upkeep
|turn|19
|
|switch|p1a: woofy woof|Arcanine, M|100/100
|-ability|p1a: woofy woof|Intimidate|boost
|-unboost|p2a: Type: Null|atk|1
|cant|p2a: Type: Null|slp
|move|p2a: Type: Null|Sleep Talk|p2a: Type: Null
|move|p2a: Type: Null|Roar|p1a: woofy woof|[from]Sleep Talk
|drag|p1a: muddy buddy|Quagsire, F|100/100
|-status|p1a: muddy buddy|tox
|-damage|p1a: muddy buddy|94/100 tox|[from] Stealth Rock
|
|-heal|p1a: muddy buddy|100/100 tox|[from] item: Leftovers
|-damage|p1a: muddy buddy|94/100 tox|[from] psn
|upkeep
|turn|20
|
|move|p1a: muddy buddy|Earthquake|p2a: Type: Null
|-damage|p2a: Type: Null|75/100 slp
|-curestatus|p2a: Type: Null|slp|[msg]
|move|p2a: Type: Null|Roar|p1a: muddy buddy
|drag|p1a: jelly belly|Reuniclus, F|100/100 par
|-damage|p1a: jelly belly|88/100 par|[from] Stealth Rock
|
|upkeep
|turn|21
|
|move|p1a: jelly belly|Psychic|p2a: Type: Null
|-damage|p2a: Type: Null|42/100
|move|p2a: Type: Null|Roar|p1a: jelly belly
|drag|p1a: umby wumby|Umbreon, M|100/100
|-status|p1a: umby wumby|tox
|-damage|p1a: umby wumby|88/100 tox|[from] Stealth Rock
|
|-heal|p1a: umby wumby|94/100 tox|[from] item: Leftovers
|-damage|p1a: umby wumby|88/100 tox|[from] psn
|upkeep
|turn|22
|
|move|p1a: umby wumby|Foul Play|p2a: Type: Null
|-damage|p2a: Type: Null|30/100
|move|p2a: Type: Null|Rest|p2a: Type: Null
|-status|p2a: Type: Null|slp|[from] move: Rest
|-heal|p2a: Type: Null|100/100 slp|[silent]
|
|-heal|p1a: umby wumby|94/100 tox|[from] item: Leftovers
|-damage|p1a: umby wumby|82/100 tox|[from] psn
|upkeep
|turn|23
|
|move|p1a: umby wumby|Heal Bell|p1a: umby wumby
|-activate|p1a: umby wumby|move: Heal Bell
|-curestatus|p1a: umby wumby|tox|[msg]
|-curestatus|p1: jelly belly|par|[msg]
|-curestatus|p1: muddy buddy|tox|[msg]
|cant|p2a: Type: Null|slp
|move|p2a: Type: Null|Sleep Talk|p2a: Type: Null
|move|p2a: Type: Null|Rest|p2a: Type: Null|[from]Sleep Talk
|-fail|p2a: Type: Null|heal
|
|-heal|p1a: umby wumby|88/100|[from] item: Leftovers
|upkeep
|turn|24
|
|move|p1a: umby wumby|Foul Play|p2a: Type: Null
|-damage|p2a: Type: Null|90/100 slp
|cant|p2a: Type: Null|slp
|move|p2a: Type: Null|Sleep Talk|p2a: Type: Null
|move|p2a: Type: Null|Rest|p2a: Type: Null|[from]Sleep Talk
|-fail|p2a: Type: Null
|
|-heal|p1a: umby wumby|94/100|[from] item: Leftovers
|upkeep
|turn|25
|
|move|p1a: umby wumby|Foul Play|p2a: Type: Null
|-damage|p2a: Type: Null|80/100 slp
|-curestatus|p2a: Type: Null|slp|[msg]
|move|p2a: Type: Null|Roar|p1a: umby wumby
|drag|p1a: jelly belly|Reuniclus, F|100/100
|-damage|p1a: jelly belly|88/100|[from] Stealth Rock
|-status|p1a: jelly belly|tox
|
|-damage|p1a: jelly belly|82/100 tox|[from] psn
|upkeep
|turn|26
|
|move|p1a: jelly belly|Psychic|p2a: Type: Null
|-damage|p2a: Type: Null|45/100
|move|p2a: Type: Null|Roar|p1a: jelly belly
|drag|p1a: woofy woof|Arcanine, M|100/100
|-ability|p1a: woofy woof|Intimidate|boost
|-unboost|p2a: Type: Null|atk|1
|
|upkeep
|turn|27
|
|move|p1a: woofy woof|Flamethrower|p2a: Type: Null
|-damage|p2a: Type: Null|19/100
|move|p2a: Type: Null|Rest|p2a: Type: Null
|-status|p2a: Type: Null|slp|[from] move: Rest
|-heal|p2a: Type: Null|100/100 slp|[silent]
|
|upkeep
|turn|28
|
|move|p1a: woofy woof|Flamethrower|p2a: Type: Null
|-damage|p2a: Type: Null|71/100 slp
|cant|p2a: Type: Null|slp
|move|p2a: Type: Null|Sleep Talk|p2a: Type: Null
|move|p2a: Type: Null|Rest|p2a: Type: Null|[from]Sleep Talk
|-fail|p2a: Type: Null
|
|upkeep
|turn|29
|
|move|p1a: woofy woof|Flamethrower|p2a: Type: Null
|-damage|p2a: Type: Null|45/100 slp
|cant|p2a: Type: Null|slp
|move|p2a: Type: Null|Sleep Talk|p2a: Type: Null
|move|p2a: Type: Null|Rest|p2a: Type: Null|[from]Sleep Talk
|-fail|p2a: Type: Null
|
|upkeep
|turn|30
|
|move|p1a: woofy woof|Flamethrower|p2a: Type: Null
|-damage|p2a: Type: Null|16/100 slp
|-curestatus|p2a: Type: Null|slp|[msg]
|move|p2a: Type: Null|Rest|p2a: Type: Null
|-status|p2a: Type: Null|slp|[from] move: Rest
|-heal|p2a: Type: Null|100/100 slp|[silent]
|
|upkeep
|turn|31
|
|switch|p1a: jelly belly|Reuniclus, F|100/100 tox
|-damage|p1a: jelly belly|88/100 tox|[from] Stealth Rock
|cant|p2a: Type: Null|slp
|move|p2a: Type: Null|Sleep Talk|p2a: Type: Null
|move|p2a: Type: Null|Roar|p1a: jelly belly|[from]Sleep Talk
|drag|p1a: funion onion|Celebi|63/100
|-status|p1a: funion onion|tox
|-damage|p1a: funion onion|50/100 tox|[from] Stealth Rock
|
|-damage|p1a: funion onion|44/100 tox|[from] psn
|upkeep
|turn|32
|
|move|p1a: funion onion|Recover|p1a: funion onion
|-heal|p1a: funion onion|94/100 tox
|cant|p2a: Type: Null|slp
|move|p2a: Type: Null|Sleep Talk|p2a: Type: Null
|move|p2a: Type: Null|Roar|p1a: funion onion|[from]Sleep Talk
|drag|p1a: jelly belly|Reuniclus, F|100/100 tox
|-damage|p1a: jelly belly|88/100 tox|[from] Stealth Rock
|
|-damage|p1a: jelly belly|82/100 tox|[from] psn
|upkeep
|turn|33
|
|switch|p2a: Togedemaru|Togedemaru, F|100/100
|-damage|p2a: Togedemaru|95/100|[from] Stealth Rock
|move|p1a: jelly belly|Psychic|p2a: Togedemaru
|-resisted|p2a: Togedemaru
|-damage|p2a: Togedemaru|65/100
|
|-damage|p1a: jelly belly|70/100 tox|[from] psn
|upkeep
|turn|34
|
|move|p2a: Togedemaru|U-turn|p1a: jelly belly
|-supereffective|p1a: jelly belly
|-damage|p1a: jelly belly|29/100 tox
|
|switch|p2a: Garbodor|Garbodor, F|52/100|[from]move: U-turn
|-damage|p2a: Garbodor|40/100|[from] Stealth Rock
|move|p1a: jelly belly|Shadow Ball|p2a: Garbodor
|-damage|p2a: Garbodor|21/100
|
|-heal|p2a: Garbodor|27/100|[from] item: Black Sludge
|-damage|p1a: jelly belly|10/100 tox|[from] psn
|upkeep
|turn|35
|
|switch|p1a: muddy buddy|Quagsire, F|94/100
|-damage|p1a: muddy buddy|88/100|[from] Stealth Rock
|-status|p1a: muddy buddy|tox
|move|p2a: Garbodor|Spikes|p1a: muddy buddy
|-sidestart|p1: uult1 freitas|Spikes
|
|-heal|p2a: Garbodor|33/100|[from] item: Black Sludge
|-heal|p1a: muddy buddy|94/100 tox|[from] item: Leftovers
|-damage|p1a: muddy buddy|88/100 tox|[from] psn
|upkeep
|turn|36
|
|switch|p2a: Type: Null|Type: Null|100/100 slp
|-damage|p2a: Type: Null|88/100 slp|[from] Stealth Rock
|move|p1a: muddy buddy|Earthquake|p2a: Type: Null
|-damage|p2a: Type: Null|67/100 slp
|
|-heal|p1a: muddy buddy|94/100 tox|[from] item: Leftovers
|-damage|p1a: muddy buddy|82/100 tox|[from] psn
|upkeep
|turn|37
|
|switch|p1a: jelly belly|Reuniclus, F|44/100 tox
|-damage|p1a: jelly belly|31/100 tox|[from] Spikes
|-damage|p1a: jelly belly|19/100 tox|[from] Stealth Rock
|-curestatus|p2a: Type: Null|slp|[msg]
|move|p2a: Type: Null|Sleep Talk||[still]
|-fail|p2a: Type: Null
|
|-damage|p1a: jelly belly|13/100 tox|[from] psn
|upkeep
|turn|38
|
|switch|p1a: woofy woof|Arcanine, M|100/100
|-ability|p1a: woofy woof|Intimidate|boost
|-unboost|p2a: Type: Null|atk|1
|move|p2a: Type: Null|Roar|p1a: woofy woof
|drag|p1a: jelly belly|Reuniclus, F|46/100 tox
|-damage|p1a: jelly belly|34/100 tox|[from] Stealth Rock
|-damage|p1a: jelly belly|22/100 tox|[from] Spikes
|
|-damage|p1a: jelly belly|15/100 tox|[from] psn
|upkeep
|turn|39
|
|switch|p1a: woofy woof|Arcanine, M|100/100
|-ability|p1a: woofy woof|Intimidate|boost
|-unboost|p2a: Type: Null|atk|1
|move|p2a: Type: Null|Roar|p1a: woofy woof
|drag|p1a: umby wumby|Umbreon, M|94/100
|-status|p1a: umby wumby|tox
|-damage|p1a: umby wumby|82/100 tox|[from] Stealth Rock
|-damage|p1a: umby wumby|69/100 tox|[from] Spikes
|
|-heal|p1a: umby wumby|75/100 tox|[from] item: Leftovers
|-damage|p1a: umby wumby|69/100 tox|[from] psn
|upkeep
|turn|40
|
|move|p1a: umby wumby|Wish|p1a: umby wumby
|move|p2a: Type: Null|Roar|p1a: umby wumby
|drag|p1a: jelly belly|Reuniclus, F|49/100 tox
|-damage|p1a: jelly belly|36/100 tox|[from] Stealth Rock
|-damage|p1a: jelly belly|24/100 tox|[from] Spikes
|
|-damage|p1a: jelly belly|18/100 tox|[from] psn
|upkeep
|turn|41
|
|switch|p1a: umby wumby|Umbreon, M|69/100 tox
|-damage|p1a: umby wumby|57/100 tox|[from] Stealth Rock
|-damage|p1a: umby wumby|44/100 tox|[from] Spikes
|move|p2a: Type: Null|Roar|p1a: umby wumby
|drag|p1a: woofy woof|Arcanine, M|100/100
|-ability|p1a: woofy woof|Intimidate|boost
|-unboost|p2a: Type: Null|atk|1
|
|upkeep
|turn|42
|
|move|p1a: woofy woof|Toxic|p2a: Type: Null
|-status|p2a: Type: Null|tox
|move|p2a: Type: Null|Thunder Wave|p1a: woofy woof
|-status|p1a: woofy woof|par
|
|-damage|p2a: Type: Null|61/100 tox|[from] psn
|upkeep
|turn|43
|
|switch|p1a: jelly belly|Reuniclus, F|51/100 tox
|-damage|p1a: jelly belly|39/100 tox|[from] Spikes
|-damage|p1a: jelly belly|27/100 tox|[from] Stealth Rock
|move|p2a: Type: Null|Rest|p2a: Type: Null
|-status|p2a: Type: Null|slp|[from] move: Rest
|-heal|p2a: Type: Null|100/100 slp|[silent]
|
|-damage|p1a: jelly belly|21/100 tox|[from] psn
|upkeep
|turn|44
|
|switch|p2a: Togedemaru|Togedemaru, F|65/100
|-damage|p2a: Togedemaru|59/100|[from] Stealth Rock
|switch|p1a: funion onion|Celebi|94/100
|-damage|p1a: funion onion|82/100|[from] Stealth Rock
|-damage|p1a: funion onion|69/100|[from] Spikes
|-status|p1a: funion onion|tox
|
|-damage|p1a: funion onion|63/100 tox|[from] psn
|upkeep
|turn|45
|
|-curestatus|p1a: funion onion|tox|[from] ability: Natural Cure
|switch|p1a: woofy woof|Arcanine, M|100/100 par
|-ability|p1a: woofy woof|Intimidate|boost
|-unboost|p2a: Togedemaru|atk|1
|move|p2a: Togedemaru|U-turn|p1a: woofy woof
|-resisted|p1a: woofy woof
|-damage|p1a: woofy woof|95/100 par
|
|switch|p2a: Kingler|Kingler, M|100/100|[from]move: U-turn
|-damage|p2a: Kingler|88/100|[from] Stealth Rock
|
|upkeep
|turn|46
|
|switch|p1a: funion onion|Celebi|63/100
|-damage|p1a: funion onion|51/100|[from] Stealth Rock
|-status|p1a: funion onion|tox
|-damage|p1a: funion onion|38/100 tox|[from] Spikes
|move|p2a: Kingler|Liquidation|p1a: funion onion
|-resisted|p1a: funion onion
|-damage|p1a: funion onion|15/100 tox
|
|-damage|p1a: funion onion|8/100 tox|[from] psn
|upkeep
|turn|47
|
|switch|p2a: Togedemaru|Togedemaru, F|59/100
|-damage|p2a: Togedemaru|53/100|[from] Stealth Rock
|move|p1a: funion onion|Giga Drain|p2a: Togedemaru
|-resisted|p2a: Togedemaru
|-damage|p2a: Togedemaru|30/100
|-heal|p1a: funion onion|16/100 tox|[from] drain|[of] p2a: Togedemaru
|
|-damage|p1a: funion onion|4/100 tox|[from] psn
|upkeep
|turn|48
|
|-curestatus|p1a: funion onion|tox|[from] ability: Natural Cure
|switch|p1a: woofy woof|Arcanine, M|95/100 par
|-ability|p1a: woofy woof|Intimidate|boost
|-unboost|p2a: Togedemaru|atk|1
|move|p2a: Togedemaru|U-turn|p1a: woofy woof
|-resisted|p1a: woofy woof
|-damage|p1a: woofy woof|90/100 par
|
|switch|p2a: Kingler|Kingler, M|88/100|[from]move: U-turn
|-damage|p2a: Kingler|76/100|[from] Stealth Rock
|
|upkeep
|turn|49
|
|switch|p1a: funion onion|Celebi|4/100
|-status|p1a: funion onion|tox
|-damage|p1a: funion onion|0 fnt|[from] Stealth Rock
|faint|p1a: funion onion
|move|p2a: Kingler|Liquidation|p1: funion onion|[notarget]
|-fail|p2a: Kingler
|
|upkeep
|
|switch|p1a: muddy buddy|Quagsire, F|82/100 tox
|-damage|p1a: muddy buddy|76/100 tox|[from] Stealth Rock
|-damage|p1a: muddy buddy|64/100 tox|[from] Spikes
|turn|50
|
|switch|p2a: Type: Null|Type: Null|100/100 slp
|-damage|p2a: Type: Null|88/100 slp|[from] Stealth Rock
|move|p1a: muddy buddy|Scald|p2a: Type: Null
|-damage|p2a: Type: Null|71/100 slp
|
|-heal|p1a: muddy buddy|70/100 tox|[from] item: Leftovers
|-damage|p1a: muddy buddy|64/100 tox|[from] psn
|upkeep
|turn|51
|
|switch|p1a: woofy woof|Arcanine, M|90/100 par
|-ability|p1a: woofy woof|Intimidate|boost
|-unboost|p2a: Type: Null|atk|1
|cant|p2a: Type: Null|slp
|move|p2a: Type: Null|Sleep Talk|p2a: Type: Null
|move|p2a: Type: Null|Roar|p1a: woofy woof|[from]Sleep Talk
|drag|p1a: umby wumby|Umbreon, M|44/100 tox
|-damage|p1a: umby wumby|32/100 tox|[from] Stealth Rock
|-damage|p1a: umby wumby|20/100 tox|[from] Spikes
|
|-heal|p1a: umby wumby|26/100 tox|[from] item: Leftovers
|-damage|p1a: umby wumby|20/100 tox|[from] psn
|upkeep
|turn|52
|
|move|p1a: umby wumby|Heal Bell|p1a: umby wumby
|-activate|p1a: umby wumby|move: Heal Bell
|-curestatus|p1a: umby wumby|tox|[msg]
|-curestatus|p1: woofy woof|par|[msg]
|-curestatus|p1: jelly belly|tox|[msg]
|-curestatus|p1: muddy buddy|tox|[msg]
|cant|p2a: Type: Null|slp
|move|p2a: Type: Null|Sleep Talk|p2a: Type: Null
|move|p2a: Type: Null|Rest|p2a: Type: Null|[from]Sleep Talk
|-fail|p2a: Type: Null
|
|-heal|p1a: umby wumby|26/100|[from] item: Leftovers
|upkeep
|turn|53
|
|move|p1a: umby wumby|Wish|p1a: umby wumby
|-curestatus|p2a: Type: Null|slp|[msg]
|move|p2a: Type: Null|Roar|p1a: umby wumby
|drag|p1a: muddy buddy|Quagsire, F|64/100
|-status|p1a: muddy buddy|tox
|-damage|p1a: muddy buddy|51/100 tox|[from] Spikes
|-damage|p1a: muddy buddy|45/100 tox|[from] Stealth Rock
|
|-heal|p1a: muddy buddy|51/100 tox|[from] item: Leftovers
|-damage|p1a: muddy buddy|45/100 tox|[from] psn
|upkeep
|turn|54
|
|move|p1a: muddy buddy|Scald|p2a: Type: Null
|-damage|p2a: Type: Null|55/100
|-status|p2a: Type: Null|brn
|move|p2a: Type: Null|Roar|p1a: muddy buddy
|drag|p1a: umby wumby|Umbreon, M|26/100
|-damage|p1a: umby wumby|13/100|[from] Spikes
|-damage|p1a: umby wumby|1/100|[from] Stealth Rock
|-status|p1a: umby wumby|tox
|
|-heal|p1a: umby wumby|51/100 tox|[from] move: Wish|[wisher] umby wumby
|-heal|p1a: umby wumby|57/100 tox|[from] item: Leftovers
|-damage|p1a: umby wumby|51/100 tox|[from] psn
|-damage|p2a: Type: Null|49/100 brn|[from] brn
|upkeep
|turn|55
|
|move|p1a: umby wumby|Wish|p1a: umby wumby
|move|p2a: Type: Null|Roar|p1a: umby wumby
|drag|p1a: jelly belly|Reuniclus, F|54/100
|-status|p1a: jelly belly|tox
|-damage|p1a: jelly belly|42/100 tox|[from] Spikes
|-damage|p1a: jelly belly|29/100 tox|[from] Stealth Rock
|
|-damage|p2a: Type: Null|43/100 brn|[from] brn
|-damage|p1a: jelly belly|23/100 tox|[from] psn
|upkeep
|turn|56
|
|move|p2a: Type: Null|Rest|p2a: Type: Null
|-status|p2a: Type: Null|slp|[from] move: Rest
|-heal|p2a: Type: Null|100/100 slp|[silent]
|move|p1a: jelly belly|Psychic|p2a: Type: Null
|-damage|p2a: Type: Null|66/100 slp
|
|-heal|p1a: jelly belly|70/100 tox|[from] move: Wish|[wisher] umby wumby
|-damage|p1a: jelly belly|57/100 tox|[from] psn
|upkeep
|turn|57
|
|cant|p2a: Type: Null|slp
|move|p2a: Type: Null|Sleep Talk|p2a: Type: Null
|move|p2a: Type: Null|Roar|p1a: jelly belly|[from]Sleep Talk
|drag|p1a: umby wumby|Umbreon, M|51/100 tox
|-damage|p1a: umby wumby|38/100 tox|[from] Stealth Rock
|-damage|p1a: umby wumby|26/100 tox|[from] Spikes
|
|-heal|p1a: umby wumby|32/100 tox|[from] item: Leftovers
|-damage|p1a: umby wumby|26/100 tox|[from] psn
|upkeep
|turn|58
|
|move|p1a: umby wumby|Wish|p1a: umby wumby
|cant|p2a: Type: Null|slp
|move|p2a: Type: Null|Sleep Talk|p2a: Type: Null
|move|p2a: Type: Null|Rest|p2a: Type: Null|[from]Sleep Talk
|-fail|p2a: Type: Null
|
|-heal|p1a: umby wumby|32/100 tox|[from] item: Leftovers
|-damage|p1a: umby wumby|20/100 tox|[from] psn
|upkeep
|turn|59
|
|move|p1a: umby wumby|Foul Play|p2a: Type: Null
|-damage|p2a: Type: Null|56/100 slp
|-curestatus|p2a: Type: Null|slp|[msg]
|move|p2a: Type: Null|Roar|p1a: umby wumby
|drag|p1a: jelly belly|Reuniclus, F|91/100 tox
|-damage|p1a: jelly belly|79/100 tox|[from] Stealth Rock
|-damage|p1a: jelly belly|66/100 tox|[from] Spikes
|
|-heal|p1a: jelly belly|100/100 tox|[from] move: Wish|[wisher] umby wumby
|-damage|p1a: jelly belly|94/100 tox|[from] psn
|upkeep
|turn|60
|j| Angelborn
|
|move|p1a: jelly belly|Psychic|p2a: Type: Null
|-damage|p2a: Type: Null|23/100
|move|p2a: Type: Null|Roar|p1a: jelly belly
|drag|p1a: muddy buddy|Quagsire, F|45/100 tox
|-damage|p1a: muddy buddy|39/100 tox|[from] Stealth Rock
|-damage|p1a: muddy buddy|27/100 tox|[from] Spikes
|
|-heal|p1a: muddy buddy|33/100 tox|[from] item: Leftovers
|-damage|p1a: muddy buddy|27/100 tox|[from] psn
|upkeep
|turn|61
|
|move|p1a: muddy buddy|Recover|p1a: muddy buddy
|-heal|p1a: muddy buddy|77/100 tox
|move|p2a: Type: Null|Roar|p1a: muddy buddy
|drag|p1a: umby wumby|Umbreon, M|20/100 tox
|-damage|p1a: umby wumby|7/100 tox|[from] Stealth Rock
|-damage|p1a: umby wumby|0 fnt|[from] Spikes
|faint|p1a: umby wumby
|
|upkeep
|
|switch|p1a: jelly belly|Reuniclus, F|100/100 tox
|-damage|p1a: jelly belly|88/100 tox|[from] Spikes
|-damage|p1a: jelly belly|76/100 tox|[from] Stealth Rock
|turn|62
|
|move|p2a: Type: Null|Rest|p2a: Type: Null
|-status|p2a: Type: Null|slp|[from] move: Rest
|-heal|p2a: Type: Null|100/100 slp|[silent]
|move|p1a: jelly belly|Psychic|p2a: Type: Null
|-damage|p2a: Type: Null|64/100 slp
|
|-damage|p1a: jelly belly|70/100 tox|[from] psn
|upkeep
|turn|63
|
|cant|p2a: Type: Null|slp
|move|p2a: Type: Null|Sleep Talk|p2a: Type: Null
|move|p2a: Type: Null|Thunder Wave||[from]Sleep Talk|[still]
|-fail|p2a: Type: Null
|move|p1a: jelly belly|Psychic|p2a: Type: Null
|-damage|p2a: Type: Null|29/100 slp
|
|-damage|p1a: jelly belly|57/100 tox|[from] psn
|upkeep
|turn|64
|
|cant|p2a: Type: Null|slp
|move|p1a: jelly belly|Psychic|p2a: Type: Null
|-damage|p2a: Type: Null|0 fnt
|faint|p2a: Type: Null
|
|-damage|p1a: jelly belly|39/100 tox|[from] psn
|upkeep
|
|switch|p2a: Kingler|Kingler, M|76/100
|-damage|p2a: Kingler|63/100|[from] Stealth Rock
|turn|65
|
|switch|p1a: woofy woof|Arcanine, M|90/100
|-ability|p1a: woofy woof|Intimidate|boost
|-unboost|p2a: Kingler|atk|1
|move|p2a: Kingler|Liquidation|p1a: woofy woof
|-supereffective|p1a: woofy woof
|-damage|p1a: woofy woof|8/100
|
|upkeep
|turn|66
|
|switch|p1a: muddy buddy|Quagsire, F|77/100 tox
|-damage|p1a: muddy buddy|71/100 tox|[from] Stealth Rock
|-damage|p1a: muddy buddy|58/100 tox|[from] Spikes
|move|p2a: Kingler|Liquidation|p1a: muddy buddy
|-damage|p1a: muddy buddy|4/100 tox
|
|-heal|p1a: muddy buddy|10/100 tox|[from] item: Leftovers
|-damage|p1a: muddy buddy|4/100 tox|[from] psn
|upkeep
|turn|67
|
|move|p2a: Kingler|Liquidation|p1a: muddy buddy
|-damage|p1a: muddy buddy|0 fnt
|faint|p1a: muddy buddy
|
|upkeep
|
|switch|p1a: jelly belly|Reuniclus, F|72/100 tox
|-damage|p1a: jelly belly|60/100 tox|[from] Spikes
|-damage|p1a: jelly belly|48/100 tox|[from] Stealth Rock
|turn|68
|
|switch|p2a: Garbodor|Garbodor, F|33/100
|-damage|p2a: Garbodor|21/100|[from] Stealth Rock
|move|p1a: jelly belly|Energy Ball|p2a: Garbodor
|-resisted|p2a: Garbodor
|-damage|p2a: Garbodor|12/100
|
|-heal|p2a: Garbodor|18/100|[from] item: Black Sludge
|-damage|p1a: jelly belly|42/100 tox|[from] psn
|upkeep
|turn|69
|
|move|p2a: Garbodor|Gunk Shot|p1a: jelly belly
|-damage|p1a: jelly belly|0 fnt
|faint|p1a: jelly belly
|
|-heal|p2a: Garbodor|24/100|[from] item: Black Sludge
|upkeep
|
|switch|p1a: woofy woof|Arcanine, M|8/100
|-ability|p1a: woofy woof|Intimidate|boost
|-unboost|p2a: Garbodor|atk|1
|turn|70
|-message|uult1 freitas forfeited.
|
|win|kerorek
|l|☆uult1 freitas
|l|☆kerorek
||Ladder (probably) updated, but score could not be retrieved (Response not received).
