|html|<div class="broadcast-blue"><strong>[Gen 8] UU is currently suspecting Moltres-Galar! For information on how to participate check out the <a href="https://www.smogon.com/forums/threads/np-ss-uu-stage-12-get-lucky.3700621/">suspect thread</a>.</strong></div>
|j|☆Buster118
|j|☆vivalospride 〠
|t:|1651293139
|gametype|singles
|player|p1|Buster118|scientist-gen4dp|1543
|player|p2|vivalospride 〠|#vivalospride|1634
|teamsize|p1|6
|teamsize|p2|6
|gen|8
|tier|[Gen 8] UU
|rated|
|rule|Sleep Clause Mod: Limit one foe put to sleep
|rule|Species Clause: Limit one of each Pokémon
|rule|OHKO Clause: OHKO moves are banned
|rule|Evasion Moves Clause: Evasion moves are banned
|rule|Endless Battle Clause: Forcing endless battles is banned
|rule|HP Percentage Mod: HP is shown in percentages
|rule|Dynamax Clause: You cannot dynamax
|clearpoke
|poke|p1|Amoonguss, F|
|poke|p1|Chansey, F|
|poke|p1|Celesteela|
|poke|p1|Conkeldurr, F|
|poke|p1|Lycanroc-Dusk, F|
|poke|p1|Swampert, F|
|poke|p2|Scizor, M|
|poke|p2|Thundurus-Therian, M|
|poke|p2|Tangrowth, M|
|poke|p2|Hydreigon, M|
|poke|p2|Tentacruel, M|
|poke|p2|Cobalion|
|teampreview
|c|☆vivalospride 〠|hf
|j| drey77
|inactive|Battle timer is ON: inactive players will automatically lose when time's up. (requested by vivalospride 〠)
|c| drey77|hi
|inactive|Buster118 has 120 seconds left.
|
|t:|1651293197
|start
|switch|p1a: Swampert|Swampert, F|100/100
|switch|p2a: Tangrowth|Tangrowth, M|100/100
|turn|1
|c| drey77|2 high rank players uu this is what it is
|
|t:|1651293208
|switch|p1a: Amoonguss|Amoonguss, F|100/100
|move|p2a: Tangrowth|Power Whip|p1a: Amoonguss
|-resisted|p1a: Amoonguss
|-crit|p1a: Amoonguss
|-damage|p1a: Amoonguss|90/100
|-damage|p2a: Tangrowth|84/100|[from] item: Rocky Helmet|[of] p1a: Amoonguss
|
|upkeep
|turn|2
|
|t:|1651293218
|switch|p2a: Cobalion|Cobalion|100/100
|move|p1a: Amoonguss|Sludge Bomb|p2a: Cobalion
|-immune|p2a: Cobalion
|
|upkeep
|turn|3
|
|t:|1651293223
|move|p2a: Cobalion|Stealth Rock|p1a: Amoonguss
|-sidestart|p1: Buster118|move: Stealth Rock
|move|p1a: Amoonguss|Spore|p2a: Cobalion
|-activate|p2a: Cobalion|item: Safety Goggles|Spore
|
|upkeep
|turn|4
|
|t:|1651293228
|switch|p2a: Tangrowth|Tangrowth, M|100/100
|switch|p1a: Swampert|Swampert, F|100/100
|-damage|p1a: Swampert|94/100|[from] Stealth Rock
|
|-heal|p1a: Swampert|100/100|[from] item: Leftovers
|upkeep
|turn|5
|c| drey77|can i battle you after vivalospride
|
|t:|1651293231
|switch|p1a: Amoonguss|Amoonguss, F|100/100
|-damage|p1a: Amoonguss|88/100|[from] Stealth Rock
|move|p2a: Tangrowth|Knock Off|p1a: Amoonguss
|-damage|p1a: Amoonguss|71/100
|-damage|p2a: Tangrowth|84/100|[from] item: Rocky Helmet|[of] p1a: Amoonguss
|-enditem|p1a: Amoonguss|Rocky Helmet|[from] move: Knock Off|[of] p2a: Tangrowth
|
|upkeep
|turn|6
|
|t:|1651293240
|move|p2a: Tangrowth|Sludge Bomb|p1a: Amoonguss
|-damage|p1a: Amoonguss|51/100
|move|p1a: Amoonguss|Sludge Bomb|p2a: Tangrowth
|-supereffective|p2a: Tangrowth
|-damage|p2a: Tangrowth|48/100
|-status|p2a: Tangrowth|psn
|
|-damage|p2a: Tangrowth|35/100 psn|[from] psn
|upkeep
|turn|7
|c|☆vivalospride 〠|sure
|
|t:|1651293260
|switch|p2a: Cobalion|Cobalion|100/100
|move|p1a: Amoonguss|Sludge Bomb|p2a: Cobalion
|-immune|p2a: Cobalion
|
|upkeep
|turn|8
|
|t:|1651293265
|switch|p2a: Tangrowth|Tangrowth, M|68/100 psn
|switch|p1a: Swampert|Swampert, F|100/100
|-damage|p1a: Swampert|94/100|[from] Stealth Rock
|
|-heal|p1a: Swampert|100/100|[from] item: Leftovers
|-damage|p2a: Tangrowth|56/100 psn|[from] psn
|upkeep
|turn|9
|
|t:|1651293272
|switch|p1a: Amoonguss|Amoonguss, F|85/100
|-damage|p1a: Amoonguss|72/100|[from] Stealth Rock
|switch|p2a: Scizor|Scizor, M|100/100
|
|upkeep
|turn|10
|
|t:|1651293280
|move|p2a: Scizor|Dual Wingbeat|p1a: Amoonguss
|-supereffective|p1a: Amoonguss
|-damage|p1a: Amoonguss|19/100
|-supereffective|p1a: Amoonguss
|-damage|p1a: Amoonguss|0 fnt
|faint|p1a: Amoonguss
|-hitcount|p1: Amoonguss|2
|
|upkeep
|c| drey77|i notice a huge fire ice issue
|c| drey77|on this team
|
|t:|1651293308
|switch|p1a: Celesteela|Celesteela|100/100
|-damage|p1a: Celesteela|88/100|[from] Stealth Rock
|turn|11
|
|t:|1651293310
|switch|p2a: Tentacruel|Tentacruel, M|100/100
|move|p1a: Celesteela|Flamethrower|p2a: Tentacruel
|-resisted|p2a: Tentacruel
|-damage|p2a: Tentacruel|89/100
|
|-heal|p2a: Tentacruel|95/100|[from] item: Black Sludge
|upkeep
|turn|12
|c| drey77|mamo takes out 5 mons
|
|t:|1651293320
|switch|p1a: Swampert|Swampert, F|100/100
|-damage|p1a: Swampert|94/100|[from] Stealth Rock
|move|p2a: Tentacruel|Scald|p1a: Swampert
|-damage|p1a: Swampert|74/100
|-status|p1a: Swampert|brn
|
|-heal|p2a: Tentacruel|100/100|[from] item: Black Sludge
|-heal|p1a: Swampert|80/100 brn|[from] item: Leftovers
|-damage|p1a: Swampert|74/100 brn|[from] brn
|upkeep
|turn|13
|
|t:|1651293324
|switch|p2a: Thundurus|Thundurus-Therian, M|100/100
|move|p1a: Swampert|Stealth Rock|p2a: Thundurus
|-sidestart|p2: vivalospride 〠|move: Stealth Rock
|
|-heal|p1a: Swampert|80/100 brn|[from] item: Leftovers
|-damage|p1a: Swampert|74/100 brn|[from] brn
|upkeep
|turn|14
|
|t:|1651293330
|switch|p1a: Chansey|Chansey, F|100/100
|-damage|p1a: Chansey|88/100|[from] Stealth Rock
|move|p2a: Thundurus|Grass Knot|p1a: Chansey
|-damage|p1a: Chansey|81/100
|
|upkeep
|turn|15
|
|t:|1651293336
|move|p2a: Thundurus|Volt Switch|p1a: Chansey
|-damage|p1a: Chansey|68/100
|
|t:|1651293337
|switch|p2a: Cobalion|Cobalion|100/100|[from]move: Volt Switch
|-damage|p2a: Cobalion|97/100|[from] Stealth Rock
|move|p1a: Chansey|Teleport|p1a: Chansey
|inactive|Buster118 has 120 seconds left.
|
|t:|1651293379
|switch|p1a: Conkeldurr|Conkeldurr, F|100/100|[from]move: Teleport
|-damage|p1a: Conkeldurr|95/100|[from] Stealth Rock
|
|-status|p1a: Conkeldurr|brn|[from] item: Flame Orb
|upkeep
|turn|16
|
|t:|1651293394
|move|p2a: Cobalion|Volt Switch|p1a: Conkeldurr
|-damage|p1a: Conkeldurr|75/100 brn
|
|t:|1651293396
|switch|p2a: Tentacruel|Tentacruel, M|100/100|[from]move: Volt Switch
|-damage|p2a: Tentacruel|88/100|[from] Stealth Rock
|move|p1a: Conkeldurr|Drain Punch|p2a: Tentacruel
|-resisted|p2a: Tentacruel
|-damage|p2a: Tentacruel|49/100
|-damage|p1a: Conkeldurr|55/100 brn|[from] ability: Liquid Ooze|[of] p2a: Tentacruel
|
|-heal|p2a: Tentacruel|55/100|[from] item: Black Sludge
|-damage|p1a: Conkeldurr|49/100 brn|[from] brn
|upkeep
|turn|17
|inactive|Buster118 has 120 seconds left.
|
|t:|1651293405
|switch|p1a: Swampert|Swampert, F|74/100 brn
|-damage|p1a: Swampert|68/100 brn|[from] Stealth Rock
|move|p2a: Tentacruel|Sludge Bomb|p1a: Swampert
|-resisted|p1a: Swampert
|-damage|p1a: Swampert|56/100 brn
|
|-heal|p2a: Tentacruel|61/100|[from] item: Black Sludge
|-heal|p1a: Swampert|63/100 brn|[from] item: Leftovers
|-damage|p1a: Swampert|56/100 brn|[from] brn
|upkeep
|turn|18
|
|t:|1651293409
|move|p2a: Tentacruel|Rapid Spin|p1a: Swampert
|-crit|p1a: Swampert
|-damage|p1a: Swampert|49/100 brn
|-boost|p2a: Tentacruel|spe|1
|-sideend|p2: vivalospride 〠|Stealth Rock|[from] move: Rapid Spin|[of] p2a: Tentacruel
|move|p1a: Swampert|Earthquake|p2a: Tentacruel
|-supereffective|p2a: Tentacruel
|-damage|p2a: Tentacruel|20/100
|
|-heal|p2a: Tentacruel|26/100|[from] item: Black Sludge
|-heal|p1a: Swampert|55/100 brn|[from] item: Leftovers
|-damage|p1a: Swampert|49/100 brn|[from] brn
|upkeep
|turn|19
|
|t:|1651293416
|move|p2a: Tentacruel|Scald|p1a: Swampert
|-damage|p1a: Swampert|28/100 brn
|move|p1a: Swampert|Stealth Rock|p2a: Tentacruel
|-sidestart|p2: vivalospride 〠|move: Stealth Rock
|
|-heal|p2a: Tentacruel|32/100|[from] item: Black Sludge
|-heal|p1a: Swampert|34/100 brn|[from] item: Leftovers
|-damage|p1a: Swampert|28/100 brn|[from] brn
|upkeep
|turn|20
|
|t:|1651293419
|move|p2a: Tentacruel|Rapid Spin|p1a: Swampert
|-damage|p1a: Swampert|23/100 brn
|-boost|p2a: Tentacruel|spe|1
|-sideend|p2: vivalospride 〠|Stealth Rock|[from] move: Rapid Spin|[of] p2a: Tentacruel
|move|p1a: Swampert|Earthquake|p2a: Tentacruel
|-supereffective|p2a: Tentacruel
|-damage|p2a: Tentacruel|0 fnt
|faint|p2a: Tentacruel
|
|-heal|p1a: Swampert|29/100 brn|[from] item: Leftovers
|-damage|p1a: Swampert|23/100 brn|[from] brn
|upkeep
|
|t:|1651293423
|switch|p2a: Thundurus|Thundurus-Therian, M|100/100
|turn|21
|
|t:|1651293443
|switch|p1a: Chansey|Chansey, F|68/100
|-damage|p1a: Chansey|55/100|[from] Stealth Rock
|move|p2a: Thundurus|Grass Knot|p1a: Chansey
|-damage|p1a: Chansey|48/100
|
|upkeep
|turn|22
|
|t:|1651293447
|move|p2a: Thundurus|Knock Off|p1a: Chansey
|-damage|p1a: Chansey|35/100
|-enditem|p1a: Chansey|Eviolite|[from] move: Knock Off|[of] p2a: Thundurus
|move|p1a: Chansey|Soft-Boiled|p1a: Chansey
|-heal|p1a: Chansey|85/100
|
|upkeep
|turn|23
|
|t:|1651293450
|move|p2a: Thundurus|Volt Switch|p1a: Chansey
|-damage|p1a: Chansey|67/100
|
|t:|1651293452
|switch|p2a: Scizor|Scizor, M|100/100|[from]move: Volt Switch
|move|p1a: Chansey|Seismic Toss|p2a: Scizor
|-damage|p2a: Scizor|67/100
|
|upkeep
|turn|24
|
|t:|1651293469
|switch|p1a: Swampert|Swampert, F|23/100 brn
|-damage|p1a: Swampert|16/100 brn|[from] Stealth Rock
|move|p2a: Scizor|U-turn|p1a: Swampert
|-damage|p1a: Swampert|0 fnt
|faint|p1a: Swampert
|j| Zoroark The Master
|
|t:|1651293479
|switch|p2a: Hydreigon|Hydreigon, M|100/100|[from]move: U-turn
|
|upkeep
|
|t:|1651293485
|switch|p1a: Chansey|Chansey, F|67/100
|-damage|p1a: Chansey|54/100|[from] Stealth Rock
|turn|25
|
|t:|1651293488
|move|p2a: Hydreigon|U-turn|p1a: Chansey
|-damage|p1a: Chansey|39/100
|
|t:|1651293490
|switch|p2a: Scizor|Scizor, M|67/100|[from]move: U-turn
|move|p1a: Chansey|Seismic Toss|p2a: Scizor
|-damage|p2a: Scizor|34/100
|
|upkeep
|turn|26
|
|t:|1651293499
|move|p2a: Scizor|U-turn|p1a: Chansey
|-damage|p1a: Chansey|0 fnt
|faint|p1a: Chansey
|
|t:|1651293505
|switch|p2a: Hydreigon|Hydreigon, M|100/100|[from]move: U-turn
|
|upkeep
|
|t:|1651293508
|switch|p1a: Conkeldurr|Conkeldurr, F|49/100 brn
|-damage|p1a: Conkeldurr|43/100 brn|[from] Stealth Rock
|turn|27
|
|t:|1651293518
|switch|p2a: Thundurus|Thundurus-Therian, M|100/100
|move|p1a: Conkeldurr|Knock Off|p2a: Thundurus
|-damage|p2a: Thundurus|14/100
|-enditem|p2a: Thundurus|Heavy-Duty Boots|[from] move: Knock Off|[of] p1a: Conkeldurr
|
|-damage|p1a: Conkeldurr|37/100 brn|[from] brn
|upkeep
|turn|28
|
|t:|1651293527
|move|p1a: Conkeldurr|Mach Punch|p2a: Thundurus
|-resisted|p2a: Thundurus
|-damage|p2a: Thundurus|0 fnt
|faint|p2a: Thundurus
|
|-damage|p1a: Conkeldurr|31/100 brn|[from] brn
|upkeep
|
|t:|1651293531
|switch|p2a: Scizor|Scizor, M|34/100
|turn|29
|
|t:|1651293534
|move|p2a: Scizor|Bullet Punch|p1a: Conkeldurr
|-damage|p1a: Conkeldurr|0 fnt
|faint|p1a: Conkeldurr
|
|upkeep
|
|t:|1651293538
|switch|p1a: Celesteela|Celesteela|88/100
|-damage|p1a: Celesteela|76/100|[from] Stealth Rock
|turn|30
|l| Zoroark The Master
|
|t:|1651293546
|switch|p2a: Hydreigon|Hydreigon, M|100/100
|move|p1a: Celesteela|Autotomize|p1a: Celesteela
|-boost|p1a: Celesteela|spe|2
|-start|p1a: Celesteela|Autotomize
|
|upkeep
|turn|31
|
|t:|1651293551
|move|p2a: Hydreigon|Fire Blast|p1a: Celesteela
|-supereffective|p1a: Celesteela
|-damage|p1a: Celesteela|7/100
|move|p1a: Celesteela|Meteor Beam||[still]
|-prepare|p1a: Celesteela|Meteor Beam
|-boost|p1a: Celesteela|spa|1
|-enditem|p1a: Celesteela|Power Herb
|-anim|p1a: Celesteela|Meteor Beam|p2a: Hydreigon
|-damage|p2a: Hydreigon|27/100
|
|upkeep
|turn|32
|j| Zoroark The Master
|
|t:|1651293563
|move|p2a: Hydreigon|Fire Blast|p1a: Celesteela|[miss]
|-miss|p2a: Hydreigon|p1a: Celesteela
|move|p1a: Celesteela|Air Slash|p2a: Hydreigon
|-damage|p2a: Hydreigon|0 fnt
|faint|p2a: Hydreigon
|-ability|p1a: Celesteela|Beast Boost|boost
|-boost|p1a: Celesteela|spa|1
|
|upkeep
|
|t:|1651293564
|switch|p2a: Scizor|Scizor, M|34/100
|turn|33
|
|t:|1651293569
|move|p2a: Scizor|Bullet Punch|p1a: Celesteela
|-resisted|p1a: Celesteela
|-damage|p1a: Celesteela|0 fnt
|faint|p1a: Celesteela
|
|upkeep
|
|t:|1651293570
|switch|p1a: Lycanroc|Lycanroc-Dusk, F|100/100
|-damage|p1a: Lycanroc|88/100|[from] Stealth Rock
|turn|34
|
|t:|1651293572
|move|p1a: Lycanroc|Accelerock|p2a: Scizor
|-damage|p2a: Scizor|0 fnt
|faint|p2a: Scizor
|-damage|p1a: Lycanroc|78/100|[from] item: Life Orb
|
|upkeep
|
|t:|1651293574
|switch|p2a: Tangrowth|Tangrowth, M|89/100 psn
|turn|35
|
|t:|1651293581
|move|p1a: Lycanroc|Close Combat|p2a: Tangrowth
|-damage|p2a: Tangrowth|46/100 psn
|-unboost|p1a: Lycanroc|def|1
|-unboost|p1a: Lycanroc|spd|1
|-damage|p1a: Lycanroc|68/100|[from] item: Life Orb
|move|p2a: Tangrowth|Earthquake|p1a: Lycanroc
|-supereffective|p1a: Lycanroc
|-damage|p1a: Lycanroc|0 fnt
|faint|p1a: Lycanroc
|
|win|vivalospride 〠
|raw|Buster118's rating: 1543 &rarr; <strong>1528</strong><br />(-15 for losing)
|raw|vivalospride 〠's rating: 1634 &rarr; <strong>1649</strong><br />(+15 for winning)
|c|☆Buster118|gg
|c|☆vivalospride 〠|gg
|c| drey77|you made one mistak
|c| drey77|buster
|c| drey77|when cobalion
|c| drey77|click volt switch you clcik knock
|c|☆Buster118|yeah
|c| drey77|that was yur istake
|c| drey77|because then you have more health
|c| drey77|plus no switch ins better because tenta got rapid for chiped
|c|☆Buster118|ggs
|l|☆Buster118
|l| Zoroark The Master
|l|☆vivalospride 〠
