|j|☆Kumarde
|j|☆joliemome
|t:|1641741156
|gametype|singles
|player|p1|Kumarde|266|1174
|player|p2|joliemome|beauty-gen4dp|1412
|teamsize|p1|6
|teamsize|p2|6
|gen|8
|tier|[Gen 8] UU
|rated|
|rule|Sleep Clause Mod: Limit one foe put to sleep
|rule|Species Clause: Limit one of each Pokémon
|rule|OHKO Clause: OHKO moves are banned
|rule|Evasion Moves Clause: Evasion moves are banned
|rule|Endless Battle Clause: Forcing endless battles is banned
|rule|HP Percentage Mod: HP is shown in percentages
|rule|Dynamax Clause: You cannot dynamax
|clearpoke
|poke|p1|Swampert, F|
|poke|p1|Lycanroc-Dusk, M|
|poke|p1|Moltres-Galar|
|poke|p1|Zarude|
|poke|p1|Rotom-Heat|
|poke|p1|Hatterene, F|
|poke|p2|Obstagoon, F|
|poke|p2|Nihilego|
|poke|p2|Swampert, F|
|poke|p2|Darmanitan, M|
|poke|p2|Tapu Bulu|
|poke|p2|Skarmory, M|
|teampreview
|
|t:|1641741175
|start
|switch|p1a: Rotom|Rotom-Heat|100/100
|switch|p2a: Darmanitan|Darmanitan, M|100/100
|turn|1
|
|t:|1641741185
|move|p2a: Darmanitan|Rock Slide|p1a: Rotom
|-supereffective|p1a: Rotom
|-damage|p1a: Rotom|24/100
|move|p1a: Rotom|Toxic|p2a: Darmanitan
|-status|p2a: Darmanitan|tox
|
|-damage|p2a: Darmanitan|94/100 tox|[from] psn
|upkeep
|turn|2
|
|t:|1641741210
|switch|p2a: Swampert|Swampert, F|100/100
|switch|p1a: Swampert|Swampert, F|100/100
|
|upkeep
|turn|3
|
|t:|1641741217
|move|p2a: Swampert|Flip Turn|p1a: Swampert
|-crit|p1a: Swampert
|-damage|p1a: Swampert|80/100
|
|t:|1641741221
|switch|p2a: Obstagoon|Obstagoon, F|100/100|[from]move: Flip Turn
|move|p1a: Swampert|Stealth Rock|p2a: Obstagoon
|-sidestart|p2: joliemome|move: Stealth Rock
|
|-heal|p1a: Swampert|86/100|[from] item: Leftovers
|-status|p2a: Obstagoon|brn|[from] item: Flame Orb
|upkeep
|turn|4
|
|t:|1641741236
|move|p2a: Obstagoon|Knock Off|p1a: Swampert
|-damage|p1a: Swampert|45/100
|-enditem|p1a: Swampert|Leftovers|[from] move: Knock Off|[of] p2a: Obstagoon
|move|p1a: Swampert|Earthquake|p2a: Obstagoon
|-damage|p2a: Obstagoon|62/100 brn
|
|-damage|p2a: Obstagoon|56/100 brn|[from] brn
|upkeep
|turn|5
|
|t:|1641741247
|move|p2a: Obstagoon|Facade|p1a: Swampert
|-damage|p1a: Swampert|0 fnt
|faint|p1a: Swampert
|
|-damage|p2a: Obstagoon|50/100 brn|[from] brn
|upkeep
|
|t:|1641741258
|switch|p1a: Lycanroc|Lycanroc-Dusk, M|100/100
|turn|6
|
|t:|1641741263
|switch|p2a: Skarmory|Skarmory, M|100/100
|-damage|p2a: Skarmory|88/100|[from] Stealth Rock
|move|p1a: Lycanroc|Close Combat|p2a: Skarmory
|-damage|p2a: Skarmory|45/100
|-unboost|p1a: Lycanroc|def|1
|-unboost|p1a: Lycanroc|spd|1
|-damage|p1a: Lycanroc|91/100|[from] item: Life Orb
|
|-heal|p2a: Skarmory|51/100|[from] item: Leftovers
|upkeep
|turn|7
|
|t:|1641741275
|move|p1a: Lycanroc|Stone Edge|p2a: Skarmory
|-crit|p2a: Skarmory
|-damage|p2a: Skarmory|0 fnt
|faint|p2a: Skarmory
|-damage|p1a: Lycanroc|81/100|[from] item: Life Orb
|
|upkeep
|
|t:|1641741281
|switch|p2a: Tapu Bulu|Tapu Bulu|100/100
|-damage|p2a: Tapu Bulu|88/100|[from] Stealth Rock
|-fieldstart|move: Grassy Terrain|[from] ability: Grassy Surge|[of] p2a: Tapu Bulu
|turn|8
|
|t:|1641741290
|switch|p1a: Rotom|Rotom-Heat|24/100
|move|p2a: Tapu Bulu|Toxic|p1a: Rotom
|-status|p1a: Rotom|tox
|
|-heal|p2a: Tapu Bulu|94/100|[from] Grassy Terrain
|-damage|p1a: Rotom|18/100 tox|[from] psn
|upkeep
|turn|9
|
|t:|1641741300
|switch|p2a: Swampert|Swampert, F|100/100
|-damage|p2a: Swampert|94/100|[from] Stealth Rock
|move|p1a: Rotom|Volt Switch|p2a: Swampert
|-immune|p2a: Swampert
|
|-heal|p2a: Swampert|100/100|[from] Grassy Terrain
|-damage|p1a: Rotom|5/100 tox|[from] psn
|upkeep
|turn|10
|
|t:|1641741309
|move|p1a: Rotom|Toxic|p2a: Swampert
|-status|p2a: Swampert|tox
|move|p2a: Swampert|Flip Turn|p1a: Rotom
|-supereffective|p1a: Rotom
|-damage|p1a: Rotom|0 fnt
|faint|p1a: Rotom
|
|t:|1641741339
|switch|p2a: Nihilego|Nihilego|100/100|[from]move: Flip Turn
|-damage|p2a: Nihilego|88/100|[from] Stealth Rock
|
|-heal|p2a: Nihilego|94/100|[from] Grassy Terrain
|upkeep
|
|t:|1641741357
|switch|p1a: Lycanroc|Lycanroc-Dusk, M|81/100
|turn|11
|
|t:|1641741362
|switch|p2a: Tapu Bulu|Tapu Bulu|94/100
|-damage|p2a: Tapu Bulu|82/100|[from] Stealth Rock
|move|p1a: Lycanroc|Psychic Fangs|p2a: Tapu Bulu
|-damage|p2a: Tapu Bulu|49/100
|-damage|p1a: Lycanroc|64/100|[from] item: Rocky Helmet|[of] p2a: Tapu Bulu
|-damage|p1a: Lycanroc|54/100|[from] item: Life Orb
|
|-heal|p1a: Lycanroc|60/100|[from] Grassy Terrain
|-heal|p2a: Tapu Bulu|55/100|[from] Grassy Terrain
|upkeep
|turn|12
|
|t:|1641741381
|switch|p1a: Zarude|Zarude|100/100
|move|p2a: Tapu Bulu|Toxic|p1a: Zarude
|-status|p1a: Zarude|tox
|
|-heal|p2a: Tapu Bulu|61/100|[from] Grassy Terrain
|-damage|p1a: Zarude|95/100 tox|[from] psn
|-fieldend|move: Grassy Terrain
|upkeep
|turn|13
|
|t:|1641741390
|move|p1a: Zarude|U-turn|p2a: Tapu Bulu
|-damage|p2a: Tapu Bulu|44/100
|-damage|p1a: Zarude|78/100 tox|[from] item: Rocky Helmet|[of] p2a: Tapu Bulu
|
|t:|1641741394
|switch|p1a: Hatterene|Hatterene, F|100/100|[from]move: U-turn
|move|p2a: Tapu Bulu|Bulk Up|p2a: Tapu Bulu
|-boost|p2a: Tapu Bulu|atk|1
|-boost|p2a: Tapu Bulu|def|1
|
|upkeep
|turn|14
|
|t:|1641741406
|move|p2a: Tapu Bulu|Horn Leech|p1a: Hatterene
|-damage|p1a: Hatterene|62/100
|-heal|p2a: Tapu Bulu|62/100|[from] drain|[of] p1a: Hatterene
|move|p1a: Hatterene|Mystical Fire|p2a: Tapu Bulu
|-supereffective|p2a: Tapu Bulu
|-damage|p2a: Tapu Bulu|15/100
|-unboost|p2a: Tapu Bulu|spa|1
|
|-heal|p1a: Hatterene|68/100|[from] item: Leftovers
|upkeep
|turn|15
|
|t:|1641741417
|move|p2a: Tapu Bulu|Horn Leech|p1a: Hatterene
|-damage|p1a: Hatterene|25/100
|-heal|p2a: Tapu Bulu|35/100|[from] drain|[of] p1a: Hatterene
|move|p1a: Hatterene|Calm Mind|p1a: Hatterene
|-boost|p1a: Hatterene|spa|1
|-boost|p1a: Hatterene|spd|1
|
|-heal|p1a: Hatterene|31/100|[from] item: Leftovers
|upkeep
|turn|16
|
|t:|1641741426
|move|p2a: Tapu Bulu|Horn Leech|p1a: Hatterene
|-damage|p1a: Hatterene|0 fnt
|-heal|p2a: Tapu Bulu|49/100|[from] drain|[of] p1a: Hatterene
|faint|p1a: Hatterene
|
|upkeep
|
|t:|1641741438
|switch|p1a: Lycanroc|Lycanroc-Dusk, M|60/100
|turn|17
|
|t:|1641741476
|move|p1a: Lycanroc|Stone Edge|p2a: Tapu Bulu
|-damage|p2a: Tapu Bulu|22/100
|-damage|p1a: Lycanroc|50/100|[from] item: Life Orb
|move|p2a: Tapu Bulu|Horn Leech|p1a: Lycanroc
|-supereffective|p1a: Lycanroc
|-damage|p1a: Lycanroc|0 fnt
|-heal|p2a: Tapu Bulu|43/100|[from] drain|[of] p1a: Lycanroc
|faint|p1a: Lycanroc
|
|upkeep
|
|t:|1641741486
|switch|p1a: Moltres|Moltres-Galar|100/100
|turn|18
|
|t:|1641741491
|switch|p2a: Nihilego|Nihilego|94/100
|-damage|p2a: Nihilego|82/100|[from] Stealth Rock
|move|p1a: Moltres|Nasty Plot|p1a: Moltres
|-boost|p1a: Moltres|spa|2
|
|upkeep
|turn|19
|
|t:|1641741506
|move|p2a: Nihilego|Meteor Beam||[still]
|-prepare|p2a: Nihilego|Meteor Beam
|-boost|p2a: Nihilego|spa|1
|-enditem|p2a: Nihilego|Power Herb
|-anim|p2a: Nihilego|Meteor Beam|p1a: Moltres|[miss]
|-miss|p2a: Nihilego|p1a: Moltres
|move|p1a: Moltres|Fiery Wrath|p2a: Nihilego
|-damage|p2a: Nihilego|24/100
|
|upkeep
|turn|20
|
|t:|1641741519
|move|p2a: Nihilego|Power Gem|p1a: Moltres
|-supereffective|p1a: Moltres
|-damage|p1a: Moltres|0 fnt
|faint|p1a: Moltres
|-ability|p2a: Nihilego|Beast Boost|boost
|-boost|p2a: Nihilego|spe|1
|
|upkeep
|
|t:|1641741525
|switch|p1a: Zarude|Zarude|78/100 tox
|turn|21
|
|t:|1641741529
|move|p2a: Nihilego|Sludge Wave|p1a: Zarude
|-supereffective|p1a: Zarude
|-damage|p1a: Zarude|0 fnt
|faint|p1a: Zarude
|
|win|joliemome
|raw|Kumarde's rating: 1174 &rarr; <strong>1164</strong><br />(-10 for losing)
|raw|joliemome's rating: 1412 &rarr; <strong>1420</strong><br />(+8 for winning)
|c|☆Kumarde|gg
|l|☆Kumarde
|c|☆joliemome|ggg
