|j|☆metrosexual boomin
|j|☆arcaea
|player|p1|metrosexual boomin|tate|1613
|player|p2|arcaea|2|1529
|teamsize|p1|6
|teamsize|p2|6
|gametype|singles
|gen|8
|tier|[Gen 8] UU
|rated|
|clearpoke
|poke|p1|Vanilluxe, M|
|poke|p1|Doublade, M|
|poke|p1|Golisopod, F|
|poke|p1|Toxicroak, F|
|poke|p1|Rhyperior, M|
|poke|p1|Noivern, M|
|poke|p2|Obstagoon, F|
|poke|p2|Espeon, M|
|poke|p2|Rhyperior, M|
|poke|p2|Doublade, F|
|poke|p2|Noivern, M|
|poke|p2|Vaporeon, M|
|rule|Sleep Clause Mod: Limit one foe put to sleep
|rule|Species Clause: Limit one of each Pokémon
|rule|OHKO Clause: OHKO moves are banned
|rule|Evasion Moves Clause: Evasion moves are banned
|rule|Endless Battle Clause: Forcing endless battles is banned
|rule|HP Percentage Mod: HP is shown in percentages
|rule|Dynamax Clause: You cannot dynamax
|teampreview
|inactive|Battle timer is ON: inactive players will automatically lose when time's up. (requested by metrosexual boomin)
|
|start
|switch|p1a: Golisopod|Golisopod, F|100/100
|switch|p2a: Vaporeon|Vaporeon, M|100/100
|turn|1
|
|move|p2a: Vaporeon|Scald|p1a: Golisopod
|-resisted|p1a: Golisopod
|-damage|p1a: Golisopod|84/100
|-status|p1a: Golisopod|brn
|move|p1a: Golisopod|Spikes|p2a: Vaporeon
|-sidestart|p2: arcaea|Spikes
|
|-damage|p1a: Golisopod|78/100 brn|[from] brn
|upkeep
|turn|2
|
|switch|p1a: Vanilluxe|Vanilluxe, M|100/100
|-weather|Hail|[from] ability: Snow Warning|[of] p1a: Vanilluxe
|move|p2a: Vaporeon|Wish|p2a: Vaporeon
|
|-weather|Hail|[upkeep]
|-damage|p2a: Vaporeon|94/100|[from] Hail
|-heal|p2a: Vaporeon|100/100|[from] item: Leftovers
|upkeep
|turn|3
|
|move|p1a: Vanilluxe|Freeze-Dry|p2a: Vaporeon
|-supereffective|p2a: Vaporeon
|-damage|p2a: Vaporeon|44/100
|move|p2a: Vaporeon|Scald|p1a: Vanilluxe
|-crit|p1a: Vanilluxe
|-damage|p1a: Vanilluxe|46/100
|
|-weather|Hail|[upkeep]
|-damage|p2a: Vaporeon|37/100|[from] Hail
|-heal|p2a: Vaporeon|87/100|[from] move: Wish|[wisher] Vaporeon
|-heal|p2a: Vaporeon|94/100|[from] item: Leftovers
|upkeep
|turn|4
|
|switch|p2a: Doublade|Doublade, F|100/100
|-damage|p2a: Doublade|88/100|[from] Spikes
|move|p1a: Vanilluxe|Freeze-Dry|p2a: Doublade
|-resisted|p2a: Doublade
|-damage|p2a: Doublade|65/100
|
|-weather|Hail|[upkeep]
|-damage|p2a: Doublade|59/100|[from] Hail
|upkeep
|turn|5
|l|☆arcaea
|inactive|arcaea disconnected and has a minute to reconnect!
|player|p2|
|inactive|arcaea has 30 seconds to reconnect!
|inactive|arcaea has 20 seconds to reconnect!
|inactive|arcaea has 15 seconds to reconnect!
|inactive|arcaea has 10 seconds to reconnect!
|inactive|arcaea has 5 seconds to reconnect!
|j|☆arcaea
|inactive|arcaea reconnected and has 80 seconds left.
|player|p2|arcaea|2
|
|switch|p1a: Rhyperior|Rhyperior, M|100/100
|move|p2a: Doublade|Shadow Claw|p1a: Rhyperior
|-damage|p1a: Rhyperior|80/100
|
|-weather|Hail|[upkeep]
|-damage|p1a: Rhyperior|73/100|[from] Hail
|-damage|p2a: Doublade|52/100|[from] Hail
|-heal|p1a: Rhyperior|80/100|[from] item: Leftovers
|upkeep
|turn|6
|
|switch|p2a: Vaporeon|Vaporeon, M|94/100
|-damage|p2a: Vaporeon|81/100|[from] Spikes
|move|p1a: Rhyperior|Earthquake|p2a: Vaporeon
|-damage|p2a: Vaporeon|46/100
|
|-weather|none
|-heal|p2a: Vaporeon|52/100|[from] item: Leftovers
|-heal|p1a: Rhyperior|86/100|[from] item: Leftovers
|upkeep
|turn|7
|
|switch|p1a: Toxicroak|Toxicroak, F|100/100
|move|p2a: Vaporeon|Wish|p2a: Vaporeon
|
|-heal|p2a: Vaporeon|59/100|[from] item: Leftovers
|upkeep
|turn|8
|
|switch|p2a: Noivern|Noivern, M|100/100
|-item|p1a: Toxicroak|Black Sludge|[from] ability: Frisk|[of] p2a: Noivern|[identify]
|move|p1a: Toxicroak|Nasty Plot|p1a: Toxicroak
|-boost|p1a: Toxicroak|spa|2
|
|upkeep
|turn|9
|
|switch|p1a: Rhyperior|Rhyperior, M|86/100
|move|p2a: Noivern|Hurricane|p1a: Rhyperior
|-resisted|p1a: Rhyperior
|-damage|p1a: Rhyperior|68/100
|
|-heal|p1a: Rhyperior|74/100|[from] item: Leftovers
|upkeep
|turn|10
|inactive|arcaea has 120 seconds left.
|
|move|p2a: Noivern|Defog|p1a: Rhyperior
|-unboost|p1a: Rhyperior|evasion|1
|-sideend|p2: arcaea|Spikes|[from] move: Defog|[of] p2a: Noivern
|move|p1a: Rhyperior|Rock Blast|p2a: Noivern
|-supereffective|p2a: Noivern
|-damage|p2a: Noivern|73/100
|-supereffective|p2a: Noivern
|-damage|p2a: Noivern|48/100
|-hitcount|p2a: Noivern|2
|
|-heal|p1a: Rhyperior|80/100|[from] item: Leftovers
|upkeep
|turn|11
|
|move|p2a: Noivern|U-turn|p1a: Rhyperior
|-damage|p1a: Rhyperior|73/100
|
|switch|p2a: Rhyperior|Rhyperior, M|100/100|[from]move: U-turn
|move|p1a: Rhyperior|Stealth Rock|p2a: Rhyperior
|-sidestart|p2: arcaea|move: Stealth Rock
|
|-heal|p1a: Rhyperior|79/100|[from] item: Leftovers
|upkeep
|turn|12
|
|switch|p1a: Golisopod|Golisopod, F|78/100 brn
|move|p2a: Rhyperior|Stealth Rock|p1a: Golisopod
|-sidestart|p1: metrosexual boomin|move: Stealth Rock
|
|-damage|p1a: Golisopod|72/100 brn|[from] brn
|upkeep
|turn|13
|
|switch|p2a: Vaporeon|Vaporeon, M|59/100
|-damage|p2a: Vaporeon|46/100|[from] Stealth Rock
|move|p1a: Golisopod|Spikes|p2a: Vaporeon
|-sidestart|p2: arcaea|Spikes
|
|-heal|p2a: Vaporeon|52/100|[from] item: Leftovers
|-damage|p1a: Golisopod|66/100 brn|[from] brn
|upkeep
|turn|14
|
|switch|p1a: Toxicroak|Toxicroak, F|100/100
|-damage|p1a: Toxicroak|94/100|[from] Stealth Rock
|move|p2a: Vaporeon|Wish|p2a: Vaporeon
|
|-heal|p1a: Toxicroak|100/100|[from] item: Black Sludge
|-heal|p2a: Vaporeon|59/100|[from] item: Leftovers
|upkeep
|turn|15
|
|switch|p2a: Noivern|Noivern, M|48/100
|-item|p1a: Toxicroak|Black Sludge|[from] ability: Frisk|[of] p2a: Noivern|[identify]
|move|p1a: Toxicroak|Sludge Wave|p2a: Noivern
|-damage|p2a: Noivern|6/100
|-status|p2a: Noivern|psn
|
|-heal|p2a: Noivern|68/100 psn|[from] move: Wish|[wisher] Vaporeon
|-damage|p2a: Noivern|56/100 psn|[from] psn
|upkeep
|turn|16
|
|switch|p1a: Rhyperior|Rhyperior, M|79/100
|-damage|p1a: Rhyperior|73/100|[from] Stealth Rock
|move|p2a: Noivern|Defog|p1a: Rhyperior
|-unboost|p1a: Rhyperior|evasion|1
|-sideend|p1: metrosexual boomin|Stealth Rock|[from] move: Defog|[of] p2a: Noivern
|-sideend|p2: arcaea|Spikes|[from] move: Defog|[of] p2a: Noivern
|-sideend|p2: arcaea|Stealth Rock|[from] move: Defog|[of] p2a: Noivern
|
|-heal|p1a: Rhyperior|79/100|[from] item: Leftovers
|-damage|p2a: Noivern|44/100 psn|[from] psn
|upkeep
|turn|17
|
|move|p2a: Noivern|U-turn|p1a: Rhyperior
|-damage|p1a: Rhyperior|72/100
|
|switch|p2a: Vaporeon|Vaporeon, M|59/100|[from]move: U-turn
|move|p1a: Rhyperior|Stealth Rock|p2a: Vaporeon
|-sidestart|p2: arcaea|move: Stealth Rock
|
|-heal|p2a: Vaporeon|65/100|[from] item: Leftovers
|-heal|p1a: Rhyperior|78/100|[from] item: Leftovers
|upkeep
|turn|18
|
|switch|p1a: Toxicroak|Toxicroak, F|100/100
|move|p2a: Vaporeon|Wish|p2a: Vaporeon
|
|-heal|p2a: Vaporeon|71/100|[from] item: Leftovers
|upkeep
|turn|19
|
|switch|p2a: Noivern|Noivern, M|44/100 psn
|-item|p1a: Toxicroak|Black Sludge|[from] ability: Frisk|[of] p2a: Noivern|[identify]
|move|p1a: Toxicroak|Nasty Plot|p1a: Toxicroak
|-boost|p1a: Toxicroak|spa|2
|
|-heal|p2a: Noivern|100/100 psn|[from] move: Wish|[wisher] Vaporeon
|-damage|p2a: Noivern|88/100 psn|[from] psn
|upkeep
|turn|20
|
|switch|p1a: Rhyperior|Rhyperior, M|78/100
|move|p2a: Noivern|Hurricane|p1a: Rhyperior|[miss]
|-miss|p2a: Noivern|p1a: Rhyperior
|
|-heal|p1a: Rhyperior|84/100|[from] item: Leftovers
|-damage|p2a: Noivern|76/100 psn|[from] psn
|upkeep
|turn|21
|
|move|p2a: Noivern|U-turn|p1a: Rhyperior
|-damage|p1a: Rhyperior|77/100
|
|switch|p2a: Rhyperior|Rhyperior, M|100/100|[from]move: U-turn
|-damage|p2a: Rhyperior|94/100|[from] Stealth Rock
|move|p1a: Rhyperior|Rock Blast|p2a: Rhyperior
|-resisted|p2a: Rhyperior
|-crit|p2a: Rhyperior
|-damage|p2a: Rhyperior|88/100
|-resisted|p2a: Rhyperior
|-damage|p2a: Rhyperior|83/100
|-resisted|p2a: Rhyperior
|-damage|p2a: Rhyperior|79/100
|-hitcount|p2a: Rhyperior|3
|
|-heal|p2a: Rhyperior|85/100|[from] item: Leftovers
|-heal|p1a: Rhyperior|83/100|[from] item: Leftovers
|upkeep
|turn|22
|
|switch|p1a: Golisopod|Golisopod, F|66/100 brn
|move|p2a: Rhyperior|Earthquake|p1a: Golisopod
|-resisted|p1a: Golisopod
|-damage|p1a: Golisopod|44/100 brn
|-activate|p1a: Golisopod|ability: Emergency Exit
|
|switch|p1a: Vanilluxe|Vanilluxe, M|46/100
|-weather|Hail|[from] ability: Snow Warning|[of] p1a: Vanilluxe
|
|-weather|Hail|[upkeep]
|-damage|p2a: Rhyperior|79/100|[from] Hail
|-heal|p2a: Rhyperior|85/100|[from] item: Leftovers
|upkeep
|turn|23
|
|switch|p2a: Vaporeon|Vaporeon, M|71/100
|-damage|p2a: Vaporeon|59/100|[from] Stealth Rock
|move|p1a: Vanilluxe|Blizzard|p2a: Vaporeon
|-resisted|p2a: Vaporeon
|-damage|p2a: Vaporeon|35/100
|
|-weather|Hail|[upkeep]
|-damage|p2a: Vaporeon|28/100|[from] Hail
|-heal|p2a: Vaporeon|35/100|[from] item: Leftovers
|upkeep
|turn|24
|
|move|p1a: Vanilluxe|Freeze-Dry|p2a: Vaporeon
|-supereffective|p2a: Vaporeon
|-damage|p2a: Vaporeon|0 fnt
|faint|p2a: Vaporeon
|
|-weather|Hail|[upkeep]
|upkeep
|
|switch|p2a: Espeon|Espeon, M|100/100
|-damage|p2a: Espeon|88/100|[from] Stealth Rock
|turn|25
|
|switch|p1a: Doublade|Doublade, M|100/100
|move|p2a: Espeon|Psychic|p1a: Doublade
|-resisted|p1a: Doublade
|-damage|p1a: Doublade|73/100
|-unboost|p1a: Doublade|spd|1
|
|-weather|Hail|[upkeep]
|-damage|p2a: Espeon|82/100|[from] Hail
|-damage|p1a: Doublade|67/100|[from] Hail
|upkeep
|turn|26
|
|switch|p2a: Rhyperior|Rhyperior, M|85/100
|-damage|p2a: Rhyperior|79/100|[from] Stealth Rock
|move|p1a: Doublade|Close Combat|p2a: Rhyperior
|-supereffective|p2a: Rhyperior
|-damage|p2a: Rhyperior|41/100
|-unboost|p1a: Doublade|def|1
|-unboost|p1a: Doublade|spd|1
|
|-weather|none
|-heal|p2a: Rhyperior|47/100|[from] item: Leftovers
|upkeep
|turn|27
|
|switch|p1a: Golisopod|Golisopod, F|44/100 brn
|move|p2a: Rhyperior|Stone Edge|p1a: Golisopod
|-supereffective|p1a: Golisopod
|-damage|p1a: Golisopod|0 fnt
|faint|p1a: Golisopod
|
|-heal|p2a: Rhyperior|53/100|[from] item: Leftovers
|upkeep
|
|switch|p1a: Vanilluxe|Vanilluxe, M|46/100
|-weather|Hail|[from] ability: Snow Warning|[of] p1a: Vanilluxe
|turn|28
|
|switch|p2a: Doublade|Doublade, F|52/100
|-damage|p2a: Doublade|46/100|[from] Stealth Rock
|move|p1a: Vanilluxe|Blizzard|p2a: Doublade
|-resisted|p2a: Doublade
|-damage|p2a: Doublade|8/100
|
|-weather|Hail|[upkeep]
|-damage|p2a: Doublade|1/100|[from] Hail
|upkeep
|turn|29
|
|switch|p1a: Noivern|Noivern, M|100/100
|move|p2a: Doublade|Shadow Sneak|p1a: Noivern
|-damage|p1a: Noivern|74/100
|
|-weather|Hail|[upkeep]
|-damage|p1a: Noivern|68/100|[from] Hail
|-damage|p2a: Doublade|0 fnt|[from] Hail
|faint|p2a: Doublade
|upkeep
|
|switch|p2a: Rhyperior|Rhyperior, M|53/100
|-damage|p2a: Rhyperior|47/100|[from] Stealth Rock
|turn|30
|
|move|p1a: Noivern|Draco Meteor|p2a: Rhyperior
|-damage|p2a: Rhyperior|0 fnt
|-unboost|p1a: Noivern|spa|2
|faint|p2a: Rhyperior
|
|-weather|Hail|[upkeep]
|-damage|p1a: Noivern|62/100|[from] Hail
|upkeep
|
|switch|p2a: Espeon|Espeon, M|82/100
|-damage|p2a: Espeon|70/100|[from] Stealth Rock
|turn|31
|
|switch|p1a: Vanilluxe|Vanilluxe, M|46/100
|move|p2a: Espeon|Psychic|p1a: Vanilluxe
|-damage|p1a: Vanilluxe|0 fnt
|faint|p1a: Vanilluxe
|
|-weather|Hail|[upkeep]
|-damage|p2a: Espeon|64/100|[from] Hail
|upkeep
|
|switch|p1a: Doublade|Doublade, M|67/100
|turn|32
|
|switch|p2a: Noivern|Noivern, M|76/100 psn
|-item|p1a: Doublade|Eviolite|[from] ability: Frisk|[of] p2a: Noivern|[identify]
|move|p1a: Doublade|Iron Head|p2a: Noivern
|-damage|p2a: Noivern|40/100 psn
|
|-weather|none
|-damage|p2a: Noivern|28/100 psn|[from] psn
|upkeep
|turn|33
|
|switch|p1a: Rhyperior|Rhyperior, M|83/100
|move|p2a: Noivern|Flamethrower|p1a: Rhyperior
|-resisted|p1a: Rhyperior
|-damage|p1a: Rhyperior|74/100
|
|-heal|p1a: Rhyperior|80/100|[from] item: Leftovers
|-damage|p2a: Noivern|15/100 psn|[from] psn
|upkeep
|turn|34
|j| Pokelix
|
|move|p2a: Noivern|Hurricane|p1a: Rhyperior
|-resisted|p1a: Rhyperior
|-damage|p1a: Rhyperior|63/100
|move|p1a: Rhyperior|Rock Blast|p2a: Noivern
|-supereffective|p2a: Noivern
|-damage|p2a: Noivern|0 fnt
|-hitcount|p2a: Noivern|1
|faint|p2a: Noivern
|
|-heal|p1a: Rhyperior|69/100|[from] item: Leftovers
|upkeep
|
|switch|p2a: Obstagoon|Obstagoon, F|100/100
|-damage|p2a: Obstagoon|88/100|[from] Stealth Rock
|turn|35
|
|move|p2a: Obstagoon|Knock Off|p1a: Rhyperior
|-damage|p1a: Rhyperior|44/100
|-enditem|p1a: Rhyperior|Leftovers|[from] move: Knock Off|[of] p2a: Obstagoon
|move|p1a: Rhyperior|Earthquake|p2a: Obstagoon
|-damage|p2a: Obstagoon|34/100
|
|-status|p2a: Obstagoon|brn|[from] item: Flame Orb
|upkeep
|turn|36
|
|switch|p1a: Toxicroak|Toxicroak, F|100/100
|move|p2a: Obstagoon|Close Combat|p1a: Toxicroak
|-resisted|p1a: Toxicroak
|-damage|p1a: Toxicroak|64/100
|-unboost|p2a: Obstagoon|def|1
|-unboost|p2a: Obstagoon|spd|1
|
|-heal|p1a: Toxicroak|70/100|[from] item: Black Sludge
|-damage|p2a: Obstagoon|28/100 brn|[from] brn
|upkeep
|turn|37
|j| Zeofar
|
|move|p2a: Obstagoon|Facade|p1a: Toxicroak
|-damage|p1a: Toxicroak|0 fnt
|faint|p1a: Toxicroak
|
|-damage|p2a: Obstagoon|22/100 brn|[from] brn
|upkeep
|
|switch|p1a: Noivern|Noivern, M|62/100
|turn|38
|
|move|p2a: Obstagoon|Obstruct|p2a: Obstagoon
|-singleturn|p2a: Obstagoon|Protect
|move|p1a: Noivern|Draco Meteor|p2a: Obstagoon
|-activate|p2a: Obstagoon|move: Protect
|
|-damage|p2a: Obstagoon|16/100 brn|[from] brn
|upkeep
|turn|39
|l| Zeofar
|
|move|p1a: Noivern|Draco Meteor|p2a: Obstagoon|[miss]
|-miss|p1a: Noivern|p2a: Obstagoon
|move|p2a: Obstagoon|Knock Off|p1a: Noivern
|-damage|p1a: Noivern|0 fnt
|-enditem|p1a: Noivern|Heavy-Duty Boots|[from] move: Knock Off|[of] p2a: Obstagoon
|faint|p1a: Noivern
|
|-damage|p2a: Obstagoon|10/100 brn|[from] brn
|upkeep
|
|switch|p1a: Doublade|Doublade, M|67/100
|turn|40
|
|switch|p1a: Rhyperior|Rhyperior, M|44/100
|move|p2a: Obstagoon|Knock Off|p1a: Rhyperior
|-damage|p1a: Rhyperior|18/100
|
|-damage|p2a: Obstagoon|4/100 brn|[from] brn
|upkeep
|turn|41
|
|move|p2a: Obstagoon|Knock Off|p1a: Rhyperior
|-damage|p1a: Rhyperior|0 fnt
|faint|p1a: Rhyperior
|
|-damage|p2a: Obstagoon|0 fnt|[from] brn
|faint|p2a: Obstagoon
|upkeep
|
|switch|p2a: Espeon|Espeon, M|64/100
|switch|p1a: Doublade|Doublade, M|67/100
|-damage|p2a: Espeon|52/100|[from] Stealth Rock
|turn|42
|
|move|p1a: Doublade|Shadow Sneak|p2a: Espeon
|-supereffective|p2a: Espeon
|-damage|p2a: Espeon|0 fnt
|faint|p2a: Espeon
|
|win|metrosexual boomin
|raw|metrosexual boomin's rating: 1613 &rarr; <strong>1628</strong><br />(+15 for winning)
|raw|arcaea's rating: 1529 &rarr; <strong>1514</strong><br />(-15 for losing)
|l|☆arcaea
|c|☆metrosexual boomin|gg
