|j|☆arena heroics
|j|☆Low Ladder Terror
|t:|1607799585
|player|p1|arena heroics|phoebe-gen3|
|player|p2|Low Ladder Terror|teamrocket|
|teamsize|p1|6
|teamsize|p2|6
|gametype|singles
|gen|8
|tier|[Gen 8] UU
|rated|Tournament battle
|clearpoke
|poke|p1|Thundurus, M|
|poke|p1|Krookodile, F|
|poke|p1|Kommo-o, M|
|poke|p1|Jirachi|
|poke|p1|Tapu Bulu|
|poke|p1|Volcanion|
|poke|p2|Sylveon, F|
|poke|p2|Chandelure, F|
|poke|p2|Cobalion|
|poke|p2|Latias, F|
|poke|p2|Tapu Bulu|
|poke|p2|Zygarde-10%|
|rule|Sleep Clause Mod: Limit one foe put to sleep
|rule|Species Clause: Limit one of each Pokémon
|rule|OHKO Clause: OHKO moves are banned
|rule|Evasion Moves Clause: Evasion moves are banned
|rule|Endless Battle Clause: Forcing endless battles is banned
|rule|HP Percentage Mod: HP is shown in percentages
|rule|Dynamax Clause: You cannot dynamax
|teampreview
|inactive|Battle timer is ON: inactive players will automatically lose when time's up. (requested by Low Ladder Terror)
|j| MilkyOmo
|inactive|Low Ladder Terror has 120 seconds left.
|
|t:|1607799634
|start
|switch|p1a: coney island|Volcanion|100/100
|switch|p2a: Sylveon|Sylveon, F|100/100
|turn|1
|
|t:|1607799638
|switch|p2a: Latias|Latias, F|100/100
|move|p1a: coney island|Sludge Wave|p2a: Latias
|-damage|p2a: Latias|68/100
|-status|p2a: Latias|psn
|
|-damage|p2a: Latias|56/100 psn|[from] psn
|upkeep
|turn|2
|
|t:|1607799645
|switch|p1a: gold rush|Jirachi|100/100
|move|p2a: Latias|Recover|p2a: Latias
|-heal|p2a: Latias|100/100 psn
|
|-damage|p2a: Latias|88/100 psn|[from] psn
|upkeep
|turn|3
|j| JustFranco
|
|t:|1607799651
|switch|p2a: Chandelure|Chandelure, F|100/100
|move|p1a: gold rush|U-turn|p2a: Chandelure
|-resisted|p2a: Chandelure
|-damage|p2a: Chandelure|95/100
|
|t:|1607799657
|switch|p1a: no body no crime|Krookodile, F|100/100|[from]move: U-turn
|-ability|p1a: no body no crime|Intimidate|boost
|-unboost|p2a: Chandelure|atk|1
|
|upkeep
|turn|4
|
|t:|1607799664
|switch|p2a: Tapu Bulu|Tapu Bulu|100/100
|-fieldstart|move: Grassy Terrain|[from] ability: Grassy Surge|[of] p2a: Tapu Bulu
|move|p1a: no body no crime|Knock Off|p2a: Tapu Bulu
|-resisted|p2a: Tapu Bulu
|-damage|p2a: Tapu Bulu|75/100
|-enditem|p2a: Tapu Bulu|Leftovers|[from] move: Knock Off|[of] p1a: no body no crime
|
|-heal|p2a: Tapu Bulu|81/100|[from] Grassy Terrain
|upkeep
|turn|5
|j| leon752008
|
|t:|1607799688
|switch|p1a: willow|Kommo-o, M|100/100
|switch|p2a: Latias|Latias, F|88/100 psn
|
|-damage|p2a: Latias|76/100 psn|[from] psn
|upkeep
|turn|6
|
|t:|1607799695
|switch|p1a: gold rush|Jirachi|100/100
|move|p2a: Latias|Draco Meteor|p1a: gold rush
|-resisted|p1a: gold rush
|-damage|p1a: gold rush|77/100
|-unboost|p2a: Latias|spa|2
|
|-heal|p1a: gold rush|83/100|[from] item: Leftovers
|-heal|p1a: gold rush|89/100|[from] Grassy Terrain
|-damage|p2a: Latias|64/100 psn|[from] psn
|upkeep
|turn|7
|
|t:|1607799701
|switch|p2a: Chandelure|Chandelure, F|95/100
|move|p1a: gold rush|U-turn|p2a: Chandelure
|-resisted|p2a: Chandelure
|-damage|p2a: Chandelure|89/100
|
|t:|1607799728
|switch|p1a: no body no crime|Krookodile, F|100/100|[from]move: U-turn
|-ability|p1a: no body no crime|Intimidate|boost
|-unboost|p2a: Chandelure|atk|1
|
|-heal|p2a: Chandelure|95/100|[from] Grassy Terrain
|upkeep
|turn|8
|
|t:|1607799739
|switch|p2a: Sylveon|Sylveon, F|100/100
|move|p1a: no body no crime|Stone Edge|p2a: Sylveon
|-damage|p2a: Sylveon|72/100
|
|-heal|p2a: Sylveon|78/100|[from] item: Leftovers
|-heal|p2a: Sylveon|85/100|[from] Grassy Terrain
|-fieldend|move: Grassy Terrain
|upkeep
|turn|9
|
|t:|1607799747
|switch|p1a: happiness|Tapu Bulu|100/100
|-fieldstart|move: Grassy Terrain|[from] ability: Grassy Surge|[of] p1a: happiness
|move|p2a: Sylveon|Wish|p2a: Sylveon
|
|-heal|p2a: Sylveon|91/100|[from] item: Leftovers
|-heal|p2a: Sylveon|97/100|[from] Grassy Terrain
|upkeep
|turn|10
|
|t:|1607799761
|switch|p2a: Cobalion|Cobalion|100/100
|move|p1a: happiness|Darkest Lariat|p2a: Cobalion
|-resisted|p2a: Cobalion
|-damage|p2a: Cobalion|80/100
|-damage|p1a: happiness|84/100|[from] item: Rocky Helmet|[of] p2a: Cobalion
|-ability|p2a: Cobalion|Justified|boost
|-boost|p2a: Cobalion|atk|1
|
|-heal|p2a: Cobalion|100/100|[from] move: Wish|[wisher] Sylveon
|-heal|p1a: happiness|90/100|[from] Grassy Terrain
|upkeep
|turn|11
|
|t:|1607799769
|switch|p1a: coney island|Volcanion|100/100
|move|p2a: Cobalion|Stealth Rock|p1a: coney island
|-sidestart|p1: arena heroics|move: Stealth Rock
|
|upkeep
|turn|12
|
|t:|1607799798
|move|p2a: Cobalion|Close Combat|p1a: coney island
|-damage|p1a: coney island|26/100
|-unboost|p2a: Cobalion|def|1
|-unboost|p2a: Cobalion|spd|1
|move|p1a: coney island|Flamethrower|p2a: Cobalion
|-supereffective|p2a: Cobalion
|-damage|p2a: Cobalion|0 fnt
|faint|p2a: Cobalion
|
|-heal|p1a: coney island|32/100|[from] Grassy Terrain
|upkeep
|
|t:|1607799805
|switch|p2a: Zygarde|Zygarde-10%|100/100
|-ability|p2a: Zygarde|Aura Break
|turn|13
|
|t:|1607799810
|switch|p1a: happiness|Tapu Bulu|90/100
|-damage|p1a: happiness|78/100|[from] Stealth Rock
|move|p2a: Zygarde|Thousand Arrows|p1a: happiness
|-resisted|p1a: happiness
|-damage|p1a: happiness|48/100
|
|-heal|p1a: happiness|54/100|[from] Grassy Terrain
|-fieldend|move: Grassy Terrain
|upkeep
|turn|14
|
|t:|1607799829
|switch|p2a: Tapu Bulu|Tapu Bulu|81/100
|-fieldstart|move: Grassy Terrain|[from] ability: Grassy Surge|[of] p2a: Tapu Bulu
|move|p1a: happiness|Wood Hammer|p2a: Tapu Bulu
|-resisted|p2a: Tapu Bulu
|-damage|p2a: Tapu Bulu|11/100
|-damage|p1a: happiness|31/100|[from] Recoil
|
|-heal|p2a: Tapu Bulu|17/100|[from] Grassy Terrain
|-heal|p1a: happiness|37/100|[from] Grassy Terrain
|upkeep
|turn|15
|
|t:|1607799839
|move|p1a: happiness|Wood Hammer|p2a: Tapu Bulu
|-resisted|p2a: Tapu Bulu
|-damage|p2a: Tapu Bulu|0 fnt
|-damage|p1a: happiness|31/100|[from] Recoil
|faint|p2a: Tapu Bulu
|
|-heal|p1a: happiness|38/100|[from] Grassy Terrain
|upkeep
|j| Mindnight
|
|t:|1607799845
|switch|p2a: Chandelure|Chandelure, F|95/100
|turn|16
|j| SuloTheBoi
|
|t:|1607799854
|switch|p1a: no body no crime|Krookodile, F|100/100
|-damage|p1a: no body no crime|94/100|[from] Stealth Rock
|-ability|p1a: no body no crime|Intimidate|boost
|-unboost|p2a: Chandelure|atk|1
|move|p2a: Chandelure|Fire Blast|p1a: no body no crime
|-damage|p1a: no body no crime|8/100
|
|-heal|p1a: no body no crime|14/100|[from] Grassy Terrain
|-heal|p2a: Chandelure|100/100|[from] Grassy Terrain
|upkeep
|turn|17
|
|t:|1607799864
|switch|p2a: Sylveon|Sylveon, F|97/100
|move|p1a: no body no crime|Knock Off|p2a: Sylveon
|-resisted|p2a: Sylveon
|-damage|p2a: Sylveon|77/100
|-enditem|p2a: Sylveon|Leftovers|[from] move: Knock Off|[of] p1a: no body no crime
|
|-heal|p1a: no body no crime|20/100|[from] Grassy Terrain
|-heal|p2a: Sylveon|83/100|[from] Grassy Terrain
|upkeep
|turn|18
|
|t:|1607799876
|switch|p1a: coney island|Volcanion|32/100
|switch|p2a: Zygarde|Zygarde-10%|100/100
|-ability|p2a: Zygarde|Aura Break
|
|-heal|p1a: coney island|38/100|[from] Grassy Terrain
|-fieldend|move: Grassy Terrain
|upkeep
|turn|19
|
|t:|1607799882
|move|p2a: Zygarde|Thousand Arrows|p1a: coney island
|-supereffective|p1a: coney island
|-damage|p1a: coney island|0 fnt
|faint|p1a: coney island
|
|upkeep
|
|t:|1607799883
|switch|p1a: willow|Kommo-o, M|100/100
|-damage|p1a: willow|94/100|[from] Stealth Rock
|turn|20
|
|t:|1607799886
|switch|p2a: Sylveon|Sylveon, F|83/100
|move|p1a: willow|Stealth Rock|p2a: Sylveon
|-sidestart|p2: Low Ladder Terror|move: Stealth Rock
|
|-heal|p1a: willow|100/100|[from] item: Leftovers
|upkeep
|turn|21
|j| laevin ㋛
|
|t:|1607799900
|switch|p1a: gold rush|Jirachi|89/100
|-damage|p1a: gold rush|83/100|[from] Stealth Rock
|move|p2a: Sylveon|Wish|p2a: Sylveon
|
|-heal|p1a: gold rush|89/100|[from] item: Leftovers
|upkeep
|turn|22
|
|t:|1607799912
|switch|p2a: Chandelure|Chandelure, F|100/100
|move|p1a: gold rush|Wish|p1a: gold rush
|
|-heal|p1a: gold rush|96/100|[from] item: Leftovers
|upkeep
|turn|23
|c| laevin ㋛|it this scizorphobic
|c| Mindnight|ye
|c| laevin ㋛|oml
|
|t:|1607799926
|move|p2a: Chandelure|Shadow Ball|p1a: gold rush
|-supereffective|p1a: gold rush
|-damage|p1a: gold rush|35/100
|-unboost|p1a: gold rush|spd|1
|move|p1a: gold rush|U-turn|p2a: Chandelure
|-resisted|p2a: Chandelure
|-damage|p2a: Chandelure|94/100
|c| Mindnight|its the GOAT
|
|t:|1607799937
|switch|p1a: no body no crime|Krookodile, F|20/100|[from]move: U-turn
|-damage|p1a: no body no crime|14/100|[from] Stealth Rock
|-ability|p1a: no body no crime|Intimidate|boost
|-unboost|p2a: Chandelure|atk|1
|
|-heal|p1a: no body no crime|75/100|[from] move: Wish|[wisher] gold rush
|upkeep
|turn|24
|
|t:|1607799945
|switch|p2a: Latias|Latias, F|64/100 psn
|-damage|p2a: Latias|51/100 psn|[from] Stealth Rock
|move|p1a: no body no crime|Stone Edge|p2a: Latias
|-damage|p2a: Latias|10/100 psn
|
|-damage|p2a: Latias|0 fnt|[from] psn
|faint|p2a: Latias
|upkeep
|c| laevin ㋛|goat
|
|t:|1607799960
|switch|p2a: Zygarde|Zygarde-10%|100/100
|-damage|p2a: Zygarde|94/100|[from] Stealth Rock
|-ability|p2a: Zygarde|Aura Break
|turn|25
|
|t:|1607799963
|switch|p1a: willow|Kommo-o, M|100/100
|-damage|p1a: willow|94/100|[from] Stealth Rock
|move|p2a: Zygarde|Thousand Arrows|p1a: willow
|-damage|p1a: willow|56/100
|
|-heal|p1a: willow|62/100|[from] item: Leftovers
|upkeep
|turn|26
|
|t:|1607799969
|switch|p2a: Sylveon|Sylveon, F|83/100
|-damage|p2a: Sylveon|70/100|[from] Stealth Rock
|move|p1a: willow|Body Press|p2a: Sylveon
|-resisted|p2a: Sylveon
|-damage|p2a: Sylveon|53/100
|
|-heal|p1a: willow|68/100|[from] item: Leftovers
|upkeep
|turn|27
|
|t:|1607799973
|switch|p1a: gold rush|Jirachi|35/100
|-damage|p1a: gold rush|28/100|[from] Stealth Rock
|move|p2a: Sylveon|Wish|p2a: Sylveon
|
|-heal|p1a: gold rush|35/100|[from] item: Leftovers
|upkeep
|turn|28
|
|t:|1607799984
|move|p2a: Sylveon|Protect|p2a: Sylveon
|-singleturn|p2a: Sylveon|Protect
|move|p1a: gold rush|Wish|p1a: gold rush
|
|-heal|p2a: Sylveon|100/100|[from] move: Wish|[wisher] Sylveon
|-heal|p1a: gold rush|41/100|[from] item: Leftovers
|upkeep
|turn|29
|
|t:|1607799989
|move|p1a: gold rush|Iron Head|p2a: Sylveon
|-supereffective|p2a: Sylveon
|-damage|p2a: Sylveon|57/100
|cant|p2a: Sylveon|flinch
|
|-heal|p1a: gold rush|91/100|[from] move: Wish|[wisher] gold rush
|-heal|p1a: gold rush|97/100|[from] item: Leftovers
|upkeep
|turn|30
|
|t:|1607800009
|switch|p2a: Chandelure|Chandelure, F|94/100
|move|p1a: gold rush|Wish|p1a: gold rush
|
|-heal|p1a: gold rush|100/100|[from] item: Leftovers
|upkeep
|turn|31
|
|t:|1607800018
|switch|p1a: closure|Thundurus, M|100/100
|move|p2a: Chandelure|Substitute|p2a: Chandelure
|-start|p2a: Chandelure|Substitute
|-damage|p2a: Chandelure|69/100
|
|upkeep
|turn|32
|
|t:|1607800023
|move|p1a: closure|Thunderbolt|p2a: Chandelure
|-end|p2a: Chandelure|Substitute
|move|p2a: Chandelure|Fire Blast|p1a: closure
|-damage|p1a: closure|17/100
|
|upkeep
|turn|33
|inactive|Low Ladder Terror has 120 seconds left.
|
|t:|1607800058
|switch|p2a: Zygarde|Zygarde-10%|94/100
|-damage|p2a: Zygarde|88/100|[from] Stealth Rock
|-ability|p2a: Zygarde|Aura Break
|move|p1a: closure|Sludge Wave|p2a: Zygarde
|-resisted|p2a: Zygarde
|-damage|p2a: Zygarde|64/100
|
|upkeep
|turn|34
|
|t:|1607800067
|switch|p1a: no body no crime|Krookodile, F|75/100
|-damage|p1a: no body no crime|69/100|[from] Stealth Rock
|-ability|p1a: no body no crime|Intimidate|boost
|-unboost|p2a: Zygarde|atk|1
|move|p2a: Zygarde|Thousand Arrows|p1a: no body no crime
|-damage|p1a: no body no crime|25/100
|
|upkeep
|turn|35
|
|t:|1607800078
|move|p1a: no body no crime|Earthquake|p2a: Zygarde
|-damage|p2a: Zygarde|0 fnt
|faint|p2a: Zygarde
|
|upkeep
|
|t:|1607800080
|switch|p2a: Sylveon|Sylveon, F|57/100
|-damage|p2a: Sylveon|45/100|[from] Stealth Rock
|turn|36
|c| Mindnight|free eq
|
|t:|1607800102
|switch|p1a: gold rush|Jirachi|100/100
|-damage|p1a: gold rush|94/100|[from] Stealth Rock
|move|p2a: Sylveon|Wish|p2a: Sylveon
|
|-heal|p1a: gold rush|100/100|[from] item: Leftovers
|upkeep
|turn|37
|
|t:|1607800123
|switch|p2a: Chandelure|Chandelure, F|69/100
|move|p1a: gold rush|Wish|p1a: gold rush
|
|-heal|p2a: Chandelure|100/100|[from] move: Wish|[wisher] Sylveon
|upkeep
|turn|38
|
|t:|1607800133
|move|p2a: Chandelure|Substitute|p2a: Chandelure
|-start|p2a: Chandelure|Substitute
|-damage|p2a: Chandelure|76/100
|move|p1a: gold rush|U-turn|p2a: Chandelure
|-resisted|p2a: Chandelure
|-activate|p2a: Chandelure|move: Substitute|[damage]
|
|t:|1607800143
|switch|p1a: no body no crime|Krookodile, F|25/100|[from]move: U-turn
|-damage|p1a: no body no crime|19/100|[from] Stealth Rock
|-ability|p1a: no body no crime|Intimidate|boost
|-immune|p2a: Chandelure
|
|-heal|p1a: no body no crime|80/100|[from] move: Wish|[wisher] gold rush
|upkeep
|turn|39
|
|t:|1607800149
|move|p1a: no body no crime|Earthquake|p2a: Chandelure
|-supereffective|p2a: Chandelure
|-end|p2a: Chandelure|Substitute
|move|p2a: Chandelure|Fire Blast|p1a: no body no crime
|-damage|p1a: no body no crime|0 fnt
|faint|p1a: no body no crime
|
|upkeep
|c| laevin ㋛|it died
|
|t:|1607800159
|switch|p1a: closure|Thundurus, M|17/100
|turn|40
|
|t:|1607800166
|move|p1a: closure|Thunderbolt|p2a: Chandelure
|-damage|p2a: Chandelure|14/100
|move|p2a: Chandelure|Shadow Ball|p1a: closure
|-damage|p1a: closure|0 fnt
|faint|p1a: closure
|
|upkeep
|inactive|arena heroics has 120 seconds left.
|
|t:|1607800207
|switch|p1a: gold rush|Jirachi|100/100
|-damage|p1a: gold rush|94/100|[from] Stealth Rock
|turn|41
|
|t:|1607800225
|move|p2a: Chandelure|Fire Blast|p1a: gold rush
|-supereffective|p1a: gold rush
|-damage|p1a: gold rush|9/100
|move|p1a: gold rush|Iron Head|p2a: Chandelure
|-resisted|p2a: Chandelure
|-damage|p2a: Chandelure|0 fnt
|faint|p2a: Chandelure
|
|-heal|p1a: gold rush|15/100|[from] item: Leftovers
|upkeep
|
|t:|1607800230
|switch|p2a: Sylveon|Sylveon, F|45/100
|-damage|p2a: Sylveon|32/100|[from] Stealth Rock
|turn|42
|
|t:|1607800234
|move|p1a: gold rush|Iron Head|p2a: Sylveon
|-supereffective|p2a: Sylveon
|-damage|p2a: Sylveon|0 fnt
|faint|p2a: Sylveon
|
|win|arena heroics
|n|☆arena heroics|arenaheroics
|n|☆Low Ladder Terror|lowladderterror
|n| MilkyOmo|milkyomo
|n| JustFranco|justfranco
|n| leon752008|leon752008
|n| Mindnight|mindnight
|n| SuloTheBoi|sulotheboi
|n| laevin ㋛|laevin
|c|☆Low Ladder Terror|gg
|c|☆arena heroics|gg
|l| laevin ㋛
|l|☆Low Ladder Terror
|l| Mindnight
|l| SuloTheBoi
