|j|☆Elfuseon
|j|☆Mimilucha
|t:|1665862601
|gametype|singles
|player|p1|Elfuseon|#bdspplempoleonshow|
|player|p2|Mimilucha|ethan-masters|
|teamsize|p1|6
|teamsize|p2|6
|gen|8
|tier|[Gen 8] UU
|rule|Sleep Clause Mod: Limit one foe put to sleep
|rule|Species Clause: Limit one of each Pokémon
|rule|OHKO Clause: OHKO moves are banned
|rule|Evasion Items Clause: Evasion items are banned
|rule|Evasion Moves Clause: Evasion moves are banned
|rule|Endless Battle Clause: Forcing endless battles is banned
|rule|HP Percentage Mod: HP is shown in percentages
|rule|Dynamax Clause: You cannot dynamax
|clearpoke
|poke|p1|Primarina, F|
|poke|p1|Cobalion|
|poke|p1|Slowbro-Galar, M|
|poke|p1|Thundurus-Therian, M|
|poke|p1|Dhelmise|
|poke|p1|Hydreigon, M|
|poke|p2|Azelf|
|poke|p2|Mamoswine, M|
|poke|p2|Cobalion|
|poke|p2|Tangrowth, F|
|poke|p2|Salamence, M|
|poke|p2|Chansey, F|
|teampreview
|inactive|Battle timer is ON: inactive players will automatically lose when time's up. (requested by Mimilucha)
|c|☆Mimilucha|hf
|c|☆Elfuseon|hf
|j| Be Like Bisharp
|j| LCarteldeSinaloa
|inactive|Elfuseon has 270 seconds left.
|inactive|Mimilucha has 270 seconds left.
|c| Be Like Bisharp|Montre nous que les 9.5k étaient rentables
|inactive|Elfuseon has 240 seconds left.
|inactive|Elfuseon has 210 seconds left.
|j| Scoptile
|l| Scoptile
|inactive|Elfuseon has 180 seconds left.
|
|t:|1665862728
|start
|switch|p1a: Primarina|Primarina, F|100/100
|switch|p2a: Tangrowth|Tangrowth, F|100/100
|turn|1
|inactive|Elfuseon has 240 seconds left.
|
|t:|1665862736
|switch|p1a: Slowbro|Slowbro-Galar, M|100/100
|move|p2a: Tangrowth|Knock Off|p1a: Slowbro
|-supereffective|p1a: Slowbro
|-damage|p1a: Slowbro|70/100
|-enditem|p1a: Slowbro|Safety Goggles|[from] move: Knock Off|[of] p2a: Tangrowth
|
|upkeep
|turn|2
|
|t:|1665862744
|switch|p2a: Chansey|Chansey, F|100/100
|move|p1a: Slowbro|Future Sight|p2a: Chansey
|-start|p1a: Slowbro|move: Future Sight
|
|upkeep
|turn|3
|
|t:|1665862749
|switch|p1a: Cobalion|Cobalion|100/100
|move|p2a: Chansey|Thunder Wave|p1a: Cobalion
|-status|p1a: Cobalion|par
|
|upkeep
|turn|4
|
|t:|1665862766
|switch|p2a: Salamence|Salamence, M|100/100
|-ability|p2a: Salamence|Intimidate|boost
|-unboost|p1a: Cobalion|atk|1
|move|p1a: Cobalion|Swords Dance|p1a: Cobalion
|-boost|p1a: Cobalion|atk|2
|
|-end|p2a: Salamence|move: Future Sight
|-damage|p2a: Salamence|55/100
|upkeep
|turn|5
|j| Zephyyyr
|
|t:|1665862778
|move|p2a: Salamence|Roost|p2a: Salamence
|-heal|p2a: Salamence|100/100
|-singleturn|p2a: Salamence|move: Roost
|move|p1a: Cobalion|Iron Head|p2a: Salamence
|-damage|p2a: Salamence|65/100
|
|upkeep
|turn|6
|
|t:|1665862795
|switch|p1a: Slowbro|Slowbro-Galar, M|100/100
|move|p2a: Salamence|Flamethrower|p1a: Slowbro
|-damage|p1a: Slowbro|78/100
|
|upkeep
|turn|7
|
|t:|1665862802
|switch|p2a: Chansey|Chansey, F|100/100
|move|p1a: Slowbro|Future Sight|p2a: Chansey
|-start|p1a: Slowbro|move: Future Sight
|
|upkeep
|turn|8
|
|t:|1665862806
|switch|p1a: Cobalion|Cobalion|100/100 par
|move|p2a: Chansey|Teleport|p2a: Chansey
|
|t:|1665862813
|switch|p2a: Salamence|Salamence, M|65/100|[from]move: Teleport
|-ability|p2a: Salamence|Intimidate|boost
|-unboost|p1a: Cobalion|atk|1
|
|upkeep
|turn|9
|inactive|Elfuseon has 270 seconds left.
|
|t:|1665862825
|switch|p1a: Thundurus|Thundurus-Therian, M|100/100
|move|p2a: Salamence|Roost|p2a: Salamence
|-heal|p2a: Salamence|100/100
|-singleturn|p2a: Salamence|move: Roost
|
|-end|p2a: Salamence|move: Future Sight
|-damage|p2a: Salamence|52/100
|upkeep
|turn|10
|inactive|Elfuseon has 270 seconds left.
|
|t:|1665862832
|switch|p2a: Tangrowth|Tangrowth, F|100/100
|move|p1a: Thundurus|Knock Off|p2a: Tangrowth
|-damage|p2a: Tangrowth|88/100
|-enditem|p2a: Tangrowth|Assault Vest|[from] move: Knock Off|[of] p1a: Thundurus
|
|upkeep
|turn|11
|inactive|Elfuseon has 270 seconds left.
|
|t:|1665862858
|move|p1a: Thundurus|Volt Switch|p2a: Tangrowth
|-resisted|p2a: Tangrowth
|-damage|p2a: Tangrowth|67/100
|
|t:|1665862866
|switch|p1a: Slowbro|Slowbro-Galar, M|100/100|[from]move: Volt Switch
|move|p2a: Tangrowth|Knock Off|p1a: Slowbro
|-supereffective|p1a: Slowbro
|-damage|p1a: Slowbro|78/100
|
|upkeep
|turn|12
|
|t:|1665862876
|switch|p2a: Chansey|Chansey, F|100/100
|move|p1a: Slowbro|Future Sight|p2a: Chansey
|-start|p1a: Slowbro|move: Future Sight
|
|upkeep
|turn|13
|
|t:|1665862891
|move|p1a: Slowbro|Sludge Bomb|p2a: Chansey
|-damage|p2a: Chansey|89/100
|-status|p2a: Chansey|psn
|move|p2a: Chansey|Teleport|p2a: Chansey
|
|t:|1665862903
|-curestatus|p2a: Chansey|psn|[from] ability: Natural Cure
|switch|p2a: Azelf|Azelf|100/100|[from]move: Teleport
|
|upkeep
|turn|14
|
|t:|1665862925
|move|p2a: Azelf|U-turn|p1a: Slowbro
|-damage|p1a: Slowbro|65/100
|
|t:|1665862927
|switch|p2a: Chansey|Chansey, F|89/100|[from]move: U-turn
|move|p1a: Slowbro|Sludge Bomb|p2a: Chansey
|-damage|p2a: Chansey|77/100
|-status|p2a: Chansey|psn
|
|-end|p2a: Chansey|move: Future Sight
|-damage|p2a: Chansey|61/100 psn
|-damage|p2a: Chansey|49/100 psn|[from] psn
|upkeep
|turn|15
|inactive|Elfuseon has 240 seconds left.
|inactive|Elfuseon has 210 seconds left.
|
|t:|1665863008
|switch|p1a: Thundurus|Thundurus-Therian, M|100/100
|move|p2a: Chansey|Soft-Boiled|p2a: Chansey
|-heal|p2a: Chansey|99/100 psn
|
|-damage|p2a: Chansey|86/100 psn|[from] psn
|upkeep
|turn|16
|inactive|Elfuseon has 180 seconds left.
|
|t:|1665863046
|-curestatus|p2a: Chansey|psn|[from] ability: Natural Cure
|switch|p2a: Tangrowth|Tangrowth, F|99/100
|move|p1a: Thundurus|Focus Blast|p2a: Tangrowth|[miss]
|-miss|p1a: Thundurus|p2a: Tangrowth
|
|upkeep
|turn|17
|
|t:|1665863053
|move|p1a: Thundurus|Volt Switch|p2a: Tangrowth
|-resisted|p2a: Tangrowth
|-crit|p2a: Tangrowth
|-damage|p2a: Tangrowth|67/100
|
|t:|1665863056
|switch|p1a: Slowbro|Slowbro-Galar, M|98/100|[from]move: Volt Switch
|move|p2a: Tangrowth|Knock Off|p1a: Slowbro
|-supereffective|p1a: Slowbro
|-damage|p1a: Slowbro|75/100
|
|upkeep
|turn|18
|
|t:|1665863064
|switch|p2a: Chansey|Chansey, F|86/100
|move|p1a: Slowbro|Future Sight|p2a: Chansey
|-start|p1a: Slowbro|move: Future Sight
|
|upkeep
|turn|19
|inactive|Elfuseon has 180 seconds left.
|j| Fathiryxi
|
|t:|1665863084
|switch|p1a: Cobalion|Cobalion|100/100 par
|move|p2a: Chansey|Teleport|p2a: Chansey
|
|t:|1665863092
|switch|p2a: Azelf|Azelf|100/100|[from]move: Teleport
|
|upkeep
|turn|20
|
|t:|1665863103
|move|p2a: Azelf|U-turn|p1a: Cobalion
|-resisted|p1a: Cobalion
|-damage|p1a: Cobalion|97/100 par
|
|t:|1665863113
|switch|p2a: Tangrowth|Tangrowth, F|100/100|[from]move: U-turn
|move|p1a: Cobalion|Stealth Rock|p2a: Tangrowth
|-sidestart|p2: Mimilucha|move: Stealth Rock
|
|-end|p2a: Tangrowth|move: Future Sight
|-damage|p2a: Tangrowth|53/100
|-heal|p1a: Cobalion|100/100 par|[from] item: Leftovers
|upkeep
|turn|21
|inactive|Elfuseon has 180 seconds left.
|j| jeu qui pue
|
|t:|1665863135
|switch|p1a: Slowbro|Slowbro-Galar, M|100/100
|move|p2a: Tangrowth|Power Whip|p1a: Slowbro
|-resisted|p1a: Slowbro
|-damage|p1a: Slowbro|85/100
|
|upkeep
|turn|22
|
|t:|1665863147
|switch|p2a: Chansey|Chansey, F|86/100
|-damage|p2a: Chansey|74/100|[from] Stealth Rock
|move|p1a: Slowbro|Future Sight|p2a: Chansey
|-start|p1a: Slowbro|move: Future Sight
|
|upkeep
|turn|23
|
|t:|1665863156
|switch|p1a: Thundurus|Thundurus-Therian, M|100/100
|move|p2a: Chansey|Teleport|p2a: Chansey
|
|t:|1665863180
|switch|p2a: Cobalion|Cobalion|100/100|[from]move: Teleport
|-damage|p2a: Cobalion|97/100|[from] Stealth Rock
|
|upkeep
|turn|24
|inactive|Elfuseon has 180 seconds left.
|
|t:|1665863198
|move|p2a: Cobalion|Stealth Rock|p1a: Thundurus
|-sidestart|p1: Elfuseon|move: Stealth Rock
|move|p1a: Thundurus|Focus Blast|p2a: Cobalion
|-supereffective|p2a: Cobalion
|-damage|p2a: Cobalion|0 fnt
|faint|p2a: Cobalion
|
|-hint|Future Sight did not hit because the target is fainted.
|upkeep
|
|t:|1665863210
|switch|p2a: Mamoswine|Mamoswine, M|100/100
|-damage|p2a: Mamoswine|88/100|[from] Stealth Rock
|turn|25
|inactive|Elfuseon has 180 seconds left.
|
|t:|1665863229
|switch|p1a: Cobalion|Cobalion|100/100 par
|-damage|p1a: Cobalion|97/100 par|[from] Stealth Rock
|move|p2a: Mamoswine|Ice Shard|p1a: Cobalion
|-resisted|p1a: Cobalion
|-damage|p1a: Cobalion|85/100 par
|-damage|p2a: Mamoswine|78/100|[from] item: Life Orb
|
|-heal|p1a: Cobalion|92/100 par|[from] item: Leftovers
|upkeep
|turn|26
|
|t:|1665863250
|switch|p1a: Thundurus|Thundurus-Therian, M|100/100
|move|p2a: Mamoswine|Earthquake|p1a: Thundurus
|-immune|p1a: Thundurus
|
|upkeep
|turn|27
|inactive|Elfuseon has 150 seconds left.
|inactive|Mimilucha has 270 seconds left.
|inactive|Elfuseon has 120 seconds left.
|j| Scoptile
|inactive|Elfuseon has 90 seconds left.
|j| SGKI
|l| Scoptile
|inactive|Elfuseon has 60 seconds left.
|
|t:|1665863362
|move|p2a: Mamoswine|Ice Shard|p1a: Thundurus
|-supereffective|p1a: Thundurus
|-damage|p1a: Thundurus|12/100
|-damage|p2a: Mamoswine|68/100|[from] item: Life Orb
|move|p1a: Thundurus|Focus Blast|p2a: Mamoswine
|-supereffective|p2a: Mamoswine
|-damage|p2a: Mamoswine|0 fnt
|faint|p2a: Mamoswine
|
|upkeep
|
|t:|1665863370
|switch|p2a: Azelf|Azelf|100/100
|turn|28
|j| Astreau
|
|t:|1665863382
|switch|p1a: Primarina|Primarina, F|100/100
|-damage|p1a: Primarina|88/100|[from] Stealth Rock
|move|p2a: Azelf|Knock Off|p1a: Primarina
|-resisted|p1a: Primarina
|-damage|p1a: Primarina|76/100
|-enditem|p1a: Primarina|Leftovers|[from] move: Knock Off|[of] p2a: Azelf
|
|upkeep
|turn|29
|
|t:|1665863390
|move|p2a: Azelf|U-turn|p1a: Primarina
|-resisted|p1a: Primarina
|-damage|p1a: Primarina|68/100
|
|t:|1665863393
|switch|p2a: Chansey|Chansey, F|74/100|[from]move: U-turn
|-damage|p2a: Chansey|61/100|[from] Stealth Rock
|move|p1a: Primarina|Scald|p2a: Chansey
|-damage|p2a: Chansey|50/100
|
|upkeep
|turn|30
|l| Astreau
|inactive|Elfuseon has 60 seconds left.
|
|t:|1665863423
|switch|p1a: Slowbro|Slowbro-Galar, M|100/100
|-damage|p1a: Slowbro|88/100|[from] Stealth Rock
|move|p2a: Chansey|Soft-Boiled|p2a: Chansey
|-heal|p2a: Chansey|100/100
|
|upkeep
|turn|31
|
|t:|1665863425
|move|p2a: Chansey|Thunder Wave|p1a: Slowbro
|-status|p1a: Slowbro|par
|cant|p1a: Slowbro|par
|
|upkeep
|turn|32
|
|t:|1665863429
|move|p2a: Chansey|Seismic Toss|p1a: Slowbro
|-damage|p1a: Slowbro|63/100 par
|move|p1a: Slowbro|Future Sight|p2a: Chansey
|-start|p1a: Slowbro|move: Future Sight
|
|upkeep
|turn|33
|l| SGKI
|
|t:|1665863436
|switch|p1a: Cobalion|Cobalion|92/100 par
|-damage|p1a: Cobalion|88/100 par|[from] Stealth Rock
|move|p2a: Chansey|Teleport|p2a: Chansey
|
|t:|1665863438
|switch|p2a: Azelf|Azelf|100/100|[from]move: Teleport
|
|-heal|p1a: Cobalion|95/100 par|[from] item: Leftovers
|upkeep
|turn|34
|inactive|Elfuseon has 90 seconds left.
|
|t:|1665863444
|switch|p1a: Slowbro|Slowbro-Galar, M|96/100 par
|-damage|p1a: Slowbro|83/100 par|[from] Stealth Rock
|move|p2a: Azelf|Flamethrower|p1a: Slowbro
|-damage|p1a: Slowbro|48/100 par
|
|-end|p2a: Azelf|move: Future Sight
|-resisted|p2a: Azelf
|-damage|p2a: Azelf|64/100
|upkeep
|turn|35
|inactive|Elfuseon has 90 seconds left.
|
|t:|1665863461
|switch|p1a: Hydreigon|Hydreigon, M|100/100
|-damage|p1a: Hydreigon|88/100|[from] Stealth Rock
|move|p2a: Azelf|Psychic|p1a: Hydreigon
|-immune|p1a: Hydreigon
|
|upkeep
|turn|36
|inactive|Elfuseon has 90 seconds left.
|
|t:|1665863471
|switch|p2a: Chansey|Chansey, F|100/100
|-damage|p2a: Chansey|88/100|[from] Stealth Rock
|move|p1a: Hydreigon|U-turn|p2a: Chansey
|-damage|p2a: Chansey|78/100
|inactive|Elfuseon has 90 seconds left.
|
|t:|1665863492
|switch|p1a: Slowbro|Slowbro-Galar, M|82/100 par|[from]move: U-turn
|-damage|p1a: Slowbro|69/100 par|[from] Stealth Rock
|
|upkeep
|turn|37
|
|t:|1665863496
|move|p2a: Chansey|Seismic Toss|p1a: Slowbro
|-damage|p1a: Slowbro|44/100 par
|cant|p1a: Slowbro|par
|
|upkeep
|turn|38
|
|t:|1665863502
|move|p1a: Slowbro|Slack Off|p1a: Slowbro
|-heal|p1a: Slowbro|94/100 par
|move|p2a: Chansey|Teleport|p2a: Chansey
|
|t:|1665863507
|switch|p2a: Azelf|Azelf|64/100|[from]move: Teleport
|
|upkeep
|turn|39
|
|t:|1665863511
|move|p2a: Azelf|U-turn|p1a: Slowbro
|-damage|p1a: Slowbro|81/100 par
|
|t:|1665863513
|switch|p2a: Chansey|Chansey, F|78/100|[from]move: U-turn
|-damage|p2a: Chansey|65/100|[from] Stealth Rock
|move|p1a: Slowbro|Sludge Bomb|p2a: Chansey
|-damage|p2a: Chansey|53/100
|
|upkeep
|turn|40
|inactive|Elfuseon has 120 seconds left.
|
|t:|1665863520
|move|p2a: Chansey|Soft-Boiled|p2a: Chansey
|-heal|p2a: Chansey|100/100
|move|p1a: Slowbro|Future Sight|p2a: Chansey
|-start|p1a: Slowbro|move: Future Sight
|
|upkeep
|turn|41
|
|t:|1665863529
|move|p2a: Chansey|Seismic Toss|p1a: Slowbro
|-damage|p1a: Slowbro|55/100 par
|move|p1a: Slowbro|Sludge Bomb|p2a: Chansey
|-damage|p2a: Chansey|89/100
|
|upkeep
|turn|42
|
|t:|1665863539
|move|p2a: Chansey|Seismic Toss|p1a: Slowbro
|-damage|p1a: Slowbro|30/100 par
|move|p1a: Slowbro|Slack Off|p1a: Slowbro
|-heal|p1a: Slowbro|80/100 par
|
|-end|p2a: Chansey|move: Future Sight
|-damage|p2a: Chansey|74/100
|upkeep
|turn|43
|
|t:|1665863544
|move|p2a: Chansey|Seismic Toss|p1a: Slowbro
|-damage|p1a: Slowbro|55/100 par
|move|p1a: Slowbro|Future Sight|p2a: Chansey
|-start|p1a: Slowbro|move: Future Sight
|
|upkeep
|turn|44
|
|t:|1665863550
|switch|p1a: Dhelmise|Dhelmise|100/100
|move|p2a: Chansey|Teleport|p2a: Chansey
|
|t:|1665863554
|switch|p2a: Salamence|Salamence, M|52/100|[from]move: Teleport
|-ability|p2a: Salamence|Intimidate|boost
|-unboost|p1a: Dhelmise|atk|1
|
|upkeep
|turn|45
|
|t:|1665863560
|move|p2a: Salamence|Roost|p2a: Salamence
|-heal|p2a: Salamence|100/100
|-singleturn|p2a: Salamence|move: Roost
|move|p1a: Dhelmise|Rapid Spin|p2a: Salamence
|-damage|p2a: Salamence|93/100
|-boost|p1a: Dhelmise|spe|1
|-sideend|p1: Elfuseon|Stealth Rock|[from] move: Rapid Spin|[of] p1a: Dhelmise
|
|-end|p2a: Salamence|move: Future Sight
|-damage|p2a: Salamence|44/100
|upkeep
|turn|46
|
|t:|1665863571
|switch|p1a: Primarina|Primarina, F|68/100
|move|p2a: Salamence|Defog|p1a: Primarina
|-unboost|p1a: Primarina|evasion|1
|-sideend|p2: Mimilucha|Stealth Rock|[from] move: Defog|[of] p2a: Salamence
|
|upkeep
|turn|47
|
|t:|1665863583
|switch|p2a: Chansey|Chansey, F|74/100
|switch|p1a: Cobalion|Cobalion|95/100 par
|
|-heal|p1a: Cobalion|100/100 par|[from] item: Leftovers
|upkeep
|turn|48
|inactive|Elfuseon has 150 seconds left.
|
|t:|1665863606
|switch|p2a: Salamence|Salamence, M|44/100
|-ability|p2a: Salamence|Intimidate|boost
|-unboost|p1a: Cobalion|atk|1
|move|p1a: Cobalion|Stealth Rock|p2a: Salamence
|-sidestart|p2: Mimilucha|move: Stealth Rock
|
|upkeep
|turn|49
|inactive|Elfuseon has 150 seconds left.
|
|t:|1665863622
|switch|p1a: Slowbro|Slowbro-Galar, M|88/100 par
|move|p2a: Salamence|Defog|p1a: Slowbro
|-unboost|p1a: Slowbro|evasion|1
|-sideend|p2: Mimilucha|Stealth Rock|[from] move: Defog|[of] p2a: Salamence
|
|upkeep
|turn|50
|
|t:|1665863630
|switch|p2a: Chansey|Chansey, F|74/100
|move|p1a: Slowbro|Sludge Bomb|p2a: Chansey
|-damage|p2a: Chansey|63/100
|
|upkeep
|turn|51
|inactive|Elfuseon has 150 seconds left.
|
|t:|1665863638
|move|p2a: Chansey|Seismic Toss|p1a: Slowbro
|-damage|p1a: Slowbro|62/100 par
|cant|p1a: Slowbro|par
|
|upkeep
|turn|52
|
|t:|1665863642
|move|p2a: Chansey|Seismic Toss|p1a: Slowbro
|-damage|p1a: Slowbro|37/100 par
|move|p1a: Slowbro|Future Sight|p2a: Chansey
|-start|p1a: Slowbro|move: Future Sight
|
|upkeep
|turn|53
|
|t:|1665863648
|switch|p1a: Cobalion|Cobalion|100/100 par
|move|p2a: Chansey|Teleport|p2a: Chansey
|
|t:|1665863657
|switch|p2a: Azelf|Azelf|64/100|[from]move: Teleport
|
|upkeep
|turn|54
|
|t:|1665863674
|move|p2a: Azelf|U-turn|p1a: Cobalion
|-resisted|p1a: Cobalion
|-damage|p1a: Cobalion|97/100 par
|
|t:|1665863680
|switch|p2a: Chansey|Chansey, F|63/100|[from]move: U-turn
|cant|p1a: Cobalion|par
|
|-end|p2a: Chansey|move: Future Sight
|-crit|p2a: Chansey
|-damage|p2a: Chansey|41/100
|-heal|p1a: Cobalion|100/100 par|[from] item: Leftovers
|upkeep
|turn|55
|inactive|Elfuseon has 180 seconds left.
|
|t:|1665863691
|switch|p2a: Salamence|Salamence, M|44/100
|-ability|p2a: Salamence|Intimidate|boost
|-unboost|p1a: Cobalion|atk|1
|move|p1a: Cobalion|Stealth Rock|p2a: Salamence
|-sidestart|p2: Mimilucha|move: Stealth Rock
|
|upkeep
|turn|56
|inactive|Elfuseon has 180 seconds left.
|
|t:|1665863706
|switch|p1a: Slowbro|Slowbro-Galar, M|70/100 par
|move|p2a: Salamence|Defog|p1a: Slowbro
|-unboost|p1a: Slowbro|evasion|1
|-sideend|p2: Mimilucha|Stealth Rock|[from] move: Defog|[of] p2a: Salamence
|
|upkeep
|turn|57
|inactive|Elfuseon has 180 seconds left.
|
|t:|1665863717
|switch|p2a: Chansey|Chansey, F|41/100
|cant|p1a: Slowbro|par
|
|upkeep
|turn|58
|
|t:|1665863721
|move|p2a: Chansey|Soft-Boiled|p2a: Chansey
|-heal|p2a: Chansey|91/100
|move|p1a: Slowbro|Future Sight|p2a: Chansey
|-start|p1a: Slowbro|move: Future Sight
|
|upkeep
|turn|59
|j| Cherbou
|
|t:|1665863733
|move|p1a: Slowbro|Flamethrower|p2a: Chansey
|-damage|p2a: Chansey|83/100
|-status|p2a: Chansey|brn
|move|p2a: Chansey|Teleport|p2a: Chansey
|
|t:|1665863737
|-curestatus|p2a: Chansey|brn|[from] ability: Natural Cure
|switch|p2a: Azelf|Azelf|64/100|[from]move: Teleport
|
|upkeep
|turn|60
|
|t:|1665863748
|move|p2a: Azelf|U-turn|p1a: Slowbro
|-damage|p1a: Slowbro|58/100 par
|
|t:|1665863750
|switch|p2a: Chansey|Chansey, F|83/100|[from]move: U-turn
|move|p1a: Slowbro|Sludge Bomb|p2a: Chansey
|-damage|p2a: Chansey|73/100
|
|-end|p2a: Chansey|move: Future Sight
|-damage|p2a: Chansey|57/100
|upkeep
|turn|61
|inactive|Elfuseon has 180 seconds left.
|
|t:|1665863775
|move|p1a: Slowbro|Future Sight|p2a: Chansey
|-start|p1a: Slowbro|move: Future Sight
|move|p2a: Chansey|Teleport|p2a: Chansey
|
|t:|1665863777
|switch|p2a: Azelf|Azelf|64/100|[from]move: Teleport
|
|upkeep
|turn|62
|inactive|Elfuseon has 180 seconds left.
|j| Liz Angeles
|j| finissons en
|
|t:|1665863821
|move|p2a: Azelf|U-turn|p1a: Slowbro
|-damage|p1a: Slowbro|45/100 par
|
|t:|1665863823
|switch|p2a: Chansey|Chansey, F|57/100|[from]move: U-turn
|move|p1a: Slowbro|Sludge Bomb|p2a: Chansey
|-damage|p2a: Chansey|46/100
|-status|p2a: Chansey|psn
|
|-damage|p2a: Chansey|33/100 psn|[from] psn
|upkeep
|turn|63
|inactive|Elfuseon has 150 seconds left.
|inactive|Elfuseon has 120 seconds left.
|c| Cherbou|Ff Mimi, c vain
|c|☆Mimilucha|silence
|c|☆Mimilucha|retourne joeur à unite
|inactive|Elfuseon has 90 seconds left.
|c| Cherbou|Je joeu pas a Unite là...
|
|t:|1665863932
|switch|p1a: Thundurus|Thundurus-Therian, M|12/100
|move|p2a: Chansey|Soft-Boiled|p2a: Chansey
|-heal|p2a: Chansey|83/100 psn
|
|-end|p2a: Chansey|move: Future Sight
|-damage|p2a: Chansey|70/100 psn
|-damage|p2a: Chansey|57/100 psn|[from] psn
|upkeep
|turn|64
|inactive|Elfuseon has 60 seconds left.
|
|t:|1665863967
|-curestatus|p2a: Chansey|psn|[from] ability: Natural Cure
|switch|p2a: Tangrowth|Tangrowth, F|86/100
|move|p1a: Thundurus|Focus Blast|p2a: Tangrowth|[miss]
|-miss|p1a: Thundurus|p2a: Tangrowth
|
|upkeep
|turn|65
|l| Liz Angeles
|
|t:|1665863976
|move|p1a: Thundurus|Volt Switch|p2a: Tangrowth
|-resisted|p2a: Tangrowth
|-damage|p2a: Tangrowth|65/100
|
|t:|1665863994
|switch|p1a: Slowbro|Slowbro-Galar, M|78/100 par|[from]move: Volt Switch
|move|p2a: Tangrowth|Knock Off|p1a: Slowbro
|-supereffective|p1a: Slowbro
|-damage|p1a: Slowbro|55/100 par
|
|upkeep
|turn|66
|
|t:|1665864004
|switch|p2a: Chansey|Chansey, F|57/100
|switch|p1a: Cobalion|Cobalion|100/100 par
|
|upkeep
|turn|67
|
|t:|1665864020
|switch|p2a: Salamence|Salamence, M|44/100
|-ability|p2a: Salamence|Intimidate|boost
|-unboost|p1a: Cobalion|atk|1
|cant|p1a: Cobalion|par
|
|upkeep
|turn|68
|l| Zephyyyr
|
|t:|1665864031
|switch|p1a: Primarina|Primarina, F|68/100
|move|p2a: Salamence|Roost|p2a: Salamence
|-heal|p2a: Salamence|94/100
|-singleturn|p2a: Salamence|move: Roost
|
|upkeep
|turn|69
|j| Zephyyyr
|j| Givra no bi ☯
|j| lemonstre1
|inactive|Elfuseon has 30 seconds left.
|
|t:|1665864050
|switch|p2a: Chansey|Chansey, F|57/100
|switch|p1a: Cobalion|Cobalion|100/100 par
|
|upkeep
|turn|70
|inactive|Elfuseon has 30 seconds left.
|
|t:|1665864062
|switch|p1a: Hydreigon|Hydreigon, M|88/100
|switch|p2a: Salamence|Salamence, M|94/100
|-ability|p2a: Salamence|Intimidate|boost
|-unboost|p1a: Hydreigon|atk|1
|
|upkeep
|turn|71
|inactive|Elfuseon has 30 seconds left.
|
|t:|1665864076
|switch|p2a: Chansey|Chansey, F|57/100
|move|p1a: Hydreigon|U-turn|p2a: Chansey
|-damage|p2a: Chansey|50/100
|
|t:|1665864080
|switch|p1a: Thundurus|Thundurus-Therian, M|12/100|[from]move: U-turn
|
|upkeep
|turn|72
|
|t:|1665864089
|switch|p2a: Salamence|Salamence, M|94/100
|-ability|p2a: Salamence|Intimidate|boost
|-unboost|p1a: Thundurus|atk|1
|move|p1a: Thundurus|Volt Switch|p2a: Salamence
|-crit|p2a: Salamence
|-damage|p2a: Salamence|33/100
|j| Nael222
|
|t:|1665864101
|switch|p1a: Hydreigon|Hydreigon, M|88/100|[from]move: Volt Switch
|
|upkeep
|turn|73
|
|t:|1665864108
|switch|p2a: Chansey|Chansey, F|50/100
|move|p1a: Hydreigon|U-turn|p2a: Chansey
|-damage|p2a: Chansey|40/100
|
|t:|1665864121
|switch|p1a: Thundurus|Thundurus-Therian, M|12/100|[from]move: U-turn
|
|upkeep
|turn|74
|c| Nael222|Mimi kestufai là
|c| Nael222|c pas du bon travail
|inactive|Elfuseon has 30 seconds left.
|c|☆Mimilucha|m'en veut de pas avoir koff le hydrei tout à l'heure
|c|☆Mimilucha|j'ai annulé à la dernière seconde
|
|t:|1665864145
|move|p1a: Thundurus|Knock Off|p2a: Chansey
|-damage|p2a: Chansey|26/100
|-enditem|p2a: Chansey|Eviolite|[from] move: Knock Off|[of] p1a: Thundurus
|move|p2a: Chansey|Soft-Boiled|p2a: Chansey
|-heal|p2a: Chansey|76/100
|
|upkeep
|turn|75
|inactive|Elfuseon has 30 seconds left.
|
|t:|1665864152
|move|p1a: Thundurus|Volt Switch|p2a: Chansey
|-crit|p2a: Chansey
|-damage|p2a: Chansey|48/100
|inactive|Elfuseon has 30 seconds left.
|
|t:|1665864159
|switch|p1a: Dhelmise|Dhelmise|100/100|[from]move: Volt Switch
|move|p2a: Chansey|Teleport|p2a: Chansey
|
|t:|1665864163
|switch|p2a: Salamence|Salamence, M|33/100|[from]move: Teleport
|-ability|p2a: Salamence|Intimidate|boost
|-unboost|p1a: Dhelmise|atk|1
|
|upkeep
|turn|76
|
|t:|1665864168
|switch|p1a: Hydreigon|Hydreigon, M|88/100
|move|p2a: Salamence|Roost|p2a: Salamence
|-heal|p2a: Salamence|83/100
|-singleturn|p2a: Salamence|move: Roost
|
|upkeep
|turn|77
|j| Liz Angeles
|j| Bhalal
|
|t:|1665864174
|switch|p2a: Tangrowth|Tangrowth, F|98/100
|move|p1a: Hydreigon|Draco Meteor|p2a: Tangrowth
|-damage|p2a: Tangrowth|14/100
|-unboost|p1a: Hydreigon|spa|2
|
|upkeep
|turn|78
|
|t:|1665864188
|switch|p1a: Cobalion|Cobalion|100/100 par
|switch|p2a: Chansey|Chansey, F|48/100
|
|upkeep
|turn|79
|
|t:|1665864200
|switch|p2a: Salamence|Salamence, M|83/100
|-ability|p2a: Salamence|Intimidate|boost
|-unboost|p1a: Cobalion|atk|1
|move|p1a: Cobalion|Stealth Rock|p2a: Salamence
|-sidestart|p2: Mimilucha|move: Stealth Rock
|
|upkeep
|turn|80
|
|t:|1665864206
|switch|p1a: Hydreigon|Hydreigon, M|88/100
|move|p2a: Salamence|Defog|p1a: Hydreigon
|-unboost|p1a: Hydreigon|evasion|1
|-sideend|p2: Mimilucha|Stealth Rock|[from] move: Defog|[of] p2a: Salamence
|
|upkeep
|turn|81
|inactive|Elfuseon has 60 seconds left.
|
|t:|1665864214
|switch|p2a: Chansey|Chansey, F|48/100
|move|p1a: Hydreigon|Draco Meteor|p2a: Chansey
|-damage|p2a: Chansey|17/100
|-unboost|p1a: Hydreigon|spa|2
|
|upkeep
|turn|82
|
|t:|1665864220
|move|p1a: Hydreigon|Draco Meteor|p2a: Chansey
|-damage|p2a: Chansey|0 fnt
|-unboost|p1a: Hydreigon|spa|2
|faint|p2a: Chansey
|
|upkeep
|l| Zephyyyr
|c|☆Mimilucha|nan j'ai super mal joué
|c|☆Mimilucha|gg
|-message|Mimilucha forfeited.
|
|win|Elfuseon
|l|☆Mimilucha
|c|☆Elfuseon|gg bro
|l| Nael222
