|raw|<div class="broadcast-blue"><strong>This battle is required to be public due to a player having a name starting with 'uult91w'.</div>
|j|☆kolom
|j|☆UULT91w udon
|t:|1651916176
|gametype|singles
|player|p1|kolom|101|1489
|player|p2|UULT91w udon|dawn|1537
|teamsize|p1|6
|teamsize|p2|6
|gen|8
|tier|[Gen 8] UU
|rated|
|rule|Sleep Clause Mod: Limit one foe put to sleep
|rule|Species Clause: Limit one of each Pokémon
|rule|OHKO Clause: OHKO moves are banned
|rule|Evasion Moves Clause: Evasion moves are banned
|rule|Endless Battle Clause: Forcing endless battles is banned
|rule|HP Percentage Mod: HP is shown in percentages
|rule|Dynamax Clause: You cannot dynamax
|clearpoke
|poke|p1|Slowking, M|
|poke|p1|Mamoswine, M|
|poke|p1|Mandibuzz, F|
|poke|p1|Thundurus-Therian, M|
|poke|p1|Keldeo-Resolute|
|poke|p1|Cobalion|
|poke|p2|Hatterene, F|
|poke|p2|Cresselia, F|
|poke|p2|Porygon2|
|poke|p2|Torkoal, F|
|poke|p2|Marowak-Alola, F|
|poke|p2|Stakataka|
|teampreview
|inactive|Battle timer is ON: inactive players will automatically lose when time's up. (requested by kolom)
|
|t:|1651916205
|start
|switch|p1a: Keldeo|Keldeo-Resolute|100/100
|switch|p2a: Cresselia|Cresselia, F|100/100
|turn|1
|
|t:|1651916211
|move|p1a: Keldeo|Scald|p2a: Cresselia
|-damage|p2a: Cresselia|61/100
|-status|p2a: Cresselia|brn
|move|p2a: Cresselia|Trick Room|p2a: Cresselia
|-fieldstart|move: Trick Room|[of] p2a: Cresselia
|
|-damage|p2a: Cresselia|55/100 brn|[from] brn
|upkeep
|turn|2
|
|t:|1651916216
|switch|p1a: Mandibuzz|Mandibuzz, F|100/100
|move|p2a: Cresselia|Lunar Dance|p2a: Cresselia
|faint|p2a: Cresselia
|
|upkeep
|
|t:|1651916219
|switch|p2a: Torkoal|Torkoal, F|100/100
|-weather|SunnyDay|[from] ability: Drought|[of] p2a: Torkoal
|turn|3
|
|t:|1651916234
|move|p2a: Torkoal|Eruption|p1a: Mandibuzz
|-damage|p1a: Mandibuzz|5/100
|move|p1a: Mandibuzz|Foul Play|p2a: Torkoal
|-crit|p2a: Torkoal
|-damage|p2a: Torkoal|73/100
|
|-weather|SunnyDay|[upkeep]
|upkeep
|turn|4
|
|t:|1651916239
|switch|p1a: Slowking|Slowking, M|100/100
|move|p2a: Torkoal|Eruption|p1a: Slowking
|-resisted|p1a: Slowking
|-damage|p1a: Slowking|62/100
|
|-weather|SunnyDay|[upkeep]
|upkeep
|turn|5
|
|t:|1651916246
|switch|p2a: Porygon2|Porygon2, shiny|100/100
|-ability|p2a: Porygon2|Regenerator|[from] ability: Trace|[of] p1a: Slowking
|move|p1a: Slowking|Teleport|p1a: Slowking
|
|t:|1651916250
|switch|p1a: Keldeo|Keldeo-Resolute|100/100|[from]move: Teleport
|
|-weather|SunnyDay|[upkeep]
|-fieldend|move: Trick Room
|upkeep
|turn|6
|
|t:|1651916260
|switch|p2a: Marowak|Marowak-Alola, F|100/100
|move|p1a: Keldeo|Hydro Pump|p2a: Marowak
|-supereffective|p2a: Marowak
|-damage|p2a: Marowak|2/100
|
|-weather|SunnyDay|[upkeep]
|upkeep
|turn|7
|
|t:|1651916272
|switch|p2a: Porygon2|Porygon2, shiny|100/100
|-ability|p2a: Porygon2|Justified|[from] ability: Trace|[of] p1a: Keldeo
|move|p1a: Keldeo|Hydro Pump|p2a: Porygon2
|-damage|p2a: Porygon2|82/100
|
|-weather|none
|upkeep
|turn|8
|
|t:|1651916284
|switch|p1a: Mandibuzz|Mandibuzz, F|5/100
|move|p2a: Porygon2|Trick Room|p2a: Porygon2
|-fieldstart|move: Trick Room|[of] p2a: Porygon2
|
|upkeep
|turn|9
|
|t:|1651916288
|move|p1a: Mandibuzz|Roost|p1a: Mandibuzz
|-heal|p1a: Mandibuzz|55/100
|-singleturn|p1a: Mandibuzz|move: Roost
|move|p2a: Porygon2|Teleport|p2a: Porygon2
|
|t:|1651916293
|switch|p2a: Marowak|Marowak-Alola, F|2/100|[from]move: Teleport
|-heal|p2a: Marowak|100/100|[from] move: Lunar Dance
|
|upkeep
|turn|10
|
|t:|1651916302
|switch|p1a: Slowking|Slowking, M|96/100
|move|p2a: Marowak|Flare Blitz|p1a: Slowking
|-resisted|p1a: Slowking
|-damage|p1a: Slowking|62/100
|
|upkeep
|turn|11
|
|t:|1651916308
|switch|p1a: Mandibuzz|Mandibuzz, F|55/100
|move|p2a: Marowak|Poltergeist|p1a: Mandibuzz
|-activate|p1a: Mandibuzz|move: Poltergeist|Heavy-Duty Boots
|-resisted|p1a: Mandibuzz
|-damage|p1a: Mandibuzz|27/100
|
|upkeep
|turn|12
|
|t:|1651916314
|move|p2a: Marowak|Poltergeist|p1a: Mandibuzz
|-activate|p1a: Mandibuzz|move: Poltergeist|Heavy-Duty Boots
|-resisted|p1a: Mandibuzz
|-damage|p1a: Mandibuzz|0 fnt
|faint|p1a: Mandibuzz
|
|-fieldend|move: Trick Room
|upkeep
|
|t:|1651916325
|switch|p1a: Keldeo|Keldeo-Resolute|100/100
|turn|13
|
|t:|1651916331
|switch|p2a: Porygon2|Porygon2, shiny|82/100
|-ability|p2a: Porygon2|Justified|[from] ability: Trace|[of] p1a: Keldeo
|move|p1a: Keldeo|Hydro Pump|p2a: Porygon2
|-crit|p2a: Porygon2
|-damage|p2a: Porygon2|20/100
|
|upkeep
|turn|14
|
|t:|1651916339
|move|p1a: Keldeo|Hydro Pump|p2a: Porygon2|[miss]
|-miss|p1a: Keldeo|p2a: Porygon2
|move|p2a: Porygon2|Trick Room|p2a: Porygon2
|-fieldstart|move: Trick Room|[of] p2a: Porygon2
|
|upkeep
|turn|15
|
|t:|1651916348
|move|p1a: Keldeo|Hydro Pump|p2a: Porygon2
|-damage|p2a: Porygon2|0 fnt
|faint|p2a: Porygon2
|
|upkeep
|
|t:|1651916353
|switch|p2a: Marowak|Marowak-Alola, F|100/100
|turn|16
|
|t:|1651916356
|move|p2a: Marowak|Poltergeist|p1a: Keldeo
|-activate|p1a: Keldeo|move: Poltergeist|Choice Specs
|-damage|p1a: Keldeo|2/100
|move|p1a: Keldeo|Hydro Pump|p2a: Marowak|[miss]
|-miss|p1a: Keldeo|p2a: Marowak
|
|upkeep
|turn|17
|
|t:|1651916364
|move|p2a: Marowak|Flare Blitz|p1a: Keldeo
|-resisted|p1a: Keldeo
|-damage|p1a: Keldeo|0 fnt
|faint|p1a: Keldeo
|
|upkeep
|
|t:|1651916370
|switch|p1a: Cobalion|Cobalion|100/100
|turn|18
|
|t:|1651916374
|switch|p1a: Slowking|Slowking, M|95/100
|move|p2a: Marowak|Flare Blitz|p1a: Slowking
|-resisted|p1a: Slowking
|-damage|p1a: Slowking|58/100
|
|-fieldend|move: Trick Room
|upkeep
|turn|19
|
|t:|1651916384
|switch|p1a: Cobalion|Cobalion|100/100
|move|p2a: Marowak|Poltergeist|p1a: Cobalion
|-activate|p1a: Cobalion|move: Poltergeist|Leftovers
|-damage|p1a: Cobalion|26/100
|
|-heal|p1a: Cobalion|32/100|[from] item: Leftovers
|upkeep
|turn|20
|
|t:|1651916394
|move|p1a: Cobalion|Stone Edge|p2a: Marowak|[miss]
|-miss|p1a: Cobalion|p2a: Marowak
|move|p2a: Marowak|Flare Blitz|p1a: Cobalion
|-supereffective|p1a: Cobalion
|-damage|p1a: Cobalion|0 fnt
|faint|p1a: Cobalion
|
|upkeep
|
|t:|1651916397
|switch|p1a: Mamoswine|Mamoswine, M|100/100
|turn|21
|
|t:|1651916405
|switch|p2a: Torkoal|Torkoal, F|73/100
|-weather|SunnyDay|[from] ability: Drought|[of] p2a: Torkoal
|move|p1a: Mamoswine|Earthquake|p2a: Torkoal
|-supereffective|p2a: Torkoal
|-damage|p2a: Torkoal|0 fnt
|faint|p2a: Torkoal
|
|-weather|SunnyDay|[upkeep]
|upkeep
|
|t:|1651916407
|switch|p2a: Hatterene|Hatterene, F, shiny|100/100
|turn|22
|
|t:|1651916416
|move|p1a: Mamoswine|Icicle Crash|p2a: Hatterene
|-damage|p2a: Hatterene|52/100
|cant|p2a: Hatterene|flinch
|
|-weather|SunnyDay|[upkeep]
|upkeep
|turn|23
|j| Micciu20250
|
|t:|1651916419
|move|p1a: Mamoswine|Icicle Crash|p2a: Hatterene
|-damage|p2a: Hatterene|4/100
|move|p2a: Hatterene|Trick Room|p2a: Hatterene
|-fieldstart|move: Trick Room|[of] p2a: Hatterene
|
|-weather|SunnyDay|[upkeep]
|upkeep
|turn|24
|
|t:|1651916427
|move|p1a: Mamoswine|Ice Shard|p2a: Hatterene
|-damage|p2a: Hatterene|0 fnt
|faint|p2a: Hatterene
|
|-weather|SunnyDay|[upkeep]
|upkeep
|j| UULT91w Mimilucha
|
|t:|1651916429
|switch|p2a: Marowak|Marowak-Alola, F|100/100
|turn|25
|
|t:|1651916434
|switch|p1a: Thundurus|Thundurus-Therian, M|100/100
|move|p2a: Marowak|Poltergeist|p1a: Thundurus
|-activate|p1a: Thundurus|move: Poltergeist|Heavy-Duty Boots
|-damage|p1a: Thundurus|0 fnt
|faint|p1a: Thundurus
|
|-weather|none
|upkeep
|
|t:|1651916439
|switch|p1a: Mamoswine|Mamoswine, M|100/100
|turn|26
|
|t:|1651916447
|move|p2a: Marowak|Flare Blitz|p1a: Mamoswine
|-supereffective|p1a: Mamoswine
|-damage|p1a: Mamoswine|0 fnt
|faint|p1a: Mamoswine
|
|upkeep
|
|t:|1651916454
|switch|p1a: Slowking|Slowking, M|91/100
|turn|27
|
|t:|1651916461
|move|p2a: Marowak|Poltergeist|p1a: Slowking|[miss]
|-miss|p2a: Marowak|p1a: Slowking
|move|p1a: Slowking|Scald|p2a: Marowak
|-supereffective|p2a: Marowak
|-damage|p2a: Marowak|34/100
|
|-fieldend|move: Trick Room
|upkeep
|turn|28
|
|t:|1651916472
|move|p1a: Slowking|Scald|p2a: Marowak
|-supereffective|p2a: Marowak
|-damage|p2a: Marowak|0 fnt
|faint|p2a: Marowak
|
|upkeep
|
|t:|1651916474
|switch|p2a: Stakataka|Stakataka, shiny|100/100
|turn|29
|
|t:|1651916476
|move|p1a: Slowking|Scald|p2a: Stakataka
|-supereffective|p2a: Stakataka
|-damage|p2a: Stakataka|39/100
|move|p2a: Stakataka|Stone Edge|p1a: Slowking|[miss]
|-miss|p2a: Stakataka|p1a: Slowking
|
|upkeep
|turn|30
|-message|UULT91w udon forfeited.
|
|win|kolom
|raw|kolom's rating: 1489 &rarr; <strong>1512</strong><br />(+23 for winning)
|raw|UULT91w udon's rating: 1537 &rarr; <strong>1514</strong><br />(-23 for losing)
|l|☆UULT91w udon
|l| UULT91w Mimilucha
|l| Micciu20250
