|j|☆enoelr
|j|☆Appleking123
|t:|1654980452
|gametype|singles
|player|p1|enoelr|birdkeeper-gen4dp|
|player|p2|Appleking123|hiker-gen4|
|teamsize|p1|6
|teamsize|p2|6
|gen|8
|tier|[Gen 8] UU
|rule|Sleep Clause Mod: Limit one foe put to sleep
|rule|Species Clause: Limit one of each Pokémon
|rule|OHKO Clause: OHKO moves are banned
|rule|Evasion Moves Clause: Evasion moves are banned
|rule|Endless Battle Clause: Forcing endless battles is banned
|rule|HP Percentage Mod: HP is shown in percentages
|rule|Dynamax Clause: You cannot dynamax
|clearpoke
|poke|p1|Hippowdon, M|
|poke|p1|Excadrill, M|
|poke|p1|Tangrowth, M|
|poke|p1|Rotom-Wash|
|poke|p1|Salamence, M|
|poke|p1|Keldeo-Resolute|
|poke|p2|Rotom-Wash|
|poke|p2|Conkeldurr, M|
|poke|p2|Tangrowth, M|
|poke|p2|Chandelure, M|
|poke|p2|Lycanroc-Dusk, F|
|poke|p2|Chansey, F|
|teampreview
|c|☆enoelr|glhf
|c|☆Appleking123|u 2
|
|t:|1654980482
|start
|switch|p1a: Monolithia|Hippowdon, M|100/100
|switch|p2a: Washington|Rotom-Wash|100/100
|-weather|Sandstorm|[from] ability: Sand Stream|[of] p1a: Monolithia
|turn|1
|
|t:|1654980489
|switch|p1a: Clarum Somnium|Tangrowth, M|100/100
|move|p2a: Washington|Hydro Pump|p1a: Clarum Somnium
|-resisted|p1a: Clarum Somnium
|-damage|p1a: Clarum Somnium|86/100
|
|-weather|Sandstorm|[upkeep]
|-damage|p2a: Washington|94/100|[from] Sandstorm
|-damage|p1a: Clarum Somnium|79/100|[from] Sandstorm
|-heal|p2a: Washington|100/100|[from] item: Leftovers
|upkeep
|turn|2
|
|t:|1654980496
|move|p2a: Washington|Volt Switch|p1a: Clarum Somnium
|-resisted|p1a: Clarum Somnium
|-damage|p1a: Clarum Somnium|70/100
|
|t:|1654980499
|switch|p2a: Egg|Chansey, F|100/100|[from]move: Volt Switch
|move|p1a: Clarum Somnium|Knock Off|p2a: Egg
|-damage|p2a: Egg|85/100
|-enditem|p2a: Egg|Eviolite|[from] move: Knock Off|[of] p1a: Clarum Somnium
|
|-weather|Sandstorm|[upkeep]
|-damage|p2a: Egg|79/100|[from] Sandstorm
|-damage|p1a: Clarum Somnium|63/100|[from] Sandstorm
|upkeep
|turn|3
|
|t:|1654980508
|switch|p1a: Paradigm Shift|Excadrill, M|100/100
|move|p2a: Egg|Teleport|p2a: Egg
|
|t:|1654980515
|switch|p2a: Washington|Rotom-Wash|100/100|[from]move: Teleport
|
|-weather|Sandstorm|[upkeep]
|-damage|p2a: Washington|94/100|[from] Sandstorm
|-heal|p2a: Washington|100/100|[from] item: Leftovers
|upkeep
|turn|4
|
|t:|1654980521
|switch|p1a: Clarum Somnium|Tangrowth, M|97/100
|move|p2a: Washington|Volt Switch|p1a: Clarum Somnium
|-resisted|p1a: Clarum Somnium
|-damage|p1a: Clarum Somnium|88/100
|
|t:|1654980523
|switch|p2a: L A M P|Chandelure, M|100/100|[from]move: Volt Switch
|
|-weather|Sandstorm|[upkeep]
|-damage|p2a: L A M P|94/100|[from] Sandstorm
|-damage|p1a: Clarum Somnium|82/100|[from] Sandstorm
|upkeep
|turn|5
|
|t:|1654980530
|switch|p1a: Fractal Dreamers|Rotom-Wash|100/100
|move|p2a: L A M P|Fire Blast|p1a: Fractal Dreamers
|-resisted|p1a: Fractal Dreamers
|-damage|p1a: Fractal Dreamers|71/100
|
|-weather|none
|-heal|p1a: Fractal Dreamers|77/100|[from] item: Leftovers
|upkeep
|turn|6
|
|t:|1654980548
|switch|p2a: Spaghet|Tangrowth, M|100/100
|move|p1a: Fractal Dreamers|Volt Switch|p2a: Spaghet
|-resisted|p2a: Spaghet
|-damage|p2a: Spaghet|83/100
|
|t:|1654980576
|switch|p1a: Fortuna Redux|Salamence, M|100/100|[from]move: Volt Switch
|-ability|p1a: Fortuna Redux|Intimidate|boost
|-unboost|p2a: Spaghet|atk|1
|
|upkeep
|turn|7
|
|t:|1654980590
|switch|p2a: Egg|Chansey, F|79/100
|move|p1a: Fortuna Redux|Hurricane|p2a: Egg
|-damage|p2a: Egg|57/100
|-start|p2a: Egg|confusion
|
|upkeep
|turn|8
|
|t:|1654980593
|switch|p1a: Infinity Chasers|Keldeo-Resolute|100/100
|-activate|p2a: Egg|confusion
|move|p2a: Egg|Teleport|p2a: Egg
|
|t:|1654980599
|switch|p2a: Washington|Rotom-Wash|100/100|[from]move: Teleport
|
|upkeep
|turn|9
|
|t:|1654980603
|switch|p1a: Clarum Somnium|Tangrowth, M|100/100
|move|p2a: Washington|Volt Switch|p1a: Clarum Somnium
|-resisted|p1a: Clarum Somnium
|-damage|p1a: Clarum Somnium|92/100
|
|t:|1654980605
|switch|p2a: L A M P|Chandelure, M|94/100|[from]move: Volt Switch
|
|upkeep
|turn|10
|
|t:|1654980616
|switch|p1a: Monolithia|Hippowdon, M|100/100
|-weather|Sandstorm|[from] ability: Sand Stream|[of] p1a: Monolithia
|move|p2a: L A M P|Shadow Ball|p1a: Monolithia
|-damage|p1a: Monolithia|62/100
|-unboost|p1a: Monolithia|spd|1
|
|-weather|Sandstorm|[upkeep]
|-damage|p2a: L A M P|88/100|[from] Sandstorm
|upkeep
|turn|11
|
|t:|1654980625
|move|p2a: L A M P|Shadow Ball|p1a: Monolithia
|-damage|p1a: Monolithia|3/100
|move|p1a: Monolithia|Earthquake|p2a: L A M P
|-supereffective|p2a: L A M P
|-damage|p2a: L A M P|0 fnt
|faint|p2a: L A M P
|
|-weather|Sandstorm|[upkeep]
|upkeep
|
|t:|1654980629
|switch|p2a: Bonk!|Conkeldurr, M|100/100
|turn|12
|
|t:|1654980637
|switch|p1a: Fortuna Redux|Salamence, M|100/100
|-ability|p1a: Fortuna Redux|Intimidate|boost
|-unboost|p2a: Bonk!|atk|1
|move|p2a: Bonk!|Knock Off|p1a: Fortuna Redux
|-damage|p1a: Fortuna Redux|68/100
|-enditem|p1a: Fortuna Redux|Heavy-Duty Boots|[from] move: Knock Off|[of] p2a: Bonk!
|
|-weather|Sandstorm|[upkeep]
|-damage|p1a: Fortuna Redux|62/100|[from] Sandstorm
|-damage|p2a: Bonk!|94/100|[from] Sandstorm
|-status|p2a: Bonk!|brn|[from] item: Flame Orb
|upkeep
|turn|13
|
|t:|1654980649
|switch|p1a: Paradigm Shift|Excadrill, M|100/100
|switch|p2a: Egg|Chansey, F|57/100
|
|-weather|Sandstorm|[upkeep]
|-damage|p2a: Egg|51/100|[from] Sandstorm
|upkeep
|turn|14
|
|t:|1654980685
|switch|p2a: Washington|Rotom-Wash|100/100
|move|p1a: Paradigm Shift|Earthquake|p2a: Washington
|-immune|p2a: Washington|[from] ability: Levitate
|
|-weather|none
|upkeep
|turn|15
|
|t:|1654980694
|switch|p1a: Clarum Somnium|Tangrowth, M|100/100
|move|p2a: Washington|Volt Switch|p1a: Clarum Somnium
|-resisted|p1a: Clarum Somnium
|-damage|p1a: Clarum Somnium|92/100
|
|t:|1654980701
|switch|p2a: Bonk!|Conkeldurr, M|94/100 brn|[from]move: Volt Switch
|
|-damage|p2a: Bonk!|88/100 brn|[from] brn
|upkeep
|turn|16
|
|t:|1654980726
|move|p2a: Bonk!|Knock Off|p1a: Clarum Somnium
|-damage|p1a: Clarum Somnium|54/100
|-enditem|p1a: Clarum Somnium|Assault Vest|[from] move: Knock Off|[of] p2a: Bonk!
|move|p1a: Clarum Somnium|Power Whip|p2a: Bonk!
|-damage|p2a: Bonk!|52/100 brn
|
|-damage|p2a: Bonk!|46/100 brn|[from] brn
|upkeep
|turn|17
|
|t:|1654980733
|switch|p1a: Fortuna Redux|Salamence, M|62/100
|-ability|p1a: Fortuna Redux|Intimidate|boost
|-unboost|p2a: Bonk!|atk|1
|move|p2a: Bonk!|Drain Punch|p1a: Fortuna Redux
|-resisted|p1a: Fortuna Redux
|-damage|p1a: Fortuna Redux|33/100
|-heal|p2a: Bonk!|57/100 brn|[from] drain|[of] p1a: Fortuna Redux
|
|-damage|p2a: Bonk!|51/100 brn|[from] brn
|upkeep
|turn|18
|
|t:|1654980739
|switch|p2a: Egg|Chansey, F|51/100
|move|p1a: Fortuna Redux|Draco Meteor|p2a: Egg
|-damage|p2a: Egg|25/100
|-unboost|p1a: Fortuna Redux|spa|2
|
|upkeep
|turn|19
|
|t:|1654980741
|switch|p1a: Monolithia|Hippowdon, M|3/100
|-weather|Sandstorm|[from] ability: Sand Stream|[of] p1a: Monolithia
|move|p2a: Egg|Soft-Boiled|p2a: Egg
|-heal|p2a: Egg|75/100
|
|-weather|Sandstorm|[upkeep]
|-damage|p2a: Egg|69/100|[from] Sandstorm
|upkeep
|turn|20
|
|t:|1654980750
|move|p2a: Egg|Seismic Toss|p1a: Monolithia
|-damage|p1a: Monolithia|0 fnt
|-damage|p2a: Egg|52/100|[from] item: Rocky Helmet|[of] p1a: Monolithia
|faint|p1a: Monolithia
|
|-weather|Sandstorm|[upkeep]
|-damage|p2a: Egg|46/100|[from] Sandstorm
|upkeep
|c|☆enoelr|oh thats faster lol
|c|☆Appleking123|yeah
|
|t:|1654980767
|switch|p1a: Infinity Chasers|Keldeo-Resolute|100/100
|turn|21
|c|☆Appleking123|only a little bit
|
|t:|1654980775
|switch|p2a: Washington|Rotom-Wash|100/100
|move|p1a: Infinity Chasers|Secret Sword|p2a: Washington
|-damage|p2a: Washington|28/100
|
|-weather|Sandstorm|[upkeep]
|-damage|p1a: Infinity Chasers|94/100|[from] Sandstorm
|-damage|p2a: Washington|22/100|[from] Sandstorm
|-heal|p2a: Washington|28/100|[from] item: Leftovers
|upkeep
|turn|22
|
|t:|1654980779
|switch|p2a: Spaghet|Tangrowth, M|100/100
|move|p1a: Infinity Chasers|Secret Sword|p2a: Spaghet
|-crit|p2a: Spaghet
|-damage|p2a: Spaghet|45/100
|
|-weather|Sandstorm|[upkeep]
|-damage|p1a: Infinity Chasers|88/100|[from] Sandstorm
|-damage|p2a: Spaghet|39/100|[from] Sandstorm
|upkeep
|turn|23
|
|t:|1654980786
|switch|p2a: Washington|Rotom-Wash|28/100
|move|p1a: Infinity Chasers|Secret Sword|p2a: Washington
|-damage|p2a: Washington|0 fnt
|faint|p2a: Washington
|
|-weather|none
|upkeep
|
|t:|1654980792
|switch|p2a: Spaghet|Tangrowth, M|72/100
|turn|24
|
|t:|1654980796
|switch|p1a: Clarum Somnium|Tangrowth, M|87/100
|move|p2a: Spaghet|Sludge Bomb|p1a: Clarum Somnium
|-supereffective|p1a: Clarum Somnium
|-damage|p1a: Clarum Somnium|35/100
|
|upkeep
|turn|25
|
|t:|1654980816
|switch|p1a: Paradigm Shift|Excadrill, M|100/100
|move|p2a: Spaghet|Sludge Bomb|p1a: Paradigm Shift
|-immune|p1a: Paradigm Shift
|
|upkeep
|turn|26
|
|t:|1654980820
|move|p1a: Paradigm Shift|Swords Dance|p1a: Paradigm Shift
|-boost|p1a: Paradigm Shift|atk|2
|move|p2a: Spaghet|Giga Drain|p1a: Paradigm Shift
|-damage|p1a: Paradigm Shift|60/100
|-heal|p2a: Spaghet|91/100|[from] drain|[of] p1a: Paradigm Shift
|
|-heal|p1a: Paradigm Shift|66/100|[from] item: Leftovers
|upkeep
|turn|27
|
|t:|1654980838
|move|p1a: Paradigm Shift|Iron Head|p2a: Spaghet
|-damage|p2a: Spaghet|43/100
|-damage|p1a: Paradigm Shift|49/100|[from] item: Rocky Helmet|[of] p2a: Spaghet
|cant|p2a: Spaghet|flinch
|
|-heal|p1a: Paradigm Shift|55/100|[from] item: Leftovers
|upkeep
|turn|28
|
|t:|1654980845
|switch|p2a: Egg|Chansey, F|46/100
|move|p1a: Paradigm Shift|Iron Head|p2a: Egg
|-damage|p2a: Egg|0 fnt
|faint|p2a: Egg
|
|-heal|p1a: Paradigm Shift|61/100|[from] item: Leftovers
|upkeep
|
|t:|1654980846
|switch|p2a: Bonk!|Conkeldurr, M|51/100 brn
|turn|29
|
|t:|1654980858
|switch|p1a: Fortuna Redux|Salamence, M|33/100
|-ability|p1a: Fortuna Redux|Intimidate|boost
|-unboost|p2a: Bonk!|atk|1
|move|p2a: Bonk!|Mach Punch|p1a: Fortuna Redux
|-resisted|p1a: Fortuna Redux
|-damage|p1a: Fortuna Redux|19/100
|
|-damage|p2a: Bonk!|45/100 brn|[from] brn
|upkeep
|turn|30
|
|t:|1654980864
|move|p1a: Fortuna Redux|Draco Meteor|p2a: Bonk!
|-damage|p2a: Bonk!|0 fnt
|-unboost|p1a: Fortuna Redux|spa|2
|faint|p2a: Bonk!
|
|upkeep
|
|t:|1654980865
|switch|p2a: Bork|Lycanroc-Dusk, F|100/100
|turn|31
|
|t:|1654980875
|switch|p1a: Paradigm Shift|Excadrill, M|61/100
|move|p2a: Bork|Stone Edge|p1a: Paradigm Shift
|-resisted|p1a: Paradigm Shift
|-crit|p1a: Paradigm Shift
|-damage|p1a: Paradigm Shift|29/100
|-damage|p2a: Bork|91/100|[from] item: Life Orb
|
|-heal|p1a: Paradigm Shift|35/100|[from] item: Leftovers
|upkeep
|turn|32
|
|t:|1654980880
|move|p2a: Bork|Close Combat|p1a: Paradigm Shift
|-supereffective|p1a: Paradigm Shift
|-damage|p1a: Paradigm Shift|0 fnt
|-unboost|p2a: Bork|def|1
|-unboost|p2a: Bork|spd|1
|faint|p1a: Paradigm Shift
|-damage|p2a: Bork|81/100|[from] item: Life Orb
|
|upkeep
|
|t:|1654980892
|switch|p1a: Fractal Dreamers|Rotom-Wash|77/100
|turn|33
|
|t:|1654980894
|switch|p2a: Spaghet|Tangrowth, M|76/100
|move|p1a: Fractal Dreamers|Volt Switch|p2a: Spaghet
|-resisted|p2a: Spaghet
|-damage|p2a: Spaghet|57/100
|
|t:|1654980898
|switch|p1a: Fortuna Redux|Salamence, M|19/100|[from]move: Volt Switch
|-ability|p1a: Fortuna Redux|Intimidate|boost
|-unboost|p2a: Spaghet|atk|1
|
|upkeep
|turn|34
|
|t:|1654980908
|move|p1a: Fortuna Redux|Draco Meteor|p2a: Spaghet
|-damage|p2a: Spaghet|0 fnt
|-unboost|p1a: Fortuna Redux|spa|2
|faint|p2a: Spaghet
|
|upkeep
|
|t:|1654980910
|switch|p2a: Bork|Lycanroc-Dusk, F|81/100
|turn|35
|
|t:|1654980916
|switch|p1a: Infinity Chasers|Keldeo-Resolute|88/100
|move|p2a: Bork|Stone Edge|p1a: Infinity Chasers
|-resisted|p1a: Infinity Chasers
|-damage|p1a: Infinity Chasers|49/100
|-damage|p2a: Bork|71/100|[from] item: Life Orb
|
|upkeep
|turn|36
|
|t:|1654980919
|move|p2a: Bork|Close Combat|p1a: Infinity Chasers
|-damage|p1a: Infinity Chasers|0 fnt
|-unboost|p2a: Bork|def|1
|-unboost|p2a: Bork|spd|1
|faint|p1a: Infinity Chasers
|-damage|p2a: Bork|61/100|[from] item: Life Orb
|
|upkeep
|
|t:|1654980921
|switch|p1a: Fortuna Redux|Salamence, M|19/100
|-ability|p1a: Fortuna Redux|Intimidate|boost
|-unboost|p2a: Bork|atk|1
|turn|37
|
|t:|1654980924
|move|p2a: Bork|Accelerock|p1a: Fortuna Redux
|-supereffective|p1a: Fortuna Redux
|-damage|p1a: Fortuna Redux|0 fnt
|faint|p1a: Fortuna Redux
|-damage|p2a: Bork|51/100|[from] item: Life Orb
|
|upkeep
|
|t:|1654980928
|switch|p1a: Clarum Somnium|Tangrowth, M|68/100
|turn|38
|c|☆Appleking123|crit
|
|t:|1654980932
|move|p2a: Bork|Stone Edge|p1a: Clarum Somnium
|-damage|p1a: Clarum Somnium|41/100
|-damage|p2a: Bork|41/100|[from] item: Life Orb
|move|p1a: Clarum Somnium|Earthquake|p2a: Bork
|-supereffective|p2a: Bork
|-damage|p2a: Bork|0 fnt
|faint|p2a: Bork
|
|win|enoelr
|c|☆Appleking123|sad
|c|☆Appleking123|gg
|l|☆Appleking123
|c|☆enoelr|nice try
|c|☆enoelr|gg
