|j|☆congelateur-sama
|j|☆banana love
|t:|1633122663
|gametype|singles
|player|p1|congelateur-sama|#fcpl4raichicheurs|
|player|p2|banana love|swimmerf-gen4dp|
|teamsize|p1|6
|teamsize|p2|6
|gen|8
|tier|[Gen 8] UU
|rated|Tournament battle
|rule|Sleep Clause Mod: Limit one foe put to sleep
|rule|Species Clause: Limit one of each Pokémon
|rule|OHKO Clause: OHKO moves are banned
|rule|Evasion Moves Clause: Evasion moves are banned
|rule|Endless Battle Clause: Forcing endless battles is banned
|rule|HP Percentage Mod: HP is shown in percentages
|rule|Dynamax Clause: You cannot dynamax
|clearpoke
|poke|p1|Latias, F|
|poke|p1|Mienshao, M|
|poke|p1|Tangrowth, F|
|poke|p1|Slowking, F|
|poke|p1|Excadrill, M|
|poke|p1|Rotom-Heat|
|poke|p2|Cobalion|
|poke|p2|Latias, F|
|poke|p2|Aegislash, F|
|poke|p2|Primarina, M|
|poke|p2|Swampert, F|
|poke|p2|Amoonguss, M|
|teampreview
|j| Dunoks
|j| mienfucked
|inactive|Battle timer is ON: inactive players will automatically lose when time's up. (requested by banana love)
|
|t:|1633122728
|start
|switch|p1a: Mienshao|Mienshao, M|100/100
|switch|p2a: Latias|Latias, F|100/100
|turn|1
|j| afuyeas
|j| forestcave
|
|t:|1633122743
|switch|p1a: Slowking|Slowking, F|100/100
|move|p2a: Latias|Thunder|p1a: Slowking
|-supereffective|p1a: Slowking
|-damage|p1a: Slowking|37/100
|-damage|p2a: Latias|91/100|[from] item: Life Orb
|
|upkeep
|turn|2
|j| i might be drunk
|
|t:|1633122754
|switch|p1a: Excadrill|Excadrill, M|100/100
|-ability|p1a: Excadrill|Mold Breaker
|move|p2a: Latias|Mystical Fire|p1a: Excadrill
|-supereffective|p1a: Excadrill
|-damage|p1a: Excadrill|37/100
|-unboost|p1a: Excadrill|spa|1
|-damage|p2a: Latias|81/100|[from] item: Life Orb
|
|-heal|p1a: Excadrill|43/100|[from] item: Leftovers
|upkeep
|turn|3
|
|t:|1633122763
|move|p1a: Excadrill|Protect|p1a: Excadrill
|-singleturn|p1a: Excadrill|Protect
|move|p2a: Latias|Draco Meteor|p1a: Excadrill
|-activate|p1a: Excadrill|move: Protect
|
|-heal|p1a: Excadrill|49/100|[from] item: Leftovers
|upkeep
|turn|4
|
|t:|1633122778
|switch|p1a: Mienshao|Mienshao, M|100/100
|move|p2a: Latias|Mystical Fire|p1a: Mienshao
|-damage|p1a: Mienshao|74/100
|-unboost|p1a: Mienshao|spa|1
|-damage|p2a: Latias|71/100|[from] item: Life Orb
|
|upkeep
|turn|5
|
|t:|1633122785
|switch|p2a: Swampert|Swampert, F|100/100
|switch|p1a: Tangrowth|Tangrowth, F|100/100
|
|upkeep
|turn|6
|
|t:|1633122792
|move|p2a: Swampert|Flip Turn|p1a: Tangrowth
|-resisted|p1a: Tangrowth
|-damage|p1a: Tangrowth|93/100
|
|t:|1633122794
|switch|p2a: Amoonguss|Amoonguss, M|100/100|[from]move: Flip Turn
|move|p1a: Tangrowth|Giga Drain|p2a: Amoonguss
|-resisted|p2a: Amoonguss
|-damage|p2a: Amoonguss|94/100
|-heal|p1a: Tangrowth|97/100|[from] drain|[of] p2a: Amoonguss
|
|upkeep
|turn|7
|
|t:|1633122805
|move|p1a: Tangrowth|Knock Off|p2a: Amoonguss
|-damage|p2a: Amoonguss|77/100
|-damage|p1a: Tangrowth|80/100|[from] item: Rocky Helmet|[of] p2a: Amoonguss
|-enditem|p2a: Amoonguss|Rocky Helmet|[from] move: Knock Off|[of] p1a: Tangrowth
|move|p2a: Amoonguss|Sludge Bomb|p1a: Tangrowth
|-supereffective|p1a: Tangrowth
|-damage|p1a: Tangrowth|46/100
|-status|p1a: Tangrowth|psn
|
|-damage|p1a: Tangrowth|34/100 psn|[from] psn
|upkeep
|turn|8
|inactive|congelateur-sama has 120 seconds left.
|
|t:|1633122841
|switch|p1a: Excadrill|Excadrill, M|49/100
|-ability|p1a: Excadrill|Mold Breaker
|move|p2a: Amoonguss|Spore|p1a: Excadrill
|-status|p1a: Excadrill|slp|[from] move: Spore
|
|-heal|p1a: Excadrill|55/100 slp|[from] item: Leftovers
|upkeep
|turn|9
|inactive|congelateur-sama has 120 seconds left.
|
|t:|1633122849
|switch|p1a: Latias|Latias, F|100/100
|move|p2a: Amoonguss|Foul Play|p1a: Latias
|-supereffective|p1a: Latias
|-damage|p1a: Latias|69/100
|
|upkeep
|turn|10
|
|t:|1633122854
|switch|p2a: Primarina|Primarina, M|100/100
|move|p1a: Latias|Psychic|p2a: Primarina
|-damage|p2a: Primarina|54/100
|
|-heal|p2a: Primarina|60/100|[from] item: Leftovers
|upkeep
|turn|11
|
|t:|1633122865
|switch|p1a: Tangrowth|Tangrowth, F|67/100 psn
|switch|p2a: Latias|Latias, F|71/100
|
|-damage|p1a: Tangrowth|54/100 psn|[from] psn
|upkeep
|turn|12
|
|t:|1633122883
|move|p2a: Latias|Draco Meteor|p1a: Tangrowth
|-damage|p1a: Tangrowth|11/100 psn
|-unboost|p2a: Latias|spa|2
|-damage|p2a: Latias|61/100|[from] item: Life Orb
|move|p1a: Tangrowth|Knock Off|p2a: Latias
|-supereffective|p2a: Latias
|-damage|p2a: Latias|9/100
|-enditem|p2a: Latias|Life Orb|[from] move: Knock Off|[of] p1a: Tangrowth
|
|-damage|p1a: Tangrowth|0 fnt|[from] psn
|faint|p1a: Tangrowth
|upkeep
|j| Ithi
|
|t:|1633122894
|switch|p1a: Mienshao|Mienshao, M|100/100
|turn|13
|
|t:|1633122903
|switch|p2a: Swampert|Swampert, F|100/100
|move|p1a: Mienshao|U-turn|p2a: Swampert
|-damage|p2a: Swampert|88/100
|
|t:|1633122908
|switch|p1a: Latias|Latias, F|69/100|[from]move: U-turn
|
|-heal|p2a: Swampert|94/100|[from] item: Leftovers
|upkeep
|turn|14
|
|t:|1633122912
|move|p1a: Latias|Psychic|p2a: Swampert
|-damage|p2a: Swampert|41/100
|move|p2a: Swampert|Flip Turn|p1a: Latias
|-resisted|p1a: Latias
|-damage|p1a: Latias|56/100
|
|t:|1633122917
|switch|p2a: Aegislash|Aegislash, F|100/100|[from]move: Flip Turn
|
|upkeep
|turn|15
|
|t:|1633122930
|switch|p1a: Mienshao|Mienshao, M|100/100
|move|p2a: Aegislash|Toxic|p1a: Mienshao
|-status|p1a: Mienshao|tox
|
|-damage|p1a: Mienshao|94/100 tox|[from] psn
|upkeep
|turn|16
|
|t:|1633122936
|move|p2a: Aegislash|King's Shield|p2a: Aegislash
|-singleturn|p2a: Aegislash|Protect
|move|p1a: Mienshao|Knock Off|p2a: Aegislash
|-activate|p2a: Aegislash|move: Protect
|-unboost|p1a: Mienshao|atk|1
|
|-damage|p1a: Mienshao|82/100 tox|[from] psn
|upkeep
|turn|17
|
|t:|1633122943
|switch|p2a: Amoonguss|Amoonguss, M|100/100
|move|p1a: Mienshao|Knock Off|p2a: Amoonguss
|-damage|p2a: Amoonguss|91/100
|
|-damage|p1a: Mienshao|63/100 tox|[from] psn
|upkeep
|turn|18
|
|t:|1633122952
|move|p1a: Mienshao|U-turn|p2a: Amoonguss
|-damage|p2a: Amoonguss|82/100
|
|t:|1633122957
|switch|p1a: Slowking|Slowking, F|70/100|[from]move: U-turn
|move|p2a: Amoonguss|Sludge Bomb|p1a: Slowking
|-damage|p1a: Slowking|50/100
|
|upkeep
|turn|19
|
|t:|1633122961
|switch|p1a: Latias|Latias, F|56/100
|move|p2a: Amoonguss|Giga Drain|p1a: Latias
|-resisted|p1a: Latias
|-damage|p1a: Latias|45/100
|-heal|p2a: Amoonguss|86/100|[from] drain|[of] p1a: Latias
|
|upkeep
|turn|20
|
|t:|1633122968
|switch|p2a: Primarina|Primarina, M|60/100
|move|p1a: Latias|Psychic|p2a: Primarina
|-damage|p2a: Primarina|10/100
|
|-heal|p2a: Primarina|16/100|[from] item: Leftovers
|upkeep
|turn|21
|
|t:|1633122971
|switch|p2a: Aegislash|Aegislash, F|100/100
|move|p1a: Latias|Psychic|p2a: Aegislash
|-resisted|p2a: Aegislash
|-damage|p2a: Aegislash|74/100
|
|-heal|p2a: Aegislash|80/100|[from] item: Leftovers
|upkeep
|turn|22
|
|t:|1633122977
|switch|p1a: Mienshao|Mienshao, M|96/100 tox
|-formechange|p2a: Aegislash|Aegislash-Blade||[from] ability: Stance Change
|move|p2a: Aegislash|Shadow Ball|p1a: Mienshao
|-damage|p1a: Mienshao|49/100 tox
|
|-heal|p2a: Aegislash|86/100|[from] item: Leftovers
|-damage|p1a: Mienshao|43/100 tox|[from] psn
|upkeep
|turn|23
|j| Solar Sailor
|
|t:|1633122984
|switch|p1a: Rotom|Rotom-Heat|100/100
|-formechange|p2a: Aegislash|Aegislash||[from] ability: Stance Change
|move|p2a: Aegislash|King's Shield||[still]
|-fail|p2a: Aegislash
|
|-heal|p2a: Aegislash|92/100|[from] item: Leftovers
|upkeep
|turn|24
|
|t:|1633122990
|switch|p2a: Swampert|Swampert, F|41/100
|move|p1a: Rotom|Overheat|p2a: Swampert
|-resisted|p2a: Swampert
|-damage|p2a: Swampert|21/100
|-unboost|p1a: Rotom|spa|2
|
|-heal|p2a: Swampert|27/100|[from] item: Leftovers
|upkeep
|turn|25
|
|t:|1633122996
|move|p1a: Rotom|Toxic|p2a: Swampert
|-status|p2a: Swampert|tox
|move|p2a: Swampert|Flip Turn|p1a: Rotom
|-supereffective|p1a: Rotom
|-damage|p1a: Rotom|25/100
|
|t:|1633123003
|switch|p2a: Latias|Latias, F|9/100|[from]move: Flip Turn
|
|upkeep
|turn|26
|
|t:|1633123010
|switch|p1a: Slowking|Slowking, F|83/100
|move|p2a: Latias|Recover|p2a: Latias
|-heal|p2a: Latias|59/100
|
|upkeep
|turn|27
|
|t:|1633123020
|move|p2a: Latias|Recover|p2a: Latias
|-heal|p2a: Latias|100/100
|move|p1a: Slowking|Teleport|p1a: Slowking
|
|t:|1633123022
|switch|p1a: Mienshao|Mienshao, M|76/100 tox|[from]move: Teleport
|
|-damage|p1a: Mienshao|70/100 tox|[from] psn
|upkeep
|turn|28
|
|t:|1633123033
|switch|p2a: Amoonguss|Amoonguss, M|100/100
|move|p1a: Mienshao|U-turn|p2a: Amoonguss
|-damage|p2a: Amoonguss|86/100
|
|t:|1633123036
|switch|p1a: Rotom|Rotom-Heat|25/100|[from]move: U-turn
|
|upkeep
|turn|29
|
|t:|1633123049
|switch|p2a: Swampert|Swampert, F|27/100 tox
|move|p1a: Rotom|Overheat|p2a: Swampert
|-resisted|p2a: Swampert
|-crit|p2a: Swampert
|-damage|p2a: Swampert|0 fnt
|-unboost|p1a: Rotom|spa|2
|faint|p2a: Swampert
|
|upkeep
|
|t:|1633123055
|switch|p2a: Cobalion|Cobalion|100/100
|turn|30
|
|t:|1633123061
|switch|p1a: Slowking|Slowking, F|100/100
|move|p2a: Cobalion|Swords Dance|p2a: Cobalion
|-boost|p2a: Cobalion|atk|2
|
|upkeep
|turn|31
|
|t:|1633123066
|move|p2a: Cobalion|Megahorn|p1a: Slowking
|-supereffective|p1a: Slowking
|-damage|p1a: Slowking|0 fnt
|faint|p1a: Slowking
|-damage|p2a: Cobalion|91/100|[from] item: Life Orb
|
|upkeep
|c|☆congelateur-sama|ofc lol
|
|t:|1633123073
|switch|p1a: Latias|Latias, F|45/100
|turn|32
|
|t:|1633123079
|switch|p2a: Latias|Latias, F|100/100
|move|p1a: Latias|Psychic|p2a: Latias
|-resisted|p2a: Latias
|-damage|p2a: Latias|71/100
|
|upkeep
|turn|33
|c| Dunoks|stop rage :paz:
|
|t:|1633123085
|switch|p1a: Mienshao|Mienshao, M|100/100 tox
|switch|p2a: Cobalion|Cobalion|91/100
|
|-damage|p1a: Mienshao|94/100 tox|[from] psn
|upkeep
|turn|34
|
|t:|1633123090
|move|p2a: Cobalion|Close Combat|p1a: Mienshao
|-damage|p1a: Mienshao|0 fnt
|-unboost|p2a: Cobalion|def|1
|-unboost|p2a: Cobalion|spd|1
|faint|p1a: Mienshao
|-damage|p2a: Cobalion|81/100|[from] item: Life Orb
|
|upkeep
|
|t:|1633123097
|switch|p1a: Latias|Latias, F|45/100
|turn|35
|j| MegaTotomon
|
|t:|1633123105
|switch|p2a: Primarina|Primarina, M|16/100
|move|p1a: Latias|Mystical Fire|p2a: Primarina
|-resisted|p2a: Primarina
|-damage|p2a: Primarina|2/100
|-unboost|p2a: Primarina|spa|1
|
|-heal|p2a: Primarina|8/100|[from] item: Leftovers
|upkeep
|turn|36
|-message|congelateur-sama forfeited.
|
|win|banana love
|n|☆congelateur-sama|congelateursama
|n|☆banana love|bananalove
|n| Dunoks|dunoks
|n| mienfucked|mienfucked
|n| afuyeas|afuyeas
|n| forestcave|forestcave
|n| i might be drunk|imightbedrunk
|n| Ithi|ithi
|n| Solar Sailor|solarsailor
|n| MegaTotomon|megatotomon
|l|☆congelateur-sama
|l| afuyeas
|l| Solar Sailor
|l| MegaTotomon
|c| mienfucked|l2p
|l|☆banana love
|l| Ithi
|j|☆banana love
|player|p2|banana love|swimmerf-gen4dp
|l| mienfucked
|l|☆banana love
|player|p2|
|j| Totem skarm
|l| forestcave
|j|☆congelateur-sama
|player|p1|congelateur-sama|#fcpl4raichicheurs
|l|☆congelateur-sama
|player|p1|
|l| i might be drunk
|l| Totem skarm
