|j|☆gogole2021
|j|☆tibetan bowlz
|t:|1631915469
|gametype|singles
|player|p1|gogole2021|reporter|1327
|player|p2|tibetan bowlz|2|1416
|teamsize|p1|6
|teamsize|p2|6
|gen|8
|tier|[Gen 8] UU
|rated|
|rule|Sleep Clause Mod: Limit one foe put to sleep
|rule|Species Clause: Limit one of each Pokémon
|rule|OHKO Clause: OHKO moves are banned
|rule|Evasion Moves Clause: Evasion moves are banned
|rule|Endless Battle Clause: Forcing endless battles is banned
|rule|HP Percentage Mod: HP is shown in percentages
|rule|Dynamax Clause: You cannot dynamax
|clearpoke
|poke|p1|Zygarde-10%|
|poke|p1|Jirachi|
|poke|p1|Keldeo-Resolute|
|poke|p1|Uxie|
|poke|p1|Machamp, F|
|poke|p1|Salamence, M|
|poke|p2|Krookodile, M|
|poke|p2|Rotom-Heat|
|poke|p2|Tangrowth, F|
|poke|p2|Dragalge, F|
|poke|p2|Jirachi|
|poke|p2|Conkeldurr, M|
|teampreview
|
|t:|1631915487
|start
|switch|p1a: Keldeo|Keldeo-Resolute|100/100
|switch|p2a: Krookodile|Krookodile, M|100/100
|-ability|p2a: Krookodile|Intimidate|boost
|-unboost|p1a: Keldeo|atk|1
|turn|1
|inactive|Battle timer is ON: inactive players will automatically lose when time's up. (requested by tibetan bowlz)
|
|t:|1631915495
|switch|p2a: Dragalge|Dragalge, F|100/100
|move|p1a: Keldeo|Scald|p2a: Dragalge
|-resisted|p2a: Dragalge
|-damage|p2a: Dragalge|73/100
|-damage|p1a: Keldeo|91/100|[from] item: Life Orb
|
|-heal|p2a: Dragalge|79/100|[from] item: Black Sludge
|upkeep
|turn|2
|
|t:|1631915506
|switch|p1a: Uxie|Uxie|100/100
|move|p2a: Dragalge|Draco Meteor|p1a: Uxie
|-damage|p1a: Uxie|65/100
|-unboost|p2a: Dragalge|spa|2
|
|-heal|p1a: Uxie|71/100|[from] item: Leftovers
|-heal|p2a: Dragalge|85/100|[from] item: Black Sludge
|upkeep
|turn|3
|
|t:|1631915517
|move|p1a: Uxie|Stealth Rock|p2a: Dragalge
|-sidestart|p2: tibetan bowlz|move: Stealth Rock
|move|p2a: Dragalge|Toxic Spikes|p1a: Uxie
|-sidestart|p1: gogole2021|move: Toxic Spikes
|
|-heal|p1a: Uxie|77/100|[from] item: Leftovers
|-heal|p2a: Dragalge|91/100|[from] item: Black Sludge
|upkeep
|turn|4
|
|t:|1631915528
|switch|p1a: Salamence|Salamence, M|100/100
|-ability|p1a: Salamence|Intimidate|boost
|-unboost|p2a: Dragalge|atk|1
|move|p2a: Dragalge|Flip Turn|p1a: Salamence
|-resisted|p1a: Salamence
|-damage|p1a: Salamence|97/100
|
|t:|1631915542
|switch|p2a: Rotom|Rotom-Heat|100/100|[from]move: Flip Turn
|
|upkeep
|turn|5
|
|t:|1631915550
|move|p2a: Rotom|Volt Switch|p1a: Salamence
|-damage|p1a: Salamence|73/100
|
|t:|1631915570
|switch|p2a: Krookodile|Krookodile, M|100/100|[from]move: Volt Switch
|-damage|p2a: Krookodile|94/100|[from] Stealth Rock
|-ability|p2a: Krookodile|Intimidate|boost
|-unboost|p1a: Salamence|atk|1
|move|p1a: Salamence|Defog|p2a: Krookodile
|-unboost|p2a: Krookodile|evasion|1
|-sideend|p2: tibetan bowlz|Stealth Rock|[from] move: Defog|[of] p1a: Salamence
|-sideend|p1: gogole2021|Toxic Spikes|[from] move: Defog|[of] p1a: Salamence
|
|upkeep
|turn|6
|
|t:|1631915580
|move|p2a: Krookodile|Knock Off|p1a: Salamence
|-damage|p1a: Salamence|37/100
|-enditem|p1a: Salamence|Heavy-Duty Boots|[from] move: Knock Off|[of] p2a: Krookodile
|move|p1a: Salamence|Hurricane|p2a: Krookodile|[miss]
|-miss|p1a: Salamence|p2a: Krookodile
|
|upkeep
|turn|7
|
|t:|1631915587
|move|p2a: Krookodile|Stealth Rock|p1a: Salamence
|-sidestart|p1: gogole2021|move: Stealth Rock
|move|p1a: Salamence|Roost|p1a: Salamence
|-heal|p1a: Salamence|87/100
|-singleturn|p1a: Salamence|move: Roost
|
|upkeep
|turn|8
|
|t:|1631915594
|move|p2a: Krookodile|Taunt|p1a: Salamence
|-start|p1a: Salamence|move: Taunt
|cant|p1a: Salamence|move: Taunt|Defog
|
|upkeep
|turn|9
|
|t:|1631915599
|switch|p2a: Rotom|Rotom-Heat|100/100
|move|p1a: Salamence|Hurricane|p2a: Rotom|[miss]
|-miss|p1a: Salamence|p2a: Rotom
|
|upkeep
|turn|10
|
|t:|1631915607
|switch|p1a: Uxie|Uxie|77/100
|-damage|p1a: Uxie|65/100|[from] Stealth Rock
|move|p2a: Rotom|Volt Switch|p1a: Uxie
|-damage|p1a: Uxie|51/100
|
|t:|1631915613
|switch|p2a: Krookodile|Krookodile, M|94/100|[from]move: Volt Switch
|-ability|p2a: Krookodile|Intimidate|boost
|-unboost|p1a: Uxie|atk|1
|
|-heal|p1a: Uxie|57/100|[from] item: Leftovers
|upkeep
|turn|11
|
|t:|1631915623
|move|p2a: Krookodile|Knock Off|p1a: Uxie
|-supereffective|p1a: Uxie
|-damage|p1a: Uxie|2/100
|-enditem|p1a: Uxie|Leftovers|[from] move: Knock Off|[of] p2a: Krookodile
|move|p1a: Uxie|Trick Room|p1a: Uxie
|-fieldstart|move: Trick Room|[of] p1a: Uxie
|
|upkeep
|turn|12
|
|t:|1631915650
|move|p1a: Uxie|Stealth Rock|p2a: Krookodile
|-sidestart|p2: tibetan bowlz|move: Stealth Rock
|move|p2a: Krookodile|Knock Off|p1a: Uxie
|-supereffective|p1a: Uxie
|-damage|p1a: Uxie|0 fnt
|faint|p1a: Uxie
|
|upkeep
|
|t:|1631915656
|switch|p1a: Machamp|Machamp, F|100/100
|-damage|p1a: Machamp|94/100|[from] Stealth Rock
|turn|13
|
|t:|1631915662
|switch|p2a: Tangrowth|Tangrowth, F|100/100
|-damage|p2a: Tangrowth|88/100|[from] Stealth Rock
|move|p1a: Machamp|Close Combat|p2a: Tangrowth
|-damage|p2a: Tangrowth|41/100
|-unboost|p1a: Machamp|def|1
|-unboost|p1a: Machamp|spd|1
|
|-status|p1a: Machamp|brn|[from] item: Flame Orb
|upkeep
|turn|14
|
|t:|1631915673
|move|p1a: Machamp|Facade|p2a: Tangrowth
|-damage|p2a: Tangrowth|0 fnt
|faint|p2a: Tangrowth
|
|-damage|p1a: Machamp|88/100 brn|[from] brn
|upkeep
|
|t:|1631915679
|switch|p2a: Krookodile|Krookodile, M|94/100
|-damage|p2a: Krookodile|88/100|[from] Stealth Rock
|-ability|p2a: Krookodile|Intimidate|boost
|-unboost|p1a: Machamp|atk|1
|turn|15
|
|t:|1631915686
|switch|p2a: Dragalge|Dragalge, F|91/100
|-damage|p2a: Dragalge|79/100|[from] Stealth Rock
|move|p1a: Machamp|Close Combat|p2a: Dragalge
|-resisted|p2a: Dragalge
|-damage|p2a: Dragalge|36/100
|-unboost|p1a: Machamp|def|1
|-unboost|p1a: Machamp|spd|1
|
|-heal|p2a: Dragalge|42/100|[from] item: Black Sludge
|-damage|p1a: Machamp|82/100 brn|[from] brn
|-fieldend|move: Trick Room
|upkeep
|turn|16
|
|t:|1631915701
|move|p2a: Dragalge|Draco Meteor|p1a: Machamp|[miss]
|-miss|p2a: Dragalge|p1a: Machamp
|move|p1a: Machamp|Knock Off|p2a: Dragalge
|-damage|p2a: Dragalge|0 fnt
|-enditem|p2a: Dragalge|Black Sludge|[from] move: Knock Off|[of] p1a: Machamp
|faint|p2a: Dragalge
|
|-damage|p1a: Machamp|75/100 brn|[from] brn
|upkeep
|
|t:|1631915709
|switch|p2a: Conkeldurr|Conkeldurr, M|100/100
|-damage|p2a: Conkeldurr|95/100|[from] Stealth Rock
|turn|17
|
|t:|1631915717
|switch|p1a: Salamence|Salamence, M|87/100
|-damage|p1a: Salamence|62/100|[from] Stealth Rock
|-ability|p1a: Salamence|Intimidate|boost
|-unboost|p2a: Conkeldurr|atk|1
|move|p2a: Conkeldurr|Drain Punch|p1a: Salamence
|-resisted|p1a: Salamence
|-damage|p1a: Salamence|47/100
|-heal|p2a: Conkeldurr|100/100|[from] drain|[of] p1a: Salamence
|
|-status|p2a: Conkeldurr|brn|[from] item: Flame Orb
|upkeep
|turn|18
|
|t:|1631915731
|move|p1a: Salamence|Defog|p2a: Conkeldurr
|-unboost|p2a: Conkeldurr|evasion|1
|-sideend|p2: tibetan bowlz|Stealth Rock|[from] move: Defog|[of] p1a: Salamence
|-sideend|p1: gogole2021|Stealth Rock|[from] move: Defog|[of] p1a: Salamence
|move|p2a: Conkeldurr|Facade|p1a: Salamence
|-damage|p1a: Salamence|0 fnt
|faint|p1a: Salamence
|
|-damage|p2a: Conkeldurr|95/100 brn|[from] brn
|upkeep
|
|t:|1631915743
|switch|p1a: Keldeo|Keldeo-Resolute|91/100
|turn|19
|
|t:|1631915747
|move|p1a: Keldeo|Air Slash|p2a: Conkeldurr
|-supereffective|p2a: Conkeldurr
|-damage|p2a: Conkeldurr|11/100 brn
|-damage|p1a: Keldeo|81/100|[from] item: Life Orb
|cant|p2a: Conkeldurr|flinch
|
|-damage|p2a: Conkeldurr|5/100 brn|[from] brn
|upkeep
|turn|20
|
|t:|1631915757
|switch|p2a: Jirachi|Jirachi|100/100
|move|p1a: Keldeo|Scald|p2a: Jirachi
|-damage|p2a: Jirachi|53/100
|-damage|p1a: Keldeo|71/100|[from] item: Life Orb
|
|upkeep
|turn|21
|
|t:|1631915766
|move|p2a: Jirachi|Iron Head|p1a: Keldeo
|-resisted|p1a: Keldeo
|-damage|p1a: Keldeo|54/100
|cant|p1a: Keldeo|flinch
|
|upkeep
|turn|22
|
|t:|1631915772
|switch|p1a: Jirachi|Jirachi|100/100
|move|p2a: Jirachi|Iron Head|p1a: Jirachi
|-resisted|p1a: Jirachi
|-damage|p1a: Jirachi|89/100
|
|upkeep
|turn|23
|
|t:|1631915779
|switch|p2a: Krookodile|Krookodile, M|88/100
|-ability|p2a: Krookodile|Intimidate|boost
|-unboost|p1a: Jirachi|atk|1
|move|p1a: Jirachi|Wish|p1a: Jirachi
|
|upkeep
|turn|24
|
|t:|1631915792
|switch|p1a: Machamp|Machamp, F|75/100 brn
|move|p2a: Krookodile|Stealth Rock|p1a: Machamp
|-sidestart|p1: gogole2021|move: Stealth Rock
|
|-heal|p1a: Machamp|100/100 brn|[from] move: Wish|[wisher] Jirachi
|-damage|p1a: Machamp|94/100 brn|[from] brn
|upkeep
|turn|25
|
|t:|1631915812
|switch|p2a: Rotom|Rotom-Heat|100/100
|move|p1a: Machamp|Close Combat|p2a: Rotom
|-damage|p2a: Rotom|0 fnt
|-unboost|p1a: Machamp|def|1
|-unboost|p1a: Machamp|spd|1
|faint|p2a: Rotom
|
|-damage|p1a: Machamp|88/100 brn|[from] brn
|upkeep
|
|t:|1631915823
|switch|p2a: Jirachi|Jirachi|53/100
|turn|26
|
|t:|1631915828
|switch|p1a: Jirachi|Jirachi|89/100
|-damage|p1a: Jirachi|83/100|[from] Stealth Rock
|move|p2a: Jirachi|Iron Head|p1a: Jirachi
|-resisted|p1a: Jirachi
|-damage|p1a: Jirachi|71/100
|
|upkeep
|turn|27
|
|t:|1631915836
|switch|p2a: Krookodile|Krookodile, M|88/100
|-ability|p2a: Krookodile|Intimidate|boost
|-unboost|p1a: Jirachi|atk|1
|move|p1a: Jirachi|Wish|p1a: Jirachi
|
|upkeep
|turn|28
|
|t:|1631915844
|switch|p1a: Machamp|Machamp, F|88/100 brn
|-damage|p1a: Machamp|82/100 brn|[from] Stealth Rock
|move|p2a: Krookodile|Earthquake|p1a: Machamp
|-damage|p1a: Machamp|43/100 brn
|
|-heal|p1a: Machamp|96/100 brn|[from] move: Wish|[wisher] Jirachi
|-damage|p1a: Machamp|89/100 brn|[from] brn
|upkeep
|turn|29
|
|t:|1631915855
|move|p2a: Krookodile|Earthquake|p1a: Machamp
|-damage|p1a: Machamp|48/100 brn
|move|p1a: Machamp|Close Combat|p2a: Krookodile
|-supereffective|p2a: Krookodile
|-damage|p2a: Krookodile|0 fnt
|-unboost|p1a: Machamp|def|1
|-unboost|p1a: Machamp|spd|1
|-damage|p1a: Machamp|31/100 brn|[from] item: Rocky Helmet|[of] p2a: Krookodile
|faint|p2a: Krookodile
|
|-damage|p1a: Machamp|25/100 brn|[from] brn
|upkeep
|
|t:|1631915867
|switch|p2a: Jirachi|Jirachi|53/100
|turn|30
|
|t:|1631915871
|move|p2a: Jirachi|Healing Wish|p2a: Jirachi
|faint|p2a: Jirachi
|move|p1a: Machamp|Knock Off|p2: Jirachi|[notarget]
|-fail|p1a: Machamp
|
|-damage|p1a: Machamp|19/100 brn|[from] brn
|upkeep
|
|t:|1631915876
|switch|p2a: Conkeldurr|Conkeldurr, M|5/100 brn
|-heal|p2a: Conkeldurr|100/100|[from] move: Healing Wish
|turn|31
|
|t:|1631915881
|move|p2a: Conkeldurr|Mach Punch|p1a: Machamp
|-damage|p1a: Machamp|0 fnt
|faint|p1a: Machamp
|
|-status|p2a: Conkeldurr|brn|[from] item: Flame Orb
|upkeep
|
|t:|1631915890
|switch|p1a: Keldeo|Keldeo-Resolute|54/100
|-damage|p1a: Keldeo|48/100|[from] Stealth Rock
|turn|32
|inactive|tibetan bowlz has 120 seconds left.
|inactive|tibetan bowlz has 90 seconds left.
|
|t:|1631915952
|move|p1a: Keldeo|Air Slash|p2a: Conkeldurr
|-supereffective|p2a: Conkeldurr
|-crit|p2a: Conkeldurr
|-damage|p2a: Conkeldurr|0 fnt
|faint|p2a: Conkeldurr
|-damage|p1a: Keldeo|38/100|[from] item: Life Orb
|
|win|gogole2021
|raw|gogole2021's rating: 1327 &rarr; <strong>1352</strong><br />(+25 for winning)
|raw|tibetan bowlz's rating: 1416 &rarr; <strong>1391</strong><br />(-25 for losing)
|l|☆tibetan bowlz
|c|☆gogole2021|gg
||Ladder isn't responding, score probably updated but might not have (Request timeout).
