|j|☆DarkHorse344
|j|☆Flopciety
|t:|1667526222
|gametype|singles
|player|p1|DarkHorse344|brendan-gen3rs|1428
|player|p2|Flopciety|morty-masters2|1512
|teamsize|p1|6
|teamsize|p2|6
|gen|8
|tier|[Gen 8] UU
|rated|
|rule|Sleep Clause Mod: Limit one foe put to sleep
|rule|Species Clause: Limit one of each Pokémon
|rule|OHKO Clause: OHKO moves are banned
|rule|Evasion Items Clause: Evasion items are banned
|rule|Evasion Moves Clause: Evasion moves are banned
|rule|Endless Battle Clause: Forcing endless battles is banned
|rule|HP Percentage Mod: HP is shown in percentages
|rule|Dynamax Clause: You cannot dynamax
|clearpoke
|poke|p1|Politoed, M|
|poke|p1|Kingdra, F|
|poke|p1|Salamence, F|
|poke|p1|Amoonguss, M|
|poke|p1|Kabutops, M|
|poke|p1|Registeel|
|poke|p2|Vikavolt, F|
|poke|p2|Scizor, M|
|poke|p2|Gyarados, M|
|poke|p2|Excadrill, M|
|poke|p2|Blastoise, F|
|poke|p2|Haxorus, F|
|teampreview
|
|t:|1667526249
|start
|switch|p1a: Amoonguss|Amoonguss, M|100/100
|switch|p2a: Vikavolt|Vikavolt, F|100/100
|turn|1
|
|t:|1667526258
|move|p2a: Vikavolt|Sticky Web|p1a: Amoonguss
|-sidestart|p1: DarkHorse344|move: Sticky Web
|move|p1a: Amoonguss|Spore|p2a: Vikavolt
|-status|p2a: Vikavolt|slp|[from] move: Spore
|
|upkeep
|turn|2
|
|t:|1667526263
|switch|p2a: Scizor|Scizor, M|100/100
|switch|p1a: Salamence|Salamence, F|100/100
|-ability|p1a: Salamence|Intimidate|boost
|-unboost|p2a: Scizor|atk|1
|
|upkeep
|turn|3
|
|t:|1667526267
|switch|p2a: Blastoise|Blastoise, F|100/100
|move|p1a: Salamence|Defog|p2a: Blastoise
|-unboost|p2a: Blastoise|evasion|1
|-sideend|p1: DarkHorse344|Sticky Web|[from] move: Defog|[of] p1a: Salamence
|-enditem|p2a: Blastoise|White Herb
|-clearnegativeboost|p2a: Blastoise|[silent]
|
|upkeep
|turn|4
|
|t:|1667526279
|switch|p1a: Amoonguss|Amoonguss, M|100/100
|move|p2a: Blastoise|Shell Smash|p2a: Blastoise
|-unboost|p2a: Blastoise|def|1
|-unboost|p2a: Blastoise|spd|1
|-boost|p2a: Blastoise|atk|2
|-boost|p2a: Blastoise|spa|2
|-boost|p2a: Blastoise|spe|2
|
|upkeep
|turn|5
|
|t:|1667526287
|move|p2a: Blastoise|Ice Beam|p1a: Amoonguss
|-supereffective|p1a: Amoonguss
|-damage|p1a: Amoonguss|14/100
|-enditem|p1a: Amoonguss|Eject Button
|
|t:|1667526291
|switch|p1a: Politoed|Politoed, M|100/100
|-weather|RainDance|[from] ability: Drizzle|[of] p1a: Politoed
|
|-weather|RainDance|[upkeep]
|upkeep
|turn|6
|
|t:|1667526296
|move|p2a: Blastoise|Shell Smash|p2a: Blastoise
|-unboost|p2a: Blastoise|def|1
|-unboost|p2a: Blastoise|spd|1
|-boost|p2a: Blastoise|atk|2
|-boost|p2a: Blastoise|spa|2
|-boost|p2a: Blastoise|spe|2
|move|p1a: Politoed|Encore|p2a: Blastoise
|-start|p2a: Blastoise|Encore
|
|-weather|RainDance|[upkeep]
|upkeep
|turn|7
|
|t:|1667526309
|switch|p2a: Haxorus|Haxorus, F|100/100
|-ability|p2a: Haxorus|Mold Breaker
|switch|p1a: Kingdra|Kingdra, F|100/100
|
|-weather|RainDance|[upkeep]
|upkeep
|turn|8
|
|t:|1667526315
|switch|p2a: Vikavolt|Vikavolt, F|100/100 slp
|move|p1a: Kingdra|Draco Meteor|p2a: Vikavolt
|-enditem|p2a: Vikavolt|Focus Sash
|-damage|p2a: Vikavolt|1/100 slp
|-unboost|p1a: Kingdra|spa|2
|
|-weather|RainDance|[upkeep]
|upkeep
|turn|9
|
|t:|1667526330
|move|p1a: Kingdra|Draco Meteor|p2a: Vikavolt
|-damage|p2a: Vikavolt|0 fnt
|-unboost|p1a: Kingdra|spa|2
|faint|p2a: Vikavolt
|
|-weather|RainDance|[upkeep]
|upkeep
|
|t:|1667526336
|switch|p2a: Excadrill|Excadrill, M|100/100
|-ability|p2a: Excadrill|Mold Breaker
|-item|p2a: Excadrill|Air Balloon
|turn|10
|
|t:|1667526357
|switch|p1a: Salamence|Salamence, F|100/100
|-ability|p1a: Salamence|Intimidate|boost
|-unboost|p2a: Excadrill|atk|1
|move|p2a: Excadrill|Swords Dance|p2a: Excadrill
|-boost|p2a: Excadrill|atk|2
|
|-weather|RainDance|[upkeep]
|upkeep
|turn|11
|
|t:|1667526363
|move|p1a: Salamence|Hurricane|p2a: Excadrill
|-resisted|p2a: Excadrill
|-damage|p2a: Excadrill|75/100
|-start|p2a: Excadrill|confusion
|-enditem|p2a: Excadrill|Air Balloon
|-activate|p2a: Excadrill|confusion
|move|p2a: Excadrill|Rapid Spin|p1a: Salamence
|-damage|p1a: Salamence|73/100
|-boost|p2a: Excadrill|spe|1
|
|-weather|RainDance|[upkeep]
|upkeep
|turn|12
|
|t:|1667526370
|switch|p1a: Registeel|Registeel|100/100
|-end|p2a: Excadrill|confusion
|move|p2a: Excadrill|Swords Dance|p2a: Excadrill
|-boost|p2a: Excadrill|atk|2
|
|-weather|none
|upkeep
|turn|13
|
|t:|1667526374
|move|p2a: Excadrill|Earthquake|p1a: Registeel
|-supereffective|p1a: Registeel
|-damage|p1a: Registeel|0 fnt
|faint|p1a: Registeel
|
|upkeep
|
|t:|1667526379
|switch|p1a: Politoed|Politoed, M|100/100
|-weather|RainDance|[from] ability: Drizzle|[of] p1a: Politoed
|turn|14
|
|t:|1667526393
|move|p2a: Excadrill|Earthquake|p1a: Politoed
|-damage|p1a: Politoed|0 fnt
|faint|p1a: Politoed
|
|-weather|RainDance|[upkeep]
|upkeep
|
|t:|1667526403
|switch|p1a: Kingdra|Kingdra, F|100/100
|turn|15
|
|t:|1667526409
|move|p1a: Kingdra|Surf|p2a: Excadrill
|-supereffective|p2a: Excadrill
|-damage|p2a: Excadrill|0 fnt
|faint|p2a: Excadrill
|
|-weather|RainDance|[upkeep]
|upkeep
|
|t:|1667526411
|switch|p2a: Blastoise|Blastoise, F|100/100
|turn|16
|
|t:|1667526415
|move|p1a: Kingdra|Surf|p2a: Blastoise
|-resisted|p2a: Blastoise
|-damage|p2a: Blastoise|53/100
|move|p2a: Blastoise|Shell Smash|p2a: Blastoise
|-unboost|p2a: Blastoise|def|1
|-unboost|p2a: Blastoise|spd|1
|-boost|p2a: Blastoise|atk|2
|-boost|p2a: Blastoise|spa|2
|-boost|p2a: Blastoise|spe|2
|
|-weather|RainDance|[upkeep]
|upkeep
|turn|17
|
|t:|1667526418
|move|p1a: Kingdra|Surf|p2a: Blastoise
|-resisted|p2a: Blastoise
|-damage|p2a: Blastoise|0 fnt
|faint|p2a: Blastoise
|
|-weather|RainDance|[upkeep]
|upkeep
|
|t:|1667526421
|switch|p2a: Gyarados|Gyarados, M|100/100
|turn|18
|
|t:|1667526423
|move|p1a: Kingdra|Surf|p2a: Gyarados
|-resisted|p2a: Gyarados
|-damage|p2a: Gyarados|50/100
|move|p2a: Gyarados|Power Whip|p1a: Kingdra
|-damage|p1a: Kingdra|50/100
|
|-weather|RainDance|[upkeep]
|upkeep
|turn|19
|
|t:|1667526429
|move|p1a: Kingdra|Surf|p2a: Gyarados
|-resisted|p2a: Gyarados
|-damage|p2a: Gyarados|0 fnt
|faint|p2a: Gyarados
|
|-weather|RainDance|[upkeep]
|upkeep
|
|t:|1667526431
|switch|p2a: Haxorus|Haxorus, F|100/100
|-ability|p2a: Haxorus|Mold Breaker
|turn|20
|
|t:|1667526434
|move|p1a: Kingdra|Surf|p2a: Haxorus
|-resisted|p2a: Haxorus
|-damage|p2a: Haxorus|33/100
|move|p2a: Haxorus|Scale Shot|p1a: Kingdra
|-supereffective|p1a: Kingdra
|-damage|p1a: Kingdra|13/100
|-supereffective|p1a: Kingdra
|-damage|p1a: Kingdra|0 fnt
|faint|p1a: Kingdra
|-hitcount|p1: Kingdra|2
|-unboost|p2a: Haxorus|def|1
|-boost|p2a: Haxorus|spe|1
|
|-weather|RainDance|[upkeep]
|upkeep
|
|t:|1667526438
|switch|p1a: Kabutops|Kabutops, M|100/100
|turn|21
|
|t:|1667526441
|move|p1a: Kabutops|Liquidation|p2a: Haxorus
|-resisted|p2a: Haxorus
|-damage|p2a: Haxorus|0 fnt
|faint|p2a: Haxorus
|-damage|p1a: Kabutops|91/100|[from] item: Life Orb
|
|-weather|none
|upkeep
|
|t:|1667526443
|switch|p2a: Scizor|Scizor, M|100/100
|turn|22
|
|t:|1667526459
|move|p1a: Kabutops|Liquidation|p2a: Scizor
|-damage|p2a: Scizor|28/100
|-damage|p1a: Kabutops|81/100|[from] item: Life Orb
|move|p2a: Scizor|Swords Dance|p2a: Scizor
|-boost|p2a: Scizor|atk|2
|
|upkeep
|turn|23
|
|t:|1667526462
|move|p1a: Kabutops|Aqua Jet|p2a: Scizor
|-damage|p2a: Scizor|0 fnt
|faint|p2a: Scizor
|-damage|p1a: Kabutops|71/100|[from] item: Life Orb
|
|win|DarkHorse344
|raw|DarkHorse344's rating: 1400 &rarr; <strong>1426</strong><br />(+26 for winning)
|raw|Flopciety's rating: 1512 &rarr; <strong>1486</strong><br />(-26 for losing)
|l|☆Flopciety
