|j|☆Dunoks
|j|☆0000oooo0000
|inactive|Battle timer is ON: inactive players will automatically lose when time's up.
|t:|1663972652
|gametype|singles
|player|p1|Dunoks|#fcl9mighty|
|player|p2|0000oooo0000|giovanni-gen1|
|teamsize|p1|6
|teamsize|p2|6
|gen|8
|tier|[Gen 8] UU
|rated|Tournament battle
|rule|Sleep Clause Mod: Limit one foe put to sleep
|rule|Species Clause: Limit one of each Pokémon
|rule|OHKO Clause: OHKO moves are banned
|rule|Evasion Items Clause: Evasion items are banned
|rule|Evasion Moves Clause: Evasion moves are banned
|rule|Endless Battle Clause: Forcing endless battles is banned
|rule|HP Percentage Mod: HP is shown in percentages
|rule|Dynamax Clause: You cannot dynamax
|clearpoke
|poke|p1|Reuniclus, M|
|poke|p1|Primarina, F|
|poke|p1|Skarmory, M|
|poke|p1|Zygarde-10%|
|poke|p1|Amoonguss, M|
|poke|p1|Cobalion|
|poke|p2|Keldeo-Resolute|
|poke|p2|Thundurus-Therian, M|
|poke|p2|Lucario, M|
|poke|p2|Jirachi|
|poke|p2|Zarude|
|poke|p2|Politoed, F|
|teampreview
|j|*Lady Monita
|j|+Dragonillis
|
|t:|1663972668
|start
|switch|p1a: Amoonguss|Amoonguss, M|100/100
|switch|p2a: Lucario|Lucario, M|100/100
|turn|1
|
|t:|1663972673
|switch|p1a: Skarmory|Skarmory, M|100/100
|move|p2a: Lucario|Nasty Plot|p2a: Lucario
|-boost|p2a: Lucario|spa|2
|
|upkeep
|turn|2
|
|t:|1663972677
|move|p2a: Lucario|Aura Sphere|p1a: Skarmory
|-damage|p1a: Skarmory|3/100
|move|p1a: Skarmory|Body Press|p2a: Lucario
|-supereffective|p2a: Lucario
|-damage|p2a: Lucario|2/100
|
|upkeep
|turn|3
|
|t:|1663972686
|switch|p1a: Amoonguss|Amoonguss, M|100/100
|move|p2a: Lucario|Psychic|p1a: Amoonguss
|-supereffective|p1a: Amoonguss
|-damage|p1a: Amoonguss|0 fnt
|faint|p1a: Amoonguss
|
|upkeep
|
|t:|1663972689
|switch|p1a: Zygarde|Zygarde-10%|100/100
|-ability|p1a: Zygarde|Aura Break
|turn|4
|
|t:|1663972700
|move|p1a: Zygarde|Extreme Speed|p2a: Lucario
|-resisted|p2a: Lucario
|-damage|p2a: Lucario|0 fnt
|faint|p2a: Lucario
|
|upkeep
|
|t:|1663972704
|switch|p2a: Politoed|Politoed, F|100/100
|-weather|RainDance|[from] ability: Drizzle|[of] p2a: Politoed
|turn|5
|
|t:|1663972707
|switch|p1a: Primarina|Primarina, F|100/100
|move|p2a: Politoed|Scald|p1a: Primarina
|-resisted|p1a: Primarina
|-damage|p1a: Primarina|77/100
|
|-weather|RainDance|[upkeep]
|-heal|p1a: Primarina|83/100|[from] item: Leftovers
|upkeep
|turn|6
|
|t:|1663972714
|switch|p2a: Thundurus|Thundurus-Therian, M|100/100
|move|p1a: Primarina|Moonblast|p2a: Thundurus
|-crit|p2a: Thundurus
|-damage|p2a: Thundurus|16/100
|
|-weather|RainDance|[upkeep]
|-heal|p1a: Primarina|89/100|[from] item: Leftovers
|upkeep
|turn|7
|
|t:|1663972720
|switch|p1a: Zygarde|Zygarde-10%|100/100
|-ability|p1a: Zygarde|Aura Break
|move|p2a: Thundurus|Thunder|p1a: Zygarde
|-immune|p1a: Zygarde
|
|-weather|RainDance|[upkeep]
|upkeep
|turn|8
|
|t:|1663972725
|switch|p2a: Politoed|Politoed, F|100/100
|move|p1a: Zygarde|Extreme Speed|p2a: Politoed
|-damage|p2a: Politoed|62/100
|
|-weather|RainDance|[upkeep]
|upkeep
|turn|9
|
|t:|1663972728
|switch|p1a: Primarina|Primarina, F|89/100
|move|p2a: Politoed|Ice Beam|p1a: Primarina
|-resisted|p1a: Primarina
|-damage|p1a: Primarina|79/100
|
|-weather|RainDance|[upkeep]
|-heal|p1a: Primarina|85/100|[from] item: Leftovers
|upkeep
|turn|10
|
|t:|1663972734
|switch|p1a: Cobalion|Cobalion|100/100
|move|p2a: Politoed|Scald|p1a: Cobalion
|-damage|p1a: Cobalion|31/100
|
|-weather|RainDance|[upkeep]
|-heal|p1a: Cobalion|38/100|[from] item: Leftovers
|upkeep
|turn|11
|
|t:|1663972739
|move|p1a: Cobalion|Volt Switch|p2a: Politoed
|-supereffective|p2a: Politoed
|-damage|p2a: Politoed|38/100
|
|t:|1663972741
|switch|p1a: Primarina|Primarina, F|85/100|[from]move: Volt Switch
|move|p2a: Politoed|Scald|p1a: Primarina
|-resisted|p1a: Primarina
|-damage|p1a: Primarina|64/100
|
|-weather|RainDance|[upkeep]
|-heal|p1a: Primarina|70/100|[from] item: Leftovers
|upkeep
|turn|12
|
|t:|1663972743
|move|p2a: Politoed|Scald|p1a: Primarina
|-resisted|p1a: Primarina
|-damage|p1a: Primarina|49/100
|move|p1a: Primarina|Moonblast|p2a: Politoed
|-damage|p2a: Politoed|4/100
|-unboost|p2a: Politoed|spa|1
|
|-weather|none
|-heal|p1a: Primarina|55/100|[from] item: Leftovers
|upkeep
|turn|13
|
|t:|1663972751
|move|p2a: Politoed|Rest|p2a: Politoed
|-status|p2a: Politoed|slp|[from] move: Rest
|-heal|p2a: Politoed|100/100 slp|[silent]
|move|p1a: Primarina|Moonblast|p2a: Politoed
|-damage|p2a: Politoed|64/100 slp
|
|-heal|p1a: Primarina|61/100|[from] item: Leftovers
|upkeep
|turn|14
|
|t:|1663972755
|switch|p2a: Jirachi|Jirachi|100/100
|move|p1a: Primarina|Moonblast|p2a: Jirachi
|-resisted|p2a: Jirachi
|-damage|p2a: Jirachi|85/100
|
|-heal|p2a: Jirachi|91/100|[from] item: Leftovers
|-heal|p1a: Primarina|67/100|[from] item: Leftovers
|upkeep
|turn|15
|
|t:|1663972758
|switch|p1a: Cobalion|Cobalion|38/100
|move|p2a: Jirachi|Thunder Wave|p1a: Cobalion
|-status|p1a: Cobalion|par
|
|-heal|p2a: Jirachi|97/100|[from] item: Leftovers
|-heal|p1a: Cobalion|44/100 par|[from] item: Leftovers
|upkeep
|turn|16
|
|t:|1663972762
|move|p2a: Jirachi|Stealth Rock|p1a: Cobalion
|-sidestart|p1: Dunoks|move: Stealth Rock
|move|p1a: Cobalion|Stealth Rock|p2a: Jirachi
|-sidestart|p2: 0000oooo0000|move: Stealth Rock
|
|-heal|p2a: Jirachi|100/100|[from] item: Leftovers
|-heal|p1a: Cobalion|50/100 par|[from] item: Leftovers
|upkeep
|turn|17
|
|t:|1663972767
|switch|p1a: Zygarde|Zygarde-10%|100/100
|-damage|p1a: Zygarde|94/100|[from] Stealth Rock
|-ability|p1a: Zygarde|Aura Break
|move|p2a: Jirachi|U-turn|p1a: Zygarde
|-damage|p1a: Zygarde|68/100
|
|t:|1663972769
|switch|p2a: Politoed|Politoed, F|64/100 slp|[from]move: U-turn
|-damage|p2a: Politoed|52/100 slp|[from] Stealth Rock
|-weather|RainDance|[from] ability: Drizzle|[of] p2a: Politoed
|
|-weather|RainDance|[upkeep]
|upkeep
|turn|18
|
|t:|1663972772
|move|p1a: Zygarde|Thousand Arrows|p2a: Politoed
|-damage|p2a: Politoed|0 fnt
|faint|p2a: Politoed
|
|-weather|RainDance|[upkeep]
|upkeep
|
|t:|1663972775
|switch|p2a: Keldeo|Keldeo-Resolute|100/100
|-damage|p2a: Keldeo|94/100|[from] Stealth Rock
|turn|19
|
|t:|1663972781
|switch|p1a: Skarmory|Skarmory, M|3/100
|-damage|p1a: Skarmory|0 fnt|[from] Stealth Rock
|faint|p1a: Skarmory
|move|p2a: Keldeo|Hydro Pump|p1: Skarmory|[notarget]
|-fail|p2a: Keldeo
|
|-weather|RainDance|[upkeep]
|upkeep
|
|t:|1663972784
|switch|p1a: Primarina|Primarina, F|67/100
|-damage|p1a: Primarina|55/100|[from] Stealth Rock
|turn|20
|
|t:|1663972787
|switch|p2a: Jirachi|Jirachi|100/100
|-damage|p2a: Jirachi|94/100|[from] Stealth Rock
|move|p1a: Primarina|Moonblast|p2a: Jirachi
|-resisted|p2a: Jirachi
|-damage|p2a: Jirachi|78/100
|
|-weather|RainDance|[upkeep]
|-heal|p2a: Jirachi|84/100|[from] item: Leftovers
|-heal|p1a: Primarina|61/100|[from] item: Leftovers
|upkeep
|turn|21
|
|t:|1663972793
|move|p2a: Jirachi|Iron Head|p1a: Primarina
|-damage|p1a: Primarina|36/100
|cant|p1a: Primarina|flinch
|
|-weather|RainDance|[upkeep]
|-heal|p2a: Jirachi|90/100|[from] item: Leftovers
|-heal|p1a: Primarina|42/100|[from] item: Leftovers
|upkeep
|turn|22
|
|t:|1663972797
|switch|p1a: Reuniclus|Reuniclus, M|100/100
|move|p2a: Jirachi|Thunder Wave|p1a: Reuniclus
|-status|p1a: Reuniclus|par
|
|-weather|RainDance|[upkeep]
|-heal|p2a: Jirachi|97/100|[from] item: Leftovers
|upkeep
|turn|23
|
|t:|1663972810
|move|p2a: Jirachi|U-turn|p1a: Reuniclus
|-supereffective|p1a: Reuniclus
|-damage|p1a: Reuniclus|77/100 par
|
|t:|1663972812
|switch|p2a: Zarude|Zarude|100/100|[from]move: U-turn
|-damage|p2a: Zarude|88/100|[from] Stealth Rock
|cant|p1a: Reuniclus|par
|
|-weather|RainDance|[upkeep]
|-heal|p1a: Reuniclus|83/100 par|[from] item: Leftovers
|upkeep
|turn|24
|
|t:|1663972817
|switch|p1a: Cobalion|Cobalion|50/100 par
|-damage|p1a: Cobalion|47/100 par|[from] Stealth Rock
|move|p2a: Zarude|Power Whip|p1a: Cobalion
|-resisted|p1a: Cobalion
|-crit|p1a: Cobalion
|-damage|p1a: Cobalion|7/100 par
|
|-weather|none
|-heal|p1a: Cobalion|14/100 par|[from] item: Leftovers
|upkeep
|turn|25
|
|t:|1663972822
|switch|p2a: Jirachi|Jirachi|97/100
|-damage|p2a: Jirachi|90/100|[from] Stealth Rock
|move|p1a: Cobalion|Close Combat|p2a: Jirachi
|-damage|p2a: Jirachi|51/100
|-unboost|p1a: Cobalion|def|1
|-unboost|p1a: Cobalion|spd|1
|
|-heal|p2a: Jirachi|58/100|[from] item: Leftovers
|-heal|p1a: Cobalion|20/100 par|[from] item: Leftovers
|upkeep
|turn|26
|
|t:|1663972827
|switch|p1a: Zygarde|Zygarde-10%|68/100
|-damage|p1a: Zygarde|62/100|[from] Stealth Rock
|-ability|p1a: Zygarde|Aura Break
|move|p2a: Jirachi|Iron Head|p1a: Zygarde
|-damage|p1a: Zygarde|11/100
|
|-heal|p2a: Jirachi|64/100|[from] item: Leftovers
|upkeep
|turn|27
|
|t:|1663972831
|move|p1a: Zygarde|Thousand Arrows|p2a: Jirachi
|-supereffective|p2a: Jirachi
|-damage|p2a: Jirachi|0 fnt
|faint|p2a: Jirachi
|
|upkeep
|
|t:|1663972836
|switch|p2a: Zarude|Zarude|88/100
|-damage|p2a: Zarude|76/100|[from] Stealth Rock
|turn|28
|
|t:|1663972851
|switch|p1a: Cobalion|Cobalion|20/100 par
|-damage|p1a: Cobalion|17/100 par|[from] Stealth Rock
|move|p2a: Zarude|Darkest Lariat|p1a: Cobalion
|-resisted|p1a: Cobalion
|-damage|p1a: Cobalion|0 fnt
|faint|p1a: Cobalion
|
|upkeep
|
|t:|1663972854
|switch|p1a: Primarina|Primarina, F|42/100
|-damage|p1a: Primarina|30/100|[from] Stealth Rock
|turn|29
|
|t:|1663972858
|switch|p2a: Thundurus|Thundurus-Therian, M|16/100
|move|p1a: Primarina|Rest|p1a: Primarina
|-status|p1a: Primarina|slp|[from] move: Rest
|-heal|p1a: Primarina|100/100 slp|[silent]
|
|upkeep
|turn|30
|
|t:|1663972864
|move|p2a: Thundurus|Nasty Plot|p2a: Thundurus
|-boost|p2a: Thundurus|spa|2
|cant|p1a: Primarina|slp
|move|p1a: Primarina|Sleep Talk|p1a: Primarina
|move|p1a: Primarina|Rest||[from]move: Sleep Talk|[still]
|-fail|p1a: Primarina
|
|upkeep
|turn|31
|
|t:|1663972871
|switch|p1a: Reuniclus|Reuniclus, M|83/100 par
|move|p2a: Thundurus|Sludge Wave|p1a: Reuniclus
|-damage|p1a: Reuniclus|21/100 par
|
|-heal|p1a: Reuniclus|27/100 par|[from] item: Leftovers
|upkeep
|turn|32
|
|t:|1663972877
|move|p2a: Thundurus|Sludge Wave|p1a: Reuniclus
|-damage|p1a: Reuniclus|0 fnt
|faint|p1a: Reuniclus
|
|upkeep
|
|t:|1663972879
|switch|p1a: Zygarde|Zygarde-10%|11/100
|-damage|p1a: Zygarde|5/100|[from] Stealth Rock
|-ability|p1a: Zygarde|Aura Break
|turn|33
|
|t:|1663972885
|move|p1a: Zygarde|Outrage|p2a: Thundurus
|-crit|p2a: Thundurus
|-damage|p2a: Thundurus|0 fnt
|faint|p2a: Thundurus
|
|upkeep
|
|t:|1663972890
|switch|p2a: Keldeo|Keldeo-Resolute|94/100
|-damage|p2a: Keldeo|88/100|[from] Stealth Rock
|turn|34
|
|t:|1663972899
|move|p1a: Zygarde|Outrage|p2a: Keldeo|[from]lockedmove
|-damage|p2a: Keldeo|0 fnt
|faint|p2a: Keldeo
|-start|p1a: Zygarde|confusion|[fatigue]
|
|upkeep
|
|t:|1663972902
|switch|p2a: Zarude|Zarude|76/100
|-damage|p2a: Zarude|64/100|[from] Stealth Rock
|turn|35
|
|t:|1663972905
|move|p2a: Zarude|Power Whip|p1a: Zygarde
|-damage|p1a: Zygarde|0 fnt
|faint|p1a: Zygarde
|
|upkeep
|
|t:|1663972906
|switch|p1a: Primarina|Primarina, F|100/100 slp
|-damage|p1a: Primarina|88/100 slp|[from] Stealth Rock
|turn|36
|
|t:|1663972907
|move|p2a: Zarude|Power Whip|p1a: Primarina
|-supereffective|p1a: Primarina
|-damage|p1a: Primarina|0 fnt
|faint|p1a: Primarina
|
|win|0000oooo0000
|n|☆Dunoks|dunoks
|n|☆0000oooo0000|0000oooo0000
|n|*Lady Monita|ladymonita
|n|+Dragonillis|dragonillis
|l|*Lady Monita
|l|☆Dunoks
|c|☆0000oooo0000|gg
|l|☆0000oooo0000
