|j|☆ok now i see ya
|j|☆YungHands0m3
|t:|1599303601
|player|p1|ok now i see ya|brendan-gen3rs|1684
|player|p2|YungHands0m3|camper|1385
|teamsize|p1|6
|teamsize|p2|6
|gametype|singles
|gen|8
|tier|[Gen 8] UU
|rated|
|clearpoke
|poke|p1|Froslass, F|
|poke|p1|Cobalion|
|poke|p1|Mimikyu, M|
|poke|p1|Sharpedo, M|
|poke|p1|Bisharp, M|
|poke|p1|Polteageist-Antique|
|poke|p2|Slowbro, F|
|poke|p2|Chansey, F|
|poke|p2|Doublade, F|
|poke|p2|Krookodile, F|
|poke|p2|Virizion|
|poke|p2|Talonflame, F|
|rule|Sleep Clause Mod: Limit one foe put to sleep
|rule|Species Clause: Limit one of each Pokémon
|rule|OHKO Clause: OHKO moves are banned
|rule|Evasion Moves Clause: Evasion moves are banned
|rule|Endless Battle Clause: Forcing endless battles is banned
|rule|HP Percentage Mod: HP is shown in percentages
|rule|Dynamax Clause: You cannot dynamax
|teampreview
|inactive|Battle timer is ON: inactive players will automatically lose when time's up. (requested by ok now i see ya)
|
|t:|1599303611
|start
|switch|p1a: Iced Up|Froslass, F|100/100
|switch|p2a: Hot Girl Summer|Talonflame, F|100/100
|turn|1
|
|t:|1599303615
|move|p1a: Iced Up|Spikes|p2a: Hot Girl Summer
|-sidestart|p2: YungHands0m3|Spikes
|move|p2a: Hot Girl Summer|Will-O-Wisp|p1a: Iced Up|[miss]
|-miss|p2a: Hot Girl Summer|p1a: Iced Up
|
|upkeep
|turn|2
|
|t:|1599303618
|move|p1a: Iced Up|Icy Wind|p2a: Hot Girl Summer
|-damage|p2a: Hot Girl Summer|75/100
|-unboost|p2a: Hot Girl Summer|spe|1
|move|p2a: Hot Girl Summer|Flamethrower|p1a: Iced Up
|-supereffective|p1a: Iced Up
|-damage|p1a: Iced Up|21/100
|-start|p2a: Hot Girl Summer|Disable|Flamethrower|[from] ability: Cursed Body|[of] p1a: Iced Up
|
|upkeep
|turn|3
|
|t:|1599303626
|move|p1a: Iced Up|Taunt|p2a: Hot Girl Summer
|-start|p2a: Hot Girl Summer|move: Taunt
|cant|p2a: Hot Girl Summer|move: Taunt|Defog
|
|upkeep
|turn|4
|
|t:|1599303634
|switch|p2a: WAP|Doublade, F|100/100
|-damage|p2a: WAP|88/100|[from] Spikes
|move|p1a: Iced Up|Destiny Bond|p1a: Iced Up
|-singlemove|p1a: Iced Up|Destiny Bond
|
|upkeep
|turn|5
|
|t:|1599303640
|move|p1a: Iced Up|Spikes|p2a: WAP
|-sidestart|p2: YungHands0m3|Spikes
|move|p2a: WAP|Swords Dance|p2a: WAP
|-boost|p2a: WAP|atk|2
|
|upkeep
|turn|6
|
|t:|1599303651
|move|p2a: WAP|Shadow Sneak|p1a: Iced Up
|-supereffective|p1a: Iced Up
|-crit|p1a: Iced Up
|-damage|p1a: Iced Up|0 fnt
|faint|p1a: Iced Up
|
|upkeep
|
|t:|1599303655
|switch|p1a: Jaws|Sharpedo, M|100/100
|turn|7
|
|t:|1599303660
|switch|p2a: Captain Hook|Virizion|100/100
|-damage|p2a: Captain Hook|84/100|[from] Spikes
|move|p1a: Jaws|Dark Pulse|p2a: Captain Hook
|-resisted|p2a: Captain Hook
|-damage|p2a: Captain Hook|61/100
|-ability|p2a: Captain Hook|Justified|boost
|-boost|p2a: Captain Hook|atk|1
|-damage|p1a: Jaws|91/100|[from] item: Life Orb
|
|-ability|p1a: Jaws|Speed Boost|boost
|-boost|p1a: Jaws|spe|1
|upkeep
|turn|8
|
|t:|1599303687
|switch|p1a: Koba Leon|Cobalion|100/100
|move|p2a: Captain Hook|Leaf Storm|p1a: Koba Leon
|-resisted|p1a: Koba Leon
|-damage|p1a: Koba Leon|50/100
|-unboost|p2a: Captain Hook|spa|2
|-damage|p2a: Captain Hook|52/100|[from] item: Life Orb
|
|upkeep
|turn|9
|
|t:|1599303694
|move|p2a: Captain Hook|Close Combat|p1a: Koba Leon
|-supereffective|p1a: Koba Leon
|-enditem|p1a: Koba Leon|Chople Berry|[eat]
|-enditem|p1a: Koba Leon|Chople Berry|[weaken]
|-damage|p1a: Koba Leon|0 fnt
|-unboost|p2a: Captain Hook|def|1
|-unboost|p2a: Captain Hook|spd|1
|-damage|p2a: Captain Hook|42/100|[from] item: Life Orb
|faint|p1a: Koba Leon
|
|upkeep
|inactive|ok now i see ya has 120 seconds left.
|
|t:|1599303725
|switch|p1a: Spill the tea|Polteageist-Antique|100/100
|turn|10
|
|t:|1599303733
|switch|p2a: Savage|Chansey, F|100/100
|-damage|p2a: Savage|84/100|[from] Spikes
|move|p1a: Spill the tea|Shell Smash|p1a: Spill the tea
|-unboost|p1a: Spill the tea|def|1
|-unboost|p1a: Spill the tea|spd|1
|-boost|p1a: Spill the tea|atk|2
|-boost|p1a: Spill the tea|spa|2
|-boost|p1a: Spill the tea|spe|2
|
|upkeep
|turn|11
|
|t:|1599303736
|move|p1a: Spill the tea|Shell Smash|p1a: Spill the tea
|-unboost|p1a: Spill the tea|def|1
|-unboost|p1a: Spill the tea|spd|1
|-boost|p1a: Spill the tea|atk|2
|-boost|p1a: Spill the tea|spa|2
|-boost|p1a: Spill the tea|spe|2
|move|p2a: Savage|Thunder Wave|p1a: Spill the tea
|-status|p1a: Spill the tea|par
|
|upkeep
|turn|12
|
|t:|1599303740
|cant|p1a: Spill the tea|par
|move|p2a: Savage|Teleport|p2a: Savage
|
|t:|1599303747
|switch|p2a: Girls in the Hood|Krookodile, F, shiny|100/100|[from]move: Teleport
|-damage|p2a: Girls in the Hood|84/100|[from] Spikes
|-ability|p2a: Girls in the Hood|Intimidate|boost
|-unboost|p1a: Spill the tea|atk|1
|
|-heal|p2a: Girls in the Hood|90/100|[from] item: Leftovers
|upkeep
|turn|13
|
|t:|1599303753
|move|p1a: Spill the tea|Giga Drain|p2a: Girls in the Hood
|-supereffective|p2a: Girls in the Hood
|-damage|p2a: Girls in the Hood|0 fnt
|faint|p2a: Girls in the Hood
|
|upkeep
|
|t:|1599303764
|switch|p2a: WAP|Doublade, F|88/100
|-damage|p2a: WAP|71/100|[from] Spikes
|turn|14
|
|t:|1599303769
|cant|p1a: Spill the tea|par
|move|p2a: WAP|Gyro Ball|p1a: Spill the tea
|-enditem|p1a: Spill the tea|Focus Sash
|-damage|p1a: Spill the tea|1/100 par
|-ability|p1a: Spill the tea|Weak Armor|boost
|-unboost|p1a: Spill the tea|def|1
|-boost|p1a: Spill the tea|spe|2
|
|upkeep
|turn|15
|
|t:|1599303774
|switch|p1a: Guillotine|Bisharp, M|100/100
|move|p2a: WAP|Shadow Sneak|p1a: Guillotine
|-resisted|p1a: Guillotine
|-damage|p1a: Guillotine|88/100
|
|upkeep
|turn|16
|
|t:|1599303779
|switch|p2a: Hot Girl Summer|Talonflame, F|75/100
|move|p1a: Guillotine|Knock Off|p2a: Hot Girl Summer
|-damage|p2a: Hot Girl Summer|9/100
|-enditem|p2a: Hot Girl Summer|Heavy-Duty Boots|[from] move: Knock Off|[of] p1a: Guillotine
|
|upkeep
|turn|17
|
|t:|1599303789
|move|p2a: Hot Girl Summer|Roost|p2a: Hot Girl Summer
|-heal|p2a: Hot Girl Summer|59/100
|-singleturn|p2a: Hot Girl Summer|move: Roost
|move|p1a: Guillotine|Swords Dance|p1a: Guillotine
|-boost|p1a: Guillotine|atk|2
|
|upkeep
|turn|18
|
|t:|1599303796
|move|p1a: Guillotine|Sucker Punch||[still]
|-fail|p1a: Guillotine
|move|p2a: Hot Girl Summer|Will-O-Wisp|p1a: Guillotine
|-status|p1a: Guillotine|brn
|
|-damage|p1a: Guillotine|82/100 brn|[from] brn
|upkeep
|turn|19
|
|t:|1599303809
|move|p2a: Hot Girl Summer|Roost|p2a: Hot Girl Summer
|-heal|p2a: Hot Girl Summer|100/100
|-singleturn|p2a: Hot Girl Summer|move: Roost
|move|p1a: Guillotine|Knock Off|p2a: Hot Girl Summer
|-damage|p2a: Hot Girl Summer|59/100
|
|-damage|p1a: Guillotine|76/100 brn|[from] brn
|upkeep
|turn|20
|
|t:|1599303818
|switch|p1a: Spill the tea|Polteageist-Antique|1/100 par
|move|p2a: Hot Girl Summer|Flamethrower|p1a: Spill the tea
|-damage|p1a: Spill the tea|0 fnt
|faint|p1a: Spill the tea
|
|upkeep
|
|t:|1599303822
|switch|p1a: Jaws|Sharpedo, M|91/100
|turn|21
|
|t:|1599303828
|switch|p2a: Savage|Chansey, F|84/100
|-damage|p2a: Savage|67/100|[from] Spikes
|move|p1a: Jaws|Hydro Pump|p2a: Savage|[miss]
|-miss|p1a: Jaws|p2a: Savage
|
|-ability|p1a: Jaws|Speed Boost|boost
|-boost|p1a: Jaws|spe|1
|upkeep
|turn|22
|
|t:|1599303832
|switch|p1a: Guillotine|Bisharp, M|76/100 brn
|move|p2a: Savage|Thunder Wave||[still]
|-fail|p2a: Savage
|
|-damage|p1a: Guillotine|70/100 brn|[from] brn
|upkeep
|turn|23
|
|t:|1599303843
|switch|p2a: Captain Hook|Virizion|42/100
|-damage|p2a: Captain Hook|25/100|[from] Spikes
|move|p1a: Guillotine|Swords Dance|p1a: Guillotine
|-boost|p1a: Guillotine|atk|2
|
|-damage|p1a: Guillotine|64/100 brn|[from] brn
|upkeep
|turn|24
|
|t:|1599303848
|move|p2a: Captain Hook|Synthesis|p2a: Captain Hook
|-heal|p2a: Captain Hook|75/100
|move|p1a: Guillotine|Knock Off|p2a: Captain Hook
|-resisted|p2a: Captain Hook
|-damage|p2a: Captain Hook|30/100
|-ability|p2a: Captain Hook|Justified|boost
|-boost|p2a: Captain Hook|atk|1
|-enditem|p2a: Captain Hook|Life Orb|[from] move: Knock Off|[of] p1a: Guillotine
|
|-damage|p1a: Guillotine|58/100 brn|[from] brn
|upkeep
|turn|25
|
|t:|1599303857
|move|p2a: Captain Hook|Close Combat|p1a: Guillotine
|-supereffective|p1a: Guillotine
|-damage|p1a: Guillotine|0 fnt
|-unboost|p2a: Captain Hook|def|1
|-unboost|p2a: Captain Hook|spd|1
|faint|p1a: Guillotine
|
|upkeep
|
|t:|1599303869
|switch|p1a: Fears|Mimikyu, M|100/100
|turn|26
|
|t:|1599303878
|move|p1a: Fears|Shadow Sneak|p2a: Captain Hook
|-damage|p2a: Captain Hook|0 fnt
|-damage|p1a: Fears|91/100|[from] item: Life Orb
|faint|p2a: Captain Hook
|
|upkeep
|
|t:|1599303882
|switch|p2a: Hot Girl Summer|Talonflame, F|59/100
|turn|27
|
|t:|1599303885
|switch|p1a: Jaws|Sharpedo, M|91/100
|move|p2a: Hot Girl Summer|Will-O-Wisp|p1a: Jaws
|-status|p1a: Jaws|brn
|
|-damage|p1a: Jaws|84/100 brn|[from] brn
|upkeep
|turn|28
|
|t:|1599303889
|switch|p2a: Savage|Chansey, F|67/100
|-damage|p2a: Savage|51/100|[from] Spikes
|switch|p1a: Fears|Mimikyu, M|91/100
|
|upkeep
|turn|29
|
|t:|1599303896
|move|p1a: Fears|Swords Dance|p1a: Fears
|-boost|p1a: Fears|atk|2
|move|p2a: Savage|Thunder Wave|p1a: Fears
|-status|p1a: Fears|par
|
|upkeep
|turn|30
|
|t:|1599303903
|move|p1a: Fears|Play Rough|p2a: Savage
|-damage|p2a: Savage|0 fnt
|-damage|p1a: Fears|81/100 par|[from] item: Life Orb
|faint|p2a: Savage
|
|upkeep
|
|t:|1599303908
|switch|p2a: WAP|Doublade, F|71/100
|-damage|p2a: WAP|55/100|[from] Spikes
|turn|31
|
|t:|1599303921
|move|p1a: Fears|Shadow Claw|p2a: WAP
|-supereffective|p2a: WAP
|-damage|p2a: WAP|0 fnt
|-damage|p1a: Fears|71/100 par|[from] item: Life Orb
|faint|p2a: WAP
|
|upkeep
|
|t:|1599303924
|switch|p2a: Hot Girl Summer|Talonflame, F|59/100
|turn|32
|
|t:|1599303929
|move|p1a: Fears|Shadow Sneak|p2a: Hot Girl Summer
|-damage|p2a: Hot Girl Summer|12/100
|-damage|p1a: Fears|61/100 par|[from] item: Life Orb
|move|p2a: Hot Girl Summer|Flamethrower|p1a: Fears
|-activate|p1a: Fears|ability: Disguise
|-damage|p1a: Fears|61/100 par
|detailschange|p1a: Fears|Mimikyu-Busted, M
|-damage|p1a: Fears|48/100 par|[from] pokemon: Mimikyu-Busted
|
|upkeep
|turn|33
|
|t:|1599303935
|move|p1a: Fears|Shadow Sneak|p2a: Hot Girl Summer
|-damage|p2a: Hot Girl Summer|0 fnt
|-damage|p1a: Fears|38/100 par|[from] item: Life Orb
|faint|p2a: Hot Girl Summer
|
|upkeep
|-message|YungHands0m3 forfeited.
|
|win|ok now i see ya
|l|☆YungHands0m3
|raw|ok now i see ya's rating: 1684 &rarr; <strong>1690</strong><br />(+6 for winning)
|raw|YungHands0m3's rating: 1386 &rarr; <strong>1380</strong><br />(-6 for losing)
