|j|☆pokemonisfun '-'
|j|☆Eel56
|t:|1625451544
|gametype|singles
|player|p1|pokemonisfun '-'|preschooler|1714
|player|p2|Eel56|juggler|1676
|teamsize|p1|6
|teamsize|p2|6
|gen|8
|tier|[Gen 8] UU
|rated|
|rule|Sleep Clause Mod: Limit one foe put to sleep
|rule|Species Clause: Limit one of each Pokémon
|rule|OHKO Clause: OHKO moves are banned
|rule|Evasion Moves Clause: Evasion moves are banned
|rule|Endless Battle Clause: Forcing endless battles is banned
|rule|HP Percentage Mod: HP is shown in percentages
|rule|Dynamax Clause: You cannot dynamax
|clearpoke
|poke|p1|Moltres-Galar|
|poke|p1|Jirachi|
|poke|p1|Diancie|
|poke|p1|Zygarde-10%|
|poke|p1|Rotom-Wash|
|poke|p1|Amoonguss, F|
|poke|p2|Pelipper, F|
|poke|p2|Thundurus-Therian, M|
|poke|p2|Amoonguss, F|
|poke|p2|Crawdaunt, M|
|poke|p2|Kingdra, F|
|poke|p2|Barraskewda, F|
|teampreview
|
|t:|1625451559
|start
|switch|p1a: wishy washy|Rotom-Wash|100/100
|switch|p2a: Pelipper|Pelipper, F|100/100
|-weather|RainDance|[from] ability: Drizzle|[of] p2a: Pelipper
|turn|1
|
|t:|1625451566
|switch|p2a: Thundurus|Thundurus-Therian, M|100/100
|move|p1a: wishy washy|Volt Switch|p2a: Thundurus
|-immune|p2a: Thundurus|[from] ability: Volt Absorb
|
|-weather|RainDance|[upkeep]
|upkeep
|turn|2
|
|t:|1625451574
|move|p2a: Thundurus|Volt Switch|p1a: wishy washy
|-damage|p1a: wishy washy|57/100
|
|t:|1625451577
|switch|p2a: Amoonguss|Amoonguss, F|100/100|[from]move: Volt Switch
|move|p1a: wishy washy|Hydro Pump|p2a: Amoonguss
|-resisted|p2a: Amoonguss
|-damage|p2a: Amoonguss|76/100
|
|-weather|RainDance|[upkeep]
|-heal|p1a: wishy washy|63/100|[from] item: Leftovers
|upkeep
|turn|3
|
|t:|1625451586
|move|p1a: wishy washy|Volt Switch|p2a: Amoonguss
|-resisted|p2a: Amoonguss
|-crit|p2a: Amoonguss
|-damage|p2a: Amoonguss|59/100
|j| Adjective_noun
|
|t:|1625451593
|switch|p1a: moltres leches|Moltres-Galar|100/100|[from]move: Volt Switch
|move|p2a: Amoonguss|Spore|p1a: moltres leches
|-status|p1a: moltres leches|slp|[from] move: Spore
|
|-weather|RainDance|[upkeep]
|upkeep
|turn|4
|
|t:|1625451602
|switch|p2a: Barraskewda|Barraskewda, F|100/100
|cant|p1a: moltres leches|slp
|move|p1a: moltres leches|Sleep Talk|p1a: moltres leches
|move|p1a: moltres leches|Fiery Wrath|p2a: Barraskewda|[from]move: Sleep Talk
|-damage|p2a: Barraskewda|27/100
|
|-weather|RainDance|[upkeep]
|upkeep
|turn|5
|
|t:|1625451609
|switch|p1a: ramoment?|Amoonguss, F|100/100
|move|p2a: Barraskewda|Flip Turn|p1a: ramoment?
|-resisted|p1a: ramoment?
|-damage|p1a: ramoment?|75/100
|-damage|p2a: Barraskewda|11/100|[from] item: Rocky Helmet|[of] p1a: ramoment?
|
|t:|1625451615
|switch|p2a: Kingdra|Kingdra, F|100/100|[from]move: Flip Turn
|
|-weather|RainDance|[upkeep]
|upkeep
|turn|6
|
|t:|1625451627
|switch|p1a: donny p. iss on u|Jirachi|100/100
|move|p2a: Kingdra|Hurricane|p1a: donny p. iss on u
|-resisted|p1a: donny p. iss on u
|-damage|p1a: donny p. iss on u|78/100
|-start|p1a: donny p. iss on u|confusion
|
|-weather|RainDance|[upkeep]
|-heal|p1a: donny p. iss on u|85/100|[from] item: Leftovers
|upkeep
|turn|7
|
|t:|1625451636
|switch|p2a: Thundurus|Thundurus-Therian, M|100/100
|-activate|p1a: donny p. iss on u|confusion
|move|p1a: donny p. iss on u|Wish|p1a: donny p. iss on u
|
|-weather|RainDance|[upkeep]
|-heal|p1a: donny p. iss on u|91/100|[from] item: Leftovers
|upkeep
|turn|8
|
|t:|1625451642
|switch|p1a: adaam (fairy)|Diancie|100/100
|move|p2a: Thundurus|Weather Ball|p1a: adaam (fairy)
|-supereffective|p1a: adaam (fairy)
|-damage|p1a: adaam (fairy)|28/100
|
|-weather|none
|-heal|p1a: adaam (fairy)|95/100|[from] move: Wish|[wisher] donny p. iss on u
|-heal|p1a: adaam (fairy)|100/100|[from] item: Leftovers
|upkeep
|turn|9
|
|t:|1625451648
|move|p2a: Thundurus|Volt Switch|p1a: adaam (fairy)
|-damage|p1a: adaam (fairy)|75/100
|
|t:|1625451655
|switch|p2a: Pelipper|Pelipper, F|100/100|[from]move: Volt Switch
|-weather|RainDance|[from] ability: Drizzle|[of] p2a: Pelipper
|move|p1a: adaam (fairy)|Stealth Rock|p2a: Pelipper
|-sidestart|p2: Eel56|move: Stealth Rock
|
|-weather|RainDance|[upkeep]
|-heal|p1a: adaam (fairy)|81/100|[from] item: Leftovers
|upkeep
|turn|10
|
|t:|1625451664
|move|p2a: Pelipper|Scald|p1a: adaam (fairy)
|-supereffective|p1a: adaam (fairy)
|-damage|p1a: adaam (fairy)|27/100
|move|p1a: adaam (fairy)|Diamond Storm|p2a: Pelipper
|-supereffective|p2a: Pelipper
|-damage|p2a: Pelipper|48/100
|-boost|p1a: adaam (fairy)|def|2
|
|-weather|RainDance|[upkeep]
|-heal|p1a: adaam (fairy)|34/100|[from] item: Leftovers
|upkeep
|turn|11
|
|t:|1625451673
|switch|p1a: wishy washy|Rotom-Wash|63/100
|move|p2a: Pelipper|Defog|p1a: wishy washy
|-unboost|p1a: wishy washy|evasion|1
|-sideend|p2: Eel56|Stealth Rock|[from] move: Defog|[of] p2a: Pelipper
|
|-weather|RainDance|[upkeep]
|-heal|p1a: wishy washy|69/100|[from] item: Leftovers
|upkeep
|turn|12
|inactive|Battle timer is ON: inactive players will automatically lose when time's up. (requested by Eel56)
|
|t:|1625451682
|switch|p2a: Amoonguss|Amoonguss, F|92/100
|move|p1a: wishy washy|Hydro Pump|p2a: Amoonguss
|-resisted|p2a: Amoonguss
|-damage|p2a: Amoonguss|65/100
|
|-weather|RainDance|[upkeep]
|-heal|p1a: wishy washy|75/100|[from] item: Leftovers
|upkeep
|turn|13
|
|t:|1625451692
|switch|p1a: adaam (fairy)|Diancie|34/100
|switch|p2a: Thundurus|Thundurus-Therian, M|100/100
|
|-weather|RainDance|[upkeep]
|-heal|p1a: adaam (fairy)|40/100|[from] item: Leftovers
|upkeep
|turn|14
|
|t:|1625451703
|switch|p1a: ramoment?|Amoonguss, F|100/100
|move|p2a: Thundurus|Weather Ball|p1a: ramoment?
|-resisted|p1a: ramoment?
|-damage|p1a: ramoment?|74/100
|
|-weather|RainDance|[upkeep]
|upkeep
|turn|15
|
|t:|1625451708
|switch|p1a: donny p. iss on u|Jirachi|91/100
|move|p2a: Thundurus|Volt Switch|p1a: donny p. iss on u
|-damage|p1a: donny p. iss on u|56/100
|
|t:|1625451715
|switch|p2a: Barraskewda|Barraskewda, F|11/100|[from]move: Volt Switch
|
|-weather|RainDance|[upkeep]
|-heal|p1a: donny p. iss on u|63/100|[from] item: Leftovers
|upkeep
|turn|16
|
|t:|1625451722
|switch|p1a: ramoment?|Amoonguss, F|100/100
|move|p2a: Barraskewda|Psychic Fangs|p1a: ramoment?
|-supereffective|p1a: ramoment?
|-damage|p1a: ramoment?|31/100
|-damage|p2a: Barraskewda|0 fnt|[from] item: Rocky Helmet|[of] p1a: ramoment?
|faint|p2a: Barraskewda
|
|-weather|none
|upkeep
|
|t:|1625451726
|switch|p2a: Crawdaunt|Crawdaunt, M|100/100
|turn|17
|inactive|pokemonisfun '-' has 120 seconds left.
|
|t:|1625451758
|switch|p1a: adaam (fairy)|Diancie|40/100
|move|p2a: Crawdaunt|Knock Off|p1a: adaam (fairy)
|-resisted|p1a: adaam (fairy)
|-damage|p1a: adaam (fairy)|8/100
|-enditem|p1a: adaam (fairy)|Leftovers|[from] move: Knock Off|[of] p2a: Crawdaunt
|-damage|p2a: Crawdaunt|91/100|[from] item: Life Orb
|
|upkeep
|turn|18
|
|t:|1625451762
|move|p2a: Crawdaunt|Knock Off|p1a: adaam (fairy)
|-resisted|p1a: adaam (fairy)
|-damage|p1a: adaam (fairy)|0 fnt
|faint|p1a: adaam (fairy)
|-damage|p2a: Crawdaunt|81/100|[from] item: Life Orb
|
|upkeep
|
|t:|1625451767
|switch|p1a: Zygarde-10% off|Zygarde-10%|100/100
|-ability|p1a: Zygarde-10% off|Aura Break
|turn|19
|
|t:|1625451779
|switch|p2a: Pelipper|Pelipper, F|48/100
|-weather|RainDance|[from] ability: Drizzle|[of] p2a: Pelipper
|move|p1a: Zygarde-10% off|Thousand Arrows|p2a: Pelipper
|-damage|p2a: Pelipper|5/100
|-start|p2a: Pelipper|Smack Down
|
|-weather|RainDance|[upkeep]
|upkeep
|turn|20
|
|t:|1625451797
|switch|p2a: Kingdra|Kingdra, F|100/100
|move|p1a: Zygarde-10% off|Thousand Arrows|p2a: Kingdra
|-damage|p2a: Kingdra|28/100
|
|-weather|RainDance|[upkeep]
|upkeep
|turn|21
|
|t:|1625451803
|switch|p1a: ramoment?|Amoonguss, F|64/100
|move|p2a: Kingdra|Surf|p1a: ramoment?
|-resisted|p1a: ramoment?
|-damage|p1a: ramoment?|24/100
|
|-weather|RainDance|[upkeep]
|upkeep
|turn|22
|
|t:|1625451831
|switch|p1a: wishy washy|Rotom-Wash|75/100
|move|p2a: Kingdra|Surf|p1a: wishy washy
|-resisted|p1a: wishy washy
|-damage|p1a: wishy washy|29/100
|
|-weather|RainDance|[upkeep]
|-heal|p1a: wishy washy|35/100|[from] item: Leftovers
|upkeep
|turn|23
|
|t:|1625451838
|switch|p1a: ramoment?|Amoonguss, F|57/100
|move|p2a: Kingdra|Surf|p1a: ramoment?
|-resisted|p1a: ramoment?
|-damage|p1a: ramoment?|11/100
|
|-weather|RainDance|[upkeep]
|upkeep
|turn|24
|
|t:|1625451842
|switch|p1a: wishy washy|Rotom-Wash|35/100
|move|p2a: Kingdra|Surf|p1a: wishy washy
|-resisted|p1a: wishy washy
|-damage|p1a: wishy washy|0 fnt
|faint|p1a: wishy washy
|
|-weather|RainDance|[upkeep]
|upkeep
|
|t:|1625451861
|switch|p1a: Zygarde-10% off|Zygarde-10%|100/100
|-ability|p1a: Zygarde-10% off|Aura Break
|turn|25
|
|t:|1625451870
|switch|p2a: Amoonguss|Amoonguss, F|98/100
|move|p1a: Zygarde-10% off|Thousand Arrows|p2a: Amoonguss
|-damage|p2a: Amoonguss|55/100
|
|-weather|RainDance|[upkeep]
|upkeep
|turn|26
|
|t:|1625451879
|move|p1a: Zygarde-10% off|Thousand Arrows|p2a: Amoonguss
|-damage|p2a: Amoonguss|10/100
|move|p2a: Amoonguss|Giga Drain|p1a: Zygarde-10% off
|-damage|p1a: Zygarde-10% off|66/100
|-heal|p2a: Amoonguss|20/100|[from] drain|[of] p1a: Zygarde-10% off
|
|-weather|none
|upkeep
|turn|27
|j| Ilikeeggsandbread
|
|t:|1625451887
|switch|p2a: Pelipper|Pelipper, F|5/100
|-weather|RainDance|[from] ability: Drizzle|[of] p2a: Pelipper
|move|p1a: Zygarde-10% off|Thousand Arrows|p2a: Pelipper
|-damage|p2a: Pelipper|0 fnt
|faint|p2a: Pelipper
|
|-weather|RainDance|[upkeep]
|upkeep
|
|t:|1625451891
|switch|p2a: Kingdra|Kingdra, F|28/100
|turn|28
|
|t:|1625451902
|switch|p1a: ramoment?|Amoonguss, F|44/100
|move|p2a: Kingdra|Surf|p1a: ramoment?
|-resisted|p1a: ramoment?
|-damage|p1a: ramoment?|0 fnt
|faint|p1a: ramoment?
|
|-weather|RainDance|[upkeep]
|upkeep
|
|t:|1625451905
|switch|p1a: Zygarde-10% off|Zygarde-10%|66/100
|-ability|p1a: Zygarde-10% off|Aura Break
|turn|29
|
|t:|1625451919
|switch|p2a: Amoonguss|Amoonguss, F|53/100
|switch|p1a: donny p. iss on u|Jirachi|63/100
|
|-weather|RainDance|[upkeep]
|-heal|p1a: donny p. iss on u|69/100|[from] item: Leftovers
|upkeep
|turn|30
|
|t:|1625451928
|move|p1a: donny p. iss on u|Wish|p1a: donny p. iss on u
|move|p2a: Amoonguss|Foul Play|p1a: donny p. iss on u
|-supereffective|p1a: donny p. iss on u
|-damage|p1a: donny p. iss on u|29/100
|
|-weather|RainDance|[upkeep]
|-heal|p1a: donny p. iss on u|35/100|[from] item: Leftovers
|upkeep
|turn|31
|
|t:|1625451939
|switch|p2a: Kingdra|Kingdra, F|28/100
|move|p1a: donny p. iss on u|Protect||[still]
|-fail|p1a: donny p. iss on u
|
|-weather|RainDance|[upkeep]
|-heal|p1a: donny p. iss on u|85/100|[from] move: Wish|[wisher] donny p. iss on u
|-heal|p1a: donny p. iss on u|91/100|[from] item: Leftovers
|upkeep
|turn|32
|
|t:|1625451943
|move|p1a: donny p. iss on u|Protect|p1a: donny p. iss on u
|-singleturn|p1a: donny p. iss on u|Protect
|move|p2a: Kingdra|Hydro Pump|p1a: donny p. iss on u
|-activate|p1a: donny p. iss on u|move: Protect
|
|-weather|RainDance|[upkeep]
|-heal|p1a: donny p. iss on u|97/100|[from] item: Leftovers
|upkeep
|turn|33
|
|t:|1625451960
|switch|p1a: moltres leches|Moltres-Galar|100/100 slp
|move|p2a: Kingdra|Hydro Pump|p1a: moltres leches
|-damage|p1a: moltres leches|15/100 slp
|-ability|p1a: moltres leches|Berserk|boost
|-boost|p1a: moltres leches|spa|1
|
|-weather|RainDance|[upkeep]
|upkeep
|turn|34
|
|t:|1625451969
|move|p2a: Kingdra|Hydro Pump|p1a: moltres leches
|-damage|p1a: moltres leches|0 fnt
|faint|p1a: moltres leches
|
|-weather|none
|upkeep
|
|t:|1625451976
|switch|p1a: donny p. iss on u|Jirachi|97/100
|turn|35
|
|t:|1625451980
|move|p1a: donny p. iss on u|Wish|p1a: donny p. iss on u
|move|p2a: Kingdra|Hydro Pump|p1a: donny p. iss on u
|-damage|p1a: donny p. iss on u|33/100
|
|-heal|p1a: donny p. iss on u|39/100|[from] item: Leftovers
|upkeep
|turn|36
|
|t:|1625451991
|switch|p2a: Amoonguss|Amoonguss, F|86/100
|move|p1a: donny p. iss on u|Protect||[still]
|-fail|p1a: donny p. iss on u
|
|-heal|p1a: donny p. iss on u|89/100|[from] move: Wish|[wisher] donny p. iss on u
|-heal|p1a: donny p. iss on u|96/100|[from] item: Leftovers
|upkeep
|turn|37
|
|t:|1625451994
|move|p1a: donny p. iss on u|Wish|p1a: donny p. iss on u
|move|p2a: Amoonguss|Spore|p1a: donny p. iss on u
|-status|p1a: donny p. iss on u|slp|[from] move: Spore
|
|-heal|p1a: donny p. iss on u|100/100 slp|[from] item: Leftovers
|upkeep
|turn|38
|
|t:|1625451999
|switch|p1a: Zygarde-10% off|Zygarde-10%|66/100
|-ability|p1a: Zygarde-10% off|Aura Break
|move|p2a: Amoonguss|Foul Play|p1a: Zygarde-10% off
|-damage|p1a: Zygarde-10% off|18/100
|
|-heal|p1a: Zygarde-10% off|99/100|[from] move: Wish|[wisher] donny p. iss on u
|upkeep
|turn|39
|
|t:|1625452013
|move|p1a: Zygarde-10% off|Thousand Arrows|p2a: Amoonguss
|-damage|p2a: Amoonguss|46/100
|move|p2a: Amoonguss|Giga Drain|p1a: Zygarde-10% off
|-damage|p1a: Zygarde-10% off|65/100
|-heal|p2a: Amoonguss|56/100|[from] drain|[of] p1a: Zygarde-10% off
|
|upkeep
|turn|40
|
|t:|1625452024
|switch|p2a: Kingdra|Kingdra, F|28/100
|move|p1a: Zygarde-10% off|Thousand Arrows|p2a: Kingdra
|-damage|p2a: Kingdra|0 fnt
|faint|p2a: Kingdra
|
|upkeep
|
|t:|1625452027
|switch|p2a: Amoonguss|Amoonguss, F|90/100
|turn|41
|
|t:|1625452049
|move|p1a: Zygarde-10% off|Thousand Arrows|p2a: Amoonguss
|-damage|p2a: Amoonguss|50/100
|move|p2a: Amoonguss|Giga Drain|p1a: Zygarde-10% off
|-damage|p1a: Zygarde-10% off|31/100
|-heal|p2a: Amoonguss|60/100|[from] drain|[of] p1a: Zygarde-10% off
|
|upkeep
|turn|42
|
|t:|1625452066
|move|p1a: Zygarde-10% off|Thousand Arrows|p2a: Amoonguss
|-damage|p2a: Amoonguss|13/100
|move|p2a: Amoonguss|Giga Drain|p1a: Zygarde-10% off
|-damage|p1a: Zygarde-10% off|0 fnt
|-heal|p2a: Amoonguss|22/100|[from] drain|[of] p1a: Zygarde-10% off
|faint|p1a: Zygarde-10% off
|
|upkeep
|
|t:|1625452070
|switch|p1a: donny p. iss on u|Jirachi|100/100 slp
|turn|43
|
|t:|1625452074
|cant|p1a: donny p. iss on u|slp
|move|p2a: Amoonguss|Foul Play|p1a: donny p. iss on u
|-supereffective|p1a: donny p. iss on u
|-damage|p1a: donny p. iss on u|60/100 slp
|
|-heal|p1a: donny p. iss on u|67/100 slp|[from] item: Leftovers
|upkeep
|turn|44
|
|t:|1625452082
|cant|p1a: donny p. iss on u|slp
|move|p2a: Amoonguss|Foul Play|p1a: donny p. iss on u
|-supereffective|p1a: donny p. iss on u
|-damage|p1a: donny p. iss on u|28/100 slp
|
|-heal|p1a: donny p. iss on u|35/100 slp|[from] item: Leftovers
|upkeep
|turn|45
|
|t:|1625452086
|cant|p1a: donny p. iss on u|slp
|move|p2a: Amoonguss|Foul Play|p1a: donny p. iss on u
|-supereffective|p1a: donny p. iss on u
|-damage|p1a: donny p. iss on u|0 fnt
|faint|p1a: donny p. iss on u
|
|win|Eel56
|raw|pokemonisfun &apos;-&apos;'s rating: 1714 &rarr; <strong>1692</strong><br />(-22 for losing)
|raw|Eel56's rating: 1676 &rarr; <strong>1698</strong><br />(+22 for winning)
|c|☆pokemonisfun '-'|gg
|c|☆Eel56|gg
|l|☆pokemonisfun '-'
