|j|☆Exi_Dudi
|j|☆DDanley6
|t:|1667060266
|gametype|singles
|player|p1|Exi_Dudi|doctor-gen8|1401
|player|p2|DDanley6|2|1390
|teamsize|p1|6
|teamsize|p2|6
|gen|8
|tier|[Gen 8] UU
|rated|
|rule|Sleep Clause Mod: Limit one foe put to sleep
|rule|Species Clause: Limit one of each Pokémon
|rule|OHKO Clause: OHKO moves are banned
|rule|Evasion Items Clause: Evasion items are banned
|rule|Evasion Moves Clause: Evasion moves are banned
|rule|Endless Battle Clause: Forcing endless battles is banned
|rule|HP Percentage Mod: HP is shown in percentages
|rule|Dynamax Clause: You cannot dynamax
|clearpoke
|poke|p1|Celebi|
|poke|p1|Skarmory, F|
|poke|p1|Hippowdon, F|
|poke|p1|Chansey, F|
|poke|p1|Conkeldurr, F|
|poke|p1|Rotom-Wash|
|poke|p2|Crawdaunt, M|
|poke|p2|Celesteela|
|poke|p2|Excadrill, M|
|poke|p2|Thundurus-Therian, M|
|poke|p2|Swampert, M|
|poke|p2|Necrozma|
|teampreview
|inactive|Battle timer is ON: inactive players will automatically lose when time's up. (requested by Exi_Dudi)
|
|t:|1667060286
|start
|switch|p1a: Hippowdon|Hippowdon, F|100/100
|switch|p2a: Crawdaunt|Crawdaunt, M|100/100
|-weather|Sandstorm|[from] ability: Sand Stream|[of] p1a: Hippowdon
|turn|1
|
|t:|1667060294
|switch|p1a: Skarmory|Skarmory, F|100/100
|move|p2a: Crawdaunt|Knock Off|p1a: Skarmory
|-damage|p1a: Skarmory|57/100
|-damage|p2a: Crawdaunt|84/100|[from] item: Rocky Helmet|[of] p1a: Skarmory
|-enditem|p1a: Skarmory|Rocky Helmet|[from] move: Knock Off|[of] p2a: Crawdaunt
|
|-weather|Sandstorm|[upkeep]
|-damage|p2a: Crawdaunt|78/100|[from] Sandstorm
|upkeep
|turn|2
|
|t:|1667060304
|move|p2a: Crawdaunt|Crabhammer|p1a: Skarmory
|-damage|p1a: Skarmory|15/100
|move|p1a: Skarmory|Roost|p1a: Skarmory
|-heal|p1a: Skarmory|65/100
|-singleturn|p1a: Skarmory|move: Roost
|
|-weather|Sandstorm|[upkeep]
|-damage|p2a: Crawdaunt|72/100|[from] Sandstorm
|upkeep
|turn|3
|
|t:|1667060315
|switch|p2a: Thundurus|Thundurus-Therian, M|100/100
|move|p1a: Skarmory|Roost|p1a: Skarmory
|-heal|p1a: Skarmory|100/100
|-singleturn|p1a: Skarmory|move: Roost
|
|-weather|Sandstorm|[upkeep]
|-damage|p2a: Thundurus|94/100|[from] Sandstorm
|upkeep
|turn|4
|
|t:|1667060325
|switch|p1a: Hippowdon|Hippowdon, F|100/100
|move|p2a: Thundurus|Grass Knot|p1a: Hippowdon
|-supereffective|p1a: Hippowdon
|-damage|p1a: Hippowdon|23/100
|
|-weather|Sandstorm|[upkeep]
|-damage|p2a: Thundurus|88/100|[from] Sandstorm
|-heal|p1a: Hippowdon|29/100|[from] item: Leftovers
|upkeep
|turn|5
|
|t:|1667060334
|switch|p1a: Chansey|Chansey, F|100/100
|move|p2a: Thundurus|Grass Knot|p1a: Chansey
|-damage|p1a: Chansey|93/100
|
|-weather|none
|upkeep
|turn|6
|
|t:|1667060343
|switch|p2a: Excadrill|Excadrill, M|100/100
|-ability|p2a: Excadrill|Mold Breaker
|move|p1a: Chansey|Seismic Toss|p2a: Excadrill
|-damage|p2a: Excadrill|73/100
|
|upkeep
|turn|7
|
|t:|1667060354
|switch|p2a: Thundurus|Thundurus-Therian, M|88/100
|switch|p1a: Skarmory|Skarmory, F|100/100
|
|upkeep
|turn|8
|
|t:|1667060361
|switch|p1a: Celebi|Celebi|100/100
|move|p2a: Thundurus|U-turn|p1a: Celebi
|-supereffective|p1a: Celebi
|-damage|p1a: Celebi|51/100
|
|t:|1667060378
|switch|p2a: Celesteela|Celesteela|100/100|[from]move: U-turn
|
|upkeep
|turn|9
|
|t:|1667060384
|switch|p1a: Chansey|Chansey, F|93/100
|move|p2a: Celesteela|Substitute|p2a: Celesteela
|-start|p2a: Celesteela|Substitute
|-damage|p2a: Celesteela|76/100
|
|-heal|p2a: Celesteela|82/100|[from] item: Leftovers
|upkeep
|turn|10
|
|t:|1667060394
|move|p2a: Celesteela|Leech Seed|p1a: Chansey|[miss]
|-miss|p2a: Celesteela|p1a: Chansey
|move|p1a: Chansey|Seismic Toss|p2a: Celesteela
|-end|p2a: Celesteela|Substitute
|
|-heal|p2a: Celesteela|88/100|[from] item: Leftovers
|upkeep
|turn|11
|
|t:|1667060403
|move|p2a: Celesteela|Leech Seed|p1a: Chansey
|-start|p1a: Chansey|move: Leech Seed
|move|p1a: Chansey|Wish|p1a: Chansey
|
|-heal|p2a: Celesteela|94/100|[from] item: Leftovers
|-damage|p1a: Chansey|81/100|[from] Leech Seed|[of] p2a: Celesteela
|-heal|p2a: Celesteela|100/100|[silent]
|upkeep
|turn|12
|
|t:|1667060412
|switch|p1a: Celebi|Celebi|51/100
|move|p2a: Celesteela|Toxic|p1a: Celebi
|-status|p1a: Celebi|tox
|
|-heal|p1a: Celebi|100/100 tox|[from] move: Wish|[wisher] Chansey
|-damage|p1a: Celebi|94/100 tox|[from] psn
|upkeep
|turn|13
|
|t:|1667060430
|move|p1a: Celebi|Thunder Wave|p2a: Celesteela
|-status|p2a: Celesteela|par
|cant|p2a: Celesteela|par
|
|-damage|p1a: Celebi|82/100 tox|[from] psn
|upkeep
|turn|14
|
|t:|1667060440
|-curestatus|p1a: Celebi|tox|[from] ability: Natural Cure
|switch|p1a: Conkeldurr|Conkeldurr, F|100/100
|move|p2a: Celesteela|Heavy Slam|p1a: Conkeldurr
|-damage|p1a: Conkeldurr|60/100
|
|-status|p1a: Conkeldurr|brn|[from] item: Flame Orb
|upkeep
|turn|15
|
|t:|1667060449
|move|p1a: Conkeldurr|Drain Punch|p2a: Celesteela
|-damage|p2a: Celesteela|60/100 par
|-heal|p1a: Conkeldurr|83/100 brn|[from] drain|[of] p2a: Celesteela
|move|p2a: Celesteela|Leech Seed|p1a: Conkeldurr
|-start|p1a: Conkeldurr|move: Leech Seed
|
|-heal|p2a: Celesteela|66/100 par|[from] item: Leftovers
|-damage|p1a: Conkeldurr|71/100 brn|[from] Leech Seed|[of] p2a: Celesteela
|-heal|p2a: Celesteela|77/100 par|[silent]
|-damage|p1a: Conkeldurr|65/100 brn|[from] brn
|upkeep
|turn|16
|
|t:|1667060465
|move|p1a: Conkeldurr|Knock Off|p2a: Celesteela
|-damage|p2a: Celesteela|41/100 par
|-enditem|p2a: Celesteela|Leftovers|[from] move: Knock Off|[of] p1a: Conkeldurr
|cant|p2a: Celesteela|par
|
|-damage|p1a: Conkeldurr|52/100 brn|[from] Leech Seed|[of] p2a: Celesteela
|-heal|p2a: Celesteela|52/100 par|[silent]
|-damage|p1a: Conkeldurr|46/100 brn|[from] brn
|upkeep
|turn|17
|
|t:|1667060474
|switch|p1a: Rotom|Rotom-Wash|100/100
|move|p2a: Celesteela|Heavy Slam|p1a: Rotom
|-resisted|p1a: Rotom
|-damage|p1a: Rotom|91/100
|
|-heal|p1a: Rotom|97/100|[from] item: Leftovers
|upkeep
|turn|18
|
|t:|1667060483
|switch|p2a: Swampert|Swampert, M|100/100
|move|p1a: Rotom|Volt Switch|p2a: Swampert
|-immune|p2a: Swampert
|
|-heal|p1a: Rotom|100/100|[from] item: Leftovers
|upkeep
|turn|19
|
|t:|1667060498
|move|p1a: Rotom|Will-O-Wisp|p2a: Swampert
|-status|p2a: Swampert|brn
|move|p2a: Swampert|Stealth Rock|p1a: Rotom
|-sidestart|p1: Exi_Dudi|move: Stealth Rock
|
|-damage|p2a: Swampert|94/100 brn|[from] brn
|upkeep
|turn|20
|
|t:|1667060506
|switch|p1a: Celebi|Celebi|82/100
|move|p2a: Swampert|Yawn|p1a: Celebi
|-start|p1a: Celebi|move: Yawn|[of] p2a: Swampert
|
|-heal|p2a: Swampert|100/100 brn|[from] item: Leftovers
|-damage|p2a: Swampert|94/100 brn|[from] brn
|upkeep
|turn|21
|
|t:|1667060515
|switch|p1a: Rotom|Rotom-Wash|100/100
|-damage|p1a: Rotom|88/100|[from] Stealth Rock
|switch|p2a: Celesteela|Celesteela|52/100 par
|
|-heal|p1a: Rotom|94/100|[from] item: Leftovers
|upkeep
|turn|22
|
|t:|1667060532
|switch|p2a: Swampert|Swampert, M|94/100 brn
|move|p1a: Rotom|Hydro Pump|p2a: Swampert
|-damage|p2a: Swampert|68/100 brn
|
|-heal|p1a: Rotom|99/100|[from] item: Leftovers
|-heal|p2a: Swampert|74/100 brn|[from] item: Leftovers
|-damage|p2a: Swampert|68/100 brn|[from] brn
|upkeep
|turn|23
|
|t:|1667060542
|move|p1a: Rotom|Hydro Pump|p2a: Swampert
|-damage|p2a: Swampert|44/100 brn
|move|p2a: Swampert|Flip Turn|p1a: Rotom
|-resisted|p1a: Rotom
|-damage|p1a: Rotom|95/100
|
|t:|1667060549
|switch|p2a: Necrozma|Necrozma|100/100|[from]move: Flip Turn
|
|-heal|p1a: Rotom|100/100|[from] item: Leftovers
|upkeep
|turn|24
|
|t:|1667060556
|move|p1a: Rotom|Volt Switch|p2a: Necrozma
|-damage|p2a: Necrozma|73/100
|
|t:|1667060558
|switch|p1a: Celebi|Celebi|82/100|[from]move: Volt Switch
|move|p2a: Necrozma|Photon Geyser|p1a: Celebi
|-resisted|p1a: Celebi
|-damage|p1a: Celebi|58/100
|
|upkeep
|turn|25
|
|t:|1667060574
|switch|p2a: Celesteela|Celesteela|52/100 par
|move|p1a: Celebi|Thunder Wave|p2a: Celesteela
|-fail|p2a: Celesteela|par
|
|upkeep
|turn|26
|
|t:|1667060590
|move|p1a: Celebi|Recover|p1a: Celebi
|-heal|p1a: Celebi|100/100
|move|p2a: Celesteela|Heavy Slam|p1a: Celebi
|-damage|p1a: Celebi|68/100
|
|upkeep
|turn|27
|
|t:|1667060597
|move|p1a: Celebi|Psychic|p2a: Celesteela
|-resisted|p2a: Celesteela
|-damage|p2a: Celesteela|34/100 par
|cant|p2a: Celesteela|par
|
|upkeep
|turn|28
|
|t:|1667060604
|move|p1a: Celebi|Psychic|p2a: Celesteela
|-resisted|p2a: Celesteela
|-damage|p2a: Celesteela|19/100 par
|move|p2a: Celesteela|Toxic|p1a: Celebi
|-status|p1a: Celebi|tox
|
|-damage|p1a: Celebi|62/100 tox|[from] psn
|upkeep
|turn|29
|
|t:|1667060613
|-curestatus|p1a: Celebi|tox|[from] ability: Natural Cure
|switch|p1a: Rotom|Rotom-Wash|100/100
|-damage|p1a: Rotom|88/100|[from] Stealth Rock
|move|p2a: Celesteela|Heavy Slam|p1a: Rotom
|-resisted|p1a: Rotom
|-damage|p1a: Rotom|78/100
|
|-heal|p1a: Rotom|84/100|[from] item: Leftovers
|upkeep
|turn|30
|
|t:|1667060624
|move|p1a: Rotom|Hydro Pump|p2a: Celesteela
|-damage|p2a: Celesteela|0 fnt
|faint|p2a: Celesteela
|
|-heal|p1a: Rotom|90/100|[from] item: Leftovers
|upkeep
|
|t:|1667060631
|switch|p2a: Excadrill|Excadrill, M|73/100
|-ability|p2a: Excadrill|Mold Breaker
|turn|31
|
|t:|1667060636
|switch|p1a: Skarmory|Skarmory, F|100/100
|-damage|p1a: Skarmory|88/100|[from] Stealth Rock
|move|p2a: Excadrill|Earthquake|p1a: Skarmory
|-immune|p1a: Skarmory
|
|upkeep
|turn|32
|-message|DDanley6 forfeited.
|
|win|Exi_Dudi
|raw|Exi_Dudi's rating: 1401 &rarr; <strong>1420</strong><br />(+19 for winning)
|raw|DDanley6's rating: 1390 &rarr; <strong>1371</strong><br />(-19 for losing)
|l|☆DDanley6
