|j|☆BossManSwag
|j|☆Testingweirdoffens
|t:|1660234345
|gametype|singles
|player|p1|BossManSwag|1|1477
|player|p2|Testingweirdoffens|pilot|1438
|teamsize|p1|6
|teamsize|p2|6
|gen|8
|tier|[Gen 8] UU
|rated|
|rule|Sleep Clause Mod: Limit one foe put to sleep
|rule|Species Clause: Limit one of each Pokémon
|rule|OHKO Clause: OHKO moves are banned
|rule|Evasion Items Clause: Evasion items are banned
|rule|Evasion Moves Clause: Evasion moves are banned
|rule|Endless Battle Clause: Forcing endless battles is banned
|rule|HP Percentage Mod: HP is shown in percentages
|rule|Dynamax Clause: You cannot dynamax
|clearpoke
|poke|p1|Chansey, F|
|poke|p1|Amoonguss, M|
|poke|p1|Primarina, M|
|poke|p1|Reuniclus, M|
|poke|p1|Azelf|
|poke|p1|Obstagoon, F|
|poke|p2|Gyarados, F|
|poke|p2|Zarude|
|poke|p2|Nihilego|
|poke|p2|Salamence, M|
|poke|p2|Jirachi|
|poke|p2|Nidoqueen, F|
|teampreview
|inactive|Battle timer is ON: inactive players will automatically lose when time's up. (requested by Testingweirdoffens)
|
|t:|1660234393
|start
|switch|p1a: Azelf|Azelf|100/100
|switch|p2a: Jirachi|Jirachi|100/100
|turn|1
|
|t:|1660234407
|move|p2a: Jirachi|Iron Head|p1a: Azelf
|-damage|p1a: Azelf|48/100
|move|p1a: Azelf|Stealth Rock|p2a: Jirachi
|-sidestart|p2: Testingweirdoffens|move: Stealth Rock
|
|upkeep
|turn|2
|j| Com.Corsola
|
|t:|1660234427
|move|p2a: Jirachi|Iron Head|p1a: Azelf
|-damage|p1a: Azelf|0 fnt
|faint|p1a: Azelf
|
|upkeep
|
|t:|1660234435
|switch|p1a: Primarina|Primarina, M, shiny|100/100
|turn|3
|l|☆BossManSwag
|inactive|BossManSwag disconnected and has a minute to reconnect!
|player|p1|
|inactive|BossManSwag has 30 seconds to reconnect!
|inactive|BossManSwag has 20 seconds to reconnect!
|inactive|BossManSwag has 15 seconds to reconnect!
|j|☆BossManSwag
|inactive|BossManSwag reconnected and has 90 seconds left.
|player|p1|BossManSwag|1
|
|t:|1660234488
|move|p2a: Jirachi|Iron Head|p1a: Primarina
|-damage|p1a: Primarina|73/100
|cant|p1a: Primarina|flinch
|
|-heal|p1a: Primarina|79/100|[from] item: Leftovers
|upkeep
|turn|4
|
|t:|1660234502
|switch|p2a: Zarude|Zarude|100/100
|-damage|p2a: Zarude|88/100|[from] Stealth Rock
|move|p1a: Primarina|Substitute|p1a: Primarina
|-start|p1a: Primarina|Substitute
|-damage|p1a: Primarina|54/100
|
|-heal|p1a: Primarina|60/100|[from] item: Leftovers
|upkeep
|turn|5
|
|t:|1660234513
|move|p2a: Zarude|U-turn|p1a: Primarina
|-resisted|p1a: Primarina
|-activate|p1a: Primarina|move: Substitute|[damage]
|
|t:|1660234522
|switch|p2a: Nope.|Nihilego|100/100|[from]move: U-turn
|-damage|p2a: Nope.|88/100|[from] Stealth Rock
|-item|p2a: Nope.|Air Balloon
|move|p1a: Primarina|Draining Kiss|p2a: Nope.
|-resisted|p2a: Nope.
|-damage|p2a: Nope.|81/100
|-heal|p1a: Primarina|66/100|[from] drain|[of] p2a: Nope.
|-enditem|p2a: Nope.|Air Balloon
|
|-heal|p1a: Primarina|72/100|[from] item: Leftovers
|upkeep
|turn|6
|
|t:|1660234535
|move|p2a: Nope.|Sludge Wave|p1a: Primarina
|-supereffective|p1a: Primarina
|-end|p1a: Primarina|Substitute
|move|p1a: Primarina|Scald|p2a: Nope.
|-supereffective|p2a: Nope.
|-damage|p2a: Nope.|31/100
|
|-heal|p1a: Primarina|78/100|[from] item: Leftovers
|upkeep
|turn|7
|
|t:|1660234544
|switch|p1a: Chansey|Chansey, F, shiny|100/100
|move|p2a: Nope.|Knock Off|p1a: Chansey
|-damage|p1a: Chansey|93/100
|-enditem|p1a: Chansey|Eviolite|[from] move: Knock Off|[of] p2a: Nope.
|
|upkeep
|turn|8
|
|t:|1660234553
|switch|p2a: Salamence|Salamence, M|100/100
|-ability|p2a: Salamence|Intimidate|boost
|-unboost|p1a: Chansey|atk|1
|move|p1a: Chansey|Teleport|p1a: Chansey
|
|t:|1660234558
|switch|p1a: Primarina|Primarina, M, shiny|78/100|[from]move: Teleport
|
|-heal|p1a: Primarina|84/100|[from] item: Leftovers
|upkeep
|turn|9
|
|t:|1660234565
|move|p2a: Salamence|Dual Wingbeat|p1a: Primarina
|-damage|p1a: Primarina|70/100
|-damage|p1a: Primarina|55/100
|-hitcount|p1a: Primarina|2
|move|p1a: Primarina|Substitute|p1a: Primarina
|-start|p1a: Primarina|Substitute
|-damage|p1a: Primarina|30/100
|
|-heal|p1a: Primarina|36/100|[from] item: Leftovers
|upkeep
|turn|10
|
|t:|1660234575
|move|p2a: Salamence|Defog|p1a: Primarina
|-sideend|p2: Testingweirdoffens|Stealth Rock|[from] move: Defog|[of] p2a: Salamence
|move|p1a: Primarina|Calm Mind|p1a: Primarina
|-boost|p1a: Primarina|spa|1
|-boost|p1a: Primarina|spd|1
|
|-heal|p1a: Primarina|42/100|[from] item: Leftovers
|upkeep
|turn|11
|
|t:|1660234579
|move|p2a: Salamence|Dual Wingbeat|p1a: Primarina
|-activate|p1a: Primarina|move: Substitute|[damage]
|-crit|p1a: Primarina
|-end|p1a: Primarina|Substitute
|-hitcount|p1a: Primarina|2
|move|p1a: Primarina|Draining Kiss|p2a: Salamence
|-supereffective|p2a: Salamence
|-damage|p2a: Salamence|37/100
|-heal|p1a: Primarina|93/100|[from] drain|[of] p2a: Salamence
|
|-heal|p1a: Primarina|99/100|[from] item: Leftovers
|upkeep
|turn|12
|
|t:|1660234588
|move|p2a: Salamence|Dual Wingbeat|p1a: Primarina
|-damage|p1a: Primarina|86/100
|-damage|p1a: Primarina|70/100
|-hitcount|p1a: Primarina|2
|move|p1a: Primarina|Scald|p2a: Salamence
|-resisted|p2a: Salamence
|-damage|p2a: Salamence|11/100
|
|-heal|p1a: Primarina|76/100|[from] item: Leftovers
|upkeep
|turn|13
|
|t:|1660234595
|move|p2a: Salamence|Dual Wingbeat|p1a: Primarina
|-damage|p1a: Primarina|61/100
|-damage|p1a: Primarina|47/100
|-hitcount|p1a: Primarina|2
|move|p1a: Primarina|Draining Kiss|p2a: Salamence
|-supereffective|p2a: Salamence
|-damage|p2a: Salamence|0 fnt
|-heal|p1a: Primarina|56/100|[from] drain|[of] p2a: Salamence
|faint|p2a: Salamence
|
|-heal|p1a: Primarina|62/100|[from] item: Leftovers
|upkeep
|
|t:|1660234602
|switch|p2a: Zarude|Zarude|88/100
|turn|14
|
|t:|1660234620
|switch|p1a: Amoonguss|Amoonguss, M, shiny|100/100
|move|p2a: Zarude|Power Whip|p1a: Amoonguss
|-resisted|p1a: Amoonguss
|-damage|p1a: Amoonguss|85/100
|-damage|p2a: Zarude|72/100|[from] item: Rocky Helmet|[of] p1a: Amoonguss
|
|upkeep
|turn|15
|
|t:|1660234629
|switch|p2a: Nidoqueen|Nidoqueen, F|100/100
|switch|p1a: Primarina|Primarina, M, shiny|62/100
|
|-heal|p1a: Primarina|68/100|[from] item: Leftovers
|upkeep
|turn|16
|l| Com.Corsola
|
|t:|1660234637
|switch|p1a: Chansey|Chansey, F, shiny|93/100
|move|p2a: Nidoqueen|Taunt|p1a: Chansey
|-start|p1a: Chansey|move: Taunt
|
|upkeep
|turn|17
|
|t:|1660234649
|move|p2a: Nidoqueen|Stealth Rock|p1a: Chansey
|-sidestart|p1: BossManSwag|move: Stealth Rock
|move|p1a: Chansey|Seismic Toss|p2a: Nidoqueen
|-damage|p2a: Nidoqueen|74/100
|
|upkeep
|turn|18
|
|t:|1660234660
|move|p2a: Nidoqueen|Earth Power|p1a: Chansey
|-damage|p1a: Chansey|74/100
|move|p1a: Chansey|Seismic Toss|p2a: Nidoqueen
|-damage|p2a: Nidoqueen|48/100
|
|-end|p1a: Chansey|move: Taunt
|upkeep
|turn|19
|
|t:|1660234668
|switch|p1a: Obstagoon|Obstagoon, F|100/100
|-damage|p1a: Obstagoon|88/100|[from] Stealth Rock
|move|p2a: Nidoqueen|Taunt|p1a: Obstagoon
|-start|p1a: Obstagoon|move: Taunt
|
|-status|p1a: Obstagoon|brn|[from] item: Flame Orb
|upkeep
|turn|20
|
|t:|1660234673
|move|p1a: Obstagoon|Facade|p2a: Nidoqueen
|-crit|p2a: Nidoqueen
|-damage|p2a: Nidoqueen|0 fnt
|faint|p2a: Nidoqueen
|
|-damage|p1a: Obstagoon|82/100 brn|[from] brn
|upkeep
|
|t:|1660234689
|switch|p2a: Still number one|Gyarados, F|100/100
|-ability|p2a: Still number one|Intimidate|boost
|-unboost|p1a: Obstagoon|atk|1
|turn|21
|
|t:|1660234699
|switch|p2a: Nope.|Nihilego|31/100
|move|p1a: Obstagoon|Facade|p2a: Nope.
|-resisted|p2a: Nope.
|-damage|p2a: Nope.|0 fnt
|faint|p2a: Nope.
|
|-damage|p1a: Obstagoon|76/100 brn|[from] brn
|-end|p1a: Obstagoon|move: Taunt
|upkeep
|inactive|Testingweirdoffens has 120 seconds left.
|
|t:|1660234728
|switch|p2a: Zarude|Zarude|72/100
|turn|22
|
|t:|1660234733
|move|p1a: Obstagoon|Obstruct|p1a: Obstagoon
|-singleturn|p1a: Obstagoon|Protect
|move|p2a: Zarude|U-turn|p1a: Obstagoon
|-activate|p1a: Obstagoon|move: Protect
|-unboost|p2a: Zarude|def|2
|
|-damage|p1a: Obstagoon|70/100 brn|[from] brn
|upkeep
|turn|23
|
|t:|1660234745
|switch|p1a: Chansey|Chansey, F, shiny|74/100
|-damage|p1a: Chansey|62/100|[from] Stealth Rock
|move|p2a: Zarude|U-turn|p1a: Chansey
|-damage|p1a: Chansey|28/100
|
|t:|1660234752
|switch|p2a: Still number one|Gyarados, F|100/100|[from]move: U-turn
|-ability|p2a: Still number one|Intimidate|boost
|-unboost|p1a: Chansey|atk|1
|
|upkeep
|turn|24
|
|t:|1660234756
|move|p2a: Still number one|Substitute|p2a: Still number one
|-start|p2a: Still number one|Substitute
|-damage|p2a: Still number one|76/100
|move|p1a: Chansey|Toxic||[still]
|-fail|p1a: Chansey
|
|-heal|p2a: Still number one|82/100|[from] item: Leftovers
|upkeep
|turn|25
|
|t:|1660234760
|switch|p1a: Amoonguss|Amoonguss, M, shiny|100/100
|-damage|p1a: Amoonguss|88/100|[from] Stealth Rock
|move|p2a: Still number one|Dragon Dance|p2a: Still number one
|-boost|p2a: Still number one|atk|1
|-boost|p2a: Still number one|spe|1
|
|-heal|p2a: Still number one|88/100|[from] item: Leftovers
|upkeep
|turn|26
|
|t:|1660234763
|move|p2a: Still number one|Dragon Dance|p2a: Still number one
|-boost|p2a: Still number one|atk|1
|-boost|p2a: Still number one|spe|1
|move|p1a: Amoonguss|Foul Play|p2a: Still number one
|-end|p2a: Still number one|Substitute
|
|-heal|p2a: Still number one|94/100|[from] item: Leftovers
|upkeep
|turn|27
|
|t:|1660234769
|move|p2a: Still number one|Bounce||[still]
|-prepare|p2a: Still number one|Bounce
|move|p1a: Amoonguss|Foul Play|p2a: Still number one|[miss]
|-miss|p1a: Amoonguss|p2a: Still number one
|
|-heal|p2a: Still number one|100/100|[from] item: Leftovers
|upkeep
|turn|28
|
|t:|1660234775
|switch|p1a: Chansey|Chansey, F, shiny|28/100
|-damage|p1a: Chansey|16/100|[from] Stealth Rock
|move|p2a: Still number one|Bounce|p1a: Chansey|[from]lockedmove
|-damage|p1a: Chansey|0 fnt
|faint|p1a: Chansey
|
|upkeep
|
|t:|1660234776
|switch|p1a: Reuniclus|Reuniclus, M, shiny|100/100
|turn|29
|
|t:|1660234786
|switch|p1a: Amoonguss|Amoonguss, M, shiny|100/100
|-damage|p1a: Amoonguss|88/100|[from] Stealth Rock
|move|p2a: Still number one|Waterfall|p1a: Amoonguss
|-resisted|p1a: Amoonguss
|-damage|p1a: Amoonguss|57/100
|-damage|p2a: Still number one|84/100|[from] item: Rocky Helmet|[of] p1a: Amoonguss
|
|-heal|p2a: Still number one|90/100|[from] item: Leftovers
|upkeep
|turn|30
|
|t:|1660234794
|move|p2a: Still number one|Bounce||[still]
|-prepare|p2a: Still number one|Bounce
|move|p1a: Amoonguss|Spore|p2a: Still number one|[miss]
|-miss|p1a: Amoonguss|p2a: Still number one
|
|-heal|p2a: Still number one|97/100|[from] item: Leftovers
|upkeep
|turn|31
|
|t:|1660234801
|switch|p1a: Reuniclus|Reuniclus, M, shiny|100/100
|move|p2a: Still number one|Bounce|p1a: Reuniclus|[from]lockedmove|[miss]
|-miss|p2a: Still number one|p1a: Reuniclus
|
|-heal|p2a: Still number one|100/100|[from] item: Leftovers
|upkeep
|turn|32
|
|t:|1660234806
|move|p2a: Still number one|Waterfall|p1a: Reuniclus
|-damage|p1a: Reuniclus|15/100
|move|p1a: Reuniclus|Acid Armor|p1a: Reuniclus
|-boost|p1a: Reuniclus|def|2
|
|upkeep
|turn|33
|
|t:|1660234811
|move|p2a: Still number one|Waterfall|p1a: Reuniclus
|-damage|p1a: Reuniclus|0 fnt
|faint|p1a: Reuniclus
|
|upkeep
|
|t:|1660234814
|switch|p1a: Obstagoon|Obstagoon, F|70/100 brn
|-damage|p1a: Obstagoon|58/100 brn|[from] Stealth Rock
|turn|34
|
|t:|1660234818
|move|p1a: Obstagoon|Obstruct|p1a: Obstagoon
|-singleturn|p1a: Obstagoon|Protect
|move|p2a: Still number one|Waterfall|p1a: Obstagoon
|-activate|p1a: Obstagoon|move: Protect
|-unboost|p2a: Still number one|def|2
|
|-damage|p1a: Obstagoon|52/100 brn|[from] brn
|upkeep
|turn|35
|
|t:|1660234821
|move|p2a: Still number one|Waterfall|p1a: Obstagoon
|-damage|p1a: Obstagoon|0 fnt
|faint|p1a: Obstagoon
|
|upkeep
|
|t:|1660234822
|switch|p1a: Amoonguss|Amoonguss, M, shiny|91/100
|-damage|p1a: Amoonguss|78/100|[from] Stealth Rock
|turn|36
|
|t:|1660234829
|move|p2a: Still number one|Bounce||[still]
|-prepare|p2a: Still number one|Bounce
|move|p1a: Amoonguss|Foul Play|p2a: Still number one|[miss]
|-miss|p1a: Amoonguss|p2a: Still number one
|
|upkeep
|turn|37
|
|t:|1660234832
|move|p2a: Still number one|Bounce|p1a: Amoonguss|[from]lockedmove
|-supereffective|p1a: Amoonguss
|-damage|p1a: Amoonguss|0 fnt
|-damage|p2a: Still number one|84/100|[from] item: Rocky Helmet|[of] p1a: Amoonguss
|faint|p1a: Amoonguss
|
|-heal|p2a: Still number one|90/100|[from] item: Leftovers
|upkeep
|
|t:|1660234839
|switch|p1a: Primarina|Primarina, M, shiny|68/100
|-damage|p1a: Primarina|55/100|[from] Stealth Rock
|turn|38
|
|t:|1660234842
|move|p2a: Still number one|Waterfall|p1a: Primarina
|-resisted|p1a: Primarina
|-damage|p1a: Primarina|21/100
|move|p1a: Primarina|Draining Kiss|p2a: Still number one
|-damage|p2a: Still number one|70/100
|-heal|p1a: Primarina|36/100|[from] drain|[of] p2a: Still number one
|
|-heal|p2a: Still number one|76/100|[from] item: Leftovers
|-heal|p1a: Primarina|42/100|[from] item: Leftovers
|upkeep
|turn|39
|
|t:|1660234848
|move|p2a: Still number one|Waterfall|p1a: Primarina
|-resisted|p1a: Primarina
|-damage|p1a: Primarina|7/100
|move|p1a: Primarina|Draining Kiss|p2a: Still number one
|-damage|p2a: Still number one|57/100
|-heal|p1a: Primarina|21/100|[from] drain|[of] p2a: Still number one
|
|-heal|p2a: Still number one|63/100|[from] item: Leftovers
|-heal|p1a: Primarina|27/100|[from] item: Leftovers
|upkeep
|turn|40
|
|t:|1660234853
|move|p2a: Still number one|Waterfall|p1a: Primarina
|-resisted|p1a: Primarina
|-damage|p1a: Primarina|0 fnt
|faint|p1a: Primarina
|
|win|Testingweirdoffens
|raw|BossManSwag's rating: 1477 &rarr; <strong>1455</strong><br />(-22 for losing)
|raw|Testingweirdoffens's rating: 1438 &rarr; <strong>1460</strong><br />(+22 for winning)
|l|☆BossManSwag
||Ladder isn't responding, score probably updated but might not have (Request timeout).
