|j|☆Low Ladder Terror
|j|☆BigFatMantis
|t:|1606028740
|player|p1|Low Ladder Terror|teamrocket|
|player|p2|BigFatMantis|unknown|
|teamsize|p1|6
|teamsize|p2|6
|gametype|singles
|gen|8
|tier|[Gen 8] UU
|rated|Tournament battle
|clearpoke
|poke|p1|Articuno-Galar|
|poke|p1|Klefki, M|
|poke|p1|Tentacruel, F|
|poke|p1|Keldeo-Resolute|
|poke|p1|Salamence, M|
|poke|p1|Zeraora|
|poke|p2|Pyukumuku, M|
|poke|p2|Volcarona, M|
|poke|p2|Gyarados, M|
|poke|p2|Salamence, M|
|poke|p2|Azumarill, F|
|poke|p2|Mew|
|rule|Sleep Clause Mod: Limit one foe put to sleep
|rule|Species Clause: Limit one of each Pokémon
|rule|OHKO Clause: OHKO moves are banned
|rule|Evasion Moves Clause: Evasion moves are banned
|rule|Endless Battle Clause: Forcing endless battles is banned
|rule|HP Percentage Mod: HP is shown in percentages
|rule|Dynamax Clause: You cannot dynamax
|teampreview
|c|☆BigFatMantis|glhf
|inactive|Battle timer is ON: inactive players will automatically lose when time's up. (requested by Low Ladder Terror)
|j| I am Navi
|c|☆Low Ladder Terror|u2
|j| YeyoGang
|c| I am Navi|im bulletprooooff
|j| Crushy Soul
|j| laevin ㋛
|c| I am Navi|nothing to loseeeee
|c| I am Navi|fire awayyyy
|inactive|Low Ladder Terror has 120 seconds left.
|c| I am Navi|ricocheett
|
|t:|1606028794
|start
|switch|p1a: Articuno|Articuno-Galar|100/100
|switch|p2a: Mew|Mew|100/100
|turn|1
|
|t:|1606028800
|move|p1a: Articuno|Shadow Ball|p2a: Mew
|-supereffective|p2a: Mew
|-damage|p2a: Mew|31/100
|-damage|p1a: Articuno|91/100|[from] item: Life Orb
|move|p2a: Mew|Dragon Dance|p2a: Mew
|-boost|p2a: Mew|atk|1
|-boost|p2a: Mew|spe|1
|
|upkeep
|turn|2
|j| Mystras Leoxses
|inactive|Low Ladder Terror has 120 seconds left.
|
|t:|1606028847
|switch|p1a: Salamence|Salamence, M|100/100
|move|p2a: Mew|Poltergeist|p1a: Salamence
|-activate|p1a: Salamence|move: Poltergeist|Choice Scarf
|-damage|p1a: Salamence|40/100
|
|upkeep
|turn|3
|j| K302
|c| I am Navi|laevin i lost my series
|c|☆BigFatMantis|good to know that's what you have
|c| I am Navi|im never playing at 4 am again xd
|c| laevin ㋛|rip navi :(
|
|t:|1606028876
|switch|p2a: Pyukumuku|Pyukumuku, M|100/100
|move|p1a: Salamence|Dual Wingbeat|p2a: Pyukumuku
|-damage|p2a: Pyukumuku|87/100
|-damage|p2a: Pyukumuku|74/100
|-hitcount|p2a: Pyukumuku|2
|
|upkeep
|turn|4
|c| I am Navi|brain was off
|j| lost in the memory
|j| Totem skarm
|
|t:|1606028890
|switch|p1a: Zeraora|Zeraora|100/100
|move|p2a: Pyukumuku|Reflect|p2a: Pyukumuku
|-sidestart|p2: BigFatMantis|Reflect
|
|upkeep
|turn|5
|c| Totem skarm|only bfm
|c| laevin ㋛|oh
|c| Totem skarm|sea cucumber on ho
|
|t:|1606028900
|move|p1a: Zeraora|Plasma Fists|p2a: Pyukumuku
|-supereffective|p2a: Pyukumuku
|-damage|p2a: Pyukumuku|44/100
|-fieldactivate|move: Ion Deluge
|move|p2a: Pyukumuku|Light Screen|p2a: Pyukumuku
|-sidestart|p2: BigFatMantis|move: Light Screen
|
|upkeep
|turn|6
|c| laevin ㋛|that reminds me I am Navi
|c| laevin ㋛|I forgot to play mine yday LOL
|inactive|Low Ladder Terror has 120 seconds left.
|
|t:|1606028907
|move|p1a: Zeraora|Plasma Fists|p2a: Pyukumuku
|-supereffective|p2a: Pyukumuku
|-damage|p2a: Pyukumuku|15/100
|-fieldactivate|move: Ion Deluge
|move|p2a: Pyukumuku|Memento|p1a: Zeraora
|-unboost|p1a: Zeraora|atk|2
|-unboost|p1a: Zeraora|spa|2
|faint|p2a: Pyukumuku
|
|upkeep
|c| I am Navi|lololol
|c| I am Navi|did u reschedule
|
|t:|1606028917
|switch|p2a: Salamence|Salamence, M|100/100
|turn|7
|c| Totem skarm|tfw sea cucumber learns no attacks :p
|
|t:|1606028926
|move|p1a: Zeraora|Volt Switch|p2a: Salamence
|-damage|p2a: Salamence|93/100
|
|t:|1606028929
|switch|p1a: Klefki|Klefki, M|100/100|[from]move: Volt Switch
|move|p2a: Salamence|Dragon Dance|p2a: Salamence
|-boost|p2a: Salamence|atk|1
|-boost|p2a: Salamence|spe|1
|
|upkeep
|turn|8
|
|t:|1606028936
|move|p1a: Klefki|Magnet Rise|p1a: Klefki
|-start|p1a: Klefki|Magnet Rise
|move|p2a: Salamence|Earthquake|p1a: Klefki
|-immune|p1a: Klefki
|
|upkeep
|turn|9
|c|☆BigFatMantis|o
|
|t:|1606028944
|move|p1a: Klefki|Thunder Wave|p2a: Salamence
|-status|p2a: Salamence|par
|-enditem|p2a: Salamence|Lum Berry|[eat]
|-curestatus|p2a: Salamence|par|[msg]
|move|p2a: Salamence|Dragon Dance|p2a: Salamence
|-boost|p2a: Salamence|atk|1
|-boost|p2a: Salamence|spe|1
|
|upkeep
|turn|10
|
|t:|1606028950
|move|p1a: Klefki|Thunder Wave|p2a: Salamence
|-status|p2a: Salamence|par
|move|p2a: Salamence|Dual Wingbeat|p1a: Klefki
|-resisted|p1a: Klefki
|-damage|p1a: Klefki|72/100
|-resisted|p1a: Klefki
|-damage|p1a: Klefki|45/100
|-hitcount|p1a: Klefki|2
|
|-heal|p1a: Klefki|51/100|[from] item: Leftovers
|upkeep
|turn|11
|j| vaal breach
|c| Totem skarm|28
|c| Totem skarm|o_o
|inactive|Low Ladder Terror has 120 seconds left.
|
|t:|1606028985
|move|p2a: Salamence|Dragon Dance|p2a: Salamence
|-boost|p2a: Salamence|atk|1
|-boost|p2a: Salamence|spe|1
|move|p1a: Klefki|Dazzling Gleam|p2a: Salamence
|-supereffective|p2a: Salamence
|-damage|p2a: Salamence|67/100 par
|
|-heal|p1a: Klefki|57/100|[from] item: Leftovers
|-sideend|p2: BigFatMantis|Reflect
|upkeep
|turn|12
|inactive|Low Ladder Terror has 120 seconds left.
|
|t:|1606028997
|switch|p1a: Keldeo|Keldeo-Resolute|100/100
|move|p2a: Salamence|Dual Wingbeat|p1a: Keldeo|[miss]
|-miss|p2a: Salamence|p1a: Keldeo
|
|-sideend|p2: BigFatMantis|move: Light Screen
|upkeep
|turn|13
|inactive|Low Ladder Terror has 120 seconds left.
|
|t:|1606029004
|move|p2a: Salamence|Dual Wingbeat|p1a: Keldeo
|-supereffective|p1a: Keldeo
|-damage|p1a: Keldeo|0 fnt
|-hitcount|p1a: Keldeo|1
|faint|p1a: Keldeo
|-ability|p2a: Salamence|Moxie|boost
|-boost|p2a: Salamence|atk|1
|
|upkeep
|
|t:|1606029008
|switch|p1a: Salamence|Salamence, M|40/100
|turn|14
|inactive|Low Ladder Terror has 120 seconds left.
|
|t:|1606029039
|move|p1a: Salamence|Dual Wingbeat|p2a: Salamence
|-damage|p2a: Salamence|39/100 par
|-damage|p2a: Salamence|10/100 par
|-hitcount|p2a: Salamence|2
|move|p2a: Salamence|Dual Wingbeat|p1a: Salamence
|-damage|p1a: Salamence|0 fnt
|-hitcount|p1a: Salamence|1
|faint|p1a: Salamence
|-ability|p2a: Salamence|Moxie|boost
|-boost|p2a: Salamence|atk|1
|
|upkeep
|
|t:|1606029047
|switch|p1a: Zeraora|Zeraora|100/100
|turn|15
|
|t:|1606029055
|move|p1a: Zeraora|Plasma Fists|p2a: Salamence
|-damage|p2a: Salamence|0 fnt
|-fieldactivate|move: Ion Deluge
|faint|p2a: Salamence
|
|upkeep
|
|t:|1606029069
|switch|p2a: Volcarona|Volcarona, M|100/100
|turn|16
|inactive|Low Ladder Terror has 120 seconds left.
|
|t:|1606029085
|move|p1a: Zeraora|Volt Switch|p2a: Volcarona
|-damage|p2a: Volcarona|76/100
|inactive|Low Ladder Terror has 120 seconds left.
|
|t:|1606029092
|switch|p1a: Klefki|Klefki, M|57/100|[from]move: Volt Switch
|move|p2a: Volcarona|Quiver Dance|p2a: Volcarona
|-boost|p2a: Volcarona|spa|1
|-boost|p2a: Volcarona|spd|1
|-boost|p2a: Volcarona|spe|1
|
|-heal|p1a: Klefki|63/100|[from] item: Leftovers
|upkeep
|turn|17
|
|t:|1606029100
|switch|p2a: Mew|Mew|31/100
|move|p1a: Klefki|Thunder Wave|p2a: Mew
|-status|p2a: Mew|par
|-activate|p2a: Mew|ability: Synchronize
|-status|p1a: Klefki|par
|
|-heal|p1a: Klefki|69/100 par|[from] item: Leftovers
|upkeep
|turn|18
|c| Totem skarm|epic gamer move
|inactive|Low Ladder Terror has 120 seconds left.
|
|t:|1606029123
|move|p2a: Mew|Psychic Fangs|p1a: Klefki
|-resisted|p1a: Klefki
|-damage|p1a: Klefki|46/100 par
|move|p1a: Klefki|Dazzling Gleam|p2a: Mew
|-damage|p2a: Mew|10/100 par
|
|-heal|p1a: Klefki|52/100 par|[from] item: Leftovers
|upkeep
|turn|19
|inactive|Low Ladder Terror has 120 seconds left.
|
|t:|1606029130
|move|p2a: Mew|Close Combat|p1a: Klefki
|-damage|p1a: Klefki|6/100 par
|-unboost|p2a: Mew|def|1
|-unboost|p2a: Mew|spd|1
|move|p1a: Klefki|Dazzling Gleam|p2a: Mew
|-damage|p2a: Mew|0 fnt
|faint|p2a: Mew
|
|-heal|p1a: Klefki|12/100 par|[from] item: Leftovers
|upkeep
|
|t:|1606029140
|switch|p2a: Azumarill|Azumarill, F|100/100
|turn|20
|
|t:|1606029154
|switch|p1a: Tentacruel|Tentacruel, F, shiny|100/100
|move|p2a: Azumarill|Belly Drum|p2a: Azumarill
|-damage|p2a: Azumarill|50/100
|-setboost|p2a: Azumarill|atk|6|[from] move: Belly Drum
|-enditem|p2a: Azumarill|Sitrus Berry|[eat]
|-heal|p2a: Azumarill|75/100|[from] item: Sitrus Berry
|
|upkeep
|turn|21
|c| Totem skarm|epic
|c| Totem skarm|gamer
|c| Totem skarm|move
|
|t:|1606029163
|move|p2a: Azumarill|Aqua Jet|p1a: Tentacruel
|-resisted|p1a: Tentacruel
|-damage|p1a: Tentacruel|39/100
|move|p1a: Tentacruel|Sludge Bomb|p2a: Azumarill
|-supereffective|p2a: Azumarill
|-damage|p2a: Azumarill|12/100
|
|-heal|p1a: Tentacruel|45/100|[from] item: Black Sludge
|upkeep
|turn|22
|c|☆Low Ladder Terror|tenta stays letting me down
|
|t:|1606029187
|move|p2a: Azumarill|Aqua Jet|p1a: Tentacruel
|-resisted|p1a: Tentacruel
|-crit|p1a: Tentacruel
|-damage|p1a: Tentacruel|0 fnt
|faint|p1a: Tentacruel
|
|upkeep
|c| I am Navi|slap a lo
|
|t:|1606029196
|switch|p1a: Articuno|Articuno-Galar|91/100
|turn|23
|
|t:|1606029199
|move|p2a: Azumarill|Aqua Jet|p1a: Articuno
|-damage|p1a: Articuno|0 fnt
|faint|p1a: Articuno
|
|upkeep
|c| I am Navi|on it
|c| Totem skarm|^
|c|☆Low Ladder Terror|yeah gg
|c|☆BigFatMantis|gg
|-message|Low Ladder Terror forfeited.
|
|win|BigFatMantis
