|j|☆Tempest brute
|j|☆Kito Emperor
|t:|1665964363
|gametype|singles
|player|p1|Tempest brute|265|
|player|p2|Kito Emperor|n|
|teamsize|p1|6
|teamsize|p2|6
|gen|8
|tier|[Gen 8] UU
|rated|Tournament battle
|rule|Sleep Clause Mod: Limit one foe put to sleep
|rule|Species Clause: Limit one of each Pokémon
|rule|OHKO Clause: OHKO moves are banned
|rule|Evasion Items Clause: Evasion items are banned
|rule|Evasion Moves Clause: Evasion moves are banned
|rule|Endless Battle Clause: Forcing endless battles is banned
|rule|HP Percentage Mod: HP is shown in percentages
|rule|Dynamax Clause: You cannot dynamax
|clearpoke
|poke|p1|Skarmory, F|
|poke|p1|Hydreigon, F|
|poke|p1|Primarina, M|
|poke|p1|Cresselia, F|
|poke|p1|Keldeo-Resolute|
|poke|p1|Thundurus-Therian, M|
|poke|p2|Thundurus-Therian, M|
|poke|p2|Scizor, M|
|poke|p2|Moltres|
|poke|p2|Zarude|
|poke|p2|Swampert, F|
|poke|p2|Conkeldurr, M|
|teampreview
|j|+Celebiii
|l|+Celebiii
|j| Valiant Hearts
|
|t:|1665964402
|start
|switch|p1a: Primarina|Primarina, M|100/100
|switch|p2a: Itaxi|Zarude|100/100
|turn|1
|
|t:|1665964410
|move|p2a: Itaxi|Power Whip|p1a: Primarina
|-supereffective|p1a: Primarina
|-damage|p1a: Primarina|0 fnt
|faint|p1a: Primarina
|
|upkeep
|
|t:|1665964415
|switch|p1a: Thundurus|Thundurus-Therian, M|100/100
|turn|2
|j| NoTollsNoRolls
|
|t:|1665964435
|move|p2a: Itaxi|Darkest Lariat|p1a: Thundurus
|-damage|p1a: Thundurus|38/100
|move|p1a: Thundurus|Nasty Plot|p1a: Thundurus
|-boost|p1a: Thundurus|spa|2
|
|upkeep
|turn|3
|
|t:|1665964439
|switch|p1a: Skarmory|Skarmory, F|100/100
|move|p2a: Itaxi|Darkest Lariat|p1a: Skarmory
|-damage|p1a: Skarmory|76/100
|
|-heal|p1a: Skarmory|82/100|[from] item: Leftovers
|upkeep
|turn|4
|
|t:|1665964442
|move|p2a: Itaxi|U-turn|p1a: Skarmory
|-resisted|p1a: Skarmory
|-damage|p1a: Skarmory|79/100
|
|t:|1665964446
|switch|p2a: Moltres|Moltres|100/100|[from]move: U-turn
|move|p1a: Skarmory|Spikes|p2a: Moltres
|-sidestart|p2: Kito Emperor|Spikes
|
|-heal|p1a: Skarmory|85/100|[from] item: Leftovers
|upkeep
|turn|5
|
|t:|1665964457
|switch|p1a: Hydreigon|Hydreigon, F|100/100
|move|p2a: Moltres|Flamethrower|p1a: Hydreigon
|-resisted|p1a: Hydreigon
|-damage|p1a: Hydreigon|84/100
|
|-heal|p1a: Hydreigon|90/100|[from] item: Leftovers
|upkeep
|turn|6
|
|t:|1665964463
|move|p2a: Moltres|U-turn|p1a: Hydreigon
|-supereffective|p1a: Hydreigon
|-damage|p1a: Hydreigon|61/100
|
|t:|1665964469
|switch|p2a: Scizor|Scizor, M, shiny|100/100|[from]move: U-turn
|-damage|p2a: Scizor|88/100|[from] Spikes
|move|p1a: Hydreigon|Thunder Wave|p2a: Scizor
|-status|p2a: Scizor|par
|
|-heal|p1a: Hydreigon|67/100|[from] item: Leftovers
|upkeep
|turn|7
|
|t:|1665964477
|switch|p1a: Skarmory|Skarmory, F|85/100
|move|p2a: Scizor|Knock Off|p1a: Skarmory
|-damage|p1a: Skarmory|66/100
|-enditem|p1a: Skarmory|Leftovers|[from] move: Knock Off|[of] p2a: Scizor
|
|upkeep
|turn|8
|
|t:|1665964487
|switch|p2a: Moltres|Moltres|100/100
|move|p1a: Skarmory|Spikes|p2a: Moltres
|-sidestart|p2: Kito Emperor|Spikes
|
|upkeep
|turn|9
|
|t:|1665964497
|switch|p1a: Keldeo|Keldeo-Resolute|100/100
|move|p2a: Moltres|Hurricane|p1a: Keldeo
|-supereffective|p1a: Keldeo
|-damage|p1a: Keldeo|0 fnt
|faint|p1a: Keldeo
|
|upkeep
|
|t:|1665964503
|switch|p1a: Thundurus|Thundurus-Therian, M|38/100
|turn|10
|inactive|Battle timer is ON: inactive players will automatically lose when time's up. (requested by Tempest brute)
|
|t:|1665964560
|switch|p2a: Itaxi|Zarude|100/100
|move|p1a: Thundurus|Thunderbolt|p2a: Itaxi
|-resisted|p2a: Itaxi
|-damage|p2a: Itaxi|77/100
|-status|p2a: Itaxi|par
|
|upkeep
|turn|11
|
|t:|1665964566
|move|p1a: Thundurus|Focus Blast|p2a: Itaxi|[miss]
|-miss|p1a: Thundurus|p2a: Itaxi
|move|p2a: Itaxi|Darkest Lariat|p1a: Thundurus
|-damage|p1a: Thundurus|0 fnt
|faint|p1a: Thundurus
|
|upkeep
|
|t:|1665964573
|switch|p1a: Cresselia|Cresselia, F|100/100
|turn|12
|
|t:|1665964578
|move|p1a: Cresselia|Calm Mind|p1a: Cresselia
|-boost|p1a: Cresselia|spa|1
|-boost|p1a: Cresselia|spd|1
|move|p2a: Itaxi|Darkest Lariat|p1a: Cresselia
|-supereffective|p1a: Cresselia
|-damage|p1a: Cresselia|51/100
|
|-heal|p1a: Cresselia|57/100|[from] item: Leftovers
|upkeep
|turn|13
|
|t:|1665964591
|move|p1a: Cresselia|Moonlight|p1a: Cresselia
|-heal|p1a: Cresselia|100/100
|move|p2a: Itaxi|Jungle Healing|p2a: Itaxi
|-heal|p2a: Itaxi|100/100 par
|-curestatus|p2a: Itaxi|par|[msg]
|
|upkeep
|turn|14
|
|t:|1665964594
|move|p2a: Itaxi|Darkest Lariat|p1a: Cresselia
|-supereffective|p1a: Cresselia
|-damage|p1a: Cresselia|55/100
|move|p1a: Cresselia|Ice Beam|p2a: Itaxi
|-supereffective|p2a: Itaxi
|-damage|p2a: Itaxi|45/100
|-status|p2a: Itaxi|frz
|
|-heal|p1a: Cresselia|61/100|[from] item: Leftovers
|upkeep
|turn|15
|
|t:|1665964611
|switch|p2a: Swampert|Swampert, F, shiny|100/100
|-damage|p2a: Swampert|84/100|[from] Spikes
|move|p1a: Cresselia|Ice Beam|p2a: Swampert
|-crit|p2a: Swampert
|-damage|p2a: Swampert|53/100
|
|-heal|p1a: Cresselia|67/100|[from] item: Leftovers
|-heal|p2a: Swampert|60/100|[from] item: Leftovers
|upkeep
|turn|16
|
|t:|1665964617
|switch|p1a: Skarmory|Skarmory, F|66/100
|move|p2a: Swampert|Yawn|p1a: Skarmory
|-start|p1a: Skarmory|move: Yawn|[of] p2a: Swampert
|
|-heal|p2a: Swampert|66/100|[from] item: Leftovers
|upkeep
|turn|17
|
|t:|1665964624
|switch|p1a: Hydreigon|Hydreigon, F|67/100
|move|p2a: Swampert|Stealth Rock|p1a: Hydreigon
|-sidestart|p1: Tempest brute|move: Stealth Rock
|
|-heal|p1a: Hydreigon|73/100|[from] item: Leftovers
|-heal|p2a: Swampert|72/100|[from] item: Leftovers
|upkeep
|turn|18
|
|t:|1665964637
|move|p1a: Hydreigon|Dark Pulse|p2a: Swampert
|-damage|p2a: Swampert|48/100
|move|p2a: Swampert|Yawn|p1a: Hydreigon
|-start|p1a: Hydreigon|move: Yawn|[of] p2a: Swampert
|
|-heal|p1a: Hydreigon|79/100|[from] item: Leftovers
|-heal|p2a: Swampert|54/100|[from] item: Leftovers
|upkeep
|turn|19
|
|t:|1665964642
|switch|p1a: Skarmory|Skarmory, F|66/100
|-damage|p1a: Skarmory|54/100|[from] Stealth Rock
|move|p2a: Swampert|Flip Turn|p1a: Skarmory
|-damage|p1a: Skarmory|41/100
|
|t:|1665964649
|switch|p2a: Thundurus|Thundurus-Therian, M|100/100|[from]move: Flip Turn
|
|upkeep
|turn|20
|
|t:|1665964657
|switch|p1a: Hydreigon|Hydreigon, F|79/100
|-damage|p1a: Hydreigon|67/100|[from] Stealth Rock
|move|p2a: Thundurus|Volt Switch|p1a: Hydreigon
|-resisted|p1a: Hydreigon
|-crit|p1a: Hydreigon
|-damage|p1a: Hydreigon|47/100
|
|t:|1665964663
|switch|p2a: Conkeldurr|Conkeldurr, M, shiny|100/100|[from]move: Volt Switch
|-damage|p2a: Conkeldurr|84/100|[from] Spikes
|
|-heal|p1a: Hydreigon|53/100|[from] item: Leftovers
|-status|p2a: Conkeldurr|brn|[from] item: Flame Orb
|upkeep
|turn|21
|
|t:|1665964672
|switch|p1a: Cresselia|Cresselia, F|67/100
|-damage|p1a: Cresselia|54/100|[from] Stealth Rock
|move|p2a: Conkeldurr|Knock Off|p1a: Cresselia
|-supereffective|p1a: Cresselia
|-damage|p1a: Cresselia|0 fnt
|-enditem|p1a: Cresselia|Leftovers|[from] move: Knock Off|[of] p2a: Conkeldurr
|faint|p1a: Cresselia
|
|-damage|p2a: Conkeldurr|78/100 brn|[from] brn
|upkeep
|-message|Tempest brute forfeited.
|
|win|Kito Emperor
|n|☆Tempest brute|tempestbrute
|n|☆Kito Emperor|kitoemperor
|n| Valiant Hearts|valianthearts
|n| NoTollsNoRolls|notollsnorolls
