|j|☆UUM3 Dank
|j|☆Bsuuuu
|player|p1|UUM3 Dank|lana|
|player|p2|Bsuuuu|swimmer-gen4dp|
|teamsize|p1|6
|teamsize|p2|6
|gametype|singles
|gen|8
|tier|[Gen 8] UU
|rated|Tournament battle
|html|<div class="broadcast-red"><strong>UU is currently suspecting Mamoswine! For information on how to participate check out the <a href="https://www.smogon.com/forums/threads/3661513/">suspect thread</a>.</strong></div>
|clearpoke
|poke|p1|Goodra, F|
|poke|p1|Umbreon, F|
|poke|p1|Weezing-Galar, F|
|poke|p1|Celebi|
|poke|p1|Reuniclus, M|
|poke|p1|Flygon, M|
|poke|p2|Celebi|
|poke|p2|Incineroar, F|
|poke|p2|Necrozma|
|poke|p2|Cobalion|
|poke|p2|Noivern, M|
|poke|p2|Vaporeon, F|
|rule|Sleep Clause Mod: Limit one foe put to sleep
|rule|Species Clause: Limit one of each Pokémon
|rule|OHKO Clause: OHKO moves are banned
|rule|Evasion Moves Clause: Evasion moves are banned
|rule|Endless Battle Clause: Forcing endless battles is banned
|rule|HP Percentage Mod: HP is shown in percentages
|rule|Dynamax Clause: You cannot dynamax
|teampreview
|j| Okabc123
|j| cringycoot
|inactive|Battle timer is ON: inactive players will automatically lose when time's up. (requested by UUM3 Dank)
|j| SSRW7 Haku
|c| cringycoot|lmao necrozma's
|j| OU Braindead
|inactive|Bsuuuu has 120 seconds left.
|l| Okabc123
|inactive|Bsuuuu has 90 seconds left.
|j| MilkySalt%
|
|start
|switch|p1a: Goodra|Goodra, F|100/100
|switch|p2a: Necrozma|Necrozma|100/100
|turn|1
|inactive|UUM3 Dank has 120 seconds left.
|
|move|p2a: Necrozma|Knock Off|p1a: Goodra
|-damage|p1a: Goodra|75/100
|-enditem|p1a: Goodra|Assault Vest|[from] move: Knock Off|[of] p2a: Necrozma
|move|p1a: Goodra|Draco Meteor|p2a: Necrozma
|-damage|p2a: Necrozma|50/100
|-unboost|p1a: Goodra|spa|2
|
|-heal|p2a: Necrozma|56/100|[from] item: Leftovers
|upkeep
|turn|2
|j| LeapsFrog
|l| LeapsFrog
|inactive|UUM3 Dank has 120 seconds left.
|inactive|Bsuuuu has 120 seconds left.
|
|switch|p1a: Umbreon|Umbreon, F|100/100
|move|p2a: Necrozma|Stealth Rock|p1a: Umbreon
|-sidestart|p1: UUM3 Dank|move: Stealth Rock
|
|-heal|p2a: Necrozma|62/100|[from] item: Leftovers
|upkeep
|turn|3
|j| stickinggum
|inactive|UUM3 Dank has 120 seconds left.
|inactive|UUM3 Dank has 90 seconds left.
|
|move|p2a: Necrozma|Knock Off|p1a: Umbreon
|-resisted|p1a: Umbreon
|-damage|p1a: Umbreon|94/100
|-enditem|p1a: Umbreon|Leftovers|[from] move: Knock Off|[of] p2a: Necrozma
|move|p1a: Umbreon|Wish|p1a: Umbreon
|
|-heal|p2a: Necrozma|68/100|[from] item: Leftovers
|upkeep
|turn|4
|inactive|UUM3 Dank has 90 seconds left.
|
|switch|p2a: Cobalion|Cobalion|100/100
|switch|p1a: Weezing|Weezing-Galar, F|100/100
|-damage|p1a: Weezing|88/100|[from] Stealth Rock
|
|-heal|p1a: Weezing|100/100|[from] move: Wish|[wisher] Umbreon
|upkeep
|turn|5
|
|switch|p2a: Celebi|Celebi|100/100
|move|p1a: Weezing|Will-O-Wisp|p2a: Celebi
|-status|p2a: Celebi|brn
|
|-damage|p2a: Celebi|94/100 brn|[from] brn
|upkeep
|turn|6
|
|move|p2a: Celebi|Psychic|p1a: Weezing
|-supereffective|p1a: Weezing
|-damage|p1a: Weezing|0 fnt
|faint|p1a: Weezing
|
|-heal|p2a: Celebi|100/100 brn|[from] item: Leftovers
|-damage|p2a: Celebi|94/100 brn|[from] brn
|upkeep
|inactive|UUM3 Dank has 90 seconds left.
|
|switch|p1a: Reuniclus|Reuniclus, M|100/100
|turn|7
|inactive|Bsuuuu has 120 seconds left.
|
|move|p2a: Celebi|Thunder Wave|p1a: Reuniclus
|-status|p1a: Reuniclus|par
|move|p1a: Reuniclus|Shadow Ball|p2a: Celebi
|-supereffective|p2a: Celebi
|-damage|p2a: Celebi|49/100 brn
|
|-heal|p2a: Celebi|55/100 brn|[from] item: Leftovers
|-damage|p2a: Celebi|49/100 brn|[from] brn
|upkeep
|turn|8
|
|switch|p2a: Vaporeon|Vaporeon, F|100/100
|cant|p1a: Reuniclus|par
|
|upkeep
|turn|9
|l| cringycoot
|
|switch|p1a: Celebi|Celebi|100/100
|-damage|p1a: Celebi|88/100|[from] Stealth Rock
|move|p2a: Vaporeon|Wish|p2a: Vaporeon
|
|-heal|p1a: Celebi|94/100|[from] item: Leftovers
|upkeep
|turn|10
|
|switch|p2a: Celebi|Celebi|49/100
|move|p1a: Celebi|Stealth Rock|p2a: Celebi
|-sidestart|p2: Bsuuuu|move: Stealth Rock
|
|-heal|p2a: Celebi|100/100|[from] move: Wish|[wisher] Vaporeon
|-heal|p1a: Celebi|100/100|[from] item: Leftovers
|upkeep
|turn|11
|inactive|UUM3 Dank has 120 seconds left.
|
|switch|p1a: Flygon|Flygon, M|100/100
|-damage|p1a: Flygon|95/100|[from] Stealth Rock
|move|p2a: Celebi|Psychic|p1a: Flygon
|-damage|p1a: Flygon|41/100
|
|upkeep
|turn|12
|
|switch|p2a: Vaporeon|Vaporeon, F|100/100
|-damage|p2a: Vaporeon|88/100|[from] Stealth Rock
|move|p1a: Flygon|U-turn|p2a: Vaporeon
|-damage|p2a: Vaporeon|66/100
|
|switch|p1a: Celebi|Celebi|100/100|[from]move: U-turn
|-damage|p1a: Celebi|88/100|[from] Stealth Rock
|
|-heal|p1a: Celebi|94/100|[from] item: Leftovers
|-heal|p2a: Vaporeon|72/100|[from] item: Leftovers
|upkeep
|turn|13
|
|move|p2a: Vaporeon|Protect|p2a: Vaporeon
|-singleturn|p2a: Vaporeon|Protect
|move|p1a: Celebi|Psychic|p2a: Vaporeon
|-activate|p2a: Vaporeon|move: Protect
|
|-heal|p1a: Celebi|100/100|[from] item: Leftovers
|-heal|p2a: Vaporeon|78/100|[from] item: Leftovers
|upkeep
|turn|14
|l| SSRW7 Haku
|
|move|p1a: Celebi|Aura Sphere|p2a: Vaporeon
|-damage|p2a: Vaporeon|67/100
|move|p2a: Vaporeon|Wish|p2a: Vaporeon
|
|-heal|p2a: Vaporeon|73/100|[from] item: Leftovers
|upkeep
|turn|15
|
|move|p1a: Celebi|Aura Sphere|p2a: Vaporeon
|-damage|p2a: Vaporeon|63/100
|move|p2a: Vaporeon|Scald|p1a: Celebi
|-resisted|p1a: Celebi
|-damage|p1a: Celebi|88/100
|-status|p1a: Celebi|brn
|
|-heal|p2a: Vaporeon|100/100|[from] move: Wish|[wisher] Vaporeon
|-heal|p1a: Celebi|94/100 brn|[from] item: Leftovers
|-damage|p1a: Celebi|88/100 brn|[from] brn
|upkeep
|turn|16
|
|switch|p1a: Goodra|Goodra, F|75/100
|-damage|p1a: Goodra|63/100|[from] Stealth Rock
|move|p2a: Vaporeon|Wish|p2a: Vaporeon
|
|upkeep
|turn|17
|j| Kabilapok
|
|move|p1a: Goodra|Earthquake|p2a: Vaporeon
|-damage|p2a: Vaporeon|79/100
|move|p2a: Vaporeon|Toxic|p1a: Goodra
|-status|p1a: Goodra|tox
|
|-heal|p2a: Vaporeon|100/100|[from] move: Wish|[wisher] Vaporeon
|-damage|p1a: Goodra|57/100 tox|[from] psn
|upkeep
|turn|18
|l| OU Braindead
|
|move|p1a: Goodra|Draco Meteor|p2a: Vaporeon
|-damage|p2a: Vaporeon|70/100
|-unboost|p1a: Goodra|spa|2
|move|p2a: Vaporeon|Wish|p2a: Vaporeon
|
|-heal|p2a: Vaporeon|76/100|[from] item: Leftovers
|-damage|p1a: Goodra|45/100 tox|[from] psn
|upkeep
|turn|19
|
|switch|p1a: Celebi|Celebi|88/100
|-damage|p1a: Celebi|76/100|[from] Stealth Rock
|move|p2a: Vaporeon|Scald|p1a: Celebi
|-resisted|p1a: Celebi
|-damage|p1a: Celebi|63/100
|-status|p1a: Celebi|brn
|
|-heal|p2a: Vaporeon|100/100|[from] move: Wish|[wisher] Vaporeon
|-heal|p1a: Celebi|69/100 brn|[from] item: Leftovers
|-damage|p1a: Celebi|63/100 brn|[from] brn
|upkeep
|turn|20
|
|move|p1a: Celebi|Recover|p1a: Celebi
|-heal|p1a: Celebi|100/100 brn
|move|p2a: Vaporeon|Wish|p2a: Vaporeon
|
|-damage|p1a: Celebi|94/100 brn|[from] brn
|upkeep
|turn|21
|
|switch|p2a: Necrozma|Necrozma|68/100
|-damage|p2a: Necrozma|55/100|[from] Stealth Rock
|move|p1a: Celebi|Aura Sphere|p2a: Necrozma
|-resisted|p2a: Necrozma
|-damage|p2a: Necrozma|47/100
|
|-heal|p2a: Necrozma|100/100|[from] move: Wish|[wisher] Vaporeon
|-heal|p1a: Celebi|100/100 brn|[from] item: Leftovers
|-damage|p1a: Celebi|94/100 brn|[from] brn
|upkeep
|turn|22
|-message|UUM3 Dank forfeited.
|
|win|Bsuuuu
