|j|☆5 pia to the top
|j|☆Crustaceo
|t:|1659874659
|gametype|singles
|player|p1|5 pia to the top|#uutrio2ladder|1296
|player|p2|Crustaceo|cyrus-masters|1280
|teamsize|p1|5
|teamsize|p2|6
|gen|8
|tier|[Gen 8] UU
|rated|
|rule|Sleep Clause Mod: Limit one foe put to sleep
|rule|Species Clause: Limit one of each Pokémon
|rule|OHKO Clause: OHKO moves are banned
|rule|Evasion Items Clause: Evasion items are banned
|rule|Evasion Moves Clause: Evasion moves are banned
|rule|Endless Battle Clause: Forcing endless battles is banned
|rule|HP Percentage Mod: HP is shown in percentages
|rule|Dynamax Clause: You cannot dynamax
|clearpoke
|poke|p1|Salamence, M|
|poke|p1|Chansey, F|
|poke|p1|Umbreon, M|
|poke|p1|Quagsire, F|
|poke|p1|Tangrowth, M|
|poke|p2|Nidoking, M|
|poke|p2|Rotom-Wash|
|poke|p2|Zarude|
|poke|p2|Chansey, F|
|poke|p2|Primarina, F|
|poke|p2|Thundurus-Therian, M|
|teampreview
|
|t:|1659874680
|start
|switch|p1a: tang ur wang|Tangrowth, M|100/100
|switch|p2a: Zarude|Zarude|100/100
|turn|1
|
|t:|1659874685
|move|p2a: Zarude|U-turn|p1a: tang ur wang
|-supereffective|p1a: tang ur wang
|-damage|p1a: tang ur wang|69/100
|
|t:|1659874687
|switch|p2a: Chansey|Chansey, F|100/100|[from]move: U-turn
|move|p1a: tang ur wang|Knock Off|p2a: Chansey
|-damage|p2a: Chansey|86/100
|-enditem|p2a: Chansey|Eviolite|[from] move: Knock Off|[of] p1a: tang ur wang
|
|upkeep
|turn|2
|j|+Mengy ㋛
|inactive|Battle timer is ON: inactive players will automatically lose when time's up. (requested by Crustaceo)
|
|t:|1659874695
|switch|p1a: megan the eggin|Chansey, F|100/100
|move|p2a: Chansey|Stealth Rock|p1a: megan the eggin
|-sidestart|p1: 5 pia to the top|move: Stealth Rock
|
|upkeep
|turn|3
|
|t:|1659874703
|move|p1a: megan the eggin|Stealth Rock|p2a: Chansey
|-sidestart|p2: Crustaceo|move: Stealth Rock
|move|p2a: Chansey|Seismic Toss|p1a: megan the eggin
|-damage|p1a: megan the eggin|86/100
|
|upkeep
|turn|4
|
|t:|1659874710
|move|p1a: megan the eggin|Seismic Toss|p2a: Chansey
|-damage|p2a: Chansey|72/100
|move|p2a: Chansey|Seismic Toss|p1a: megan the eggin
|-damage|p1a: megan the eggin|72/100
|
|upkeep
|turn|5
|
|t:|1659874718
|move|p1a: megan the eggin|Soft-Boiled|p1a: megan the eggin
|-heal|p1a: megan the eggin|100/100
|move|p2a: Chansey|Teleport|p2a: Chansey
|
|t:|1659874726
|switch|p2a: Rotom|Rotom-Wash|100/100|[from]move: Teleport
|-damage|p2a: Rotom|88/100|[from] Stealth Rock
|
|-heal|p2a: Rotom|94/100|[from] item: Leftovers
|upkeep
|turn|6
|
|t:|1659874733
|move|p2a: Rotom|Defog|p1a: megan the eggin
|-unboost|p1a: megan the eggin|evasion|1
|-sideend|p1: 5 pia to the top|Stealth Rock|[from] move: Defog|[of] p2a: Rotom
|-sideend|p2: Crustaceo|Stealth Rock|[from] move: Defog|[of] p2a: Rotom
|move|p1a: megan the eggin|Toxic|p2a: Rotom
|-status|p2a: Rotom|tox
|
|-heal|p2a: Rotom|100/100 tox|[from] item: Leftovers
|-damage|p2a: Rotom|94/100 tox|[from] psn
|upkeep
|turn|7
|
|t:|1659874746
|move|p2a: Rotom|Will-O-Wisp|p1a: megan the eggin
|-status|p1a: megan the eggin|brn
|move|p1a: megan the eggin|Stealth Rock|p2a: Rotom
|-sidestart|p2: Crustaceo|move: Stealth Rock
|
|-heal|p2a: Rotom|100/100 tox|[from] item: Leftovers
|-damage|p2a: Rotom|88/100 tox|[from] psn
|-damage|p1a: megan the eggin|94/100 brn|[from] brn
|upkeep
|turn|8
|
|t:|1659874755
|move|p2a: Rotom|Defog|p1a: megan the eggin
|-unboost|p1a: megan the eggin|evasion|1
|-sideend|p2: Crustaceo|Stealth Rock|[from] move: Defog|[of] p2a: Rotom
|move|p1a: megan the eggin|Seismic Toss|p2a: Rotom
|-damage|p2a: Rotom|55/100 tox
|
|-heal|p2a: Rotom|61/100 tox|[from] item: Leftovers
|-damage|p2a: Rotom|43/100 tox|[from] psn
|-damage|p1a: megan the eggin|88/100 brn|[from] brn
|upkeep
|turn|9
|
|t:|1659874758
|move|p2a: Rotom|Volt Switch|p1a: megan the eggin
|-damage|p1a: megan the eggin|80/100 brn
|
|t:|1659874762
|switch|p2a: Nidoking|Nidoking, M, shiny|100/100|[from]move: Volt Switch
|move|p1a: megan the eggin|Stealth Rock|p2a: Nidoking
|-sidestart|p2: Crustaceo|move: Stealth Rock
|
|-damage|p1a: megan the eggin|74/100 brn|[from] brn
|upkeep
|turn|10
|
|t:|1659874766
|move|p2a: Nidoking|Sludge Wave|p1a: megan the eggin
|-damage|p1a: megan the eggin|52/100 brn
|move|p1a: megan the eggin|Seismic Toss|p2a: Nidoking
|-damage|p2a: Nidoking|67/100
|
|-damage|p1a: megan the eggin|46/100 brn|[from] brn
|upkeep
|turn|11
|
|t:|1659874774
|move|p2a: Nidoking|Fire Blast|p1a: megan the eggin
|-damage|p1a: megan the eggin|29/100 brn
|move|p1a: megan the eggin|Soft-Boiled|p1a: megan the eggin
|-heal|p1a: megan the eggin|79/100 brn
|
|-damage|p1a: megan the eggin|73/100 brn|[from] brn
|upkeep
|turn|12
|
|t:|1659874797
|move|p2a: Nidoking|Sludge Wave|p1a: megan the eggin
|-damage|p1a: megan the eggin|53/100 brn
|move|p1a: megan the eggin|Seismic Toss|p2a: Nidoking
|-damage|p2a: Nidoking|34/100
|
|-damage|p1a: megan the eggin|46/100 brn|[from] brn
|upkeep
|turn|13
|
|t:|1659874804
|move|p2a: Nidoking|Sludge Wave|p1a: megan the eggin
|-damage|p1a: megan the eggin|24/100 brn
|move|p1a: megan the eggin|Soft-Boiled|p1a: megan the eggin
|-heal|p1a: megan the eggin|74/100 brn
|
|-damage|p1a: megan the eggin|68/100 brn|[from] brn
|upkeep
|turn|14
|
|t:|1659874806
|switch|p2a: Zarude|Zarude|100/100
|-damage|p2a: Zarude|88/100|[from] Stealth Rock
|move|p1a: megan the eggin|Soft-Boiled|p1a: megan the eggin
|-heal|p1a: megan the eggin|100/100 brn
|
|-damage|p1a: megan the eggin|94/100 brn|[from] brn
|upkeep
|turn|15
|
|t:|1659874820
|-curestatus|p1a: megan the eggin|brn|[from] ability: Natural Cure
|switch|p1a: tang ur wang|Tangrowth, M|100/100
|move|p2a: Zarude|Power Whip|p1a: tang ur wang|[miss]
|-miss|p2a: Zarude|p1a: tang ur wang
|
|upkeep
|turn|16
|
|t:|1659874828
|switch|p2a: Chansey|Chansey, F|72/100
|-damage|p2a: Chansey|59/100|[from] Stealth Rock
|move|p1a: tang ur wang|Power Whip|p2a: Chansey|[miss]
|-miss|p1a: tang ur wang|p2a: Chansey
|
|upkeep
|turn|17
|
|t:|1659874836
|move|p1a: tang ur wang|Power Whip|p2a: Chansey
|-damage|p2a: Chansey|17/100
|move|p2a: Chansey|Stealth Rock|p1a: tang ur wang
|-sidestart|p1: 5 pia to the top|move: Stealth Rock
|
|upkeep
|turn|18
|
|t:|1659874841
|move|p1a: tang ur wang|Earthquake|p2a: Chansey
|-damage|p2a: Chansey|0 fnt
|faint|p2a: Chansey
|
|upkeep
|
|t:|1659874845
|switch|p2a: Nidoking|Nidoking, M, shiny|34/100
|-damage|p2a: Nidoking|29/100|[from] Stealth Rock
|turn|19
|
|t:|1659874850
|switch|p1a: megan the eggin|Chansey, F|94/100
|-damage|p1a: megan the eggin|82/100|[from] Stealth Rock
|move|p2a: Nidoking|Sludge Wave|p1a: megan the eggin
|-damage|p1a: megan the eggin|59/100
|
|upkeep
|turn|20
|
|t:|1659874856
|move|p2a: Nidoking|Sludge Wave|p1a: megan the eggin
|-damage|p1a: megan the eggin|37/100
|move|p1a: megan the eggin|Soft-Boiled|p1a: megan the eggin
|-heal|p1a: megan the eggin|87/100
|
|upkeep
|turn|21
|
|t:|1659874859
|move|p2a: Nidoking|Sludge Wave|p1a: megan the eggin
|-damage|p1a: megan the eggin|66/100
|move|p1a: megan the eggin|Soft-Boiled|p1a: megan the eggin
|-heal|p1a: megan the eggin|100/100
|
|upkeep
|turn|22
|
|t:|1659874863
|switch|p2a: Zarude|Zarude|88/100
|-damage|p2a: Zarude|76/100|[from] Stealth Rock
|move|p1a: megan the eggin|Seismic Toss|p2a: Zarude
|-damage|p2a: Zarude|48/100
|
|upkeep
|turn|23
|
|t:|1659874866
|move|p2a: Zarude|Darkest Lariat|p1a: megan the eggin
|-damage|p1a: megan the eggin|72/100
|move|p1a: megan the eggin|Soft-Boiled|p1a: megan the eggin
|-heal|p1a: megan the eggin|100/100
|
|upkeep
|turn|24
|
|t:|1659874870
|move|p2a: Zarude|Darkest Lariat|p1a: megan the eggin
|-damage|p1a: megan the eggin|73/100
|move|p1a: megan the eggin|Seismic Toss|p2a: Zarude
|-damage|p2a: Zarude|19/100
|
|upkeep
|turn|25
|inactive|Crustaceo has 120 seconds left.
|-message|Crustaceo forfeited.
|
|win|5 pia to the top
|raw|5 pia to the top's rating: 1296 &rarr; <strong>1320</strong><br />(+24 for winning)
|raw|Crustaceo's rating: 1280 &rarr; <strong>1256</strong><br />(-24 for losing)
|l|☆Crustaceo
