|j|☆Hydreigon > Latias
|j|☆rulky
|t:|1666965628
|gametype|singles
|player|p1|Hydreigon > Latias|guitarist|1506
|player|p2|rulky|maid|1628
|teamsize|p1|6
|teamsize|p2|6
|gen|8
|tier|[Gen 8] UU
|rated|
|rule|Sleep Clause Mod: Limit one foe put to sleep
|rule|Species Clause: Limit one of each Pokémon
|rule|OHKO Clause: OHKO moves are banned
|rule|Evasion Items Clause: Evasion items are banned
|rule|Evasion Moves Clause: Evasion moves are banned
|rule|Endless Battle Clause: Forcing endless battles is banned
|rule|HP Percentage Mod: HP is shown in percentages
|rule|Dynamax Clause: You cannot dynamax
|clearpoke
|poke|p1|Chansey, F|
|poke|p1|Dhelmise|
|poke|p1|Skarmory, F|
|poke|p1|Keldeo-Resolute|
|poke|p1|Nidoking, M|
|poke|p1|Hydreigon, F|
|poke|p2|Excadrill, M|
|poke|p2|Hydreigon, M|
|poke|p2|Gyarados, F|
|poke|p2|Scizor, F|
|poke|p2|Azelf|
|poke|p2|Nihilego|
|teampreview
|
|t:|1666965645
|start
|switch|p1a: Skarmory|Skarmory, F|100/100
|switch|p2a: Excadrill|Excadrill, M|100/100
|-ability|p2a: Excadrill|Mold Breaker
|turn|1
|
|t:|1666965650
|move|p2a: Excadrill|Rock Tomb|p1a: Skarmory
|-damage|p1a: Skarmory|86/100
|-unboost|p1a: Skarmory|spe|1
|move|p1a: Skarmory|Body Press|p2a: Excadrill
|-supereffective|p2a: Excadrill
|-damage|p2a: Excadrill|15/100
|
|upkeep
|turn|2
|
|t:|1666965654
|move|p2a: Excadrill|Stealth Rock|p1a: Skarmory
|-sidestart|p1: Hydreigon > Latias|move: Stealth Rock
|move|p1a: Skarmory|Spikes|p2a: Excadrill
|-sidestart|p2: rulky|Spikes
|
|upkeep
|turn|3
|
|t:|1666965659
|switch|p2a: Hydreigon|Hydreigon, M|100/100
|move|p1a: Skarmory|Spikes|p2a: Hydreigon
|-sidestart|p2: rulky|Spikes
|
|upkeep
|turn|4
|
|t:|1666965665
|switch|p1a: Chansey|Chansey, F|100/100
|-damage|p1a: Chansey|88/100|[from] Stealth Rock
|move|p2a: Hydreigon|Nasty Plot|p2a: Hydreigon
|-boost|p2a: Hydreigon|spa|2
|
|upkeep
|turn|5
|
|t:|1666965667
|move|p2a: Hydreigon|Nasty Plot|p2a: Hydreigon
|-boost|p2a: Hydreigon|spa|2
|move|p1a: Chansey|Thunder Wave|p2a: Hydreigon
|-status|p2a: Hydreigon|par
|
|upkeep
|turn|6
|
|t:|1666965676
|switch|p1a: Nidoking|Nidoking, M|100/100
|-damage|p1a: Nidoking|95/100|[from] Stealth Rock
|cant|p2a: Hydreigon|par
|
|upkeep
|turn|7
|
|t:|1666965678
|move|p1a: Nidoking|Sludge Wave|p2a: Hydreigon
|-damage|p2a: Hydreigon|16/100 par
|move|p2a: Hydreigon|Dark Pulse|p1a: Nidoking
|-damage|p1a: Nidoking|0 fnt
|faint|p1a: Nidoking
|
|upkeep
|
|t:|1666965683
|switch|p1a: Keldeo|Keldeo-Resolute|100/100
|-damage|p1a: Keldeo|94/100|[from] Stealth Rock
|turn|8
|
|t:|1666965688
|move|p1a: Keldeo|Secret Sword|p2a: Hydreigon
|-supereffective|p2a: Hydreigon
|-enditem|p2a: Hydreigon|Chople Berry|[eat]
|-enditem|p2a: Hydreigon|Chople Berry|[weaken]
|-damage|p2a: Hydreigon|0 fnt
|faint|p2a: Hydreigon
|
|upkeep
|
|t:|1666965695
|switch|p2a: Gyarados|Gyarados, F|100/100
|turn|9
|
|t:|1666965699
|switch|p1a: Skarmory|Skarmory, F|86/100
|-damage|p1a: Skarmory|74/100|[from] Stealth Rock
|move|p2a: Gyarados|Dragon Dance|p2a: Gyarados
|-boost|p2a: Gyarados|atk|1
|-boost|p2a: Gyarados|spe|1
|
|upkeep
|turn|10
|
|t:|1666965702
|move|p2a: Gyarados|Dragon Dance|p2a: Gyarados
|-boost|p2a: Gyarados|atk|1
|-boost|p2a: Gyarados|spe|1
|move|p1a: Skarmory|Roost|p1a: Skarmory
|-heal|p1a: Skarmory|100/100
|-singleturn|p1a: Skarmory|move: Roost
|
|upkeep
|turn|11
|
|t:|1666965704
|move|p2a: Gyarados|Waterfall|p1a: Skarmory
|-damage|p1a: Skarmory|44/100
|-damage|p2a: Gyarados|84/100|[from] item: Rocky Helmet|[of] p1a: Skarmory
|move|p1a: Skarmory|Iron Defense|p1a: Skarmory
|-boost|p1a: Skarmory|def|2
|
|-heal|p2a: Gyarados|90/100|[from] item: Leftovers
|upkeep
|turn|12
|
|t:|1666965708
|move|p2a: Gyarados|Waterfall|p1a: Skarmory
|-damage|p1a: Skarmory|15/100
|-damage|p2a: Gyarados|73/100|[from] item: Rocky Helmet|[of] p1a: Skarmory
|move|p1a: Skarmory|Roost|p1a: Skarmory
|-heal|p1a: Skarmory|65/100
|-singleturn|p1a: Skarmory|move: Roost
|
|-heal|p2a: Gyarados|79/100|[from] item: Leftovers
|upkeep
|turn|13
|
|t:|1666965714
|switch|p2a: Azelf|Azelf|100/100
|move|p1a: Skarmory|Iron Defense|p1a: Skarmory
|-boost|p1a: Skarmory|def|2
|
|upkeep
|turn|14
|
|t:|1666965719
|switch|p1a: Chansey|Chansey, F|88/100
|-damage|p1a: Chansey|75/100|[from] Stealth Rock
|move|p2a: Azelf|Nasty Plot|p2a: Azelf
|-boost|p2a: Azelf|spa|2
|
|upkeep
|turn|15
|
|t:|1666965722
|move|p2a: Azelf|Psyshock|p1a: Chansey
|-damage|p1a: Chansey|24/100
|move|p1a: Chansey|Soft-Boiled|p1a: Chansey
|-heal|p1a: Chansey|74/100
|
|upkeep
|turn|16
|
|t:|1666965724
|switch|p1a: Hydreigon|Hydreigon, F|100/100
|-damage|p1a: Hydreigon|88/100|[from] Stealth Rock
|move|p2a: Azelf|Psyshock|p1a: Hydreigon
|-immune|p1a: Hydreigon
|
|upkeep
|turn|17
|
|t:|1666965727
|move|p1a: Hydreigon|Dark Pulse|p2a: Azelf
|-supereffective|p2a: Azelf
|-damage|p2a: Azelf|0 fnt
|faint|p2a: Azelf
|
|upkeep
|
|t:|1666965734
|switch|p2a: Scizor|Scizor, F|100/100
|-damage|p2a: Scizor|84/100|[from] Spikes
|turn|18
|
|t:|1666965737
|switch|p1a: Keldeo|Keldeo-Resolute|94/100
|-damage|p1a: Keldeo|88/100|[from] Stealth Rock
|move|p2a: Scizor|Swords Dance|p2a: Scizor
|-boost|p2a: Scizor|atk|2
|
|upkeep
|turn|19
|
|t:|1666965741
|move|p1a: Keldeo|Hydro Pump|p2a: Scizor
|-damage|p2a: Scizor|0 fnt
|faint|p2a: Scizor
|
|upkeep
|
|t:|1666965744
|switch|p2a: Gyarados|Gyarados, F|79/100
|turn|20
|
|t:|1666965748
|switch|p1a: Skarmory|Skarmory, F|65/100
|-damage|p1a: Skarmory|52/100|[from] Stealth Rock
|move|p2a: Gyarados|Dragon Dance|p2a: Gyarados
|-boost|p2a: Gyarados|atk|1
|-boost|p2a: Gyarados|spe|1
|
|-heal|p2a: Gyarados|85/100|[from] item: Leftovers
|upkeep
|turn|21
|
|t:|1666965750
|move|p2a: Gyarados|Waterfall|p1a: Skarmory
|-crit|p1a: Skarmory
|-damage|p1a: Skarmory|0 fnt
|-damage|p2a: Gyarados|69/100|[from] item: Rocky Helmet|[of] p1a: Skarmory
|faint|p1a: Skarmory
|-ability|p2a: Gyarados|Moxie|boost
|-boost|p2a: Gyarados|atk|1
|
|-heal|p2a: Gyarados|75/100|[from] item: Leftovers
|upkeep
|
|t:|1666965758
|switch|p1a: Dhelmise|Dhelmise|100/100
|turn|22
|
|t:|1666965761
|move|p2a: Gyarados|Bounce||[still]
|-prepare|p2a: Gyarados|Bounce
|move|p1a: Dhelmise|Power Whip|p2a: Gyarados|[miss]
|-miss|p1a: Dhelmise|p2a: Gyarados
|
|-heal|p2a: Gyarados|81/100|[from] item: Leftovers
|upkeep
|turn|23
|
|t:|1666965768
|move|p2a: Gyarados|Bounce|p1a: Dhelmise|[from]lockedmove|[miss]
|-miss|p2a: Gyarados|p1a: Dhelmise
|move|p1a: Dhelmise|Power Whip|p2a: Gyarados
|-damage|p2a: Gyarados|20/100
|
|-heal|p2a: Gyarados|26/100|[from] item: Leftovers
|upkeep
|turn|24
|j| Liz Angeles
|l| Liz Angeles
|
|t:|1666965780
|move|p2a: Gyarados|Bounce||[still]
|-prepare|p2a: Gyarados|Bounce
|move|p1a: Dhelmise|Power Whip|p2a: Gyarados|[miss]
|-miss|p1a: Dhelmise|p2a: Gyarados
|
|-heal|p2a: Gyarados|32/100|[from] item: Leftovers
|upkeep
|turn|25
|c|☆rulky|Ffs
|
|t:|1666965783
|move|p2a: Gyarados|Bounce|p1a: Dhelmise|[from]lockedmove
|-supereffective|p1a: Dhelmise
|-damage|p1a: Dhelmise|0 fnt
|faint|p1a: Dhelmise
|-ability|p2a: Gyarados|Moxie|boost
|-boost|p2a: Gyarados|atk|1
|
|-heal|p2a: Gyarados|38/100|[from] item: Leftovers
|upkeep
|
|t:|1666965785
|switch|p1a: Hydreigon|Hydreigon, F|88/100
|-damage|p1a: Hydreigon|76/100|[from] Stealth Rock
|turn|26
|
|t:|1666965790
|switch|p2a: Excadrill|Excadrill, M|15/100
|-damage|p2a: Excadrill|0 fnt|[from] Spikes
|faint|p2a: Excadrill
|move|p1a: Hydreigon|Draco Meteor|p2: Excadrill|[notarget]
|-fail|p1a: Hydreigon
|
|upkeep
|
|t:|1666965791
|switch|p2a: Nihilego|Nihilego|100/100
|-damage|p2a: Nihilego|84/100|[from] Spikes
|turn|27
|
|t:|1666965794
|switch|p1a: Chansey|Chansey, F|74/100
|-damage|p1a: Chansey|62/100|[from] Stealth Rock
|move|p2a: Nihilego|Meteor Beam||[still]
|-prepare|p2a: Nihilego|Meteor Beam
|-boost|p2a: Nihilego|spa|1
|-enditem|p2a: Nihilego|Power Herb
|-anim|p2a: Nihilego|Meteor Beam|p1a: Chansey
|-damage|p1a: Chansey|34/100
|
|upkeep
|turn|28
|
|t:|1666965797
|move|p2a: Nihilego|Meteor Beam||[still]
|-prepare|p2a: Nihilego|Meteor Beam
|-boost|p2a: Nihilego|spa|1
|move|p1a: Chansey|Soft-Boiled|p1a: Chansey
|-heal|p1a: Chansey|84/100
|
|upkeep
|turn|29
|
|t:|1666965800
|move|p2a: Nihilego|Meteor Beam|p1a: Chansey|[from]lockedmove
|-damage|p1a: Chansey|51/100
|move|p1a: Chansey|Thunder Wave|p2a: Nihilego
|-status|p2a: Nihilego|par
|
|upkeep
|turn|30
|
|t:|1666965802
|move|p2a: Nihilego|Meteor Beam||[still]
|-prepare|p2a: Nihilego|Meteor Beam
|-boost|p2a: Nihilego|spa|1
|move|p1a: Chansey|Soft-Boiled|p1a: Chansey
|-heal|p1a: Chansey|100/100
|
|upkeep
|turn|31
|
|t:|1666965804
|move|p2a: Nihilego|Meteor Beam|p1a: Chansey|[from]lockedmove
|-damage|p1a: Chansey|53/100
|move|p1a: Chansey|Seismic Toss|p2a: Nihilego
|-damage|p2a: Nihilego|56/100 par
|
|upkeep
|turn|32
|
|t:|1666965808
|cant|p2a: Nihilego|par
|move|p1a: Chansey|Soft-Boiled|p1a: Chansey
|-heal|p1a: Chansey|100/100
|
|upkeep
|turn|33
|
|t:|1666965810
|move|p2a: Nihilego|Sludge Wave|p1a: Chansey
|-damage|p1a: Chansey|67/100
|move|p1a: Chansey|Seismic Toss|p2a: Nihilego
|-damage|p2a: Nihilego|28/100 par
|
|upkeep
|turn|34
|
|t:|1666965814
|cant|p2a: Nihilego|par
|move|p1a: Chansey|Soft-Boiled|p1a: Chansey
|-heal|p1a: Chansey|100/100
|
|upkeep
|turn|35
|
|t:|1666965816
|move|p2a: Nihilego|Pain Split|p1a: Chansey
|-sethp|p1a: Chansey|58/100|[from] move: Pain Split|[silent]
|-sethp|p2a: Nihilego|100/100 par|[from] move: Pain Split
|move|p1a: Chansey|Seismic Toss|p2a: Nihilego
|-damage|p2a: Nihilego|73/100 par
|
|upkeep
|turn|36
|
|t:|1666965825
|move|p2a: Nihilego|Sludge Wave|p1a: Chansey
|-damage|p1a: Chansey|24/100
|move|p1a: Chansey|Seismic Toss|p2a: Nihilego
|-damage|p2a: Nihilego|45/100 par
|
|upkeep
|turn|37
|
|t:|1666965835
|move|p2a: Nihilego|Sludge Wave|p1a: Chansey
|-damage|p1a: Chansey|0 fnt
|faint|p1a: Chansey
|-ability|p2a: Nihilego|Beast Boost|boost
|-boost|p2a: Nihilego|spe|1
|
|upkeep
|
|t:|1666965840
|switch|p1a: Keldeo|Keldeo-Resolute|88/100
|-damage|p1a: Keldeo|82/100|[from] Stealth Rock
|turn|38
|
|t:|1666965842
|move|p1a: Keldeo|Secret Sword|p2a: Nihilego
|-damage|p2a: Nihilego|0 fnt
|faint|p2a: Nihilego
|
|upkeep
|
|t:|1666965844
|switch|p2a: Gyarados|Gyarados, F|38/100
|turn|39
|
|t:|1666965847
|move|p1a: Keldeo|Secret Sword|p2a: Gyarados
|-resisted|p2a: Gyarados
|-damage|p2a: Gyarados|0 fnt
|faint|p2a: Gyarados
|
|win|Hydreigon > Latias
|raw|Hydreigon &gt; Latias's rating: 1506 &rarr; <strong>1533</strong><br />(+27 for winning)
|raw|rulky's rating: 1628 &rarr; <strong>1601</strong><br />(-27 for losing)
|c|☆rulky|Gg
|l|☆rulky
||Ladder isn't responding, score probably updated but might not have (Request timeout).
