|j|☆brundisium
|j|☆Kiawe lol
|t:|1616551109
|player|p1|brundisium|birdkeeper-gen4dp|
|player|p2|Kiawe lol|winona|
|teamsize|p1|6
|teamsize|p2|6
|gametype|singles
|gen|8
|tier|[Gen 8] UU
|rated|Tournament battle
|clearpoke
|poke|p1|Slowking, M|
|poke|p1|Tangrowth, M|
|poke|p1|Rotom-Heat|
|poke|p1|Scizor, M|
|poke|p1|Krookodile, F|
|poke|p1|Kommo-o, M|
|poke|p2|Kyurem|
|poke|p2|Grimmsnarl, M|
|poke|p2|Hatterene, F|
|poke|p2|Scizor, M|
|poke|p2|Zeraora|
|poke|p2|Alakazam, M|
|rule|Sleep Clause Mod: Limit one foe put to sleep
|rule|Species Clause: Limit one of each Pokémon
|rule|OHKO Clause: OHKO moves are banned
|rule|Evasion Moves Clause: Evasion moves are banned
|rule|Endless Battle Clause: Forcing endless battles is banned
|rule|HP Percentage Mod: HP is shown in percentages
|rule|Dynamax Clause: You cannot dynamax
|teampreview
|inactive|Battle timer is ON: inactive players will automatically lose when time's up. (requested by Kiawe lol)
|inactive|brundisium has 120 seconds left.
|
|t:|1616551143
|start
|switch|p1a: Tangrowth|Tangrowth, M|100/100
|switch|p2a: Grimmsnarl|Grimmsnarl, M, shiny|100/100
|turn|1
|j| epileptic shrub
|
|t:|1616551153
|move|p2a: Grimmsnarl|Thunder Wave|p1a: Tangrowth
|-status|p1a: Tangrowth|par
|move|p1a: Tangrowth|Knock Off|p2a: Grimmsnarl
|-resisted|p2a: Grimmsnarl
|-damage|p2a: Grimmsnarl|94/100
|-enditem|p2a: Grimmsnarl|Light Clay|[from] move: Knock Off|[of] p1a: Tangrowth
|
|upkeep
|turn|2
|
|t:|1616551163
|move|p2a: Grimmsnarl|Reflect|p2a: Grimmsnarl
|-sidestart|p2: Kiawe lol|Reflect
|cant|p1a: Tangrowth|par
|
|upkeep
|turn|3
|
|t:|1616551169
|switch|p1a: Rotom|Rotom-Heat|100/100
|move|p2a: Grimmsnarl|Light Screen|p2a: Grimmsnarl
|-sidestart|p2: Kiawe lol|move: Light Screen
|
|upkeep
|turn|4
|
|t:|1616551172
|move|p2a: Grimmsnarl|Taunt|p1a: Rotom
|-start|p1a: Rotom|move: Taunt
|cant|p1a: Rotom|move: Taunt|Defog
|
|upkeep
|turn|5
|
|t:|1616551183
|switch|p2a: Zeraora|Zeraora, shiny|100/100
|move|p1a: Rotom|Volt Switch|p2a: Zeraora
|-immune|p2a: Zeraora|[from] ability: Volt Absorb
|
|upkeep
|turn|6
|inactive|brundisium has 120 seconds left.
|
|t:|1616551226
|switch|p1a: Krookodile|Krookodile, F|100/100
|-ability|p1a: Krookodile|Intimidate|boost
|-unboost|p2a: Zeraora|atk|1
|move|p2a: Zeraora|Knock Off|p1a: Krookodile
|-resisted|p1a: Krookodile
|-damage|p1a: Krookodile|83/100
|-enditem|p1a: Krookodile|Choice Scarf|[from] move: Knock Off|[of] p2a: Zeraora
|-damage|p2a: Zeraora|91/100|[from] item: Life Orb
|
|-sideend|p2: Kiawe lol|Reflect
|upkeep
|turn|7
|
|t:|1616551243
|move|p2a: Zeraora|Drain Punch|p1a: Krookodile
|-supereffective|p1a: Krookodile
|-damage|p1a: Krookodile|30/100
|-heal|p2a: Zeraora|100/100|[from] drain|[of] p1a: Krookodile
|-damage|p2a: Zeraora|91/100|[from] item: Life Orb
|move|p1a: Krookodile|Earthquake|p2a: Zeraora
|-supereffective|p2a: Zeraora
|-damage|p2a: Zeraora|0 fnt
|faint|p2a: Zeraora
|
|-sideend|p2: Kiawe lol|move: Light Screen
|upkeep
|
|t:|1616551257
|switch|p2a: Kyurem|Kyurem, shiny|100/100
|-ability|p2a: Kyurem|Pressure
|turn|8
|
|t:|1616551260
|switch|p1a: Scizor|Scizor, M|100/100
|move|p2a: Kyurem|Freeze-Dry|p1a: Scizor
|-resisted|p1a: Scizor
|-damage|p1a: Scizor|78/100
|-damage|p2a: Kyurem|91/100|[from] item: Life Orb
|
|upkeep
|turn|9
|
|t:|1616551273
|move|p2a: Kyurem|Earth Power|p1a: Scizor
|-damage|p1a: Scizor|41/100
|-unboost|p1a: Scizor|spd|1
|-damage|p2a: Kyurem|81/100|[from] item: Life Orb
|move|p1a: Scizor|Roost|p1a: Scizor
|-heal|p1a: Scizor|91/100
|-singleturn|p1a: Scizor|move: Roost
|
|upkeep
|turn|10
|
|t:|1616551283
|switch|p2a: Grimmsnarl|Grimmsnarl, M, shiny|94/100
|switch|p1a: Slowking|Slowking, M|100/100
|
|upkeep
|turn|11
|
|t:|1616551289
|move|p2a: Grimmsnarl|Taunt|p1a: Slowking
|-start|p1a: Slowking|move: Taunt
|move|p1a: Slowking|Scald|p2a: Grimmsnarl
|-damage|p2a: Grimmsnarl|72/100
|
|upkeep
|turn|12
|
|t:|1616551296
|move|p2a: Grimmsnarl|Light Screen|p2a: Grimmsnarl
|-sidestart|p2: Kiawe lol|move: Light Screen
|move|p1a: Slowking|Scald|p2a: Grimmsnarl
|-damage|p2a: Grimmsnarl|62/100
|
|upkeep
|turn|13
|
|t:|1616551307
|move|p2a: Grimmsnarl|Thunder Wave|p1a: Slowking
|-status|p1a: Slowking|par
|cant|p1a: Slowking|par
|
|-end|p1a: Slowking|move: Taunt
|upkeep
|turn|14
|
|t:|1616551315
|switch|p2a: Scizor|Scizor, M, shiny|100/100
|switch|p1a: Rotom|Rotom-Heat|100/100
|
|upkeep
|turn|15
|
|t:|1616551327
|switch|p2a: Grimmsnarl|Grimmsnarl, M, shiny|62/100
|move|p1a: Rotom|Overheat|p2a: Grimmsnarl
|-damage|p2a: Grimmsnarl|44/100
|-unboost|p1a: Rotom|spa|2
|
|upkeep
|turn|16
|
|t:|1616551334
|move|p2a: Grimmsnarl|Taunt|p1a: Rotom
|-start|p1a: Rotom|move: Taunt
|cant|p1a: Rotom|move: Taunt|Defog
|
|-sideend|p2: Kiawe lol|move: Light Screen
|upkeep
|turn|17
|
|t:|1616551339
|move|p2a: Grimmsnarl|Light Screen|p2a: Grimmsnarl
|-sidestart|p2: Kiawe lol|move: Light Screen
|move|p1a: Rotom|Volt Switch|p2a: Grimmsnarl
|-crit|p2a: Grimmsnarl
|-damage|p2a: Grimmsnarl|18/100
|
|t:|1616551346
|switch|p1a: Slowking|Slowking, M|100/100 par|[from]move: Volt Switch
|
|upkeep
|turn|18
|
|t:|1616551351
|switch|p1a: Rotom|Rotom-Heat|100/100
|move|p2a: Grimmsnarl|Taunt|p1a: Rotom
|-start|p1a: Rotom|move: Taunt
|
|upkeep
|turn|19
|
|t:|1616551358
|move|p2a: Grimmsnarl|Reflect|p2a: Grimmsnarl
|-sidestart|p2: Kiawe lol|Reflect
|move|p1a: Rotom|Volt Switch|p2a: Grimmsnarl
|-damage|p2a: Grimmsnarl|8/100
|
|t:|1616551360
|switch|p1a: Slowking|Slowking, M|100/100 par|[from]move: Volt Switch
|
|upkeep
|turn|20
|
|t:|1616551363
|switch|p1a: Rotom|Rotom-Heat|100/100
|move|p2a: Grimmsnarl|Taunt|p1a: Rotom
|-start|p1a: Rotom|move: Taunt
|
|upkeep
|turn|21
|
|t:|1616551371
|switch|p2a: Kyurem|Kyurem, shiny|81/100
|-ability|p2a: Kyurem|Pressure
|move|p1a: Rotom|Volt Switch|p2a: Kyurem
|-resisted|p2a: Kyurem
|-damage|p2a: Kyurem|75/100
|
|t:|1616551395
|switch|p1a: Scizor|Scizor, M|91/100|[from]move: Volt Switch
|
|-sideend|p2: Kiawe lol|move: Light Screen
|upkeep
|turn|22
|
|t:|1616551402
|move|p2a: Kyurem|Blizzard|p1a: Scizor|[miss]
|-miss|p2a: Kyurem|p1a: Scizor
|move|p1a: Scizor|Roost|p1a: Scizor
|-heal|p1a: Scizor|100/100
|-singleturn|p1a: Scizor|move: Roost
|
|upkeep
|turn|23
|
|t:|1616551407
|move|p1a: Scizor|Bullet Punch|p2a: Kyurem
|-supereffective|p2a: Kyurem
|-damage|p2a: Kyurem|48/100
|move|p2a: Kyurem|Blizzard|p1a: Scizor|[miss]
|-miss|p2a: Kyurem|p1a: Scizor
|
|-sideend|p2: Kiawe lol|Reflect
|upkeep
|turn|24
|
|t:|1616551412
|move|p1a: Scizor|Bullet Punch|p2a: Kyurem
|-supereffective|p2a: Kyurem
|-damage|p2a: Kyurem|0 fnt
|faint|p2a: Kyurem
|
|upkeep
|
|t:|1616551416
|switch|p2a: Grimmsnarl|Grimmsnarl, M, shiny|8/100
|turn|25
|
|t:|1616551427
|move|p1a: Scizor|Bullet Punch|p2a: Grimmsnarl
|-supereffective|p2a: Grimmsnarl
|-damage|p2a: Grimmsnarl|0 fnt
|faint|p2a: Grimmsnarl
|
|upkeep
|
|t:|1616551433
|switch|p2a: Hatterene|Hatterene, F, shiny|100/100
|turn|26
|
|t:|1616551436
|move|p1a: Scizor|U-turn|p2a: Hatterene
|-damage|p2a: Hatterene|63/100
|
|t:|1616551443
|switch|p1a: Rotom|Rotom-Heat|100/100|[from]move: U-turn
|move|p2a: Hatterene|Mystical Fire|p1a: Rotom
|-resisted|p1a: Rotom
|-damage|p1a: Rotom|86/100
|-unboost|p1a: Rotom|spa|1
|
|upkeep
|turn|27
|
|t:|1616551448
|move|p1a: Rotom|Volt Switch|p2a: Hatterene
|-damage|p2a: Hatterene|45/100
|
|t:|1616551451
|switch|p1a: Scizor|Scizor, M|100/100|[from]move: Volt Switch
|move|p2a: Hatterene|Trick Room|p2a: Hatterene
|-fieldstart|move: Trick Room|[of] p2a: Hatterene
|
|upkeep
|turn|28
|
|t:|1616551456
|move|p1a: Scizor|Bullet Punch|p2a: Hatterene
|-supereffective|p2a: Hatterene
|-damage|p2a: Hatterene|0 fnt
|faint|p2a: Hatterene
|
|upkeep
|
|t:|1616551459
|switch|p2a: Scizor|Scizor, M, shiny|100/100
|turn|29
|
|t:|1616551463
|move|p2a: Scizor|Dual Wingbeat|p1a: Scizor
|-damage|p1a: Scizor|80/100
|-damage|p1a: Scizor|58/100
|-hitcount|p1a: Scizor|2
|move|p1a: Scizor|U-turn|p2a: Scizor
|-resisted|p2a: Scizor
|-damage|p2a: Scizor|85/100
|
|t:|1616551468
|switch|p1a: Rotom|Rotom-Heat|86/100|[from]move: U-turn
|
|-heal|p2a: Scizor|91/100|[from] item: Leftovers
|upkeep
|turn|30
|
|t:|1616551473
|switch|p2a: Alakazam|Alakazam, M|100/100
|move|p1a: Rotom|Overheat|p2a: Alakazam|[miss]
|-miss|p1a: Rotom|p2a: Alakazam
|
|upkeep
|turn|31
|
|t:|1616551481
|move|p1a: Rotom|Volt Switch|p2a: Alakazam
|-damage|p2a: Alakazam|68/100
|
|t:|1616551486
|switch|p1a: Tangrowth|Tangrowth, M|100/100 par|[from]move: Volt Switch
|move|p2a: Alakazam|Focus Blast|p1a: Tangrowth|[miss]
|-miss|p2a: Alakazam|p1a: Tangrowth
|-enditem|p2a: Alakazam|Blunder Policy
|-boost|p2a: Alakazam|spe|2
|
|-fieldend|move: Trick Room
|upkeep
|turn|32
|
|t:|1616551494
|move|p2a: Alakazam|Nasty Plot|p2a: Alakazam
|-boost|p2a: Alakazam|spa|2
|move|p1a: Tangrowth|Giga Drain|p2a: Alakazam
|-damage|p2a: Alakazam|26/100
|
|upkeep
|turn|33
|
|t:|1616551500
|move|p2a: Alakazam|Psychic|p1a: Tangrowth
|-damage|p1a: Tangrowth|23/100 par
|cant|p1a: Tangrowth|par
|
|upkeep
|turn|34
|
|t:|1616551503
|move|p2a: Alakazam|Psychic|p1a: Tangrowth
|-damage|p1a: Tangrowth|0 fnt
|faint|p1a: Tangrowth
|
|upkeep
|
|t:|1616551505
|switch|p1a: Scizor|Scizor, M|58/100
|turn|35
|
|t:|1616551509
|move|p1a: Scizor|Bullet Punch|p2a: Alakazam
|-damage|p2a: Alakazam|0 fnt
|faint|p2a: Alakazam
|
|upkeep
|
|t:|1616551512
|switch|p2a: Scizor|Scizor, M, shiny|91/100
|turn|36
|
|t:|1616551522
|move|p1a: Scizor|U-turn|p2a: Scizor
|-resisted|p2a: Scizor
|-damage|p2a: Scizor|75/100
|
|t:|1616551524
|switch|p1a: Rotom|Rotom-Heat|86/100|[from]move: U-turn
|move|p2a: Scizor|Swords Dance|p2a: Scizor
|-boost|p2a: Scizor|atk|2
|
|-heal|p2a: Scizor|82/100|[from] item: Leftovers
|upkeep
|turn|37
|
|t:|1616551531
|move|p1a: Rotom|Overheat|p2a: Scizor
|-supereffective|p2a: Scizor
|-damage|p2a: Scizor|0 fnt
|-unboost|p1a: Rotom|spa|2
|faint|p2a: Scizor
|
|win|brundisium
|n|☆brundisium|brundisium
|n|☆Kiawe lol|kiawelol
|n| epileptic shrub|epilepticshrub
|l|☆Kiawe lol
|l|☆brundisium
