|j|☆what if tho
|j|☆Lucasnomie
|player|p1|what if tho|blue|1288
|player|p2|Lucasnomie|caitlin|1332
|teamsize|p1|6
|teamsize|p2|6
|gametype|singles
|gen|8
|tier|[Gen 8] UU
|rated|
|clearpoke
|poke|p1|Blastoise, M|
|poke|p1|Toxtricity, F|
|poke|p1|Rotom-Mow|
|poke|p1|Incineroar, M|
|poke|p1|Cobalion|
|poke|p1|Avalugg, M|
|poke|p2|Umbreon, F|
|poke|p2|Noivern, M|
|poke|p2|Lucario, F|
|poke|p2|Chandelure, M|
|poke|p2|Haxorus, M|
|poke|p2|Gardevoir, F|
|rule|Sleep Clause Mod: Limit one foe put to sleep
|rule|Species Clause: Limit one of each Pokémon
|rule|OHKO Clause: OHKO moves are banned
|rule|Evasion Moves Clause: Evasion moves are banned
|rule|Endless Battle Clause: Forcing endless battles is banned
|rule|HP Percentage Mod: HP is shown in percentages
|rule|Dynamax Clause: You cannot dynamax
|teampreview
|c|☆what if tho|bon bah , voilà ton 0-3
|
|start
|switch|p1a: Rotom|Rotom-Mow|100/100
|switch|p2a: Lucario|Lucario, F, shiny|100/100
|turn|1
|
|move|p1a: Rotom|Volt Switch|p2a: Lucario
|-damage|p2a: Lucario|50/100
|inactive|Battle timer is ON: inactive players will automatically lose when time's up. (requested by what if tho)
|
|switch|p1a: Toxtricity|Toxtricity, F|100/100|[from]move: Volt Switch
|move|p2a: Lucario|Close Combat|p1a: Toxtricity
|-resisted|p1a: Toxtricity
|-damage|p1a: Toxtricity|45/100
|-unboost|p2a: Lucario|def|1
|-unboost|p2a: Lucario|spd|1
|-damage|p2a: Lucario|41/100|[from] item: Life Orb
|
|upkeep
|turn|2
|
|move|p2a: Lucario|Extreme Speed|p1a: Toxtricity
|-damage|p1a: Toxtricity|0 fnt
|-damage|p2a: Lucario|31/100|[from] item: Life Orb
|faint|p1a: Toxtricity
|
|upkeep
|
|switch|p1a: Rotom|Rotom-Mow|100/100
|turn|3
|
|move|p1a: Rotom|Volt Switch|p2a: Lucario
|-damage|p2a: Lucario|0 fnt
|faint|p2a: Lucario
|
|switch|p1a: Incineroar|Incineroar, M|100/100|[from]move: Volt Switch
|
|upkeep
|
|switch|p2a: Gardevoir|Gardevoir, F, shiny|100/100
|-ability|p2a: Gardevoir|Intimidate|[from] ability: Trace|[of] p1a: Incineroar
|-ability|p2a: Gardevoir|Intimidate|boost
|-unboost|p1a: Incineroar|atk|1
|turn|4
|
|move|p2a: Gardevoir|Moonblast|p1a: Incineroar
|-damage|p1a: Incineroar|57/100
|move|p1a: Incineroar|Knock Off|p2a: Gardevoir
|-damage|p2a: Gardevoir|42/100
|-enditem|p2a: Gardevoir|Choice Specs|[from] move: Knock Off|[of] p1a: Incineroar
|
|upkeep
|turn|5
|
|move|p2a: Gardevoir|Moonblast|p1a: Incineroar
|-damage|p1a: Incineroar|24/100
|move|p1a: Incineroar|U-turn|p2a: Gardevoir
|-damage|p2a: Gardevoir|11/100
|
|switch|p1a: Blastoise|Blastoise, M|100/100|[from]move: U-turn
|
|upkeep
|turn|6
|
|move|p2a: Gardevoir|Thunderbolt|p1a: Blastoise
|-supereffective|p1a: Blastoise
|-damage|p1a: Blastoise|33/100
|move|p1a: Blastoise|Shell Smash|p1a: Blastoise
|-unboost|p1a: Blastoise|def|1
|-unboost|p1a: Blastoise|spd|1
|-boost|p1a: Blastoise|atk|2
|-boost|p1a: Blastoise|spa|2
|-boost|p1a: Blastoise|spe|2
|-enditem|p1a: Blastoise|White Herb
|-clearnegativeboost|p1a: Blastoise|[silent]
|
|upkeep
|turn|7
|
|move|p1a: Blastoise|Scald|p2a: Gardevoir
|-damage|p2a: Gardevoir|0 fnt
|faint|p2a: Gardevoir
|
|upkeep
|
|switch|p2a: Umbreon|Umbreon, F, shiny|100/100
|turn|8
|
|move|p1a: Blastoise|Scald|p2a: Umbreon
|-damage|p2a: Umbreon|40/100
|move|p2a: Umbreon|Foul Play|p1a: Blastoise
|-damage|p1a: Blastoise|0 fnt
|faint|p1a: Blastoise
|
|-heal|p2a: Umbreon|46/100|[from] item: Leftovers
|upkeep
|
|switch|p1a: Cobalion|Cobalion|100/100
|turn|9
|
|switch|p1a: Incineroar|Incineroar, M|24/100
|-ability|p1a: Incineroar|Intimidate|boost
|-unboost|p2a: Umbreon|atk|1
|switch|p2a: Chandelure|Chandelure, M, shiny|100/100
|
|upkeep
|turn|10
|
|move|p2a: Chandelure|Flamethrower|p1a: Incineroar
|-resisted|p1a: Incineroar
|-damage|p1a: Incineroar|8/100
|move|p1a: Incineroar|Knock Off|p2a: Chandelure
|-supereffective|p2a: Chandelure
|-damage|p2a: Chandelure|0 fnt
|-enditem|p2a: Chandelure|Choice Scarf|[from] move: Knock Off|[of] p1a: Incineroar
|faint|p2a: Chandelure
|
|upkeep
|
|switch|p2a: Umbreon|Umbreon, F, shiny|46/100
|turn|11
|
|move|p2a: Umbreon|Wish|p2a: Umbreon
|move|p1a: Incineroar|U-turn|p2a: Umbreon
|-supereffective|p2a: Umbreon
|-damage|p2a: Umbreon|14/100
|
|switch|p1a: Cobalion|Cobalion|100/100|[from]move: U-turn
|
|-heal|p2a: Umbreon|20/100|[from] item: Leftovers
|upkeep
|turn|12
|
|move|p2a: Umbreon|Protect|p2a: Umbreon
|-singleturn|p2a: Umbreon|Protect
|move|p1a: Cobalion|Stealth Rock|p2a: Umbreon
|-sidestart|p2: Lucasnomie|move: Stealth Rock
|
|-heal|p2a: Umbreon|70/100|[from] move: Wish|[wisher] Umbreon
|-heal|p2a: Umbreon|76/100|[from] item: Leftovers
|upkeep
|turn|13
|
|switch|p2a: Noivern|Noivern, M, shiny|100/100
|-damage|p2a: Noivern|75/100|[from] Stealth Rock
|-item|p1a: Cobalion|Shuca Berry|[from] ability: Frisk|[of] p2a: Noivern|[identify]
|move|p1a: Cobalion|Close Combat|p2a: Noivern
|-resisted|p2a: Noivern
|-damage|p2a: Noivern|42/100
|-unboost|p1a: Cobalion|def|1
|-unboost|p1a: Cobalion|spd|1
|
|upkeep
|turn|14
|
|move|p2a: Noivern|Flamethrower|p1a: Cobalion
|-supereffective|p1a: Cobalion
|-damage|p1a: Cobalion|0 fnt
|faint|p1a: Cobalion
|
|upkeep
|
|switch|p1a: Rotom|Rotom-Mow|100/100
|turn|15
|
|move|p1a: Rotom|Volt Switch|p2a: Noivern
|-damage|p2a: Noivern|0 fnt
|faint|p2a: Noivern
|
|switch|p1a: Incineroar|Incineroar, M|8/100|[from]move: Volt Switch
|
|upkeep
|
|switch|p2a: Umbreon|Umbreon, F, shiny|76/100
|-damage|p2a: Umbreon|63/100|[from] Stealth Rock
|turn|16
|
|move|p1a: Incineroar|Fake Out|p2a: Umbreon
|-damage|p2a: Umbreon|54/100
|cant|p2a: Umbreon|flinch
|
|-heal|p2a: Umbreon|60/100|[from] item: Leftovers
|upkeep
|turn|17
|
|move|p2a: Umbreon|Foul Play|p1a: Incineroar
|-resisted|p1a: Incineroar
|-damage|p1a: Incineroar|0 fnt
|faint|p1a: Incineroar
|
|-heal|p2a: Umbreon|66/100|[from] item: Leftovers
|upkeep
|
|switch|p1a: Rotom|Rotom-Mow|100/100
|turn|18
|
|move|p1a: Rotom|Trick|p2a: Umbreon
|-activate|p1a: Rotom|move: Trick|[of] p2a: Umbreon
|-item|p2a: Umbreon|Choice Scarf|[from] move: Trick
|-item|p1a: Rotom|Leftovers|[from] move: Trick
|move|p2a: Umbreon|Wish|p2a: Umbreon
|
|upkeep
|turn|19
|
|switch|p2a: Haxorus|Haxorus, M, shiny|100/100
|-damage|p2a: Haxorus|88/100|[from] Stealth Rock
|-ability|p2a: Haxorus|Mold Breaker
|move|p1a: Rotom|Volt Switch|p2a: Haxorus
|-resisted|p2a: Haxorus
|-damage|p2a: Haxorus|65/100
|
|switch|p1a: Avalugg|Avalugg, M|100/100|[from]move: Volt Switch
|
|-heal|p2a: Haxorus|100/100|[from] move: Wish|[wisher] Umbreon
|upkeep
|turn|20
|
|move|p2a: Haxorus|Dragon Dance|p2a: Haxorus
|-boost|p2a: Haxorus|atk|1
|-boost|p2a: Haxorus|spe|1
|move|p1a: Avalugg|Toxic|p2a: Haxorus
|-status|p2a: Haxorus|tox
|-enditem|p2a: Haxorus|Lum Berry|[eat]
|-curestatus|p2a: Haxorus|tox|[msg]
|
|upkeep
|turn|21
|
|move|p2a: Haxorus|Dragon Dance|p2a: Haxorus
|-boost|p2a: Haxorus|atk|1
|-boost|p2a: Haxorus|spe|1
|move|p1a: Avalugg|Body Press|p2a: Haxorus
|-damage|p2a: Haxorus|49/100
|
|upkeep
|turn|22
|inactive|Lucasnomie has 120 seconds left.
|inactive|Lucasnomie has 90 seconds left.
|
|move|p2a: Haxorus|Outrage|p1a: Avalugg
|-damage|p1a: Avalugg|50/100
|move|p1a: Avalugg|Body Press|p2a: Haxorus
|-damage|p2a: Haxorus|2/100
|
|-heal|p1a: Avalugg|56/100|[from] item: Leftovers
|upkeep
|turn|23
|
|move|p2a: Haxorus|Outrage|p1a: Avalugg|[from]lockedmove
|-damage|p1a: Avalugg|5/100
|-start|p2a: Haxorus|confusion|[fatigue]
|move|p1a: Avalugg|Body Press|p2a: Haxorus
|-damage|p2a: Haxorus|0 fnt
|faint|p2a: Haxorus
|
|-heal|p1a: Avalugg|11/100|[from] item: Leftovers
|upkeep
|
|switch|p2a: Umbreon|Umbreon, F, shiny|66/100
|-damage|p2a: Umbreon|54/100|[from] Stealth Rock
|turn|24
|
|move|p2a: Umbreon|Foul Play|p1a: Avalugg
|-damage|p1a: Avalugg|0 fnt
|faint|p1a: Avalugg
|
|upkeep
|
|switch|p1a: Rotom|Rotom-Mow|100/100
|turn|25
|
|move|p1a: Rotom|Thunderbolt|p2a: Umbreon
|-damage|p2a: Umbreon|26/100
|move|p2a: Umbreon|Foul Play|p1a: Rotom
|-damage|p1a: Rotom|79/100
|
|-heal|p1a: Rotom|86/100|[from] item: Leftovers
|upkeep
|turn|26
|
|move|p1a: Rotom|Thunderbolt|p2a: Umbreon
|-damage|p2a: Umbreon|0 fnt
|faint|p2a: Umbreon
|
|win|what if tho
|c|☆what if tho|gg
|raw|what if tho's rating: 1289 &rarr; <strong>1315</strong><br />(+26 for winning)
|raw|Lucasnomie's rating: 1312 &rarr; <strong>1291</strong><br />(-21 for losing)
