|j|☆Eggsalt
|j|☆d01ph1ne
|t:|1663289053
|gametype|singles
|player|p1|Eggsalt|169|1220
|player|p2|d01ph1ne|169|1464
|teamsize|p1|6
|teamsize|p2|6
|gen|8
|tier|[Gen 8] UU
|rated|
|rule|Sleep Clause Mod: Limit one foe put to sleep
|rule|Species Clause: Limit one of each Pokémon
|rule|OHKO Clause: OHKO moves are banned
|rule|Evasion Items Clause: Evasion items are banned
|rule|Evasion Moves Clause: Evasion moves are banned
|rule|Endless Battle Clause: Forcing endless battles is banned
|rule|HP Percentage Mod: HP is shown in percentages
|rule|Dynamax Clause: You cannot dynamax
|clearpoke
|poke|p1|Excadrill, F|
|poke|p1|Hippowdon, M|
|poke|p1|Skarmory, M|
|poke|p1|Scizor, F|
|poke|p1|Rotom-Wash|
|poke|p1|Hydreigon, M|
|poke|p2|Conkeldurr, M|
|poke|p2|Zarude-Dada|
|poke|p2|Scizor, F|
|poke|p2|Salamence, M|
|poke|p2|Nidoqueen, F|
|poke|p2|Slowking, M|
|teampreview
|inactive|Battle timer is ON: inactive players will automatically lose when time's up. (requested by Eggsalt)
|
|t:|1663289068
|start
|switch|p1a: Rotom|Rotom-Wash|100/100
|switch|p2a: Scizor|Scizor, F|100/100
|turn|1
|
|t:|1663289071
|switch|p2a: Slowking|Slowking, M|100/100
|move|p1a: Rotom|Will-O-Wisp|p2a: Slowking
|-status|p2a: Slowking|brn
|
|-damage|p2a: Slowking|94/100 brn|[from] brn
|upkeep
|turn|2
|
|t:|1663289073
|move|p1a: Rotom|Volt Switch|p2a: Slowking
|-supereffective|p2a: Slowking
|-damage|p2a: Slowking|39/100 brn
|
|t:|1663289079
|switch|p1a: Hydreigon|Hydreigon, M|100/100|[from]move: Volt Switch
|move|p2a: Slowking|Future Sight|p1a: Hydreigon
|-start|p2a: Slowking|move: Future Sight
|
|-damage|p2a: Slowking|33/100 brn|[from] brn
|upkeep
|turn|3
|
|t:|1663289083
|switch|p2a: Scizor|Scizor, F|100/100
|move|p1a: Hydreigon|Dark Pulse|p2a: Scizor
|-damage|p2a: Scizor|59/100
|-damage|p1a: Hydreigon|91/100|[from] item: Life Orb
|
|upkeep
|turn|4
|
|t:|1663289101
|switch|p1a: Scizor|Scizor, F|100/100
|switch|p2a: Slowking|Slowking, M|67/100 brn
|
|-end|p1a: Scizor|move: Future Sight
|-resisted|p1a: Scizor
|-damage|p1a: Scizor|76/100
|-heal|p1a: Scizor|82/100|[from] item: Leftovers
|-damage|p2a: Slowking|61/100 brn|[from] brn
|upkeep
|turn|5
|
|t:|1663289116
|switch|p2a: Salamence|Salamence, M|100/100
|-ability|p2a: Salamence|Intimidate|boost
|-unboost|p1a: Scizor|atk|1
|move|p1a: Scizor|U-turn|p2a: Salamence
|-resisted|p2a: Salamence
|-damage|p2a: Salamence|90/100
|
|t:|1663289122
|switch|p1a: Skarmory|Skarmory, M|100/100|[from]move: U-turn
|
|upkeep
|turn|6
|
|t:|1663289126
|switch|p2a: Scizor|Scizor, F|59/100
|move|p1a: Skarmory|Toxic|p2a: Scizor
|-immune|p2a: Scizor
|
|upkeep
|turn|7
|
|t:|1663289132
|move|p1a: Skarmory|Spikes|p2a: Scizor
|-sidestart|p2: d01ph1ne|Spikes
|move|p2a: Scizor|Knock Off|p1a: Skarmory
|-damage|p1a: Skarmory|82/100
|-enditem|p1a: Skarmory|Leftovers|[from] move: Knock Off|[of] p2a: Scizor
|
|upkeep
|turn|8
|
|t:|1663289137
|move|p1a: Skarmory|Roost|p1a: Skarmory
|-heal|p1a: Skarmory|100/100
|-singleturn|p1a: Skarmory|move: Roost
|move|p2a: Scizor|Roost|p2a: Scizor
|-heal|p2a: Scizor|100/100
|-singleturn|p2a: Scizor|move: Roost
|
|upkeep
|turn|9
|
|t:|1663289141
|move|p1a: Skarmory|Spikes|p2a: Scizor
|-sidestart|p2: d01ph1ne|Spikes
|move|p2a: Scizor|U-turn|p1a: Skarmory
|-resisted|p1a: Skarmory
|-damage|p1a: Skarmory|96/100
|
|t:|1663289144
|switch|p2a: Salamence|Salamence, M|90/100|[from]move: U-turn
|-ability|p2a: Salamence|Intimidate|boost
|-unboost|p1a: Skarmory|atk|1
|
|upkeep
|turn|10
|
|t:|1663289148
|switch|p2a: Scizor|Scizor, F|100/100
|move|p1a: Skarmory|Toxic|p2a: Scizor
|-immune|p2a: Scizor
|
|upkeep
|turn|11
|
|t:|1663289151
|move|p1a: Skarmory|Body Press|p2a: Scizor
|-damage|p2a: Scizor|73/100
|move|p2a: Scizor|U-turn|p1a: Skarmory
|-resisted|p1a: Skarmory
|-damage|p1a: Skarmory|91/100
|
|t:|1663289154
|switch|p2a: Conkeldurr|Conkeldurr, M|100/100|[from]move: U-turn
|-damage|p2a: Conkeldurr|84/100|[from] Spikes
|
|-status|p2a: Conkeldurr|brn|[from] item: Flame Orb
|upkeep
|turn|12
|
|t:|1663289161
|switch|p1a: Hippowdon|Hippowdon, M|100/100
|-weather|Sandstorm|[from] ability: Sand Stream|[of] p1a: Hippowdon
|move|p2a: Conkeldurr|Drain Punch|p1a: Hippowdon
|-damage|p1a: Hippowdon|65/100
|-heal|p2a: Conkeldurr|100/100 brn|[from] drain|[of] p1a: Hippowdon
|
|-weather|Sandstorm|[upkeep]
|-damage|p2a: Conkeldurr|95/100 brn|[from] Sandstorm
|-damage|p2a: Conkeldurr|89/100 brn|[from] brn
|upkeep
|turn|13
|
|t:|1663289165
|move|p2a: Conkeldurr|Knock Off|p1a: Hippowdon
|-damage|p1a: Hippowdon|35/100
|-enditem|p1a: Hippowdon|Smooth Rock|[from] move: Knock Off|[of] p2a: Conkeldurr
|move|p1a: Hippowdon|Earthquake|p2a: Conkeldurr
|-damage|p2a: Conkeldurr|53/100 brn
|
|-weather|Sandstorm|[upkeep]
|-damage|p2a: Conkeldurr|47/100 brn|[from] Sandstorm
|-damage|p2a: Conkeldurr|41/100 brn|[from] brn
|upkeep
|turn|14
|
|t:|1663289171
|move|p2a: Conkeldurr|Drain Punch|p1a: Hippowdon
|-damage|p1a: Hippowdon|2/100
|-heal|p2a: Conkeldurr|61/100 brn|[from] drain|[of] p1a: Hippowdon
|move|p1a: Hippowdon|Slack Off|p1a: Hippowdon
|-heal|p1a: Hippowdon|52/100
|
|-weather|Sandstorm|[upkeep]
|-damage|p2a: Conkeldurr|55/100 brn|[from] Sandstorm
|-damage|p2a: Conkeldurr|49/100 brn|[from] brn
|upkeep
|turn|15
|
|t:|1663289175
|move|p2a: Conkeldurr|Drain Punch|p1a: Hippowdon
|-damage|p1a: Hippowdon|17/100
|-heal|p2a: Conkeldurr|70/100 brn|[from] drain|[of] p1a: Hippowdon
|move|p1a: Hippowdon|Slack Off|p1a: Hippowdon
|-heal|p1a: Hippowdon|67/100
|
|-weather|Sandstorm|[upkeep]
|-damage|p2a: Conkeldurr|64/100 brn|[from] Sandstorm
|-damage|p2a: Conkeldurr|58/100 brn|[from] brn
|upkeep
|turn|16
|
|t:|1663289181
|move|p2a: Conkeldurr|Drain Punch|p1a: Hippowdon
|-damage|p1a: Hippowdon|29/100
|-heal|p2a: Conkeldurr|80/100 brn|[from] drain|[of] p1a: Hippowdon
|move|p1a: Hippowdon|Earthquake|p2a: Conkeldurr
|-damage|p2a: Conkeldurr|38/100 brn
|
|-weather|Sandstorm|[upkeep]
|-damage|p2a: Conkeldurr|32/100 brn|[from] Sandstorm
|-damage|p2a: Conkeldurr|26/100 brn|[from] brn
|upkeep
|turn|17
|
|t:|1663289186
|move|p2a: Conkeldurr|Drain Punch|p1a: Hippowdon
|-crit|p1a: Hippowdon
|-damage|p1a: Hippowdon|0 fnt
|-heal|p2a: Conkeldurr|44/100 brn|[from] drain|[of] p1a: Hippowdon
|faint|p1a: Hippowdon
|
|-weather|Sandstorm|[upkeep]
|-damage|p2a: Conkeldurr|38/100 brn|[from] Sandstorm
|-damage|p2a: Conkeldurr|32/100 brn|[from] brn
|upkeep
|
|t:|1663289191
|switch|p1a: Rotom|Rotom-Wash|100/100
|turn|18
|
|t:|1663289202
|switch|p2a: Slowking|Slowking, M|94/100 brn
|-damage|p2a: Slowking|77/100 brn|[from] Spikes
|move|p1a: Rotom|Hydro Pump|p2a: Slowking
|-resisted|p2a: Slowking
|-damage|p2a: Slowking|58/100 brn
|
|-weather|Sandstorm|[upkeep]
|-damage|p1a: Rotom|95/100|[from] Sandstorm
|-damage|p2a: Slowking|52/100 brn|[from] Sandstorm
|-damage|p2a: Slowking|46/100 brn|[from] brn
|upkeep
|turn|19
|
|t:|1663289206
|switch|p2a: Salamence|Salamence, M|90/100
|-ability|p2a: Salamence|Intimidate|boost
|-unboost|p1a: Rotom|atk|1
|move|p1a: Rotom|Volt Switch|p2a: Salamence
|-damage|p2a: Salamence|56/100
|
|t:|1663289209
|switch|p1a: Excadrill|Excadrill, F|100/100|[from]move: Volt Switch
|
|-weather|none
|upkeep
|turn|20
|
|t:|1663289221
|switch|p2a: Scizor|Scizor, F|73/100
|move|p1a: Excadrill|Rock Slide|p2a: Scizor
|-damage|p2a: Scizor|41/100
|-damage|p1a: Excadrill|91/100|[from] item: Life Orb
|
|upkeep
|turn|21
|
|t:|1663289227
|switch|p2a: Salamence|Salamence, M|56/100
|-ability|p2a: Salamence|Intimidate|boost
|-unboost|p1a: Excadrill|atk|1
|move|p1a: Excadrill|Earthquake|p2a: Salamence
|-immune|p2a: Salamence
|
|upkeep
|turn|22
|
|t:|1663289231
|switch|p1a: Skarmory|Skarmory, M|91/100
|move|p2a: Salamence|Roost|p2a: Salamence
|-heal|p2a: Salamence|100/100
|-singleturn|p2a: Salamence|move: Roost
|
|upkeep
|turn|23
|
|t:|1663289253
|move|p2a: Salamence|Flamethrower|p1a: Skarmory
|-supereffective|p1a: Skarmory
|-crit|p1a: Skarmory
|-damage|p1a: Skarmory|9/100
|move|p1a: Skarmory|Toxic|p2a: Salamence
|-status|p2a: Salamence|tox
|
|-damage|p2a: Salamence|94/100 tox|[from] psn
|upkeep
|turn|24
|
|t:|1663289258
|switch|p1a: Rotom|Rotom-Wash|95/100
|move|p2a: Salamence|Flamethrower|p1a: Rotom
|-resisted|p1a: Rotom
|-damage|p1a: Rotom|84/100
|
|-damage|p2a: Salamence|82/100 tox|[from] psn
|upkeep
|turn|25
|
|t:|1663289264
|move|p2a: Salamence|Defog|p1a: Rotom
|-unboost|p1a: Rotom|evasion|1
|-sideend|p2: d01ph1ne|Spikes|[from] move: Defog|[of] p2a: Salamence
|move|p1a: Rotom|Volt Switch|p2a: Salamence
|-damage|p2a: Salamence|53/100 tox
|
|t:|1663289272
|switch|p1a: Hydreigon|Hydreigon, M|91/100|[from]move: Volt Switch
|
|-damage|p2a: Salamence|35/100 tox|[from] psn
|upkeep
|turn|26
|inactive|d01ph1ne has 120 seconds left.
|
|t:|1663289305
|switch|p2a: Zarude|Zarude-Dada|100/100
|move|p1a: Hydreigon|Dark Pulse|p2a: Zarude
|-resisted|p2a: Zarude
|-damage|p2a: Zarude|78/100
|-damage|p1a: Hydreigon|81/100|[from] item: Life Orb
|
|upkeep
|turn|27
|
|t:|1663289311
|switch|p1a: Scizor|Scizor, F|82/100
|move|p2a: Zarude|U-turn|p1a: Scizor
|-resisted|p1a: Scizor
|-damage|p1a: Scizor|72/100
|
|t:|1663289316
|switch|p2a: Nidoqueen|Nidoqueen, F|100/100|[from]move: U-turn
|
|-heal|p1a: Scizor|78/100|[from] item: Leftovers
|upkeep
|turn|28
|
|t:|1663289319
|switch|p1a: Rotom|Rotom-Wash|84/100
|move|p2a: Nidoqueen|Fire Blast|p1a: Rotom
|-resisted|p1a: Rotom
|-damage|p1a: Rotom|60/100
|
|upkeep
|turn|29
|
|t:|1663289326
|switch|p2a: Slowking|Slowking, M|79/100 brn
|move|p1a: Rotom|Volt Switch|p2a: Slowking
|-supereffective|p2a: Slowking
|-damage|p2a: Slowking|25/100 brn
|
|t:|1663289331
|switch|p1a: Skarmory|Skarmory, M|9/100|[from]move: Volt Switch
|
|-damage|p2a: Slowking|19/100 brn|[from] brn
|upkeep
|turn|30
|
|t:|1663289347
|move|p1a: Skarmory|Spikes|p2a: Slowking
|-sidestart|p2: d01ph1ne|Spikes
|move|p2a: Slowking|Slack Off|p2a: Slowking
|-heal|p2a: Slowking|69/100 brn
|
|-damage|p2a: Slowking|63/100 brn|[from] brn
|upkeep
|turn|31
|
|t:|1663289351
|move|p1a: Skarmory|Roost|p1a: Skarmory
|-heal|p1a: Skarmory|59/100
|-singleturn|p1a: Skarmory|move: Roost
|move|p2a: Slowking|Scald|p1a: Skarmory
|-damage|p1a: Skarmory|21/100
|
|-damage|p2a: Slowking|57/100 brn|[from] brn
|upkeep
|turn|32
|
|t:|1663289355
|switch|p2a: Salamence|Salamence, M|35/100 tox
|-ability|p2a: Salamence|Intimidate|boost
|-unboost|p1a: Skarmory|atk|1
|move|p1a: Skarmory|Roost|p1a: Skarmory
|-heal|p1a: Skarmory|71/100
|-singleturn|p1a: Skarmory|move: Roost
|
|-damage|p2a: Salamence|29/100 tox|[from] psn
|upkeep
|turn|33
|
|t:|1663289363
|switch|p1a: Hydreigon|Hydreigon, M|81/100
|move|p2a: Salamence|Flamethrower|p1a: Hydreigon
|-resisted|p1a: Hydreigon
|-damage|p1a: Hydreigon|74/100
|
|-damage|p2a: Salamence|16/100 tox|[from] psn
|upkeep
|turn|34
|
|t:|1663289365
|move|p2a: Salamence|Dual Wingbeat|p1a: Hydreigon
|-damage|p1a: Hydreigon|55/100
|-damage|p1a: Hydreigon|37/100
|-hitcount|p1a: Hydreigon|2
|move|p1a: Hydreigon|Superpower|p2a: Salamence
|-resisted|p2a: Salamence
|-damage|p2a: Salamence|3/100 tox
|-unboost|p1a: Hydreigon|atk|1
|-unboost|p1a: Hydreigon|def|1
|-damage|p1a: Hydreigon|27/100|[from] item: Life Orb
|
|-damage|p2a: Salamence|0 fnt|[from] psn
|faint|p2a: Salamence
|upkeep
|
|t:|1663289371
|switch|p2a: Zarude|Zarude-Dada|78/100
|-damage|p2a: Zarude|66/100|[from] Spikes
|turn|35
|
|t:|1663289374
|move|p2a: Zarude|U-turn|p1a: Hydreigon
|-supereffective|p1a: Hydreigon
|-damage|p1a: Hydreigon|0 fnt
|faint|p1a: Hydreigon
|
|t:|1663289380
|switch|p2a: Scizor|Scizor, F|41/100|[from]move: U-turn
|
|upkeep
|
|t:|1663289384
|switch|p1a: Scizor|Scizor, F|78/100
|turn|36
|
|t:|1663289388
|move|p1a: Scizor|Knock Off|p2a: Scizor
|-damage|p2a: Scizor|10/100
|-enditem|p2a: Scizor|Heavy-Duty Boots|[from] move: Knock Off|[of] p1a: Scizor
|move|p2a: Scizor|Roost|p2a: Scizor
|-heal|p2a: Scizor|60/100
|-singleturn|p2a: Scizor|move: Roost
|
|-heal|p1a: Scizor|84/100|[from] item: Leftovers
|upkeep
|turn|37
|
|t:|1663289393
|move|p1a: Scizor|U-turn|p2a: Scizor
|-resisted|p2a: Scizor
|-damage|p2a: Scizor|43/100
|
|t:|1663289394
|switch|p1a: Skarmory|Skarmory, M|71/100|[from]move: U-turn
|move|p2a: Scizor|Roost|p2a: Scizor
|-heal|p2a: Scizor|94/100
|-singleturn|p2a: Scizor|move: Roost
|
|upkeep
|turn|38
|
|t:|1663289397
|move|p1a: Skarmory|Roost|p1a: Skarmory
|-heal|p1a: Skarmory|100/100
|-singleturn|p1a: Skarmory|move: Roost
|move|p2a: Scizor|U-turn|p1a: Skarmory
|-resisted|p1a: Skarmory
|-damage|p1a: Skarmory|91/100
|
|t:|1663289398
|switch|p2a: Conkeldurr|Conkeldurr, M|32/100 brn|[from]move: U-turn
|-damage|p2a: Conkeldurr|20/100 brn|[from] Spikes
|
|-damage|p2a: Conkeldurr|14/100 brn|[from] brn
|upkeep
|turn|39
|
|t:|1663289403
|move|p2a: Conkeldurr|Drain Punch|p1a: Skarmory
|-damage|p1a: Skarmory|52/100
|-heal|p2a: Conkeldurr|32/100 brn|[from] drain|[of] p1a: Skarmory
|move|p1a: Skarmory|Body Press|p2a: Conkeldurr
|-damage|p2a: Conkeldurr|0 fnt
|faint|p2a: Conkeldurr
|
|upkeep
|
|t:|1663289409
|switch|p2a: Nidoqueen|Nidoqueen, F|100/100
|-damage|p2a: Nidoqueen|88/100|[from] Spikes
|turn|40
|
|t:|1663289413
|switch|p1a: Rotom|Rotom-Wash|60/100
|move|p2a: Nidoqueen|Fire Blast|p1a: Rotom
|-resisted|p1a: Rotom
|-damage|p1a: Rotom|35/100
|
|upkeep
|turn|41
|
|t:|1663289442
|switch|p2a: Zarude|Zarude-Dada|66/100
|-damage|p2a: Zarude|54/100|[from] Spikes
|move|p1a: Rotom|Pain Split|p2a: Zarude
|-sethp|p2a: Zarude|42/100|[from] move: Pain Split|[silent]
|-sethp|p1a: Rotom|49/100|[from] move: Pain Split
|
|upkeep
|turn|42
|
|t:|1663289448
|switch|p1a: Scizor|Scizor, F|84/100
|move|p2a: Zarude|U-turn|p1a: Scizor
|-resisted|p1a: Scizor
|-damage|p1a: Scizor|72/100
|
|t:|1663289451
|switch|p2a: Nidoqueen|Nidoqueen, F|88/100|[from]move: U-turn
|-damage|p2a: Nidoqueen|76/100|[from] Spikes
|
|-heal|p1a: Scizor|78/100|[from] item: Leftovers
|upkeep
|turn|43
|
|t:|1663289454
|move|p2a: Nidoqueen|Sludge Wave|p1a: Scizor
|-immune|p1a: Scizor
|move|p1a: Scizor|Knock Off|p2a: Nidoqueen
|-damage|p2a: Nidoqueen|34/100
|-enditem|p2a: Nidoqueen|Life Orb|[from] move: Knock Off|[of] p1a: Scizor
|
|-heal|p1a: Scizor|84/100|[from] item: Leftovers
|upkeep
|turn|44
|
|t:|1663289459
|switch|p1a: Rotom|Rotom-Wash|49/100
|move|p2a: Nidoqueen|Sludge Wave|p1a: Rotom
|-damage|p1a: Rotom|0 fnt
|faint|p1a: Rotom
|
|upkeep
|
|t:|1663289463
|switch|p1a: Excadrill|Excadrill, F|91/100
|turn|45
|
|t:|1663289472
|switch|p2a: Scizor|Scizor, F|94/100
|-damage|p2a: Scizor|81/100|[from] Spikes
|move|p1a: Excadrill|Earthquake|p2a: Scizor
|-damage|p2a: Scizor|13/100
|-damage|p1a: Excadrill|81/100|[from] item: Life Orb
|
|upkeep
|turn|46
|
|t:|1663289479
|move|p2a: Scizor|Bullet Punch|p1a: Excadrill
|-resisted|p1a: Excadrill
|-damage|p1a: Excadrill|61/100
|move|p1a: Excadrill|Iron Head|p2a: Scizor
|-resisted|p2a: Scizor
|-damage|p2a: Scizor|0 fnt
|faint|p2a: Scizor
|-damage|p1a: Excadrill|51/100|[from] item: Life Orb
|
|upkeep
|
|t:|1663289482
|switch|p2a: Slowking|Slowking, M|91/100 brn
|-damage|p2a: Slowking|78/100 brn|[from] Spikes
|turn|47
|
|t:|1663289486
|move|p1a: Excadrill|Earthquake|p2a: Slowking
|-damage|p2a: Slowking|25/100 brn
|-damage|p1a: Excadrill|41/100|[from] item: Life Orb
|move|p2a: Slowking|Scald|p1a: Excadrill
|-supereffective|p1a: Excadrill
|-damage|p1a: Excadrill|0 fnt
|faint|p1a: Excadrill
|
|-damage|p2a: Slowking|19/100 brn|[from] brn
|upkeep
|
|t:|1663289498
|switch|p1a: Scizor|Scizor, F|84/100
|turn|48
|
|t:|1663289503
|move|p1a: Scizor|Knock Off|p2a: Slowking
|-supereffective|p2a: Slowking
|-enditem|p2a: Slowking|Colbur Berry|[eat]
|-enditem|p2a: Slowking|Colbur Berry|[weaken]
|-damage|p2a: Slowking|0 fnt
|faint|p2a: Slowking
|
|-heal|p1a: Scizor|90/100|[from] item: Leftovers
|upkeep
|
|t:|1663289506
|switch|p2a: Nidoqueen|Nidoqueen, F|34/100
|-damage|p2a: Nidoqueen|22/100|[from] Spikes
|turn|49
|
|t:|1663289510
|move|p1a: Scizor|Bullet Punch|p2a: Nidoqueen
|-damage|p2a: Nidoqueen|0 fnt
|faint|p2a: Nidoqueen
|
|-heal|p1a: Scizor|96/100|[from] item: Leftovers
|upkeep
|-message|d01ph1ne forfeited.
|
|win|Eggsalt
|raw|Eggsalt's rating: 1220 &rarr; <strong>1260</strong><br />(+40 for winning)
|raw|d01ph1ne's rating: 1464 &rarr; <strong>1432</strong><br />(-32 for losing)
|l|☆d01ph1ne
|l|☆Eggsalt
||Ladder isn't responding, score probably updated but might not have (Request timeout).
|j|☆Eggsalt
|player|p1|Eggsalt|169
|l|☆Eggsalt
|player|p1|
|j|☆Eggsalt
|player|p1|Eggsalt|169
