|j|☆Com.Corsola
|j|☆Celebiii
|t:|1661871330
|gametype|singles
|player|p1|Com.Corsola|dawn-gen4pt|1478
|player|p2|Celebiii|erika-gen2|1535
|teamsize|p1|6
|teamsize|p2|6
|gen|8
|tier|[Gen 8] UU
|rated|
|rule|Sleep Clause Mod: Limit one foe put to sleep
|rule|Species Clause: Limit one of each Pokémon
|rule|OHKO Clause: OHKO moves are banned
|rule|Evasion Items Clause: Evasion items are banned
|rule|Evasion Moves Clause: Evasion moves are banned
|rule|Endless Battle Clause: Forcing endless battles is banned
|rule|HP Percentage Mod: HP is shown in percentages
|rule|Dynamax Clause: You cannot dynamax
|clearpoke
|poke|p1|Jirachi|
|poke|p1|Swampert, M|
|poke|p1|Rotom-Wash|
|poke|p1|Mandibuzz, F|
|poke|p1|Zygarde-10%|
|poke|p1|Hatterene, F|
|poke|p2|Celebi|
|poke|p2|Marowak-Alola, M|
|poke|p2|Skarmory, M|
|poke|p2|Slowking, M|
|poke|p2|Diggersby, M|
|poke|p2|Celesteela|
|teampreview
|inactive|Battle timer is ON: inactive players will automatically lose when time's up. (requested by Celebiii)
|
|t:|1661871340
|start
|switch|p1a: Swampert|Swampert, M|100/100
|switch|p2a: Diggersby|Diggersby, M|100/100
|turn|1
|
|t:|1661871345
|move|p2a: Diggersby|U-turn|p1a: Swampert
|-damage|p1a: Swampert|71/100
|
|t:|1661871351
|switch|p2a: Celebi|Celebi|100/100|[from]move: U-turn
|move|p1a: Swampert|Stealth Rock|p2a: Celebi
|-sidestart|p2: Celebiii|move: Stealth Rock
|
|-heal|p1a: Swampert|77/100|[from] item: Leftovers
|upkeep
|turn|2
|
|t:|1661871362
|switch|p1a: Mandibuzz|Mandibuzz, F|100/100
|move|p2a: Celebi|Thunder Wave|p1a: Mandibuzz
|-status|p1a: Mandibuzz|par
|
|upkeep
|turn|3
|
|t:|1661871369
|switch|p2a: Slowking|Slowking, M|100/100
|-damage|p2a: Slowking|88/100|[from] Stealth Rock
|cant|p1a: Mandibuzz|par
|
|upkeep
|turn|4
|
|t:|1661871376
|move|p1a: Mandibuzz|U-turn|p2a: Slowking
|-supereffective|p2a: Slowking
|-crit|p2a: Slowking
|-damage|p2a: Slowking|65/100
|
|t:|1661871383
|switch|p1a: Rotom|Rotom-Wash|100/100|[from]move: U-turn
|move|p2a: Slowking|Teleport|p2a: Slowking
|
|t:|1661871387
|switch|p2a: Diggersby|Diggersby, M|100/100|[from]move: Teleport
|-damage|p2a: Diggersby|94/100|[from] Stealth Rock
|
|upkeep
|turn|5
|
|t:|1661871396
|switch|p1a: Mandibuzz|Mandibuzz, F|100/100 par
|move|p2a: Diggersby|U-turn|p1a: Mandibuzz
|-damage|p1a: Mandibuzz|82/100 par
|
|t:|1661871402
|switch|p2a: Celesteela|Celesteela|100/100|[from]move: U-turn
|-damage|p2a: Celesteela|88/100|[from] Stealth Rock
|
|-heal|p2a: Celesteela|94/100|[from] item: Leftovers
|upkeep
|turn|6
|
|t:|1661871411
|switch|p1a: Swampert|Swampert, M|77/100
|move|p2a: Celesteela|Leech Seed|p1a: Swampert
|-start|p1a: Swampert|move: Leech Seed
|
|-heal|p1a: Swampert|83/100|[from] item: Leftovers
|-heal|p2a: Celesteela|99/100|[from] item: Leftovers
|-damage|p1a: Swampert|71/100|[from] Leech Seed|[of] p2a: Celesteela
|-heal|p2a: Celesteela|100/100|[silent]
|upkeep
|turn|7
|
|t:|1661871419
|move|p2a: Celesteela|Protect|p2a: Celesteela
|-singleturn|p2a: Celesteela|Protect
|move|p1a: Swampert|Flip Turn|p2a: Celesteela
|-activate|p2a: Celesteela|move: Protect
|
|-heal|p1a: Swampert|77/100|[from] item: Leftovers
|-damage|p1a: Swampert|65/100|[from] Leech Seed|[of] p2a: Celesteela
|upkeep
|turn|8
|
|t:|1661871424
|switch|p2a: Celebi|Celebi|100/100
|move|p1a: Swampert|Flip Turn|p2a: Celebi
|-resisted|p2a: Celebi
|-damage|p2a: Celebi|91/100
|
|t:|1661871430
|switch|p1a: Jirachi|Jirachi|100/100|[from]move: Flip Turn
|
|upkeep
|turn|9
|inactive|Celebiii has 120 seconds left.
|
|t:|1661871463
|switch|p2a: Slowking|Slowking, M|98/100
|-damage|p2a: Slowking|86/100|[from] Stealth Rock
|move|p1a: Jirachi|U-turn|p2a: Slowking
|-supereffective|p2a: Slowking
|-damage|p2a: Slowking|59/100
|
|t:|1661871471
|switch|p1a: Zygarde|Zygarde-10%|100/100|[from]move: U-turn
|-ability|p1a: Zygarde|Aura Break
|
|upkeep
|turn|10
|
|t:|1661871477
|move|p1a: Zygarde|Thousand Arrows|p2a: Slowking
|-damage|p2a: Slowking|12/100
|move|p2a: Slowking|Scald|p1a: Zygarde
|-damage|p1a: Zygarde|57/100
|
|upkeep
|turn|11
|
|t:|1661871481
|switch|p2a: Celebi|Celebi|91/100
|move|p1a: Zygarde|Thousand Arrows|p2a: Celebi
|-resisted|p2a: Celebi
|-damage|p2a: Celebi|68/100
|
|upkeep
|turn|12
|
|t:|1661871489
|switch|p1a: Mandibuzz|Mandibuzz, F|82/100 par
|move|p2a: Celebi|Leaf Storm|p1a: Mandibuzz
|-resisted|p1a: Mandibuzz
|-damage|p1a: Mandibuzz|57/100 par
|-unboost|p2a: Celebi|spa|2
|
|upkeep
|turn|13
|
|t:|1661871494
|switch|p2a: Skarmory|Skarmory, M|100/100
|-damage|p2a: Skarmory|88/100|[from] Stealth Rock
|cant|p1a: Mandibuzz|par
|
|upkeep
|turn|14
|
|t:|1661871502
|switch|p2a: Diggersby|Diggersby, M|94/100
|-damage|p2a: Diggersby|88/100|[from] Stealth Rock
|switch|p1a: Hatterene|Hatterene, F|100/100
|
|upkeep
|turn|15
|
|t:|1661871509
|switch|p1a: Rotom|Rotom-Wash|100/100
|move|p2a: Diggersby|U-turn|p1a: Rotom
|-damage|p1a: Rotom|69/100
|
|t:|1661871513
|switch|p2a: Celebi|Celebi|68/100|[from]move: U-turn
|
|-heal|p1a: Rotom|75/100|[from] item: Leftovers
|upkeep
|turn|16
|
|t:|1661871526
|switch|p1a: Jirachi|Jirachi|100/100
|move|p2a: Celebi|Leaf Storm|p1a: Jirachi
|-resisted|p1a: Jirachi
|-damage|p1a: Jirachi|73/100
|-unboost|p2a: Celebi|spa|2
|
|upkeep
|turn|17
|
|t:|1661871532
|switch|p2a: Diggersby|Diggersby, M|88/100
|-damage|p2a: Diggersby|82/100|[from] Stealth Rock
|move|p1a: Jirachi|U-turn|p2a: Diggersby
|-damage|p2a: Diggersby|57/100
|
|t:|1661871552
|switch|p1a: Swampert|Swampert, M|65/100|[from]move: U-turn
|
|-heal|p1a: Swampert|71/100|[from] item: Leftovers
|upkeep
|turn|18
|inactive|Celebiii has 120 seconds left.
|
|t:|1661871600
|move|p2a: Diggersby|U-turn|p1a: Swampert
|-damage|p1a: Swampert|43/100
|
|t:|1661871603
|switch|p2a: Skarmory|Skarmory, M|88/100|[from]move: U-turn
|-damage|p2a: Skarmory|76/100|[from] Stealth Rock
|move|p1a: Swampert|Flip Turn|p2a: Skarmory
|-damage|p2a: Skarmory|62/100
|-damage|p1a: Swampert|26/100|[from] item: Rocky Helmet|[of] p2a: Skarmory
|
|t:|1661871613
|switch|p1a: Hatterene|Hatterene, F|100/100|[from]move: Flip Turn
|
|upkeep
|turn|19
|
|t:|1661871619
|switch|p2a: Celesteela|Celesteela|100/100
|-damage|p2a: Celesteela|88/100|[from] Stealth Rock
|move|p1a: Hatterene|Mystical Fire|p2a: Celesteela
|-supereffective|p2a: Celesteela
|-damage|p2a: Celesteela|60/100
|-unboost|p2a: Celesteela|spa|1
|
|-heal|p2a: Celesteela|66/100|[from] item: Leftovers
|upkeep
|turn|20
|
|t:|1661871628
|move|p2a: Celesteela|Protect|p2a: Celesteela
|-singleturn|p2a: Celesteela|Protect
|move|p1a: Hatterene|Calm Mind|p1a: Hatterene
|-boost|p1a: Hatterene|spa|1
|-boost|p1a: Hatterene|spd|1
|
|-heal|p2a: Celesteela|72/100|[from] item: Leftovers
|upkeep
|turn|21
|
|t:|1661871632
|move|p2a: Celesteela|Heavy Slam|p1a: Hatterene
|-supereffective|p1a: Hatterene
|-damage|p1a: Hatterene|8/100
|move|p1a: Hatterene|Mystical Fire|p2a: Celesteela
|-supereffective|p2a: Celesteela
|-damage|p2a: Celesteela|33/100
|-unboost|p2a: Celesteela|spa|1
|
|-heal|p2a: Celesteela|39/100|[from] item: Leftovers
|-heal|p1a: Hatterene|14/100|[from] item: Leftovers
|upkeep
|turn|22
|
|t:|1661871643
|switch|p1a: Swampert|Swampert, M|26/100
|move|p2a: Celesteela|Protect||[still]
|-fail|p2a: Celesteela
|
|-heal|p1a: Swampert|32/100|[from] item: Leftovers
|-heal|p2a: Celesteela|45/100|[from] item: Leftovers
|upkeep
|turn|23
|
|t:|1661871647
|move|p2a: Celesteela|Protect|p2a: Celesteela
|-singleturn|p2a: Celesteela|Protect
|move|p1a: Swampert|Flip Turn|p2a: Celesteela
|-activate|p2a: Celesteela|move: Protect
|
|-heal|p1a: Swampert|38/100|[from] item: Leftovers
|-heal|p2a: Celesteela|52/100|[from] item: Leftovers
|upkeep
|turn|24
|
|t:|1661871654
|move|p1a: Swampert|Flip Turn|p2a: Celesteela
|-damage|p2a: Celesteela|33/100
|
|t:|1661871661
|switch|p1a: Mandibuzz|Mandibuzz, F|57/100 par|[from]move: Flip Turn
|move|p2a: Celesteela|Heavy Slam|p1a: Mandibuzz
|-damage|p1a: Mandibuzz|35/100 par
|
|-heal|p2a: Celesteela|39/100|[from] item: Leftovers
|upkeep
|turn|25
|
|t:|1661871665
|move|p2a: Celesteela|Heavy Slam|p1a: Mandibuzz
|-damage|p1a: Mandibuzz|11/100 par
|move|p1a: Mandibuzz|U-turn|p2a: Celesteela
|-resisted|p2a: Celesteela
|-damage|p2a: Celesteela|37/100
|
|t:|1661871669
|switch|p1a: Zygarde|Zygarde-10%|57/100|[from]move: U-turn
|-ability|p1a: Zygarde|Aura Break
|
|-heal|p2a: Celesteela|43/100|[from] item: Leftovers
|upkeep
|turn|26
|
|t:|1661871671
|move|p2a: Celesteela|Protect|p2a: Celesteela
|-singleturn|p2a: Celesteela|Protect
|move|p1a: Zygarde|Thousand Arrows|p2a: Celesteela
|-activate|p2a: Celesteela|move: Protect
|
|-heal|p2a: Celesteela|49/100|[from] item: Leftovers
|upkeep
|turn|27
|
|t:|1661871675
|switch|p2a: Celebi|Celebi|68/100
|move|p1a: Zygarde|Thousand Arrows|p2a: Celebi
|-resisted|p2a: Celebi
|-damage|p2a: Celebi|47/100
|
|upkeep
|turn|28
|
|t:|1661871685
|switch|p1a: Mandibuzz|Mandibuzz, F|11/100 par
|move|p2a: Celebi|Recover|p2a: Celebi
|-heal|p2a: Celebi|97/100
|
|upkeep
|turn|29
|
|t:|1661871688
|move|p2a: Celebi|Leaf Storm|p1a: Mandibuzz
|-resisted|p1a: Mandibuzz
|-damage|p1a: Mandibuzz|0 fnt
|-unboost|p2a: Celebi|spa|2
|faint|p1a: Mandibuzz
|
|upkeep
|
|t:|1661871694
|switch|p1a: Jirachi|Jirachi|73/100
|turn|30
|
|t:|1661871723
|switch|p2a: Skarmory|Skarmory, M|62/100
|-damage|p2a: Skarmory|50/100|[from] Stealth Rock
|move|p1a: Jirachi|U-turn|p2a: Skarmory
|-resisted|p2a: Skarmory
|-damage|p2a: Skarmory|47/100
|-damage|p1a: Jirachi|57/100|[from] item: Rocky Helmet|[of] p2a: Skarmory
|
|t:|1661871732
|switch|p1a: Hatterene|Hatterene, F|14/100|[from]move: U-turn
|
|-heal|p1a: Hatterene|20/100|[from] item: Leftovers
|upkeep
|turn|31
|
|t:|1661871736
|switch|p2a: Marowak|Marowak-Alola, M|100/100
|-damage|p2a: Marowak|76/100|[from] Stealth Rock
|move|p1a: Hatterene|Mystical Fire|p2a: Marowak
|-resisted|p2a: Marowak
|-damage|p2a: Marowak|60/100
|-unboost|p2a: Marowak|spa|1
|
|-heal|p1a: Hatterene|26/100|[from] item: Leftovers
|upkeep
|turn|32
|
|t:|1661871744
|switch|p1a: Swampert|Swampert, M|38/100
|move|p2a: Marowak|Shadow Bone|p1a: Swampert
|-damage|p1a: Swampert|0 fnt
|faint|p1a: Swampert
|
|upkeep
|
|t:|1661871747
|switch|p1a: Zygarde|Zygarde-10%|57/100
|-ability|p1a: Zygarde|Aura Break
|turn|33
|
|t:|1661871750
|switch|p2a: Celebi|Celebi|97/100
|move|p1a: Zygarde|Thousand Arrows|p2a: Celebi
|-resisted|p2a: Celebi
|-damage|p2a: Celebi|73/100
|
|upkeep
|turn|34
|
|t:|1661871757
|switch|p1a: Hatterene|Hatterene, F|26/100
|move|p2a: Celebi|Thunder Wave|p1a: Hatterene
|move|p1a: Hatterene|Thunder Wave|p2a: Celebi|[from]ability: Magic Bounce|[miss]
|-miss|p1a: Hatterene|p2a: Celebi
|
|-heal|p1a: Hatterene|32/100|[from] item: Leftovers
|upkeep
|turn|35
|
|t:|1661871763
|move|p2a: Celebi|Leaf Storm|p1a: Hatterene
|-damage|p1a: Hatterene|0 fnt
|-unboost|p2a: Celebi|spa|2
|faint|p1a: Hatterene
|
|upkeep
|
|t:|1661871769
|switch|p1a: Jirachi|Jirachi|57/100
|turn|36
|
|t:|1661871773
|switch|p2a: Slowking|Slowking, M|46/100
|-damage|p2a: Slowking|33/100|[from] Stealth Rock
|move|p1a: Jirachi|U-turn|p2a: Slowking
|-supereffective|p2a: Slowking
|-damage|p2a: Slowking|6/100
|
|t:|1661871778
|switch|p1a: Zygarde|Zygarde-10%|57/100|[from]move: U-turn
|-ability|p1a: Zygarde|Aura Break
|
|upkeep
|turn|37
|
|t:|1661871785
|move|p1a: Zygarde|Outrage|p2a: Slowking
|-damage|p2a: Slowking|0 fnt
|faint|p2a: Slowking
|
|upkeep
|
|t:|1661871787
|switch|p2a: Skarmory|Skarmory, M|47/100
|-damage|p2a: Skarmory|35/100|[from] Stealth Rock
|turn|38
|
|t:|1661871792
|move|p1a: Zygarde|Outrage|p2a: Skarmory|[from]lockedmove
|-resisted|p2a: Skarmory
|-damage|p2a: Skarmory|10/100
|-damage|p1a: Zygarde|40/100|[from] item: Rocky Helmet|[of] p2a: Skarmory
|-start|p1a: Zygarde|confusion|[fatigue]
|move|p2a: Skarmory|Roost|p2a: Skarmory
|-heal|p2a: Skarmory|60/100
|-singleturn|p2a: Skarmory|move: Roost
|
|upkeep
|turn|39
|
|t:|1661871799
|switch|p1a: Rotom|Rotom-Wash|75/100
|move|p2a: Skarmory|Spikes|p1a: Rotom
|-sidestart|p1: Com.Corsola|Spikes
|
|-heal|p1a: Rotom|81/100|[from] item: Leftovers
|upkeep
|turn|40
|
|t:|1661871805
|switch|p2a: Diggersby|Diggersby, M|57/100
|-damage|p2a: Diggersby|51/100|[from] Stealth Rock
|move|p1a: Rotom|Volt Switch|p2a: Diggersby
|-immune|p2a: Diggersby
|
|-heal|p1a: Rotom|87/100|[from] item: Leftovers
|upkeep
|turn|41
|
|t:|1661871809
|move|p2a: Diggersby|U-turn|p1a: Rotom
|-damage|p1a: Rotom|58/100
|
|t:|1661871811
|switch|p2a: Celebi|Celebi|73/100|[from]move: U-turn
|move|p1a: Rotom|Volt Switch|p2a: Celebi
|-resisted|p2a: Celebi
|-damage|p2a: Celebi|63/100
|
|t:|1661871815
|switch|p1a: Jirachi|Jirachi|57/100|[from]move: Volt Switch
|-damage|p1a: Jirachi|44/100|[from] Spikes
|
|upkeep
|turn|42
|
|t:|1661871820
|switch|p2a: Skarmory|Skarmory, M|60/100
|-damage|p2a: Skarmory|48/100|[from] Stealth Rock
|move|p1a: Jirachi|U-turn|p2a: Skarmory
|-resisted|p2a: Skarmory
|-damage|p2a: Skarmory|45/100
|-damage|p1a: Jirachi|28/100|[from] item: Rocky Helmet|[of] p2a: Skarmory
|
|t:|1661871824
|switch|p1a: Zygarde|Zygarde-10%|40/100|[from]move: U-turn
|-damage|p1a: Zygarde|28/100|[from] Spikes
|-ability|p1a: Zygarde|Aura Break
|
|upkeep
|turn|43
|
|t:|1661871832
|switch|p2a: Marowak|Marowak-Alola, M|60/100
|-damage|p2a: Marowak|35/100|[from] Stealth Rock
|move|p1a: Zygarde|Thousand Arrows|p2a: Marowak
|-supereffective|p2a: Marowak
|-damage|p2a: Marowak|0 fnt
|faint|p2a: Marowak
|
|upkeep
|
|t:|1661871835
|switch|p2a: Diggersby|Diggersby, M|51/100
|-damage|p2a: Diggersby|45/100|[from] Stealth Rock
|turn|44
|
|t:|1661871839
|switch|p1a: Rotom|Rotom-Wash|58/100
|move|p2a: Diggersby|Body Slam|p1a: Rotom
|-crit|p1a: Rotom
|-damage|p1a: Rotom|0 fnt
|faint|p1a: Rotom
|
|upkeep
|
|t:|1661871843
|switch|p1a: Jirachi|Jirachi|28/100
|-damage|p1a: Jirachi|16/100|[from] Spikes
|turn|45
|
|t:|1661871849
|switch|p2a: Skarmory|Skarmory, M|45/100
|-damage|p2a: Skarmory|33/100|[from] Stealth Rock
|move|p1a: Jirachi|Healing Wish|p1a: Jirachi
|faint|p1a: Jirachi
|
|upkeep
|
|t:|1661871851
|switch|p1a: Zygarde|Zygarde-10%|28/100
|-heal|p1a: Zygarde|100/100|[from] move: Healing Wish
|-damage|p1a: Zygarde|88/100|[from] Spikes
|-ability|p1a: Zygarde|Aura Break
|turn|46
|
|t:|1661871854
|move|p1a: Zygarde|Thousand Arrows|p2a: Skarmory
|-damage|p2a: Skarmory|0 fnt
|faint|p2a: Skarmory
|
|upkeep
|
|t:|1661871856
|switch|p2a: Celebi|Celebi|63/100
|turn|47
|
|t:|1661871860
|move|p1a: Zygarde|Thousand Arrows|p2a: Celebi
|-resisted|p2a: Celebi
|-damage|p2a: Celebi|40/100
|move|p2a: Celebi|Recover|p2a: Celebi
|-heal|p2a: Celebi|90/100
|
|upkeep
|turn|48
|-message|Com.Corsola forfeited.
|
|win|Celebiii
|raw|Com.Corsola's rating: 1478 &rarr; <strong>1461</strong><br />(-17 for losing)
|raw|Celebiii's rating: 1535 &rarr; <strong>1552</strong><br />(+17 for winning)
|l|☆Com.Corsola
||Ladder isn't responding, score probably updated but might not have (Request timeout).
