|j|☆ClownsforClowns1
|j|☆DQ Low Tier Legend
|t:|1661701665
|gametype|singles
|player|p1|ClownsforClowns1|plasmagrunt-gen5bw|1280
|player|p2|DQ Low Tier Legend|lucas|1535
|teamsize|p1|6
|teamsize|p2|6
|gen|8
|tier|[Gen 8] UU
|rated|
|rule|Sleep Clause Mod: Limit one foe put to sleep
|rule|Species Clause: Limit one of each Pokémon
|rule|OHKO Clause: OHKO moves are banned
|rule|Evasion Items Clause: Evasion items are banned
|rule|Evasion Moves Clause: Evasion moves are banned
|rule|Endless Battle Clause: Forcing endless battles is banned
|rule|HP Percentage Mod: HP is shown in percentages
|rule|Dynamax Clause: You cannot dynamax
|clearpoke
|poke|p1|Boltund, M|
|poke|p1|Excadrill, F|
|poke|p1|Hydreigon, F|
|poke|p1|Corsola-Galar, M|
|poke|p1|Whimsicott, M|
|poke|p1|Golisopod, F|
|poke|p2|Excadrill, M|
|poke|p2|Gyarados, M|
|poke|p2|Celesteela|
|poke|p2|Azelf|
|poke|p2|Scizor, M|
|poke|p2|Azumarill, F|
|teampreview
|
|t:|1661701679
|start
|switch|p1a: Excadrill|Excadrill, F|100/100
|switch|p2a: Excadrill|Excadrill, M|100/100
|-ability|p1a: Excadrill|Mold Breaker
|-ability|p2a: Excadrill|Mold Breaker
|turn|1
|
|t:|1661701683
|move|p1a: Excadrill|Rock Tomb|p2a: Excadrill
|-resisted|p2a: Excadrill
|-damage|p2a: Excadrill|92/100
|-unboost|p2a: Excadrill|spe|1
|move|p2a: Excadrill|Earthquake|p1a: Excadrill
|-supereffective|p1a: Excadrill
|-enditem|p1a: Excadrill|Focus Sash
|-damage|p1a: Excadrill|1/100
|
|upkeep
|turn|2
|
|t:|1661701690
|switch|p2a: Azelf|Azelf|100/100
|move|p1a: Excadrill|Earthquake|p2a: Azelf
|-damage|p2a: Azelf|18/100
|
|upkeep
|turn|3
|
|t:|1661701696
|move|p2a: Azelf|Flamethrower|p1a: Excadrill
|-supereffective|p1a: Excadrill
|-damage|p1a: Excadrill|0 fnt
|faint|p1a: Excadrill
|
|upkeep
|
|t:|1661701703
|switch|p1a: Hydreigon|Hydreigon, F|100/100
|turn|4
|
|t:|1661701714
|move|p1a: Hydreigon|U-turn|p2a: Azelf
|-supereffective|p2a: Azelf
|-damage|p2a: Azelf|0 fnt
|faint|p2a: Azelf
|
|t:|1661701724
|switch|p1a: Corsola|Corsola-Galar, M|100/100|[from]move: U-turn
|
|upkeep
|j| amogusroxyrrrr
|
|t:|1661701737
|switch|p2a: Celesteela|Celesteela|100/100
|turn|5
|inactive|Battle timer is ON: inactive players will automatically lose when time's up. (requested by DQ Low Tier Legend)
|
|t:|1661701745
|move|p2a: Celesteela|Meteor Beam||[still]
|-prepare|p2a: Celesteela|Meteor Beam
|-boost|p2a: Celesteela|spa|1
|-enditem|p2a: Celesteela|Power Herb
|-anim|p2a: Celesteela|Meteor Beam|p1a: Corsola
|-damage|p1a: Corsola|70/100
|move|p1a: Corsola|Strength Sap|p2a: Celesteela
|-unboost|p2a: Celesteela|atk|1
|-heal|p1a: Corsola|100/100
|
|upkeep
|turn|6
|
|t:|1661701753
|move|p2a: Celesteela|Meteor Beam||[still]
|-prepare|p2a: Celesteela|Meteor Beam
|-boost|p2a: Celesteela|spa|1
|move|p1a: Corsola|Haze|p1a: Corsola
|-clearallboost
|
|upkeep
|turn|7
|
|t:|1661701758
|move|p2a: Celesteela|Meteor Beam|p1a: Corsola|[from]lockedmove
|-damage|p1a: Corsola|77/100
|move|p1a: Corsola|Will-O-Wisp|p2a: Celesteela
|-status|p2a: Celesteela|brn
|
|-damage|p2a: Celesteela|95/100 brn|[from] brn
|upkeep
|turn|8
|
|t:|1661701766
|switch|p2a: Excadrill|Excadrill, M|92/100
|-ability|p2a: Excadrill|Mold Breaker
|move|p1a: Corsola|Strength Sap|p2a: Excadrill
|-unboost|p2a: Excadrill|atk|1
|-heal|p1a: Corsola|100/100
|
|upkeep
|turn|9
|
|t:|1661701783
|switch|p2a: Celesteela|Celesteela|95/100 brn
|move|p1a: Corsola|Night Shade|p2a: Celesteela
|-damage|p2a: Celesteela|65/100 brn
|
|-damage|p2a: Celesteela|59/100 brn|[from] brn
|upkeep
|turn|10
|
|t:|1661701789
|move|p2a: Celesteela|Air Slash|p1a: Corsola
|-damage|p1a: Corsola|80/100
|cant|p1a: Corsola|flinch
|
|-damage|p2a: Celesteela|53/100 brn|[from] brn
|upkeep
|turn|11
|
|t:|1661701792
|move|p2a: Celesteela|Air Slash|p1a: Corsola
|-damage|p1a: Corsola|59/100
|-start|p2a: Celesteela|Disable|Air Slash|[from] ability: Cursed Body|[of] p1a: Corsola
|move|p1a: Corsola|Night Shade|p2a: Celesteela
|-damage|p2a: Celesteela|23/100 brn
|
|-damage|p2a: Celesteela|17/100 brn|[from] brn
|upkeep
|turn|12
|
|t:|1661701798
|move|p2a: Celesteela|Flamethrower|p1a: Corsola
|-damage|p1a: Corsola|43/100
|move|p1a: Corsola|Strength Sap|p2a: Celesteela
|-unboost|p2a: Celesteela|atk|1
|-heal|p1a: Corsola|100/100
|
|-damage|p2a: Celesteela|11/100 brn|[from] brn
|upkeep
|turn|13
|
|t:|1661701802
|move|p2a: Celesteela|Flamethrower|p1a: Corsola
|-damage|p1a: Corsola|83/100
|move|p1a: Corsola|Night Shade|p2a: Celesteela
|-damage|p2a: Celesteela|0 fnt
|faint|p2a: Celesteela
|
|upkeep
|
|t:|1661701804
|switch|p2a: Azumarill|Azumarill, F|100/100
|turn|14
|
|t:|1661701806
|move|p2a: Azumarill|Knock Off|p1a: Corsola
|-supereffective|p1a: Corsola
|-damage|p1a: Corsola|30/100
|-enditem|p1a: Corsola|Eviolite|[from] move: Knock Off|[of] p2a: Azumarill
|move|p1a: Corsola|Will-O-Wisp|p2a: Azumarill
|-status|p2a: Azumarill|brn
|
|-damage|p2a: Azumarill|94/100 brn|[from] brn
|upkeep
|turn|15
|
|t:|1661701814
|move|p2a: Azumarill|Play Rough|p1a: Corsola
|-crit|p1a: Corsola
|-damage|p1a: Corsola|0 fnt
|faint|p1a: Corsola
|
|-damage|p2a: Azumarill|88/100 brn|[from] brn
|upkeep
|
|t:|1661701819
|switch|p1a: Boltund|Boltund, M|100/100
|turn|16
|
|t:|1661701825
|move|p1a: Boltund|Fire Fang|p2a: Azumarill
|-resisted|p2a: Azumarill
|-damage|p2a: Azumarill|65/100 brn
|move|p2a: Azumarill|Play Rough|p1a: Boltund
|-damage|p1a: Boltund|50/100
|-unboost|p1a: Boltund|atk|1
|
|-damage|p2a: Azumarill|59/100 brn|[from] brn
|upkeep
|turn|17
|
|t:|1661701832
|switch|p1a: Whimsicott|Whimsicott, M|100/100
|move|p2a: Azumarill|Aqua Jet|p1a: Whimsicott
|-resisted|p1a: Whimsicott
|-damage|p1a: Whimsicott|91/100
|
|-damage|p2a: Azumarill|53/100 brn|[from] brn
|upkeep
|turn|18
|
|t:|1661701837
|move|p1a: Whimsicott|Energy Ball|p2a: Azumarill
|-supereffective|p2a: Azumarill
|-damage|p2a: Azumarill|0 fnt
|faint|p2a: Azumarill
|
|upkeep
|
|t:|1661701845
|switch|p2a: Scizor|Scizor, M|100/100
|turn|19
|
|t:|1661701852
|switch|p1a: Golisopod|Golisopod, F|100/100
|move|p2a: Scizor|Swords Dance|p2a: Scizor
|-boost|p2a: Scizor|atk|2
|
|upkeep
|turn|20
|
|t:|1661701871
|switch|p1a: Whimsicott|Whimsicott, M|91/100
|move|p2a: Scizor|Dual Wingbeat|p1a: Whimsicott
|-supereffective|p1a: Whimsicott
|-crit|p1a: Whimsicott
|-damage|p1a: Whimsicott|0 fnt
|faint|p1a: Whimsicott
|-hitcount|p1: Whimsicott|1
|-damage|p2a: Scizor|91/100|[from] item: Life Orb
|
|upkeep
|
|t:|1661701877
|switch|p1a: Hydreigon|Hydreigon, F|100/100
|turn|21
|
|t:|1661701887
|switch|p2a: Excadrill|Excadrill, M|92/100
|-ability|p2a: Excadrill|Mold Breaker
|move|p1a: Hydreigon|Fire Blast|p2a: Excadrill
|-supereffective|p2a: Excadrill
|-damage|p2a: Excadrill|0 fnt
|faint|p2a: Excadrill
|
|upkeep
|
|t:|1661701889
|switch|p2a: Gyarados|Gyarados, M|100/100
|turn|22
|
|t:|1661701898
|switch|p1a: Boltund|Boltund, M|50/100
|move|p2a: Gyarados|Dragon Dance|p2a: Gyarados
|-boost|p2a: Gyarados|atk|1
|-boost|p2a: Gyarados|spe|1
|
|upkeep
|turn|23
|
|t:|1661701902
|move|p2a: Gyarados|Waterfall|p1a: Boltund
|-damage|p1a: Boltund|0 fnt
|faint|p1a: Boltund
|-ability|p2a: Gyarados|Moxie|boost
|-boost|p2a: Gyarados|atk|1
|
|upkeep
|
|t:|1661701912
|switch|p1a: Hydreigon|Hydreigon, F|100/100
|turn|24
|
|t:|1661701915
|move|p1a: Hydreigon|Draco Meteor|p2a: Gyarados
|-damage|p2a: Gyarados|31/100
|-unboost|p1a: Hydreigon|spa|2
|move|p2a: Gyarados|Ice Fang|p1a: Hydreigon
|-supereffective|p1a: Hydreigon
|-damage|p1a: Hydreigon|0 fnt
|faint|p1a: Hydreigon
|-ability|p2a: Gyarados|Moxie|boost
|-boost|p2a: Gyarados|atk|1
|
|upkeep
|
|t:|1661701919
|switch|p1a: Golisopod|Golisopod, F|100/100
|turn|25
|
|t:|1661701924
|move|p1a: Golisopod|First Impression|p2a: Gyarados
|-resisted|p2a: Gyarados
|-damage|p2a: Gyarados|0 fnt
|faint|p2a: Gyarados
|
|upkeep
|
|t:|1661701926
|switch|p2a: Scizor|Scizor, M|91/100
|turn|26
|
|t:|1661701929
|move|p2a: Scizor|Dual Wingbeat|p1a: Golisopod
|-supereffective|p1a: Golisopod
|-damage|p1a: Golisopod|58/100
|-supereffective|p1a: Golisopod
|-damage|p1a: Golisopod|15/100
|-hitcount|p1a: Golisopod|2
|-damage|p2a: Scizor|81/100|[from] item: Life Orb
|move|p1a: Golisopod|Knock Off|p2a: Scizor
|-damage|p2a: Scizor|39/100
|-enditem|p2a: Scizor|Life Orb|[from] move: Knock Off|[of] p1a: Golisopod
|
|upkeep
|turn|27
|
|t:|1661701939
|move|p2a: Scizor|Bullet Punch|p1a: Golisopod
|-resisted|p1a: Golisopod
|-damage|p1a: Golisopod|4/100
|move|p1a: Golisopod|Liquidation|p2a: Scizor
|-damage|p2a: Scizor|0 fnt
|faint|p2a: Scizor
|
|win|ClownsforClowns1
|raw|ClownsforClowns1's rating: 1280 &rarr; <strong>1321</strong><br />(+41 for winning)
|raw|DQ Low Tier Legend's rating: 1535 &rarr; <strong>1502</strong><br />(-33 for losing)
|l|☆DQ Low Tier Legend
|l| amogusroxyrrrr
||Ladder isn't responding, score probably updated but might not have (Request timeout).
