|j|☆Baturanimus
|j|☆GryphonEX
|t:|1662696410
|gametype|singles
|player|p1|Baturanimus|zinzolin|1312
|player|p2|GryphonEX|gardenia|1424
|teamsize|p1|6
|teamsize|p2|6
|gen|8
|tier|[Gen 8] UU
|rated|
|rule|Sleep Clause Mod: Limit one foe put to sleep
|rule|Species Clause: Limit one of each Pokémon
|rule|OHKO Clause: OHKO moves are banned
|rule|Evasion Items Clause: Evasion items are banned
|rule|Evasion Moves Clause: Evasion moves are banned
|rule|Endless Battle Clause: Forcing endless battles is banned
|rule|HP Percentage Mod: HP is shown in percentages
|rule|Dynamax Clause: You cannot dynamax
|clearpoke
|poke|p1|Keldeo-Resolute|
|poke|p1|Incineroar, F|
|poke|p1|Azelf|
|poke|p1|Celesteela|
|poke|p1|Thundurus-Therian, M|
|poke|p1|Amoonguss, F|
|poke|p2|Hydreigon, M|
|poke|p2|Suicune|
|poke|p2|Zarude|
|poke|p2|Salamence, F|
|poke|p2|Chansey, F|
|poke|p2|Corsola-Galar, M|
|teampreview
|inactive|Battle timer is ON: inactive players will automatically lose when time's up. (requested by Baturanimus)
|c|☆GryphonEX|Good luck
|inactive|Baturanimus has 120 seconds left.
|
|t:|1662696449
|start
|switch|p1a: Incineroar|Incineroar, F|100/100
|switch|p2a: Suicune|Suicune|100/100
|-ability|p2a: Suicune|Pressure
|-ability|p1a: Incineroar|Intimidate|boost
|-unboost|p2a: Suicune|atk|1
|turn|1
|
|t:|1662696469
|move|p1a: Incineroar|Fake Out|p2a: Suicune
|-damage|p2a: Suicune|93/100
|cant|p2a: Suicune|flinch
|
|-heal|p2a: Suicune|99/100|[from] item: Leftovers
|upkeep
|turn|2
|
|t:|1662696478
|switch|p1a: Amoonguss|Amoonguss, F|100/100
|move|p2a: Suicune|Calm Mind|p2a: Suicune
|-boost|p2a: Suicune|spa|1
|-boost|p2a: Suicune|spd|1
|
|-heal|p2a: Suicune|100/100|[from] item: Leftovers
|upkeep
|turn|3
|
|t:|1662696484
|move|p2a: Suicune|Calm Mind|p2a: Suicune
|-boost|p2a: Suicune|spa|1
|-boost|p2a: Suicune|spd|1
|move|p1a: Amoonguss|Spore|p2a: Suicune
|-status|p2a: Suicune|slp|[from] move: Spore
|
|upkeep
|turn|4
|
|t:|1662696492
|switch|p1a: Celesteela|Celesteela|100/100
|cant|p2a: Suicune|slp
|
|upkeep
|turn|5
|
|t:|1662696496
|cant|p2a: Suicune|slp
|move|p1a: Celesteela|Leech Seed|p2a: Suicune
|-start|p2a: Suicune|move: Leech Seed
|
|-damage|p2a: Suicune|88/100 slp|[from] Leech Seed|[of] p1a: Celesteela
|upkeep
|turn|6
|
|t:|1662696504
|cant|p2a: Suicune|slp
|move|p1a: Celesteela|Earthquake|p2a: Suicune
|-damage|p2a: Suicune|75/100 slp
|
|-heal|p2a: Suicune|82/100 slp|[from] item: Leftovers
|-damage|p2a: Suicune|69/100 slp|[from] Leech Seed|[of] p1a: Celesteela
|upkeep
|turn|7
|
|t:|1662696517
|switch|p1a: Amoonguss|Amoonguss, F|100/100
|-curestatus|p2a: Suicune|slp|[msg]
|move|p2a: Suicune|Calm Mind|p2a: Suicune
|-boost|p2a: Suicune|spa|1
|-boost|p2a: Suicune|spd|1
|
|-heal|p2a: Suicune|75/100|[from] item: Leftovers
|-damage|p2a: Suicune|63/100|[from] Leech Seed|[of] p1a: Amoonguss
|upkeep
|turn|8
|
|t:|1662696522
|move|p2a: Suicune|Rest|p2a: Suicune
|-status|p2a: Suicune|slp|[from] move: Rest
|-heal|p2a: Suicune|100/100 slp|[silent]
|move|p1a: Amoonguss|Spore|p2a: Suicune
|-fail|p2a: Suicune|slp
|
|-damage|p2a: Suicune|88/100 slp|[from] Leech Seed|[of] p1a: Amoonguss
|upkeep
|turn|9
|
|t:|1662696529
|cant|p2a: Suicune|slp
|move|p1a: Amoonguss|Giga Drain|p2a: Suicune
|-supereffective|p2a: Suicune
|-damage|p2a: Suicune|73/100 slp
|
|-heal|p2a: Suicune|79/100 slp|[from] item: Leftovers
|-damage|p2a: Suicune|67/100 slp|[from] Leech Seed|[of] p1a: Amoonguss
|upkeep
|turn|10
|
|t:|1662696540
|switch|p1a: Incineroar|Incineroar, F|100/100
|-ability|p1a: Incineroar|Intimidate|boost
|-unboost|p2a: Suicune|atk|1
|cant|p2a: Suicune|slp
|
|-heal|p2a: Suicune|73/100 slp|[from] item: Leftovers
|-damage|p2a: Suicune|60/100 slp|[from] Leech Seed|[of] p1a: Incineroar
|upkeep
|turn|11
|
|t:|1662696552
|switch|p1a: Amoonguss|Amoonguss, F|100/100
|-curestatus|p2a: Suicune|slp|[msg]
|move|p2a: Suicune|Ice Beam|p1a: Amoonguss
|-supereffective|p1a: Amoonguss
|-damage|p1a: Amoonguss|38/100
|
|-heal|p2a: Suicune|67/100|[from] item: Leftovers
|-heal|p1a: Amoonguss|44/100|[from] item: Black Sludge
|-damage|p2a: Suicune|54/100|[from] Leech Seed|[of] p1a: Amoonguss
|-heal|p1a: Amoonguss|57/100|[silent]
|upkeep
|turn|12
|
|t:|1662696559
|move|p2a: Suicune|Rest|p2a: Suicune
|-status|p2a: Suicune|slp|[from] move: Rest
|-heal|p2a: Suicune|100/100 slp|[silent]
|move|p1a: Amoonguss|Spore|p2a: Suicune
|-fail|p2a: Suicune|slp
|
|-heal|p1a: Amoonguss|63/100|[from] item: Black Sludge
|-damage|p2a: Suicune|88/100 slp|[from] Leech Seed|[of] p1a: Amoonguss
|-heal|p1a: Amoonguss|75/100|[silent]
|upkeep
|turn|13
|
|t:|1662696565
|switch|p1a: Incineroar|Incineroar, F|100/100
|-ability|p1a: Incineroar|Intimidate|boost
|-unboost|p2a: Suicune|atk|1
|cant|p2a: Suicune|slp
|
|-heal|p2a: Suicune|94/100 slp|[from] item: Leftovers
|-damage|p2a: Suicune|82/100 slp|[from] Leech Seed|[of] p1a: Incineroar
|upkeep
|turn|14
|
|t:|1662696576
|cant|p2a: Suicune|slp
|move|p1a: Incineroar|Parting Shot|p2a: Suicune
|-unboost|p2a: Suicune|atk|1
|-unboost|p2a: Suicune|spa|1
|
|t:|1662696581
|switch|p1a: Amoonguss|Amoonguss, F|100/100|[from]move: Parting Shot
|
|-heal|p2a: Suicune|88/100 slp|[from] item: Leftovers
|-damage|p2a: Suicune|76/100 slp|[from] Leech Seed|[of] p1a: Amoonguss
|upkeep
|turn|15
|
|t:|1662696589
|-curestatus|p2a: Suicune|slp|[msg]
|move|p2a: Suicune|Ice Beam|p1a: Amoonguss
|-supereffective|p1a: Amoonguss
|-damage|p1a: Amoonguss|47/100
|-status|p1a: Amoonguss|frz
|cant|p1a: Amoonguss|frz
|
|-heal|p2a: Suicune|82/100|[from] item: Leftovers
|-heal|p1a: Amoonguss|53/100 frz|[from] item: Black Sludge
|-damage|p2a: Suicune|70/100|[from] Leech Seed|[of] p1a: Amoonguss
|-heal|p1a: Amoonguss|65/100 frz|[silent]
|upkeep
|turn|16
|
|t:|1662696612
|switch|p1a: Azelf|Azelf|100/100
|move|p2a: Suicune|Calm Mind|p2a: Suicune
|-boost|p2a: Suicune|spa|1
|-boost|p2a: Suicune|spd|1
|
|-heal|p2a: Suicune|76/100|[from] item: Leftovers
|-damage|p2a: Suicune|63/100|[from] Leech Seed|[of] p1a: Azelf
|upkeep
|turn|17
|
|t:|1662696618
|move|p1a: Azelf|Knock Off|p2a: Suicune
|-damage|p2a: Suicune|46/100
|-enditem|p2a: Suicune|Leftovers|[from] move: Knock Off|[of] p1a: Azelf
|move|p2a: Suicune|Scald|p1a: Azelf
|-damage|p1a: Azelf|0 fnt
|faint|p1a: Azelf
|
|upkeep
|
|t:|1662696626
|switch|p1a: Amoonguss|Amoonguss, F|99/100 frz
|turn|18
|
|t:|1662696631
|move|p2a: Suicune|Rest|p2a: Suicune
|-status|p2a: Suicune|slp|[from] move: Rest
|-heal|p2a: Suicune|100/100 slp|[silent]
|cant|p1a: Amoonguss|frz
|
|-heal|p1a: Amoonguss|100/100 frz|[from] item: Black Sludge
|-damage|p2a: Suicune|88/100 slp|[from] Leech Seed|[of] p1a: Amoonguss
|upkeep
|turn|19
|
|t:|1662696636
|switch|p1a: Incineroar|Incineroar, F|100/100
|-ability|p1a: Incineroar|Intimidate|boost
|-unboost|p2a: Suicune|atk|1
|cant|p2a: Suicune|slp
|
|-damage|p2a: Suicune|76/100 slp|[from] Leech Seed|[of] p1a: Incineroar
|upkeep
|turn|20
|
|t:|1662696643
|cant|p2a: Suicune|slp
|move|p1a: Incineroar|Parting Shot|p2a: Suicune
|-unboost|p2a: Suicune|atk|1
|-unboost|p2a: Suicune|spa|1
|
|t:|1662696648
|switch|p1a: Amoonguss|Amoonguss, F|100/100 frz|[from]move: Parting Shot
|
|-damage|p2a: Suicune|63/100 slp|[from] Leech Seed|[of] p1a: Amoonguss
|upkeep
|turn|21
|
|t:|1662696654
|-curestatus|p2a: Suicune|slp|[msg]
|move|p2a: Suicune|Calm Mind|p2a: Suicune
|-boost|p2a: Suicune|spa|1
|-boost|p2a: Suicune|spd|1
|cant|p1a: Amoonguss|frz
|
|-damage|p2a: Suicune|51/100|[from] Leech Seed|[of] p1a: Amoonguss
|upkeep
|turn|22
|
|t:|1662696661
|move|p2a: Suicune|Rest|p2a: Suicune
|-status|p2a: Suicune|slp|[from] move: Rest
|-heal|p2a: Suicune|100/100 slp|[silent]
|cant|p1a: Amoonguss|frz
|
|-damage|p2a: Suicune|88/100 slp|[from] Leech Seed|[of] p1a: Amoonguss
|upkeep
|turn|23
|
|t:|1662696667
|switch|p1a: Incineroar|Incineroar, F|100/100
|-ability|p1a: Incineroar|Intimidate|boost
|-unboost|p2a: Suicune|atk|0
|cant|p2a: Suicune|slp
|
|-damage|p2a: Suicune|76/100 slp|[from] Leech Seed|[of] p1a: Incineroar
|upkeep
|turn|24
|c|☆GryphonEX|Ok 4 turn freeze is just bullshit
|
|t:|1662696677
|cant|p2a: Suicune|slp
|move|p1a: Incineroar|Parting Shot|p2a: Suicune
|-unboost|p2a: Suicune|atk|0
|-unboost|p2a: Suicune|spa|1
|
|t:|1662696684
|switch|p1a: Amoonguss|Amoonguss, F|100/100 frz|[from]move: Parting Shot
|
|-damage|p2a: Suicune|63/100 slp|[from] Leech Seed|[of] p1a: Amoonguss
|upkeep
|turn|25
|
|t:|1662696696
|-curestatus|p2a: Suicune|slp|[msg]
|move|p2a: Suicune|Ice Beam|p1a: Amoonguss
|-supereffective|p1a: Amoonguss
|-damage|p1a: Amoonguss|51/100 frz
|cant|p1a: Amoonguss|frz
|
|-heal|p1a: Amoonguss|57/100 frz|[from] item: Black Sludge
|-damage|p2a: Suicune|51/100|[from] Leech Seed|[of] p1a: Amoonguss
|-heal|p1a: Amoonguss|69/100 frz|[silent]
|upkeep
|turn|26
|
|t:|1662696708
|move|p2a: Suicune|Rest|p2a: Suicune
|-status|p2a: Suicune|slp|[from] move: Rest
|-heal|p2a: Suicune|100/100 slp|[silent]
|cant|p1a: Amoonguss|frz
|
|-heal|p1a: Amoonguss|75/100 frz|[from] item: Black Sludge
|-damage|p2a: Suicune|88/100 slp|[from] Leech Seed|[of] p1a: Amoonguss
|-heal|p1a: Amoonguss|88/100 frz|[silent]
|upkeep
|turn|27
|
|t:|1662696719
|switch|p1a: Incineroar|Incineroar, F|100/100
|-ability|p1a: Incineroar|Intimidate|boost
|-unboost|p2a: Suicune|atk|0
|cant|p2a: Suicune|slp
|
|-damage|p2a: Suicune|76/100 slp|[from] Leech Seed|[of] p1a: Incineroar
|upkeep
|turn|28
|
|t:|1662696728
|cant|p2a: Suicune|slp
|move|p1a: Incineroar|Parting Shot|p2a: Suicune
|-unboost|p2a: Suicune|atk|0
|-unboost|p2a: Suicune|spa|1
|
|t:|1662696733
|switch|p1a: Amoonguss|Amoonguss, F|100/100 frz|[from]move: Parting Shot
|
|-damage|p2a: Suicune|63/100 slp|[from] Leech Seed|[of] p1a: Amoonguss
|upkeep
|turn|29
|
|t:|1662696740
|-curestatus|p2a: Suicune|slp|[msg]
|move|p2a: Suicune|Calm Mind|p2a: Suicune
|-boost|p2a: Suicune|spa|1
|-boost|p2a: Suicune|spd|1
|cant|p1a: Amoonguss|frz
|
|-damage|p2a: Suicune|51/100|[from] Leech Seed|[of] p1a: Amoonguss
|upkeep
|turn|30
|
|t:|1662696748
|move|p2a: Suicune|Calm Mind|p2a: Suicune
|-boost|p2a: Suicune|spa|1
|-boost|p2a: Suicune|spd|0
|cant|p1a: Amoonguss|frz
|
|-damage|p2a: Suicune|39/100|[from] Leech Seed|[of] p1a: Amoonguss
|upkeep
|turn|31
|
|t:|1662696755
|move|p2a: Suicune|Rest|p2a: Suicune
|-status|p2a: Suicune|slp|[from] move: Rest
|-heal|p2a: Suicune|100/100 slp|[silent]
|-curestatus|p1a: Amoonguss|frz|[msg]
|move|p1a: Amoonguss|Giga Drain|p2a: Suicune
|-supereffective|p2a: Suicune
|-damage|p2a: Suicune|90/100 slp
|
|-damage|p2a: Suicune|77/100 slp|[from] Leech Seed|[of] p1a: Amoonguss
|upkeep
|turn|32
|
|t:|1662696762
|switch|p1a: Incineroar|Incineroar, F|100/100
|-ability|p1a: Incineroar|Intimidate|boost
|-unboost|p2a: Suicune|atk|0
|cant|p2a: Suicune|slp
|
|-damage|p2a: Suicune|65/100 slp|[from] Leech Seed|[of] p1a: Incineroar
|upkeep
|turn|33
|
|t:|1662696768
|cant|p2a: Suicune|slp
|move|p1a: Incineroar|Parting Shot|p2a: Suicune
|-unboost|p2a: Suicune|atk|0
|-unboost|p2a: Suicune|spa|1
|
|t:|1662696774
|switch|p1a: Amoonguss|Amoonguss, F|100/100|[from]move: Parting Shot
|
|-damage|p2a: Suicune|52/100 slp|[from] Leech Seed|[of] p1a: Amoonguss
|upkeep
|turn|34
|
|t:|1662696799
|-curestatus|p2a: Suicune|slp|[msg]
|move|p2a: Suicune|Ice Beam|p1a: Amoonguss
|-supereffective|p1a: Amoonguss
|-damage|p1a: Amoonguss|50/100
|move|p1a: Amoonguss|Spore|p2a: Suicune
|-status|p2a: Suicune|slp|[from] move: Spore
|
|-heal|p1a: Amoonguss|56/100|[from] item: Black Sludge
|-damage|p2a: Suicune|40/100 slp|[from] Leech Seed|[of] p1a: Amoonguss
|-heal|p1a: Amoonguss|69/100|[silent]
|upkeep
|turn|35
|
|t:|1662696808
|switch|p1a: Incineroar|Incineroar, F|100/100
|-ability|p1a: Incineroar|Intimidate|boost
|-unboost|p2a: Suicune|atk|0
|cant|p2a: Suicune|slp
|
|-damage|p2a: Suicune|28/100 slp|[from] Leech Seed|[of] p1a: Incineroar
|upkeep
|turn|36
|
|t:|1662696814
|cant|p2a: Suicune|slp
|move|p1a: Incineroar|Parting Shot|p2a: Suicune
|-unboost|p2a: Suicune|atk|0
|-unboost|p2a: Suicune|spa|1
|
|t:|1662696820
|switch|p1a: Amoonguss|Amoonguss, F|100/100|[from]move: Parting Shot
|
|-damage|p2a: Suicune|15/100 slp|[from] Leech Seed|[of] p1a: Amoonguss
|upkeep
|turn|37
|
|t:|1662696829
|switch|p1a: Incineroar|Incineroar, F|100/100
|-ability|p1a: Incineroar|Intimidate|boost
|-unboost|p2a: Suicune|atk|0
|cant|p2a: Suicune|slp
|
|-damage|p2a: Suicune|3/100 slp|[from] Leech Seed|[of] p1a: Incineroar
|upkeep
|turn|38
|
|t:|1662696835
|move|p1a: Incineroar|Fake Out|p2a: Suicune
|-damage|p2a: Suicune|0 fnt
|faint|p2a: Suicune
|
|upkeep
|
|t:|1662696843
|switch|p2a: Hydreigon|Hydreigon, M|100/100
|turn|39
|c|☆Baturanimus|Bold Suicune might be the bulkiest thing ever
|
|t:|1662696863
|switch|p1a: Celesteela|Celesteela|100/100
|move|p2a: Hydreigon|Draco Meteor|p1a: Celesteela
|-resisted|p1a: Celesteela
|-damage|p1a: Celesteela|68/100
|-unboost|p2a: Hydreigon|spa|2
|
|-heal|p1a: Celesteela|74/100|[from] item: Leftovers
|upkeep
|turn|40
|c|☆GryphonEX|That was like 8 turn
|c|☆GryphonEX|Actually stupid
|
|t:|1662696884
|switch|p2a: Corsola|Corsola-Galar, M|100/100
|move|p1a: Celesteela|Leech Seed|p2a: Corsola
|-start|p2a: Corsola|move: Leech Seed
|
|-heal|p1a: Celesteela|80/100|[from] item: Leftovers
|-damage|p2a: Corsola|88/100|[from] Leech Seed|[of] p1a: Celesteela
|-heal|p1a: Celesteela|90/100|[silent]
|upkeep
|turn|41
|
|t:|1662696898
|move|p1a: Celesteela|Heavy Slam|p2a: Corsola
|-damage|p2a: Corsola|59/100
|-start|p1a: Celesteela|Disable|Heavy Slam|[from] ability: Cursed Body|[of] p2a: Corsola
|move|p2a: Corsola|Stealth Rock|p1a: Celesteela
|-sidestart|p1: Baturanimus|move: Stealth Rock
|
|-heal|p1a: Celesteela|96/100|[from] item: Leftovers
|-damage|p2a: Corsola|47/100|[from] Leech Seed|[of] p1a: Celesteela
|-heal|p1a: Celesteela|100/100|[silent]
|upkeep
|turn|42
|
|t:|1662696907
|switch|p1a: Incineroar|Incineroar, F|100/100
|-ability|p1a: Incineroar|Intimidate|boost
|-unboost|p2a: Corsola|atk|1
|move|p2a: Corsola|Strength Sap|p1a: Incineroar
|-unboost|p1a: Incineroar|atk|1
|-heal|p2a: Corsola|100/100
|
|-damage|p2a: Corsola|88/100|[from] Leech Seed|[of] p1a: Incineroar
|upkeep
|turn|43
|
|t:|1662696920
|switch|p2a: Salamence|Salamence, F|100/100
|-ability|p2a: Salamence|Intimidate|boost
|-unboost|p1a: Incineroar|atk|1
|move|p1a: Incineroar|Darkest Lariat|p2a: Salamence
|-damage|p2a: Salamence|84/100
|
|upkeep
|turn|44
|
|t:|1662696925
|move|p2a: Salamence|Hurricane|p1a: Incineroar
|-damage|p1a: Incineroar|61/100
|move|p1a: Incineroar|Parting Shot|p2a: Salamence
|-unboost|p2a: Salamence|atk|1
|-unboost|p2a: Salamence|spa|1
|
|t:|1662696936
|switch|p1a: Celesteela|Celesteela|100/100|[from]move: Parting Shot
|-damage|p1a: Celesteela|88/100|[from] Stealth Rock
|
|-heal|p1a: Celesteela|94/100|[from] item: Leftovers
|upkeep
|turn|45
|
|t:|1662696943
|switch|p2a: Corsola|Corsola-Galar, M|88/100
|move|p1a: Celesteela|Leech Seed|p2a: Corsola
|-start|p2a: Corsola|move: Leech Seed
|
|-heal|p1a: Celesteela|99/100|[from] item: Leftovers
|-damage|p2a: Corsola|76/100|[from] Leech Seed|[of] p1a: Celesteela
|-heal|p1a: Celesteela|100/100|[silent]
|upkeep
|turn|46
|
|t:|1662696958
|switch|p1a: Amoonguss|Amoonguss, F|100/100
|-damage|p1a: Amoonguss|88/100|[from] Stealth Rock
|move|p2a: Corsola|Will-O-Wisp|p1a: Amoonguss
|-status|p1a: Amoonguss|brn
|
|-heal|p1a: Amoonguss|94/100 brn|[from] item: Black Sludge
|-damage|p2a: Corsola|63/100|[from] Leech Seed|[of] p1a: Amoonguss
|-heal|p1a: Amoonguss|100/100 brn|[silent]
|-damage|p1a: Amoonguss|94/100 brn|[from] brn
|upkeep
|turn|47
|
|t:|1662696965
|switch|p2a: Chansey|Chansey, F|100/100
|move|p1a: Amoonguss|Foul Play|p2a: Chansey
|-damage|p2a: Chansey|99/100
|
|-heal|p1a: Amoonguss|100/100 brn|[from] item: Black Sludge
|-damage|p1a: Amoonguss|94/100 brn|[from] brn
|upkeep
|turn|48
|c|☆Baturanimus|The 1% Foul Play absolutely kills me every time
|
|t:|1662696992
|switch|p1a: Celesteela|Celesteela|100/100
|-damage|p1a: Celesteela|88/100|[from] Stealth Rock
|move|p2a: Chansey|Teleport|p2a: Chansey
|
|t:|1662696994
|switch|p2a: Hydreigon|Hydreigon, M|100/100|[from]move: Teleport
|
|-heal|p1a: Celesteela|94/100|[from] item: Leftovers
|upkeep
|turn|49
|
|t:|1662697004
|switch|p1a: Thundurus|Thundurus-Therian, M|100/100
|move|p2a: Hydreigon|Flamethrower|p1a: Thundurus
|-crit|p1a: Thundurus
|-damage|p1a: Thundurus|6/100
|
|upkeep
|turn|50
|
|t:|1662697014
|switch|p1a: Keldeo|Keldeo-Resolute|100/100
|-damage|p1a: Keldeo|94/100|[from] Stealth Rock
|switch|p2a: Corsola|Corsola-Galar, M|63/100
|
|upkeep
|turn|51
|
|t:|1662697022
|move|p1a: Keldeo|Hydro Pump|p2a: Corsola|[miss]
|-miss|p1a: Keldeo|p2a: Corsola
|move|p2a: Corsola|Night Shade|p1a: Keldeo
|-damage|p1a: Keldeo|63/100
|
|upkeep
|turn|52
|
|t:|1662697027
|move|p1a: Keldeo|Hydro Pump|p2a: Corsola|[miss]
|-miss|p1a: Keldeo|p2a: Corsola
|move|p2a: Corsola|Strength Sap|p1a: Keldeo
|-unboost|p1a: Keldeo|atk|1
|-heal|p2a: Corsola|100/100
|
|upkeep
|turn|53
|
|t:|1662697030
|move|p1a: Keldeo|Hydro Pump|p2a: Corsola
|-damage|p2a: Corsola|60/100
|move|p2a: Corsola|Night Shade|p1a: Keldeo
|-damage|p1a: Keldeo|32/100
|
|upkeep
|turn|54
|
|t:|1662697036
|move|p1a: Keldeo|Hydro Pump|p2a: Corsola
|-damage|p2a: Corsola|14/100
|-start|p1a: Keldeo|Disable|Hydro Pump|[from] ability: Cursed Body|[of] p2a: Corsola
|move|p2a: Corsola|Night Shade|p1a: Keldeo
|-damage|p1a: Keldeo|1/100
|
|upkeep
|turn|55
|
|t:|1662697045
|switch|p1a: Amoonguss|Amoonguss, F|100/100 brn
|-damage|p1a: Amoonguss|88/100 brn|[from] Stealth Rock
|move|p2a: Corsola|Strength Sap|p1a: Amoonguss
|-unboost|p1a: Amoonguss|atk|1
|-heal|p2a: Corsola|63/100
|
|-heal|p1a: Amoonguss|94/100 brn|[from] item: Black Sludge
|-damage|p1a: Amoonguss|88/100 brn|[from] brn
|upkeep
|turn|56
|c|☆GryphonEX|This is so stupid
|
|t:|1662697055
|switch|p2a: Chansey|Chansey, F|99/100
|move|p1a: Amoonguss|Sludge Bomb|p2a: Chansey
|-damage|p2a: Chansey|90/100
|-status|p2a: Chansey|psn
|
|-heal|p1a: Amoonguss|94/100 brn|[from] item: Black Sludge
|-damage|p2a: Chansey|77/100 psn|[from] psn
|-damage|p1a: Amoonguss|88/100 brn|[from] brn
|upkeep
|turn|57
|c|☆GryphonEX|Crit, double miss, cursed body
|
|t:|1662697075
|switch|p1a: Celesteela|Celesteela|94/100
|-damage|p1a: Celesteela|82/100|[from] Stealth Rock
|move|p2a: Chansey|Teleport|p2a: Chansey
|
|t:|1662697077
|-curestatus|p2a: Chansey|psn|[from] ability: Natural Cure
|switch|p2a: Hydreigon|Hydreigon, M|100/100|[from]move: Teleport
|
|-heal|p1a: Celesteela|88/100|[from] item: Leftovers
|upkeep
|turn|58
|
|t:|1662697083
|move|p2a: Hydreigon|Flamethrower|p1a: Celesteela
|-supereffective|p1a: Celesteela
|-damage|p1a: Celesteela|26/100
|move|p1a: Celesteela|Heavy Slam|p2a: Hydreigon
|-damage|p2a: Hydreigon|56/100
|
|-heal|p1a: Celesteela|32/100|[from] item: Leftovers
|upkeep
|turn|59
|
|t:|1662697090
|move|p2a: Hydreigon|Flamethrower|p1a: Celesteela
|-supereffective|p1a: Celesteela
|-crit|p1a: Celesteela
|-damage|p1a: Celesteela|0 fnt
|faint|p1a: Celesteela
|
|upkeep
|
|t:|1662697092
|switch|p1a: Amoonguss|Amoonguss, F|100/100 brn
|-damage|p1a: Amoonguss|88/100 brn|[from] Stealth Rock
|turn|60
|
|t:|1662697097
|switch|p2a: Chansey|Chansey, F|77/100
|move|p1a: Amoonguss|Sludge Bomb|p2a: Chansey
|-damage|p2a: Chansey|68/100
|-status|p2a: Chansey|psn
|
|-heal|p1a: Amoonguss|94/100 brn|[from] item: Black Sludge
|-damage|p2a: Chansey|56/100 psn|[from] psn
|-damage|p1a: Amoonguss|88/100 brn|[from] brn
|upkeep
|turn|61
|
|t:|1662697102
|move|p2a: Chansey|Soft-Boiled|p2a: Chansey
|-heal|p2a: Chansey|100/100 psn
|move|p1a: Amoonguss|Sludge Bomb|p2a: Chansey
|-damage|p2a: Chansey|91/100 psn
|
|-heal|p1a: Amoonguss|94/100 brn|[from] item: Black Sludge
|-damage|p2a: Chansey|79/100 psn|[from] psn
|-damage|p1a: Amoonguss|88/100 brn|[from] brn
|upkeep
|turn|62
|
|t:|1662697110
|move|p1a: Amoonguss|Sludge Bomb|p2a: Chansey
|-damage|p2a: Chansey|68/100 psn
|move|p2a: Chansey|Teleport|p2a: Chansey
|
|t:|1662697118
|-curestatus|p2a: Chansey|psn|[from] ability: Natural Cure
|switch|p2a: Hydreigon|Hydreigon, M|56/100|[from]move: Teleport
|
|-heal|p1a: Amoonguss|94/100 brn|[from] item: Black Sludge
|-damage|p1a: Amoonguss|88/100 brn|[from] brn
|upkeep
|turn|63
|
|t:|1662697124
|move|p2a: Hydreigon|Draco Meteor|p1a: Amoonguss
|-damage|p1a: Amoonguss|18/100 brn
|-unboost|p2a: Hydreigon|spa|2
|move|p1a: Amoonguss|Sludge Bomb|p2a: Hydreigon
|-damage|p2a: Hydreigon|18/100
|-status|p2a: Hydreigon|psn
|
|-heal|p1a: Amoonguss|24/100 brn|[from] item: Black Sludge
|-damage|p2a: Hydreigon|6/100 psn|[from] psn
|-damage|p1a: Amoonguss|18/100 brn|[from] brn
|upkeep
|turn|64
|
|t:|1662697136
|switch|p1a: Keldeo|Keldeo-Resolute|1/100
|-damage|p1a: Keldeo|0 fnt|[from] Stealth Rock
|faint|p1a: Keldeo
|move|p2a: Hydreigon|Draco Meteor|p1: Keldeo|[notarget]
|-fail|p2a: Hydreigon
|
|-damage|p2a: Hydreigon|0 fnt|[from] psn
|faint|p2a: Hydreigon
|upkeep
|
|t:|1662697146
|switch|p1a: Incineroar|Incineroar, F|61/100
|switch|p2a: Corsola|Corsola-Galar, M|63/100
|-ability|p1a: Incineroar|Intimidate|boost
|-unboost|p2a: Corsola|atk|1
|turn|65
|
|t:|1662697154
|switch|p1a: Amoonguss|Amoonguss, F|51/100 brn
|-damage|p1a: Amoonguss|39/100 brn|[from] Stealth Rock
|move|p2a: Corsola|Strength Sap|p1a: Amoonguss
|-unboost|p1a: Amoonguss|atk|1
|-heal|p2a: Corsola|100/100
|
|-heal|p1a: Amoonguss|45/100 brn|[from] item: Black Sludge
|-damage|p1a: Amoonguss|39/100 brn|[from] brn
|upkeep
|turn|66
|
|t:|1662697165
|switch|p1a: Incineroar|Incineroar, F|61/100
|-ability|p1a: Incineroar|Intimidate|boost
|-unboost|p2a: Corsola|atk|1
|switch|p2a: Salamence|Salamence, F|84/100
|-ability|p2a: Salamence|Intimidate|boost
|-unboost|p1a: Incineroar|atk|1
|
|upkeep
|turn|67
|
|t:|1662697173
|move|p1a: Incineroar|Fake Out|p2a: Salamence
|-damage|p2a: Salamence|78/100
|cant|p2a: Salamence|flinch
|
|upkeep
|turn|68
|
|t:|1662697175
|move|p2a: Salamence|Hurricane|p1a: Incineroar
|-damage|p1a: Incineroar|21/100
|move|p1a: Incineroar|Parting Shot|p2a: Salamence
|-unboost|p2a: Salamence|atk|1
|-unboost|p2a: Salamence|spa|1
|
|t:|1662697181
|switch|p1a: Amoonguss|Amoonguss, F|72/100 brn|[from]move: Parting Shot
|-damage|p1a: Amoonguss|60/100 brn|[from] Stealth Rock
|
|-heal|p1a: Amoonguss|66/100 brn|[from] item: Black Sludge
|-damage|p1a: Amoonguss|60/100 brn|[from] brn
|upkeep
|turn|69
|
|t:|1662697187
|switch|p2a: Chansey|Chansey, F|68/100
|move|p1a: Amoonguss|Spore|p2a: Chansey
|-status|p2a: Chansey|slp|[from] move: Spore
|
|-heal|p1a: Amoonguss|66/100 brn|[from] item: Black Sludge
|-damage|p1a: Amoonguss|60/100 brn|[from] brn
|upkeep
|turn|70
|
|t:|1662697193
|-curestatus|p2a: Chansey|slp|[from] ability: Natural Cure
|switch|p2a: Salamence|Salamence, F|78/100
|-ability|p2a: Salamence|Intimidate|boost
|-unboost|p1a: Amoonguss|atk|1
|switch|p1a: Thundurus|Thundurus-Therian, M|6/100
|
|upkeep
|turn|71
|
|t:|1662697199
|move|p1a: Thundurus|Psychic|p2a: Salamence
|-damage|p2a: Salamence|45/100
|-unboost|p2a: Salamence|spd|1
|move|p2a: Salamence|Flamethrower|p1a: Thundurus
|-damage|p1a: Thundurus|0 fnt
|faint|p1a: Thundurus
|
|upkeep
|
|t:|1662697205
|switch|p1a: Incineroar|Incineroar, F|21/100
|-ability|p1a: Incineroar|Intimidate|boost
|-unboost|p2a: Salamence|atk|1
|turn|72
|
|t:|1662697209
|move|p1a: Incineroar|Fake Out|p2a: Salamence
|-damage|p2a: Salamence|35/100
|cant|p2a: Salamence|flinch
|
|upkeep
|turn|73
|
|t:|1662697212
|move|p2a: Salamence|Hurricane|p1a: Incineroar
|-damage|p1a: Incineroar|0 fnt
|faint|p1a: Incineroar
|
|upkeep
|
|t:|1662697215
|switch|p1a: Amoonguss|Amoonguss, F|93/100 brn
|-damage|p1a: Amoonguss|81/100 brn|[from] Stealth Rock
|turn|74
|c|☆GryphonEX|Would you like the win?
|
|t:|1662697240
|switch|p2a: Chansey|Chansey, F|68/100
|move|p1a: Amoonguss|Foul Play|p2a: Chansey
|-damage|p2a: Chansey|68/100
|
|-heal|p1a: Amoonguss|87/100 brn|[from] item: Black Sludge
|-damage|p1a: Amoonguss|81/100 brn|[from] brn
|upkeep
|turn|75
|l|☆Baturanimus
|inactive|Baturanimus disconnected and has a minute to reconnect!
|player|p1|
|j|☆Baturanimus
|inactive|Baturanimus reconnected and has 130 seconds left.
|player|p1|Baturanimus|zinzolin
|
|t:|1662697265
|move|p1a: Amoonguss|Giga Drain|p2a: Chansey
|-damage|p2a: Chansey|59/100
|-heal|p1a: Amoonguss|88/100 brn|[from] drain|[of] p2a: Chansey
|move|p2a: Chansey|Teleport|p2a: Chansey
|
|t:|1662697274
|switch|p2a: Zarude|Zarude|100/100|[from]move: Teleport
|
|-heal|p1a: Amoonguss|94/100 brn|[from] item: Black Sludge
|-damage|p1a: Amoonguss|88/100 brn|[from] brn
|upkeep
|turn|76
|
|t:|1662697282
|move|p2a: Zarude|U-turn|p1a: Amoonguss
|-damage|p1a: Amoonguss|49/100 brn
|
|t:|1662697283
|switch|p2a: Chansey|Chansey, F|59/100|[from]move: U-turn
|move|p1a: Amoonguss|Sludge Bomb|p2a: Chansey
|-crit|p2a: Chansey
|-damage|p2a: Chansey|45/100
|
|-heal|p1a: Amoonguss|55/100 brn|[from] item: Black Sludge
|-damage|p1a: Amoonguss|49/100 brn|[from] brn
|upkeep
|turn|77
|
|t:|1662697286
|move|p2a: Chansey|Soft-Boiled|p2a: Chansey
|-heal|p2a: Chansey|95/100
|move|p1a: Amoonguss|Sludge Bomb|p2a: Chansey
|-damage|p2a: Chansey|85/100
|
|-heal|p1a: Amoonguss|55/100 brn|[from] item: Black Sludge
|-damage|p1a: Amoonguss|49/100 brn|[from] brn
|upkeep
|turn|78
|
|t:|1662697292
|move|p1a: Amoonguss|Sludge Bomb|p2a: Chansey
|-damage|p2a: Chansey|76/100
|-status|p2a: Chansey|psn
|move|p2a: Chansey|Teleport|p2a: Chansey
|
|t:|1662697294
|-curestatus|p2a: Chansey|psn|[from] ability: Natural Cure
|switch|p2a: Zarude|Zarude|100/100|[from]move: Teleport
|
|-heal|p1a: Amoonguss|55/100 brn|[from] item: Black Sludge
|-damage|p1a: Amoonguss|49/100 brn|[from] brn
|upkeep
|turn|79
|c|☆GryphonEX|Final offer
|inactive|GryphonEX has 120 seconds left.
|
|t:|1662697326
|move|p2a: Zarude|Darkest Lariat|p1a: Amoonguss
|-damage|p1a: Amoonguss|0 fnt
|faint|p1a: Amoonguss
|
|win|GryphonEX
|raw|Baturanimus's rating: 1312 &rarr; <strong>1298</strong><br />(-14 for losing)
|raw|GryphonEX's rating: 1424 &rarr; <strong>1438</strong><br />(+14 for winning)
|l|☆Baturanimus
