|j|☆Elias PSYy
|j|☆DeadByDaylight
|player|p1|Elias PSYy|psychic-gen3rs|
|player|p2|DeadByDaylight|parasollady|
|teamsize|p1|6
|teamsize|p2|6
|gametype|singles
|gen|8
|tier|[Gen 8] UU
|rated|Tournament battle
|clearpoke
|poke|p1|Reuniclus, M|
|poke|p1|Duraludon, F|
|poke|p1|Roserade, M|
|poke|p1|Diggersby, F|
|poke|p1|Vanilluxe, M|
|poke|p1|Dracozolt|
|poke|p2|Chandelure, F|
|poke|p2|Barbaracle, F|
|poke|p2|Malamar, M|
|poke|p2|Flygon, F|
|poke|p2|Doublade, M|
|poke|p2|Butterfree, F|
|rule|Sleep Clause Mod: Limit one foe put to sleep
|rule|Species Clause: Limit one of each Pokémon
|rule|OHKO Clause: OHKO moves are banned
|rule|Evasion Moves Clause: Evasion moves are banned
|rule|Endless Battle Clause: Forcing endless battles is banned
|rule|HP Percentage Mod: HP is shown in percentages
|rule|Dynamax Clause: You cannot dynamax
|teampreview
|j| Adrift and Alone
|inactive|Battle timer is ON: inactive players will automatically lose when time's up. (requested by DeadByDaylight)
|
|start
|switch|p1a: Duraludon|Duraludon, F|100/100
|switch|p2a: Butterfree|Butterfree, F|100/100
|turn|1
|
|move|p1a: Duraludon|Thunderbolt|p2a: Butterfree
|-supereffective|p2a: Butterfree
|-damage|p2a: Butterfree|14/100
|move|p2a: Butterfree|Sleep Powder|p1a: Duraludon
|-status|p1a: Duraludon|slp|[from] move: Sleep Powder
|
|upkeep
|turn|2
|j| Kampfy
|j| LimeLibba
|
|switch|p1a: Diggersby|Diggersby, F|100/100
|move|p2a: Butterfree|Quiver Dance|p2a: Butterfree
|-boost|p2a: Butterfree|spa|1
|-boost|p2a: Butterfree|spd|1
|-boost|p2a: Butterfree|spe|1
|
|upkeep
|turn|3
|
|move|p1a: Diggersby|Quick Attack|p2a: Butterfree
|-damage|p2a: Butterfree|0 fnt
|faint|p2a: Butterfree
|
|upkeep
|
|switch|p2a: Malamar|Malamar, M|100/100
|turn|4
|
|move|p1a: Diggersby|Swords Dance|p1a: Diggersby
|-boost|p1a: Diggersby|atk|2
|move|p2a: Malamar|Superpower|p1a: Diggersby
|-supereffective|p1a: Diggersby
|-damage|p1a: Diggersby|36/100
|-boost|p2a: Malamar|atk|1
|-boost|p2a: Malamar|def|1
|
|upkeep
|turn|5
|j| 76ffyfydy
|
|move|p1a: Diggersby|Mega Kick|p2a: Malamar
|-damage|p2a: Malamar|0 fnt
|faint|p2a: Malamar
|
|upkeep
|
|switch|p2a: Flygon|Flygon, F|100/100
|turn|6
|j|@ANGER MANAGEMENT
|
|move|p1a: Diggersby|Quick Attack|p2a: Flygon
|-damage|p2a: Flygon|19/100
|move|p2a: Flygon|Earthquake|p1a: Diggersby
|-damage|p1a: Diggersby|0 fnt
|faint|p1a: Diggersby
|
|upkeep
|
|switch|p1a: Vanilluxe|Vanilluxe, M|100/100
|-weather|Hail|[from] ability: Snow Warning|[of] p1a: Vanilluxe
|turn|7
|j| tomas262
|l| tomas262
|
|switch|p2a: Barbaracle|Barbaracle, F|100/100
|move|p1a: Vanilluxe|Aurora Veil|p1a: Vanilluxe
|-sidestart|p1: Elias PSYy|move: Aurora Veil
|
|-weather|Hail|[upkeep]
|-damage|p2a: Barbaracle|95/100|[from] Hail
|upkeep
|turn|8
|
|move|p1a: Vanilluxe|Freeze-Dry|p2a: Barbaracle
|-supereffective|p2a: Barbaracle
|-damage|p2a: Barbaracle|1/100
|move|p2a: Barbaracle|Shell Smash|p2a: Barbaracle
|-unboost|p2a: Barbaracle|def|1
|-unboost|p2a: Barbaracle|spd|1
|-boost|p2a: Barbaracle|atk|2
|-boost|p2a: Barbaracle|spa|2
|-boost|p2a: Barbaracle|spe|2
|-enditem|p2a: Barbaracle|White Herb
|-clearnegativeboost|p2a: Barbaracle|[silent]
|
|-weather|Hail|[upkeep]
|-damage|p2a: Barbaracle|0 fnt|[from] Hail
|faint|p2a: Barbaracle
|upkeep
|l| LimeLibba
|
|switch|p2a: Doublade|Doublade, M|100/100
|turn|9
|j| Zaettsu
|
|move|p1a: Vanilluxe|Blizzard|p2a: Doublade
|-resisted|p2a: Doublade
|-damage|p2a: Doublade|67/100
|move|p2a: Doublade|Swords Dance|p2a: Doublade
|-boost|p2a: Doublade|atk|2
|
|-weather|Hail|[upkeep]
|-damage|p2a: Doublade|61/100|[from] Hail
|upkeep
|turn|10
|
|move|p1a: Vanilluxe|Blizzard|p2a: Doublade
|-resisted|p2a: Doublade
|-damage|p2a: Doublade|32/100
|move|p2a: Doublade|Gyro Ball|p1a: Vanilluxe
|-supereffective|p1a: Vanilluxe
|-damage|p1a: Vanilluxe|0 fnt
|faint|p1a: Vanilluxe
|
|-weather|Hail|[upkeep]
|-damage|p2a: Doublade|26/100|[from] Hail
|upkeep
|
|switch|p1a: Roserade|Roserade, M|100/100
|turn|11
|
|move|p2a: Doublade|Shadow Sneak|p1a: Roserade
|-damage|p1a: Roserade|65/100
|move|p1a: Roserade|Leaf Storm|p2a: Doublade
|-resisted|p2a: Doublade
|-damage|p2a: Doublade|0 fnt
|-unboost|p1a: Roserade|spa|2
|-damage|p1a: Roserade|55/100|[from] item: Life Orb
|faint|p2a: Doublade
|
|-weather|none
|upkeep
|
|switch|p2a: Chandelure|Chandelure, F, shiny|100/100
|turn|12
|j| xXICEbALL2Xx
|
|move|p1a: Roserade|Sleep Powder|p2a: Chandelure|[miss]
|-miss|p1a: Roserade|p2a: Chandelure
|move|p2a: Chandelure|Calm Mind|p2a: Chandelure
|-boost|p2a: Chandelure|spa|1
|-boost|p2a: Chandelure|spd|1
|
|upkeep
|turn|13
|j| Atrocious-D
|
|move|p1a: Roserade|Sleep Powder|p2a: Chandelure
|-status|p2a: Chandelure|slp|[from] move: Sleep Powder
|cant|p2a: Chandelure|slp
|
|upkeep
|turn|14
|
|switch|p1a: Dracozolt|Dracozolt|100/100
|cant|p2a: Chandelure|slp
|
|-sideend|p1: Elias PSYy|move: Aurora Veil
|upkeep
|turn|15
|
|move|p1a: Dracozolt|Outrage|p2a: Chandelure
|-damage|p2a: Chandelure|0 fnt
|faint|p2a: Chandelure
|
|upkeep
|
|switch|p2a: Flygon|Flygon, F|19/100
|turn|16
|
|move|p2a: Flygon|Outrage|p1a: Dracozolt
|-supereffective|p1a: Dracozolt
|-damage|p1a: Dracozolt|0 fnt
|faint|p1a: Dracozolt
|
|upkeep
|
|switch|p1a: Roserade|Roserade, M|55/100
|turn|17
|
|move|p2a: Flygon|Outrage|p1a: Roserade|[from]lockedmove
|-damage|p1a: Roserade|0 fnt
|faint|p1a: Roserade
|
|upkeep
|
|switch|p1a: Duraludon|Duraludon, F|100/100 slp
|turn|18
|
|move|p2a: Flygon|Outrage|p1a: Duraludon|[from]lockedmove
|-damage|p1a: Duraludon|40/100 slp
|-start|p2a: Flygon|confusion|[fatigue]
|cant|p1a: Duraludon|slp
|
|upkeep
|turn|19
|
|-activate|p2a: Flygon|confusion
|move|p2a: Flygon|Outrage|p1a: Duraludon
|-damage|p1a: Duraludon|0 fnt
|faint|p1a: Duraludon
|
|upkeep
|
|switch|p1a: Reuniclus|Reuniclus, M|100/100
|turn|20
|
|-end|p2a: Flygon|confusion
|move|p2a: Flygon|Outrage|p1a: Reuniclus|[from]lockedmove
|-damage|p1a: Reuniclus|43/100
|-start|p2a: Flygon|confusion|[fatigue]
|move|p1a: Reuniclus|Psychic|p2a: Flygon
|-damage|p2a: Flygon|0 fnt
|faint|p2a: Flygon
|
|win|Elias PSYy
