|j|☆Eazigzagoon
|j|☆RetroSuperJ
|t:|1662581133
|gametype|singles
|player|p1|Eazigzagoon|madame|1515
|player|p2|RetroSuperJ|dragontamer|1439
|teamsize|p1|6
|teamsize|p2|6
|gen|8
|tier|[Gen 8] UU
|rated|
|rule|Sleep Clause Mod: Limit one foe put to sleep
|rule|Species Clause: Limit one of each Pokémon
|rule|OHKO Clause: OHKO moves are banned
|rule|Evasion Items Clause: Evasion items are banned
|rule|Evasion Moves Clause: Evasion moves are banned
|rule|Endless Battle Clause: Forcing endless battles is banned
|rule|HP Percentage Mod: HP is shown in percentages
|rule|Dynamax Clause: You cannot dynamax
|clearpoke
|poke|p1|Crobat, M|
|poke|p1|Mamoswine, M|
|poke|p1|Amoonguss, M|
|poke|p1|Jirachi|
|poke|p1|Rotom-Wash|
|poke|p1|Zarude|
|poke|p2|Crawdaunt, F|
|poke|p2|Hatterene, F|
|poke|p2|Marowak-Alola, M|
|poke|p2|Stakataka|
|poke|p2|Cresselia, F|
|poke|p2|Glastrier|
|teampreview
|inactive|Battle timer is ON: inactive players will automatically lose when time's up. (requested by RetroSuperJ)
|
|t:|1662581150
|start
|switch|p1a: Jirachi|Jirachi|100/100
|switch|p2a: Hatterene|Hatterene, F|100/100
|turn|1
|
|t:|1662581157
|move|p1a: Jirachi|Iron Head|p2a: Hatterene
|-supereffective|p2a: Hatterene
|-damage|p2a: Hatterene|36/100
|cant|p2a: Hatterene|flinch
|
|upkeep
|turn|2
|
|t:|1662581172
|switch|p2a: Cresselia|Cresselia, F|100/100
|move|p1a: Jirachi|Stealth Rock|p2a: Cresselia
|-sidestart|p2: RetroSuperJ|move: Stealth Rock
|
|upkeep
|turn|3
|
|t:|1662581182
|move|p1a: Jirachi|Iron Head|p2a: Cresselia
|-damage|p2a: Cresselia|84/100
|move|p2a: Cresselia|Trick Room|p2a: Cresselia
|-fieldstart|move: Trick Room|[of] p2a: Cresselia
|
|upkeep
|turn|4
|inactive|RetroSuperJ has 120 seconds left.
|
|t:|1662581208
|switch|p2a: Crawdaunt|Crawdaunt, F|100/100
|-damage|p2a: Crawdaunt|88/100|[from] Stealth Rock
|move|p1a: Jirachi|U-turn|p2a: Crawdaunt
|-supereffective|p2a: Crawdaunt
|-damage|p2a: Crawdaunt|53/100
|
|t:|1662581217
|switch|p1a: Zarude|Zarude|100/100|[from]move: U-turn
|
|upkeep
|turn|5
|inactive|Eazigzagoon has 120 seconds left.
|
|t:|1662581250
|switch|p1a: Amoonguss|Amoonguss, M|100/100
|move|p2a: Crawdaunt|Close Combat|p1a: Amoonguss
|-resisted|p1a: Amoonguss
|-damage|p1a: Amoonguss|78/100
|-unboost|p2a: Crawdaunt|def|1
|-unboost|p2a: Crawdaunt|spd|1
|-enditem|p1a: Amoonguss|Eject Button
|inactive|Eazigzagoon has 120 seconds left.
|
|t:|1662581268
|switch|p1a: Crobat|Crobat, M|100/100
|
|upkeep
|turn|6
|
|t:|1662581274
|switch|p2a: Stakataka|Stakataka|100/100
|-damage|p2a: Stakataka|94/100|[from] Stealth Rock
|-item|p2a: Stakataka|Air Balloon
|move|p1a: Crobat|U-turn|p2a: Stakataka
|-resisted|p2a: Stakataka
|-crit|p2a: Stakataka
|-damage|p2a: Stakataka|87/100
|-enditem|p2a: Stakataka|Air Balloon
|inactive|Eazigzagoon has 120 seconds left.
|j| amogusroxyrrrr
|
|t:|1662581289
|switch|p1a: Rotom|Rotom-Wash|100/100|[from]move: U-turn
|
|upkeep
|turn|7
|inactive|Eazigzagoon has 120 seconds left.
|
|t:|1662581321
|switch|p2a: Hatterene|Hatterene, F|36/100
|-damage|p2a: Hatterene|24/100|[from] Stealth Rock
|switch|p1a: Jirachi|Jirachi|100/100
|
|-fieldend|move: Trick Room
|upkeep
|turn|8
|
|t:|1662581333
|switch|p2a: Cresselia|Cresselia, F|84/100
|-damage|p2a: Cresselia|72/100|[from] Stealth Rock
|move|p1a: Jirachi|Iron Head|p2a: Cresselia
|-damage|p2a: Cresselia|57/100
|
|upkeep
|turn|9
|
|t:|1662581343
|move|p1a: Jirachi|Iron Head|p2a: Cresselia
|-damage|p2a: Cresselia|41/100
|move|p2a: Cresselia|Moonlight|p2a: Cresselia
|-heal|p2a: Cresselia|91/100
|
|upkeep
|turn|10
|
|t:|1662581350
|move|p1a: Jirachi|Iron Head|p2a: Cresselia
|-damage|p2a: Cresselia|75/100
|cant|p2a: Cresselia|flinch
|
|upkeep
|turn|11
|
|t:|1662581354
|move|p1a: Jirachi|Iron Head|p2a: Cresselia
|-damage|p2a: Cresselia|59/100
|move|p2a: Cresselia|Trick Room|p2a: Cresselia
|-fieldstart|move: Trick Room|[of] p2a: Cresselia
|
|upkeep
|turn|12
|inactive|Eazigzagoon has 120 seconds left.
|inactive|RetroSuperJ has 120 seconds left.
|
|t:|1662581395
|switch|p2a: Stakataka|Stakataka|87/100
|-damage|p2a: Stakataka|81/100|[from] Stealth Rock
|switch|p1a: Zarude|Zarude|100/100
|
|upkeep
|turn|13
|inactive|Eazigzagoon has 90 seconds left.
|
|t:|1662581411
|switch|p1a: Rotom|Rotom-Wash|100/100
|move|p2a: Stakataka|Heat Crash|p1a: Rotom
|-resisted|p1a: Rotom
|-damage|p1a: Rotom|74/100
|
|upkeep
|turn|14
|inactive|Eazigzagoon has 90 seconds left.
|
|t:|1662581424
|move|p2a: Stakataka|Stone Edge|p1a: Rotom
|-damage|p1a: Rotom|14/100
|move|p1a: Rotom|Hydro Pump|p2a: Stakataka
|-supereffective|p2a: Stakataka
|-damage|p2a: Stakataka|0 fnt
|faint|p2a: Stakataka
|
|upkeep
|
|t:|1662581435
|switch|p2a: Glastrier|Glastrier|100/100
|turn|15
|
|t:|1662581442
|move|p2a: Glastrier|Substitute|p2a: Glastrier
|-start|p2a: Glastrier|Substitute
|-damage|p2a: Glastrier|76/100
|move|p1a: Rotom|Hydro Pump|p2a: Glastrier|[miss]
|-miss|p1a: Rotom|p2a: Glastrier
|
|-fieldend|move: Trick Room
|upkeep
|turn|16
|
|t:|1662581460
|move|p1a: Rotom|Hydro Pump|p2a: Glastrier
|-end|p2a: Glastrier|Substitute
|move|p2a: Glastrier|Close Combat|p1a: Rotom
|-damage|p1a: Rotom|0 fnt
|-unboost|p2a: Glastrier|def|1
|-unboost|p2a: Glastrier|spd|1
|faint|p1a: Rotom
|-ability|p2a: Glastrier|Chilling Neigh|boost
|-boost|p2a: Glastrier|atk|1
|
|upkeep
|
|t:|1662581470
|switch|p1a: Jirachi|Jirachi|100/100
|turn|17
|
|t:|1662581489
|switch|p2a: Cresselia|Cresselia, F|59/100
|-damage|p2a: Cresselia|47/100|[from] Stealth Rock
|move|p1a: Jirachi|Iron Head|p2a: Cresselia
|-damage|p2a: Cresselia|31/100
|
|upkeep
|turn|18
|
|t:|1662581499
|move|p1a: Jirachi|Iron Head|p2a: Cresselia
|-damage|p2a: Cresselia|16/100
|cant|p2a: Cresselia|flinch
|
|upkeep
|turn|19
|
|t:|1662581509
|move|p1a: Jirachi|U-turn|p2a: Cresselia
|-supereffective|p2a: Cresselia
|-damage|p2a: Cresselia|0 fnt
|faint|p2a: Cresselia
|
|t:|1662581522
|switch|p1a: Zarude|Zarude|100/100|[from]move: U-turn
|
|upkeep
|inactive|RetroSuperJ has 120 seconds left.
|
|t:|1662581565
|switch|p2a: Glastrier|Glastrier|76/100
|turn|20
|inactive|Eazigzagoon has 120 seconds left.
|inactive|Eazigzagoon has 90 seconds left.
|
|t:|1662581620
|move|p1a: Zarude|Darkest Lariat|p2a: Glastrier
|-damage|p2a: Glastrier|35/100
|move|p2a: Glastrier|High Horsepower|p1a: Zarude
|-resisted|p1a: Zarude
|-damage|p1a: Zarude|85/100
|
|upkeep
|turn|21
|
|t:|1662581627
|move|p1a: Zarude|Darkest Lariat|p2a: Glastrier
|-damage|p2a: Glastrier|0 fnt
|faint|p2a: Glastrier
|
|upkeep
|
|t:|1662581632
|switch|p2a: Crawdaunt|Crawdaunt, F|53/100
|-damage|p2a: Crawdaunt|40/100|[from] Stealth Rock
|turn|22
|
|t:|1662581647
|switch|p1a: Amoonguss|Amoonguss, M|100/100
|move|p2a: Crawdaunt|Knock Off|p1a: Amoonguss
|-damage|p1a: Amoonguss|47/100
|
|upkeep
|turn|23
|
|t:|1662581659
|move|p2a: Crawdaunt|Knock Off|p1a: Amoonguss
|-damage|p1a: Amoonguss|0 fnt
|faint|p1a: Amoonguss
|
|upkeep
|
|t:|1662581664
|switch|p1a: Zarude|Zarude|85/100
|turn|24
|
|t:|1662581669
|switch|p2a: Marowak|Marowak-Alola, M|100/100
|-damage|p2a: Marowak|75/100|[from] Stealth Rock
|move|p1a: Zarude|U-turn|p2a: Marowak
|-resisted|p2a: Marowak
|-damage|p2a: Marowak|68/100
|inactive|Eazigzagoon has 90 seconds left.
|
|t:|1662581676
|switch|p1a: Mamoswine|Mamoswine, M|100/100|[from]move: U-turn
|
|upkeep
|turn|25
|
|t:|1662581680
|switch|p2a: Hatterene|Hatterene, F|24/100
|-damage|p2a: Hatterene|12/100|[from] Stealth Rock
|move|p1a: Mamoswine|Earthquake|p2a: Hatterene
|-damage|p2a: Hatterene|0 fnt
|faint|p2a: Hatterene
|-damage|p1a: Mamoswine|91/100|[from] item: Life Orb
|
|upkeep
|
|t:|1662581688
|switch|p2a: Crawdaunt|Crawdaunt, F|40/100
|-damage|p2a: Crawdaunt|28/100|[from] Stealth Rock
|turn|26
|
|t:|1662581700
|move|p1a: Mamoswine|Earthquake|p2a: Crawdaunt
|-damage|p2a: Crawdaunt|0 fnt
|faint|p2a: Crawdaunt
|-damage|p1a: Mamoswine|81/100|[from] item: Life Orb
|
|upkeep
|-message|RetroSuperJ forfeited.
|
|win|Eazigzagoon
|raw|Eazigzagoon's rating: 1515 &rarr; <strong>1531</strong><br />(+16 for winning)
|raw|RetroSuperJ's rating: 1439 &rarr; <strong>1423</strong><br />(-16 for losing)
|l|☆RetroSuperJ
||Ladder isn't responding, score probably updated but might not have (Request timeout).
