|j|☆Bamarah
|j|☆aforce05
|player|p1|Bamarah|eusine-gen2|1419
|player|p2|aforce05|25|1326
|teamsize|p1|6
|teamsize|p2|6
|gametype|singles
|gen|8
|tier|[Gen 8] UU
|rated|
|clearpoke
|poke|p1|Noivern, M|
|poke|p1|Keldeo-Resolute|
|poke|p1|Darmanitan, M|
|poke|p1|Chandelure, M|
|poke|p1|Skarmory, M|
|poke|p1|Blissey, F|
|poke|p2|Porygon-Z|
|poke|p2|Scolipede, M|
|poke|p2|Darmanitan, M|
|poke|p2|Rotom-Wash|
|poke|p2|Sylveon, M|
|poke|p2|Steelix, M|
|rule|Sleep Clause Mod: Limit one foe put to sleep
|rule|Species Clause: Limit one of each Pokémon
|rule|OHKO Clause: OHKO moves are banned
|rule|Evasion Moves Clause: Evasion moves are banned
|rule|Endless Battle Clause: Forcing endless battles is banned
|rule|HP Percentage Mod: HP is shown in percentages
|rule|Dynamax Clause: You cannot dynamax
|teampreview
|inactive|Battle timer is ON: inactive players will automatically lose when time's up. (requested by Bamarah)
|
|start
|switch|p1a: Darmanitan|Darmanitan, M, shiny|100/100
|switch|p2a: Porygon-Z|Porygon-Z|100/100
|turn|1
|
|switch|p2a: Rotom|Rotom-Wash|100/100
|move|p1a: Darmanitan|U-turn|p2a: Rotom
|-damage|p2a: Rotom|72/100
|
|switch|p1a: Noivern|Noivern, M, shiny|100/100|[from]move: U-turn
|
|-heal|p2a: Rotom|78/100|[from] item: Leftovers
|upkeep
|turn|2
|
|switch|p2a: Sylveon|Sylveon, M|100/100
|move|p1a: Noivern|Hurricane|p2a: Sylveon
|-damage|p2a: Sylveon|71/100
|-damage|p1a: Noivern|91/100|[from] item: Life Orb
|
|upkeep
|turn|3
|
|switch|p1a: Darmanitan|Darmanitan, M, shiny|100/100
|move|p2a: Sylveon|Mystical Fire|p1a: Darmanitan
|-resisted|p1a: Darmanitan
|-damage|p1a: Darmanitan|82/100
|-unboost|p1a: Darmanitan|spa|1
|
|upkeep
|turn|4
|
|switch|p2a: Steelix|Steelix, M|100/100
|move|p1a: Darmanitan|Flare Blitz|p2a: Steelix
|-supereffective|p2a: Steelix
|-damage|p2a: Steelix|25/100
|-damage|p1a: Darmanitan|65/100|[from] item: Rocky Helmet|[of] p2a: Steelix
|-damage|p1a: Darmanitan|40/100|[from] Recoil
|
|upkeep
|turn|5
|
|move|p1a: Darmanitan|Flare Blitz|p2a: Steelix
|-supereffective|p2a: Steelix
|-damage|p2a: Steelix|0 fnt
|-damage|p1a: Darmanitan|24/100|[from] item: Rocky Helmet|[of] p2a: Steelix
|-damage|p1a: Darmanitan|16/100|[from] Recoil
|faint|p2a: Steelix
|
|upkeep
|
|switch|p2a: Scolipede|Scolipede, M|100/100
|turn|6
|
|move|p2a: Scolipede|Protect|p2a: Scolipede
|-singleturn|p2a: Scolipede|Protect
|move|p1a: Darmanitan|Flare Blitz|p2a: Scolipede
|-activate|p2a: Scolipede|move: Protect
|
|-ability|p2a: Scolipede|Speed Boost|boost
|-boost|p2a: Scolipede|spe|1
|upkeep
|turn|7
|
|switch|p1a: Skarmory|Skarmory, M, shiny|100/100
|move|p2a: Scolipede|Earthquake|p1a: Skarmory
|-immune|p1a: Skarmory
|
|-ability|p2a: Scolipede|Speed Boost|boost
|-boost|p2a: Scolipede|spe|1
|upkeep
|turn|8
|
|switch|p2a: Rotom|Rotom-Wash|78/100
|move|p1a: Skarmory|Iron Defense|p1a: Skarmory
|-boost|p1a: Skarmory|def|2
|
|-heal|p2a: Rotom|84/100|[from] item: Leftovers
|upkeep
|turn|9
|
|switch|p1a: Blissey|Blissey, F, shiny|100/100
|move|p2a: Rotom|Will-O-Wisp|p1a: Blissey
|-status|p1a: Blissey|brn
|
|-heal|p2a: Rotom|90/100|[from] item: Leftovers
|-damage|p1a: Blissey|94/100 brn|[from] brn
|upkeep
|turn|10
|
|move|p2a: Rotom|Volt Switch|p1a: Blissey
|-damage|p1a: Blissey|88/100 brn
|
|switch|p2a: Scolipede|Scolipede, M|100/100|[from]move: Volt Switch
|move|p1a: Blissey|Thunder Wave|p2a: Scolipede
|-status|p2a: Scolipede|par
|
|-heal|p1a: Blissey|94/100 brn|[from] item: Leftovers
|-damage|p1a: Blissey|88/100 brn|[from] brn
|upkeep
|turn|11
|
|switch|p1a: Skarmory|Skarmory, M, shiny|100/100
|move|p2a: Scolipede|Earthquake|p1a: Skarmory
|-immune|p1a: Skarmory
|
|-ability|p2a: Scolipede|Speed Boost|boost
|-boost|p2a: Scolipede|spe|1
|upkeep
|turn|12
|
|switch|p2a: Rotom|Rotom-Wash|90/100
|move|p1a: Skarmory|Body Press|p2a: Rotom
|-damage|p2a: Rotom|57/100
|
|-heal|p2a: Rotom|63/100|[from] item: Leftovers
|upkeep
|turn|13
|
|switch|p1a: Blissey|Blissey, F, shiny|88/100
|move|p2a: Rotom|Volt Switch|p1a: Blissey
|-damage|p1a: Blissey|81/100
|
|switch|p2a: Darmanitan|Darmanitan, M|100/100|[from]move: Volt Switch
|
|-heal|p1a: Blissey|88/100|[from] item: Leftovers
|upkeep
|turn|14
|
|switch|p1a: Keldeo|Keldeo-Resolute|100/100
|move|p2a: Darmanitan|U-turn|p1a: Keldeo
|-resisted|p1a: Keldeo
|-damage|p1a: Keldeo|86/100
|
|switch|p2a: Sylveon|Sylveon, M|71/100|[from]move: U-turn
|
|upkeep
|turn|15
|
|switch|p1a: Blissey|Blissey, F, shiny|88/100
|move|p2a: Sylveon|Hyper Voice|p1a: Blissey
|-damage|p1a: Blissey|73/100
|
|-heal|p1a: Blissey|79/100|[from] item: Leftovers
|upkeep
|turn|16
|
|switch|p2a: Scolipede|Scolipede, M|100/100 par
|move|p1a: Blissey|Seismic Toss|p2a: Scolipede
|-damage|p2a: Scolipede|62/100 par
|
|-heal|p1a: Blissey|86/100|[from] item: Leftovers
|upkeep
|turn|17
|
|switch|p1a: Skarmory|Skarmory, M, shiny|100/100
|move|p2a: Scolipede|Megahorn|p1a: Skarmory
|-resisted|p1a: Skarmory
|-damage|p1a: Skarmory|88/100
|-damage|p2a: Scolipede|52/100 par|[from] item: Life Orb
|
|-heal|p1a: Skarmory|94/100|[from] item: Leftovers
|-ability|p2a: Scolipede|Speed Boost|boost
|-boost|p2a: Scolipede|spe|1
|upkeep
|turn|18
|
|switch|p2a: Rotom|Rotom-Wash|63/100
|move|p1a: Skarmory|Body Press|p2a: Rotom
|-damage|p2a: Rotom|29/100
|
|-heal|p1a: Skarmory|99/100|[from] item: Leftovers
|-heal|p2a: Rotom|35/100|[from] item: Leftovers
|upkeep
|turn|19
|
|switch|p1a: Blissey|Blissey, F, shiny|86/100
|move|p2a: Rotom|Pain Split|p1a: Blissey
|-sethp|p1a: Blissey|50/100|[from] move: Pain Split|[silent]
|-sethp|p2a: Rotom|100/100|[from] move: Pain Split
|
|-heal|p1a: Blissey|57/100|[from] item: Leftovers
|upkeep
|turn|20
|
|move|p2a: Rotom|Volt Switch|p1a: Blissey
|-damage|p1a: Blissey|49/100
|
|switch|p2a: Scolipede|Scolipede, M|52/100 par|[from]move: Volt Switch
|move|p1a: Blissey|Wish|p1a: Blissey
|
|-heal|p1a: Blissey|55/100|[from] item: Leftovers
|upkeep
|turn|21
|
|switch|p2a: Porygon-Z|Porygon-Z|100/100
|switch|p1a: Skarmory|Skarmory, M, shiny|99/100
|
|-heal|p1a: Skarmory|100/100|[from] move: Wish|[wisher] Blissey
|upkeep
|turn|22
|
|switch|p1a: Blissey|Blissey, F, shiny|55/100
|move|p2a: Porygon-Z|Tri Attack|p1a: Blissey
|-damage|p1a: Blissey|33/100
|
|-heal|p1a: Blissey|39/100|[from] item: Leftovers
|upkeep
|turn|23
|
|switch|p2a: Scolipede|Scolipede, M|52/100 par
|move|p1a: Blissey|Thunder Wave|p2a: Scolipede
|-fail|p2a: Scolipede|par
|
|-heal|p1a: Blissey|45/100|[from] item: Leftovers
|upkeep
|turn|24
|
|switch|p1a: Skarmory|Skarmory, M, shiny|100/100
|move|p2a: Scolipede|Swords Dance|p2a: Scolipede
|-boost|p2a: Scolipede|atk|2
|
|-ability|p2a: Scolipede|Speed Boost|boost
|-boost|p2a: Scolipede|spe|1
|upkeep
|turn|25
|
|switch|p2a: Porygon-Z|Porygon-Z|100/100
|move|p1a: Skarmory|Iron Defense|p1a: Skarmory
|-boost|p1a: Skarmory|def|2
|
|upkeep
|turn|26
|
|switch|p1a: Chandelure|Chandelure, M, shiny|100/100
|move|p2a: Porygon-Z|Tri Attack|p1a: Chandelure
|-immune|p1a: Chandelure
|
|upkeep
|turn|27
|
|switch|p2a: Rotom|Rotom-Wash|100/100
|move|p1a: Chandelure|Psychic|p2a: Rotom
|-damage|p2a: Rotom|73/100
|
|-heal|p2a: Rotom|79/100|[from] item: Leftovers
|upkeep
|turn|28
|
|switch|p1a: Blissey|Blissey, F, shiny|45/100
|move|p2a: Rotom|Volt Switch|p1a: Blissey
|-damage|p1a: Blissey|38/100
|
|switch|p2a: Darmanitan|Darmanitan, M|100/100|[from]move: Volt Switch
|
|-heal|p1a: Blissey|44/100|[from] item: Leftovers
|upkeep
|turn|29
|
|switch|p1a: Keldeo|Keldeo-Resolute|86/100
|move|p2a: Darmanitan|Flare Blitz|p1a: Keldeo
|-resisted|p1a: Keldeo
|-damage|p1a: Keldeo|33/100
|-damage|p2a: Darmanitan|85/100|[from] Recoil
|
|upkeep
|turn|30
|
|move|p1a: Keldeo|Aqua Jet|p2a: Darmanitan
|-supereffective|p2a: Darmanitan
|-damage|p2a: Darmanitan|38/100
|-damage|p1a: Keldeo|23/100|[from] item: Life Orb
|move|p2a: Darmanitan|Flare Blitz|p1a: Keldeo
|-resisted|p1a: Keldeo
|-damage|p1a: Keldeo|0 fnt
|-damage|p2a: Darmanitan|31/100|[from] Recoil
|faint|p1a: Keldeo
|
|upkeep
|
|switch|p1a: Noivern|Noivern, M, shiny|91/100
|turn|31
|
|switch|p2a: Sylveon|Sylveon, M|71/100
|move|p1a: Noivern|Flamethrower|p2a: Sylveon
|-damage|p2a: Sylveon|55/100
|-damage|p1a: Noivern|81/100|[from] item: Life Orb
|
|upkeep
|turn|32
|
|switch|p1a: Blissey|Blissey, F, shiny|44/100
|switch|p2a: Darmanitan|Darmanitan, M|31/100
|
|-heal|p1a: Blissey|50/100|[from] item: Leftovers
|upkeep
|turn|33
|
|switch|p1a: Chandelure|Chandelure, M, shiny|100/100
|move|p2a: Darmanitan|Flare Blitz|p1a: Chandelure
|-resisted|p1a: Chandelure
|-damage|p1a: Chandelure|38/100
|-damage|p2a: Darmanitan|16/100|[from] Recoil
|
|upkeep
|turn|34
|
|move|p2a: Darmanitan|Flare Blitz|p1a: Chandelure
|-resisted|p1a: Chandelure
|-damage|p1a: Chandelure|0 fnt
|-damage|p2a: Darmanitan|6/100|[from] Recoil
|faint|p1a: Chandelure
|
|upkeep
|
|switch|p1a: Noivern|Noivern, M, shiny|81/100
|turn|35
|
|move|p2a: Darmanitan|Flare Blitz|p1a: Noivern
|-resisted|p1a: Noivern
|-damage|p1a: Noivern|21/100
|-damage|p2a: Darmanitan|0 fnt|[from] Recoil
|faint|p2a: Darmanitan
|move|p1a: Noivern|Hurricane|p2: Darmanitan|[notarget]
|-fail|p1a: Noivern
|
|upkeep
|
|switch|p2a: Sylveon|Sylveon, M|55/100
|turn|36
|
|move|p1a: Noivern|Hurricane|p2a: Sylveon|[miss]
|-miss|p1a: Noivern|p2a: Sylveon
|move|p2a: Sylveon|Psyshock|p1a: Noivern
|-damage|p1a: Noivern|0 fnt
|faint|p1a: Noivern
|
|upkeep
|
|switch|p1a: Darmanitan|Darmanitan, M, shiny|16/100
|turn|37
|
|move|p1a: Darmanitan|Flare Blitz|p2a: Sylveon
|-damage|p2a: Sylveon|0 fnt
|-damage|p1a: Darmanitan|0 fnt|[from] Recoil
|faint|p2a: Sylveon
|faint|p1a: Darmanitan
|
|upkeep
|
|switch|p1a: Blissey|Blissey, F, shiny|50/100
|switch|p2a: Porygon-Z|Porygon-Z|100/100
|turn|38
|
|switch|p2a: Scolipede|Scolipede, M|52/100 par
|move|p1a: Blissey|Wish|p1a: Blissey
|
|-heal|p1a: Blissey|57/100|[from] item: Leftovers
|upkeep
|turn|39
|
|switch|p1a: Skarmory|Skarmory, M, shiny|100/100
|move|p2a: Scolipede|Megahorn|p1a: Skarmory
|-resisted|p1a: Skarmory
|-damage|p1a: Skarmory|88/100
|-damage|p2a: Scolipede|42/100 par|[from] item: Life Orb
|
|-heal|p1a: Skarmory|100/100|[from] move: Wish|[wisher] Blissey
|-ability|p2a: Scolipede|Speed Boost|boost
|-boost|p2a: Scolipede|spe|1
|upkeep
|turn|40
|
|switch|p2a: Rotom|Rotom-Wash|79/100
|move|p1a: Skarmory|Body Press|p2a: Rotom
|-damage|p2a: Rotom|43/100
|
|-heal|p2a: Rotom|49/100|[from] item: Leftovers
|upkeep
|turn|41
|
|switch|p1a: Blissey|Blissey, F, shiny|57/100
|move|p2a: Rotom|Pain Split|p1a: Blissey
|-sethp|p1a: Blissey|39/100|[from] move: Pain Split|[silent]
|-sethp|p2a: Rotom|90/100|[from] move: Pain Split
|
|-heal|p2a: Rotom|97/100|[from] item: Leftovers
|-heal|p1a: Blissey|45/100|[from] item: Leftovers
|upkeep
|turn|42
|
|move|p2a: Rotom|Volt Switch|p1a: Blissey
|-damage|p1a: Blissey|37/100
|
|switch|p2a: Scolipede|Scolipede, M|42/100 par|[from]move: Volt Switch
|move|p1a: Blissey|Wish|p1a: Blissey
|
|-heal|p1a: Blissey|43/100|[from] item: Leftovers
|upkeep
|turn|43
|
|switch|p2a: Rotom|Rotom-Wash|97/100
|switch|p1a: Skarmory|Skarmory, M, shiny|100/100
|
|-heal|p2a: Rotom|100/100|[from] item: Leftovers
|upkeep
|turn|44
|c|☆aforce05|This is going to be endless
|
|switch|p1a: Blissey|Blissey, F, shiny|43/100
|move|p2a: Rotom|Volt Switch|p1a: Blissey
|-damage|p1a: Blissey|37/100
|
|switch|p2a: Scolipede|Scolipede, M|42/100 par|[from]move: Volt Switch
|
|-heal|p1a: Blissey|43/100|[from] item: Leftovers
|upkeep
|turn|45
|c|☆Bamarah|then forfeit
|c|☆aforce05|Lol no
|c|☆aforce05|if blissed dies then u lose
|inactive|aforce05 has 120 seconds left.
|
|switch|p2a: Porygon-Z|Porygon-Z|100/100
|switch|p1a: Skarmory|Skarmory, M, shiny|100/100
|
|upkeep
|turn|46
|
|move|p2a: Porygon-Z|Uproar|p1a: Skarmory
|-resisted|p1a: Skarmory
|-damage|p1a: Skarmory|12/100
|-start|p2a: Porygon-Z|Uproar
|move|p1a: Skarmory|Body Press|p2a: Porygon-Z
|-supereffective|p2a: Porygon-Z
|-damage|p2a: Porygon-Z|0 fnt
|faint|p2a: Porygon-Z
|
|-heal|p1a: Skarmory|18/100|[from] item: Leftovers
|upkeep
|inactive|aforce05 has 120 seconds left.
|
|switch|p2a: Scolipede|Scolipede, M|42/100 par
|turn|47
|
|move|p2a: Scolipede|Protect|p2a: Scolipede
|-singleturn|p2a: Scolipede|Protect
|move|p1a: Skarmory|Roost|p1a: Skarmory
|-heal|p1a: Skarmory|68/100
|-singleturn|p1a: Skarmory|move: Roost
|
|-heal|p1a: Skarmory|74/100|[from] item: Leftovers
|-ability|p2a: Scolipede|Speed Boost|boost
|-boost|p2a: Scolipede|spe|1
|upkeep
|turn|48
|
|switch|p2a: Rotom|Rotom-Wash|100/100
|move|p1a: Skarmory|Iron Defense|p1a: Skarmory
|-boost|p1a: Skarmory|def|2
|
|-heal|p1a: Skarmory|80/100|[from] item: Leftovers
|upkeep
|turn|49
|
|switch|p1a: Blissey|Blissey, F, shiny|43/100
|move|p2a: Rotom|Volt Switch|p1a: Blissey
|-damage|p1a: Blissey|36/100
|
|switch|p2a: Scolipede|Scolipede, M|42/100 par|[from]move: Volt Switch
|
|-heal|p1a: Blissey|43/100|[from] item: Leftovers
|upkeep
|turn|50
|-message|aforce05 forfeited.
|
|win|Bamarah
|l|☆aforce05
