|j|☆Horsehead3
|j|☆regi ice regice
|t:|1666568693
|gametype|singles
|player|p1|Horsehead3|ash|1506
|player|p2|regi ice regice|marley|1582
|teamsize|p1|6
|teamsize|p2|6
|gen|8
|tier|[Gen 8] UU
|rated|
|rule|Sleep Clause Mod: Limit one foe put to sleep
|rule|Species Clause: Limit one of each Pokémon
|rule|OHKO Clause: OHKO moves are banned
|rule|Evasion Items Clause: Evasion items are banned
|rule|Evasion Moves Clause: Evasion moves are banned
|rule|Endless Battle Clause: Forcing endless battles is banned
|rule|HP Percentage Mod: HP is shown in percentages
|rule|Dynamax Clause: You cannot dynamax
|clearpoke
|poke|p1|Jirachi|
|poke|p1|Togekiss, F|
|poke|p1|Rotom-Wash|
|poke|p1|Diggersby, M|
|poke|p1|Hydreigon, M|
|poke|p1|Conkeldurr, F|
|poke|p2|Jirachi|
|poke|p2|Nihilego|
|poke|p2|Salamence, F|
|poke|p2|Hippowdon, F|
|poke|p2|Zarude|
|poke|p2|Crawdaunt, F|
|teampreview
|inactive|Battle timer is ON: inactive players will automatically lose when time's up. (requested by Horsehead3)
|
|t:|1666568718
|start
|switch|p1a: Conks|Conkeldurr, F|100/100
|switch|p2a: Salamence|Salamence, F|100/100
|-ability|p2a: Salamence|Intimidate|boost
|-unboost|p1a: Conks|atk|1
|turn|1
|
|t:|1666568725
|switch|p1a: Flying Fuk|Togekiss, F|100/100
|move|p2a: Salamence|Toxic|p1a: Flying Fuk
|-status|p1a: Flying Fuk|tox
|
|-damage|p1a: Flying Fuk|94/100 tox|[from] psn
|upkeep
|turn|2
|
|t:|1666568731
|switch|p2a: Jirachi|Jirachi|100/100
|switch|p1a: Conks|Conkeldurr, F|100/100
|
|-status|p1a: Conks|brn|[from] item: Flame Orb
|upkeep
|turn|3
|
|t:|1666568737
|move|p2a: Jirachi|Iron Head|p1a: Conks
|-damage|p1a: Conks|72/100 brn
|cant|p1a: Conks|flinch
|
|-damage|p1a: Conks|66/100 brn|[from] brn
|upkeep
|turn|4
|
|t:|1666568741
|switch|p1a: Wet|Rotom-Wash|100/100
|move|p2a: Jirachi|Iron Head|p1a: Wet
|-resisted|p1a: Wet
|-damage|p1a: Wet|92/100
|
|-heal|p1a: Wet|99/100|[from] item: Leftovers
|upkeep
|turn|5
|
|t:|1666568749
|move|p2a: Jirachi|U-turn|p1a: Wet
|-damage|p1a: Wet|80/100
|
|t:|1666568751
|switch|p2a: Zarude|Zarude|100/100|[from]move: U-turn
|move|p1a: Wet|Discharge|p2a: Zarude
|-resisted|p2a: Zarude
|-damage|p2a: Zarude|84/100
|-status|p2a: Zarude|par
|
|-heal|p1a: Wet|86/100|[from] item: Leftovers
|upkeep
|turn|6
|
|t:|1666568763
|move|p1a: Wet|Nasty Plot|p1a: Wet
|-boost|p1a: Wet|spa|2
|move|p2a: Zarude|U-turn|p1a: Wet
|-damage|p1a: Wet|58/100
|
|t:|1666568771
|switch|p2a: Nihilego|Nihilego|100/100|[from]move: U-turn
|
|-heal|p1a: Wet|64/100|[from] item: Leftovers
|upkeep
|turn|7
|
|t:|1666568780
|switch|p1a: Chest Eye|Jirachi|100/100
|move|p2a: Nihilego|Meteor Beam||[still]
|-prepare|p2a: Nihilego|Meteor Beam
|-boost|p2a: Nihilego|spa|1
|-enditem|p2a: Nihilego|Power Herb
|-anim|p2a: Nihilego|Meteor Beam|p1a: Chest Eye
|-resisted|p1a: Chest Eye
|-damage|p1a: Chest Eye|69/100
|
|-heal|p1a: Chest Eye|75/100|[from] item: Leftovers
|upkeep
|turn|8
|
|t:|1666568789
|switch|p2a: Hippowdon|Hippowdon, F|100/100
|-weather|Sandstorm|[from] ability: Sand Stream|[of] p2a: Hippowdon
|move|p1a: Chest Eye|Stealth Rock|p2a: Hippowdon
|-sidestart|p2: regi ice regice|move: Stealth Rock
|
|-weather|Sandstorm|[upkeep]
|-heal|p1a: Chest Eye|81/100|[from] item: Leftovers
|upkeep
|turn|9
|
|t:|1666568796
|switch|p1a: Wet|Rotom-Wash|64/100
|move|p2a: Hippowdon|Stealth Rock|p1a: Wet
|-sidestart|p1: Horsehead3|move: Stealth Rock
|
|-weather|Sandstorm|[upkeep]
|-damage|p1a: Wet|58/100|[from] Sandstorm
|-heal|p1a: Wet|64/100|[from] item: Leftovers
|upkeep
|turn|10
|
|t:|1666568800
|move|p1a: Wet|Hydro Pump|p2a: Hippowdon
|-supereffective|p2a: Hippowdon
|-damage|p2a: Hippowdon|20/100
|move|p2a: Hippowdon|Toxic|p1a: Wet
|-status|p1a: Wet|tox
|
|-weather|Sandstorm|[upkeep]
|-damage|p1a: Wet|58/100 tox|[from] Sandstorm
|-heal|p1a: Wet|64/100 tox|[from] item: Leftovers
|-heal|p2a: Hippowdon|26/100|[from] item: Leftovers
|-damage|p1a: Wet|58/100 tox|[from] psn
|upkeep
|turn|11
|
|t:|1666568806
|switch|p2a: Zarude|Zarude|84/100 par
|-damage|p2a: Zarude|72/100 par|[from] Stealth Rock
|move|p1a: Wet|Hydro Pump|p2a: Zarude
|-resisted|p2a: Zarude
|-damage|p2a: Zarude|48/100 par
|
|-weather|Sandstorm|[upkeep]
|-damage|p1a: Wet|52/100 tox|[from] Sandstorm
|-damage|p2a: Zarude|42/100 par|[from] Sandstorm
|-heal|p1a: Wet|58/100 tox|[from] item: Leftovers
|-damage|p1a: Wet|46/100 tox|[from] psn
|upkeep
|turn|12
|
|t:|1666568812
|switch|p1a: Flying Fuk|Togekiss, F|94/100 tox
|move|p2a: Zarude|Jungle Healing|p2a: Zarude
|-heal|p2a: Zarude|67/100 par
|-curestatus|p2a: Zarude|par|[msg]
|
|-weather|none
|-damage|p1a: Flying Fuk|88/100 tox|[from] psn
|upkeep
|turn|13
|
|t:|1666568817
|switch|p2a: Jirachi|Jirachi|100/100
|-damage|p2a: Jirachi|94/100|[from] Stealth Rock
|move|p1a: Flying Fuk|Defog|p2a: Jirachi
|-unboost|p2a: Jirachi|evasion|1
|-sideend|p2: regi ice regice|Stealth Rock|[from] move: Defog|[of] p1a: Flying Fuk
|-sideend|p1: Horsehead3|Stealth Rock|[from] move: Defog|[of] p1a: Flying Fuk
|
|-heal|p2a: Jirachi|100/100|[from] item: Leftovers
|-damage|p1a: Flying Fuk|76/100 tox|[from] psn
|upkeep
|turn|14
|
|t:|1666568825
|move|p2a: Jirachi|U-turn|p1a: Flying Fuk
|-resisted|p1a: Flying Fuk
|-damage|p1a: Flying Fuk|72/100 tox
|
|t:|1666568828
|switch|p2a: Nihilego|Nihilego|100/100|[from]move: U-turn
|move|p1a: Flying Fuk|Thunder Wave|p2a: Nihilego
|-status|p2a: Nihilego|par
|
|-damage|p1a: Flying Fuk|54/100 tox|[from] psn
|upkeep
|turn|15
|
|t:|1666568841
|switch|p1a: Chest Eye|Jirachi|81/100
|move|p2a: Nihilego|Thunderbolt|p1a: Chest Eye
|-damage|p1a: Chest Eye|60/100
|
|-heal|p1a: Chest Eye|67/100|[from] item: Leftovers
|upkeep
|turn|16
|
|t:|1666568851
|switch|p2a: Hippowdon|Hippowdon, F|26/100
|-weather|Sandstorm|[from] ability: Sand Stream|[of] p2a: Hippowdon
|move|p1a: Chest Eye|Stealth Rock|p2a: Hippowdon
|-sidestart|p2: regi ice regice|move: Stealth Rock
|
|-weather|Sandstorm|[upkeep]
|-heal|p1a: Chest Eye|73/100|[from] item: Leftovers
|-heal|p2a: Hippowdon|32/100|[from] item: Leftovers
|upkeep
|turn|17
|
|t:|1666568854
|move|p1a: Chest Eye|Iron Head|p2a: Hippowdon
|-damage|p2a: Hippowdon|12/100
|cant|p2a: Hippowdon|flinch
|
|-weather|Sandstorm|[upkeep]
|-heal|p1a: Chest Eye|79/100|[from] item: Leftovers
|-heal|p2a: Hippowdon|19/100|[from] item: Leftovers
|upkeep
|turn|18
|
|t:|1666568860
|switch|p2a: Salamence|Salamence, F|100/100
|-ability|p2a: Salamence|Intimidate|boost
|-unboost|p1a: Chest Eye|atk|1
|move|p1a: Chest Eye|Iron Head|p2a: Salamence
|-crit|p2a: Salamence
|-damage|p2a: Salamence|66/100
|
|-weather|Sandstorm|[upkeep]
|-damage|p2a: Salamence|60/100|[from] Sandstorm
|-heal|p1a: Chest Eye|85/100|[from] item: Leftovers
|upkeep
|turn|19
|
|t:|1666568864
|move|p2a: Salamence|Roost|p2a: Salamence
|-heal|p2a: Salamence|100/100
|-singleturn|p2a: Salamence|move: Roost
|move|p1a: Chest Eye|Thunder Wave|p2a: Salamence
|-status|p2a: Salamence|par
|
|-weather|Sandstorm|[upkeep]
|-damage|p2a: Salamence|94/100 par|[from] Sandstorm
|-heal|p1a: Chest Eye|91/100|[from] item: Leftovers
|upkeep
|turn|20
|
|t:|1666568868
|switch|p1a: 3 Heads ;)|Hydreigon, M|100/100
|move|p2a: Salamence|Defog|p1a: 3 Heads ;)
|-unboost|p1a: 3 Heads ;)|evasion|1
|-sideend|p2: regi ice regice|Stealth Rock|[from] move: Defog|[of] p2a: Salamence
|
|-weather|none
|upkeep
|turn|21
|
|t:|1666568877
|switch|p2a: Jirachi|Jirachi|100/100
|move|p1a: 3 Heads ;)|Dark Pulse|p2a: Jirachi
|-supereffective|p2a: Jirachi
|-damage|p2a: Jirachi|35/100
|
|-heal|p2a: Jirachi|41/100|[from] item: Leftovers
|upkeep
|turn|22
|
|t:|1666568881
|move|p2a: Jirachi|Protect|p2a: Jirachi
|-singleturn|p2a: Jirachi|Protect
|move|p1a: 3 Heads ;)|Dark Pulse|p2a: Jirachi
|-activate|p2a: Jirachi|move: Protect
|
|-heal|p2a: Jirachi|48/100|[from] item: Leftovers
|upkeep
|turn|23
|
|t:|1666568897
|switch|p1a: Conks|Conkeldurr, F|66/100 brn
|switch|p2a: Zarude|Zarude|67/100
|
|-damage|p1a: Conks|60/100 brn|[from] brn
|upkeep
|turn|24
|
|t:|1666568904
|switch|p2a: Salamence|Salamence, F|94/100 par
|-ability|p2a: Salamence|Intimidate|boost
|-unboost|p1a: Conks|atk|1
|move|p1a: Conks|Facade|p2a: Salamence
|-damage|p2a: Salamence|52/100 par
|
|-damage|p1a: Conks|54/100 brn|[from] brn
|upkeep
|turn|25
|
|t:|1666568914
|switch|p1a: Digger|Diggersby, M|100/100
|move|p2a: Salamence|Flamethrower|p1a: Digger
|-crit|p1a: Digger
|-damage|p1a: Digger|51/100
|
|upkeep
|turn|26
|
|t:|1666568923
|switch|p2a: Jirachi|Jirachi|48/100
|move|p1a: Digger|Body Slam|p2a: Jirachi
|-resisted|p2a: Jirachi
|-damage|p2a: Jirachi|16/100
|
|-heal|p2a: Jirachi|22/100|[from] item: Leftovers
|upkeep
|turn|27
|
|t:|1666568926
|move|p2a: Jirachi|Protect|p2a: Jirachi
|-singleturn|p2a: Jirachi|Protect
|move|p1a: Digger|Body Slam|p2a: Jirachi
|-activate|p2a: Jirachi|move: Protect
|
|-heal|p2a: Jirachi|28/100|[from] item: Leftovers
|upkeep
|turn|28
|
|t:|1666568929
|move|p2a: Jirachi|Protect|p2a: Jirachi
|-singleturn|p2a: Jirachi|Protect
|move|p1a: Digger|Body Slam|p2a: Jirachi
|-activate|p2a: Jirachi|move: Protect
|
|-heal|p2a: Jirachi|34/100|[from] item: Leftovers
|upkeep
|turn|29
|
|t:|1666568932
|move|p2a: Jirachi|Wish|p2a: Jirachi
|move|p1a: Digger|Body Slam|p2a: Jirachi
|-resisted|p2a: Jirachi
|-damage|p2a: Jirachi|0 fnt
|faint|p2a: Jirachi
|
|upkeep
|
|t:|1666568944
|switch|p2a: Zarude|Zarude|67/100
|turn|30
|
|t:|1666568957
|switch|p1a: Flying Fuk|Togekiss, F|54/100 tox
|move|p2a: Zarude|U-turn|p1a: Flying Fuk
|-resisted|p1a: Flying Fuk
|-damage|p1a: Flying Fuk|49/100 tox
|
|t:|1666568962
|switch|p2a: Nihilego|Nihilego|100/100 par|[from]move: U-turn
|
|-damage|p1a: Flying Fuk|43/100 tox|[from] psn
|upkeep
|turn|31
|
|t:|1666568972
|switch|p2a: Crawdaunt|Crawdaunt, F|100/100
|move|p1a: Flying Fuk|Roost|p1a: Flying Fuk
|-heal|p1a: Flying Fuk|93/100 tox
|-singleturn|p1a: Flying Fuk|move: Roost
|
|-damage|p1a: Flying Fuk|81/100 tox|[from] psn
|upkeep
|turn|32
|
|t:|1666568980
|switch|p2a: Nihilego|Nihilego|100/100 par
|move|p1a: Flying Fuk|Air Slash|p2a: Nihilego
|-resisted|p2a: Nihilego
|-damage|p2a: Nihilego|89/100 par
|
|-damage|p1a: Flying Fuk|63/100 tox|[from] psn
|upkeep
|turn|33
|
|t:|1666568984
|switch|p1a: Chest Eye|Jirachi|91/100
|switch|p2a: Crawdaunt|Crawdaunt, F|100/100
|
|-heal|p1a: Chest Eye|97/100|[from] item: Leftovers
|upkeep
|turn|34
|
|t:|1666568994
|move|p1a: Chest Eye|Iron Head|p2a: Crawdaunt
|-resisted|p2a: Crawdaunt
|-damage|p2a: Crawdaunt|79/100
|cant|p2a: Crawdaunt|flinch
|
|-heal|p1a: Chest Eye|100/100|[from] item: Leftovers
|upkeep
|turn|35
|
|t:|1666568999
|switch|p1a: Flying Fuk|Togekiss, F|63/100 tox
|move|p2a: Crawdaunt|Knock Off|p1a: Flying Fuk
|-resisted|p1a: Flying Fuk
|-damage|p1a: Flying Fuk|21/100 tox
|-enditem|p1a: Flying Fuk|Heavy-Duty Boots|[from] move: Knock Off|[of] p2a: Crawdaunt
|
|-damage|p1a: Flying Fuk|15/100 tox|[from] psn
|upkeep
|turn|36
|
|t:|1666569007
|switch|p2a: Nihilego|Nihilego|89/100 par
|move|p1a: Flying Fuk|Roost|p1a: Flying Fuk
|-heal|p1a: Flying Fuk|65/100 tox
|-singleturn|p1a: Flying Fuk|move: Roost
|
|-damage|p1a: Flying Fuk|53/100 tox|[from] psn
|upkeep
|turn|37
|
|t:|1666569010
|move|p1a: Flying Fuk|Roost|p1a: Flying Fuk
|-heal|p1a: Flying Fuk|100/100 tox
|-singleturn|p1a: Flying Fuk|move: Roost
|move|p2a: Nihilego|Meteor Beam||[still]
|-prepare|p2a: Nihilego|Meteor Beam
|-boost|p2a: Nihilego|spa|1
|
|-damage|p1a: Flying Fuk|82/100 tox|[from] psn
|upkeep
|turn|38
|
|t:|1666569015
|switch|p1a: Chest Eye|Jirachi|100/100
|move|p2a: Nihilego|Meteor Beam|p1a: Chest Eye|[from]lockedmove
|-resisted|p1a: Chest Eye
|-damage|p1a: Chest Eye|66/100
|
|-heal|p1a: Chest Eye|72/100|[from] item: Leftovers
|upkeep
|turn|39
|
|t:|1666569028
|switch|p2a: Salamence|Salamence, F|52/100 par
|-ability|p2a: Salamence|Intimidate|boost
|-unboost|p1a: Chest Eye|atk|1
|move|p1a: Chest Eye|Stealth Rock|p2a: Salamence
|-sidestart|p2: regi ice regice|move: Stealth Rock
|
|-heal|p1a: Chest Eye|78/100|[from] item: Leftovers
|upkeep
|turn|40
|
|t:|1666569033
|move|p1a: Chest Eye|Iron Head|p2a: Salamence
|-damage|p2a: Salamence|36/100 par
|move|p2a: Salamence|Roost|p2a: Salamence
|-heal|p2a: Salamence|86/100 par
|-singleturn|p2a: Salamence|move: Roost
|
|-heal|p1a: Chest Eye|84/100|[from] item: Leftovers
|upkeep
|turn|41
|
|t:|1666569038
|switch|p1a: 3 Heads ;)|Hydreigon, M|100/100
|cant|p2a: Salamence|par
|
|upkeep
|turn|42
|
|t:|1666569043
|move|p1a: 3 Heads ;)|Draco Meteor|p2a: Salamence
|-supereffective|p2a: Salamence
|-damage|p2a: Salamence|0 fnt
|-unboost|p1a: 3 Heads ;)|spa|2
|faint|p2a: Salamence
|
|upkeep
|
|t:|1666569047
|switch|p2a: Crawdaunt|Crawdaunt, F|79/100
|-damage|p2a: Crawdaunt|67/100|[from] Stealth Rock
|turn|43
|
|t:|1666569051
|move|p1a: 3 Heads ;)|Draco Meteor|p2a: Crawdaunt
|-damage|p2a: Crawdaunt|0 fnt
|-unboost|p1a: 3 Heads ;)|spa|2
|faint|p2a: Crawdaunt
|
|upkeep
|c|☆Horsehead3|gg
|-message|regi ice regice forfeited.
|
|win|Horsehead3
|raw|Horsehead3's rating: 1506 &rarr; <strong>1530</strong><br />(+24 for winning)
|raw|regi ice regice's rating: 1582 &rarr; <strong>1558</strong><br />(-24 for losing)
|l|☆regi ice regice
||Ladder isn't responding, score probably updated but might not have (Request timeout).
