|raw|<div class="broadcast-blue"><strong>This battle is required to be public due to a player having a name starting with 'uult91w'.</div>
|j|☆NThenSome
|j|☆UULT91w OnArceus
|t:|1651607099
|gametype|singles
|player|p1|NThenSome|proton|1426
|player|p2|UULT91w OnArceus|lucas|1485
|teamsize|p1|6
|teamsize|p2|6
|gen|8
|tier|[Gen 8] UU
|rated|
|rule|Sleep Clause Mod: Limit one foe put to sleep
|rule|Species Clause: Limit one of each Pokémon
|rule|OHKO Clause: OHKO moves are banned
|rule|Evasion Moves Clause: Evasion moves are banned
|rule|Endless Battle Clause: Forcing endless battles is banned
|rule|HP Percentage Mod: HP is shown in percentages
|rule|Dynamax Clause: You cannot dynamax
|clearpoke
|poke|p1|Tapu Bulu|
|poke|p1|Darmanitan, M|
|poke|p1|Zarude|
|poke|p1|Rotom-Heat|
|poke|p1|Gyarados, F|
|poke|p1|Cobalion|
|poke|p2|Toxtricity, M|
|poke|p2|Keldeo-Resolute|
|poke|p2|Excadrill, M|
|poke|p2|Amoonguss, M|
|poke|p2|Zygarde-10%|
|poke|p2|Mandibuzz, F|
|teampreview
|
|t:|1651607127
|start
|switch|p1a: Zarude|Zarude|100/100
|switch|p2a: Keldeo|Keldeo-Resolute|100/100
|turn|1
|
|t:|1651607141
|switch|p2a: Amoonguss|Amoonguss, M|100/100
|switch|p1a: Gyarados|Gyarados, F, shiny|100/100
|-ability|p1a: Gyarados|Intimidate|boost
|-unboost|p2a: Amoonguss|atk|1
|
|upkeep
|turn|2
|
|t:|1651607155
|switch|p1a: Cobalion|Cobalion|100/100
|move|p2a: Amoonguss|Spore|p1a: Cobalion
|-activate|p1a: Cobalion|item: Safety Goggles|Spore
|
|upkeep
|turn|3
|
|t:|1651607157
|switch|p2a: Zygarde|Zygarde-10%|100/100
|-ability|p2a: Zygarde|Aura Break
|move|p1a: Cobalion|Stealth Rock|p2a: Zygarde
|-sidestart|p2: UULT91w OnArceus|move: Stealth Rock
|
|upkeep
|turn|4
|
|t:|1651607161
|switch|p1a: Gyarados|Gyarados, F, shiny|100/100
|-ability|p1a: Gyarados|Intimidate|boost
|-unboost|p2a: Zygarde|atk|1
|move|p2a: Zygarde|Toxic|p1a: Gyarados
|-status|p1a: Gyarados|tox
|
|-damage|p1a: Gyarados|94/100 tox|[from] psn
|upkeep
|turn|5
|
|t:|1651607173
|switch|p2a: Amoonguss|Amoonguss, M|100/100
|-damage|p2a: Amoonguss|88/100|[from] Stealth Rock
|move|p1a: Gyarados|Thunder Wave|p2a: Amoonguss
|-status|p2a: Amoonguss|par
|
|-heal|p1a: Gyarados|100/100 tox|[from] item: Leftovers
|-damage|p1a: Gyarados|88/100 tox|[from] psn
|upkeep
|turn|6
|
|t:|1651607180
|switch|p1a: Cobalion|Cobalion|100/100
|switch|p2a: Keldeo|Keldeo-Resolute|100/100
|-damage|p2a: Keldeo|94/100|[from] Stealth Rock
|
|upkeep
|turn|7
|
|t:|1651607186
|switch|p1a: Gyarados|Gyarados, F, shiny|88/100 tox
|-ability|p1a: Gyarados|Intimidate|boost
|-unboost|p2a: Keldeo|atk|1
|move|p2a: Keldeo|Air Slash|p1a: Gyarados
|-damage|p1a: Gyarados|53/100 tox
|
|-heal|p1a: Gyarados|59/100 tox|[from] item: Leftovers
|-damage|p1a: Gyarados|53/100 tox|[from] psn
|upkeep
|turn|8
|
|t:|1651607191
|switch|p2a: Amoonguss|Amoonguss, M|100/100 par
|-damage|p2a: Amoonguss|88/100 par|[from] Stealth Rock
|switch|p1a: Rotom|Rotom-Heat|100/100
|
|upkeep
|turn|9
|
|t:|1651607196
|switch|p2a: Zygarde|Zygarde-10%|100/100
|-damage|p2a: Zygarde|94/100|[from] Stealth Rock
|-ability|p2a: Zygarde|Aura Break
|move|p1a: Rotom|Overheat|p2a: Zygarde
|-resisted|p2a: Zygarde
|-damage|p2a: Zygarde|58/100
|-unboost|p1a: Rotom|spa|2
|
|upkeep
|turn|10
|
|t:|1651607206
|switch|p1a: Zarude|Zarude|100/100
|move|p2a: Zygarde|Toxic|p1a: Zarude
|-status|p1a: Zarude|tox
|
|-damage|p1a: Zarude|95/100 tox|[from] psn
|upkeep
|turn|11
|
|t:|1651607210
|switch|p2a: Mandibuzz|Mandibuzz, F|100/100
|move|p1a: Zarude|U-turn|p2a: Mandibuzz
|-damage|p2a: Mandibuzz|76/100
|
|t:|1651607218
|switch|p1a: Darmanitan|Darmanitan, M|100/100|[from]move: U-turn
|
|upkeep
|turn|12
|
|t:|1651607223
|switch|p2a: Keldeo|Keldeo-Resolute|94/100
|-damage|p2a: Keldeo|88/100|[from] Stealth Rock
|move|p1a: Darmanitan|Flare Blitz|p2a: Keldeo
|-resisted|p2a: Keldeo
|-damage|p2a: Keldeo|40/100
|-damage|p1a: Darmanitan|86/100|[from] Recoil
|
|upkeep
|turn|13
|
|t:|1651607227
|move|p1a: Darmanitan|Flare Blitz|p2a: Keldeo
|-resisted|p2a: Keldeo
|-damage|p2a: Keldeo|0 fnt
|faint|p2a: Keldeo
|-damage|p1a: Darmanitan|74/100|[from] Recoil
|
|upkeep
|
|t:|1651607232
|switch|p2a: Mandibuzz|Mandibuzz, F|76/100
|turn|14
|
|t:|1651607236
|move|p1a: Darmanitan|Flare Blitz|p2a: Mandibuzz
|-damage|p2a: Mandibuzz|17/100
|-damage|p1a: Darmanitan|50/100|[from] Recoil
|move|p2a: Mandibuzz|Foul Play|p1a: Darmanitan
|-damage|p1a: Darmanitan|0 fnt
|faint|p1a: Darmanitan
|
|upkeep
|
|t:|1651607246
|switch|p1a: Rotom|Rotom-Heat|100/100
|turn|15
|
|t:|1651607261
|move|p1a: Rotom|Overheat|p2a: Mandibuzz
|-damage|p2a: Mandibuzz|0 fnt
|-unboost|p1a: Rotom|spa|2
|faint|p2a: Mandibuzz
|
|upkeep
|
|t:|1651607263
|switch|p2a: Excadrill|Excadrill, M|100/100
|-damage|p2a: Excadrill|97/100|[from] Stealth Rock
|-ability|p2a: Excadrill|Mold Breaker
|turn|16
|
|t:|1651607267
|switch|p1a: Gyarados|Gyarados, F, shiny|53/100 tox
|-ability|p1a: Gyarados|Intimidate|boost
|-unboost|p2a: Excadrill|atk|1
|move|p2a: Excadrill|Stealth Rock|p1a: Gyarados
|-sidestart|p1: NThenSome|move: Stealth Rock
|
|-heal|p2a: Excadrill|100/100|[from] item: Leftovers
|-heal|p1a: Gyarados|59/100 tox|[from] item: Leftovers
|-damage|p1a: Gyarados|53/100 tox|[from] psn
|upkeep
|turn|17
|
|t:|1651607271
|switch|p2a: Amoonguss|Amoonguss, M|100/100 par
|-damage|p2a: Amoonguss|88/100 par|[from] Stealth Rock
|move|p1a: Gyarados|Waterfall|p2a: Amoonguss
|-resisted|p2a: Amoonguss
|-damage|p2a: Amoonguss|76/100 par
|-damage|p1a: Gyarados|36/100 tox|[from] item: Rocky Helmet|[of] p2a: Amoonguss
|
|-heal|p1a: Gyarados|42/100 tox|[from] item: Leftovers
|-damage|p1a: Gyarados|30/100 tox|[from] psn
|upkeep
|turn|18
|
|t:|1651607276
|move|p1a: Gyarados|Ice Fang|p2a: Amoonguss
|-supereffective|p2a: Amoonguss
|-damage|p2a: Amoonguss|49/100 par
|-damage|p1a: Gyarados|13/100 tox|[from] item: Rocky Helmet|[of] p2a: Amoonguss
|cant|p2a: Amoonguss|par
|
|-heal|p1a: Gyarados|20/100 tox|[from] item: Leftovers
|-damage|p1a: Gyarados|1/100 tox|[from] psn
|upkeep
|turn|19
|
|t:|1651607291
|move|p1a: Gyarados|Ice Fang|p2a: Amoonguss
|-supereffective|p2a: Amoonguss
|-damage|p2a: Amoonguss|20/100 par
|-damage|p1a: Gyarados|0 fnt|[from] item: Rocky Helmet|[of] p2a: Amoonguss
|faint|p1a: Gyarados
|cant|p2a: Amoonguss|par
|
|upkeep
|
|t:|1651607296
|switch|p1a: Zarude|Zarude|95/100 tox
|-damage|p1a: Zarude|82/100 tox|[from] Stealth Rock
|turn|20
|
|t:|1651607307
|move|p1a: Zarude|Darkest Lariat|p2a: Amoonguss
|-damage|p2a: Amoonguss|0 fnt
|-damage|p1a: Zarude|66/100 tox|[from] item: Rocky Helmet|[of] p2a: Amoonguss
|faint|p2a: Amoonguss
|
|-damage|p1a: Zarude|60/100 tox|[from] psn
|upkeep
|
|t:|1651607311
|switch|p2a: Excadrill|Excadrill, M|100/100
|-damage|p2a: Excadrill|97/100|[from] Stealth Rock
|-ability|p2a: Excadrill|Mold Breaker
|turn|21
|
|t:|1651607318
|switch|p1a: Cobalion|Cobalion|100/100
|-damage|p1a: Cobalion|97/100|[from] Stealth Rock
|move|p2a: Excadrill|Rapid Spin|p1a: Cobalion
|-resisted|p1a: Cobalion
|-damage|p1a: Cobalion|91/100
|-boost|p2a: Excadrill|spe|1
|-sideend|p2: UULT91w OnArceus|Stealth Rock|[from] move: Rapid Spin|[of] p2a: Excadrill
|
|-heal|p2a: Excadrill|100/100|[from] item: Leftovers
|upkeep
|turn|22
|
|t:|1651607324
|switch|p1a: Tapu Bulu|Tapu Bulu|100/100
|-damage|p1a: Tapu Bulu|88/100|[from] Stealth Rock
|-fieldstart|move: Grassy Terrain|[from] ability: Grassy Surge|[of] p1a: Tapu Bulu
|move|p2a: Excadrill|Earthquake|p1a: Tapu Bulu
|-resisted|p1a: Tapu Bulu
|-damage|p1a: Tapu Bulu|74/100
|
|-heal|p1a: Tapu Bulu|80/100|[from] Grassy Terrain
|upkeep
|turn|23
|
|t:|1651607329
|move|p2a: Excadrill|Earthquake|p1a: Tapu Bulu
|-resisted|p1a: Tapu Bulu
|-damage|p1a: Tapu Bulu|66/100
|move|p1a: Tapu Bulu|Close Combat|p2a: Excadrill
|-supereffective|p2a: Excadrill
|-damage|p2a: Excadrill|0 fnt
|-unboost|p1a: Tapu Bulu|def|1
|-unboost|p1a: Tapu Bulu|spd|1
|faint|p2a: Excadrill
|
|-heal|p1a: Tapu Bulu|72/100|[from] Grassy Terrain
|upkeep
|
|t:|1651607331
|switch|p2a: Toxtricity|Toxtricity, M|100/100
|turn|24
|
|t:|1651607335
|switch|p1a: Cobalion|Cobalion|91/100
|-damage|p1a: Cobalion|87/100|[from] Stealth Rock
|move|p2a: Toxtricity|Boomburst|p1a: Cobalion
|-resisted|p1a: Cobalion
|-damage|p1a: Cobalion|33/100
|
|-heal|p1a: Cobalion|39/100|[from] Grassy Terrain
|upkeep
|turn|25
|
|t:|1651607339
|move|p1a: Cobalion|Stone Edge|p2a: Toxtricity
|-crit|p2a: Toxtricity
|-damage|p2a: Toxtricity|32/100
|move|p2a: Toxtricity|Boomburst|p1a: Cobalion
|-resisted|p1a: Cobalion
|-damage|p1a: Cobalion|0 fnt
|faint|p1a: Cobalion
|
|-heal|p2a: Toxtricity|38/100|[from] Grassy Terrain
|upkeep
|
|t:|1651607342
|switch|p1a: Zarude|Zarude|60/100 tox
|-damage|p1a: Zarude|48/100 tox|[from] Stealth Rock
|turn|26
|
|t:|1651607347
|switch|p2a: Zygarde|Zygarde-10%|58/100
|-ability|p2a: Zygarde|Aura Break
|move|p1a: Zarude|Grassy Glide|p2a: Zygarde
|-damage|p2a: Zygarde|0 fnt
|faint|p2a: Zygarde
|
|-heal|p1a: Zarude|53/100 tox|[from] Grassy Terrain
|-damage|p1a: Zarude|48/100 tox|[from] psn
|-fieldend|move: Grassy Terrain
|upkeep
|
|t:|1651607349
|switch|p2a: Toxtricity|Toxtricity, M|38/100
|turn|27
|
|t:|1651607353
|switch|p1a: Rotom|Rotom-Heat|100/100
|move|p2a: Toxtricity|Boomburst|p1a: Rotom
|-damage|p1a: Rotom|44/100
|
|upkeep
|turn|28
|
|t:|1651607359
|move|p2a: Toxtricity|Boomburst|p1a: Rotom
|-damage|p1a: Rotom|0 fnt
|faint|p1a: Rotom
|
|upkeep
|
|t:|1651607360
|switch|p1a: Tapu Bulu|Tapu Bulu|72/100
|-damage|p1a: Tapu Bulu|60/100|[from] Stealth Rock
|-fieldstart|move: Grassy Terrain|[from] ability: Grassy Surge|[of] p1a: Tapu Bulu
|turn|29
|
|t:|1651607371
|move|p1a: Tapu Bulu|Wood Hammer|p2a: Toxtricity
|-resisted|p2a: Toxtricity
|-damage|p2a: Toxtricity|0 fnt
|faint|p2a: Toxtricity
|-damage|p1a: Tapu Bulu|47/100|[from] Recoil
|
|win|NThenSome
|raw|NThenSome's rating: 1426 &rarr; <strong>1448</strong><br />(+22 for winning)
|raw|UULT91w OnArceus's rating: 1459 &rarr; <strong>1437</strong><br />(-22 for losing)
|l|☆UULT91w OnArceus
|c|☆NThenSome|gg
||Ladder isn't responding, score probably updated but might not have (Request timeout).
