|j|☆4KT Kami
|j|☆5 pia to the top
|t:|1660354560
|gametype|singles
|player|p1|4KT Kami|guitarist|1330
|player|p2|5 pia to the top|#uutrio2ladder|1602
|teamsize|p1|6
|teamsize|p2|5
|gen|8
|tier|[Gen 8] UU
|rated|
|rule|Sleep Clause Mod: Limit one foe put to sleep
|rule|Species Clause: Limit one of each Pokémon
|rule|OHKO Clause: OHKO moves are banned
|rule|Evasion Items Clause: Evasion items are banned
|rule|Evasion Moves Clause: Evasion moves are banned
|rule|Endless Battle Clause: Forcing endless battles is banned
|rule|HP Percentage Mod: HP is shown in percentages
|rule|Dynamax Clause: You cannot dynamax
|clearpoke
|poke|p1|Amoonguss, M|
|poke|p1|Jirachi|
|poke|p1|Keldeo-Resolute|
|poke|p1|Moltres|
|poke|p1|Thundurus-Therian, M|
|poke|p1|Hippowdon, F|
|poke|p2|Salamence, F|
|poke|p2|Chansey, F|
|poke|p2|Umbreon, F|
|poke|p2|Quagsire, F|
|poke|p2|Tangrowth, F|
|teampreview
|inactive|Battle timer is ON: inactive players will automatically lose when time's up. (requested by 4KT Kami)
|inactive|5 pia to the top has 120 seconds left.
|
|t:|1660354600
|start
|switch|p1a: Kyouka Suigetsu|Jirachi|100/100
|switch|p2a: megan the eggin|Chansey, F|100/100
|turn|1
|
|t:|1660354612
|switch|p2a: poggy froggy|Quagsire, F|100/100
|move|p1a: Kyouka Suigetsu|U-turn|p2a: poggy froggy
|-damage|p2a: poggy froggy|79/100
|
|t:|1660354629
|switch|p1a: Minazuki|Thundurus-Therian, M, shiny|100/100|[from]move: U-turn
|
|-heal|p2a: poggy froggy|85/100|[from] item: Leftovers
|upkeep
|turn|2
|
|t:|1660354641
|switch|p2a: tang ur wang|Tangrowth, F|100/100
|move|p1a: Minazuki|Grass Knot|p2a: tang ur wang
|-resisted|p2a: tang ur wang
|-damage|p2a: tang ur wang|86/100
|-damage|p1a: Minazuki|91/100|[from] item: Life Orb
|
|upkeep
|turn|3
|
|t:|1660354648
|switch|p1a: 毒|Amoonguss, M, shiny|100/100
|move|p2a: tang ur wang|Knock Off|p1a: 毒
|-damage|p1a: 毒|83/100
|-enditem|p1a: 毒|Black Sludge|[from] move: Knock Off|[of] p2a: tang ur wang
|
|upkeep
|turn|4
|
|t:|1660354658
|switch|p2a: megan the eggin|Chansey, F|100/100
|move|p1a: 毒|Sludge Bomb|p2a: megan the eggin
|-damage|p2a: megan the eggin|92/100
|-status|p2a: megan the eggin|psn
|
|-damage|p2a: megan the eggin|80/100 psn|[from] psn
|upkeep
|turn|5
|
|t:|1660354668
|switch|p1a: 水|Keldeo-Resolute|100/100
|move|p2a: megan the eggin|Stealth Rock|p1a: 水
|-sidestart|p1: 4KT Kami|move: Stealth Rock
|
|-damage|p2a: megan the eggin|67/100 psn|[from] psn
|upkeep
|turn|6
|
|t:|1660354686
|-curestatus|p2a: megan the eggin|psn|[from] ability: Natural Cure
|switch|p2a: tang ur wang|Tangrowth, F|100/100
|move|p1a: 水|Secret Sword|p2a: tang ur wang
|-damage|p2a: tang ur wang|53/100
|
|upkeep
|turn|7
|
|t:|1660354695
|switch|p1a: Hippowdon|Hippowdon, F|100/100
|-damage|p1a: Hippowdon|94/100|[from] Stealth Rock
|-weather|Sandstorm|[from] ability: Sand Stream|[of] p1a: Hippowdon
|switch|p2a: scary airy|Salamence, F|100/100
|-ability|p2a: scary airy|Intimidate|boost
|-unboost|p1a: Hippowdon|atk|1
|
|-weather|Sandstorm|[upkeep]
|-damage|p2a: scary airy|94/100|[from] Sandstorm
|-heal|p1a: Hippowdon|100/100|[from] item: Leftovers
|upkeep
|turn|8
|
|t:|1660354709
|move|p2a: scary airy|Toxic|p1a: Hippowdon|[miss]
|-miss|p2a: scary airy|p1a: Hippowdon
|move|p1a: Hippowdon|Toxic|p2a: scary airy
|-status|p2a: scary airy|tox
|
|-weather|Sandstorm|[upkeep]
|-damage|p2a: scary airy|88/100 tox|[from] Sandstorm
|-damage|p2a: scary airy|82/100 tox|[from] psn
|upkeep
|turn|9
|
|t:|1660354719
|switch|p2a: umby wumby|Umbreon, F|100/100
|move|p1a: Hippowdon|Stealth Rock|p2a: umby wumby
|-sidestart|p2: 5 pia to the top|move: Stealth Rock
|
|-weather|Sandstorm|[upkeep]
|-damage|p2a: umby wumby|94/100|[from] Sandstorm
|-heal|p2a: umby wumby|100/100|[from] item: Leftovers
|upkeep
|turn|10
|
|t:|1660354727
|move|p2a: umby wumby|Wish|p2a: umby wumby
|move|p1a: Hippowdon|Earthquake|p2a: umby wumby
|-crit|p2a: umby wumby
|-damage|p2a: umby wumby|64/100
|
|-weather|Sandstorm|[upkeep]
|-damage|p2a: umby wumby|58/100|[from] Sandstorm
|-heal|p2a: umby wumby|64/100|[from] item: Leftovers
|upkeep
|turn|11
|inactive|4KT Kami has 120 seconds left.
|j| amogusroxyrrrr
|
|t:|1660354776
|switch|p1a: Kyouka Suigetsu|Jirachi|100/100
|-damage|p1a: Kyouka Suigetsu|94/100|[from] Stealth Rock
|move|p2a: umby wumby|Heal Bell|p2a: umby wumby
|-activate|p2a: umby wumby|move: Heal Bell
|-curestatus|p2: scary airy|tox|[msg]
|
|-weather|none
|-heal|p2a: umby wumby|100/100|[from] move: Wish|[wisher] umby wumby
|upkeep
|turn|12
|
|t:|1660354787
|move|p2a: umby wumby|Protect|p2a: umby wumby
|-singleturn|p2a: umby wumby|Protect
|move|p1a: Kyouka Suigetsu|U-turn|p2a: umby wumby
|-activate|p2a: umby wumby|move: Protect
|
|upkeep
|turn|13
|
|t:|1660354802
|move|p1a: Kyouka Suigetsu|U-turn|p2a: umby wumby
|-supereffective|p2a: umby wumby
|-damage|p2a: umby wumby|78/100
|
|t:|1660354821
|switch|p1a: 毒|Amoonguss, M, shiny|100/100|[from]move: U-turn
|-damage|p1a: 毒|88/100|[from] Stealth Rock
|move|p2a: umby wumby|Wish|p2a: umby wumby
|
|-heal|p2a: umby wumby|84/100|[from] item: Leftovers
|upkeep
|turn|14
|
|t:|1660354830
|switch|p2a: megan the eggin|Chansey, F|67/100
|-damage|p2a: megan the eggin|55/100|[from] Stealth Rock
|move|p1a: 毒|Spore|p2a: megan the eggin
|-status|p2a: megan the eggin|slp|[from] move: Spore
|
|-heal|p2a: megan the eggin|82/100 slp|[from] move: Wish|[wisher] umby wumby
|upkeep
|turn|15
|
|t:|1660354842
|-curestatus|p2a: megan the eggin|slp|[from] ability: Natural Cure
|switch|p2a: umby wumby|Umbreon, F|84/100
|-damage|p2a: umby wumby|72/100|[from] Stealth Rock
|switch|p1a: 水|Keldeo-Resolute|100/100
|-damage|p1a: 水|94/100|[from] Stealth Rock
|
|-heal|p2a: umby wumby|78/100|[from] item: Leftovers
|upkeep
|turn|16
|
|t:|1660354848
|move|p2a: umby wumby|Protect|p2a: umby wumby
|-singleturn|p2a: umby wumby|Protect
|move|p1a: 水|Secret Sword|p2a: umby wumby
|-activate|p2a: umby wumby|move: Protect
|
|-heal|p2a: umby wumby|84/100|[from] item: Leftovers
|upkeep
|turn|17
|
|t:|1660354853
|switch|p2a: scary airy|Salamence, F|82/100
|-ability|p2a: scary airy|Intimidate|boost
|-unboost|p1a: 水|atk|1
|move|p1a: 水|Secret Sword|p2a: scary airy
|-resisted|p2a: scary airy
|-damage|p2a: scary airy|54/100
|
|upkeep
|turn|18
|
|t:|1660354873
|switch|p1a: 毒|Amoonguss, M, shiny|100/100
|-damage|p1a: 毒|88/100|[from] Stealth Rock
|move|p2a: scary airy|Roost|p2a: scary airy
|-heal|p2a: scary airy|100/100
|-singleturn|p2a: scary airy|move: Roost
|
|upkeep
|turn|19
|
|t:|1660354896
|switch|p2a: poggy froggy|Quagsire, F|85/100
|-damage|p2a: poggy froggy|79/100|[from] Stealth Rock
|move|p1a: 毒|Sludge Bomb|p2a: poggy froggy
|-resisted|p2a: poggy froggy
|-damage|p2a: poggy froggy|69/100
|
|-heal|p2a: poggy froggy|75/100|[from] item: Leftovers
|upkeep
|turn|20
|
|t:|1660354902
|switch|p2a: tang ur wang|Tangrowth, F|86/100
|-damage|p2a: tang ur wang|74/100|[from] Stealth Rock
|move|p1a: 毒|Giga Drain|p2a: tang ur wang
|-resisted|p2a: tang ur wang
|-damage|p2a: tang ur wang|66/100
|-heal|p1a: 毒|91/100|[from] drain|[of] p2a: tang ur wang
|
|upkeep
|turn|21
|
|t:|1660354917
|switch|p2a: umby wumby|Umbreon, F|84/100
|-damage|p2a: umby wumby|72/100|[from] Stealth Rock
|move|p1a: 毒|Sludge Bomb|p2a: umby wumby
|-damage|p2a: umby wumby|54/100
|
|-heal|p2a: umby wumby|60/100|[from] item: Leftovers
|upkeep
|turn|22
|
|t:|1660354923
|switch|p1a: 水|Keldeo-Resolute|94/100
|-damage|p1a: 水|88/100|[from] Stealth Rock
|move|p2a: umby wumby|Wish|p2a: umby wumby
|
|-heal|p2a: umby wumby|66/100|[from] item: Leftovers
|upkeep
|turn|23
|inactive|4KT Kami has 120 seconds left.
|
|t:|1660354945
|move|p2a: umby wumby|Protect|p2a: umby wumby
|-singleturn|p2a: umby wumby|Protect
|move|p1a: 水|Secret Sword|p2a: umby wumby
|-activate|p2a: umby wumby|move: Protect
|
|-heal|p2a: umby wumby|100/100|[from] move: Wish|[wisher] umby wumby
|upkeep
|turn|24
|
|t:|1660354953
|switch|p2a: scary airy|Salamence, F|100/100
|-ability|p2a: scary airy|Intimidate|boost
|-unboost|p1a: 水|atk|1
|move|p1a: 水|Secret Sword|p2a: scary airy
|-resisted|p2a: scary airy
|-damage|p2a: scary airy|72/100
|
|upkeep
|turn|25
|
|t:|1660354971
|switch|p1a: Minazuki|Thundurus-Therian, M, shiny|91/100
|-damage|p1a: Minazuki|66/100|[from] Stealth Rock
|move|p2a: scary airy|Toxic|p1a: Minazuki
|-status|p1a: Minazuki|tox
|
|-damage|p1a: Minazuki|60/100 tox|[from] psn
|upkeep
|turn|26
|
|t:|1660354980
|switch|p2a: tang ur wang|Tangrowth, F|99/100
|-damage|p2a: tang ur wang|87/100|[from] Stealth Rock
|move|p1a: Minazuki|Nasty Plot|p1a: Minazuki
|-boost|p1a: Minazuki|spa|2
|
|-damage|p1a: Minazuki|48/100 tox|[from] psn
|upkeep
|turn|27
|inactive|5 pia to the top has 120 seconds left.
|
|t:|1660355013
|switch|p2a: poggy froggy|Quagsire, F|75/100
|-damage|p2a: poggy froggy|69/100|[from] Stealth Rock
|move|p1a: Minazuki|Psychic|p2a: poggy froggy
|-damage|p2a: poggy froggy|29/100
|-damage|p1a: Minazuki|38/100 tox|[from] item: Life Orb
|
|-heal|p2a: poggy froggy|35/100|[from] item: Leftovers
|-damage|p1a: Minazuki|20/100 tox|[from] psn
|upkeep
|turn|28
|
|t:|1660355032
|switch|p2a: tang ur wang|Tangrowth, F|100/100
|-damage|p2a: tang ur wang|88/100|[from] Stealth Rock
|move|p1a: Minazuki|Thunderbolt|p2a: tang ur wang
|-resisted|p2a: tang ur wang
|-damage|p2a: tang ur wang|45/100
|-damage|p1a: Minazuki|11/100 tox|[from] item: Life Orb
|
|-damage|p1a: Minazuki|0 fnt|[from] psn
|faint|p1a: Minazuki
|upkeep
|
|t:|1660355036
|switch|p1a: 水|Keldeo-Resolute|88/100
|-damage|p1a: 水|82/100|[from] Stealth Rock
|turn|29
|
|t:|1660355049
|switch|p2a: poggy froggy|Quagsire, F|35/100
|-damage|p2a: poggy froggy|29/100|[from] Stealth Rock
|move|p1a: 水|Icy Wind|p2a: poggy froggy
|-damage|p2a: poggy froggy|6/100
|-unboost|p2a: poggy froggy|spe|1
|
|-heal|p2a: poggy froggy|12/100|[from] item: Leftovers
|upkeep
|turn|30
|
|t:|1660355054
|switch|p2a: megan the eggin|Chansey, F|82/100
|-damage|p2a: megan the eggin|70/100|[from] Stealth Rock
|move|p1a: 水|Icy Wind|p2a: megan the eggin
|-damage|p2a: megan the eggin|61/100
|-unboost|p2a: megan the eggin|spe|1
|
|upkeep
|turn|31
|
|t:|1660355059
|switch|p1a: Hippowdon|Hippowdon, F|100/100
|-damage|p1a: Hippowdon|94/100|[from] Stealth Rock
|-weather|Sandstorm|[from] ability: Sand Stream|[of] p1a: Hippowdon
|move|p2a: megan the eggin|Soft-Boiled|p2a: megan the eggin
|-heal|p2a: megan the eggin|100/100
|
|-weather|Sandstorm|[upkeep]
|-damage|p2a: megan the eggin|94/100|[from] Sandstorm
|-heal|p1a: Hippowdon|100/100|[from] item: Leftovers
|upkeep
|turn|32
|
|t:|1660355080
|move|p1a: Hippowdon|Toxic|p2a: megan the eggin
|-status|p2a: megan the eggin|tox
|move|p2a: megan the eggin|Seismic Toss|p1a: Hippowdon
|-damage|p1a: Hippowdon|77/100
|
|-weather|Sandstorm|[upkeep]
|-damage|p2a: megan the eggin|88/100 tox|[from] Sandstorm
|-heal|p1a: Hippowdon|83/100|[from] item: Leftovers
|-damage|p2a: megan the eggin|82/100 tox|[from] psn
|upkeep
|turn|33
|
|t:|1660355084
|-curestatus|p2a: megan the eggin|tox|[from] ability: Natural Cure
|switch|p2a: umby wumby|Umbreon, F|100/100
|-damage|p2a: umby wumby|88/100|[from] Stealth Rock
|move|p1a: Hippowdon|Earthquake|p2a: umby wumby
|-damage|p2a: umby wumby|67/100
|
|-weather|Sandstorm|[upkeep]
|-damage|p2a: umby wumby|60/100|[from] Sandstorm
|-heal|p2a: umby wumby|67/100|[from] item: Leftovers
|-heal|p1a: Hippowdon|89/100|[from] item: Leftovers
|upkeep
|turn|34
|
|t:|1660355096
|switch|p1a: 水|Keldeo-Resolute|82/100
|-damage|p1a: 水|76/100|[from] Stealth Rock
|move|p2a: umby wumby|Wish|p2a: umby wumby
|
|-weather|Sandstorm|[upkeep]
|-damage|p1a: 水|70/100|[from] Sandstorm
|-damage|p2a: umby wumby|60/100|[from] Sandstorm
|-heal|p2a: umby wumby|67/100|[from] item: Leftovers
|upkeep
|turn|35
|
|t:|1660355109
|move|p2a: umby wumby|Protect|p2a: umby wumby
|-singleturn|p2a: umby wumby|Protect
|move|p1a: 水|Air Slash|p2a: umby wumby
|-activate|p2a: umby wumby|move: Protect
|
|-weather|none
|-heal|p2a: umby wumby|100/100|[from] move: Wish|[wisher] umby wumby
|upkeep
|turn|36
|
|t:|1660355121
|move|p1a: 水|Air Slash|p2a: umby wumby
|-damage|p2a: umby wumby|74/100
|move|p2a: umby wumby|Wish|p2a: umby wumby
|
|-heal|p2a: umby wumby|80/100|[from] item: Leftovers
|upkeep
|turn|37
|
|t:|1660355128
|switch|p1a: Kyouka Suigetsu|Jirachi|94/100
|-damage|p1a: Kyouka Suigetsu|88/100|[from] Stealth Rock
|move|p2a: umby wumby|Foul Play|p1a: Kyouka Suigetsu
|-supereffective|p1a: Kyouka Suigetsu
|-damage|p1a: Kyouka Suigetsu|10/100
|
|-heal|p2a: umby wumby|100/100|[from] move: Wish|[wisher] umby wumby
|upkeep
|turn|38
|
|t:|1660355135
|move|p2a: umby wumby|Protect|p2a: umby wumby
|-singleturn|p2a: umby wumby|Protect
|move|p1a: Kyouka Suigetsu|Iron Head|p2a: umby wumby
|-activate|p2a: umby wumby|move: Protect
|
|upkeep
|turn|39
|
|t:|1660355139
|move|p1a: Kyouka Suigetsu|Iron Head|p2a: umby wumby
|-damage|p2a: umby wumby|80/100
|cant|p2a: umby wumby|flinch
|
|-heal|p2a: umby wumby|86/100|[from] item: Leftovers
|upkeep
|turn|40
|
|t:|1660355143
|move|p1a: Kyouka Suigetsu|Iron Head|p2a: umby wumby
|-crit|p2a: umby wumby
|-damage|p2a: umby wumby|56/100
|cant|p2a: umby wumby|flinch
|
|-heal|p2a: umby wumby|62/100|[from] item: Leftovers
|upkeep
|turn|41
|
|t:|1660355147
|move|p1a: Kyouka Suigetsu|Iron Head|p2a: umby wumby
|-crit|p2a: umby wumby
|-damage|p2a: umby wumby|32/100
|move|p2a: umby wumby|Foul Play|p1a: Kyouka Suigetsu
|-supereffective|p1a: Kyouka Suigetsu
|-damage|p1a: Kyouka Suigetsu|0 fnt
|faint|p1a: Kyouka Suigetsu
|
|-heal|p2a: umby wumby|39/100|[from] item: Leftovers
|upkeep
|
|t:|1660355155
|switch|p1a: 水|Keldeo-Resolute|70/100
|-damage|p1a: 水|63/100|[from] Stealth Rock
|turn|42
|inactive|4KT Kami has 120 seconds left.
|
|t:|1660355201
|switch|p1a: Hippowdon|Hippowdon, F|89/100
|-damage|p1a: Hippowdon|83/100|[from] Stealth Rock
|-weather|Sandstorm|[from] ability: Sand Stream|[of] p1a: Hippowdon
|move|p2a: umby wumby|Protect||[still]
|-fail|p2a: umby wumby
|
|-weather|Sandstorm|[upkeep]
|-damage|p2a: umby wumby|32/100|[from] Sandstorm
|-heal|p2a: umby wumby|39/100|[from] item: Leftovers
|-heal|p1a: Hippowdon|89/100|[from] item: Leftovers
|upkeep
|turn|43
|
|t:|1660355212
|switch|p1a: 毒|Amoonguss, M, shiny|100/100
|-damage|p1a: 毒|88/100|[from] Stealth Rock
|move|p2a: umby wumby|Wish|p2a: umby wumby
|
|-weather|Sandstorm|[upkeep]
|-damage|p2a: umby wumby|32/100|[from] Sandstorm
|-damage|p1a: 毒|82/100|[from] Sandstorm
|-heal|p2a: umby wumby|39/100|[from] item: Leftovers
|upkeep
|turn|44
|
|t:|1660355217
|move|p2a: umby wumby|Protect|p2a: umby wumby
|-singleturn|p2a: umby wumby|Protect
|move|p1a: 毒|Sludge Bomb|p2a: umby wumby
|-activate|p2a: umby wumby|move: Protect
|
|-weather|Sandstorm|[upkeep]
|-damage|p2a: umby wumby|32/100|[from] Sandstorm
|-damage|p1a: 毒|75/100|[from] Sandstorm
|-heal|p2a: umby wumby|82/100|[from] move: Wish|[wisher] umby wumby
|-heal|p2a: umby wumby|88/100|[from] item: Leftovers
|upkeep
|turn|45
|
|t:|1660355220
|move|p2a: umby wumby|Wish|p2a: umby wumby
|move|p1a: 毒|Sludge Bomb|p2a: umby wumby
|-damage|p2a: umby wumby|70/100
|
|-weather|Sandstorm|[upkeep]
|-damage|p2a: umby wumby|64/100|[from] Sandstorm
|-damage|p1a: 毒|69/100|[from] Sandstorm
|-heal|p2a: umby wumby|70/100|[from] item: Leftovers
|upkeep
|turn|46
|
|t:|1660355228
|move|p2a: umby wumby|Foul Play|p1a: 毒
|-damage|p1a: 毒|53/100
|move|p1a: 毒|Sludge Bomb|p2a: umby wumby
|-damage|p2a: umby wumby|50/100
|
|-weather|none
|-heal|p2a: umby wumby|99/100|[from] move: Wish|[wisher] umby wumby
|-heal|p2a: umby wumby|100/100|[from] item: Leftovers
|upkeep
|turn|47
|c|☆4KT Kami|Stallers
|
|t:|1660355245
|move|p2a: umby wumby|Wish|p2a: umby wumby
|move|p1a: 毒|Synthesis|p1a: 毒
|-heal|p1a: 毒|100/100
|
|upkeep
|turn|48
|
|t:|1660355253
|switch|p2a: scary airy|Salamence, F|72/100
|-ability|p2a: scary airy|Intimidate|boost
|-unboost|p1a: 毒|atk|1
|move|p1a: 毒|Giga Drain|p2a: scary airy
|-resisted|p2a: scary airy
|-damage|p2a: scary airy|67/100
|
|-heal|p2a: scary airy|100/100|[from] move: Wish|[wisher] umby wumby
|upkeep
|turn|49
|
|t:|1660355260
|move|p2a: scary airy|Flamethrower|p1a: 毒
|-supereffective|p1a: 毒
|-damage|p1a: 毒|56/100
|move|p1a: 毒|Spore|p2a: scary airy
|-status|p2a: scary airy|slp|[from] move: Spore
|
|upkeep
|turn|50
|
|t:|1660355267
|cant|p2a: scary airy|slp
|move|p1a: 毒|Sludge Bomb|p2a: scary airy
|-damage|p2a: scary airy|75/100 slp
|
|upkeep
|turn|51
|
|t:|1660355271
|switch|p2a: megan the eggin|Chansey, F|82/100
|-damage|p2a: megan the eggin|70/100|[from] Stealth Rock
|move|p1a: 毒|Sludge Bomb|p2a: megan the eggin
|-damage|p2a: megan the eggin|61/100
|
|upkeep
|turn|52
|
|t:|1660355274
|move|p2a: megan the eggin|Toxic|p1a: 毒
|-immune|p1a: 毒
|move|p1a: 毒|Synthesis|p1a: 毒
|-heal|p1a: 毒|100/100
|
|upkeep
|turn|53
|
|t:|1660355278
|move|p2a: megan the eggin|Soft-Boiled|p2a: megan the eggin
|-heal|p2a: megan the eggin|100/100
|move|p1a: 毒|Giga Drain|p2a: megan the eggin
|-damage|p2a: megan the eggin|93/100
|
|upkeep
|turn|54
|
|t:|1660355282
|move|p2a: megan the eggin|Seismic Toss|p1a: 毒
|-damage|p1a: 毒|77/100
|move|p1a: 毒|Sludge Bomb|p2a: megan the eggin
|-damage|p2a: megan the eggin|84/100
|
|upkeep
|turn|55
|
|t:|1660355290
|switch|p1a: Zanka no Tachi|Moltres|100/100
|move|p2a: megan the eggin|Seismic Toss|p1a: Zanka no Tachi
|-damage|p1a: Zanka no Tachi|74/100
|
|upkeep
|turn|56
|
|t:|1660355298
|switch|p1a: 毒|Amoonguss, M, shiny|100/100
|-damage|p1a: 毒|88/100|[from] Stealth Rock
|move|p2a: megan the eggin|Toxic|p1a: 毒
|-immune|p1a: 毒
|
|upkeep
|turn|57
|
|t:|1660355310
|move|p2a: megan the eggin|Seismic Toss|p1a: 毒
|-damage|p1a: 毒|65/100
|move|p1a: 毒|Spore|p2a: megan the eggin
|-message|Sleep Clause Mod activated.
|
|upkeep
|turn|58
|
|t:|1660355316
|move|p2a: megan the eggin|Seismic Toss|p1a: 毒
|-damage|p1a: 毒|42/100
|move|p1a: 毒|Giga Drain|p2a: megan the eggin
|-damage|p2a: megan the eggin|78/100
|-heal|p1a: 毒|47/100|[from] drain|[of] p2a: megan the eggin
|
|upkeep
|turn|59
|
|t:|1660355320
|move|p2a: megan the eggin|Seismic Toss|p1a: 毒
|-damage|p1a: 毒|24/100
|move|p1a: 毒|Synthesis|p1a: 毒
|-heal|p1a: 毒|74/100
|
|upkeep
|turn|60
|
|t:|1660355324
|switch|p1a: Hippowdon|Hippowdon, F|89/100
|-damage|p1a: Hippowdon|83/100|[from] Stealth Rock
|-weather|Sandstorm|[from] ability: Sand Stream|[of] p1a: Hippowdon
|move|p2a: megan the eggin|Seismic Toss|p1a: Hippowdon
|-damage|p1a: Hippowdon|59/100
|
|-weather|Sandstorm|[upkeep]
|-damage|p2a: megan the eggin|71/100|[from] Sandstorm
|-heal|p1a: Hippowdon|65/100|[from] item: Leftovers
|upkeep
|turn|61
|
|t:|1660355337
|move|p2a: megan the eggin|Toxic|p1a: Hippowdon
|-status|p1a: Hippowdon|tox
|move|p1a: Hippowdon|Earthquake|p2a: megan the eggin
|-damage|p2a: megan the eggin|48/100
|
|-weather|Sandstorm|[upkeep]
|-damage|p2a: megan the eggin|42/100|[from] Sandstorm
|-heal|p1a: Hippowdon|71/100 tox|[from] item: Leftovers
|-damage|p1a: Hippowdon|65/100 tox|[from] psn
|upkeep
|turn|62
|
|t:|1660355344
|switch|p1a: 水|Keldeo-Resolute|63/100
|-damage|p1a: 水|57/100|[from] Stealth Rock
|move|p2a: megan the eggin|Soft-Boiled|p2a: megan the eggin
|-heal|p2a: megan the eggin|92/100
|
|-weather|Sandstorm|[upkeep]
|-damage|p1a: 水|51/100|[from] Sandstorm
|-damage|p2a: megan the eggin|86/100|[from] Sandstorm
|upkeep
|turn|63
|
|t:|1660355356
|switch|p2a: tang ur wang|Tangrowth, F|78/100
|-damage|p2a: tang ur wang|66/100|[from] Stealth Rock
|move|p1a: 水|Secret Sword|p2a: tang ur wang
|-damage|p2a: tang ur wang|23/100
|
|-weather|Sandstorm|[upkeep]
|-damage|p1a: 水|45/100|[from] Sandstorm
|-damage|p2a: tang ur wang|16/100|[from] Sandstorm
|upkeep
|turn|64
|
|t:|1660355367
|switch|p2a: poggy froggy|Quagsire, F|12/100
|-damage|p2a: poggy froggy|6/100|[from] Stealth Rock
|move|p1a: 水|Secret Sword|p2a: poggy froggy
|-damage|p2a: poggy froggy|0 fnt
|faint|p2a: poggy froggy
|
|-weather|none
|upkeep
|
|t:|1660355370
|switch|p2a: scary airy|Salamence, F|75/100 slp
|-ability|p2a: scary airy|Intimidate|boost
|-unboost|p1a: 水|atk|1
|turn|65
|
|t:|1660355373
|move|p1a: 水|Secret Sword|p2a: scary airy
|-resisted|p2a: scary airy
|-damage|p2a: scary airy|47/100 slp
|cant|p2a: scary airy|slp
|
|upkeep
|turn|66
|
|t:|1660355381
|move|p1a: 水|Secret Sword|p2a: scary airy
|-resisted|p2a: scary airy
|-damage|p2a: scary airy|18/100 slp
|-curestatus|p2a: scary airy|slp|[msg]
|move|p2a: scary airy|Roost|p2a: scary airy
|-heal|p2a: scary airy|68/100
|-singleturn|p2a: scary airy|move: Roost
|
|upkeep
|turn|67
|
|t:|1660355393
|switch|p1a: Zanka no Tachi|Moltres|74/100
|move|p2a: scary airy|Roost|p2a: scary airy
|-heal|p2a: scary airy|100/100
|-singleturn|p2a: scary airy|move: Roost
|
|upkeep
|turn|68
|
|t:|1660355398
|switch|p2a: megan the eggin|Chansey, F|86/100
|-damage|p2a: megan the eggin|74/100|[from] Stealth Rock
|move|p1a: Zanka no Tachi|Fire Blast|p2a: megan the eggin
|-damage|p2a: megan the eggin|60/100
|
|upkeep
|turn|69
|
|t:|1660355408
|switch|p1a: 毒|Amoonguss, M, shiny|100/100
|-damage|p1a: 毒|88/100|[from] Stealth Rock
|move|p2a: megan the eggin|Soft-Boiled|p2a: megan the eggin
|-heal|p2a: megan the eggin|100/100
|
|upkeep
|turn|70
|
|t:|1660355432
|move|p2a: megan the eggin|Seismic Toss|p1a: 毒
|-damage|p1a: 毒|65/100
|move|p1a: 毒|Spore|p2a: megan the eggin
|-status|p2a: megan the eggin|slp|[from] move: Spore
|
|upkeep
|turn|71
|
|t:|1660355439
|-curestatus|p2a: megan the eggin|slp|[from] ability: Natural Cure
|switch|p2a: umby wumby|Umbreon, F|100/100
|-damage|p2a: umby wumby|88/100|[from] Stealth Rock
|move|p1a: 毒|Giga Drain|p2a: umby wumby
|-damage|p2a: umby wumby|73/100
|-heal|p1a: 毒|72/100|[from] drain|[of] p2a: umby wumby
|
|-heal|p2a: umby wumby|79/100|[from] item: Leftovers
|upkeep
|turn|72
|
|t:|1660355456
|switch|p1a: 水|Keldeo-Resolute|45/100
|-damage|p1a: 水|39/100|[from] Stealth Rock
|move|p2a: umby wumby|Wish|p2a: umby wumby
|
|-heal|p2a: umby wumby|85/100|[from] item: Leftovers
|upkeep
|turn|73
|
|t:|1660355463
|move|p2a: umby wumby|Protect|p2a: umby wumby
|-singleturn|p2a: umby wumby|Protect
|move|p1a: 水|Scald|p2a: umby wumby
|-activate|p2a: umby wumby|move: Protect
|
|-heal|p2a: umby wumby|100/100|[from] move: Wish|[wisher] umby wumby
|upkeep
|turn|74
|
|t:|1660355471
|move|p1a: 水|Scald|p2a: umby wumby
|-damage|p2a: umby wumby|58/100
|move|p2a: umby wumby|Foul Play|p1a: 水
|-resisted|p1a: 水
|-damage|p1a: 水|27/100
|-ability|p1a: 水|Justified|boost
|-boost|p1a: 水|atk|1
|
|-heal|p2a: umby wumby|64/100|[from] item: Leftovers
|upkeep
|turn|75
|
|t:|1660355483
|switch|p1a: 毒|Amoonguss, M, shiny|100/100
|-damage|p1a: 毒|88/100|[from] Stealth Rock
|move|p2a: umby wumby|Wish|p2a: umby wumby
|
|-heal|p2a: umby wumby|70/100|[from] item: Leftovers
|upkeep
|turn|76
|
|t:|1660355490
|move|p2a: umby wumby|Foul Play|p1a: 毒
|-damage|p1a: 毒|72/100
|move|p1a: 毒|Spore|p2a: umby wumby
|-status|p2a: umby wumby|slp|[from] move: Spore
|
|-heal|p2a: umby wumby|100/100 slp|[from] move: Wish|[wisher] umby wumby
|upkeep
|turn|77
|
|t:|1660355501
|switch|p1a: 水|Keldeo-Resolute|27/100
|-damage|p1a: 水|21/100|[from] Stealth Rock
|cant|p2a: umby wumby|slp
|
|upkeep
|turn|78
|
|t:|1660355509
|switch|p2a: tang ur wang|Tangrowth, F|50/100
|-damage|p2a: tang ur wang|37/100|[from] Stealth Rock
|move|p1a: 水|Scald|p2a: tang ur wang
|-resisted|p2a: tang ur wang
|-damage|p2a: tang ur wang|18/100
|-status|p2a: tang ur wang|brn
|
|-damage|p2a: tang ur wang|11/100 brn|[from] brn
|upkeep
|turn|79
|
|t:|1660355514
|switch|p2a: megan the eggin|Chansey, F|100/100
|-damage|p2a: megan the eggin|88/100|[from] Stealth Rock
|move|p1a: 水|Scald|p2a: megan the eggin
|-damage|p2a: megan the eggin|68/100
|
|upkeep
|turn|80
|
|t:|1660355520
|switch|p1a: Zanka no Tachi|Moltres|74/100
|move|p2a: megan the eggin|Seismic Toss|p1a: Zanka no Tachi
|-damage|p1a: Zanka no Tachi|48/100
|
|upkeep
|turn|81
|
|t:|1660355527
|switch|p1a: 毒|Amoonguss, M, shiny|100/100
|-damage|p1a: 毒|88/100|[from] Stealth Rock
|move|p2a: megan the eggin|Toxic|p1a: 毒
|-immune|p1a: 毒
|
|upkeep
|turn|82
|
|t:|1660355534
|move|p2a: megan the eggin|Seismic Toss|p1a: 毒
|-damage|p1a: 毒|65/100
|move|p1a: 毒|Giga Drain|p2a: megan the eggin
|-damage|p2a: megan the eggin|61/100
|-heal|p1a: 毒|70/100|[from] drain|[of] p2a: megan the eggin
|
|upkeep
|turn|83
|
|t:|1660355539
|move|p2a: megan the eggin|Soft-Boiled|p2a: megan the eggin
|-heal|p2a: megan the eggin|100/100
|move|p1a: 毒|Giga Drain|p2a: megan the eggin
|-damage|p2a: megan the eggin|93/100
|-heal|p1a: 毒|76/100|[from] drain|[of] p2a: megan the eggin
|
|upkeep
|turn|84
|
|t:|1660355553
|move|p2a: megan the eggin|Seismic Toss|p1a: 毒
|-damage|p1a: 毒|53/100
|move|p1a: 毒|Sludge Bomb|p2a: megan the eggin
|-damage|p2a: megan the eggin|84/100
|
|upkeep
|turn|85
|
|t:|1660355558
|move|p2a: megan the eggin|Seismic Toss|p1a: 毒
|-damage|p1a: 毒|30/100
|move|p1a: 毒|Giga Drain|p2a: megan the eggin
|-crit|p2a: megan the eggin
|-damage|p2a: megan the eggin|73/100
|-heal|p1a: 毒|39/100|[from] drain|[of] p2a: megan the eggin
|
|upkeep
|turn|86
|
|t:|1660355562
|move|p2a: megan the eggin|Seismic Toss|p1a: 毒
|-damage|p1a: 毒|16/100
|move|p1a: 毒|Synthesis|p1a: 毒
|-heal|p1a: 毒|66/100
|
|upkeep
|turn|87
|
|t:|1660355565
|move|p2a: megan the eggin|Seismic Toss|p1a: 毒
|-damage|p1a: 毒|43/100
|move|p1a: 毒|Giga Drain|p2a: megan the eggin
|-damage|p2a: megan the eggin|66/100
|-heal|p1a: 毒|49/100|[from] drain|[of] p2a: megan the eggin
|
|upkeep
|turn|88
|
|t:|1660355569
|move|p2a: megan the eggin|Seismic Toss|p1a: 毒
|-damage|p1a: 毒|25/100
|move|p1a: 毒|Synthesis|p1a: 毒
|-heal|p1a: 毒|75/100
|
|upkeep
|turn|89
|
|t:|1660355574
|move|p2a: megan the eggin|Seismic Toss|p1a: 毒
|-damage|p1a: 毒|52/100
|move|p1a: 毒|Sludge Bomb|p2a: megan the eggin
|-damage|p2a: megan the eggin|57/100
|
|upkeep
|turn|90
|
|t:|1660355580
|move|p2a: megan the eggin|Seismic Toss|p1a: 毒
|-damage|p1a: 毒|29/100
|move|p1a: 毒|Sludge Bomb|p2a: megan the eggin
|-damage|p2a: megan the eggin|49/100
|
|upkeep
|turn|91
|
|t:|1660355586
|switch|p1a: Zanka no Tachi|Moltres|48/100
|move|p2a: megan the eggin|Seismic Toss|p1a: Zanka no Tachi
|-damage|p1a: Zanka no Tachi|22/100
|
|upkeep
|turn|92
|j| Queen of Bean ✿
|
|t:|1660355591
|move|p1a: Zanka no Tachi|Roost|p1a: Zanka no Tachi
|-heal|p1a: Zanka no Tachi|72/100
|-singleturn|p1a: Zanka no Tachi|move: Roost
|move|p2a: megan the eggin|Toxic|p1a: Zanka no Tachi
|-status|p1a: Zanka no Tachi|tox
|
|-damage|p1a: Zanka no Tachi|66/100 tox|[from] psn
|upkeep
|turn|93
|
|t:|1660355600
|switch|p1a: Hippowdon|Hippowdon, F|65/100 tox
|-damage|p1a: Hippowdon|59/100 tox|[from] Stealth Rock
|-weather|Sandstorm|[from] ability: Sand Stream|[of] p1a: Hippowdon
|move|p2a: megan the eggin|Seismic Toss|p1a: Hippowdon
|-damage|p1a: Hippowdon|35/100 tox
|
|-weather|Sandstorm|[upkeep]
|-damage|p2a: megan the eggin|43/100|[from] Sandstorm
|-heal|p1a: Hippowdon|41/100 tox|[from] item: Leftovers
|-damage|p1a: Hippowdon|35/100 tox|[from] psn
|upkeep
|turn|94
|
|t:|1660355604
|move|p2a: megan the eggin|Soft-Boiled|p2a: megan the eggin
|-heal|p2a: megan the eggin|93/100
|move|p1a: Hippowdon|Slack Off|p1a: Hippowdon
|-heal|p1a: Hippowdon|85/100 tox
|
|-weather|Sandstorm|[upkeep]
|-damage|p2a: megan the eggin|87/100|[from] Sandstorm
|-heal|p1a: Hippowdon|91/100 tox|[from] item: Leftovers
|-damage|p1a: Hippowdon|79/100 tox|[from] psn
|upkeep
|turn|95
|
|t:|1660355614
|move|p2a: megan the eggin|Seismic Toss|p1a: Hippowdon
|-damage|p1a: Hippowdon|55/100 tox
|move|p1a: Hippowdon|Earthquake|p2a: megan the eggin
|-damage|p2a: megan the eggin|62/100
|
|-weather|Sandstorm|[upkeep]
|-damage|p2a: megan the eggin|56/100|[from] Sandstorm
|-heal|p1a: Hippowdon|61/100 tox|[from] item: Leftovers
|-damage|p1a: Hippowdon|43/100 tox|[from] psn
|upkeep
|turn|96
|
|t:|1660355618
|switch|p1a: 毒|Amoonguss, M, shiny|63/100
|-damage|p1a: 毒|50/100|[from] Stealth Rock
|move|p2a: megan the eggin|Soft-Boiled|p2a: megan the eggin
|-heal|p2a: megan the eggin|100/100
|
|-weather|Sandstorm|[upkeep]
|-damage|p2a: megan the eggin|94/100|[from] Sandstorm
|-damage|p1a: 毒|44/100|[from] Sandstorm
|upkeep
|turn|97
|
|t:|1660355631
|switch|p1a: Hippowdon|Hippowdon, F|43/100 tox
|-damage|p1a: Hippowdon|37/100 tox|[from] Stealth Rock
|move|p2a: megan the eggin|Seismic Toss|p1a: Hippowdon
|-damage|p1a: Hippowdon|13/100 tox
|
|-weather|none
|-heal|p1a: Hippowdon|19/100 tox|[from] item: Leftovers
|-damage|p1a: Hippowdon|13/100 tox|[from] psn
|upkeep
|turn|98
|
|t:|1660355636
|move|p2a: megan the eggin|Seismic Toss|p1a: Hippowdon
|-damage|p1a: Hippowdon|0 fnt
|faint|p1a: Hippowdon
|
|upkeep
|
|t:|1660355640
|switch|p1a: 水|Keldeo-Resolute|21/100
|-damage|p1a: 水|15/100|[from] Stealth Rock
|turn|99
|
|t:|1660355644
|switch|p2a: tang ur wang|Tangrowth, F|45/100 brn
|-damage|p2a: tang ur wang|32/100 brn|[from] Stealth Rock
|move|p1a: 水|Secret Sword|p2a: tang ur wang
|-damage|p2a: tang ur wang|0 fnt
|faint|p2a: tang ur wang
|
|upkeep
|
|t:|1660355651
|switch|p2a: scary airy|Salamence, F|100/100
|-ability|p2a: scary airy|Intimidate|boost
|-unboost|p1a: 水|atk|1
|turn|100
|
|t:|1660355657
|switch|p1a: Zanka no Tachi|Moltres|66/100 tox
|move|p2a: scary airy|Flamethrower|p1a: Zanka no Tachi
|-resisted|p1a: Zanka no Tachi
|-crit|p1a: Zanka no Tachi
|-damage|p1a: Zanka no Tachi|49/100 tox
|
|-damage|p1a: Zanka no Tachi|43/100 tox|[from] psn
|upkeep
|turn|101
|
|t:|1660355665
|switch|p2a: megan the eggin|Chansey, F|94/100
|-damage|p2a: megan the eggin|82/100|[from] Stealth Rock
|move|p1a: Zanka no Tachi|Defog|p2a: megan the eggin
|-unboost|p2a: megan the eggin|evasion|1
|-sideend|p2: 5 pia to the top|Stealth Rock|[from] move: Defog|[of] p1a: Zanka no Tachi
|-sideend|p1: 4KT Kami|Stealth Rock|[from] move: Defog|[of] p1a: Zanka no Tachi
|
|-damage|p1a: Zanka no Tachi|31/100 tox|[from] psn
|upkeep
|turn|102
|
|t:|1660355671
|switch|p1a: 毒|Amoonguss, M, shiny|77/100
|move|p2a: megan the eggin|Seismic Toss|p1a: 毒
|-damage|p1a: 毒|54/100
|
|upkeep
|turn|103
|
|t:|1660355680
|move|p2a: megan the eggin|Seismic Toss|p1a: 毒
|-damage|p1a: 毒|31/100
|move|p1a: 毒|Spore|p2a: megan the eggin
|-message|Sleep Clause Mod activated.
|
|upkeep
|turn|104
|
|t:|1660355684
|move|p2a: megan the eggin|Stealth Rock|p1a: 毒
|-sidestart|p1: 4KT Kami|move: Stealth Rock
|move|p1a: 毒|Synthesis|p1a: 毒
|-heal|p1a: 毒|81/100
|
|upkeep
|turn|105
|
|t:|1660355688
|move|p2a: megan the eggin|Seismic Toss|p1a: 毒
|-damage|p1a: 毒|58/100
|move|p1a: 毒|Sludge Bomb|p2a: megan the eggin
|-damage|p2a: megan the eggin|73/100
|
|upkeep
|turn|106
|
|t:|1660355698
|move|p2a: megan the eggin|Seismic Toss|p1a: 毒
|-damage|p1a: 毒|35/100
|move|p1a: 毒|Giga Drain|p2a: megan the eggin
|-damage|p2a: megan the eggin|66/100
|-heal|p1a: 毒|41/100|[from] drain|[of] p2a: megan the eggin
|
|upkeep
|turn|107
|
|t:|1660355705
|move|p2a: megan the eggin|Seismic Toss|p1a: 毒
|-damage|p1a: 毒|17/100
|move|p1a: 毒|Synthesis|p1a: 毒
|-heal|p1a: 毒|67/100
|
|upkeep
|turn|108
|
|t:|1660355711
|move|p2a: megan the eggin|Seismic Toss|p1a: 毒
|-damage|p1a: 毒|44/100
|move|p1a: 毒|Giga Drain|p2a: megan the eggin
|-damage|p2a: megan the eggin|59/100
|-heal|p1a: 毒|50/100|[from] drain|[of] p2a: megan the eggin
|
|upkeep
|turn|109
|
|t:|1660355714
|move|p2a: megan the eggin|Soft-Boiled|p2a: megan the eggin
|-heal|p2a: megan the eggin|100/100
|move|p1a: 毒|Synthesis|p1a: 毒
|-heal|p1a: 毒|99/100
|
|upkeep
|turn|110
|
|t:|1660355722
|switch|p2a: umby wumby|Umbreon, F|100/100 slp
|move|p1a: 毒|Sludge Bomb|p2a: umby wumby
|-damage|p2a: umby wumby|82/100 slp
|
|-heal|p2a: umby wumby|88/100 slp|[from] item: Leftovers
|upkeep
|turn|111
|
|t:|1660355733
|switch|p1a: 水|Keldeo-Resolute|15/100
|-damage|p1a: 水|9/100|[from] Stealth Rock
|cant|p2a: umby wumby|slp
|
|-heal|p2a: umby wumby|94/100 slp|[from] item: Leftovers
|upkeep
|turn|112
|
|t:|1660355743
|move|p1a: 水|Secret Sword|p2a: umby wumby
|-supereffective|p2a: umby wumby
|-damage|p2a: umby wumby|15/100 slp
|cant|p2a: umby wumby|slp
|
|-heal|p2a: umby wumby|21/100 slp|[from] item: Leftovers
|upkeep
|turn|113
|c|☆4KT Kami|Gg
|c|☆4KT Kami|U win
|
|t:|1660355755
|-curestatus|p2a: umby wumby|slp|[msg]
|move|p2a: umby wumby|Protect|p2a: umby wumby
|-singleturn|p2a: umby wumby|Protect
|move|p1a: 水|Secret Sword|p2a: umby wumby
|-activate|p2a: umby wumby|move: Protect
|
|-heal|p2a: umby wumby|27/100|[from] item: Leftovers
|upkeep
|turn|114
|
|t:|1660355759
|switch|p2a: scary airy|Salamence, F|100/100
|-ability|p2a: scary airy|Intimidate|boost
|-unboost|p1a: 水|atk|1
|move|p1a: 水|Secret Sword|p2a: scary airy
|-resisted|p2a: scary airy
|-damage|p2a: scary airy|74/100
|
|upkeep
|turn|115
|
|t:|1660355772
|switch|p1a: 毒|Amoonguss, M, shiny|100/100
|-damage|p1a: 毒|88/100|[from] Stealth Rock
|move|p2a: scary airy|Flamethrower|p1a: 毒
|-supereffective|p1a: 毒
|-damage|p1a: 毒|47/100
|
|upkeep
|turn|116
|
|t:|1660355778
|switch|p2a: umby wumby|Umbreon, F|27/100
|move|p1a: 毒|Spore|p2a: umby wumby
|-status|p2a: umby wumby|slp|[from] move: Spore
|
|-heal|p2a: umby wumby|33/100 slp|[from] item: Leftovers
|upkeep
|turn|117
|
|t:|1660355782
|switch|p2a: scary airy|Salamence, F|74/100
|-ability|p2a: scary airy|Intimidate|boost
|-unboost|p1a: 毒|atk|1
|switch|p1a: 水|Keldeo-Resolute|9/100
|-damage|p1a: 水|3/100|[from] Stealth Rock
|
|upkeep
|turn|118
|
|t:|1660355793
|switch|p2a: umby wumby|Umbreon, F|33/100 slp
|move|p1a: 水|Icy Wind|p2a: umby wumby
|-damage|p2a: umby wumby|13/100 slp
|-unboost|p2a: umby wumby|spe|1
|
|-heal|p2a: umby wumby|19/100 slp|[from] item: Leftovers
|upkeep
|turn|119
|
|t:|1660355796
|switch|p2a: megan the eggin|Chansey, F|100/100
|move|p1a: 水|Icy Wind|p2a: megan the eggin
|-damage|p2a: megan the eggin|91/100
|-unboost|p2a: megan the eggin|spe|1
|
|upkeep
|turn|120
|
|t:|1660355803
|move|p1a: 水|Icy Wind|p2a: megan the eggin
|-damage|p2a: megan the eggin|83/100
|-unboost|p2a: megan the eggin|spe|1
|move|p2a: megan the eggin|Seismic Toss|p1a: 水
|-damage|p1a: 水|0 fnt
|faint|p1a: 水
|
|upkeep
|
|t:|1660355806
|switch|p1a: Zanka no Tachi|Moltres|31/100 tox
|turn|121
|
|t:|1660355814
|move|p1a: Zanka no Tachi|Roost|p1a: Zanka no Tachi
|-heal|p1a: Zanka no Tachi|81/100 tox
|-singleturn|p1a: Zanka no Tachi|move: Roost
|move|p2a: megan the eggin|Stealth Rock||[still]
|-fail|p2a: megan the eggin
|
|-damage|p1a: Zanka no Tachi|75/100 tox|[from] psn
|upkeep
|turn|122
|
|t:|1660355823
|move|p1a: Zanka no Tachi|Defog|p2a: megan the eggin
|-unboost|p2a: megan the eggin|evasion|1
|-sideend|p1: 4KT Kami|Stealth Rock|[from] move: Defog|[of] p1a: Zanka no Tachi
|move|p2a: megan the eggin|Stealth Rock|p1a: Zanka no Tachi
|-sidestart|p1: 4KT Kami|move: Stealth Rock
|
|-damage|p1a: Zanka no Tachi|63/100 tox|[from] psn
|upkeep
|turn|123
|
|t:|1660355827
|move|p1a: Zanka no Tachi|Hurricane|p2a: megan the eggin
|-damage|p2a: megan the eggin|69/100
|move|p2a: megan the eggin|Stealth Rock||[still]
|-fail|p2a: megan the eggin
|
|-damage|p1a: Zanka no Tachi|45/100 tox|[from] psn
|upkeep
|turn|124
|
|t:|1660355832
|move|p1a: Zanka no Tachi|Roost|p1a: Zanka no Tachi
|-heal|p1a: Zanka no Tachi|95/100 tox
|-singleturn|p1a: Zanka no Tachi|move: Roost
|move|p2a: megan the eggin|Soft-Boiled|p2a: megan the eggin
|-heal|p2a: megan the eggin|100/100
|
|-damage|p1a: Zanka no Tachi|71/100 tox|[from] psn
|upkeep
|turn|125
|
|t:|1660355836
|switch|p1a: 毒|Amoonguss, M, shiny|80/100
|-damage|p1a: 毒|68/100|[from] Stealth Rock
|move|p2a: megan the eggin|Stealth Rock||[still]
|-fail|p2a: megan the eggin
|
|upkeep
|turn|126
|
|t:|1660355845
|switch|p2a: scary airy|Salamence, F|74/100
|-ability|p2a: scary airy|Intimidate|boost
|-unboost|p1a: 毒|atk|1
|move|p1a: 毒|Sludge Bomb|p2a: scary airy
|-damage|p2a: scary airy|46/100
|
|upkeep
|turn|127
|
|t:|1660355850
|switch|p1a: Zanka no Tachi|Moltres|71/100 tox
|move|p2a: scary airy|Roost|p2a: scary airy
|-heal|p2a: scary airy|96/100
|-singleturn|p2a: scary airy|move: Roost
|
|-damage|p1a: Zanka no Tachi|65/100 tox|[from] psn
|upkeep
|turn|128
|
|t:|1660355853
|move|p1a: Zanka no Tachi|Fire Blast|p2a: scary airy
|-resisted|p2a: scary airy
|-damage|p2a: scary airy|72/100
|move|p2a: scary airy|Flamethrower|p1a: Zanka no Tachi
|-resisted|p1a: Zanka no Tachi
|-damage|p1a: Zanka no Tachi|55/100 tox
|
|-damage|p1a: Zanka no Tachi|43/100 tox|[from] psn
|upkeep
|turn|129
|
|t:|1660355860
|move|p1a: Zanka no Tachi|Roost|p1a: Zanka no Tachi
|-heal|p1a: Zanka no Tachi|93/100 tox
|-singleturn|p1a: Zanka no Tachi|move: Roost
|move|p2a: scary airy|Roost|p2a: scary airy
|-heal|p2a: scary airy|100/100
|-singleturn|p2a: scary airy|move: Roost
|
|-damage|p1a: Zanka no Tachi|75/100 tox|[from] psn
|upkeep
|turn|130
|
|t:|1660355864
|move|p1a: Zanka no Tachi|Defog|p2a: scary airy
|-unboost|p2a: scary airy|evasion|1
|-sideend|p1: 4KT Kami|Stealth Rock|[from] move: Defog|[of] p1a: Zanka no Tachi
|move|p2a: scary airy|Flamethrower|p1a: Zanka no Tachi
|-resisted|p1a: Zanka no Tachi
|-damage|p1a: Zanka no Tachi|63/100 tox
|
|-damage|p1a: Zanka no Tachi|39/100 tox|[from] psn
|upkeep
|turn|131
|
|t:|1660355867
|switch|p1a: 毒|Amoonguss, M, shiny|100/100
|move|p2a: scary airy|Flamethrower|p1a: 毒
|-supereffective|p1a: 毒
|-damage|p1a: 毒|60/100
|
|upkeep
|turn|132
|
|t:|1660355870
|move|p2a: scary airy|Flamethrower|p1a: 毒
|-supereffective|p1a: 毒
|-damage|p1a: 毒|21/100
|move|p1a: 毒|Sludge Bomb|p2a: scary airy
|-damage|p2a: scary airy|72/100
|
|upkeep
|turn|133
|
|t:|1660355876
|switch|p1a: Zanka no Tachi|Moltres|39/100 tox
|move|p2a: scary airy|Flamethrower|p1a: Zanka no Tachi
|-resisted|p1a: Zanka no Tachi
|-damage|p1a: Zanka no Tachi|28/100 tox
|
|-damage|p1a: Zanka no Tachi|22/100 tox|[from] psn
|upkeep
|turn|134
|
|t:|1660355881
|move|p1a: Zanka no Tachi|Roost|p1a: Zanka no Tachi
|-heal|p1a: Zanka no Tachi|73/100 tox
|-singleturn|p1a: Zanka no Tachi|move: Roost
|move|p2a: scary airy|Flamethrower|p1a: Zanka no Tachi
|-resisted|p1a: Zanka no Tachi
|-damage|p1a: Zanka no Tachi|61/100 tox
|
|-damage|p1a: Zanka no Tachi|49/100 tox|[from] psn
|upkeep
|turn|135
|
|t:|1660355886
|move|p1a: Zanka no Tachi|Hurricane|p2a: scary airy
|-damage|p2a: scary airy|23/100
|-start|p2a: scary airy|confusion
|-activate|p2a: scary airy|confusion
|move|p2a: scary airy|Roost|p2a: scary airy
|-heal|p2a: scary airy|73/100
|-singleturn|p2a: scary airy|move: Roost
|
|-damage|p1a: Zanka no Tachi|31/100 tox|[from] psn
|upkeep
|turn|136
|
|t:|1660355893
|switch|p1a: 毒|Amoonguss, M, shiny|54/100
|-activate|p2a: scary airy|confusion
|move|p2a: scary airy|Flamethrower|p1a: 毒
|-supereffective|p1a: 毒
|-damage|p1a: 毒|11/100
|
|upkeep
|turn|137
|
|t:|1660355901
|switch|p1a: Zanka no Tachi|Moltres|31/100 tox
|-activate|p2a: scary airy|confusion
|move|p2a: scary airy|Flamethrower|p1a: Zanka no Tachi
|-resisted|p1a: Zanka no Tachi
|-damage|p1a: Zanka no Tachi|19/100 tox
|
|-damage|p1a: Zanka no Tachi|13/100 tox|[from] psn
|upkeep
|turn|138
|
|t:|1660355906
|move|p1a: Zanka no Tachi|Roost|p1a: Zanka no Tachi
|-heal|p1a: Zanka no Tachi|63/100 tox
|-singleturn|p1a: Zanka no Tachi|move: Roost
|-end|p2a: scary airy|confusion
|move|p2a: scary airy|Flamethrower|p1a: Zanka no Tachi
|-resisted|p1a: Zanka no Tachi
|-damage|p1a: Zanka no Tachi|51/100 tox
|
|-damage|p1a: Zanka no Tachi|39/100 tox|[from] psn
|upkeep
|turn|139
|
|t:|1660355913
|move|p1a: Zanka no Tachi|Hurricane|p2a: scary airy
|-damage|p2a: scary airy|21/100
|move|p2a: scary airy|Roost|p2a: scary airy
|-heal|p2a: scary airy|71/100
|-singleturn|p2a: scary airy|move: Roost
|
|-damage|p1a: Zanka no Tachi|21/100 tox|[from] psn
|upkeep
|turn|140
|
|t:|1660355919
|move|p1a: Zanka no Tachi|Roost|p1a: Zanka no Tachi
|-heal|p1a: Zanka no Tachi|72/100 tox
|-singleturn|p1a: Zanka no Tachi|move: Roost
|move|p2a: scary airy|Flamethrower|p1a: Zanka no Tachi
|-resisted|p1a: Zanka no Tachi
|-damage|p1a: Zanka no Tachi|60/100 tox
|
|-damage|p1a: Zanka no Tachi|36/100 tox|[from] psn
|upkeep
|turn|141
|
|t:|1660355927
|switch|p1a: 毒|Amoonguss, M, shiny|44/100
|move|p2a: scary airy|Flamethrower|p1a: 毒
|-supereffective|p1a: 毒
|-damage|p1a: 毒|2/100
|-status|p1a: 毒|brn
|
|-damage|p1a: 毒|0 fnt|[from] brn
|faint|p1a: 毒
|upkeep
|
|t:|1660355929
|switch|p1a: Zanka no Tachi|Moltres|36/100 tox
|turn|142
|
|t:|1660355933
|move|p1a: Zanka no Tachi|Roost|p1a: Zanka no Tachi
|-heal|p1a: Zanka no Tachi|86/100 tox
|-singleturn|p1a: Zanka no Tachi|move: Roost
|move|p2a: scary airy|Flamethrower|p1a: Zanka no Tachi
|-resisted|p1a: Zanka no Tachi
|-damage|p1a: Zanka no Tachi|75/100 tox
|
|-damage|p1a: Zanka no Tachi|69/100 tox|[from] psn
|upkeep
|turn|143
|
|t:|1660355939
|move|p1a: Zanka no Tachi|Hurricane|p2a: scary airy
|-damage|p2a: scary airy|23/100
|-start|p2a: scary airy|confusion
|-activate|p2a: scary airy|confusion
|move|p2a: scary airy|Flamethrower|p1a: Zanka no Tachi
|-resisted|p1a: Zanka no Tachi
|-crit|p1a: Zanka no Tachi
|-damage|p1a: Zanka no Tachi|54/100 tox
|
|-damage|p1a: Zanka no Tachi|41/100 tox|[from] psn
|upkeep
|turn|144
|
|t:|1660355946
|move|p1a: Zanka no Tachi|Roost|p1a: Zanka no Tachi
|-heal|p1a: Zanka no Tachi|92/100 tox
|-singleturn|p1a: Zanka no Tachi|move: Roost
|-activate|p2a: scary airy|confusion
|-damage|p2a: scary airy|14/100|[from] confusion
|
|-damage|p1a: Zanka no Tachi|74/100 tox|[from] psn
|upkeep
|turn|145
|
|t:|1660355950
|move|p1a: Zanka no Tachi|Hurricane|p2a: scary airy
|-damage|p2a: scary airy|0 fnt
|faint|p2a: scary airy
|
|-damage|p1a: Zanka no Tachi|50/100 tox|[from] psn
|upkeep
|
|t:|1660355952
|switch|p2a: megan the eggin|Chansey, F|100/100
|turn|146
|
|t:|1660355954
|move|p1a: Zanka no Tachi|Hurricane|p2a: megan the eggin
|-damage|p2a: megan the eggin|86/100
|move|p2a: megan the eggin|Seismic Toss|p1a: Zanka no Tachi
|-damage|p1a: Zanka no Tachi|23/100 tox
|
|-damage|p1a: Zanka no Tachi|0 fnt|[from] psn
|faint|p1a: Zanka no Tachi
|
|win|5 pia to the top
|upkeep
|raw|4KT Kami's rating: 1330 &rarr; <strong>1323</strong><br />(-7 for losing)
|raw|5 pia to the top's rating: 1602 &rarr; <strong>1609</strong><br />(+7 for winning)
|c|☆5 pia to the top|gg
|c|☆4KT Kami|Kinda cringe but gg
|l| amogusroxyrrrr
||Ladder isn't responding, score probably updated but might not have (Request timeout).
