|j|☆Sirwings
|j|☆Mimilucha
|inactive|Battle timer is ON: inactive players will automatically lose when time's up.
|t:|1657921107
|gametype|singles
|player|p1|Sirwings|#npl2022ballermannbierbaren|
|player|p2|Mimilucha|psychic-gen2|
|teamsize|p1|6
|teamsize|p2|6
|gen|8
|tier|[Gen 8] UU
|rated|Tournament battle
|rule|Sleep Clause Mod: Limit one foe put to sleep
|rule|Species Clause: Limit one of each Pokémon
|rule|OHKO Clause: OHKO moves are banned
|rule|Evasion Moves Clause: Evasion moves are banned
|rule|Endless Battle Clause: Forcing endless battles is banned
|rule|HP Percentage Mod: HP is shown in percentages
|rule|Dynamax Clause: You cannot dynamax
|clearpoke
|poke|p1|Suicune|
|poke|p1|Nihilego|
|poke|p1|Cobalion|
|poke|p1|Tangrowth, F|
|poke|p1|Togekiss, F|
|poke|p1|Zygarde-10%|
|poke|p2|Nihilego|
|poke|p2|Skarmory, F|
|poke|p2|Tangrowth, M|
|poke|p2|Zygarde-10%|
|poke|p2|Primarina, F|
|poke|p2|Crobat, F|
|teampreview
|inactive|Mimilucha also wants the timer to be on.
|c|☆Mimilucha|roh tu clc
|c|☆Sirwings|bababa
|j|#ironwater
|c|☆Mimilucha|mdrrr
|c|☆Mimilucha|hf
|c|☆Sirwings|tu vas passer une bonne game
|c|☆Sirwings|hf
|inactive|Sirwings has 120 seconds left.
|inactive|Mimilucha has 120 seconds left.
|
|t:|1657921153
|start
|switch|p1a: Tangrowth|Tangrowth, F|100/100
|switch|p2a: Crobat|Crobat, F|100/100
|turn|1
|
|t:|1657921160
|move|p2a: Crobat|U-turn|p1a: Tangrowth
|-supereffective|p1a: Tangrowth
|-damage|p1a: Tangrowth|78/100
|-damage|p2a: Crobat|84/100|[from] item: Rocky Helmet|[of] p1a: Tangrowth
|
|t:|1657921162
|switch|p2a: Skarmory|Skarmory, F|100/100|[from]move: U-turn
|move|p1a: Tangrowth|Knock Off|p2a: Skarmory
|-damage|p2a: Skarmory|86/100
|-damage|p1a: Tangrowth|61/100|[from] item: Rocky Helmet|[of] p2a: Skarmory
|-enditem|p2a: Skarmory|Rocky Helmet|[from] move: Knock Off|[of] p1a: Tangrowth
|
|upkeep
|turn|2
|
|t:|1657921173
|switch|p1a: Togekiss|Togekiss, F|100/100
|move|p2a: Skarmory|Spikes|p1a: Togekiss
|-sidestart|p1: Sirwings|Spikes
|
|upkeep
|turn|3
|c|☆Mimilucha|pour une fois que y a pas prima jpeux pas me plaindre
|j| cyberpal
|raw|<div class="broadcast-blue"><b>UwU</b></div>
|
|t:|1657921184
|switch|p2a: Primarina|Primarina, F|100/100
|move|p1a: Togekiss|Thunder Wave|p2a: Primarina
|-status|p2a: Primarina|par
|
|upkeep
|turn|4
|c|☆Sirwings|oui
|c|☆Sirwings|mdrrr
|l| cyberpal
|raw|<div class="broadcast-blue"><b>ça vous ping quand je fais ça ?</b></div>
|
|t:|1657921213
|move|p1a: Togekiss|Air Slash|p2a: Primarina
|-damage|p2a: Primarina|80/100 par
|move|p2a: Primarina|Moonblast|p1a: Togekiss
|-damage|p1a: Togekiss|70/100
|-unboost|p1a: Togekiss|spa|1
|
|-heal|p2a: Primarina|86/100 par|[from] item: Leftovers
|upkeep
|turn|5
|c|☆Mimilucha|non
|c|☆Mimilucha|mais ça clc
|
|t:|1657921220
|move|p1a: Togekiss|Thunder Wave|p2a: Primarina
|-fail|p2a: Primarina|par
|move|p2a: Primarina|Moonblast|p1a: Togekiss
|-damage|p1a: Togekiss|40/100
|
|-heal|p2a: Primarina|92/100 par|[from] item: Leftovers
|upkeep
|turn|6
|j| LilProfessor
|
|t:|1657921223
|switch|p2a: Nihilego|Nihilego|100/100
|move|p1a: Togekiss|Roost|p1a: Togekiss
|-heal|p1a: Togekiss|90/100
|-singleturn|p1a: Togekiss|move: Roost
|
|upkeep
|turn|7
|raw|<div class="broadcast-blue"><b>ok merci</b></div>
|
|t:|1657921226
|switch|p1a: Cobalion|Cobalion|100/100
|-damage|p1a: Cobalion|88/100|[from] Spikes
|move|p2a: Nihilego|Stealth Rock|p1a: Cobalion
|-sidestart|p1: Sirwings|move: Stealth Rock
|
|upkeep
|turn|8
|
|t:|1657921239
|switch|p2a: Zygarde|Zygarde-10%|100/100
|-ability|p2a: Zygarde|Aura Break
|move|p1a: Cobalion|Stealth Rock|p2a: Zygarde
|-sidestart|p2: Mimilucha|move: Stealth Rock
|
|upkeep
|turn|9
|l| LilProfessor
|
|t:|1657921243
|switch|p1a: Tangrowth|Tangrowth, F|94/100
|-damage|p1a: Tangrowth|82/100|[from] Spikes
|-damage|p1a: Tangrowth|70/100|[from] Stealth Rock
|move|p2a: Zygarde|Thousand Arrows|p1a: Tangrowth
|-resisted|p1a: Tangrowth
|-damage|p1a: Tangrowth|51/100
|
|upkeep
|turn|10
|
|t:|1657921252
|switch|p2a: Skarmory|Skarmory, F|86/100
|-damage|p2a: Skarmory|74/100|[from] Stealth Rock
|switch|p1a: Togekiss|Togekiss, F|90/100
|
|upkeep
|turn|11
|
|t:|1657921260
|switch|p2a: Primarina|Primarina, F|92/100 par
|-damage|p2a: Primarina|80/100 par|[from] Stealth Rock
|move|p1a: Togekiss|Air Slash|p2a: Primarina
|-damage|p2a: Primarina|61/100 par
|
|-heal|p2a: Primarina|67/100 par|[from] item: Leftovers
|upkeep
|turn|12
|
|t:|1657921262
|switch|p2a: Nihilego|Nihilego|100/100
|-damage|p2a: Nihilego|88/100|[from] Stealth Rock
|move|p1a: Togekiss|Air Slash|p2a: Nihilego
|-resisted|p2a: Nihilego
|-damage|p2a: Nihilego|77/100
|
|-heal|p2a: Nihilego|83/100|[from] item: Black Sludge
|upkeep
|turn|13
|
|t:|1657921269
|switch|p2a: Zygarde|Zygarde-10%|100/100
|-damage|p2a: Zygarde|94/100|[from] Stealth Rock
|-ability|p2a: Zygarde|Aura Break
|switch|p1a: Cobalion|Cobalion|88/100
|-damage|p1a: Cobalion|76/100|[from] Spikes
|-damage|p1a: Cobalion|73/100|[from] Stealth Rock
|
|upkeep
|turn|14
|
|t:|1657921273
|switch|p1a: Tangrowth|Tangrowth, F|84/100
|-damage|p1a: Tangrowth|72/100|[from] Spikes
|-damage|p1a: Tangrowth|60/100|[from] Stealth Rock
|move|p2a: Zygarde|Thousand Arrows|p1a: Tangrowth
|-resisted|p1a: Tangrowth
|-damage|p1a: Tangrowth|42/100
|
|upkeep
|turn|15
|j| F0lamour
|
|t:|1657921279
|switch|p2a: Skarmory|Skarmory, F|74/100
|-damage|p2a: Skarmory|62/100|[from] Stealth Rock
|move|p1a: Tangrowth|Synthesis|p1a: Tangrowth
|-heal|p1a: Tangrowth|92/100
|
|upkeep
|turn|16
|j| GGNIDO Drbekabj
|
|t:|1657921283
|switch|p1a: Togekiss|Togekiss, F|90/100
|move|p2a: Skarmory|Roost|p2a: Skarmory
|-heal|p2a: Skarmory|100/100
|-singleturn|p2a: Skarmory|move: Roost
|
|upkeep
|turn|17
|l| F0lamour
|
|t:|1657921289
|switch|p2a: Nihilego|Nihilego|83/100
|-damage|p2a: Nihilego|71/100|[from] Stealth Rock
|move|p1a: Togekiss|Air Slash|p2a: Nihilego|[miss]
|-miss|p1a: Togekiss|p2a: Nihilego
|
|-heal|p2a: Nihilego|77/100|[from] item: Black Sludge
|upkeep
|turn|18
|
|t:|1657921295
|move|p2a: Nihilego|Power Gem|p1a: Togekiss
|-supereffective|p1a: Togekiss
|-damage|p1a: Togekiss|23/100
|move|p1a: Togekiss|Thunder Wave|p2a: Nihilego|[miss]
|-miss|p1a: Togekiss|p2a: Nihilego
|
|-heal|p2a: Nihilego|83/100|[from] item: Black Sludge
|upkeep
|turn|19
|c|☆Sirwings|NON
|c|☆Mimilucha|ratio
|c|☆Sirwings|fdp
|c|☆Mimilucha|mérité
|
|t:|1657921307
|switch|p1a: Cobalion|Cobalion|73/100
|-damage|p1a: Cobalion|60/100|[from] Spikes
|-damage|p1a: Cobalion|57/100|[from] Stealth Rock
|move|p2a: Nihilego|Power Gem|p1a: Cobalion
|-resisted|p1a: Cobalion
|-damage|p1a: Cobalion|42/100
|
|-heal|p2a: Nihilego|89/100|[from] item: Black Sludge
|upkeep
|turn|20
|
|t:|1657921314
|switch|p1a: Suicune|Suicune|100/100
|-damage|p1a: Suicune|88/100|[from] Spikes
|-damage|p1a: Suicune|76/100|[from] Stealth Rock
|-ability|p1a: Suicune|Pressure
|switch|p2a: Tangrowth|Tangrowth, M|100/100
|-damage|p2a: Tangrowth|88/100|[from] Stealth Rock
|
|-heal|p1a: Suicune|82/100|[from] item: Leftovers
|upkeep
|turn|21
|c|☆Mimilucha|coucou
|
|t:|1657921321
|move|p1a: Suicune|Toxic|p2a: Tangrowth
|-status|p2a: Tangrowth|tox
|move|p2a: Tangrowth|Knock Off|p1a: Suicune
|-damage|p1a: Suicune|71/100
|-enditem|p1a: Suicune|Leftovers|[from] move: Knock Off|[of] p2a: Tangrowth
|
|-damage|p2a: Tangrowth|82/100 tox|[from] psn
|upkeep
|turn|22
|c|☆Sirwings|coucou
|l| GGNIDO Drbekabj
|c|☆Mimilucha|ouah
|c|☆Mimilucha|cringe
|c|☆Sirwings|bababa
|
|t:|1657921334
|switch|p1a: Tangrowth|Tangrowth, F|100/100
|-damage|p1a: Tangrowth|88/100|[from] Spikes
|-damage|p1a: Tangrowth|76/100|[from] Stealth Rock
|switch|p2a: Primarina|Primarina, F|67/100 par
|-damage|p2a: Primarina|55/100 par|[from] Stealth Rock
|
|-heal|p2a: Primarina|61/100 par|[from] item: Leftovers
|upkeep
|turn|23
|
|t:|1657921338
|switch|p2a: Skarmory|Skarmory, F|100/100
|-damage|p2a: Skarmory|88/100|[from] Stealth Rock
|move|p1a: Tangrowth|Power Whip|p2a: Skarmory
|-resisted|p2a: Skarmory
|-damage|p2a: Skarmory|82/100
|
|upkeep
|turn|24
|
|t:|1657921342
|switch|p1a: Togekiss|Togekiss, F|23/100
|move|p2a: Skarmory|Spikes|p1a: Togekiss
|-sidestart|p1: Sirwings|Spikes
|
|upkeep
|turn|25
|
|t:|1657921348
|switch|p2a: Zygarde|Zygarde-10%|94/100
|-damage|p2a: Zygarde|88/100|[from] Stealth Rock
|-ability|p2a: Zygarde|Aura Break
|move|p1a: Togekiss|Roost|p1a: Togekiss
|-heal|p1a: Togekiss|73/100
|-singleturn|p1a: Togekiss|move: Roost
|
|upkeep
|turn|26
|
|t:|1657921351
|move|p2a: Zygarde|Thousand Arrows|p1a: Togekiss
|-damage|p1a: Togekiss|16/100
|-start|p1a: Togekiss|Smack Down
|move|p1a: Togekiss|Roost|p1a: Togekiss
|-heal|p1a: Togekiss|66/100
|-singleturn|p1a: Togekiss|move: Roost
|
|upkeep
|turn|27
|j| Hyss
|
|t:|1657921355
|switch|p1a: Tangrowth|Tangrowth, F|100/100
|-damage|p1a: Tangrowth|84/100|[from] Spikes
|-damage|p1a: Tangrowth|72/100|[from] Stealth Rock
|move|p2a: Zygarde|Thousand Arrows|p1a: Tangrowth
|-resisted|p1a: Tangrowth
|-damage|p1a: Tangrowth|54/100
|
|upkeep
|turn|28
|c|☆Mimilucha|bon
|c|☆Mimilucha|tu double là
|c|☆Mimilucha|ok ?
|j| Dayoda
|c|☆Sirwings|ok
|c|☆Mimilucha|donc je retape tarrows
|c|☆Sirwings|oui
|
|t:|1657921381
|switch|p2a: Skarmory|Skarmory, F|82/100
|-damage|p2a: Skarmory|69/100|[from] Stealth Rock
|switch|p1a: Togekiss|Togekiss, F|66/100
|
|upkeep
|turn|29
|
|t:|1657921396
|switch|p2a: Nihilego|Nihilego|89/100
|-damage|p2a: Nihilego|77/100|[from] Stealth Rock
|move|p1a: Togekiss|Roost|p1a: Togekiss
|-heal|p1a: Togekiss|100/100
|-singleturn|p1a: Togekiss|move: Roost
|
|-heal|p2a: Nihilego|83/100|[from] item: Black Sludge
|upkeep
|turn|30
|
|t:|1657921400
|move|p2a: Nihilego|Power Gem|p1a: Togekiss
|-supereffective|p1a: Togekiss
|-damage|p1a: Togekiss|36/100
|move|p1a: Togekiss|Thunder Wave|p2a: Nihilego
|-status|p2a: Nihilego|par
|
|-heal|p2a: Nihilego|89/100 par|[from] item: Black Sludge
|upkeep
|turn|31
|
|t:|1657921404
|move|p1a: Togekiss|Roost|p1a: Togekiss
|-heal|p1a: Togekiss|86/100
|-singleturn|p1a: Togekiss|move: Roost
|cant|p2a: Nihilego|par
|
|-heal|p2a: Nihilego|95/100 par|[from] item: Black Sludge
|upkeep
|turn|32
|
|t:|1657921416
|switch|p1a: Suicune|Suicune|71/100
|-damage|p1a: Suicune|54/100|[from] Spikes
|-damage|p1a: Suicune|42/100|[from] Stealth Rock
|-ability|p1a: Suicune|Pressure
|cant|p2a: Nihilego|par
|
|-heal|p2a: Nihilego|100/100 par|[from] item: Black Sludge
|upkeep
|turn|33
|
|t:|1657921421
|switch|p2a: Primarina|Primarina, F|61/100 par
|-damage|p2a: Primarina|49/100 par|[from] Stealth Rock
|move|p1a: Suicune|Roar|p2a: Primarina
|drag|p2a: Skarmory|Skarmory, F|69/100
|-damage|p2a: Skarmory|57/100|[from] Stealth Rock
|
|upkeep
|turn|34
|c|☆Sirwings|bababa
|
|t:|1657921430
|move|p2a: Skarmory|Roost|p2a: Skarmory
|-heal|p2a: Skarmory|100/100
|-singleturn|p2a: Skarmory|move: Roost
|move|p1a: Suicune|Roar|p2a: Skarmory
|drag|p2a: Crobat|Crobat, F|84/100
|
|upkeep
|turn|35
|c|☆Mimilucha|bababa
|
|t:|1657921440
|move|p2a: Crobat|U-turn|p1a: Suicune
|-crit|p1a: Suicune
|-damage|p1a: Suicune|26/100
|
|t:|1657921443
|switch|p2a: Tangrowth|Tangrowth, M|100/100 tox|[from]move: U-turn
|-damage|p2a: Tangrowth|88/100 tox|[from] Stealth Rock
|move|p1a: Suicune|Scald|p2a: Tangrowth
|-resisted|p2a: Tangrowth
|-damage|p2a: Tangrowth|79/100 tox
|
|-damage|p2a: Tangrowth|73/100 tox|[from] psn
|upkeep
|turn|36
|
|t:|1657921445
|move|p1a: Suicune|Rest|p1a: Suicune
|-status|p1a: Suicune|slp|[from] move: Rest
|-heal|p1a: Suicune|100/100 slp|[silent]
|move|p2a: Tangrowth|Power Whip|p1a: Suicune
|-supereffective|p1a: Suicune
|-damage|p1a: Suicune|56/100 slp
|
|-damage|p2a: Tangrowth|61/100 tox|[from] psn
|upkeep
|turn|37
|
|t:|1657921452
|switch|p2a: Crobat|Crobat, F|84/100
|cant|p1a: Suicune|slp
|
|upkeep
|turn|38
|
|t:|1657921455
|move|p2a: Crobat|Brave Bird|p1a: Suicune
|-damage|p1a: Suicune|28/100 slp
|-damage|p2a: Crobat|73/100|[from] Recoil
|cant|p1a: Suicune|slp
|
|upkeep
|turn|39
|
|t:|1657921462
|move|p2a: Crobat|Brave Bird|p1a: Suicune
|-damage|p1a: Suicune|2/100 slp
|-damage|p2a: Crobat|63/100|[from] Recoil
|-curestatus|p1a: Suicune|slp|[msg]
|move|p1a: Suicune|Rest|p1a: Suicune
|-status|p1a: Suicune|slp|[from] move: Rest
|-heal|p1a: Suicune|100/100 slp|[silent]
|
|upkeep
|turn|40
|c|☆Mimilucha|nul
|
|t:|1657921476
|move|p2a: Crobat|Roost|p2a: Crobat
|-heal|p2a: Crobat|100/100
|-singleturn|p2a: Crobat|move: Roost
|cant|p1a: Suicune|slp
|
|upkeep
|turn|41
|c| Dayoda|Super
|
|t:|1657921491
|switch|p1a: Togekiss|Togekiss, F|86/100
|move|p2a: Crobat|U-turn|p1a: Togekiss
|-resisted|p1a: Togekiss
|-damage|p1a: Togekiss|82/100
|
|t:|1657921495
|switch|p2a: Nihilego|Nihilego|100/100 par|[from]move: U-turn
|-damage|p2a: Nihilego|88/100 par|[from] Stealth Rock
|
|-heal|p2a: Nihilego|94/100 par|[from] item: Black Sludge
|upkeep
|turn|42
|
|t:|1657921515
|switch|p1a: Nihilego|Nihilego|100/100
|-damage|p1a: Nihilego|84/100|[from] Spikes
|-damage|p1a: Nihilego|72/100|[from] Stealth Rock
|move|p2a: Nihilego|Power Gem|p1a: Nihilego
|-damage|p1a: Nihilego|39/100
|
|-heal|p2a: Nihilego|100/100 par|[from] item: Black Sludge
|upkeep
|turn|43
|
|t:|1657921523
|switch|p2a: Zygarde|Zygarde-10%|88/100
|-damage|p2a: Zygarde|82/100|[from] Stealth Rock
|-ability|p2a: Zygarde|Aura Break
|move|p1a: Nihilego|Pain Split|p2a: Zygarde
|-sethp|p2a: Zygarde|69/100|[from] move: Pain Split|[silent]
|-sethp|p1a: Nihilego|48/100|[from] move: Pain Split
|
|upkeep
|turn|44
|
|t:|1657921529
|switch|p1a: Tangrowth|Tangrowth, F|87/100
|-damage|p1a: Tangrowth|71/100|[from] Spikes
|-damage|p1a: Tangrowth|58/100|[from] Stealth Rock
|move|p2a: Zygarde|Toxic|p1a: Tangrowth
|-status|p1a: Tangrowth|tox
|
|-damage|p1a: Tangrowth|52/100 tox|[from] psn
|upkeep
|turn|45
|
|t:|1657921543
|switch|p2a: Skarmory|Skarmory, F|100/100
|-damage|p2a: Skarmory|88/100|[from] Stealth Rock
|switch|p1a: Nihilego|Nihilego|48/100
|-damage|p1a: Nihilego|32/100|[from] Spikes
|-damage|p1a: Nihilego|19/100|[from] Stealth Rock
|
|upkeep
|turn|46
|j| Staymox
|
|t:|1657921555
|move|p1a: Nihilego|Pain Split|p2a: Skarmory
|-sethp|p2a: Skarmory|55/100|[from] move: Pain Split|[silent]
|-sethp|p1a: Nihilego|48/100|[from] move: Pain Split
|move|p2a: Skarmory|Body Press|p1a: Nihilego
|-crit|p1a: Nihilego
|-damage|p1a: Nihilego|0 fnt
|faint|p1a: Nihilego
|
|upkeep
|c|☆Sirwings|mh
|l| Staymox
|c|☆Mimilucha|hm
|c|☆Sirwings|je crois que ça matter
|c|☆Mimilucha|chepa
|c|☆Mimilucha|osef de skarm au pire
|inactive|Sirwings has 120 seconds left.
|c|☆Sirwings|oe mais pas osef du mon qui est sensé 6-0 mdrrr
|c|☆Mimilucha|hihi
|
|t:|1657921614
|switch|p1a: Togekiss|Togekiss, F|82/100
|turn|47
|
|t:|1657921617
|switch|p2a: Nihilego|Nihilego|100/100 par
|-damage|p2a: Nihilego|88/100 par|[from] Stealth Rock
|move|p1a: Togekiss|Air Slash|p2a: Nihilego
|-resisted|p2a: Nihilego
|-damage|p2a: Nihilego|77/100 par
|
|-heal|p2a: Nihilego|84/100 par|[from] item: Black Sludge
|upkeep
|turn|48
|
|t:|1657921622
|move|p1a: Togekiss|Air Slash|p2a: Nihilego
|-resisted|p2a: Nihilego
|-damage|p2a: Nihilego|73/100 par
|cant|p2a: Nihilego|flinch
|
|-heal|p2a: Nihilego|79/100 par|[from] item: Black Sludge
|upkeep
|turn|49
|
|t:|1657921624
|move|p1a: Togekiss|Air Slash|p2a: Nihilego
|-resisted|p2a: Nihilego
|-damage|p2a: Nihilego|67/100 par
|cant|p2a: Nihilego|flinch
|
|-heal|p2a: Nihilego|73/100 par|[from] item: Black Sludge
|upkeep
|turn|50
|
|t:|1657921626
|move|p1a: Togekiss|Air Slash|p2a: Nihilego
|-resisted|p2a: Nihilego
|-crit|p2a: Nihilego
|-damage|p2a: Nihilego|55/100 par
|cant|p2a: Nihilego|flinch
|
|-heal|p2a: Nihilego|62/100 par|[from] item: Black Sludge
|upkeep
|turn|51
|
|t:|1657921629
|move|p1a: Togekiss|Air Slash|p2a: Nihilego
|-resisted|p2a: Nihilego
|-damage|p2a: Nihilego|49/100 par
|cant|p2a: Nihilego|flinch
|
|-heal|p2a: Nihilego|55/100 par|[from] item: Black Sludge
|upkeep
|turn|52
|
|t:|1657921631
|move|p1a: Togekiss|Air Slash|p2a: Nihilego
|-resisted|p2a: Nihilego
|-damage|p2a: Nihilego|43/100 par
|cant|p2a: Nihilego|par
|
|-heal|p2a: Nihilego|49/100 par|[from] item: Black Sludge
|upkeep
|turn|53
|
|t:|1657921633
|move|p1a: Togekiss|Air Slash|p2a: Nihilego
|-resisted|p2a: Nihilego
|-damage|p2a: Nihilego|38/100 par
|move|p2a: Nihilego|Sludge Bomb|p1a: Togekiss
|-supereffective|p1a: Togekiss
|-damage|p1a: Togekiss|13/100
|
|-heal|p2a: Nihilego|44/100 par|[from] item: Black Sludge
|upkeep
|turn|54
|
|t:|1657921636
|move|p1a: Togekiss|Air Slash|p2a: Nihilego
|-resisted|p2a: Nihilego
|-damage|p2a: Nihilego|33/100 par
|cant|p2a: Nihilego|flinch
|
|-heal|p2a: Nihilego|39/100 par|[from] item: Black Sludge
|upkeep
|turn|55
|
|t:|1657921638
|move|p1a: Togekiss|Air Slash|p2a: Nihilego
|-resisted|p2a: Nihilego
|-damage|p2a: Nihilego|27/100 par
|move|p2a: Nihilego|Sludge Bomb|p1a: Togekiss
|-supereffective|p1a: Togekiss
|-damage|p1a: Togekiss|0 fnt
|faint|p1a: Togekiss
|-ability|p2a: Nihilego|Beast Boost|boost
|-boost|p2a: Nihilego|spa|1
|
|-heal|p2a: Nihilego|33/100 par|[from] item: Black Sludge
|upkeep
|
|t:|1657921642
|switch|p1a: Zygarde|Zygarde-10%|100/100
|-damage|p1a: Zygarde|84/100|[from] Spikes
|-damage|p1a: Zygarde|78/100|[from] Stealth Rock
|-ability|p1a: Zygarde|Aura Break
|turn|56
|c|☆Sirwings|gg
|
|t:|1657921649
|move|p1a: Zygarde|Thousand Arrows|p2a: Nihilego
|-supereffective|p2a: Nihilego
|-damage|p2a: Nihilego|0 fnt
|faint|p2a: Nihilego
|
|upkeep
|
|t:|1657921653
|switch|p2a: Crobat|Crobat, F|100/100
|turn|57
|c|☆Mimilucha|gg
|
|t:|1657921667
|move|p2a: Crobat|Brave Bird|p1a: Zygarde
|-damage|p1a: Zygarde|0 fnt
|faint|p1a: Zygarde
|-damage|p2a: Crobat|82/100|[from] Recoil
|
|upkeep
|
|t:|1657921670
|switch|p1a: Suicune|Suicune|100/100 slp
|-damage|p1a: Suicune|84/100 slp|[from] Spikes
|-damage|p1a: Suicune|72/100 slp|[from] Stealth Rock
|-ability|p1a: Suicune|Pressure
|turn|58
|
|t:|1657921673
|move|p2a: Crobat|U-turn|p1a: Suicune
|-damage|p1a: Suicune|61/100 slp
|
|t:|1657921675
|switch|p2a: Primarina|Primarina, F|49/100 par|[from]move: U-turn
|-damage|p2a: Primarina|36/100 par|[from] Stealth Rock
|cant|p1a: Suicune|slp
|
|-heal|p2a: Primarina|42/100 par|[from] item: Leftovers
|upkeep
|turn|59
|
|t:|1657921678
|cant|p2a: Primarina|par
|-curestatus|p1a: Suicune|slp|[msg]
|move|p1a: Suicune|Roar|p2a: Primarina
|drag|p2a: Zygarde|Zygarde-10%|69/100
|-damage|p2a: Zygarde|63/100|[from] Stealth Rock
|-ability|p2a: Zygarde|Aura Break
|
|upkeep
|turn|60
|
|t:|1657921684
|switch|p2a: Tangrowth|Tangrowth, M|94/100 tox
|-damage|p2a: Tangrowth|81/100 tox|[from] Stealth Rock
|move|p1a: Suicune|Scald|p2a: Tangrowth
|-resisted|p2a: Tangrowth
|-damage|p2a: Tangrowth|73/100 tox
|
|-damage|p2a: Tangrowth|66/100 tox|[from] psn
|upkeep
|turn|61
|
|t:|1657921691
|move|p1a: Suicune|Scald|p2a: Tangrowth
|-resisted|p2a: Tangrowth
|-damage|p2a: Tangrowth|57/100 tox
|move|p2a: Tangrowth|Power Whip|p1a: Suicune
|-supereffective|p1a: Suicune
|-damage|p1a: Suicune|19/100
|
|-damage|p2a: Tangrowth|45/100 tox|[from] psn
|upkeep
|turn|62
|
|t:|1657921696
|switch|p2a: Primarina|Primarina, F|42/100 par
|-damage|p2a: Primarina|30/100 par|[from] Stealth Rock
|move|p1a: Suicune|Rest|p1a: Suicune
|-status|p1a: Suicune|slp|[from] move: Rest
|-heal|p1a: Suicune|100/100 slp|[silent]
|
|-heal|p2a: Primarina|36/100 par|[from] item: Leftovers
|upkeep
|turn|63
|
|t:|1657921700
|switch|p1a: Tangrowth|Tangrowth, F|85/100 tox
|-damage|p1a: Tangrowth|69/100 tox|[from] Spikes
|-damage|p1a: Tangrowth|56/100 tox|[from] Stealth Rock
|cant|p2a: Primarina|par
|
|-heal|p2a: Primarina|42/100 par|[from] item: Leftovers
|-damage|p1a: Tangrowth|50/100 tox|[from] psn
|upkeep
|turn|64
|
|t:|1657921709
|switch|p1a: Suicune|Suicune|100/100 slp
|-damage|p1a: Suicune|84/100 slp|[from] Spikes
|-damage|p1a: Suicune|72/100 slp|[from] Stealth Rock
|-ability|p1a: Suicune|Pressure
|switch|p2a: Skarmory|Skarmory, F|55/100
|-damage|p2a: Skarmory|43/100|[from] Stealth Rock
|
|upkeep
|turn|65
|
|t:|1657921713
|switch|p2a: Primarina|Primarina, F|42/100 par
|-damage|p2a: Primarina|30/100 par|[from] Stealth Rock
|cant|p1a: Suicune|slp
|
|-heal|p2a: Primarina|36/100 par|[from] item: Leftovers
|upkeep
|turn|66
|
|t:|1657921716
|cant|p1a: Suicune|slp
|move|p2a: Primarina|Rest|p2a: Primarina
|-status|p2a: Primarina|slp|[from] move: Rest
|-heal|p2a: Primarina|100/100 slp|[silent]
|
|upkeep
|turn|67
|-message|Sirwings forfeited.
|
|win|Mimilucha
|n|☆Sirwings|sirwings
|n|☆Mimilucha|mimilucha
|n|@ironwater|ironwater
|n| Hyss|hyss
|n| Dayoda|dayoda
