|j|☆Watshallmynamebe
|j|☆Amane Misa
|t:|1604561339
|player|p1|Watshallmynamebe|ghetsis-gen5bw|
|player|p2|Amane Misa|#amanemisa|
|teamsize|p1|6
|teamsize|p2|6
|gametype|singles
|gen|8
|tier|[Gen 8] UU
|rated|Tournament battle
|clearpoke
|poke|p1|Victini|
|poke|p1|Hydreigon, M|
|poke|p1|Volcarona, F|
|poke|p1|Regidrago|
|poke|p1|Zeraora|
|poke|p1|Gengar, M|
|poke|p2|Shuckle, F|
|poke|p2|Gyarados, M|
|poke|p2|Celesteela|
|poke|p2|Alakazam, F|
|poke|p2|Bisharp, M|
|poke|p2|Mimikyu, F|
|rule|Sleep Clause Mod: Limit one foe put to sleep
|rule|Species Clause: Limit one of each Pokémon
|rule|OHKO Clause: OHKO moves are banned
|rule|Evasion Moves Clause: Evasion moves are banned
|rule|Endless Battle Clause: Forcing endless battles is banned
|rule|HP Percentage Mod: HP is shown in percentages
|rule|Dynamax Clause: You cannot dynamax
|teampreview
|inactive|Battle timer is ON: inactive players will automatically lose when time's up. (requested by Watshallmynamebe)
|j| LotusSparkkle
|j| laevin ㋛
|j| Crushy Soul
|j| BigFatMantis
|c|☆Watshallmynamebe|glhf
|inactive|Watshallmynamebe has 120 seconds left.
|
|t:|1604561377
|start
|switch|p1a: Rarararars|Zeraora|100/100
|switch|p2a: Shuckle|Shuckle, F|100/100
|turn|1
|j| kelvozby
|
|t:|1604561390
|move|p1a: Rarararars|Close Combat|p2a: Shuckle
|-damage|p2a: Shuckle|69/100
|-unboost|p1a: Rarararars|def|1
|-unboost|p1a: Rarararars|spd|1
|-enditem|p2a: Shuckle|Red Card|[of] p1a: Rarararars
|-damage|p1a: Rarararars|91/100|[from] item: Life Orb
|drag|p1a: GOON|Hydreigon, M|100/100
|move|p2a: Shuckle|Stealth Rock|p1a: GOON
|-sidestart|p1: Watshallmynamebe|move: Stealth Rock
|
|upkeep
|turn|2
|
|t:|1604561400
|move|p1a: GOON|Nasty Plot|p1a: GOON
|-boost|p1a: GOON|spa|2
|move|p2a: Shuckle|Sticky Web|p1a: GOON
|-sidestart|p1: Watshallmynamebe|move: Sticky Web
|
|upkeep
|turn|3
|
|t:|1604561407
|move|p1a: GOON|Nasty Plot|p1a: GOON
|-boost|p1a: GOON|spa|2
|move|p2a: Shuckle|Encore|p1a: GOON
|-start|p1a: GOON|Encore
|
|upkeep
|turn|4
|c| BigFatMantis|GREED
|
|t:|1604561413
|switch|p2a: Mimikyu|Mimikyu, F|100/100
|move|p1a: GOON|Nasty Plot|p1a: GOON
|-boost|p1a: GOON|spa|2
|
|upkeep
|turn|5
|c|☆Watshallmynamebe|Fuckckc
|
|t:|1604561442
|switch|p1a: X+CCcaa|Volcarona, F|100/100
|move|p2a: Mimikyu|Play Rough|p1a: X+CCcaa
|-resisted|p1a: X+CCcaa
|-damage|p1a: X+CCcaa|62/100
|-damage|p2a: Mimikyu|91/100|[from] item: Life Orb
|
|upkeep
|turn|6
|c| LotusSparkkle|pick one
|j| Ri¢cio☁
|
|t:|1604561453
|switch|p2a: Shuckle|Shuckle, F|69/100
|move|p1a: X+CCcaa|Quiver Dance|p1a: X+CCcaa
|-boost|p1a: X+CCcaa|spa|1
|-boost|p1a: X+CCcaa|spd|1
|-boost|p1a: X+CCcaa|spe|1
|
|upkeep
|turn|7
|
|t:|1604561462
|move|p1a: X+CCcaa|Fiery Dance|p2a: Shuckle
|-damage|p2a: Shuckle|26/100
|move|p2a: Shuckle|Encore|p1a: X+CCcaa
|-start|p1a: X+CCcaa|Encore
|
|upkeep
|turn|8
|
|t:|1604561468
|move|p1a: X+CCcaa|Fiery Dance|p2a: Shuckle
|-damage|p2a: Shuckle|0 fnt
|-boost|p1a: X+CCcaa|spa|1
|faint|p2a: Shuckle
|
|upkeep
|
|t:|1604561471
|switch|p2a: Gyarados|Gyarados, M|100/100
|turn|9
|inactive|Watshallmynamebe has 120 seconds left.
|
|t:|1604561507
|switch|p1a: Rarararars|Zeraora|91/100
|-activate|p1a: Rarararars|move: Sticky Web
|-unboost|p1a: Rarararars|spe|1
|-damage|p1a: Rarararars|78/100|[from] Stealth Rock
|move|p2a: Gyarados|Waterfall|p1a: Rarararars
|-damage|p1a: Rarararars|21/100
|
|upkeep
|turn|10
|inactive|Watshallmynamebe has 120 seconds left.
|
|t:|1604561516
|move|p2a: Gyarados|Waterfall|p1a: Rarararars
|-damage|p1a: Rarararars|0 fnt
|faint|p1a: Rarararars
|-ability|p2a: Gyarados|Moxie|boost
|-boost|p2a: Gyarados|atk|1
|
|upkeep
|inactive|Watshallmynamebe has 120 seconds left.
|
|t:|1604561524
|switch|p1a: DRagon|Regidrago|100/100
|-activate|p1a: DRagon|move: Sticky Web
|-unboost|p1a: DRagon|spe|1
|-damage|p1a: DRagon|88/100|[from] Stealth Rock
|turn|11
|j| Mystras Leoxses
|
|t:|1604561536
|switch|p2a: Mimikyu|Mimikyu, F|91/100
|move|p1a: DRagon|Dragon Energy|p2a: Mimikyu
|-immune|p2a: Mimikyu
|
|upkeep
|turn|12
|-message|Watshallmynamebe forfeited.
|
|win|Amane Misa
