|html|<div class="broadcast-blue"><strong>[Gen 8] UU is currently suspecting Moltres-Galar! For information on how to participate check out the <a href="https://www.smogon.com/forums/threads/np-ss-uu-stage-12-get-lucky.3700621/">suspect thread</a>.</strong></div>
|j|☆Mimilucha
|j|☆Moutemoute
|t:|1651427231
|gametype|singles
|player|p1|Mimilucha|ilima|
|player|p2|Moutemoute|#moutemoute|
|teamsize|p1|6
|teamsize|p2|6
|gen|8
|tier|[Gen 8] UU
|rule|Sleep Clause Mod: Limit one foe put to sleep
|rule|Species Clause: Limit one of each Pokémon
|rule|OHKO Clause: OHKO moves are banned
|rule|Evasion Moves Clause: Evasion moves are banned
|rule|Endless Battle Clause: Forcing endless battles is banned
|rule|HP Percentage Mod: HP is shown in percentages
|rule|Dynamax Clause: You cannot dynamax
|clearpoke
|poke|p1|Chansey, F|
|poke|p1|Skarmory, F|
|poke|p1|Salamence, F|
|poke|p1|Scizor, F|
|poke|p1|Quagsire, M|
|poke|p1|Amoonguss, M|
|poke|p2|Aegislash, F|
|poke|p2|Primarina, M|
|poke|p2|Tangrowth, F|
|poke|p2|Chansey, F|
|poke|p2|Skarmory, F|
|poke|p2|Zygarde-10%|
|teampreview
|inactive|Battle timer is ON: inactive players will automatically lose when time's up. (requested by Mimilucha)
|j| Micciu20250
|j| Alzozo
|c|☆Moutemoute|publicroom stp
|j| The Delta Maybca☆〜
|c|☆Mimilucha|/log Mimilucha made this room public.
|c|☆Mimilucha|done
|c|☆Mimilucha|hf
|j| Xeltal
|inactive|Mimilucha has 270 seconds left.
|inactive|Moutemoute has 270 seconds left.
|j| Nael222
|j| VyoletRayn
|j| HaxxSel♔
|j| GrosTeh
|j| Chose-Truc
|j| SchizoLab
|j|+Dlanyer
|j| Gataen42
|inactive|Mimilucha has 240 seconds left.
|inactive|Moutemoute has 240 seconds left.
|j| Lauriane
|j| msnt
|j| Sharow 水上
|c| Lauriane|aller mich
|j| Floda Rida
|j| Fekir
|c| Floda Rida|è :$l
|j| blajijoso
|c| Floda Rida|p-: n,hjerqbigbrziuyfzriy
|j| UFG DX
|c| Floda Rida|MIMI
|j| Mouscouteau
|j| Astreau
|c| Gataen42|askip moumoute doit se grouiller pour allez réviser
|c| Floda Rida|TU AS PRIS MA TEAM ??
|j| AzZoCcX
|j| Leroiluxrayps
|c|☆Mimilucha|silence
|inactive|Mimilucha has 210 seconds left.
|inactive|Moutemoute has 210 seconds left.
|j| Alkione
|j| BIHI
|c|☆Mimilucha|togole
|j| weshbien
|c| Micciu20250|Ptdrrrrrr
|c| Gataen42|mais doit passer une stall
|j| Le Clicker Fou
|j| Flex OKLM
|j| Mortegon
|c| Flex OKLM|rah ouai
|
|t:|1651427348
|start
|switch|p1a: Scizor|Scizor, F|100/100
|switch|p2a: Chansey|Chansey, F|100/100
|turn|1
|j| Hervalt
|c| Flex OKLM|ca c de la game
|j| Base Melone
|
|t:|1651427353
|move|p1a: Scizor|Knock Off|p2a: Chansey
|-crit|p2a: Chansey
|-damage|p2a: Chansey|68/100
|-enditem|p2a: Chansey|Eviolite|[from] move: Knock Off|[of] p1a: Scizor
|move|p2a: Chansey|Stealth Rock|p1a: Scizor
|-sidestart|p1: Mimilucha|move: Stealth Rock
|
|upkeep
|turn|2
|j| Exiline
|j| DLTCT Neph
|
|t:|1651427360
|move|p1a: Scizor|Knock Off|p2a: Chansey
|-damage|p2a: Chansey|45/100
|move|p2a: Chansey|Soft-Boiled|p2a: Chansey
|-heal|p2a: Chansey|95/100
|
|upkeep
|turn|3
|
|t:|1651427365
|switch|p2a: Skarmory|Skarmory, F|100/100
|move|p1a: Scizor|Knock Off|p2a: Skarmory
|-damage|p2a: Skarmory|79/100
|-damage|p1a: Scizor|84/100|[from] item: Rocky Helmet|[of] p2a: Skarmory
|-enditem|p2a: Skarmory|Rocky Helmet|[from] move: Knock Off|[of] p1a: Scizor
|
|upkeep
|turn|4
|
|t:|1651427370
|move|p2a: Skarmory|Iron Defense|p2a: Skarmory
|-boost|p2a: Skarmory|def|2
|move|p1a: Scizor|Knock Off|p2a: Skarmory
|-damage|p2a: Skarmory|72/100
|
|upkeep
|turn|5
|j| Darky~Samaa'
|
|t:|1651427378
|switch|p2a: Aegislash|Aegislash, F|100/100
|switch|p1a: Salamence|Salamence, F|100/100
|-ability|p1a: Salamence|Intimidate|boost
|-unboost|p2a: Aegislash|atk|1
|
|upkeep
|turn|6
|j| Dieu Amphibien
|
|t:|1651427383
|switch|p1a: Amoonguss|Amoonguss, M|100/100
|-damage|p1a: Amoonguss|88/100|[from] Stealth Rock
|move|p2a: Aegislash|Substitute|p2a: Aegislash
|-start|p2a: Aegislash|Substitute
|-damage|p2a: Aegislash|75/100
|
|-heal|p2a: Aegislash|82/100|[from] item: Leftovers
|upkeep
|turn|7
|
|t:|1651427386
|move|p2a: Aegislash|King's Shield|p2a: Aegislash
|-singleturn|p2a: Aegislash|Protect
|move|p1a: Amoonguss|Foul Play|p2a: Aegislash
|-activate|p2a: Aegislash|move: Protect
|-unboost|p1a: Amoonguss|atk|1
|
|-heal|p2a: Aegislash|88/100|[from] item: Leftovers
|upkeep
|turn|8
|j|+Tuthur
|
|t:|1651427391
|-formechange|p2a: Aegislash|Aegislash-Blade||[from] ability: Stance Change
|move|p2a: Aegislash|Shadow Ball|p1a: Amoonguss
|-damage|p1a: Amoonguss|63/100
|move|p1a: Amoonguss|Foul Play|p2a: Aegislash
|-supereffective|p2a: Aegislash
|-end|p2a: Aegislash|Substitute
|
|-heal|p2a: Aegislash|94/100|[from] item: Leftovers
|upkeep
|turn|9
|c| Sharow 水上|0
|j| Daruma
|c|☆Moutemoute|oh av mongus
|c|☆Moutemoute|ça va pas être fun cette game
|c|+Dlanyer|il est sitrus
|c| Exiline|la veste de combat
|inactive|Moutemoute has 270 seconds left.
|c| Exiline|truc du GIGN ça je reconnais
|c|+Tuthur|il est sus
|
|t:|1651427426
|-formechange|p2a: Aegislash|Aegislash||[from] ability: Stance Change
|move|p2a: Aegislash|King's Shield|p2a: Aegislash
|-singleturn|p2a: Aegislash|Protect
|move|p1a: Amoonguss|Foul Play|p2a: Aegislash
|-activate|p2a: Aegislash|move: Protect
|-unboost|p1a: Amoonguss|atk|1
|
|-heal|p2a: Aegislash|99/100|[from] item: Leftovers
|upkeep
|turn|10
|
|t:|1651427431
|switch|p1a: Chansey|Chansey, F|100/100
|-damage|p1a: Chansey|88/100|[from] Stealth Rock
|move|p2a: Aegislash|Substitute|p2a: Aegislash
|-start|p2a: Aegislash|Substitute
|-damage|p2a: Aegislash|75/100
|
|-heal|p2a: Aegislash|81/100|[from] item: Leftovers
|upkeep
|turn|11
|c| Exiline|c'est pare-(shadow)balles
|
|t:|1651427436
|move|p2a: Aegislash|Toxic|p1a: Chansey
|-status|p1a: Chansey|tox
|move|p1a: Chansey|Stealth Rock|p2a: Aegislash
|-sidestart|p2: Moutemoute|move: Stealth Rock
|
|-heal|p2a: Aegislash|88/100|[from] item: Leftovers
|-damage|p1a: Chansey|82/100 tox|[from] psn
|upkeep
|turn|12
|
|t:|1651427443
|-curestatus|p1a: Chansey|tox|[from] ability: Natural Cure
|switch|p1a: Amoonguss|Amoonguss, M|96/100
|-damage|p1a: Amoonguss|84/100|[from] Stealth Rock
|-formechange|p2a: Aegislash|Aegislash-Blade||[from] ability: Stance Change
|move|p2a: Aegislash|Shadow Ball|p1a: Amoonguss
|-damage|p1a: Amoonguss|60/100
|
|-heal|p2a: Aegislash|94/100|[from] item: Leftovers
|upkeep
|turn|13
|j| 9truc9
|j| Greycat01
|
|t:|1651427455
|move|p2a: Aegislash|Shadow Ball|p1a: Amoonguss
|-damage|p1a: Amoonguss|34/100
|-unboost|p1a: Amoonguss|spd|1
|move|p1a: Amoonguss|Foul Play|p2a: Aegislash
|-supereffective|p2a: Aegislash
|-end|p2a: Aegislash|Substitute
|
|-heal|p2a: Aegislash|99/100|[from] item: Leftovers
|upkeep
|turn|14
|j| Nowir
|
|t:|1651427464
|switch|p1a: Chansey|Chansey, F|82/100
|-damage|p1a: Chansey|70/100|[from] Stealth Rock
|move|p2a: Aegislash|Substitute|p2a: Aegislash
|-start|p2a: Aegislash|Substitute
|-damage|p2a: Aegislash|75/100
|
|-heal|p2a: Aegislash|81/100|[from] item: Leftovers
|upkeep
|turn|15
|
|t:|1651427469
|switch|p1a: Amoonguss|Amoonguss, M|67/100
|-damage|p1a: Amoonguss|55/100|[from] Stealth Rock
|move|p2a: Aegislash|Shadow Ball|p1a: Amoonguss
|-damage|p1a: Amoonguss|33/100
|-unboost|p1a: Amoonguss|spd|1
|
|-heal|p2a: Aegislash|87/100|[from] item: Leftovers
|upkeep
|turn|16
|
|t:|1651427479
|switch|p2a: Tangrowth|Tangrowth, F|100/100
|-damage|p2a: Tangrowth|88/100|[from] Stealth Rock
|switch|p1a: Chansey|Chansey, F|70/100
|-damage|p1a: Chansey|57/100|[from] Stealth Rock
|
|upkeep
|turn|17
|
|t:|1651427487
|switch|p1a: Scizor|Scizor, F|84/100
|move|p2a: Tangrowth|Knock Off|p1a: Scizor
|-damage|p1a: Scizor|62/100
|-enditem|p1a: Scizor|Heavy-Duty Boots|[from] move: Knock Off|[of] p2a: Tangrowth
|
|upkeep
|turn|18
|
|t:|1651427493
|move|p1a: Scizor|Roost|p1a: Scizor
|-heal|p1a: Scizor|100/100
|-singleturn|p1a: Scizor|move: Roost
|move|p2a: Tangrowth|Earthquake|p1a: Scizor
|-damage|p1a: Scizor|81/100
|
|upkeep
|turn|19
|
|t:|1651427500
|switch|p2a: Skarmory|Skarmory, F|72/100
|-damage|p2a: Skarmory|59/100|[from] Stealth Rock
|move|p1a: Scizor|Knock Off|p2a: Skarmory
|-damage|p2a: Skarmory|46/100
|
|upkeep
|turn|20
|c| Gataen42|bonne nuit hein
|c| Nael222|2
|
|t:|1651427512
|switch|p1a: Amoonguss|Amoonguss, M|66/100
|-damage|p1a: Amoonguss|54/100|[from] Stealth Rock
|move|p2a: Skarmory|Roost|p2a: Skarmory
|-heal|p2a: Skarmory|96/100
|-singleturn|p2a: Skarmory|move: Roost
|
|upkeep
|turn|21
|
|t:|1651427517
|switch|p1a: Salamence|Salamence, F|100/100
|-ability|p1a: Salamence|Intimidate|boost
|-unboost|p2a: Skarmory|atk|1
|move|p2a: Skarmory|Body Press|p1a: Salamence
|-resisted|p1a: Salamence
|-crit|p1a: Salamence
|-damage|p1a: Salamence|81/100
|
|upkeep
|turn|22
|
|t:|1651427521
|switch|p2a: Tangrowth|Tangrowth, F|100/100
|-damage|p2a: Tangrowth|88/100|[from] Stealth Rock
|move|p1a: Salamence|Dual Wingbeat|p2a: Tangrowth
|-supereffective|p2a: Tangrowth
|-damage|p2a: Tangrowth|67/100
|-supereffective|p2a: Tangrowth
|-damage|p2a: Tangrowth|43/100
|-hitcount|p2a: Tangrowth|2
|
|upkeep
|turn|23
|l| 9truc9
|
|t:|1651427534
|switch|p2a: Primarina|Primarina, M|100/100
|-damage|p2a: Primarina|88/100|[from] Stealth Rock
|move|p1a: Salamence|Dual Wingbeat|p2a: Primarina
|-damage|p2a: Primarina|71/100
|-damage|p2a: Primarina|53/100
|-hitcount|p2a: Primarina|2
|
|-heal|p2a: Primarina|59/100|[from] item: Leftovers
|upkeep
|turn|24
|l| Nowir
|
|t:|1651427544
|switch|p1a: Chansey|Chansey, F|57/100
|-damage|p1a: Chansey|45/100|[from] Stealth Rock
|move|p2a: Primarina|Rest|p2a: Primarina
|-status|p2a: Primarina|slp|[from] move: Rest
|-heal|p2a: Primarina|100/100 slp|[silent]
|
|upkeep
|turn|25
|
|t:|1651427551
|switch|p2a: Tangrowth|Tangrowth, F|76/100
|-damage|p2a: Tangrowth|64/100|[from] Stealth Rock
|move|p1a: Chansey|Soft-Boiled|p1a: Chansey
|-heal|p1a: Chansey|95/100
|
|upkeep
|turn|26
|
|t:|1651427557
|switch|p1a: Scizor|Scizor, F|81/100
|-damage|p1a: Scizor|68/100|[from] Stealth Rock
|switch|p2a: Primarina|Primarina, M|100/100 slp
|-damage|p2a: Primarina|88/100 slp|[from] Stealth Rock
|
|-heal|p2a: Primarina|94/100 slp|[from] item: Leftovers
|upkeep
|turn|27
|
|t:|1651427574
|switch|p1a: Chansey|Chansey, F|95/100
|-damage|p1a: Chansey|83/100|[from] Stealth Rock
|cant|p2a: Primarina|slp
|move|p2a: Primarina|Snore|p1a: Chansey
|-damage|p1a: Chansey|76/100
|
|-heal|p2a: Primarina|99/100 slp|[from] item: Leftovers
|upkeep
|turn|28
|
|t:|1651427583
|switch|p1a: Amoonguss|Amoonguss, M|87/100
|-damage|p1a: Amoonguss|74/100|[from] Stealth Rock
|cant|p2a: Primarina|slp
|move|p2a: Primarina|Snore|p1a: Amoonguss
|-resisted|p1a: Amoonguss
|-damage|p1a: Amoonguss|69/100
|
|-heal|p2a: Primarina|100/100 slp|[from] item: Leftovers
|upkeep
|turn|29
|
|t:|1651427595
|switch|p2a: Tangrowth|Tangrowth, F|97/100
|-damage|p2a: Tangrowth|85/100|[from] Stealth Rock
|move|p1a: Amoonguss|Sludge Bomb|p2a: Tangrowth
|-supereffective|p2a: Tangrowth
|-damage|p2a: Tangrowth|46/100
|-status|p2a: Tangrowth|psn
|
|-damage|p2a: Tangrowth|34/100 psn|[from] psn
|upkeep
|turn|30
|j| KyogreF4N
|c| SchizoLab|????
|j| Boulicrok
|
|t:|1651427606
|switch|p2a: Skarmory|Skarmory, F|96/100
|-damage|p2a: Skarmory|84/100|[from] Stealth Rock
|switch|p1a: Scizor|Scizor, F|68/100
|-damage|p1a: Scizor|56/100|[from] Stealth Rock
|
|upkeep
|turn|31
|
|t:|1651427610
|move|p2a: Skarmory|Iron Defense|p2a: Skarmory
|-boost|p2a: Skarmory|def|2
|move|p1a: Scizor|Roost|p1a: Scizor
|-heal|p1a: Scizor|100/100
|-singleturn|p1a: Scizor|move: Roost
|
|upkeep
|turn|32
|c| Boulicrok|aller Mimilucha
|
|t:|1651427613
|switch|p1a: Salamence|Salamence, F|81/100
|-ability|p1a: Salamence|Intimidate|boost
|-unboost|p2a: Skarmory|atk|1
|move|p2a: Skarmory|Body Press|p1a: Salamence
|-resisted|p1a: Salamence
|-damage|p1a: Salamence|56/100
|
|upkeep
|turn|33
|j| fraises des bo as
|j| AvocadoInTheFridge
|
|t:|1651427623
|switch|p2a: Zygarde|Zygarde-10%|100/100
|-damage|p2a: Zygarde|94/100|[from] Stealth Rock
|-ability|p2a: Zygarde|Aura Break
|move|p1a: Salamence|Flamethrower|p2a: Zygarde
|-resisted|p2a: Zygarde
|-damage|p2a: Zygarde|80/100
|
|upkeep
|turn|34
|
|t:|1651427632
|switch|p1a: Amoonguss|Amoonguss, M|100/100
|-damage|p1a: Amoonguss|88/100|[from] Stealth Rock
|move|p2a: Zygarde|Thousand Arrows|p1a: Amoonguss
|-damage|p1a: Amoonguss|41/100
|
|upkeep
|turn|35
|j| Bouki
|j| marklanders9
|j| eljabar
|inactive|Mimilucha has 270 seconds left.
|c| Floda Rida|toi mimi tu as pris le rework de la team
|c| Floda Rida|pourêtre moins weak zygarde
|raw|<div class="broadcast-red"><strong>Moderated chat was set to +!</strong><br />Only users of rank + and higher can talk.</div>
|inactive|Mimilucha has 240 seconds left.
|c|☆Moutemoute|azé vous êtes relous à parler
|inactive|Mimilucha has 210 seconds left.
|inactive|Mimilucha has 180 seconds left.
|
|t:|1651427778
|switch|p1a: Salamence|Salamence, F|56/100
|-ability|p1a: Salamence|Intimidate|boost
|-unboost|p2a: Zygarde|atk|1
|move|p2a: Zygarde|Thousand Arrows|p1a: Salamence
|-damage|p1a: Salamence|23/100
|-start|p1a: Salamence|Smack Down
|
|upkeep
|turn|36
|inactive|Mimilucha has 150 seconds left.
|
|t:|1651427815
|switch|p1a: Chansey|Chansey, F|76/100
|-damage|p1a: Chansey|64/100|[from] Stealth Rock
|move|p2a: Zygarde|Thousand Arrows|p1a: Chansey
|-damage|p1a: Chansey|37/100
|
|upkeep
|turn|37
|
|t:|1651427823
|move|p2a: Zygarde|Thousand Arrows|p1a: Chansey
|-damage|p1a: Chansey|11/100
|move|p1a: Chansey|Soft-Boiled|p1a: Chansey
|-heal|p1a: Chansey|61/100
|
|upkeep
|turn|38
|
|t:|1651427829
|switch|p2a: Tangrowth|Tangrowth, F|67/100 psn
|-damage|p2a: Tangrowth|54/100 psn|[from] Stealth Rock
|move|p1a: Chansey|Soft-Boiled|p1a: Chansey
|-heal|p1a: Chansey|100/100
|
|-damage|p2a: Tangrowth|42/100 psn|[from] psn
|upkeep
|turn|39
|inactive|Mimilucha has 150 seconds left.
|
|t:|1651427839
|switch|p1a: Scizor|Scizor, F|100/100
|-damage|p1a: Scizor|88/100|[from] Stealth Rock
|switch|p2a: Primarina|Primarina, M|100/100 slp
|-damage|p2a: Primarina|88/100 slp|[from] Stealth Rock
|
|-heal|p2a: Primarina|94/100 slp|[from] item: Leftovers
|upkeep
|turn|40
|
|t:|1651427847
|-curestatus|p2a: Primarina|slp|[msg]
|move|p2a: Primarina|Calm Mind|p2a: Primarina
|-boost|p2a: Primarina|spa|1
|-boost|p2a: Primarina|spd|1
|move|p1a: Scizor|Knock Off|p2a: Primarina
|-resisted|p2a: Primarina
|-damage|p2a: Primarina|77/100
|-enditem|p2a: Primarina|Leftovers|[from] move: Knock Off|[of] p1a: Scizor
|
|upkeep
|turn|41
|inactive|Mimilucha has 150 seconds left.
|
|t:|1651427878
|switch|p1a: Amoonguss|Amoonguss, M|74/100
|-damage|p1a: Amoonguss|62/100|[from] Stealth Rock
|move|p2a: Primarina|Moonblast|p1a: Amoonguss
|-resisted|p1a: Amoonguss
|-damage|p1a: Amoonguss|45/100
|
|upkeep
|turn|42
|inactive|Moutemoute has 270 seconds left.
|
|t:|1651427912
|switch|p2a: Aegislash|Aegislash, F|87/100
|-damage|p2a: Aegislash|81/100|[from] Stealth Rock
|move|p1a: Amoonguss|Giga Drain|p2a: Aegislash
|-resisted|p2a: Aegislash
|-damage|p2a: Aegislash|73/100
|-heal|p1a: Amoonguss|48/100|[from] drain|[of] p2a: Aegislash
|
|-heal|p2a: Aegislash|79/100|[from] item: Leftovers
|upkeep
|turn|43
|inactive|Mimilucha has 150 seconds left.
|inactive|Moutemoute has 270 seconds left.
|c|☆Moutemoute|oh la variante de merde
|c|☆Moutemoute|ça joue gus qui 1v1 pas cm prim
|
|t:|1651427939
|switch|p2a: Skarmory|Skarmory, F|84/100
|-damage|p2a: Skarmory|71/100|[from] Stealth Rock
|switch|p1a: Chansey|Chansey, F|100/100
|-damage|p1a: Chansey|88/100|[from] Stealth Rock
|
|upkeep
|turn|44
|inactive|Mimilucha has 150 seconds left.
|c|☆Moutemoute|seed bomb givrix
|inactive|Moutemoute has 240 seconds left.
|c|☆Moutemoute|de la même manière qu'on joue power whip sur tang
|c|☆Moutemoute|pour 1v1 sub cm keldeo / prim
|
|t:|1651427990
|switch|p2a: Zygarde|Zygarde-10%|80/100
|-damage|p2a: Zygarde|74/100|[from] Stealth Rock
|-ability|p2a: Zygarde|Aura Break
|switch|p1a: Amoonguss|Amoonguss, M|82/100
|-damage|p1a: Amoonguss|69/100|[from] Stealth Rock
|
|upkeep
|turn|45
|inactive|Moutemoute has 210 seconds left.
|inactive|Mimilucha has 120 seconds left.
|inactive|Mimilucha has 90 seconds left.
|
|t:|1651428053
|move|p2a: Zygarde|Thousand Arrows|p1a: Amoonguss
|-damage|p1a: Amoonguss|19/100
|move|p1a: Amoonguss|Giga Drain|p2a: Zygarde
|-damage|p2a: Zygarde|38/100
|-heal|p1a: Amoonguss|29/100|[from] drain|[of] p2a: Zygarde
|
|upkeep
|turn|46
|inactive|Mimilucha has 90 seconds left.
|
|t:|1651428062
|switch|p1a: Salamence|Salamence, F|23/100
|-ability|p1a: Salamence|Intimidate|boost
|-unboost|p2a: Zygarde|atk|1
|move|p2a: Zygarde|Thousand Arrows|p1a: Salamence
|-damage|p1a: Salamence|0 fnt
|faint|p1a: Salamence
|
|upkeep
|c|☆Moutemoute|1 done
|
|t:|1651428066
|switch|p1a: Scizor|Scizor, F|88/100
|-damage|p1a: Scizor|75/100|[from] Stealth Rock
|turn|47
|
|t:|1651428073
|switch|p2a: Skarmory|Skarmory, F|71/100
|-damage|p2a: Skarmory|59/100|[from] Stealth Rock
|switch|p1a: Skarmory|Skarmory, F|100/100
|-damage|p1a: Skarmory|88/100|[from] Stealth Rock
|
|upkeep
|turn|48
|
|t:|1651428080
|move|p1a: Skarmory|Spikes|p2a: Skarmory
|-sidestart|p2: Moutemoute|Spikes
|move|p2a: Skarmory|Iron Defense|p2a: Skarmory
|-boost|p2a: Skarmory|def|2
|
|upkeep
|turn|49
|
|t:|1651428084
|switch|p1a: Quagsire|Quagsire, M|100/100
|move|p2a: Skarmory|Defog|p1a: Quagsire
|-unboost|p1a: Quagsire|evasion|1
|-sideend|p1: Mimilucha|Stealth Rock|[from] move: Defog|[of] p2a: Skarmory
|-sideend|p2: Moutemoute|Spikes|[from] move: Defog|[of] p2a: Skarmory
|-sideend|p2: Moutemoute|Stealth Rock|[from] move: Defog|[of] p2a: Skarmory
|
|upkeep
|turn|50
|inactive|Mimilucha has 120 seconds left.
|
|t:|1651428100
|switch|p2a: Tangrowth|Tangrowth, F|75/100 psn
|move|p1a: Quagsire|Scald|p2a: Tangrowth
|-resisted|p2a: Tangrowth
|-damage|p2a: Tangrowth|69/100 psn
|
|-damage|p2a: Tangrowth|56/100 psn|[from] psn
|upkeep
|turn|51
|
|t:|1651428104
|switch|p2a: Skarmory|Skarmory, F|59/100
|switch|p1a: Scizor|Scizor, F|75/100
|
|upkeep
|turn|52
|
|t:|1651428113
|switch|p1a: Amoonguss|Amoonguss, M|63/100
|move|p2a: Skarmory|Roost|p2a: Skarmory
|-heal|p2a: Skarmory|100/100
|-singleturn|p2a: Skarmory|move: Roost
|
|upkeep
|turn|53
|inactive|Moutemoute has 270 seconds left.
|
|t:|1651428120
|switch|p2a: Chansey|Chansey, F|95/100
|switch|p1a: Chansey|Chansey, F|88/100
|
|upkeep
|turn|54
|
|t:|1651428129
|move|p2a: Chansey|Stealth Rock|p1a: Chansey
|-sidestart|p1: Mimilucha|move: Stealth Rock
|move|p1a: Chansey|Stealth Rock|p2a: Chansey
|-sidestart|p2: Moutemoute|move: Stealth Rock
|
|upkeep
|turn|55
|inactive|Mimilucha has 150 seconds left.
|
|t:|1651428135
|switch|p2a: Aegislash|Aegislash, F|79/100
|-damage|p2a: Aegislash|73/100|[from] Stealth Rock
|switch|p1a: Amoonguss|Amoonguss, M|96/100
|-damage|p1a: Amoonguss|84/100|[from] Stealth Rock
|
|-heal|p2a: Aegislash|79/100|[from] item: Leftovers
|upkeep
|turn|56
|inactive|Mimilucha has 150 seconds left.
|
|t:|1651428167
|move|p2a: Aegislash|King's Shield|p2a: Aegislash
|-singleturn|p2a: Aegislash|Protect
|move|p1a: Amoonguss|Stomping Tantrum|p2a: Aegislash
|-activate|p2a: Aegislash|move: Protect
|-unboost|p1a: Amoonguss|atk|1
|
|-heal|p2a: Aegislash|85/100|[from] item: Leftovers
|upkeep
|turn|57
|
|t:|1651428170
|switch|p1a: Chansey|Chansey, F|88/100
|-damage|p1a: Chansey|76/100|[from] Stealth Rock
|move|p2a: Aegislash|Substitute|p2a: Aegislash
|-start|p2a: Aegislash|Substitute
|-damage|p2a: Aegislash|60/100
|
|-heal|p2a: Aegislash|66/100|[from] item: Leftovers
|upkeep
|turn|58
|
|t:|1651428174
|switch|p1a: Amoonguss|Amoonguss, M|100/100
|-damage|p1a: Amoonguss|88/100|[from] Stealth Rock
|-formechange|p2a: Aegislash|Aegislash-Blade||[from] ability: Stance Change
|move|p2a: Aegislash|Shadow Ball|p1a: Amoonguss
|-damage|p1a: Amoonguss|66/100
|
|-heal|p2a: Aegislash|72/100|[from] item: Leftovers
|upkeep
|turn|59
|
|t:|1651428178
|switch|p1a: Chansey|Chansey, F|76/100
|-damage|p1a: Chansey|63/100|[from] Stealth Rock
|move|p2a: Aegislash|Shadow Ball|p1a: Chansey
|-immune|p1a: Chansey
|
|-heal|p2a: Aegislash|79/100|[from] item: Leftovers
|upkeep
|turn|60
|
|t:|1651428180
|move|p2a: Aegislash|Toxic|p1a: Chansey
|-status|p1a: Chansey|tox
|move|p1a: Chansey|Soft-Boiled|p1a: Chansey
|-heal|p1a: Chansey|100/100 tox
|
|-heal|p2a: Aegislash|85/100|[from] item: Leftovers
|-damage|p1a: Chansey|94/100 tox|[from] psn
|upkeep
|turn|61
|
|t:|1651428184
|move|p2a: Aegislash|Shadow Ball|p1a: Chansey
|-immune|p1a: Chansey
|move|p1a: Chansey|Seismic Toss|p2a: Aegislash
|-immune|p2a: Aegislash
|
|-heal|p2a: Aegislash|91/100|[from] item: Leftovers
|-damage|p1a: Chansey|82/100 tox|[from] psn
|upkeep
|turn|62
|
|t:|1651428187
|-curestatus|p1a: Chansey|tox|[from] ability: Natural Cure
|switch|p1a: Amoonguss|Amoonguss, M|99/100
|-damage|p1a: Amoonguss|87/100|[from] Stealth Rock
|move|p2a: Aegislash|Shadow Ball|p1a: Amoonguss
|-damage|p1a: Amoonguss|62/100
|
|-heal|p2a: Aegislash|97/100|[from] item: Leftovers
|upkeep
|turn|63
|
|t:|1651428202
|move|p2a: Aegislash|Shadow Ball|p1a: Amoonguss
|-damage|p1a: Amoonguss|40/100
|move|p1a: Amoonguss|Foul Play|p2a: Aegislash
|-supereffective|p2a: Aegislash
|-end|p2a: Aegislash|Substitute
|
|-heal|p2a: Aegislash|100/100|[from] item: Leftovers
|upkeep
|turn|64
|inactive|Mimilucha has 210 seconds left.
|
|t:|1651428225
|switch|p2a: Primarina|Primarina, M|77/100
|-damage|p2a: Primarina|65/100|[from] Stealth Rock
|switch|p1a: Chansey|Chansey, F|82/100
|-damage|p1a: Chansey|70/100|[from] Stealth Rock
|
|upkeep
|turn|65
|
|t:|1651428233
|move|p2a: Primarina|Calm Mind|p2a: Primarina
|-boost|p2a: Primarina|spa|1
|-boost|p2a: Primarina|spd|1
|move|p1a: Chansey|Seismic Toss|p2a: Primarina
|-damage|p2a: Primarina|37/100
|
|upkeep
|turn|66
|
|t:|1651428241
|move|p2a: Primarina|Calm Mind|p2a: Primarina
|-boost|p2a: Primarina|spa|1
|-boost|p2a: Primarina|spd|1
|move|p1a: Chansey|Seismic Toss|p2a: Primarina
|-damage|p2a: Primarina|10/100
|
|upkeep
|turn|67
|
|t:|1651428246
|switch|p1a: Amoonguss|Amoonguss, M|73/100
|-damage|p1a: Amoonguss|60/100|[from] Stealth Rock
|move|p2a: Primarina|Rest|p2a: Primarina
|-status|p2a: Primarina|slp|[from] move: Rest
|-heal|p2a: Primarina|100/100 slp|[silent]
|
|upkeep
|turn|68
|
|t:|1651428254
|cant|p2a: Primarina|slp
|move|p2a: Primarina|Snore|p1a: Amoonguss
|-resisted|p1a: Amoonguss
|-damage|p1a: Amoonguss|48/100
|cant|p1a: Amoonguss|flinch
|
|upkeep
|turn|69
|
|t:|1651428262
|switch|p1a: Quagsire|Quagsire, M|100/100
|cant|p2a: Primarina|slp
|move|p2a: Primarina|Snore|p1a: Quagsire
|-damage|p1a: Quagsire|82/100
|
|upkeep
|turn|70
|
|t:|1651428274
|-curestatus|p2a: Primarina|slp|[msg]
|move|p2a: Primarina|Moonblast|p1a: Quagsire
|-damage|p1a: Quagsire|49/100
|move|p1a: Quagsire|Recover|p1a: Quagsire
|-heal|p1a: Quagsire|99/100
|
|upkeep
|turn|71
|
|t:|1651428281
|move|p2a: Primarina|Moonblast|p1a: Quagsire
|-damage|p1a: Quagsire|67/100
|move|p1a: Quagsire|Haze|p1a: Quagsire
|-clearallboost
|
|upkeep
|turn|72
|
|t:|1651428287
|move|p2a: Primarina|Calm Mind|p2a: Primarina
|-boost|p2a: Primarina|spa|1
|-boost|p2a: Primarina|spd|1
|move|p1a: Quagsire|Recover|p1a: Quagsire
|-heal|p1a: Quagsire|100/100
|
|upkeep
|turn|73
|
|t:|1651428289
|move|p2a: Primarina|Moonblast|p1a: Quagsire
|-damage|p1a: Quagsire|68/100
|move|p1a: Quagsire|Toxic|p2a: Primarina
|-status|p2a: Primarina|tox
|
|-damage|p2a: Primarina|94/100 tox|[from] psn
|upkeep
|turn|74
|
|t:|1651428295
|move|p2a: Primarina|Moonblast|p1a: Quagsire
|-crit|p1a: Quagsire
|-damage|p1a: Quagsire|20/100
|move|p1a: Quagsire|Recover|p1a: Quagsire
|-heal|p1a: Quagsire|70/100
|
|-damage|p2a: Primarina|82/100 tox|[from] psn
|upkeep
|turn|75
|
|t:|1651428299
|move|p2a: Primarina|Moonblast|p1a: Quagsire
|-damage|p1a: Quagsire|40/100
|-unboost|p1a: Quagsire|spa|1
|move|p1a: Quagsire|Recover|p1a: Quagsire
|-heal|p1a: Quagsire|90/100
|
|-damage|p2a: Primarina|64/100 tox|[from] psn
|upkeep
|turn|76
|
|t:|1651428303
|switch|p1a: Amoonguss|Amoonguss, M|81/100
|-damage|p1a: Amoonguss|69/100|[from] Stealth Rock
|move|p2a: Primarina|Rest|p2a: Primarina
|-status|p2a: Primarina|slp|[from] move: Rest
|-heal|p2a: Primarina|100/100 slp|[silent]
|
|upkeep
|turn|77
|
|t:|1651428322
|switch|p2a: Aegislash|Aegislash, F|100/100
|-damage|p2a: Aegislash|94/100|[from] Stealth Rock
|move|p1a: Amoonguss|Sludge Bomb|p2a: Aegislash
|-immune|p2a: Aegislash
|
|-heal|p2a: Aegislash|100/100|[from] item: Leftovers
|upkeep
|turn|78
|
|t:|1651428330
|switch|p1a: Chansey|Chansey, F|70/100
|-damage|p1a: Chansey|57/100|[from] Stealth Rock
|move|p2a: Aegislash|Substitute|p2a: Aegislash
|-start|p2a: Aegislash|Substitute
|-damage|p2a: Aegislash|75/100
|
|-heal|p2a: Aegislash|82/100|[from] item: Leftovers
|upkeep
|turn|79
|
|t:|1651428333
|move|p2a: Aegislash|Toxic|p1a: Chansey
|-status|p1a: Chansey|tox
|move|p1a: Chansey|Soft-Boiled|p1a: Chansey
|-heal|p1a: Chansey|100/100 tox
|
|-heal|p2a: Aegislash|88/100|[from] item: Leftovers
|-damage|p1a: Chansey|94/100 tox|[from] psn
|upkeep
|turn|80
|
|t:|1651428337
|-curestatus|p1a: Chansey|tox|[from] ability: Natural Cure
|switch|p1a: Amoonguss|Amoonguss, M|100/100
|-damage|p1a: Amoonguss|88/100|[from] Stealth Rock
|-formechange|p2a: Aegislash|Aegislash-Blade||[from] ability: Stance Change
|move|p2a: Aegislash|Shadow Ball|p1a: Amoonguss
|-damage|p1a: Amoonguss|64/100
|
|-heal|p2a: Aegislash|94/100|[from] item: Leftovers
|upkeep
|turn|81
|
|t:|1651428351
|switch|p1a: Chansey|Chansey, F|94/100
|-damage|p1a: Chansey|82/100|[from] Stealth Rock
|move|p2a: Aegislash|Shadow Ball|p1a: Chansey
|-immune|p1a: Chansey
|
|-heal|p2a: Aegislash|99/100|[from] item: Leftovers
|upkeep
|turn|82
|
|t:|1651428354
|switch|p2a: Skarmory|Skarmory, F|100/100
|-damage|p2a: Skarmory|88/100|[from] Stealth Rock
|switch|p1a: Amoonguss|Amoonguss, M|98/100
|-damage|p1a: Amoonguss|85/100|[from] Stealth Rock
|
|upkeep
|turn|83
|
|t:|1651428361
|switch|p1a: Quagsire|Quagsire, M|90/100
|move|p2a: Skarmory|Body Press|p1a: Quagsire
|-damage|p1a: Quagsire|60/100
|
|upkeep
|turn|84
|
|t:|1651428367
|move|p2a: Skarmory|Body Press|p1a: Quagsire
|-damage|p1a: Quagsire|27/100
|move|p1a: Quagsire|Recover|p1a: Quagsire
|-heal|p1a: Quagsire|77/100
|
|upkeep
|turn|85
|
|t:|1651428372
|switch|p2a: Tangrowth|Tangrowth, F|89/100 psn
|-damage|p2a: Tangrowth|77/100 psn|[from] Stealth Rock
|move|p1a: Quagsire|Scald|p2a: Tangrowth
|-resisted|p2a: Tangrowth
|-damage|p2a: Tangrowth|70/100 psn
|
|-damage|p2a: Tangrowth|57/100 psn|[from] psn
|upkeep
|turn|86
|
|t:|1651428385
|switch|p2a: Skarmory|Skarmory, F|88/100
|-damage|p2a: Skarmory|76/100|[from] Stealth Rock
|switch|p1a: Skarmory|Skarmory, F|88/100
|-damage|p1a: Skarmory|76/100|[from] Stealth Rock
|
|upkeep
|turn|87
|
|t:|1651428389
|move|p1a: Skarmory|Iron Defense|p1a: Skarmory
|-boost|p1a: Skarmory|def|2
|move|p2a: Skarmory|Iron Defense|p2a: Skarmory
|-boost|p2a: Skarmory|def|2
|
|upkeep
|turn|88
|
|t:|1651428394
|move|p1a: Skarmory|Spikes|p2a: Skarmory
|-sidestart|p2: Moutemoute|Spikes
|move|p2a: Skarmory|Body Press|p1a: Skarmory
|-damage|p1a: Skarmory|56/100
|-damage|p2a: Skarmory|59/100|[from] item: Rocky Helmet|[of] p1a: Skarmory
|
|upkeep
|turn|89
|
|t:|1651428398
|move|p1a: Skarmory|Roost|p1a: Skarmory
|-heal|p1a: Skarmory|100/100
|-singleturn|p1a: Skarmory|move: Roost
|move|p2a: Skarmory|Defog|p1a: Skarmory
|-unboost|p1a: Skarmory|evasion|1
|-sideend|p1: Mimilucha|Stealth Rock|[from] move: Defog|[of] p2a: Skarmory
|-sideend|p2: Moutemoute|Spikes|[from] move: Defog|[of] p2a: Skarmory
|-sideend|p2: Moutemoute|Stealth Rock|[from] move: Defog|[of] p2a: Skarmory
|
|upkeep
|turn|90
|
|t:|1651428424
|switch|p1a: Quagsire|Quagsire, M|77/100
|move|p2a: Skarmory|Iron Defense|p2a: Skarmory
|-boost|p2a: Skarmory|def|2
|
|upkeep
|turn|91
|
|t:|1651428429
|move|p2a: Skarmory|Body Press|p1a: Quagsire
|-damage|p1a: Quagsire|43/100
|move|p1a: Quagsire|Scald|p2a: Skarmory
|-damage|p2a: Skarmory|34/100
|-status|p2a: Skarmory|brn
|
|-damage|p2a: Skarmory|27/100 brn|[from] brn
|upkeep
|turn|92
|c|☆Moutemoute|bruh
|
|t:|1651428438
|move|p2a: Skarmory|Roost|p2a: Skarmory
|-heal|p2a: Skarmory|77/100 brn
|-singleturn|p2a: Skarmory|move: Roost
|move|p1a: Quagsire|Recover|p1a: Quagsire
|-heal|p1a: Quagsire|93/100
|
|-damage|p2a: Skarmory|71/100 brn|[from] brn
|upkeep
|turn|93
|
|t:|1651428443
|switch|p2a: Chansey|Chansey, F|95/100
|switch|p1a: Amoonguss|Amoonguss, M|100/100
|
|upkeep
|turn|94
|
|t:|1651428447
|switch|p1a: Skarmory|Skarmory, F|100/100
|move|p2a: Chansey|Stealth Rock|p1a: Skarmory
|-sidestart|p1: Mimilucha|move: Stealth Rock
|
|upkeep
|turn|95
|
|t:|1651428450
|switch|p2a: Aegislash|Aegislash, F|99/100
|move|p1a: Skarmory|Spikes|p2a: Aegislash
|-sidestart|p2: Moutemoute|Spikes
|
|-heal|p2a: Aegislash|100/100|[from] item: Leftovers
|upkeep
|turn|96
|
|t:|1651428458
|switch|p2a: Zygarde|Zygarde-10%|38/100
|-damage|p2a: Zygarde|25/100|[from] Spikes
|-ability|p2a: Zygarde|Aura Break
|switch|p1a: Amoonguss|Amoonguss, M|100/100
|-damage|p1a: Amoonguss|88/100|[from] Stealth Rock
|
|upkeep
|turn|97
|
|t:|1651428467
|switch|p2a: Aegislash|Aegislash, F|100/100
|-damage|p2a: Aegislash|88/100|[from] Spikes
|move|p1a: Amoonguss|Foul Play|p2a: Aegislash
|-supereffective|p2a: Aegislash
|-damage|p2a: Aegislash|73/100
|
|-heal|p2a: Aegislash|80/100|[from] item: Leftovers
|upkeep
|turn|98
|
|t:|1651428476
|switch|p2a: Skarmory|Skarmory, F|71/100 brn
|move|p1a: Amoonguss|Foul Play|p2a: Skarmory
|-damage|p2a: Skarmory|63/100 brn
|
|-damage|p2a: Skarmory|57/100 brn|[from] brn
|upkeep
|turn|99
|
|t:|1651428485
|switch|p1a: Scizor|Scizor, F|75/100
|-damage|p1a: Scizor|63/100|[from] Stealth Rock
|move|p2a: Skarmory|Defog|p1a: Scizor
|-unboost|p1a: Scizor|evasion|1
|-sideend|p1: Mimilucha|Stealth Rock|[from] move: Defog|[of] p2a: Skarmory
|-sideend|p2: Moutemoute|Spikes|[from] move: Defog|[of] p2a: Skarmory
|
|-damage|p2a: Skarmory|50/100 brn|[from] brn
|upkeep
|turn|100
|
|t:|1651428489
|move|p2a: Skarmory|Roost|p2a: Skarmory
|-heal|p2a: Skarmory|100/100 brn
|-singleturn|p2a: Skarmory|move: Roost
|move|p1a: Scizor|Roost|p1a: Scizor
|-heal|p1a: Scizor|100/100
|-singleturn|p1a: Scizor|move: Roost
|
|-damage|p2a: Skarmory|94/100 brn|[from] brn
|upkeep
|turn|101
|
|t:|1651428494
|switch|p2a: Primarina|Primarina, M|100/100 slp
|switch|p1a: Amoonguss|Amoonguss, M|100/100
|
|upkeep
|turn|102
|
|t:|1651428501
|switch|p2a: Chansey|Chansey, F|95/100
|switch|p1a: Chansey|Chansey, F|82/100
|
|upkeep
|turn|103
|
|t:|1651428508
|switch|p1a: Skarmory|Skarmory, F|100/100
|move|p2a: Chansey|Stealth Rock|p1a: Skarmory
|-sidestart|p1: Mimilucha|move: Stealth Rock
|
|upkeep
|turn|104
|
|t:|1651428512
|switch|p2a: Aegislash|Aegislash, F|80/100
|move|p1a: Skarmory|Spikes|p2a: Aegislash
|-sidestart|p2: Moutemoute|Spikes
|
|-heal|p2a: Aegislash|86/100|[from] item: Leftovers
|upkeep
|turn|105
|
|t:|1651428536
|switch|p2a: Skarmory|Skarmory, F|94/100 brn
|switch|p1a: Amoonguss|Amoonguss, M|100/100
|-damage|p1a: Amoonguss|88/100|[from] Stealth Rock
|
|-damage|p2a: Skarmory|88/100 brn|[from] brn
|upkeep
|turn|106
|
|t:|1651428547
|switch|p2a: Primarina|Primarina, M|100/100 slp
|-damage|p2a: Primarina|88/100 slp|[from] Spikes
|move|p1a: Amoonguss|Sludge Bomb|p2a: Primarina
|-supereffective|p2a: Primarina
|-damage|p2a: Primarina|44/100 slp
|
|upkeep
|turn|107
|
|t:|1651428557
|switch|p2a: Aegislash|Aegislash, F|86/100
|-damage|p2a: Aegislash|73/100|[from] Spikes
|move|p1a: Amoonguss|Sludge Bomb|p2a: Aegislash
|-immune|p2a: Aegislash
|
|-heal|p2a: Aegislash|80/100|[from] item: Leftovers
|upkeep
|turn|108
|c|☆Moutemoute|ptin les play n'ont aucun sens
|
|t:|1651428563
|switch|p1a: Chansey|Chansey, F|82/100
|-damage|p1a: Chansey|70/100|[from] Stealth Rock
|move|p2a: Aegislash|Substitute|p2a: Aegislash
|-start|p2a: Aegislash|Substitute
|-damage|p2a: Aegislash|55/100
|
|-heal|p2a: Aegislash|61/100|[from] item: Leftovers
|upkeep
|turn|109
|
|t:|1651428571
|-formechange|p2a: Aegislash|Aegislash-Blade||[from] ability: Stance Change
|move|p2a: Aegislash|Shadow Ball|p1a: Chansey
|-immune|p1a: Chansey
|move|p1a: Chansey|Stealth Rock|p2a: Aegislash
|-sidestart|p2: Moutemoute|move: Stealth Rock
|
|-heal|p2a: Aegislash|67/100|[from] item: Leftovers
|upkeep
|turn|110
|c|+Dlanyer|ça se passe bien le M1 moute btw ?
|
|t:|1651428575
|switch|p2a: Skarmory|Skarmory, F|88/100 brn
|-damage|p2a: Skarmory|76/100 brn|[from] Stealth Rock
|move|p1a: Chansey|Soft-Boiled|p1a: Chansey
|-heal|p1a: Chansey|100/100
|
|-damage|p2a: Skarmory|69/100 brn|[from] brn
|upkeep
|turn|111
|c|☆Moutemoute|ça va
|
|t:|1651428592
|switch|p1a: Skarmory|Skarmory, F|100/100
|-damage|p1a: Skarmory|88/100|[from] Stealth Rock
|move|p2a: Skarmory|Defog|p1a: Skarmory
|-unboost|p1a: Skarmory|evasion|1
|-sideend|p1: Mimilucha|Stealth Rock|[from] move: Defog|[of] p2a: Skarmory
|-sideend|p2: Moutemoute|Spikes|[from] move: Defog|[of] p2a: Skarmory
|-sideend|p2: Moutemoute|Stealth Rock|[from] move: Defog|[of] p2a: Skarmory
|
|-damage|p2a: Skarmory|63/100 brn|[from] brn
|upkeep
|turn|112
|
|t:|1651428595
|switch|p2a: Primarina|Primarina, M|44/100 slp
|move|p1a: Skarmory|Spikes|p2a: Primarina
|-sidestart|p2: Moutemoute|Spikes
|
|upkeep
|turn|113
|
|t:|1651428598
|switch|p1a: Chansey|Chansey, F|100/100
|cant|p2a: Primarina|slp
|move|p2a: Primarina|Snore|p1a: Chansey
|-damage|p1a: Chansey|94/100
|
|upkeep
|turn|114
|
|t:|1651428604
|cant|p2a: Primarina|slp
|move|p2a: Primarina|Snore|p1a: Chansey
|-damage|p1a: Chansey|87/100
|cant|p1a: Chansey|flinch
|
|upkeep
|turn|115
|
|t:|1651428607
|-curestatus|p2a: Primarina|slp|[msg]
|move|p2a: Primarina|Calm Mind|p2a: Primarina
|-boost|p2a: Primarina|spa|1
|-boost|p2a: Primarina|spd|1
|move|p1a: Chansey|Seismic Toss|p2a: Primarina
|-damage|p2a: Primarina|16/100
|
|upkeep
|turn|116
|
|t:|1651428611
|move|p2a: Primarina|Rest|p2a: Primarina
|-status|p2a: Primarina|slp|[from] move: Rest
|-heal|p2a: Primarina|100/100 slp|[silent]
|move|p1a: Chansey|Seismic Toss|p2a: Primarina
|-damage|p2a: Primarina|73/100 slp
|
|upkeep
|turn|117
|
|t:|1651428613
|cant|p2a: Primarina|slp
|move|p2a: Primarina|Snore|p1a: Chansey
|-damage|p1a: Chansey|77/100
|move|p1a: Chansey|Seismic Toss|p2a: Primarina
|-damage|p2a: Primarina|46/100 slp
|
|upkeep
|turn|118
|
|t:|1651428620
|cant|p2a: Primarina|slp
|move|p2a: Primarina|Snore|p1a: Chansey
|-damage|p1a: Chansey|68/100
|move|p1a: Chansey|Stealth Rock|p2a: Primarina
|-sidestart|p2: Moutemoute|move: Stealth Rock
|
|upkeep
|turn|119
|
|t:|1651428626
|-curestatus|p2a: Primarina|slp|[msg]
|move|p2a: Primarina|Calm Mind|p2a: Primarina
|-boost|p2a: Primarina|spa|1
|-boost|p2a: Primarina|spd|1
|move|p1a: Chansey|Seismic Toss|p2a: Primarina
|-damage|p2a: Primarina|18/100
|
|upkeep
|turn|120
|
|t:|1651428631
|switch|p1a: Quagsire|Quagsire, M|93/100
|move|p2a: Primarina|Rest|p2a: Primarina
|-status|p2a: Primarina|slp|[from] move: Rest
|-heal|p2a: Primarina|100/100 slp|[silent]
|
|upkeep
|turn|121
|
|t:|1651428636
|cant|p2a: Primarina|slp
|move|p2a: Primarina|Snore|p1a: Quagsire
|-damage|p1a: Quagsire|75/100
|cant|p1a: Quagsire|flinch
|
|upkeep
|turn|122
|
|t:|1651428641
|cant|p2a: Primarina|slp
|move|p2a: Primarina|Snore|p1a: Quagsire
|-damage|p1a: Quagsire|56/100
|move|p1a: Quagsire|Recover|p1a: Quagsire
|-heal|p1a: Quagsire|100/100
|
|upkeep
|turn|123
|
|t:|1651428648
|-curestatus|p2a: Primarina|slp|[msg]
|move|p2a: Primarina|Moonblast|p1a: Quagsire
|-damage|p1a: Quagsire|67/100
|move|p1a: Quagsire|Toxic|p2a: Primarina
|-status|p2a: Primarina|tox
|
|-damage|p2a: Primarina|94/100 tox|[from] psn
|upkeep
|turn|124
|
|t:|1651428653
|move|p2a: Primarina|Moonblast|p1a: Quagsire
|-damage|p1a: Quagsire|33/100
|move|p1a: Quagsire|Recover|p1a: Quagsire
|-heal|p1a: Quagsire|83/100
|
|-damage|p2a: Primarina|82/100 tox|[from] psn
|upkeep
|turn|125
|
|t:|1651428657
|switch|p1a: Amoonguss|Amoonguss, M|100/100
|move|p2a: Primarina|Moonblast|p1a: Amoonguss
|-resisted|p1a: Amoonguss
|-damage|p1a: Amoonguss|80/100
|
|-damage|p2a: Primarina|64/100 tox|[from] psn
|upkeep
|turn|126
|
|t:|1651428663
|move|p2a: Primarina|Calm Mind|p2a: Primarina
|-boost|p2a: Primarina|spa|1
|-boost|p2a: Primarina|spd|1
|move|p1a: Amoonguss|Sludge Bomb|p2a: Primarina
|-supereffective|p2a: Primarina
|-damage|p2a: Primarina|47/100 tox
|
|-damage|p2a: Primarina|23/100 tox|[from] psn
|upkeep
|turn|127
|
|t:|1651428668
|switch|p1a: Quagsire|Quagsire, M|83/100
|move|p2a: Primarina|Rest|p2a: Primarina
|-status|p2a: Primarina|slp|[from] move: Rest
|-heal|p2a: Primarina|100/100 slp|[silent]
|
|upkeep
|turn|128
|
|t:|1651428670
|cant|p2a: Primarina|slp
|move|p2a: Primarina|Snore|p1a: Quagsire
|-damage|p1a: Quagsire|65/100
|move|p1a: Quagsire|Haze|p1a: Quagsire
|-clearallboost
|
|upkeep
|turn|129
|
|t:|1651428679
|switch|p2a: Skarmory|Skarmory, F|63/100 brn
|-damage|p2a: Skarmory|51/100 brn|[from] Stealth Rock
|switch|p1a: Chansey|Chansey, F|68/100
|
|-damage|p2a: Skarmory|44/100 brn|[from] brn
|upkeep
|turn|130
|
|t:|1651428683
|move|p2a: Skarmory|Roost|p2a: Skarmory
|-heal|p2a: Skarmory|95/100 brn
|-singleturn|p2a: Skarmory|move: Roost
|move|p1a: Chansey|Seismic Toss|p2a: Skarmory
|-damage|p2a: Skarmory|63/100 brn
|
|-damage|p2a: Skarmory|57/100 brn|[from] brn
|upkeep
|turn|131
|
|t:|1651428685
|move|p2a: Skarmory|Defog|p1a: Chansey
|-unboost|p1a: Chansey|evasion|1
|-sideend|p2: Moutemoute|Spikes|[from] move: Defog|[of] p2a: Skarmory
|-sideend|p2: Moutemoute|Stealth Rock|[from] move: Defog|[of] p2a: Skarmory
|move|p1a: Chansey|Seismic Toss|p2a: Skarmory
|-damage|p2a: Skarmory|26/100 brn
|
|-damage|p2a: Skarmory|20/100 brn|[from] brn
|upkeep
|turn|132
|
|t:|1651428688
|move|p2a: Skarmory|Roost|p2a: Skarmory
|-heal|p2a: Skarmory|70/100 brn
|-singleturn|p2a: Skarmory|move: Roost
|move|p1a: Chansey|Seismic Toss|p2a: Skarmory
|-damage|p2a: Skarmory|39/100 brn
|
|-damage|p2a: Skarmory|33/100 brn|[from] brn
|upkeep
|turn|133
|
|t:|1651428693
|move|p2a: Skarmory|Roost|p2a: Skarmory
|-heal|p2a: Skarmory|83/100 brn
|-singleturn|p2a: Skarmory|move: Roost
|move|p1a: Chansey|Seismic Toss|p2a: Skarmory
|-damage|p2a: Skarmory|52/100 brn
|
|-damage|p2a: Skarmory|45/100 brn|[from] brn
|upkeep
|turn|134
|
|t:|1651428699
|move|p2a: Skarmory|Body Press|p1a: Chansey
|-supereffective|p1a: Chansey
|-damage|p1a: Chansey|46/100
|move|p1a: Chansey|Seismic Toss|p2a: Skarmory
|-damage|p2a: Skarmory|14/100 brn
|
|-damage|p2a: Skarmory|8/100 brn|[from] brn
|upkeep
|turn|135
|
|t:|1651428702
|move|p2a: Skarmory|Roost|p2a: Skarmory
|-heal|p2a: Skarmory|58/100 brn
|-singleturn|p2a: Skarmory|move: Roost
|move|p1a: Chansey|Soft-Boiled|p1a: Chansey
|-heal|p1a: Chansey|97/100
|
|-damage|p2a: Skarmory|52/100 brn|[from] brn
|upkeep
|turn|136
|
|t:|1651428705
|move|p2a: Skarmory|Roost|p2a: Skarmory
|-heal|p2a: Skarmory|100/100 brn
|-singleturn|p2a: Skarmory|move: Roost
|move|p1a: Chansey|Stealth Rock|p2a: Skarmory
|-sidestart|p2: Moutemoute|move: Stealth Rock
|
|-damage|p2a: Skarmory|94/100 brn|[from] brn
|upkeep
|turn|137
|
|t:|1651428707
|move|p2a: Skarmory|Defog|p1a: Chansey
|-unboost|p1a: Chansey|evasion|1
|-sideend|p2: Moutemoute|Stealth Rock|[from] move: Defog|[of] p2a: Skarmory
|move|p1a: Chansey|Seismic Toss|p2a: Skarmory
|-damage|p2a: Skarmory|63/100 brn
|
|-damage|p2a: Skarmory|57/100 brn|[from] brn
|upkeep
|turn|138
|
|t:|1651428714
|switch|p2a: Chansey|Chansey, F|95/100
|move|p1a: Chansey|Stealth Rock|p2a: Chansey
|-sidestart|p2: Moutemoute|move: Stealth Rock
|
|upkeep
|turn|139
|
|t:|1651428717
|switch|p1a: Skarmory|Skarmory, F|88/100
|move|p2a: Chansey|Stealth Rock|p1a: Skarmory
|-sidestart|p1: Mimilucha|move: Stealth Rock
|
|upkeep
|turn|140
|
|t:|1651428730
|switch|p2a: Tangrowth|Tangrowth, F|90/100 psn
|-damage|p2a: Tangrowth|78/100 psn|[from] Stealth Rock
|move|p1a: Skarmory|Spikes|p2a: Tangrowth
|-sidestart|p2: Moutemoute|Spikes
|
|-damage|p2a: Tangrowth|66/100 psn|[from] psn
|upkeep
|turn|141
|
|t:|1651428737
|switch|p1a: Scizor|Scizor, F|100/100
|-damage|p1a: Scizor|88/100|[from] Stealth Rock
|switch|p2a: Skarmory|Skarmory, F|57/100 brn
|-damage|p2a: Skarmory|44/100 brn|[from] Stealth Rock
|
|-damage|p2a: Skarmory|38/100 brn|[from] brn
|upkeep
|turn|142
|
|t:|1651428741
|move|p2a: Skarmory|Defog|p1a: Scizor
|-unboost|p1a: Scizor|evasion|1
|-sideend|p1: Mimilucha|Stealth Rock|[from] move: Defog|[of] p2a: Skarmory
|-sideend|p2: Moutemoute|Spikes|[from] move: Defog|[of] p2a: Skarmory
|-sideend|p2: Moutemoute|Stealth Rock|[from] move: Defog|[of] p2a: Skarmory
|move|p1a: Scizor|Swords Dance|p1a: Scizor
|-boost|p1a: Scizor|atk|2
|
|-damage|p2a: Skarmory|32/100 brn|[from] brn
|upkeep
|turn|143
|
|t:|1651428747
|move|p2a: Skarmory|Roost|p2a: Skarmory
|-heal|p2a: Skarmory|82/100 brn
|-singleturn|p2a: Skarmory|move: Roost
|move|p1a: Scizor|Knock Off|p2a: Skarmory
|-damage|p2a: Skarmory|56/100 brn
|
|-damage|p2a: Skarmory|50/100 brn|[from] brn
|upkeep
|turn|144
|
|t:|1651428750
|move|p2a: Skarmory|Iron Defense|p2a: Skarmory
|-boost|p2a: Skarmory|def|2
|move|p1a: Scizor|Knock Off|p2a: Skarmory
|-damage|p2a: Skarmory|34/100 brn
|
|-damage|p2a: Skarmory|28/100 brn|[from] brn
|upkeep
|turn|145
|
|t:|1651428756
|switch|p1a: Skarmory|Skarmory, F|88/100
|move|p2a: Skarmory|Roost|p2a: Skarmory
|-heal|p2a: Skarmory|78/100 brn
|-singleturn|p2a: Skarmory|move: Roost
|
|-damage|p2a: Skarmory|72/100 brn|[from] brn
|upkeep
|turn|146
|
|t:|1651428768
|switch|p2a: Primarina|Primarina, M|100/100 slp
|move|p1a: Skarmory|Spikes|p2a: Primarina
|-sidestart|p2: Moutemoute|Spikes
|
|upkeep
|turn|147
|
|t:|1651428773
|switch|p1a: Chansey|Chansey, F|97/100
|cant|p2a: Primarina|slp
|
|upkeep
|turn|148
|
|t:|1651428779
|-curestatus|p2a: Primarina|slp|[msg]
|move|p2a: Primarina|Calm Mind|p2a: Primarina
|-boost|p2a: Primarina|spa|1
|-boost|p2a: Primarina|spd|1
|move|p1a: Chansey|Seismic Toss|p2a: Primarina
|-damage|p2a: Primarina|73/100
|
|upkeep
|turn|149
|
|t:|1651428781
|move|p2a: Primarina|Calm Mind|p2a: Primarina
|-boost|p2a: Primarina|spa|1
|-boost|p2a: Primarina|spd|1
|move|p1a: Chansey|Seismic Toss|p2a: Primarina
|-damage|p2a: Primarina|46/100
|
|upkeep
|turn|150
|
|t:|1651428785
|move|p2a: Primarina|Calm Mind|p2a: Primarina
|-boost|p2a: Primarina|spa|1
|-boost|p2a: Primarina|spd|1
|move|p1a: Chansey|Seismic Toss|p2a: Primarina
|-damage|p2a: Primarina|18/100
|
|upkeep
|turn|151
|
|t:|1651428795
|move|p2a: Primarina|Rest|p2a: Primarina
|-status|p2a: Primarina|slp|[from] move: Rest
|-heal|p2a: Primarina|100/100 slp|[silent]
|move|p1a: Chansey|Seismic Toss|p2a: Primarina
|-damage|p2a: Primarina|73/100 slp
|
|upkeep
|turn|152
|
|t:|1651428806
|cant|p2a: Primarina|slp
|move|p1a: Chansey|Seismic Toss|p2a: Primarina
|-damage|p2a: Primarina|46/100 slp
|
|upkeep
|turn|153
|
|t:|1651428812
|cant|p2a: Primarina|slp
|move|p2a: Primarina|Snore|p1a: Chansey
|-damage|p1a: Chansey|81/100
|cant|p1a: Chansey|flinch
|
|upkeep
|turn|154
|
|t:|1651428816
|-curestatus|p2a: Primarina|slp|[msg]
|move|p2a: Primarina|Calm Mind|p2a: Primarina
|-boost|p2a: Primarina|spa|1
|-boost|p2a: Primarina|spd|1
|move|p1a: Chansey|Seismic Toss|p2a: Primarina
|-damage|p2a: Primarina|18/100
|
|upkeep
|turn|155
|
|t:|1651428819
|switch|p1a: Quagsire|Quagsire, M|65/100
|move|p2a: Primarina|Rest|p2a: Primarina
|-status|p2a: Primarina|slp|[from] move: Rest
|-heal|p2a: Primarina|100/100 slp|[silent]
|
|upkeep
|turn|156
|
|t:|1651428822
|cant|p2a: Primarina|slp
|move|p2a: Primarina|Snore|p1a: Quagsire
|-damage|p1a: Quagsire|49/100
|move|p1a: Quagsire|Recover|p1a: Quagsire
|-heal|p1a: Quagsire|99/100
|
|upkeep
|turn|157
|
|t:|1651428827
|cant|p2a: Primarina|slp
|move|p2a: Primarina|Snore|p1a: Quagsire
|-damage|p1a: Quagsire|82/100
|move|p1a: Quagsire|Haze|p1a: Quagsire
|-clearallboost
|
|upkeep
|turn|158
|
|t:|1651428831
|switch|p1a: Amoonguss|Amoonguss, M|100/100
|-curestatus|p2a: Primarina|slp|[msg]
|move|p2a: Primarina|Calm Mind|p2a: Primarina
|-boost|p2a: Primarina|spa|1
|-boost|p2a: Primarina|spd|1
|
|upkeep
|turn|159
|
|t:|1651428834
|move|p2a: Primarina|Calm Mind|p2a: Primarina
|-boost|p2a: Primarina|spa|1
|-boost|p2a: Primarina|spd|1
|move|p1a: Amoonguss|Sludge Bomb|p2a: Primarina
|-supereffective|p2a: Primarina
|-damage|p2a: Primarina|76/100
|-status|p2a: Primarina|psn
|
|-damage|p2a: Primarina|63/100 psn|[from] psn
|upkeep
|turn|160
|
|t:|1651428840
|move|p2a: Primarina|Calm Mind|p2a: Primarina
|-boost|p2a: Primarina|spa|1
|-boost|p2a: Primarina|spd|1
|move|p1a: Amoonguss|Sludge Bomb|p2a: Primarina
|-supereffective|p2a: Primarina
|-damage|p2a: Primarina|43/100 psn
|
|-damage|p2a: Primarina|31/100 psn|[from] psn
|upkeep
|turn|161
|
|t:|1651428844
|switch|p1a: Quagsire|Quagsire, M|82/100
|move|p2a: Primarina|Rest|p2a: Primarina
|-status|p2a: Primarina|slp|[from] move: Rest
|-heal|p2a: Primarina|100/100 slp|[silent]
|
|upkeep
|turn|162
|
|t:|1651428846
|cant|p2a: Primarina|slp
|move|p2a: Primarina|Snore|p1a: Quagsire
|-damage|p1a: Quagsire|64/100
|move|p1a: Quagsire|Haze|p1a: Quagsire
|-clearallboost
|
|upkeep
|turn|163
|
|t:|1651428852
|cant|p2a: Primarina|slp
|move|p1a: Quagsire|Recover|p1a: Quagsire
|-heal|p1a: Quagsire|100/100
|
|upkeep
|turn|164
|
|t:|1651428857
|-curestatus|p2a: Primarina|slp|[msg]
|move|p2a: Primarina|Calm Mind|p2a: Primarina
|-boost|p2a: Primarina|spa|1
|-boost|p2a: Primarina|spd|1
|move|p1a: Quagsire|Toxic|p2a: Primarina
|-status|p2a: Primarina|tox
|
|-damage|p2a: Primarina|94/100 tox|[from] psn
|upkeep
|turn|165
|
|t:|1651428861
|switch|p1a: Amoonguss|Amoonguss, M|100/100
|move|p2a: Primarina|Calm Mind|p2a: Primarina
|-boost|p2a: Primarina|spa|1
|-boost|p2a: Primarina|spd|1
|
|-damage|p2a: Primarina|82/100 tox|[from] psn
|upkeep
|turn|166
|
|t:|1651428866
|move|p2a: Primarina|Calm Mind|p2a: Primarina
|-boost|p2a: Primarina|spa|1
|-boost|p2a: Primarina|spd|1
|move|p1a: Amoonguss|Giga Drain|p2a: Primarina
|-supereffective|p2a: Primarina
|-damage|p2a: Primarina|67/100 tox
|
|-damage|p2a: Primarina|49/100 tox|[from] psn
|upkeep
|turn|167
|
|t:|1651428874
|switch|p1a: Quagsire|Quagsire, M|100/100
|move|p2a: Primarina|Rest|p2a: Primarina
|-status|p2a: Primarina|slp|[from] move: Rest
|-heal|p2a: Primarina|100/100 slp|[silent]
|
|upkeep
|turn|168
|
|t:|1651428877
|cant|p2a: Primarina|slp
|move|p2a: Primarina|Snore|p1a: Quagsire
|-damage|p1a: Quagsire|81/100
|move|p1a: Quagsire|Haze|p1a: Quagsire
|-clearallboost
|
|upkeep
|turn|169
|
|t:|1651428885
|switch|p1a: Amoonguss|Amoonguss, M|100/100
|cant|p2a: Primarina|slp
|
|upkeep
|turn|170
|
|t:|1651428897
|switch|p2a: Chansey|Chansey, F|95/100
|-damage|p2a: Chansey|82/100|[from] Spikes
|move|p1a: Amoonguss|Sludge Bomb|p2a: Chansey
|-damage|p2a: Chansey|69/100
|
|upkeep
|turn|171
|
|t:|1651428906
|switch|p1a: Chansey|Chansey, F|81/100
|move|p2a: Chansey|Stealth Rock|p1a: Chansey
|-sidestart|p1: Mimilucha|move: Stealth Rock
|
|upkeep
|turn|172
|
|t:|1651428923
|move|p2a: Chansey|Toxic|p1a: Chansey
|-status|p1a: Chansey|tox
|move|p1a: Chansey|Stealth Rock|p2a: Chansey
|-sidestart|p2: Moutemoute|move: Stealth Rock
|
|-damage|p1a: Chansey|75/100 tox|[from] psn
|upkeep
|turn|173
|
|t:|1651428928
|switch|p2a: Aegislash|Aegislash, F|67/100
|-damage|p2a: Aegislash|61/100|[from] Stealth Rock
|-damage|p2a: Aegislash|48/100|[from] Spikes
|-curestatus|p1a: Chansey|tox|[from] ability: Natural Cure
|switch|p1a: Scizor|Scizor, F|88/100
|-damage|p1a: Scizor|75/100|[from] Stealth Rock
|
|-heal|p2a: Aegislash|55/100|[from] item: Leftovers
|upkeep
|turn|174
|
|t:|1651428938
|move|p2a: Aegislash|Substitute|p2a: Aegislash
|-start|p2a: Aegislash|Substitute
|-damage|p2a: Aegislash|30/100
|move|p1a: Scizor|Knock Off|p2a: Aegislash
|-supereffective|p2a: Aegislash
|-end|p2a: Aegislash|Substitute
|
|-heal|p2a: Aegislash|36/100|[from] item: Leftovers
|upkeep
|turn|175
|
|t:|1651428943
|-formechange|p2a: Aegislash|Aegislash-Blade||[from] ability: Stance Change
|move|p2a: Aegislash|Shadow Ball|p1a: Scizor
|-damage|p1a: Scizor|25/100
|move|p1a: Scizor|Roost|p1a: Scizor
|-heal|p1a: Scizor|75/100
|-singleturn|p1a: Scizor|move: Roost
|
|-heal|p2a: Aegislash|42/100|[from] item: Leftovers
|upkeep
|turn|176
|
|t:|1651428958
|move|p2a: Aegislash|Substitute|p2a: Aegislash
|-start|p2a: Aegislash|Substitute
|-damage|p2a: Aegislash|17/100
|move|p1a: Scizor|Knock Off|p2a: Aegislash
|-supereffective|p2a: Aegislash
|-end|p2a: Aegislash|Substitute
|
|-heal|p2a: Aegislash|23/100|[from] item: Leftovers
|upkeep
|turn|177
|
|t:|1651428966
|move|p2a: Aegislash|Shadow Ball|p1a: Scizor
|-crit|p1a: Scizor
|-damage|p1a: Scizor|0 fnt
|faint|p1a: Scizor
|
|-heal|p2a: Aegislash|29/100|[from] item: Leftovers
|upkeep
|c|☆Moutemoute|j'ai un peu envie de dire
|c|☆Moutemoute|ptin
|c|☆Mimilucha|je l'attendais celle là
|
|t:|1651428986
|switch|p1a: Amoonguss|Amoonguss, M|100/100
|-damage|p1a: Amoonguss|88/100|[from] Stealth Rock
|turn|178
|c|☆Moutemoute|je t'avoue au vu des random play qui se dessine depuis tout à l'heure
|c|☆Moutemoute|sheeesh
|c|☆Mimilucha|tsé
|
|t:|1651428999
|-formechange|p2a: Aegislash|Aegislash||[from] ability: Stance Change
|move|p2a: Aegislash|King's Shield|p2a: Aegislash
|-singleturn|p2a: Aegislash|Protect
|move|p1a: Amoonguss|Foul Play|p2a: Aegislash
|-activate|p2a: Aegislash|move: Protect
|-unboost|p1a: Amoonguss|atk|1
|
|-heal|p2a: Aegislash|35/100|[from] item: Leftovers
|upkeep
|turn|179
|c|☆Mimilucha|dit il
|c|☆Mimilucha|fin bref
|c|☆Mimilucha|je vais rien dire nn plus
|inactive|Moutemoute has 270 seconds left.
|c|☆Moutemoute|tu scald burn t1 et laisseraii aegi drop ton attaque sur scizor ce qui permetttrai à aegi de 1v1
|c|☆Moutemoute|m'enfin
|inactive|Moutemoute has 240 seconds left.
|
|t:|1651429062
|move|p2a: Aegislash|Substitute|p2a: Aegislash
|-start|p2a: Aegislash|Substitute
|-damage|p2a: Aegislash|10/100
|move|p1a: Amoonguss|Foul Play|p2a: Aegislash
|-supereffective|p2a: Aegislash
|-activate|p2a: Aegislash|move: Substitute|[damage]
|
|-heal|p2a: Aegislash|17/100|[from] item: Leftovers
|upkeep
|turn|180
|
|t:|1651429070
|move|p2a: Aegislash|King's Shield|p2a: Aegislash
|-singleturn|p2a: Aegislash|Protect
|move|p1a: Amoonguss|Foul Play|p2a: Aegislash
|-activate|p2a: Aegislash|move: Protect
|-unboost|p1a: Amoonguss|atk|1
|
|-heal|p2a: Aegislash|23/100|[from] item: Leftovers
|upkeep
|turn|181
|
|t:|1651429079
|-formechange|p2a: Aegislash|Aegislash-Blade||[from] ability: Stance Change
|move|p2a: Aegislash|Shadow Ball|p1a: Amoonguss
|-damage|p1a: Amoonguss|66/100
|move|p1a: Amoonguss|Foul Play|p2a: Aegislash
|-supereffective|p2a: Aegislash
|-end|p2a: Aegislash|Substitute
|
|-heal|p2a: Aegislash|29/100|[from] item: Leftovers
|upkeep
|turn|182
|
|t:|1651429087
|-formechange|p2a: Aegislash|Aegislash||[from] ability: Stance Change
|move|p2a: Aegislash|King's Shield|p2a: Aegislash
|-singleturn|p2a: Aegislash|Protect
|move|p1a: Amoonguss|Giga Drain|p2a: Aegislash
|-activate|p2a: Aegislash|move: Protect
|
|-heal|p2a: Aegislash|35/100|[from] item: Leftovers
|upkeep
|turn|183
|
|t:|1651429099
|move|p2a: Aegislash|Substitute|p2a: Aegislash
|-start|p2a: Aegislash|Substitute
|-damage|p2a: Aegislash|10/100
|move|p1a: Amoonguss|Stomping Tantrum|p2a: Aegislash
|-supereffective|p2a: Aegislash
|-activate|p2a: Aegislash|move: Substitute|[damage]
|
|-heal|p2a: Aegislash|16/100|[from] item: Leftovers
|upkeep
|turn|184
|
|t:|1651429108
|move|p2a: Aegislash|King's Shield|p2a: Aegislash
|-singleturn|p2a: Aegislash|Protect
|move|p1a: Amoonguss|Stomping Tantrum|p2a: Aegislash
|-activate|p2a: Aegislash|move: Protect
|-unboost|p1a: Amoonguss|atk|1
|
|-heal|p2a: Aegislash|22/100|[from] item: Leftovers
|upkeep
|turn|185
|c|☆Moutemoute|AzZoCcX j'attends toute la journée pour qu'on sub mon oppo et que ça me sorte une stall
|c|☆Moutemoute|:(
|inactive|Moutemoute has 240 seconds left.
|
|t:|1651429141
|-formechange|p2a: Aegislash|Aegislash-Blade||[from] ability: Stance Change
|move|p2a: Aegislash|Shadow Ball|p1a: Amoonguss
|-damage|p1a: Amoonguss|41/100
|move|p1a: Amoonguss|Stomping Tantrum|p2a: Aegislash
|-supereffective|p2a: Aegislash
|-end|p2a: Aegislash|Substitute
|
|-heal|p2a: Aegislash|29/100|[from] item: Leftovers
|upkeep
|turn|186
|c|☆Mimilucha|il t'aurait sorti la même mdr
|inactive|Moutemoute has 240 seconds left.
|c|+Tuthur|mais il aurait pas attendu
|
|t:|1651429165
|switch|p1a: Chansey|Chansey, F|75/100
|-damage|p1a: Chansey|63/100|[from] Stealth Rock
|-formechange|p2a: Aegislash|Aegislash||[from] ability: Stance Change
|move|p2a: Aegislash|King's Shield||[still]
|-fail|p2a: Aegislash
|
|-heal|p2a: Aegislash|35/100|[from] item: Leftovers
|upkeep
|turn|187
|c|☆Mimilucha|oui voilà
|
|t:|1651429169
|-formechange|p2a: Aegislash|Aegislash-Blade||[from] ability: Stance Change
|move|p2a: Aegislash|Shadow Ball|p1a: Chansey
|-immune|p1a: Chansey
|move|p1a: Chansey|Soft-Boiled|p1a: Chansey
|-heal|p1a: Chansey|100/100
|
|-heal|p2a: Aegislash|41/100|[from] item: Leftovers
|upkeep
|turn|188
|c|+Dlanyer|Il vient de se réveiller d'ailleurs
|inactive|Moutemoute has 240 seconds left.
|
|t:|1651429182
|switch|p2a: Skarmory|Skarmory, F|72/100 brn
|-damage|p2a: Skarmory|60/100 brn|[from] Stealth Rock
|move|p1a: Chansey|Stealth Rock||[still]
|-fail|p1a: Chansey
|
|-damage|p2a: Skarmory|53/100 brn|[from] brn
|upkeep
|turn|189
|
|t:|1651429190
|move|p2a: Skarmory|Defog|p1a: Chansey
|-unboost|p1a: Chansey|evasion|1
|-sideend|p1: Mimilucha|Stealth Rock|[from] move: Defog|[of] p2a: Skarmory
|-sideend|p2: Moutemoute|Spikes|[from] move: Defog|[of] p2a: Skarmory
|-sideend|p2: Moutemoute|Stealth Rock|[from] move: Defog|[of] p2a: Skarmory
|move|p1a: Chansey|Seismic Toss|p2a: Skarmory
|-damage|p2a: Skarmory|22/100 brn
|
|-damage|p2a: Skarmory|16/100 brn|[from] brn
|upkeep
|turn|190
|
|t:|1651429196
|move|p2a: Skarmory|Roost|p2a: Skarmory
|-heal|p2a: Skarmory|66/100 brn
|-singleturn|p2a: Skarmory|move: Roost
|move|p1a: Chansey|Stealth Rock|p2a: Skarmory
|-sidestart|p2: Moutemoute|move: Stealth Rock
|
|-damage|p2a: Skarmory|60/100 brn|[from] brn
|upkeep
|turn|191
|c|☆Moutemoute|rolala cette burn sur skarm
|c|☆Moutemoute|quelle indignité quand meme
|c|☆Mimilucha|t'ose te plaindre encore
|c|☆Moutemoute|toujours
|
|t:|1651429226
|switch|p2a: Tangrowth|Tangrowth, F|99/100 psn
|-damage|p2a: Tangrowth|86/100 psn|[from] Stealth Rock
|switch|p1a: Amoonguss|Amoonguss, M|75/100
|
|-damage|p2a: Tangrowth|74/100 psn|[from] psn
|upkeep
|turn|192
|c|☆Moutemoute|on est fronçais
|
|t:|1651429232
|switch|p1a: Skarmory|Skarmory, F|88/100
|move|p2a: Tangrowth|Knock Off|p1a: Skarmory
|-damage|p1a: Skarmory|73/100
|-damage|p2a: Tangrowth|57/100 psn|[from] item: Rocky Helmet|[of] p1a: Skarmory
|-enditem|p1a: Skarmory|Rocky Helmet|[from] move: Knock Off|[of] p2a: Tangrowth
|
|-damage|p2a: Tangrowth|45/100 psn|[from] psn
|upkeep
|turn|193
|
|t:|1651429241
|switch|p2a: Aegislash|Aegislash, F|41/100
|-damage|p2a: Aegislash|35/100|[from] Stealth Rock
|move|p1a: Skarmory|Spikes|p2a: Aegislash
|-sidestart|p2: Moutemoute|Spikes
|
|-heal|p2a: Aegislash|41/100|[from] item: Leftovers
|upkeep
|turn|194
|
|t:|1651429249
|switch|p1a: Amoonguss|Amoonguss, M|100/100
|move|p2a: Aegislash|Toxic|p1a: Amoonguss
|-immune|p1a: Amoonguss
|
|-heal|p2a: Aegislash|47/100|[from] item: Leftovers
|upkeep
|turn|195
|inactive|Moutemoute has 270 seconds left.
|
|t:|1651429264
|switch|p2a: Skarmory|Skarmory, F|60/100 brn
|-damage|p2a: Skarmory|48/100 brn|[from] Stealth Rock
|move|p1a: Amoonguss|Giga Drain|p2a: Skarmory
|-resisted|p2a: Skarmory
|-damage|p2a: Skarmory|40/100 brn
|
|-damage|p2a: Skarmory|34/100 brn|[from] brn
|upkeep
|turn|196
|inactive|Moutemoute has 270 seconds left.
|
|t:|1651429270
|switch|p1a: Skarmory|Skarmory, F|73/100
|move|p2a: Skarmory|Roost|p2a: Skarmory
|-heal|p2a: Skarmory|84/100 brn
|-singleturn|p2a: Skarmory|move: Roost
|
|-damage|p2a: Skarmory|78/100 brn|[from] brn
|upkeep
|turn|197
|
|t:|1651429276
|move|p1a: Skarmory|Iron Defense|p1a: Skarmory
|-boost|p1a: Skarmory|def|2
|move|p2a: Skarmory|Defog|p1a: Skarmory
|-unboost|p1a: Skarmory|evasion|1
|-sideend|p2: Moutemoute|Spikes|[from] move: Defog|[of] p2a: Skarmory
|-sideend|p2: Moutemoute|Stealth Rock|[from] move: Defog|[of] p2a: Skarmory
|
|-damage|p2a: Skarmory|72/100 brn|[from] brn
|upkeep
|turn|198
|
|t:|1651429280
|switch|p2a: Aegislash|Aegislash, F|47/100
|move|p1a: Skarmory|Spikes|p2a: Aegislash
|-sidestart|p2: Moutemoute|Spikes
|
|-heal|p2a: Aegislash|53/100|[from] item: Leftovers
|upkeep
|turn|199
|inactive|Moutemoute has 270 seconds left.
|c|☆Moutemoute|Dunoks j'aurai tellement du t'écouter ça aurait été plus simple
|
|t:|1651429317
|switch|p2a: Chansey|Chansey, F|69/100
|-damage|p2a: Chansey|57/100|[from] Spikes
|switch|p1a: Chansey|Chansey, F|100/100
|
|upkeep
|turn|200
|
|t:|1651429323
|move|p2a: Chansey|Stealth Rock|p1a: Chansey
|-sidestart|p1: Mimilucha|move: Stealth Rock
|move|p1a: Chansey|Stealth Rock|p2a: Chansey
|-sidestart|p2: Moutemoute|move: Stealth Rock
|
|upkeep
|turn|201
|
|t:|1651429330
|switch|p1a: Skarmory|Skarmory, F|73/100
|-damage|p1a: Skarmory|61/100|[from] Stealth Rock
|move|p2a: Chansey|Seismic Toss|p1a: Skarmory
|-damage|p1a: Skarmory|31/100
|
|upkeep
|turn|202
|c|☆Mimilucha|toujours écouter la voix de la sagesse
|c|☆Mimilucha|aka dunoks tsé
|
|t:|1651429345
|move|p1a: Skarmory|Roost|p1a: Skarmory
|-heal|p1a: Skarmory|81/100
|-singleturn|p1a: Skarmory|move: Roost
|move|p2a: Chansey|Soft-Boiled|p2a: Chansey
|-heal|p2a: Chansey|100/100
|
|upkeep
|turn|203
|
|t:|1651429367
|switch|p2a: Aegislash|Aegislash, F|53/100
|-damage|p2a: Aegislash|41/100|[from] Spikes
|-damage|p2a: Aegislash|35/100|[from] Stealth Rock
|move|p1a: Skarmory|Spikes|p2a: Aegislash
|-sidestart|p2: Moutemoute|Spikes
|
|-heal|p2a: Aegislash|41/100|[from] item: Leftovers
|upkeep
|turn|204
|
|t:|1651429375
|switch|p1a: Chansey|Chansey, F|100/100
|-damage|p1a: Chansey|88/100|[from] Stealth Rock
|move|p2a: Aegislash|Substitute|p2a: Aegislash
|-start|p2a: Aegislash|Substitute
|-damage|p2a: Aegislash|16/100
|
|-heal|p2a: Aegislash|22/100|[from] item: Leftovers
|upkeep
|turn|205
|
|t:|1651429379
|switch|p1a: Amoonguss|Amoonguss, M|100/100
|-damage|p1a: Amoonguss|88/100|[from] Stealth Rock
|move|p2a: Aegislash|Toxic|p1a: Amoonguss
|-immune|p1a: Amoonguss
|
|-heal|p2a: Aegislash|28/100|[from] item: Leftovers
|upkeep
|turn|206
|
|t:|1651429382
|switch|p1a: Chansey|Chansey, F|88/100
|-damage|p1a: Chansey|76/100|[from] Stealth Rock
|move|p2a: Aegislash|Toxic|p1a: Chansey
|-status|p1a: Chansey|tox
|
|-heal|p2a: Aegislash|34/100|[from] item: Leftovers
|-damage|p1a: Chansey|70/100 tox|[from] psn
|upkeep
|turn|207
|
|t:|1651429387
|-curestatus|p1a: Chansey|tox|[from] ability: Natural Cure
|switch|p1a: Amoonguss|Amoonguss, M|100/100
|-damage|p1a: Amoonguss|88/100|[from] Stealth Rock
|move|p2a: Aegislash|Toxic|p1a: Amoonguss|[miss]
|-miss|p2a: Aegislash|p1a: Amoonguss
|
|-heal|p2a: Aegislash|41/100|[from] item: Leftovers
|upkeep
|turn|208
|
|t:|1651429390
|move|p2a: Aegislash|Toxic|p1a: Amoonguss
|-immune|p1a: Amoonguss
|move|p1a: Amoonguss|Foul Play|p2a: Aegislash
|-supereffective|p2a: Aegislash
|-activate|p2a: Aegislash|move: Substitute|[damage]
|
|-heal|p2a: Aegislash|47/100|[from] item: Leftovers
|upkeep
|turn|209
|
|t:|1651429397
|move|p2a: Aegislash|King's Shield|p2a: Aegislash
|-singleturn|p2a: Aegislash|Protect
|move|p1a: Amoonguss|Foul Play|p2a: Aegislash
|-activate|p2a: Aegislash|move: Protect
|-unboost|p1a: Amoonguss|atk|1
|
|-heal|p2a: Aegislash|53/100|[from] item: Leftovers
|upkeep
|turn|210
|
|t:|1651429401
|-formechange|p2a: Aegislash|Aegislash-Blade||[from] ability: Stance Change
|move|p2a: Aegislash|Shadow Ball|p1a: Amoonguss
|-damage|p1a: Amoonguss|64/100
|move|p1a: Amoonguss|Foul Play|p2a: Aegislash
|-supereffective|p2a: Aegislash
|-end|p2a: Aegislash|Substitute
|
|-heal|p2a: Aegislash|59/100|[from] item: Leftovers
|upkeep
|turn|211
|
|t:|1651429421
|-formechange|p2a: Aegislash|Aegislash||[from] ability: Stance Change
|move|p2a: Aegislash|King's Shield|p2a: Aegislash
|-singleturn|p2a: Aegislash|Protect
|move|p1a: Amoonguss|Giga Drain|p2a: Aegislash
|-activate|p2a: Aegislash|move: Protect
|
|-heal|p2a: Aegislash|65/100|[from] item: Leftovers
|upkeep
|turn|212
|inactive|Moutemoute has 270 seconds left.
|
|t:|1651429466
|switch|p2a: Skarmory|Skarmory, F|72/100 brn
|-damage|p2a: Skarmory|59/100 brn|[from] Stealth Rock
|move|p1a: Amoonguss|Stomping Tantrum|p2a: Skarmory
|-immune|p2a: Skarmory
|
|-damage|p2a: Skarmory|53/100 brn|[from] brn
|upkeep
|turn|213
|
|t:|1651429481
|switch|p1a: Quagsire|Quagsire, M|81/100
|move|p2a: Skarmory|Defog|p1a: Quagsire
|-unboost|p1a: Quagsire|evasion|1
|-sideend|p1: Mimilucha|Stealth Rock|[from] move: Defog|[of] p2a: Skarmory
|-sideend|p2: Moutemoute|Spikes|[from] move: Defog|[of] p2a: Skarmory
|-sideend|p2: Moutemoute|Stealth Rock|[from] move: Defog|[of] p2a: Skarmory
|
|-damage|p2a: Skarmory|47/100 brn|[from] brn
|upkeep
|turn|214
|inactive|Moutemoute has 270 seconds left.
|
|t:|1651429491
|switch|p2a: Aegislash|Aegislash, F|65/100
|move|p1a: Quagsire|Scald|p2a: Aegislash
|-damage|p2a: Aegislash|50/100
|-status|p2a: Aegislash|brn
|
|-heal|p2a: Aegislash|56/100 brn|[from] item: Leftovers
|-damage|p2a: Aegislash|50/100 brn|[from] brn
|upkeep
|turn|215
|inactive|Moutemoute has 270 seconds left.
|c|☆Moutemoute|eh
|c|☆Mimilucha|si tu te plains de ça
|c|☆Mimilucha|je casse qqch
|c|☆Moutemoute|j'me plais que tes play on dirait du 1100 ladder
|
|t:|1651429524
|switch|p2a: Chansey|Chansey, F|100/100
|switch|p1a: Amoonguss|Amoonguss, M|98/100
|
|upkeep
|turn|216
|c|☆Mimilucha|culotté
|c|☆Mimilucha|gros gros csc
|c|☆Mimilucha|aussi
|
|t:|1651429545
|switch|p1a: Skarmory|Skarmory, F|81/100
|move|p2a: Chansey|Stealth Rock|p1a: Skarmory
|-sidestart|p1: Mimilucha|move: Stealth Rock
|
|upkeep
|turn|217
|c|+Tuthur|reste digne mimi
|
|t:|1651429552
|switch|p2a: Aegislash|Aegislash, F|50/100 brn
|move|p1a: Skarmory|Spikes|p2a: Aegislash
|-sidestart|p2: Moutemoute|Spikes
|
|-heal|p2a: Aegislash|56/100 brn|[from] item: Leftovers
|-damage|p2a: Aegislash|50/100 brn|[from] brn
|upkeep
|turn|218
|c|☆Moutemoute|faut croire oé sharow
|c|+Dlanyer|ah
|inactive|Moutemoute has 240 seconds left.
|c|+Dlanyer|mais j'ai raté une burn
|c|+Dlanyer|Yes !
|
|t:|1651429594
|switch|p2a: Skarmory|Skarmory, F|47/100 brn
|switch|p1a: Amoonguss|Amoonguss, M|100/100
|-damage|p1a: Amoonguss|88/100|[from] Stealth Rock
|
|-damage|p2a: Skarmory|40/100 brn|[from] brn
|upkeep
|turn|219
|
|t:|1651429604
|switch|p1a: Skarmory|Skarmory, F|81/100
|-damage|p1a: Skarmory|69/100|[from] Stealth Rock
|move|p2a: Skarmory|Roost|p2a: Skarmory
|-heal|p2a: Skarmory|91/100 brn
|-singleturn|p2a: Skarmory|move: Roost
|
|-damage|p2a: Skarmory|84/100 brn|[from] brn
|upkeep
|turn|220
|
|t:|1651429609
|switch|p2a: Aegislash|Aegislash, F|50/100 brn
|-damage|p2a: Aegislash|38/100 brn|[from] Spikes
|move|p1a: Skarmory|Spikes|p2a: Aegislash
|-sidestart|p2: Moutemoute|Spikes
|
|-heal|p2a: Aegislash|44/100 brn|[from] item: Leftovers
|-damage|p2a: Aegislash|38/100 brn|[from] brn
|upkeep
|turn|221
|inactive|Moutemoute has 240 seconds left.
|
|t:|1651429644
|switch|p1a: Amoonguss|Amoonguss, M|100/100
|-damage|p1a: Amoonguss|88/100|[from] Stealth Rock
|switch|p2a: Chansey|Chansey, F|100/100
|-damage|p2a: Chansey|84/100|[from] Spikes
|
|upkeep
|turn|222
|
|t:|1651429649
|switch|p1a: Skarmory|Skarmory, F|69/100
|-damage|p1a: Skarmory|57/100|[from] Stealth Rock
|move|p2a: Chansey|Seismic Toss|p1a: Skarmory
|-damage|p1a: Skarmory|27/100
|
|upkeep
|turn|223
|inactive|Moutemoute has 240 seconds left.
|
|t:|1651429658
|move|p1a: Skarmory|Roost|p1a: Skarmory
|-heal|p1a: Skarmory|77/100
|-singleturn|p1a: Skarmory|move: Roost
|move|p2a: Chansey|Seismic Toss|p1a: Skarmory
|-damage|p1a: Skarmory|47/100
|
|upkeep
|turn|224
|
|t:|1651429660
|move|p1a: Skarmory|Roost|p1a: Skarmory
|-heal|p1a: Skarmory|97/100
|-singleturn|p1a: Skarmory|move: Roost
|move|p2a: Chansey|Seismic Toss|p1a: Skarmory
|-damage|p1a: Skarmory|67/100
|
|upkeep
|turn|225
|
|t:|1651429666
|switch|p2a: Primarina|Primarina, M|100/100 slp
|-damage|p2a: Primarina|84/100 slp|[from] Spikes
|move|p1a: Skarmory|Spikes|p2a: Primarina
|-sidestart|p2: Moutemoute|Spikes
|
|upkeep
|turn|226
|
|t:|1651429677
|switch|p1a: Amoonguss|Amoonguss, M|100/100
|-damage|p1a: Amoonguss|88/100|[from] Stealth Rock
|-curestatus|p2a: Primarina|slp|[msg]
|move|p2a: Primarina|Calm Mind|p2a: Primarina
|-boost|p2a: Primarina|spa|1
|-boost|p2a: Primarina|spd|1
|
|upkeep
|turn|227
|inactive|Moutemoute has 270 seconds left.
|
|t:|1651429698
|move|p2a: Primarina|Calm Mind|p2a: Primarina
|-boost|p2a: Primarina|spa|1
|-boost|p2a: Primarina|spd|1
|move|p1a: Amoonguss|Sludge Bomb|p2a: Primarina
|-supereffective|p2a: Primarina
|-damage|p2a: Primarina|61/100
|
|upkeep
|turn|228
|
|t:|1651429701
|move|p2a: Primarina|Moonblast|p1a: Amoonguss
|-resisted|p1a: Amoonguss
|-damage|p1a: Amoonguss|65/100
|move|p1a: Amoonguss|Sludge Bomb|p2a: Primarina
|-supereffective|p2a: Primarina
|-damage|p2a: Primarina|36/100
|
|upkeep
|turn|229
|
|t:|1651429706
|move|p2a: Primarina|Moonblast|p1a: Amoonguss
|-resisted|p1a: Amoonguss
|-damage|p1a: Amoonguss|44/100
|-unboost|p1a: Amoonguss|spa|1
|move|p1a: Amoonguss|Sludge Bomb|p2a: Primarina
|-supereffective|p2a: Primarina
|-damage|p2a: Primarina|22/100
|
|upkeep
|turn|230
|
|t:|1651429713
|move|p2a: Primarina|Rest|p2a: Primarina
|-status|p2a: Primarina|slp|[from] move: Rest
|-heal|p2a: Primarina|100/100 slp|[silent]
|move|p1a: Amoonguss|Sludge Bomb|p2a: Primarina
|-supereffective|p2a: Primarina
|-damage|p2a: Primarina|84/100 slp
|
|upkeep
|turn|231
|
|t:|1651429716
|switch|p1a: Quagsire|Quagsire, M|81/100
|cant|p2a: Primarina|slp
|move|p2a: Primarina|Snore|p1a: Quagsire
|-damage|p1a: Quagsire|64/100
|
|upkeep
|turn|232
|
|t:|1651429719
|cant|p2a: Primarina|slp
|move|p2a: Primarina|Snore|p1a: Quagsire
|-damage|p1a: Quagsire|45/100
|move|p1a: Quagsire|Recover|p1a: Quagsire
|-heal|p1a: Quagsire|95/100
|
|upkeep
|turn|233
|
|t:|1651429721
|-curestatus|p2a: Primarina|slp|[msg]
|move|p2a: Primarina|Moonblast|p1a: Quagsire
|-damage|p1a: Quagsire|62/100
|move|p1a: Quagsire|Haze|p1a: Quagsire
|-clearallboost
|
|upkeep
|turn|234
|
|t:|1651429726
|move|p2a: Primarina|Moonblast|p1a: Quagsire
|-damage|p1a: Quagsire|31/100
|move|p1a: Quagsire|Recover|p1a: Quagsire
|-heal|p1a: Quagsire|81/100
|
|upkeep
|turn|235
|
|t:|1651429730
|switch|p1a: Amoonguss|Amoonguss, M|78/100
|-damage|p1a: Amoonguss|65/100|[from] Stealth Rock
|move|p2a: Primarina|Moonblast|p1a: Amoonguss
|-resisted|p1a: Amoonguss
|-damage|p1a: Amoonguss|53/100
|
|upkeep
|turn|236
|
|t:|1651429733
|move|p2a: Primarina|Calm Mind|p2a: Primarina
|-boost|p2a: Primarina|spa|1
|-boost|p2a: Primarina|spd|1
|move|p1a: Amoonguss|Giga Drain|p2a: Primarina
|-supereffective|p2a: Primarina
|-damage|p2a: Primarina|61/100
|-heal|p1a: Amoonguss|63/100|[from] drain|[of] p2a: Primarina
|
|upkeep
|turn|237
|
|t:|1651429737
|move|p2a: Primarina|Calm Mind|p2a: Primarina
|-boost|p2a: Primarina|spa|1
|-boost|p2a: Primarina|spd|1
|move|p1a: Amoonguss|Giga Drain|p2a: Primarina
|-supereffective|p2a: Primarina
|-damage|p2a: Primarina|43/100
|-heal|p1a: Amoonguss|71/100|[from] drain|[of] p2a: Primarina
|
|upkeep
|turn|238
|
|t:|1651429741
|move|p2a: Primarina|Calm Mind|p2a: Primarina
|-boost|p2a: Primarina|spa|1
|-boost|p2a: Primarina|spd|1
|move|p1a: Amoonguss|Sludge Bomb|p2a: Primarina
|-supereffective|p2a: Primarina
|-damage|p2a: Primarina|26/100
|
|upkeep
|turn|239
|
|t:|1651429749
|move|p2a: Primarina|Rest|p2a: Primarina
|-status|p2a: Primarina|slp|[from] move: Rest
|-heal|p2a: Primarina|100/100 slp|[silent]
|move|p1a: Amoonguss|Sludge Bomb|p2a: Primarina
|-supereffective|p2a: Primarina
|-damage|p2a: Primarina|81/100 slp
|
|upkeep
|turn|240
|c|+Dlanyer|petit crit oklm
|
|t:|1651429753
|switch|p1a: Quagsire|Quagsire, M|81/100
|cant|p2a: Primarina|slp
|move|p2a: Primarina|Snore|p1a: Quagsire
|-damage|p1a: Quagsire|63/100
|
|upkeep
|turn|241
|
|t:|1651429755
|cant|p2a: Primarina|slp
|move|p2a: Primarina|Snore|p1a: Quagsire
|-damage|p1a: Quagsire|47/100
|move|p1a: Quagsire|Recover|p1a: Quagsire
|-heal|p1a: Quagsire|97/100
|
|upkeep
|turn|242
|
|t:|1651429760
|-curestatus|p2a: Primarina|slp|[msg]
|move|p2a: Primarina|Moonblast|p1a: Quagsire
|-damage|p1a: Quagsire|62/100
|-unboost|p1a: Quagsire|spa|1
|move|p1a: Quagsire|Haze|p1a: Quagsire
|-clearallboost
|
|upkeep
|turn|243
|
|t:|1651429768
|switch|p1a: Amoonguss|Amoonguss, M|100/100
|-damage|p1a: Amoonguss|88/100|[from] Stealth Rock
|move|p2a: Primarina|Calm Mind|p2a: Primarina
|-boost|p2a: Primarina|spa|1
|-boost|p2a: Primarina|spd|1
|
|upkeep
|turn|244
|
|t:|1651429773
|switch|p2a: Skarmory|Skarmory, F|84/100 brn
|move|p1a: Amoonguss|Sludge Bomb|p2a: Skarmory
|-immune|p2a: Skarmory
|
|-damage|p2a: Skarmory|78/100 brn|[from] brn
|upkeep
|turn|245
|
|t:|1651429778
|switch|p1a: Skarmory|Skarmory, F|67/100
|-damage|p1a: Skarmory|55/100|[from] Stealth Rock
|move|p2a: Skarmory|Defog|p1a: Skarmory
|-unboost|p1a: Skarmory|evasion|1
|-sideend|p1: Mimilucha|Stealth Rock|[from] move: Defog|[of] p2a: Skarmory
|-sideend|p2: Moutemoute|Spikes|[from] move: Defog|[of] p2a: Skarmory
|
|-damage|p2a: Skarmory|72/100 brn|[from] brn
|upkeep
|turn|246
|
|t:|1651429785
|switch|p2a: Primarina|Primarina, M|81/100
|move|p1a: Skarmory|Roost|p1a: Skarmory
|-heal|p1a: Skarmory|100/100
|-singleturn|p1a: Skarmory|move: Roost
|
|upkeep
|turn|247
|
|t:|1651429791
|switch|p1a: Chansey|Chansey, F|70/100
|move|p2a: Primarina|Calm Mind|p2a: Primarina
|-boost|p2a: Primarina|spa|1
|-boost|p2a: Primarina|spd|1
|
|upkeep
|turn|248
|
|t:|1651429797
|switch|p2a: Chansey|Chansey, F|84/100
|move|p1a: Chansey|Seismic Toss|p2a: Chansey
|-damage|p2a: Chansey|70/100
|
|upkeep
|turn|249
|
|t:|1651429799
|switch|p1a: Skarmory|Skarmory, F|100/100
|move|p2a: Chansey|Stealth Rock|p1a: Skarmory
|-sidestart|p1: Mimilucha|move: Stealth Rock
|
|upkeep
|turn|250
|
|t:|1651429802
|switch|p2a: Aegislash|Aegislash, F|38/100 brn
|move|p1a: Skarmory|Spikes|p2a: Aegislash
|-sidestart|p2: Moutemoute|Spikes
|
|-heal|p2a: Aegislash|44/100 brn|[from] item: Leftovers
|-damage|p2a: Aegislash|38/100 brn|[from] brn
|upkeep
|turn|251
|
|t:|1651429808
|switch|p1a: Amoonguss|Amoonguss, M|100/100
|-damage|p1a: Amoonguss|88/100|[from] Stealth Rock
|-formechange|p2a: Aegislash|Aegislash-Blade||[from] ability: Stance Change
|move|p2a: Aegislash|Shadow Ball|p1a: Amoonguss
|-damage|p1a: Amoonguss|66/100
|
|-heal|p2a: Aegislash|44/100 brn|[from] item: Leftovers
|-damage|p2a: Aegislash|38/100 brn|[from] brn
|upkeep
|turn|252
|
|t:|1651429812
|-formechange|p2a: Aegislash|Aegislash||[from] ability: Stance Change
|move|p2a: Aegislash|King's Shield|p2a: Aegislash
|-singleturn|p2a: Aegislash|Protect
|move|p1a: Amoonguss|Stomping Tantrum|p2a: Aegislash
|-activate|p2a: Aegislash|move: Protect
|-unboost|p1a: Amoonguss|atk|1
|
|-heal|p2a: Aegislash|44/100 brn|[from] item: Leftovers
|-damage|p2a: Aegislash|38/100 brn|[from] brn
|upkeep
|turn|253
|
|t:|1651429817
|switch|p2a: Tangrowth|Tangrowth, F|78/100 psn
|-damage|p2a: Tangrowth|66/100 psn|[from] Spikes
|move|p1a: Amoonguss|Foul Play|p2a: Tangrowth
|-damage|p2a: Tangrowth|52/100 psn
|
|-damage|p2a: Tangrowth|39/100 psn|[from] psn
|upkeep
|turn|254
|
|t:|1651429821
|switch|p2a: Skarmory|Skarmory, F|72/100 brn
|switch|p1a: Skarmory|Skarmory, F|100/100
|-damage|p1a: Skarmory|88/100|[from] Stealth Rock
|
|-damage|p2a: Skarmory|66/100 brn|[from] brn
|upkeep
|turn|255
|
|t:|1651429828
|switch|p2a: Primarina|Primarina, M|81/100
|-damage|p2a: Primarina|68/100|[from] Spikes
|move|p1a: Skarmory|Spikes|p2a: Primarina
|-sidestart|p2: Moutemoute|Spikes
|
|upkeep
|turn|256
|
|t:|1651429841
|switch|p1a: Chansey|Chansey, F|70/100
|-damage|p1a: Chansey|57/100|[from] Stealth Rock
|switch|p2a: Zygarde|Zygarde-10%|25/100
|-damage|p2a: Zygarde|9/100|[from] Spikes
|-ability|p2a: Zygarde|Aura Break
|
|upkeep
|turn|257
|c|☆Moutemoute|le path
|
|t:|1651429865
|move|p2a: Zygarde|Thousand Arrows|p1a: Chansey
|-damage|p1a: Chansey|18/100
|move|p1a: Chansey|Seismic Toss|p2a: Zygarde
|-damage|p2a: Zygarde|0 fnt
|faint|p2a: Zygarde
|
|upkeep
|inactive|Moutemoute has 270 seconds left.
|inactive|Moutemoute has 240 seconds left.
|inactive|Moutemoute has 210 seconds left.
|
|t:|1651429967
|switch|p2a: Skarmory|Skarmory, F|66/100 brn
|turn|258
|
|t:|1651429972
|switch|p1a: Skarmory|Skarmory, F|88/100
|-damage|p1a: Skarmory|76/100|[from] Stealth Rock
|move|p2a: Skarmory|Body Press|p1a: Skarmory
|-damage|p1a: Skarmory|65/100
|
|-damage|p2a: Skarmory|59/100 brn|[from] brn
|upkeep
|turn|259
|inactive|Moutemoute has 180 seconds left.
|
|t:|1651429997
|switch|p2a: Primarina|Primarina, M|68/100
|-damage|p2a: Primarina|52/100|[from] Spikes
|move|p1a: Skarmory|Iron Defense|p1a: Skarmory
|-boost|p1a: Skarmory|def|2
|
|upkeep
|turn|260
|
|t:|1651430006
|move|p1a: Skarmory|Body Press|p2a: Primarina
|-resisted|p2a: Primarina
|-damage|p2a: Primarina|23/100
|move|p2a: Primarina|Calm Mind|p2a: Primarina
|-boost|p2a: Primarina|spa|1
|-boost|p2a: Primarina|spd|1
|
|upkeep
|turn|261
|c|☆Moutemoute|ah
|c|☆Moutemoute|j'me fais outspeed
|c|☆Mimilucha|bien vu
|c|+Tuthur|mimi
|c|+Tuthur|:flushed:
|inactive|Moutemoute has 180 seconds left.
|
|t:|1651430054
|switch|p2a: Aegislash|Aegislash, F|38/100 brn
|-damage|p2a: Aegislash|21/100 brn|[from] Spikes
|move|p1a: Skarmory|Body Press|p2a: Aegislash
|-immune|p2a: Aegislash
|
|-heal|p2a: Aegislash|27/100 brn|[from] item: Leftovers
|-damage|p2a: Aegislash|21/100 brn|[from] brn
|upkeep
|turn|262
|
|t:|1651430068
|switch|p1a: Amoonguss|Amoonguss, M|99/100
|-damage|p1a: Amoonguss|86/100|[from] Stealth Rock
|switch|p2a: Chansey|Chansey, F|70/100
|-damage|p2a: Chansey|53/100|[from] Spikes
|
|upkeep
|turn|263
|
|t:|1651430076
|switch|p1a: Skarmory|Skarmory, F|65/100
|-damage|p1a: Skarmory|53/100|[from] Stealth Rock
|move|p2a: Chansey|Soft-Boiled|p2a: Chansey
|-heal|p2a: Chansey|100/100
|
|upkeep
|turn|264
|
|t:|1651430082
|move|p1a: Skarmory|Spikes|p2a: Chansey
|-sidestart|p2: Moutemoute|Spikes
|move|p2a: Chansey|Seismic Toss|p1a: Skarmory
|-damage|p1a: Skarmory|23/100
|
|upkeep
|turn|265
|
|t:|1651430086
|move|p1a: Skarmory|Roost|p1a: Skarmory
|-heal|p1a: Skarmory|73/100
|-singleturn|p1a: Skarmory|move: Roost
|move|p2a: Chansey|Seismic Toss|p1a: Skarmory
|-damage|p1a: Skarmory|43/100
|
|upkeep
|turn|266
|
|t:|1651430089
|move|p1a: Skarmory|Roost|p1a: Skarmory
|-heal|p1a: Skarmory|93/100
|-singleturn|p1a: Skarmory|move: Roost
|move|p2a: Chansey|Seismic Toss|p1a: Skarmory
|-damage|p1a: Skarmory|63/100
|
|upkeep
|turn|267
|
|t:|1651430091
|switch|p2a: Skarmory|Skarmory, F|59/100 brn
|move|p1a: Skarmory|Iron Defense|p1a: Skarmory
|-boost|p1a: Skarmory|def|2
|
|-damage|p2a: Skarmory|53/100 brn|[from] brn
|upkeep
|turn|268
|
|t:|1651430094
|move|p1a: Skarmory|Body Press|p2a: Skarmory
|-damage|p2a: Skarmory|17/100 brn
|move|p2a: Skarmory|Defog|p1a: Skarmory
|-unboost|p1a: Skarmory|evasion|1
|-sideend|p1: Mimilucha|Stealth Rock|[from] move: Defog|[of] p2a: Skarmory
|-sideend|p2: Moutemoute|Spikes|[from] move: Defog|[of] p2a: Skarmory
|
|-damage|p2a: Skarmory|10/100 brn|[from] brn
|upkeep
|turn|269
|inactive|Moutemoute has 210 seconds left.
|
|t:|1651430106
|switch|p2a: Aegislash|Aegislash, F|21/100 brn
|move|p1a: Skarmory|Body Press|p2a: Aegislash
|-immune|p2a: Aegislash
|
|-heal|p2a: Aegislash|27/100 brn|[from] item: Leftovers
|-damage|p2a: Aegislash|21/100 brn|[from] brn
|upkeep
|turn|270
|
|t:|1651430112
|switch|p2a: Chansey|Chansey, F|100/100
|switch|p1a: Amoonguss|Amoonguss, M|100/100
|
|upkeep
|turn|271
|
|t:|1651430123
|switch|p1a: Skarmory|Skarmory, F|63/100
|move|p2a: Chansey|Stealth Rock|p1a: Skarmory
|-sidestart|p1: Mimilucha|move: Stealth Rock
|
|upkeep
|turn|272
|
|t:|1651430125
|switch|p2a: Aegislash|Aegislash, F|21/100 brn
|move|p1a: Skarmory|Spikes|p2a: Aegislash
|-sidestart|p2: Moutemoute|Spikes
|
|-heal|p2a: Aegislash|27/100 brn|[from] item: Leftovers
|-damage|p2a: Aegislash|21/100 brn|[from] brn
|upkeep
|turn|273
|
|t:|1651430130
|switch|p2a: Primarina|Primarina, M|23/100
|-damage|p2a: Primarina|10/100|[from] Spikes
|switch|p1a: Amoonguss|Amoonguss, M|100/100
|-damage|p1a: Amoonguss|88/100|[from] Stealth Rock
|
|upkeep
|turn|274
|
|t:|1651430134
|move|p2a: Primarina|Rest|p2a: Primarina
|-status|p2a: Primarina|slp|[from] move: Rest
|-heal|p2a: Primarina|100/100 slp|[silent]
|move|p1a: Amoonguss|Giga Drain|p2a: Primarina
|-supereffective|p2a: Primarina
|-damage|p2a: Primarina|61/100 slp
|-heal|p1a: Amoonguss|100/100|[from] drain|[of] p2a: Primarina
|
|upkeep
|turn|275
|
|t:|1651430139
|switch|p2a: Chansey|Chansey, F|100/100
|-damage|p2a: Chansey|88/100|[from] Spikes
|move|p1a: Amoonguss|Giga Drain|p2a: Chansey
|-damage|p2a: Chansey|76/100
|
|upkeep
|turn|276
|
|t:|1651430142
|switch|p1a: Skarmory|Skarmory, F|63/100
|-damage|p1a: Skarmory|51/100|[from] Stealth Rock
|move|p2a: Chansey|Seismic Toss|p1a: Skarmory
|-damage|p1a: Skarmory|21/100
|
|upkeep
|turn|277
|
|t:|1651430144
|move|p1a: Skarmory|Roost|p1a: Skarmory
|-heal|p1a: Skarmory|71/100
|-singleturn|p1a: Skarmory|move: Roost
|move|p2a: Chansey|Seismic Toss|p1a: Skarmory
|-damage|p1a: Skarmory|41/100
|
|upkeep
|turn|278
|
|t:|1651430148
|move|p1a: Skarmory|Roost|p1a: Skarmory
|-heal|p1a: Skarmory|91/100
|-singleturn|p1a: Skarmory|move: Roost
|move|p2a: Chansey|Seismic Toss|p1a: Skarmory
|-damage|p1a: Skarmory|61/100
|
|upkeep
|turn|279
|
|t:|1651430152
|switch|p2a: Aegislash|Aegislash, F|21/100 brn
|-damage|p2a: Aegislash|9/100 brn|[from] Spikes
|move|p1a: Skarmory|Spikes|p2a: Aegislash
|-sidestart|p2: Moutemoute|Spikes
|
|-heal|p2a: Aegislash|15/100 brn|[from] item: Leftovers
|-damage|p2a: Aegislash|9/100 brn|[from] brn
|upkeep
|turn|280
|
|t:|1651430159
|switch|p2a: Chansey|Chansey, F|76/100
|-damage|p2a: Chansey|60/100|[from] Spikes
|switch|p1a: Amoonguss|Amoonguss, M|100/100
|-damage|p1a: Amoonguss|88/100|[from] Stealth Rock
|
|upkeep
|turn|281
|
|t:|1651430163
|switch|p1a: Skarmory|Skarmory, F|61/100
|-damage|p1a: Skarmory|49/100|[from] Stealth Rock
|move|p2a: Chansey|Seismic Toss|p1a: Skarmory
|-damage|p1a: Skarmory|19/100
|
|upkeep
|turn|282
|
|t:|1651430171
|move|p1a: Skarmory|Roost|p1a: Skarmory
|-heal|p1a: Skarmory|69/100
|-singleturn|p1a: Skarmory|move: Roost
|move|p2a: Chansey|Seismic Toss|p1a: Skarmory
|-damage|p1a: Skarmory|39/100
|
|upkeep
|turn|283
|
|t:|1651430178
|switch|p2a: Primarina|Primarina, M|61/100 slp
|-damage|p2a: Primarina|44/100 slp|[from] Spikes
|move|p1a: Skarmory|Roost|p1a: Skarmory
|-heal|p1a: Skarmory|89/100
|-singleturn|p1a: Skarmory|move: Roost
|
|upkeep
|turn|284
|
|t:|1651430188
|switch|p1a: Amoonguss|Amoonguss, M|100/100
|-damage|p1a: Amoonguss|88/100|[from] Stealth Rock
|cant|p2a: Primarina|slp
|move|p2a: Primarina|Snore|p1a: Amoonguss
|-resisted|p1a: Amoonguss
|-damage|p1a: Amoonguss|82/100
|
|upkeep
|turn|285
|
|t:|1651430209
|cant|p2a: Primarina|slp
|move|p2a: Primarina|Snore|p1a: Amoonguss
|-resisted|p1a: Amoonguss
|-damage|p1a: Amoonguss|76/100
|cant|p1a: Amoonguss|flinch
|
|upkeep
|turn|286
|
|t:|1651430215
|-curestatus|p2a: Primarina|slp|[msg]
|move|p2a: Primarina|Calm Mind|p2a: Primarina
|-boost|p2a: Primarina|spa|1
|-boost|p2a: Primarina|spd|1
|move|p1a: Amoonguss|Giga Drain|p2a: Primarina
|-supereffective|p2a: Primarina
|-damage|p2a: Primarina|21/100
|-heal|p1a: Amoonguss|86/100|[from] drain|[of] p2a: Primarina
|
|upkeep
|turn|287
|
|t:|1651430237
|move|p2a: Primarina|Rest|p2a: Primarina
|-status|p2a: Primarina|slp|[from] move: Rest
|-heal|p2a: Primarina|100/100 slp|[silent]
|move|p1a: Amoonguss|Giga Drain|p2a: Primarina
|-supereffective|p2a: Primarina
|-damage|p2a: Primarina|75/100 slp
|-heal|p1a: Amoonguss|96/100|[from] drain|[of] p2a: Primarina
|
|upkeep
|turn|288
|
|t:|1651430243
|cant|p2a: Primarina|slp
|move|p1a: Amoonguss|Giga Drain|p2a: Primarina
|-supereffective|p2a: Primarina
|-damage|p2a: Primarina|52/100 slp
|-heal|p1a: Amoonguss|100/100|[from] drain|[of] p2a: Primarina
|
|upkeep
|turn|289
|
|t:|1651430248
|cant|p2a: Primarina|slp
|move|p1a: Amoonguss|Giga Drain|p2a: Primarina
|-supereffective|p2a: Primarina
|-damage|p2a: Primarina|27/100 slp
|
|upkeep
|turn|290
|
|t:|1651430252
|switch|p1a: Quagsire|Quagsire, M|62/100
|-curestatus|p2a: Primarina|slp|[msg]
|move|p2a: Primarina|Rest|p2a: Primarina
|-status|p2a: Primarina|slp|[from] move: Rest
|-heal|p2a: Primarina|100/100 slp|[silent]
|
|upkeep
|turn|291
|
|t:|1651430257
|cant|p2a: Primarina|slp
|move|p1a: Quagsire|Recover|p1a: Quagsire
|-heal|p1a: Quagsire|100/100
|
|upkeep
|turn|292
|
|t:|1651430260
|cant|p2a: Primarina|slp
|move|p1a: Quagsire|Haze|p1a: Quagsire
|-clearallboost
|
|upkeep
|turn|293
|
|t:|1651430265
|-curestatus|p2a: Primarina|slp|[msg]
|move|p2a: Primarina|Moonblast|p1a: Quagsire
|-damage|p1a: Quagsire|66/100
|-unboost|p1a: Quagsire|spa|1
|move|p1a: Quagsire|Toxic|p2a: Primarina
|-status|p2a: Primarina|tox
|
|-damage|p2a: Primarina|94/100 tox|[from] psn
|upkeep
|turn|294
|
|t:|1651430298
|move|p2a: Primarina|Moonblast|p1a: Quagsire
|-damage|p1a: Quagsire|35/100
|move|p1a: Quagsire|Haze|p1a: Quagsire
|-clearallboost
|
|-damage|p2a: Primarina|82/100 tox|[from] psn
|upkeep
|turn|295
|c|☆Moutemoute|o
|c|☆Moutemoute|le path ?
|inactive|Moutemoute has 270 seconds left.
|
|t:|1651430323
|move|p2a: Primarina|Calm Mind|p2a: Primarina
|-boost|p2a: Primarina|spa|1
|-boost|p2a: Primarina|spd|1
|move|p1a: Quagsire|Recover|p1a: Quagsire
|-heal|p1a: Quagsire|85/100
|
|-damage|p2a: Primarina|64/100 tox|[from] psn
|upkeep
|turn|296
|
|t:|1651430326
|move|p2a: Primarina|Moonblast|p1a: Quagsire
|-damage|p1a: Quagsire|54/100
|move|p1a: Quagsire|Haze|p1a: Quagsire
|-clearallboost
|
|-damage|p2a: Primarina|40/100 tox|[from] psn
|upkeep
|turn|297
|inactive|Moutemoute has 270 seconds left.
|inactive|Mimilucha has 270 seconds left.
|inactive|Moutemoute has 240 seconds left.
|
|t:|1651430390
|move|p2a: Primarina|Calm Mind|p2a: Primarina
|-boost|p2a: Primarina|spa|1
|-boost|p2a: Primarina|spd|1
|move|p1a: Quagsire|Recover|p1a: Quagsire
|-heal|p1a: Quagsire|100/100
|
|-damage|p2a: Primarina|10/100 tox|[from] psn
|upkeep
|turn|298
|
|t:|1651430398
|move|p2a: Primarina|Rest|p2a: Primarina
|-status|p2a: Primarina|slp|[from] move: Rest
|-heal|p2a: Primarina|100/100 slp|[silent]
|move|p1a: Quagsire|Haze|p1a: Quagsire
|-clearallboost
|
|upkeep
|turn|299
|inactive|Moutemoute has 240 seconds left.
|
|t:|1651430413
|cant|p2a: Primarina|slp
|move|p1a: Quagsire|Haze|p1a: Quagsire
|-clearallboost
|
|upkeep
|turn|300
|inactive|Moutemoute has 240 seconds left.
|
|t:|1651430440
|cant|p2a: Primarina|slp
|move|p1a: Quagsire|Haze|p1a: Quagsire
|-clearallboost
|
|upkeep
|turn|301
|
|t:|1651430447
|-curestatus|p2a: Primarina|slp|[msg]
|move|p2a: Primarina|Moonblast|p1a: Quagsire
|-damage|p1a: Quagsire|70/100
|move|p1a: Quagsire|Toxic|p2a: Primarina
|-status|p2a: Primarina|tox
|
|-damage|p2a: Primarina|94/100 tox|[from] psn
|upkeep
|turn|302
|
|t:|1651430459
|switch|p2a: Chansey|Chansey, F|60/100
|-damage|p2a: Chansey|43/100|[from] Spikes
|switch|p1a: Amoonguss|Amoonguss, M|100/100
|-damage|p1a: Amoonguss|88/100|[from] Stealth Rock
|
|upkeep
|turn|303
|
|t:|1651430469
|switch|p1a: Chansey|Chansey, F|18/100
|-damage|p1a: Chansey|6/100|[from] Stealth Rock
|move|p2a: Chansey|Seismic Toss|p1a: Chansey
|-damage|p1a: Chansey|0 fnt
|faint|p1a: Chansey
|
|upkeep
|
|t:|1651430471
|switch|p1a: Skarmory|Skarmory, F|89/100
|-damage|p1a: Skarmory|76/100|[from] Stealth Rock
|turn|304
|inactive|Moutemoute has 240 seconds left.
|c|☆Moutemoute|oé
|c|☆Moutemoute|bonne purge
|-message|Moutemoute forfeited.
|
|win|Mimilucha
|l|☆Moutemoute
|c|☆Mimilucha|chepa comment t'as lose ça on est à 1100 de ladd après tout
|c|+Dlanyer|jugylèglh
|c|+Dlanyer|$
|c|☆Mimilucha|gg ig
|l|☆Mimilucha
|l|+Tuthur
|j|%ironwater
|j|☆Mimilucha
|player|p1|Mimilucha|ilima
|l|%ironwater
|l|☆Mimilucha
|player|p1|
|j|+TSR
|l|+TSR
|j|%estarossa
|l|+Dlanyer
|l|%estarossa
