|j|☆Physarum
|j|☆Mimilucha
|t:|1661716957
|gametype|singles
|player|p1|Physarum|2|
|player|p2|Mimilucha|ethan-masters|
|teamsize|p1|6
|teamsize|p2|6
|gen|8
|tier|[Gen 8] UU
|rule|Sleep Clause Mod: Limit one foe put to sleep
|rule|Species Clause: Limit one of each Pokémon
|rule|OHKO Clause: OHKO moves are banned
|rule|Evasion Items Clause: Evasion items are banned
|rule|Evasion Moves Clause: Evasion moves are banned
|rule|Endless Battle Clause: Forcing endless battles is banned
|rule|HP Percentage Mod: HP is shown in percentages
|rule|Dynamax Clause: You cannot dynamax
|clearpoke
|poke|p1|Scizor, M|
|poke|p1|Hippowdon, M|
|poke|p1|Skarmory, M|
|poke|p1|Primarina, M|
|poke|p1|Tangrowth, F|
|poke|p1|Flygon, M|
|poke|p2|Slowbro-Galar, M|
|poke|p2|Tangrowth, F|
|poke|p2|Cobalion|
|poke|p2|Rotom-Wash|
|poke|p2|Hydreigon, F|
|poke|p2|Mamoswine, M|
|teampreview
|inactive|Battle timer is ON: inactive players will automatically lose when time's up. (requested by Mimilucha)
|c|☆Mimilucha|jtimer qm
|inactiveoff|Battle timer is now OFF.
|c|☆Mimilucha|fin
|c|☆Mimilucha|met le toi
|j| LT94JE Dkun
|inactive|Battle timer is ON: inactive players will automatically lose when time's up. (requested by Physarum)
|c|☆Mimilucha|nickel
|c|☆Mimilucha|hf
|c|☆Physarum|gl hf
|j| Scavet
|
|t:|1661717028
|start
|switch|p1a: Tangrowth|Tangrowth, F|100/100
|switch|p2a: Rotom|Rotom-Wash|100/100
|turn|1
|
|t:|1661717035
|move|p2a: Rotom|Volt Switch|p1a: Tangrowth
|-resisted|p1a: Tangrowth
|-damage|p1a: Tangrowth|93/100
|
|t:|1661717037
|switch|p2a: Slowbro|Slowbro-Galar, M|100/100|[from]move: Volt Switch
|move|p1a: Tangrowth|Knock Off|p2a: Slowbro
|-supereffective|p2a: Slowbro
|-enditem|p2a: Slowbro|Colbur Berry|[eat]
|-enditem|p2a: Slowbro|Colbur Berry|[weaken]
|-damage|p2a: Slowbro|85/100
|
|upkeep
|turn|2
|
|t:|1661717049
|move|p1a: Tangrowth|Earthquake|p2a: Slowbro
|-supereffective|p2a: Slowbro
|-damage|p2a: Slowbro|54/100
|move|p2a: Slowbro|Sludge Bomb|p1a: Tangrowth
|-supereffective|p1a: Tangrowth
|-damage|p1a: Tangrowth|56/100
|
|upkeep
|turn|3
|j| jeza.p
|j| mimilimi ♫☯
|inactive|Physarum has 270 seconds left.
|
|t:|1661717080
|switch|p1a: Flygon|Flygon, M|100/100
|switch|p2a: Cobalion|Cobalion|100/100
|
|upkeep
|turn|4
|c| jeza.p|50£ paypal et je link la team de mimilucha
|inactive|Physarum has 270 seconds left.
|c| jeza.p|:clown:
|c|☆Mimilucha|ta mère toi
|c|☆Mimilucha|mdrrr
|
|t:|1661717101
|switch|p2a: Tangrowth|Tangrowth, F|100/100
|switch|p1a: Hippowdon|Hippowdon, M|100/100
|-weather|Sandstorm|[from] ability: Sand Stream|[of] p1a: Hippowdon
|
|-weather|Sandstorm|[upkeep]
|-damage|p2a: Tangrowth|94/100|[from] Sandstorm
|upkeep
|turn|5
|inactive|Physarum has 270 seconds left.
|
|t:|1661717112
|switch|p2a: Rotom|Rotom-Wash|100/100
|switch|p1a: Scizor|Scizor, M|100/100
|
|-weather|Sandstorm|[upkeep]
|-damage|p2a: Rotom|94/100|[from] Sandstorm
|-heal|p2a: Rotom|100/100|[from] item: Leftovers
|upkeep
|turn|6
|inactive|Physarum has 270 seconds left.
|
|t:|1661717122
|switch|p1a: Flygon|Flygon, M|100/100
|move|p2a: Rotom|Volt Switch|p1a: Flygon
|-immune|p1a: Flygon
|
|-weather|Sandstorm|[upkeep]
|-damage|p2a: Rotom|94/100|[from] Sandstorm
|-heal|p2a: Rotom|100/100|[from] item: Leftovers
|upkeep
|turn|7
|
|t:|1661717131
|switch|p2a: Tangrowth|Tangrowth, F|100/100
|move|p1a: Flygon|Toxic|p2a: Tangrowth
|-status|p2a: Tangrowth|tox
|
|-weather|Sandstorm|[upkeep]
|-damage|p2a: Tangrowth|94/100 tox|[from] Sandstorm
|-damage|p2a: Tangrowth|88/100 tox|[from] psn
|upkeep
|turn|8
|inactive|Physarum has 270 seconds left.
|
|t:|1661717152
|switch|p1a: Scizor|Scizor, M|100/100
|move|p2a: Tangrowth|Knock Off|p1a: Scizor
|-damage|p1a: Scizor|79/100
|-enditem|p1a: Scizor|Heavy-Duty Boots|[from] move: Knock Off|[of] p2a: Tangrowth
|
|-weather|none
|-damage|p2a: Tangrowth|76/100 tox|[from] psn
|upkeep
|turn|9
|inactive|Physarum has 270 seconds left.
|
|t:|1661717162
|switch|p2a: Cobalion|Cobalion|100/100
|move|p1a: Scizor|U-turn|p2a: Cobalion
|-resisted|p2a: Cobalion
|-damage|p2a: Cobalion|93/100
|-damage|p1a: Scizor|63/100|[from] item: Rocky Helmet|[of] p2a: Cobalion
|
|t:|1661717173
|switch|p1a: Hippowdon|Hippowdon, M|100/100|[from]move: U-turn
|-weather|Sandstorm|[from] ability: Sand Stream|[of] p1a: Hippowdon
|
|-weather|Sandstorm|[upkeep]
|upkeep
|turn|10
|j| 2 siblings demon
|
|t:|1661717181
|move|p2a: Cobalion|Toxic|p1a: Hippowdon
|-status|p1a: Hippowdon|tox
|move|p1a: Hippowdon|Stealth Rock|p2a: Cobalion
|-sidestart|p2: Mimilucha|move: Stealth Rock
|
|-weather|Sandstorm|[upkeep]
|-damage|p1a: Hippowdon|94/100 tox|[from] psn
|upkeep
|turn|11
|inactive|Physarum has 270 seconds left.
|
|t:|1661717196
|switch|p2a: Tangrowth|Tangrowth, F|100/100 tox
|-damage|p2a: Tangrowth|88/100 tox|[from] Stealth Rock
|switch|p1a: Tangrowth|Tangrowth, F|90/100
|
|-weather|Sandstorm|[upkeep]
|-damage|p1a: Tangrowth|83/100|[from] Sandstorm
|-damage|p2a: Tangrowth|82/100 tox|[from] Sandstorm
|-damage|p2a: Tangrowth|76/100 tox|[from] psn
|upkeep
|turn|12
|inactive|Physarum has 270 seconds left.
|
|t:|1661717205
|switch|p2a: Slowbro|Slowbro-Galar, M|87/100
|-damage|p2a: Slowbro|75/100|[from] Stealth Rock
|move|p1a: Tangrowth|Knock Off|p2a: Slowbro
|-supereffective|p2a: Slowbro
|-damage|p2a: Slowbro|57/100
|
|-weather|Sandstorm|[upkeep]
|-damage|p1a: Tangrowth|77/100|[from] Sandstorm
|-damage|p2a: Slowbro|51/100|[from] Sandstorm
|upkeep
|turn|13
|inactive|Physarum has 270 seconds left.
|n| Sir crocodile love|2siblingsdemon
|n| Sir crocodile love|sircrocodilelove
|inactive|Physarum has 240 seconds left.
|
|t:|1661717246
|switch|p1a: Hippowdon|Hippowdon, M|94/100 tox
|move|p2a: Slowbro|Slack Off|p2a: Slowbro
|-heal|p2a: Slowbro|100/100
|
|-weather|none
|-heal|p1a: Hippowdon|100/100 tox|[from] item: Leftovers
|-damage|p1a: Hippowdon|94/100 tox|[from] psn
|upkeep
|turn|14
|inactive|Physarum has 240 seconds left.
|
|t:|1661717264
|switch|p2a: Rotom|Rotom-Wash|100/100
|-damage|p2a: Rotom|88/100|[from] Stealth Rock
|move|p1a: Hippowdon|Earthquake|p2a: Rotom
|-immune|p2a: Rotom|[from] ability: Levitate
|
|-heal|p2a: Rotom|94/100|[from] item: Leftovers
|-heal|p1a: Hippowdon|100/100 tox|[from] item: Leftovers
|-damage|p1a: Hippowdon|88/100 tox|[from] psn
|upkeep
|turn|15
|l| Sir crocodile love
|inactive|Physarum has 240 seconds left.
|j| Sir crocodile love
|
|t:|1661717277
|switch|p1a: Flygon|Flygon, M|100/100
|move|p2a: Rotom|Defog|p1a: Flygon
|-unboost|p1a: Flygon|evasion|1
|-sideend|p2: Mimilucha|Stealth Rock|[from] move: Defog|[of] p2a: Rotom
|
|-heal|p2a: Rotom|100/100|[from] item: Leftovers
|upkeep
|turn|16
|inactive|Physarum has 240 seconds left.
|l| Sir crocodile love
|inactive|Physarum has 210 seconds left.
|
|t:|1661717320
|switch|p2a: Tangrowth|Tangrowth, F|100/100 tox
|switch|p1a: Tangrowth|Tangrowth, F|100/100
|
|-damage|p2a: Tangrowth|94/100 tox|[from] psn
|upkeep
|turn|17
|inactive|Physarum has 210 seconds left.
|j| Sir crocodile love
|
|t:|1661717346
|switch|p1a: Scizor|Scizor, M|63/100
|switch|p2a: Slowbro|Slowbro-Galar, M|100/100
|
|upkeep
|turn|18
|
|t:|1661717352
|move|p1a: Scizor|U-turn|p2a: Slowbro
|-damage|p2a: Slowbro|78/100
|n| Spoire 45|sircrocodilelove
|
|t:|1661717365
|switch|p1a: Hippowdon|Hippowdon, M|88/100 tox|[from]move: U-turn
|-weather|Sandstorm|[from] ability: Sand Stream|[of] p1a: Hippowdon
|move|p2a: Slowbro|Flamethrower|p1a: Hippowdon
|-damage|p1a: Hippowdon|70/100 tox
|
|-weather|Sandstorm|[upkeep]
|-damage|p2a: Slowbro|72/100|[from] Sandstorm
|-heal|p1a: Hippowdon|76/100 tox|[from] item: Leftovers
|-damage|p1a: Hippowdon|70/100 tox|[from] psn
|upkeep
|turn|19
|
|t:|1661717380
|move|p1a: Hippowdon|Stealth Rock|p2a: Slowbro
|-sidestart|p2: Mimilucha|move: Stealth Rock
|move|p2a: Slowbro|Slack Off|p2a: Slowbro
|-heal|p2a: Slowbro|100/100
|
|-weather|Sandstorm|[upkeep]
|-damage|p2a: Slowbro|94/100|[from] Sandstorm
|-heal|p1a: Hippowdon|76/100 tox|[from] item: Leftovers
|-damage|p1a: Hippowdon|64/100 tox|[from] psn
|upkeep
|turn|20
|
|t:|1661717391
|move|p1a: Hippowdon|Slack Off|p1a: Hippowdon
|-heal|p1a: Hippowdon|100/100 tox
|move|p2a: Slowbro|Slack Off|p2a: Slowbro
|-heal|p2a: Slowbro|100/100
|
|-weather|Sandstorm|[upkeep]
|-damage|p2a: Slowbro|94/100|[from] Sandstorm
|-damage|p1a: Hippowdon|82/100 tox|[from] psn
|upkeep
|turn|21
|inactive|Physarum has 180 seconds left.
|
|t:|1661717436
|switch|p1a: Tangrowth|Tangrowth, F|100/100
|move|p2a: Slowbro|Sludge Bomb|p1a: Tangrowth
|-supereffective|p1a: Tangrowth
|-damage|p1a: Tangrowth|60/100
|
|-weather|Sandstorm|[upkeep]
|-damage|p1a: Tangrowth|54/100|[from] Sandstorm
|-damage|p2a: Slowbro|88/100|[from] Sandstorm
|upkeep
|turn|22
|inactive|Physarum has 150 seconds left.
|
|t:|1661717454
|switch|p1a: Hippowdon|Hippowdon, M|82/100 tox
|move|p2a: Slowbro|Sludge Bomb|p1a: Hippowdon
|-resisted|p1a: Hippowdon
|-damage|p1a: Hippowdon|68/100 tox
|
|-weather|none
|-heal|p1a: Hippowdon|75/100 tox|[from] item: Leftovers
|-damage|p1a: Hippowdon|68/100 tox|[from] psn
|upkeep
|turn|23
|
|t:|1661717465
|switch|p2a: Rotom|Rotom-Wash|100/100
|-damage|p2a: Rotom|88/100|[from] Stealth Rock
|move|p1a: Hippowdon|Slack Off|p1a: Hippowdon
|-heal|p1a: Hippowdon|100/100 tox
|
|-heal|p2a: Rotom|94/100|[from] item: Leftovers
|-damage|p1a: Hippowdon|88/100 tox|[from] psn
|upkeep
|turn|24
|inactive|Physarum has 150 seconds left.
|
|t:|1661717489
|switch|p1a: Tangrowth|Tangrowth, F|87/100
|move|p2a: Rotom|Defog|p1a: Tangrowth
|-unboost|p1a: Tangrowth|evasion|1
|-sideend|p2: Mimilucha|Stealth Rock|[from] move: Defog|[of] p2a: Rotom
|
|-heal|p2a: Rotom|100/100|[from] item: Leftovers
|upkeep
|turn|25
|inactive|Physarum has 150 seconds left.
|
|t:|1661717508
|switch|p2a: Slowbro|Slowbro-Galar, M|100/100
|move|p1a: Tangrowth|Earthquake|p2a: Slowbro
|-supereffective|p2a: Slowbro
|-damage|p2a: Slowbro|72/100
|
|upkeep
|turn|26
|
|t:|1661717531
|switch|p1a: Scizor|Scizor, M|63/100
|switch|p2a: Hydreigon|Hydreigon, F|100/100
|
|upkeep
|turn|27
|
|t:|1661717539
|switch|p1a: Primarina|Primarina, M|100/100
|move|p2a: Hydreigon|U-turn|p1a: Primarina
|-resisted|p1a: Primarina
|-damage|p1a: Primarina|93/100
|
|t:|1661717546
|switch|p2a: Tangrowth|Tangrowth, F|100/100 tox|[from]move: U-turn
|
|-heal|p1a: Primarina|99/100|[from] item: Leftovers
|-damage|p2a: Tangrowth|94/100 tox|[from] psn
|upkeep
|turn|28
|
|t:|1661717557
|switch|p1a: Scizor|Scizor, M|63/100
|switch|p2a: Cobalion|Cobalion|93/100
|
|upkeep
|turn|29
|
|t:|1661717576
|switch|p1a: Tangrowth|Tangrowth, F|100/100
|move|p2a: Cobalion|Stealth Rock|p1a: Tangrowth
|-sidestart|p1: Physarum|move: Stealth Rock
|
|upkeep
|turn|30
|inactive|Physarum has 120 seconds left.
|
|t:|1661717610
|switch|p2a: Hydreigon|Hydreigon, F|100/100
|move|p1a: Tangrowth|Earthquake|p2a: Hydreigon
|-immune|p2a: Hydreigon|[from] ability: Levitate
|
|upkeep
|turn|31
|inactive|Physarum has 120 seconds left.
|
|t:|1661717618
|move|p2a: Hydreigon|U-turn|p1a: Tangrowth
|-supereffective|p1a: Tangrowth
|-damage|p1a: Tangrowth|80/100
|
|t:|1661717621
|switch|p2a: Slowbro|Slowbro-Galar, M|100/100|[from]move: U-turn
|move|p1a: Tangrowth|Poison Jab|p2a: Slowbro
|-resisted|p2a: Slowbro
|-damage|p2a: Slowbro|94/100
|
|upkeep
|turn|32
|inactive|Physarum has 120 seconds left.
|
|t:|1661717642
|switch|p1a: Skarmory|Skarmory, M|100/100
|-damage|p1a: Skarmory|88/100|[from] Stealth Rock
|move|p2a: Slowbro|Calm Mind|p2a: Slowbro
|-boost|p2a: Slowbro|spa|1
|-boost|p2a: Slowbro|spd|1
|
|upkeep
|turn|33
|inactive|Physarum has 120 seconds left.
|
|t:|1661717651
|switch|p1a: Hippowdon|Hippowdon, M|88/100 tox
|-damage|p1a: Hippowdon|82/100 tox|[from] Stealth Rock
|-weather|Sandstorm|[from] ability: Sand Stream|[of] p1a: Hippowdon
|move|p2a: Slowbro|Flamethrower|p1a: Hippowdon
|-damage|p1a: Hippowdon|55/100 tox
|
|-weather|Sandstorm|[upkeep]
|-damage|p2a: Slowbro|88/100|[from] Sandstorm
|-heal|p1a: Hippowdon|61/100 tox|[from] item: Leftovers
|-damage|p1a: Hippowdon|55/100 tox|[from] psn
|upkeep
|turn|34
|j| Lambovino
|inactive|Physarum has 120 seconds left.
|
|t:|1661717663
|move|p2a: Slowbro|Slack Off|p2a: Slowbro
|-heal|p2a: Slowbro|100/100
|move|p1a: Hippowdon|Whirlwind|p2a: Slowbro
|drag|p2a: Mamoswine|Mamoswine, M|100/100
|
|-weather|Sandstorm|[upkeep]
|-heal|p1a: Hippowdon|61/100 tox|[from] item: Leftovers
|-damage|p1a: Hippowdon|49/100 tox|[from] psn
|upkeep
|turn|35
|j| Bhalal
|inactive|Physarum has 120 seconds left.
|
|t:|1661717678
|switch|p1a: Skarmory|Skarmory, M|88/100
|-damage|p1a: Skarmory|76/100|[from] Stealth Rock
|move|p2a: Mamoswine|Icicle Crash|p1a: Skarmory
|-damage|p1a: Skarmory|40/100
|-damage|p2a: Mamoswine|91/100|[from] item: Life Orb
|
|-weather|Sandstorm|[upkeep]
|upkeep
|turn|36
|inactive|Physarum has 120 seconds left.
|
|t:|1661717687
|switch|p2a: Hydreigon|Hydreigon, F|100/100
|move|p1a: Skarmory|Roost|p1a: Skarmory
|-heal|p1a: Skarmory|90/100
|-singleturn|p1a: Skarmory|move: Roost
|
|-weather|Sandstorm|[upkeep]
|-damage|p2a: Hydreigon|94/100|[from] Sandstorm
|upkeep
|turn|37
|inactive|Physarum has 120 seconds left.
|
|t:|1661717709
|move|p2a: Hydreigon|U-turn|p1a: Skarmory
|-resisted|p1a: Skarmory
|-damage|p1a: Skarmory|87/100
|-damage|p2a: Hydreigon|78/100|[from] item: Rocky Helmet|[of] p1a: Skarmory
|
|t:|1661717712
|switch|p2a: Slowbro|Slowbro-Galar, M|100/100|[from]move: U-turn
|move|p1a: Skarmory|Spikes|p2a: Slowbro
|-sidestart|p2: Mimilucha|Spikes
|
|-weather|none
|upkeep
|turn|38
|inactive|Physarum has 120 seconds left.
|
|t:|1661717719
|switch|p1a: Hippowdon|Hippowdon, M|49/100 tox
|-damage|p1a: Hippowdon|42/100 tox|[from] Stealth Rock
|-weather|Sandstorm|[from] ability: Sand Stream|[of] p1a: Hippowdon
|move|p2a: Slowbro|Calm Mind|p2a: Slowbro
|-boost|p2a: Slowbro|spa|1
|-boost|p2a: Slowbro|spd|1
|
|-weather|Sandstorm|[upkeep]
|-damage|p2a: Slowbro|94/100|[from] Sandstorm
|-heal|p1a: Hippowdon|49/100 tox|[from] item: Leftovers
|-damage|p1a: Hippowdon|42/100 tox|[from] psn
|upkeep
|turn|39
|inactive|Physarum has 120 seconds left.
|
|t:|1661717731
|move|p1a: Hippowdon|Slack Off|p1a: Hippowdon
|-heal|p1a: Hippowdon|92/100 tox
|move|p2a: Slowbro|Flamethrower|p1a: Hippowdon
|-damage|p1a: Hippowdon|66/100 tox
|
|-weather|Sandstorm|[upkeep]
|-damage|p2a: Slowbro|88/100|[from] Sandstorm
|-heal|p1a: Hippowdon|73/100 tox|[from] item: Leftovers
|-damage|p1a: Hippowdon|60/100 tox|[from] psn
|upkeep
|turn|40
|inactive|Physarum has 120 seconds left.
|j| Akeras
|
|t:|1661717753
|move|p2a: Slowbro|Slack Off|p2a: Slowbro
|-heal|p2a: Slowbro|100/100
|move|p1a: Hippowdon|Whirlwind|p2a: Slowbro
|drag|p2a: Tangrowth|Tangrowth, F|100/100 tox
|-damage|p2a: Tangrowth|88/100 tox|[from] Spikes
|
|-weather|Sandstorm|[upkeep]
|-damage|p2a: Tangrowth|82/100 tox|[from] Sandstorm
|-heal|p1a: Hippowdon|66/100 tox|[from] item: Leftovers
|-damage|p2a: Tangrowth|76/100 tox|[from] psn
|-damage|p1a: Hippowdon|48/100 tox|[from] psn
|upkeep
|turn|41
|
|t:|1661717771
|switch|p2a: Hydreigon|Hydreigon, F|78/100
|switch|p1a: Scizor|Scizor, M|63/100
|-damage|p1a: Scizor|50/100|[from] Stealth Rock
|
|-weather|Sandstorm|[upkeep]
|-damage|p2a: Hydreigon|72/100|[from] Sandstorm
|upkeep
|turn|42
|
|t:|1661717789
|switch|p1a: Primarina|Primarina, M|99/100
|-damage|p1a: Primarina|87/100|[from] Stealth Rock
|move|p2a: Hydreigon|U-turn|p1a: Primarina
|-resisted|p1a: Primarina
|-damage|p1a: Primarina|80/100
|
|t:|1661717793
|switch|p2a: Tangrowth|Tangrowth, F|100/100 tox|[from]move: U-turn
|-damage|p2a: Tangrowth|88/100 tox|[from] Spikes
|
|-weather|none
|-heal|p1a: Primarina|86/100|[from] item: Leftovers
|-damage|p2a: Tangrowth|82/100 tox|[from] psn
|upkeep
|turn|43
|
|t:|1661717803
|switch|p1a: Scizor|Scizor, M|50/100
|-damage|p1a: Scizor|38/100|[from] Stealth Rock
|switch|p2a: Slowbro|Slowbro-Galar, M|100/100
|-damage|p2a: Slowbro|88/100|[from] Spikes
|
|upkeep
|turn|44
|
|t:|1661717810
|move|p1a: Scizor|U-turn|p2a: Slowbro
|-damage|p2a: Slowbro|65/100
|
|t:|1661717816
|switch|p1a: Hippowdon|Hippowdon, M|48/100 tox|[from]move: U-turn
|-damage|p1a: Hippowdon|42/100 tox|[from] Stealth Rock
|-weather|Sandstorm|[from] ability: Sand Stream|[of] p1a: Hippowdon
|move|p2a: Slowbro|Flamethrower|p1a: Hippowdon
|-damage|p1a: Hippowdon|26/100 tox
|
|-weather|Sandstorm|[upkeep]
|-damage|p2a: Slowbro|59/100|[from] Sandstorm
|-heal|p1a: Hippowdon|32/100 tox|[from] item: Leftovers
|-damage|p1a: Hippowdon|26/100 tox|[from] psn
|upkeep
|turn|45
|inactive|Physarum has 120 seconds left.
|
|t:|1661717829
|switch|p2a: Rotom|Rotom-Wash|100/100
|move|p1a: Hippowdon|Slack Off|p1a: Hippowdon
|-heal|p1a: Hippowdon|76/100 tox
|
|-weather|Sandstorm|[upkeep]
|-damage|p2a: Rotom|94/100|[from] Sandstorm
|-heal|p2a: Rotom|100/100|[from] item: Leftovers
|-heal|p1a: Hippowdon|82/100 tox|[from] item: Leftovers
|-damage|p1a: Hippowdon|70/100 tox|[from] psn
|upkeep
|turn|46
|inactive|Physarum has 120 seconds left.
|
|t:|1661717847
|switch|p1a: Tangrowth|Tangrowth, F|100/100
|-damage|p1a: Tangrowth|88/100|[from] Stealth Rock
|move|p2a: Rotom|Volt Switch|p1a: Tangrowth
|-resisted|p1a: Tangrowth
|-damage|p1a: Tangrowth|80/100
|j| Micciu20250
|
|t:|1661717849
|switch|p2a: Slowbro|Slowbro-Galar, M|92/100|[from]move: Volt Switch
|-damage|p2a: Slowbro|80/100|[from] Spikes
|
|-weather|Sandstorm|[upkeep]
|-damage|p1a: Tangrowth|74/100|[from] Sandstorm
|-damage|p2a: Slowbro|74/100|[from] Sandstorm
|upkeep
|turn|47
|inactive|Physarum has 120 seconds left.
|
|t:|1661717877
|switch|p1a: Hippowdon|Hippowdon, M|70/100 tox
|-damage|p1a: Hippowdon|63/100 tox|[from] Stealth Rock
|move|p2a: Slowbro|Calm Mind|p2a: Slowbro
|-boost|p2a: Slowbro|spa|1
|-boost|p2a: Slowbro|spd|1
|
|-weather|Sandstorm|[upkeep]
|-damage|p2a: Slowbro|68/100|[from] Sandstorm
|-heal|p1a: Hippowdon|70/100 tox|[from] item: Leftovers
|-damage|p1a: Hippowdon|63/100 tox|[from] psn
|upkeep
|turn|48
|l| Micciu20250
|
|t:|1661717893
|switch|p2a: Rotom|Rotom-Wash|100/100
|move|p1a: Hippowdon|Slack Off|p1a: Hippowdon
|-heal|p1a: Hippowdon|100/100 tox
|
|-weather|none
|-damage|p1a: Hippowdon|88/100 tox|[from] psn
|upkeep
|turn|49
|
|t:|1661717900
|switch|p1a: Flygon|Flygon, M|100/100
|-damage|p1a: Flygon|94/100|[from] Stealth Rock
|move|p2a: Rotom|Volt Switch|p1a: Flygon
|-immune|p1a: Flygon
|
|-heal|p1a: Flygon|100/100|[from] item: Leftovers
|upkeep
|turn|50
|
|t:|1661717915
|switch|p2a: Tangrowth|Tangrowth, F|100/100 tox
|-damage|p2a: Tangrowth|88/100 tox|[from] Spikes
|move|p1a: Flygon|Flamethrower|p2a: Tangrowth
|-supereffective|p2a: Tangrowth
|-damage|p2a: Tangrowth|65/100 tox
|
|-damage|p2a: Tangrowth|59/100 tox|[from] psn
|upkeep
|turn|51
|
|t:|1661717931
|switch|p1a: Scizor|Scizor, M|38/100
|-damage|p1a: Scizor|26/100|[from] Stealth Rock
|switch|p2a: Slowbro|Slowbro-Galar, M|100/100
|-damage|p2a: Slowbro|88/100|[from] Spikes
|
|upkeep
|turn|52
|
|t:|1661717939
|move|p1a: Scizor|U-turn|p2a: Slowbro
|-crit|p2a: Slowbro
|-damage|p2a: Slowbro|58/100
|
|t:|1661717945
|switch|p1a: Hippowdon|Hippowdon, M|88/100 tox|[from]move: U-turn
|-damage|p1a: Hippowdon|82/100 tox|[from] Stealth Rock
|-weather|Sandstorm|[from] ability: Sand Stream|[of] p1a: Hippowdon
|move|p2a: Slowbro|Calm Mind|p2a: Slowbro
|-boost|p2a: Slowbro|spa|1
|-boost|p2a: Slowbro|spd|1
|
|-weather|Sandstorm|[upkeep]
|-damage|p2a: Slowbro|52/100|[from] Sandstorm
|-heal|p1a: Hippowdon|88/100 tox|[from] item: Leftovers
|-damage|p1a: Hippowdon|82/100 tox|[from] psn
|upkeep
|turn|53
|l| Spoire 45
|
|t:|1661717958
|switch|p2a: Hydreigon|Hydreigon, F|72/100
|move|p1a: Hippowdon|Stealth Rock|p2a: Hydreigon
|-sidestart|p2: Mimilucha|move: Stealth Rock
|
|-weather|Sandstorm|[upkeep]
|-damage|p2a: Hydreigon|65/100|[from] Sandstorm
|-heal|p1a: Hippowdon|88/100 tox|[from] item: Leftovers
|-damage|p1a: Hippowdon|76/100 tox|[from] psn
|upkeep
|turn|54
|
|t:|1661717974
|switch|p1a: Tangrowth|Tangrowth, F|100/100
|-damage|p1a: Tangrowth|88/100|[from] Stealth Rock
|move|p2a: Hydreigon|U-turn|p1a: Tangrowth
|-supereffective|p1a: Tangrowth
|-damage|p1a: Tangrowth|69/100
|
|t:|1661717977
|switch|p2a: Slowbro|Slowbro-Galar, M|85/100|[from]move: U-turn
|-damage|p2a: Slowbro|72/100|[from] Spikes
|-damage|p2a: Slowbro|60/100|[from] Stealth Rock
|
|-weather|Sandstorm|[upkeep]
|-damage|p1a: Tangrowth|63/100|[from] Sandstorm
|-damage|p2a: Slowbro|54/100|[from] Sandstorm
|upkeep
|turn|55
|
|t:|1661717988
|switch|p1a: Hippowdon|Hippowdon, M|76/100 tox
|-damage|p1a: Hippowdon|70/100 tox|[from] Stealth Rock
|move|p2a: Slowbro|Slack Off|p2a: Slowbro
|-heal|p2a: Slowbro|100/100
|
|-weather|Sandstorm|[upkeep]
|-damage|p2a: Slowbro|94/100|[from] Sandstorm
|-heal|p1a: Hippowdon|76/100 tox|[from] item: Leftovers
|-damage|p1a: Hippowdon|70/100 tox|[from] psn
|upkeep
|turn|56
|
|t:|1661718003
|move|p2a: Slowbro|Sludge Bomb|p1a: Hippowdon
|-resisted|p1a: Hippowdon
|-damage|p1a: Hippowdon|56/100 tox
|move|p1a: Hippowdon|Whirlwind|p2a: Slowbro
|drag|p2a: Tangrowth|Tangrowth, F|92/100 tox
|-damage|p2a: Tangrowth|80/100 tox|[from] Spikes
|-damage|p2a: Tangrowth|68/100 tox|[from] Stealth Rock
|
|-weather|none
|-heal|p1a: Hippowdon|62/100 tox|[from] item: Leftovers
|-damage|p2a: Tangrowth|61/100 tox|[from] psn
|-damage|p1a: Hippowdon|50/100 tox|[from] psn
|upkeep
|turn|57
|c| Bhalal|Scavet pour toi c'est quoi scizor ?
|
|t:|1661718016
|switch|p2a: Rotom|Rotom-Wash|100/100
|-damage|p2a: Rotom|88/100|[from] Stealth Rock
|move|p1a: Hippowdon|Slack Off|p1a: Hippowdon
|-heal|p1a: Hippowdon|99/100 tox
|
|-heal|p2a: Rotom|94/100|[from] item: Leftovers
|-heal|p1a: Hippowdon|100/100 tox|[from] item: Leftovers
|-damage|p1a: Hippowdon|82/100 tox|[from] psn
|upkeep
|turn|58
|
|t:|1661718031
|switch|p1a: Flygon|Flygon, M|100/100
|-damage|p1a: Flygon|94/100|[from] Stealth Rock
|move|p2a: Rotom|Defog|p1a: Flygon
|-unboost|p1a: Flygon|evasion|1
|-sideend|p1: Physarum|Stealth Rock|[from] move: Defog|[of] p2a: Rotom
|-sideend|p2: Mimilucha|Spikes|[from] move: Defog|[of] p2a: Rotom
|-sideend|p2: Mimilucha|Stealth Rock|[from] move: Defog|[of] p2a: Rotom
|
|-heal|p2a: Rotom|100/100|[from] item: Leftovers
|-heal|p1a: Flygon|100/100|[from] item: Leftovers
|upkeep
|turn|59
|c| Scavet|c la victoire
|c| Scavet|xddddd
|inactive|Physarum has 90 seconds left.
|
|t:|1661718051
|switch|p2a: Slowbro|Slowbro-Galar, M|100/100
|move|p1a: Flygon|Flamethrower|p2a: Slowbro
|-damage|p2a: Slowbro|79/100
|
|upkeep
|turn|60
|c| Bhalal|Xd t'es marrant toi
|
|t:|1661718060
|switch|p1a: Hippowdon|Hippowdon, M|82/100 tox
|-weather|Sandstorm|[from] ability: Sand Stream|[of] p1a: Hippowdon
|move|p2a: Slowbro|Calm Mind|p2a: Slowbro
|-boost|p2a: Slowbro|spa|1
|-boost|p2a: Slowbro|spd|1
|
|-weather|Sandstorm|[upkeep]
|-damage|p2a: Slowbro|73/100|[from] Sandstorm
|-heal|p1a: Hippowdon|88/100 tox|[from] item: Leftovers
|-damage|p1a: Hippowdon|82/100 tox|[from] psn
|upkeep
|turn|61
|
|t:|1661718072
|move|p1a: Hippowdon|Earthquake|p2a: Slowbro
|-supereffective|p2a: Slowbro
|-damage|p2a: Slowbro|26/100
|move|p2a: Slowbro|Slack Off|p2a: Slowbro
|-heal|p2a: Slowbro|76/100
|
|-weather|Sandstorm|[upkeep]
|-damage|p2a: Slowbro|70/100|[from] Sandstorm
|-heal|p1a: Hippowdon|88/100 tox|[from] item: Leftovers
|-damage|p1a: Hippowdon|76/100 tox|[from] psn
|upkeep
|turn|62
|
|t:|1661718084
|move|p2a: Slowbro|Slack Off|p2a: Slowbro
|-heal|p2a: Slowbro|100/100
|move|p1a: Hippowdon|Whirlwind|p2a: Slowbro
|drag|p2a: Cobalion|Cobalion|93/100
|
|-weather|Sandstorm|[upkeep]
|-heal|p1a: Hippowdon|82/100 tox|[from] item: Leftovers
|-damage|p1a: Hippowdon|63/100 tox|[from] psn
|upkeep
|turn|63
|inactive|Physarum has 90 seconds left.
|l| Bhalal
|l| Akeras
|j| Bhalal
|inactive|Physarum has 60 seconds left.
|
|t:|1661718140
|move|p2a: Cobalion|Stealth Rock|p1a: Hippowdon
|-sidestart|p1: Physarum|move: Stealth Rock
|move|p1a: Hippowdon|Stealth Rock|p2a: Cobalion
|-sidestart|p2: Mimilucha|move: Stealth Rock
|
|-weather|Sandstorm|[upkeep]
|-heal|p1a: Hippowdon|70/100 tox|[from] item: Leftovers
|-damage|p1a: Hippowdon|45/100 tox|[from] psn
|upkeep
|turn|64
|
|t:|1661718151
|switch|p1a: Skarmory|Skarmory, M|87/100
|-damage|p1a: Skarmory|75/100|[from] Stealth Rock
|move|p2a: Cobalion|Close Combat|p1a: Skarmory
|-damage|p1a: Skarmory|46/100
|-unboost|p2a: Cobalion|def|1
|-unboost|p2a: Cobalion|spd|1
|-damage|p2a: Cobalion|77/100|[from] item: Rocky Helmet|[of] p1a: Skarmory
|
|-weather|none
|upkeep
|turn|65
|j| Akeras
|
|t:|1661718161
|move|p2a: Cobalion|Volt Switch|p1a: Skarmory
|-supereffective|p1a: Skarmory
|-damage|p1a: Skarmory|13/100
|
|t:|1661718165
|switch|p2a: Slowbro|Slowbro-Galar, M|100/100|[from]move: Volt Switch
|-damage|p2a: Slowbro|88/100|[from] Stealth Rock
|move|p1a: Skarmory|Roost|p1a: Skarmory
|-heal|p1a: Skarmory|63/100
|-singleturn|p1a: Skarmory|move: Roost
|
|upkeep
|turn|66
|inactive|Physarum has 60 seconds left.
|
|t:|1661718177
|switch|p1a: Hippowdon|Hippowdon, M|45/100 tox
|-damage|p1a: Hippowdon|39/100 tox|[from] Stealth Rock
|-weather|Sandstorm|[from] ability: Sand Stream|[of] p1a: Hippowdon
|move|p2a: Slowbro|Calm Mind|p2a: Slowbro
|-boost|p2a: Slowbro|spa|1
|-boost|p2a: Slowbro|spd|1
|
|-weather|Sandstorm|[upkeep]
|-damage|p2a: Slowbro|82/100|[from] Sandstorm
|-heal|p1a: Hippowdon|45/100 tox|[from] item: Leftovers
|-damage|p1a: Hippowdon|39/100 tox|[from] psn
|upkeep
|turn|67
|inactive|Physarum has 60 seconds left.
|
|t:|1661718189
|move|p1a: Hippowdon|Slack Off|p1a: Hippowdon
|-heal|p1a: Hippowdon|89/100 tox
|move|p2a: Slowbro|Flamethrower|p1a: Hippowdon
|-damage|p1a: Hippowdon|61/100 tox
|
|-weather|Sandstorm|[upkeep]
|-damage|p2a: Slowbro|76/100|[from] Sandstorm
|-heal|p1a: Hippowdon|68/100 tox|[from] item: Leftovers
|-damage|p1a: Hippowdon|55/100 tox|[from] psn
|upkeep
|turn|68
|
|t:|1661718198
|move|p1a: Hippowdon|Slack Off|p1a: Hippowdon
|-heal|p1a: Hippowdon|100/100 tox
|move|p2a: Slowbro|Flamethrower|p1a: Hippowdon
|-damage|p1a: Hippowdon|76/100 tox
|
|-weather|Sandstorm|[upkeep]
|-damage|p2a: Slowbro|70/100|[from] Sandstorm
|-heal|p1a: Hippowdon|82/100 tox|[from] item: Leftovers
|-damage|p1a: Hippowdon|64/100 tox|[from] psn
|upkeep
|turn|69
|
|t:|1661718209
|move|p2a: Slowbro|Slack Off|p2a: Slowbro
|-heal|p2a: Slowbro|100/100
|move|p1a: Hippowdon|Whirlwind|p2a: Slowbro
|drag|p2a: Tangrowth|Tangrowth, F|95/100 tox
|-damage|p2a: Tangrowth|82/100 tox|[from] Stealth Rock
|
|-weather|Sandstorm|[upkeep]
|-damage|p2a: Tangrowth|76/100 tox|[from] Sandstorm
|-heal|p1a: Hippowdon|70/100 tox|[from] item: Leftovers
|-damage|p2a: Tangrowth|70/100 tox|[from] psn
|-damage|p1a: Hippowdon|45/100 tox|[from] psn
|upkeep
|turn|70
|inactive|Physarum has 60 seconds left.
|
|t:|1661718252
|switch|p1a: Scizor|Scizor, M|26/100
|-damage|p1a: Scizor|14/100|[from] Stealth Rock
|move|p2a: Tangrowth|Knock Off|p1a: Scizor
|-damage|p1a: Scizor|1/100
|
|-weather|none
|-damage|p2a: Tangrowth|57/100 tox|[from] psn
|upkeep
|turn|71
|j| Spoire 45
|
|t:|1661718260
|switch|p2a: Slowbro|Slowbro-Galar, M|100/100
|-damage|p2a: Slowbro|88/100|[from] Stealth Rock
|move|p1a: Scizor|Roost|p1a: Scizor
|-heal|p1a: Scizor|51/100
|-singleturn|p1a: Scizor|move: Roost
|
|upkeep
|turn|72
|
|t:|1661718269
|move|p1a: Scizor|U-turn|p2a: Slowbro
|-damage|p2a: Slowbro|65/100
|l| Spoire 45
|
|t:|1661718279
|switch|p1a: Hippowdon|Hippowdon, M|45/100 tox|[from]move: U-turn
|-damage|p1a: Hippowdon|39/100 tox|[from] Stealth Rock
|-weather|Sandstorm|[from] ability: Sand Stream|[of] p1a: Hippowdon
|move|p2a: Slowbro|Flamethrower|p1a: Hippowdon
|-damage|p1a: Hippowdon|23/100 tox
|
|-weather|Sandstorm|[upkeep]
|-damage|p2a: Slowbro|59/100|[from] Sandstorm
|-heal|p1a: Hippowdon|29/100 tox|[from] item: Leftovers
|-damage|p1a: Hippowdon|23/100 tox|[from] psn
|upkeep
|turn|73
|
|t:|1661718290
|move|p1a: Hippowdon|Slack Off|p1a: Hippowdon
|-heal|p1a: Hippowdon|73/100 tox
|move|p2a: Slowbro|Slack Off|p2a: Slowbro
|-heal|p2a: Slowbro|100/100
|
|-weather|Sandstorm|[upkeep]
|-damage|p2a: Slowbro|94/100|[from] Sandstorm
|-heal|p1a: Hippowdon|79/100 tox|[from] item: Leftovers
|-damage|p1a: Hippowdon|67/100 tox|[from] psn
|upkeep
|turn|74
|l| Bhalal
|
|t:|1661718309
|move|p1a: Hippowdon|Slack Off|p1a: Hippowdon
|-heal|p1a: Hippowdon|100/100 tox
|move|p2a: Slowbro|Calm Mind|p2a: Slowbro
|-boost|p2a: Slowbro|spa|1
|-boost|p2a: Slowbro|spd|1
|
|-weather|Sandstorm|[upkeep]
|-damage|p2a: Slowbro|88/100|[from] Sandstorm
|-damage|p1a: Hippowdon|82/100 tox|[from] psn
|upkeep
|turn|75
|
|t:|1661718317
|move|p2a: Slowbro|Flamethrower|p1a: Hippowdon
|-damage|p1a: Hippowdon|56/100 tox
|move|p1a: Hippowdon|Whirlwind|p2a: Slowbro
|drag|p2a: Mamoswine|Mamoswine, M|91/100
|-damage|p2a: Mamoswine|78/100|[from] Stealth Rock
|
|-weather|Sandstorm|[upkeep]
|-heal|p1a: Hippowdon|62/100 tox|[from] item: Leftovers
|-damage|p1a: Hippowdon|38/100 tox|[from] psn
|upkeep
|turn|76
|
|t:|1661718330
|switch|p1a: Scizor|Scizor, M|51/100
|-damage|p1a: Scizor|39/100|[from] Stealth Rock
|move|p2a: Mamoswine|Icicle Crash|p1a: Scizor|[miss]
|-miss|p2a: Mamoswine|p1a: Scizor
|
|-weather|none
|upkeep
|turn|77
|
|t:|1661718343
|switch|p2a: Slowbro|Slowbro-Galar, M|100/100
|-damage|p2a: Slowbro|88/100|[from] Stealth Rock
|move|p1a: Scizor|Roost|p1a: Scizor
|-heal|p1a: Scizor|89/100
|-singleturn|p1a: Scizor|move: Roost
|
|upkeep
|turn|78
|l| Lambovino
|
|t:|1661718353
|move|p1a: Scizor|U-turn|p2a: Slowbro
|-damage|p2a: Slowbro|66/100
|
|t:|1661718357
|switch|p1a: Hippowdon|Hippowdon, M|38/100 tox|[from]move: U-turn
|-damage|p1a: Hippowdon|31/100 tox|[from] Stealth Rock
|-weather|Sandstorm|[from] ability: Sand Stream|[of] p1a: Hippowdon
|move|p2a: Slowbro|Calm Mind|p2a: Slowbro
|-boost|p2a: Slowbro|spa|1
|-boost|p2a: Slowbro|spd|1
|
|-weather|Sandstorm|[upkeep]
|-damage|p2a: Slowbro|60/100|[from] Sandstorm
|-heal|p1a: Hippowdon|38/100 tox|[from] item: Leftovers
|-damage|p1a: Hippowdon|31/100 tox|[from] psn
|upkeep
|turn|79
|inactive|Physarum has 60 seconds left.
|
|t:|1661718371
|move|p1a: Hippowdon|Earthquake|p2a: Slowbro
|-supereffective|p2a: Slowbro
|-damage|p2a: Slowbro|14/100
|move|p2a: Slowbro|Flamethrower|p1a: Hippowdon
|-damage|p1a: Hippowdon|4/100 tox
|
|-weather|Sandstorm|[upkeep]
|-damage|p2a: Slowbro|8/100|[from] Sandstorm
|-heal|p1a: Hippowdon|10/100 tox|[from] item: Leftovers
|-damage|p1a: Hippowdon|0 fnt|[from] psn
|faint|p1a: Hippowdon
|upkeep
|inactive|Physarum has 60 seconds left.
|
|t:|1661718382
|switch|p1a: Scizor|Scizor, M|89/100
|-damage|p1a: Scizor|77/100|[from] Stealth Rock
|turn|80
|
|t:|1661718387
|switch|p2a: Cobalion|Cobalion|77/100
|-damage|p2a: Cobalion|74/100|[from] Stealth Rock
|move|p1a: Scizor|U-turn|p2a: Cobalion
|-resisted|p2a: Cobalion
|-damage|p2a: Cobalion|66/100
|-damage|p1a: Scizor|60/100|[from] item: Rocky Helmet|[of] p2a: Cobalion
|inactive|Physarum has 60 seconds left.
|
|t:|1661718400
|switch|p1a: Tangrowth|Tangrowth, F|96/100|[from]move: U-turn
|-damage|p1a: Tangrowth|83/100|[from] Stealth Rock
|
|-weather|Sandstorm|[upkeep]
|-damage|p1a: Tangrowth|77/100|[from] Sandstorm
|upkeep
|turn|81
|
|t:|1661718408
|move|p2a: Cobalion|Toxic|p1a: Tangrowth
|-status|p1a: Tangrowth|tox
|move|p1a: Tangrowth|Earthquake|p2a: Cobalion
|-supereffective|p2a: Cobalion
|-damage|p2a: Cobalion|24/100
|
|-weather|Sandstorm|[upkeep]
|-damage|p1a: Tangrowth|71/100 tox|[from] Sandstorm
|-damage|p1a: Tangrowth|65/100 tox|[from] psn
|upkeep
|turn|82
|inactive|Physarum has 60 seconds left.
|j| Arakd’eau✞
|j| Bhalal
|inactive|Physarum has 30 seconds left.
|
|t:|1661718455
|switch|p2a: Hydreigon|Hydreigon, F|65/100
|-damage|p2a: Hydreigon|53/100|[from] Stealth Rock
|switch|p1a: Flygon|Flygon, M|100/100
|-damage|p1a: Flygon|94/100|[from] Stealth Rock
|
|-weather|none
|-heal|p1a: Flygon|100/100|[from] item: Leftovers
|upkeep
|turn|83
|inactive|Physarum has 30 seconds left.
|
|t:|1661718467
|move|p2a: Hydreigon|U-turn|p1a: Flygon
|-damage|p1a: Flygon|84/100
|
|t:|1661718474
|switch|p2a: Rotom|Rotom-Wash|100/100|[from]move: U-turn
|-damage|p2a: Rotom|88/100|[from] Stealth Rock
|move|p1a: Flygon|Flamethrower|p2a: Rotom
|-resisted|p2a: Rotom
|-damage|p2a: Rotom|79/100
|
|-heal|p2a: Rotom|85/100|[from] item: Leftovers
|-heal|p1a: Flygon|90/100|[from] item: Leftovers
|upkeep
|turn|84
|l| Arakd’eau✞
|inactive|Physarum has 30 seconds left.
|
|t:|1661718489
|move|p2a: Rotom|Defog|p1a: Flygon
|-unboost|p1a: Flygon|evasion|1
|-sideend|p1: Physarum|Stealth Rock|[from] move: Defog|[of] p2a: Rotom
|-sideend|p2: Mimilucha|Stealth Rock|[from] move: Defog|[of] p2a: Rotom
|move|p1a: Flygon|Flamethrower|p2a: Rotom
|-resisted|p2a: Rotom
|-damage|p2a: Rotom|76/100
|
|-heal|p2a: Rotom|82/100|[from] item: Leftovers
|-heal|p1a: Flygon|96/100|[from] item: Leftovers
|upkeep
|turn|85
|
|t:|1661718500
|switch|p2a: Tangrowth|Tangrowth, F|91/100 tox
|move|p1a: Flygon|Flamethrower|p2a: Tangrowth
|-supereffective|p2a: Tangrowth
|-damage|p2a: Tangrowth|69/100 tox
|
|-heal|p1a: Flygon|100/100|[from] item: Leftovers
|-damage|p2a: Tangrowth|63/100 tox|[from] psn
|upkeep
|turn|86
|inactive|Physarum has 30 seconds left.
|inactive|Physarum has 20 seconds left.
|
|t:|1661718527
|switch|p2a: Rotom|Rotom-Wash|82/100
|move|p1a: Flygon|Flamethrower|p2a: Rotom
|-resisted|p2a: Rotom
|-damage|p2a: Rotom|73/100
|
|-heal|p2a: Rotom|79/100|[from] item: Leftovers
|upkeep
|turn|87
|inactive|Physarum has 30 seconds left this turn.
|inactive|Physarum has 20 seconds left.
|
|t:|1661718538
|switch|p2a: Slowbro|Slowbro-Galar, M|41/100
|move|p1a: Flygon|Flamethrower|p2a: Slowbro
|-damage|p2a: Slowbro|23/100
|
|upkeep
|turn|88
|inactive|Physarum has 30 seconds left this turn.
|
|t:|1661718547
|switch|p2a: Tangrowth|Tangrowth, F|96/100 tox
|move|p1a: Flygon|Flamethrower|p2a: Tangrowth
|-supereffective|p2a: Tangrowth
|-damage|p2a: Tangrowth|74/100 tox
|
|-damage|p2a: Tangrowth|67/100 tox|[from] psn
|upkeep
|turn|89
|inactive|Physarum has 30 seconds left.
|c| Scavet|Bhalal est ce que tu manges halal ?? :rofl: :joy: :joy_cat: xd lol mdr xptdrrr
|
|t:|1661718556
|switch|p1a: Primarina|Primarina, M|86/100
|switch|p2a: Slowbro|Slowbro-Galar, M|56/100
|
|-heal|p1a: Primarina|92/100|[from] item: Leftovers
|upkeep
|turn|90
|
|t:|1661718564
|switch|p2a: Tangrowth|Tangrowth, F|100/100 tox
|move|p1a: Primarina|Calm Mind|p1a: Primarina
|-boost|p1a: Primarina|spa|1
|-boost|p1a: Primarina|spd|1
|
|-heal|p1a: Primarina|98/100|[from] item: Leftovers
|-damage|p2a: Tangrowth|94/100 tox|[from] psn
|upkeep
|turn|91
|
|t:|1661718573
|switch|p1a: Scizor|Scizor, M|60/100
|move|p2a: Tangrowth|Power Whip|p1a: Scizor
|-resisted|p1a: Scizor
|-damage|p1a: Scizor|51/100
|
|-damage|p2a: Tangrowth|82/100 tox|[from] psn
|upkeep
|turn|92
|c| Bhalal|Ptdrrr
|
|t:|1661718582
|switch|p2a: Cobalion|Cobalion|24/100
|move|p1a: Scizor|Roost|p1a: Scizor
|-heal|p1a: Scizor|100/100
|-singleturn|p1a: Scizor|move: Roost
|
|upkeep
|turn|93
|
|t:|1661718591
|move|p2a: Cobalion|Stealth Rock|p1a: Scizor
|-sidestart|p1: Physarum|move: Stealth Rock
|move|p1a: Scizor|U-turn|p2a: Cobalion
|-resisted|p2a: Cobalion
|-damage|p2a: Cobalion|17/100
|-damage|p1a: Scizor|84/100|[from] item: Rocky Helmet|[of] p2a: Cobalion
|
|t:|1661718597
|switch|p1a: Flygon|Flygon, M|100/100|[from]move: U-turn
|-damage|p1a: Flygon|94/100|[from] Stealth Rock
|
|-heal|p1a: Flygon|100/100|[from] item: Leftovers
|upkeep
|turn|94
|
|t:|1661718603
|move|p2a: Cobalion|Toxic|p1a: Flygon
|-status|p1a: Flygon|tox
|move|p1a: Flygon|Defog|p2a: Cobalion
|-unboost|p2a: Cobalion|evasion|1
|-sideend|p1: Physarum|Stealth Rock|[from] move: Defog|[of] p1a: Flygon
|
|-damage|p1a: Flygon|94/100 tox|[from] psn
|upkeep
|turn|95
|c| Bhalal|Je sens que y'a eu bcp de recherches dans ta blague
|inactive|Physarum has 60 seconds left.
|
|t:|1661718626
|switch|p2a: Slowbro|Slowbro-Galar, M|89/100
|switch|p1a: Primarina|Primarina, M|98/100
|
|-heal|p1a: Primarina|100/100|[from] item: Leftovers
|upkeep
|turn|96
|l| mimilimi ♫☯
|
|t:|1661718635
|switch|p2a: Tangrowth|Tangrowth, F|100/100 tox
|move|p1a: Primarina|Calm Mind|p1a: Primarina
|-boost|p1a: Primarina|spa|1
|-boost|p1a: Primarina|spd|1
|
|-damage|p2a: Tangrowth|94/100 tox|[from] psn
|upkeep
|turn|97
|c| Scavet|oui
|j| LamantineMPK
|
|t:|1661718646
|switch|p1a: Scizor|Scizor, M|84/100
|move|p2a: Tangrowth|Power Whip|p1a: Scizor
|-resisted|p1a: Scizor
|-damage|p1a: Scizor|74/100
|
|-damage|p2a: Tangrowth|82/100 tox|[from] psn
|upkeep
|turn|98
|l| LamantineMPK
|
|t:|1661718657
|switch|p2a: Cobalion|Cobalion|17/100
|move|p1a: Scizor|Knock Off|p2a: Cobalion
|-resisted|p2a: Cobalion
|-damage|p2a: Cobalion|4/100
|-damage|p1a: Scizor|57/100|[from] item: Rocky Helmet|[of] p2a: Cobalion
|-ability|p2a: Cobalion|Justified|boost
|-boost|p2a: Cobalion|atk|1
|-enditem|p2a: Cobalion|Rocky Helmet|[from] move: Knock Off|[of] p1a: Scizor
|
|upkeep
|turn|99
|
|t:|1661718666
|switch|p2a: Slowbro|Slowbro-Galar, M|100/100
|move|p1a: Scizor|Bullet Punch|p2a: Slowbro
|-damage|p2a: Slowbro|81/100
|
|upkeep
|turn|100
|inactive|Physarum has 60 seconds left.
|
|t:|1661718671
|move|p1a: Scizor|U-turn|p2a: Slowbro
|-damage|p2a: Slowbro|61/100
|inactive|Physarum has 60 seconds left.
|j| mimilimi ♫☯
|
|t:|1661718694
|switch|p1a: Primarina|Primarina, M|100/100|[from]move: U-turn
|move|p2a: Slowbro|Calm Mind|p2a: Slowbro
|-boost|p2a: Slowbro|spa|1
|-boost|p2a: Slowbro|spd|1
|
|upkeep
|turn|101
|j| Spoire 45
|
|t:|1661718700
|move|p1a: Primarina|Calm Mind|p1a: Primarina
|-boost|p1a: Primarina|spa|1
|-boost|p1a: Primarina|spd|1
|move|p2a: Slowbro|Sludge Bomb|p1a: Primarina
|-supereffective|p1a: Primarina
|-damage|p1a: Primarina|54/100
|
|-heal|p1a: Primarina|60/100|[from] item: Leftovers
|upkeep
|turn|102
|
|t:|1661718723
|switch|p2a: Tangrowth|Tangrowth, F|100/100 tox
|move|p1a: Primarina|Calm Mind|p1a: Primarina
|-boost|p1a: Primarina|spa|1
|-boost|p1a: Primarina|spd|1
|
|-heal|p1a: Primarina|66/100|[from] item: Leftovers
|-damage|p2a: Tangrowth|94/100 tox|[from] psn
|upkeep
|turn|103
|inactive|Physarum has 60 seconds left.
|
|t:|1661718743
|move|p1a: Primarina|Moonblast|p2a: Tangrowth
|-damage|p2a: Tangrowth|43/100 tox
|move|p2a: Tangrowth|Power Whip|p1a: Primarina
|-supereffective|p1a: Primarina
|-damage|p1a: Primarina|0 fnt
|faint|p1a: Primarina
|
|-damage|p2a: Tangrowth|30/100 tox|[from] psn
|upkeep
|l| mimilimi ♫☯
|
|t:|1661718757
|switch|p1a: Scizor|Scizor, M|57/100
|turn|104
|
|t:|1661718760
|switch|p2a: Slowbro|Slowbro-Galar, M|94/100
|move|p1a: Scizor|U-turn|p2a: Slowbro
|-damage|p2a: Slowbro|70/100
|
|t:|1661718769
|switch|p1a: Tangrowth|Tangrowth, F|98/100 tox|[from]move: U-turn
|
|-damage|p1a: Tangrowth|92/100 tox|[from] psn
|upkeep
|turn|105
|inactive|Physarum has 60 seconds left.
|
|t:|1661718774
|move|p1a: Tangrowth|Earthquake|p2a: Slowbro
|-supereffective|p2a: Slowbro
|-damage|p2a: Slowbro|42/100
|move|p2a: Slowbro|Slack Off|p2a: Slowbro
|-heal|p2a: Slowbro|92/100
|
|-damage|p1a: Tangrowth|79/100 tox|[from] psn
|upkeep
|turn|106
|
|t:|1661718784
|move|p1a: Tangrowth|Earthquake|p2a: Slowbro
|-supereffective|p2a: Slowbro
|-damage|p2a: Slowbro|64/100
|move|p2a: Slowbro|Calm Mind|p2a: Slowbro
|-boost|p2a: Slowbro|spa|1
|-boost|p2a: Slowbro|spd|1
|
|-damage|p1a: Tangrowth|61/100 tox|[from] psn
|upkeep
|turn|107
|j| mimilimi ♫☯
|
|t:|1661718792
|move|p1a: Tangrowth|Earthquake|p2a: Slowbro
|-supereffective|p2a: Slowbro
|-damage|p2a: Slowbro|34/100
|move|p2a: Slowbro|Slack Off|p2a: Slowbro
|-heal|p2a: Slowbro|84/100
|
|-damage|p1a: Tangrowth|36/100 tox|[from] psn
|upkeep
|turn|108
|
|t:|1661718805
|move|p1a: Tangrowth|Earthquake|p2a: Slowbro
|-supereffective|p2a: Slowbro
|-damage|p2a: Slowbro|55/100
|move|p2a: Slowbro|Calm Mind|p2a: Slowbro
|-boost|p2a: Slowbro|spa|1
|-boost|p2a: Slowbro|spd|1
|
|-damage|p1a: Tangrowth|5/100 tox|[from] psn
|upkeep
|turn|109
|c| jeza.p|dommage
|
|t:|1661718812
|move|p1a: Tangrowth|Earthquake|p2a: Slowbro
|-supereffective|p2a: Slowbro
|-damage|p2a: Slowbro|26/100
|move|p2a: Slowbro|Slack Off|p2a: Slowbro
|-heal|p2a: Slowbro|76/100
|
|-damage|p1a: Tangrowth|0 fnt|[from] psn
|faint|p1a: Tangrowth
|upkeep
|
|t:|1661718821
|switch|p1a: Scizor|Scizor, M|57/100
|turn|110
|c|☆Physarum|oui
|c|☆Physarum|plus de 100 tours pour se faire 6-0 xD
|
|t:|1661718846
|move|p1a: Scizor|Bullet Punch|p2a: Slowbro
|-damage|p2a: Slowbro|58/100
|move|p2a: Slowbro|Slack Off|p2a: Slowbro
|-heal|p2a: Slowbro|100/100
|
|upkeep
|turn|111
|c| jeza.p|tu as perdu un peu patience
|
|t:|1661718852
|move|p1a: Scizor|U-turn|p2a: Slowbro
|-damage|p2a: Slowbro|79/100
|c|☆Mimilucha|^
|
|t:|1661718856
|switch|p1a: Flygon|Flygon, M|94/100 tox|[from]move: U-turn
|move|p2a: Slowbro|Flamethrower|p1a: Flygon
|-resisted|p1a: Flygon
|-damage|p1a: Flygon|78/100 tox
|
|-heal|p1a: Flygon|84/100 tox|[from] item: Leftovers
|-damage|p1a: Flygon|78/100 tox|[from] psn
|upkeep
|turn|112
|
|t:|1661718864
|move|p1a: Flygon|Flamethrower|p2a: Slowbro
|-damage|p2a: Slowbro|69/100
|move|p2a: Slowbro|Calm Mind|p2a: Slowbro
|-boost|p2a: Slowbro|spa|1
|-boost|p2a: Slowbro|spd|1
|
|-heal|p1a: Flygon|84/100 tox|[from] item: Leftovers
|-damage|p1a: Flygon|72/100 tox|[from] psn
|upkeep
|turn|113
|c| jeza.p|mais la game etait cool gg a vous 2
|
|t:|1661718873
|move|p1a: Flygon|Flamethrower|p2a: Slowbro
|-damage|p2a: Slowbro|60/100
|move|p2a: Slowbro|Slack Off|p2a: Slowbro
|-heal|p2a: Slowbro|100/100
|
|-heal|p1a: Flygon|78/100 tox|[from] item: Leftovers
|-damage|p1a: Flygon|60/100 tox|[from] psn
|upkeep
|turn|114
|c|☆Mimilucha|yep
|inactive|Physarum has 90 seconds left.
|c|☆Physarum|ui ct interessant
|
|t:|1661718889
|move|p1a: Flygon|Flamethrower|p2a: Slowbro
|-damage|p2a: Slowbro|93/100
|-status|p2a: Slowbro|brn
|move|p2a: Slowbro|Sludge Bomb|p1a: Flygon
|-resisted|p1a: Flygon
|-damage|p1a: Flygon|32/100 tox
|
|-heal|p1a: Flygon|38/100 tox|[from] item: Leftovers
|-damage|p1a: Flygon|13/100 tox|[from] psn
|-damage|p2a: Slowbro|87/100 brn|[from] brn
|upkeep
|turn|115
|
|t:|1661718899
|move|p1a: Flygon|Flamethrower|p2a: Slowbro
|-damage|p2a: Slowbro|78/100 brn
|move|p2a: Slowbro|Flamethrower|p1a: Flygon
|-resisted|p1a: Flygon
|-damage|p1a: Flygon|0 fnt
|faint|p1a: Flygon
|
|-damage|p2a: Slowbro|72/100 brn|[from] brn
|upkeep
|
|t:|1661718909
|switch|p1a: Scizor|Scizor, M|57/100
|turn|116
|
|t:|1661718911
|move|p1a: Scizor|U-turn|p2a: Slowbro
|-damage|p2a: Slowbro|49/100 brn
|
|t:|1661718914
|switch|p1a: Skarmory|Skarmory, M|63/100|[from]move: U-turn
|move|p2a: Slowbro|Flamethrower|p1a: Skarmory
|-supereffective|p1a: Skarmory
|-damage|p1a: Skarmory|0 fnt
|faint|p1a: Skarmory
|
|-damage|p2a: Slowbro|43/100 brn|[from] brn
|upkeep
|
|t:|1661718922
|switch|p1a: Scizor|Scizor, M|57/100
|turn|117
|c|☆Physarum|je viens de me rendre compte que je joue sous alt depuis tt à l'heure
|inactive|Mimilucha has 270 seconds left.
|l|☆Physarum
|inactive|Physarum disconnected and has 300 seconds to reconnect!
|player|p1|
|
|t:|1661718953
|move|p1a: Scizor|U-turn|p2a: Slowbro
|-damage|p2a: Slowbro|22/100 brn
|move|p2a: Slowbro|Flamethrower|p1a: Scizor
|-supereffective|p1a: Scizor
|-damage|p1a: Scizor|0 fnt
|faint|p1a: Scizor
|
|win|Mimilucha
|j|☆Physarum
|player|p1|Physarum|2
|c|☆Mimilucha|gg
|c|☆Physarum|gg
|l| jeza.p
|l| Bhalal
