|j|☆IamSwitch
|j|☆Fousfull
|t:|1666382814
|gametype|singles
|player|p1|IamSwitch|101|1589
|player|p2|Fousfull|maid|1489
|teamsize|p1|6
|teamsize|p2|6
|gen|8
|tier|[Gen 8] UU
|rated|
|rule|Sleep Clause Mod: Limit one foe put to sleep
|rule|Species Clause: Limit one of each Pokémon
|rule|OHKO Clause: OHKO moves are banned
|rule|Evasion Items Clause: Evasion items are banned
|rule|Evasion Moves Clause: Evasion moves are banned
|rule|Endless Battle Clause: Forcing endless battles is banned
|rule|HP Percentage Mod: HP is shown in percentages
|rule|Dynamax Clause: You cannot dynamax
|clearpoke
|poke|p1|Reuniclus, F|
|poke|p1|Cobalion|
|poke|p1|Golisopod, F|
|poke|p1|Salamence, F|
|poke|p1|Zygarde-10%|
|poke|p1|Chansey, F|
|poke|p2|Mamoswine, F|
|poke|p2|Zarude-Dada|
|poke|p2|Slowking, M|
|poke|p2|Nihilego|
|poke|p2|Salamence, M|
|poke|p2|Cobalion|
|teampreview
|
|t:|1666382827
|start
|switch|p1a: Golisopod|Golisopod, F|100/100
|switch|p2a: Cobalion|Cobalion|100/100
|turn|1
|
|t:|1666382830
|move|p2a: Cobalion|Stone Edge|p1a: Golisopod
|-supereffective|p1a: Golisopod
|-damage|p1a: Golisopod|60/100
|move|p1a: Golisopod|Knock Off|p2a: Cobalion
|-resisted|p2a: Cobalion
|-damage|p2a: Cobalion|85/100
|-damage|p1a: Golisopod|43/100|[from] item: Rocky Helmet|[of] p2a: Cobalion
|-ability|p2a: Cobalion|Justified|boost
|-boost|p2a: Cobalion|atk|1
|-enditem|p2a: Cobalion|Rocky Helmet|[from] move: Knock Off|[of] p1a: Golisopod
|-activate|p1a: Golisopod|ability: Emergency Exit
|
|t:|1666382833
|switch|p1a: Zygarde|Zygarde-10%|100/100
|-ability|p1a: Zygarde|Aura Break
|
|upkeep
|turn|2
|
|t:|1666382835
|switch|p1a: Golisopod|Golisopod, F|43/100
|switch|p2a: Slowking|Slowking, M|100/100
|
|upkeep
|turn|3
|
|t:|1666382840
|move|p1a: Golisopod|Spikes|p2a: Slowking
|-sidestart|p2: Fousfull|Spikes
|move|p2a: Slowking|Future Sight|p1a: Golisopod
|-start|p2a: Slowking|move: Future Sight
|
|upkeep
|turn|4
|
|t:|1666382847
|move|p1a: Golisopod|Knock Off|p2a: Slowking
|-supereffective|p2a: Slowking
|-enditem|p2a: Slowking|Colbur Berry|[eat]
|-enditem|p2a: Slowking|Colbur Berry|[weaken]
|-damage|p2a: Slowking|75/100
|move|p2a: Slowking|Teleport|p2a: Slowking
|
|t:|1666382848
|switch|p2a: Cobalion|Cobalion|85/100|[from]move: Teleport
|-damage|p2a: Cobalion|72/100|[from] Spikes
|
|upkeep
|turn|5
|
|t:|1666382852
|switch|p1a: Salamence|Salamence, F|100/100
|-ability|p1a: Salamence|Intimidate|boost
|-unboost|p2a: Cobalion|atk|1
|move|p2a: Cobalion|Swords Dance|p2a: Cobalion
|-boost|p2a: Cobalion|atk|2
|
|-end|p1a: Salamence|move: Future Sight
|-damage|p1a: Salamence|59/100
|upkeep
|turn|6
|
|t:|1666382855
|switch|p1a: Zygarde|Zygarde-10%|100/100
|-ability|p1a: Zygarde|Aura Break
|move|p2a: Cobalion|Stone Edge|p1a: Zygarde
|-resisted|p1a: Zygarde
|-damage|p1a: Zygarde|62/100
|
|upkeep
|turn|7
|c|☆Fousfull|Mf it didnt let me cancel to cc
|
|t:|1666382879
|switch|p2a: Salamence|Salamence, M|100/100
|-ability|p2a: Salamence|Intimidate|boost
|-unboost|p1a: Zygarde|atk|1
|move|p1a: Zygarde|Outrage|p2a: Salamence
|-supereffective|p2a: Salamence
|-damage|p2a: Salamence|0 fnt
|faint|p2a: Salamence
|
|upkeep
|
|t:|1666382884
|switch|p2a: Cobalion|Cobalion|72/100
|-damage|p2a: Cobalion|60/100|[from] Spikes
|turn|8
|
|t:|1666382885
|move|p1a: Zygarde|Outrage|p2a: Cobalion|[from]lockedmove
|-resisted|p2a: Cobalion
|-damage|p2a: Cobalion|40/100
|move|p2a: Cobalion|Close Combat|p1a: Zygarde
|-damage|p1a: Zygarde|0 fnt
|-unboost|p2a: Cobalion|def|1
|-unboost|p2a: Cobalion|spd|1
|faint|p1a: Zygarde
|
|upkeep
|
|t:|1666382889
|switch|p1a: Reuniclus|Reuniclus, F|100/100
|turn|9
|
|t:|1666382892
|switch|p2a: Slowking|Slowking, M|100/100
|-damage|p2a: Slowking|88/100|[from] Spikes
|move|p1a: Reuniclus|Focus Blast|p2a: Slowking
|-resisted|p2a: Slowking
|-damage|p2a: Slowking|68/100
|
|upkeep
|turn|10
|
|t:|1666382893
|move|p1a: Reuniclus|Thunder|p2a: Slowking
|-supereffective|p2a: Slowking
|-damage|p2a: Slowking|0 fnt
|faint|p2a: Slowking
|
|upkeep
|
|t:|1666382895
|switch|p2a: Mamoswine|Mamoswine, F|100/100
|-damage|p2a: Mamoswine|88/100|[from] Spikes
|turn|11
|
|t:|1666382903
|switch|p1a: Salamence|Salamence, F|59/100
|-ability|p1a: Salamence|Intimidate|boost
|-unboost|p2a: Mamoswine|atk|1
|move|p2a: Mamoswine|Knock Off|p1a: Salamence
|-damage|p1a: Salamence|29/100
|-enditem|p1a: Salamence|Heavy-Duty Boots|[from] move: Knock Off|[of] p2a: Mamoswine
|
|upkeep
|turn|12
|
|t:|1666382914
|switch|p2a: Nihilego|Nihilego|100/100
|-damage|p2a: Nihilego|88/100|[from] Spikes
|move|p1a: Salamence|Roost|p1a: Salamence
|-heal|p1a: Salamence|79/100
|-singleturn|p1a: Salamence|move: Roost
|
|upkeep
|turn|13
|
|t:|1666382920
|switch|p2a: Cobalion|Cobalion|40/100
|-damage|p2a: Cobalion|27/100|[from] Spikes
|switch|p1a: Cobalion|Cobalion|100/100
|
|upkeep
|turn|14
|
|t:|1666382926
|switch|p1a: Reuniclus|Reuniclus, F|100/100
|move|p2a: Cobalion|Close Combat|p1a: Reuniclus
|-resisted|p1a: Reuniclus
|-damage|p1a: Reuniclus|75/100
|-unboost|p2a: Cobalion|def|1
|-unboost|p2a: Cobalion|spd|1
|
|upkeep
|turn|15
|
|t:|1666382935
|switch|p2a: Zarude|Zarude-Dada|100/100
|-damage|p2a: Zarude|88/100|[from] Spikes
|move|p1a: Reuniclus|Psychic|p2a: Zarude
|-immune|p2a: Zarude
|
|upkeep
|turn|16
|
|t:|1666382937
|switch|p1a: Cobalion|Cobalion|100/100
|move|p2a: Zarude|U-turn|p1a: Cobalion
|-resisted|p1a: Cobalion
|-damage|p1a: Cobalion|96/100
|-damage|p2a: Zarude|72/100|[from] item: Rocky Helmet|[of] p1a: Cobalion
|
|t:|1666382939
|switch|p2a: Cobalion|Cobalion|27/100|[from]move: U-turn
|-damage|p2a: Cobalion|15/100|[from] Spikes
|
|upkeep
|turn|17
|
|t:|1666382942
|switch|p1a: Salamence|Salamence, F|79/100
|-ability|p1a: Salamence|Intimidate|boost
|-unboost|p2a: Cobalion|atk|1
|move|p2a: Cobalion|Swords Dance|p2a: Cobalion
|-boost|p2a: Cobalion|atk|2
|
|upkeep
|turn|18
|
|t:|1666382945
|move|p2a: Cobalion|Swords Dance|p2a: Cobalion
|-boost|p2a: Cobalion|atk|2
|move|p1a: Salamence|Flamethrower|p2a: Cobalion
|-supereffective|p2a: Cobalion
|-damage|p2a: Cobalion|0 fnt
|faint|p2a: Cobalion
|
|upkeep
|-message|Fousfull forfeited.
|
|win|IamSwitch
|raw|IamSwitch's rating: 1589 &rarr; <strong>1603</strong><br />(+14 for winning)
|raw|Fousfull's rating: 1489 &rarr; <strong>1475</strong><br />(-14 for losing)
|l|☆Fousfull
||Ladder isn't responding, score probably updated but might not have (Request timeout).
