|j|☆Valiant Hearts
|j|☆467 11 11p
|t:|1616469664
|player|p1|Valiant Hearts|psychic-gen3|
|player|p2|467 11 11p|265|
|teamsize|p1|6
|teamsize|p2|6
|gametype|singles
|gen|8
|tier|[Gen 8] UU
|rated|Tournament battle
|clearpoke
|poke|p1|Keldeo-Resolute|
|poke|p1|Amoonguss, M|
|poke|p1|Salamence, M|
|poke|p1|Rhyperior, F|
|poke|p1|Zeraora|
|poke|p1|Scizor, F|
|poke|p2|Latios, M|
|poke|p2|Celesteela|
|poke|p2|Zeraora|
|poke|p2|Mew|
|poke|p2|Ninetales-Alola, F|
|poke|p2|Barbaracle, F|
|rule|Sleep Clause Mod: Limit one foe put to sleep
|rule|Species Clause: Limit one of each Pokémon
|rule|OHKO Clause: OHKO moves are banned
|rule|Evasion Moves Clause: Evasion moves are banned
|rule|Endless Battle Clause: Forcing endless battles is banned
|rule|HP Percentage Mod: HP is shown in percentages
|rule|Dynamax Clause: You cannot dynamax
|teampreview
|j| SuloTheBoi
|j| King Billu
|j|%kitten milk㋛
|
|t:|1616469708
|start
|switch|p1a: Amoonguss|Amoonguss, M|100/100
|switch|p2a: Barbaracle|Barbaracle, F|100/100
|turn|1
|
|t:|1616469727
|move|p2a: Barbaracle|Stealth Rock|p1a: Amoonguss
|-sidestart|p1: Valiant Hearts|move: Stealth Rock
|move|p1a: Amoonguss|Giga Drain|p2a: Barbaracle
|-supereffective|p2a: Barbaracle
|-enditem|p2a: Barbaracle|Focus Sash
|-damage|p2a: Barbaracle|1/100
|
|upkeep
|turn|2
|
|t:|1616469734
|move|p2a: Barbaracle|Stone Edge|p1a: Amoonguss|[miss]
|-miss|p2a: Barbaracle|p1a: Amoonguss
|move|p1a: Amoonguss|Giga Drain|p2a: Barbaracle
|-supereffective|p2a: Barbaracle
|-damage|p2a: Barbaracle|0 fnt
|faint|p2a: Barbaracle
|
|upkeep
|
|t:|1616469738
|switch|p2a: Ninetales|Ninetales-Alola, F|100/100
|-weather|Hail|[from] ability: Snow Warning|[of] p2a: Ninetales
|turn|3
|
|t:|1616469742
|switch|p1a: Rhyperior|Rhyperior, F|100/100
|-damage|p1a: Rhyperior|94/100|[from] Stealth Rock
|move|p2a: Ninetales|Aurora Veil|p2a: Ninetales
|-sidestart|p2: 467 11 11p|move: Aurora Veil
|
|-weather|Hail|[upkeep]
|-damage|p1a: Rhyperior|88/100|[from] Hail
|-heal|p1a: Rhyperior|94/100|[from] item: Leftovers
|upkeep
|turn|4
|
|t:|1616469746
|move|p2a: Ninetales|Freeze-Dry|p1a: Rhyperior
|-supereffective|p1a: Rhyperior
|-damage|p1a: Rhyperior|66/100
|move|p1a: Rhyperior|Stealth Rock|p2a: Ninetales
|-sidestart|p2: 467 11 11p|move: Stealth Rock
|
|-weather|Hail|[upkeep]
|-damage|p1a: Rhyperior|60/100|[from] Hail
|-heal|p1a: Rhyperior|66/100|[from] item: Leftovers
|upkeep
|turn|5
|
|t:|1616469753
|switch|p1a: Scizor|Scizor, F|100/100
|move|p2a: Ninetales|Encore||[still]
|-fail|p2a: Ninetales
|
|-weather|Hail|[upkeep]
|-damage|p1a: Scizor|94/100|[from] Hail
|upkeep
|turn|6
|j| Not Druid
|
|t:|1616469759
|switch|p2a: Celesteela|Celesteela|100/100
|-damage|p2a: Celesteela|88/100|[from] Stealth Rock
|move|p1a: Scizor|U-turn|p2a: Celesteela
|-resisted|p2a: Celesteela
|-damage|p2a: Celesteela|84/100
|
|t:|1616469770
|switch|p1a: Amoonguss|Amoonguss, M|100/100|[from]move: U-turn
|-damage|p1a: Amoonguss|88/100|[from] Stealth Rock
|
|-weather|Hail|[upkeep]
|-damage|p2a: Celesteela|78/100|[from] Hail
|-damage|p1a: Amoonguss|82/100|[from] Hail
|upkeep
|turn|7
|
|t:|1616469785
|move|p2a: Celesteela|Air Slash|p1a: Amoonguss
|-supereffective|p1a: Amoonguss
|-damage|p1a: Amoonguss|19/100
|move|p1a: Amoonguss|Spore|p2a: Celesteela
|-status|p2a: Celesteela|slp|[from] move: Spore
|
|-weather|none
|upkeep
|turn|8
|
|t:|1616469796
|switch|p2a: Latios|Latios, M|100/100
|-damage|p2a: Latios|88/100|[from] Stealth Rock
|switch|p1a: Zeraora|Zeraora|100/100
|
|upkeep
|turn|9
|j|+itsjustdrew
|
|t:|1616469805
|move|p1a: Zeraora|Knock Off|p2a: Latios
|-supereffective|p2a: Latios
|-damage|p2a: Latios|45/100
|-enditem|p2a: Latios|Life Orb|[from] move: Knock Off|[of] p1a: Zeraora
|move|p2a: Latios|Draco Meteor|p1a: Zeraora
|-damage|p1a: Zeraora|9/100
|-unboost|p2a: Latios|spa|2
|
|upkeep
|turn|10
|l|notdruid
|
|t:|1616469817
|switch|p2a: Zeraora|Zeraora|100/100
|-damage|p2a: Zeraora|88/100|[from] Stealth Rock
|move|p1a: Zeraora|Volt Switch|p2a: Zeraora
|-heal|p2a: Zeraora|100/100|[from] ability: Volt Absorb|[of] p1a: Zeraora
|
|-sideend|p2: 467 11 11p|move: Aurora Veil
|upkeep
|turn|11
|c|+itsjustdrew|Why is that a Latios
|
|t:|1616469830
|switch|p1a: Rhyperior|Rhyperior, F|66/100
|-damage|p1a: Rhyperior|60/100|[from] Stealth Rock
|move|p2a: Zeraora|Close Combat|p1a: Rhyperior
|-supereffective|p1a: Rhyperior
|-damage|p1a: Rhyperior|21/100
|-unboost|p2a: Zeraora|def|1
|-unboost|p2a: Zeraora|spd|1
|
|-heal|p1a: Rhyperior|27/100|[from] item: Leftovers
|upkeep
|turn|12
|
|t:|1616469835
|switch|p1a: Amoonguss|Amoonguss, M|53/100
|-damage|p1a: Amoonguss|40/100|[from] Stealth Rock
|move|p2a: Zeraora|Close Combat|p1a: Amoonguss
|-resisted|p1a: Amoonguss
|-damage|p1a: Amoonguss|25/100
|-unboost|p2a: Zeraora|def|1
|-unboost|p2a: Zeraora|spd|1
|-damage|p2a: Zeraora|84/100|[from] item: Rocky Helmet|[of] p1a: Amoonguss
|
|upkeep
|turn|13
|l|+itsjustdrew
|
|t:|1616469856
|switch|p2a: Ninetales|Ninetales-Alola, F|100/100
|-damage|p2a: Ninetales|76/100|[from] Stealth Rock
|-weather|Hail|[from] ability: Snow Warning|[of] p2a: Ninetales
|switch|p1a: Salamence|Salamence, M|100/100
|-ability|p1a: Salamence|Intimidate|boost
|-unboost|p2a: Ninetales|atk|1
|
|-weather|Hail|[upkeep]
|-damage|p1a: Salamence|94/100|[from] Hail
|upkeep
|turn|14
|
|t:|1616469870
|switch|p1a: Scizor|Scizor, F|94/100
|move|p2a: Ninetales|Freeze-Dry|p1a: Scizor
|-resisted|p1a: Scizor
|-damage|p1a: Scizor|83/100
|-status|p1a: Scizor|frz
|
|-weather|Hail|[upkeep]
|-damage|p1a: Scizor|77/100 frz|[from] Hail
|upkeep
|turn|15
|c|☆467 11 11p|mb
|c|☆Valiant Hearts|0-0
|
|t:|1616469907
|cant|p1a: Scizor|frz
|move|p2a: Ninetales|Aurora Veil|p2a: Ninetales
|-sidestart|p2: 467 11 11p|move: Aurora Veil
|
|-weather|Hail|[upkeep]
|-damage|p1a: Scizor|71/100 frz|[from] Hail
|upkeep
|turn|16
|
|t:|1616469935
|switch|p2a: Latios|Latios, M|45/100
|-damage|p2a: Latios|33/100|[from] Stealth Rock
|cant|p1a: Scizor|frz
|
|-weather|Hail|[upkeep]
|-damage|p2a: Latios|27/100|[from] Hail
|-damage|p1a: Scizor|65/100 frz|[from] Hail
|upkeep
|turn|17
|
|t:|1616469957
|switch|p1a: Salamence|Salamence, M|94/100
|-ability|p1a: Salamence|Intimidate|boost
|-unboost|p2a: Latios|atk|1
|move|p2a: Latios|Mystical Fire|p1a: Salamence
|-resisted|p1a: Salamence
|-damage|p1a: Salamence|79/100
|-unboost|p1a: Salamence|spa|1
|
|-weather|none
|upkeep
|turn|18
|
|t:|1616469967
|move|p2a: Latios|Draco Meteor|p1a: Salamence
|-supereffective|p1a: Salamence
|-damage|p1a: Salamence|0 fnt
|-unboost|p2a: Latios|spa|2
|faint|p1a: Salamence
|
|upkeep
|
|t:|1616469978
|switch|p1a: Zeraora|Zeraora|9/100
|turn|19
|
|t:|1616469987
|switch|p2a: Celesteela|Celesteela|78/100 slp
|-damage|p2a: Celesteela|66/100 slp|[from] Stealth Rock
|move|p1a: Zeraora|Volt Switch|p2a: Celesteela
|-supereffective|p2a: Celesteela
|-damage|p2a: Celesteela|43/100 slp
|
|t:|1616470000
|switch|p1a: Amoonguss|Amoonguss, M|58/100|[from]move: Volt Switch
|-damage|p1a: Amoonguss|46/100|[from] Stealth Rock
|
|upkeep
|turn|20
|
|t:|1616470005
|switch|p1a: Zeraora|Zeraora|9/100
|cant|p2a: Celesteela|slp
|
|upkeep
|turn|21
|
|t:|1616470016
|move|p1a: Zeraora|Plasma Fists|p2a: Celesteela
|-supereffective|p2a: Celesteela
|-crit|p2a: Celesteela
|-damage|p2a: Celesteela|0 fnt
|-fieldactivate|move: Ion Deluge
|faint|p2a: Celesteela
|
|upkeep
|
|t:|1616470018
|switch|p2a: Zeraora|Zeraora|84/100
|-damage|p2a: Zeraora|71/100|[from] Stealth Rock
|turn|22
|
|t:|1616470022
|switch|p1a: Amoonguss|Amoonguss, M|79/100
|-damage|p1a: Amoonguss|66/100|[from] Stealth Rock
|move|p2a: Zeraora|Bulk Up|p2a: Zeraora
|-boost|p2a: Zeraora|atk|1
|-boost|p2a: Zeraora|def|1
|
|-sideend|p2: 467 11 11p|move: Aurora Veil
|upkeep
|turn|23
|
|t:|1616470034
|switch|p2a: Mew|Mew|100/100
|-damage|p2a: Mew|88/100|[from] Stealth Rock
|move|p1a: Amoonguss|Spore|p2a: Mew
|-status|p2a: Mew|slp|[from] move: Spore
|-enditem|p2a: Mew|Lum Berry|[eat]
|-curestatus|p2a: Mew|slp|[msg]
|
|upkeep
|turn|24
|
|t:|1616470051
|move|p2a: Mew|Psychic Fangs|p1a: Amoonguss
|-supereffective|p1a: Amoonguss
|-damage|p1a: Amoonguss|7/100
|-damage|p2a: Mew|72/100|[from] item: Rocky Helmet|[of] p1a: Amoonguss
|move|p1a: Amoonguss|Foul Play|p2a: Mew
|-supereffective|p2a: Mew
|-damage|p2a: Mew|17/100
|
|upkeep
|turn|25
|
|t:|1616470062
|switch|p1a: Rhyperior|Rhyperior, F|27/100
|-damage|p1a: Rhyperior|21/100|[from] Stealth Rock
|move|p2a: Mew|Poltergeist|p1a: Rhyperior|[miss]
|-miss|p2a: Mew|p1a: Rhyperior
|
|-heal|p1a: Rhyperior|27/100|[from] item: Leftovers
|upkeep
|turn|26
|
|t:|1616470074
|move|p2a: Mew|Poltergeist|p1a: Rhyperior
|-activate|p1a: Rhyperior|move: Poltergeist|Leftovers
|-damage|p1a: Rhyperior|6/100
|move|p1a: Rhyperior|Stone Edge|p2a: Mew
|-damage|p2a: Mew|0 fnt
|faint|p2a: Mew
|
|-heal|p1a: Rhyperior|13/100|[from] item: Leftovers
|upkeep
|
|t:|1616470082
|switch|p2a: Latios|Latios, M|27/100
|-damage|p2a: Latios|14/100|[from] Stealth Rock
|turn|27
|
|t:|1616470090
|move|p2a: Latios|Psychic|p1a: Rhyperior
|-damage|p1a: Rhyperior|0 fnt
|faint|p1a: Rhyperior
|
|upkeep
|
|t:|1616470094
|switch|p1a: Zeraora|Zeraora|9/100
|turn|28
|
|t:|1616470102
|move|p1a: Zeraora|Close Combat|p2a: Latios
|-resisted|p2a: Latios
|-damage|p2a: Latios|0 fnt
|-unboost|p1a: Zeraora|def|1
|-unboost|p1a: Zeraora|spd|1
|faint|p2a: Latios
|
|upkeep
|
|t:|1616470105
|switch|p2a: Ninetales|Ninetales-Alola, F|76/100
|-damage|p2a: Ninetales|51/100|[from] Stealth Rock
|-weather|Hail|[from] ability: Snow Warning|[of] p2a: Ninetales
|turn|29
|
|t:|1616470123
|move|p1a: Zeraora|Volt Switch|p2a: Ninetales
|-damage|p2a: Ninetales|30/100
|j| NatDex is bad
|
|t:|1616470140
|switch|p1a: Scizor|Scizor, F|65/100 frz|[from]move: Volt Switch
|move|p2a: Ninetales|Aurora Veil|p2a: Ninetales
|-sidestart|p2: 467 11 11p|move: Aurora Veil
|
|-weather|Hail|[upkeep]
|-damage|p1a: Scizor|59/100 frz|[from] Hail
|upkeep
|turn|30
|
|t:|1616470172
|switch|p2a: Zeraora|Zeraora|71/100
|-damage|p2a: Zeraora|59/100|[from] Stealth Rock
|switch|p1a: Amoonguss|Amoonguss, M|40/100
|-damage|p1a: Amoonguss|28/100|[from] Stealth Rock
|
|-weather|Hail|[upkeep]
|-damage|p2a: Zeraora|53/100|[from] Hail
|-damage|p1a: Amoonguss|21/100|[from] Hail
|upkeep
|turn|31
|
|t:|1616470179
|switch|p1a: Keldeo|Keldeo-Resolute|100/100
|-damage|p1a: Keldeo|94/100|[from] Stealth Rock
|move|p2a: Zeraora|Acrobatics|p1a: Keldeo
|-supereffective|p1a: Keldeo
|-damage|p1a: Keldeo|51/100
|
|-weather|Hail|[upkeep]
|-damage|p2a: Zeraora|47/100|[from] Hail
|-damage|p1a: Keldeo|45/100|[from] Hail
|-enditem|p2a: Zeraora|Sitrus Berry|[eat]
|-heal|p2a: Zeraora|72/100|[from] item: Sitrus Berry
|upkeep
|turn|32
|
|t:|1616470192
|move|p2a: Zeraora|Acrobatics|p1a: Keldeo
|-supereffective|p1a: Keldeo
|-damage|p1a: Keldeo|0 fnt
|faint|p1a: Keldeo
|
|-weather|Hail|[upkeep]
|-damage|p2a: Zeraora|66/100|[from] Hail
|upkeep
|
|t:|1616470200
|switch|p1a: Amoonguss|Amoonguss, M|55/100
|-damage|p1a: Amoonguss|42/100|[from] Stealth Rock
|turn|33
|j| Mygrein ㋡
|
|t:|1616470207
|switch|p1a: Scizor|Scizor, F|59/100 frz
|move|p2a: Zeraora|Acrobatics|p1a: Scizor
|-damage|p1a: Scizor|20/100 frz
|
|-weather|none
|upkeep
|turn|34
|
|t:|1616470213
|move|p2a: Zeraora|Bulk Up|p2a: Zeraora
|-boost|p2a: Zeraora|atk|1
|-boost|p2a: Zeraora|def|1
|-curestatus|p1a: Scizor|frz|[msg]
|move|p1a: Scizor|U-turn|p2a: Zeraora
|-damage|p2a: Zeraora|51/100
|c|☆Valiant Hearts|ahh this would have been so easy with sciz
|
|t:|1616470259
|switch|p1a: Amoonguss|Amoonguss, M|75/100|[from]move: U-turn
|-damage|p1a: Amoonguss|63/100|[from] Stealth Rock
|
|upkeep
|turn|35
|c|☆467 11 11p|yea rlly srry abt freeze D:
|
|t:|1616470271
|move|p2a: Zeraora|Acrobatics|p1a: Amoonguss
|-supereffective|p1a: Amoonguss
|-damage|p1a: Amoonguss|0 fnt
|-damage|p2a: Zeraora|34/100|[from] item: Rocky Helmet|[of] p1a: Amoonguss
|faint|p1a: Amoonguss
|
|upkeep
|
|t:|1616470276
|switch|p1a: Scizor|Scizor, F|20/100
|turn|36
|
|t:|1616470279
|move|p1a: Scizor|Bullet Punch|p2a: Zeraora
|-resisted|p2a: Zeraora
|-damage|p2a: Zeraora|28/100
|move|p2a: Zeraora|Plasma Fists|p1a: Scizor
|-damage|p1a: Scizor|0 fnt
|-fieldactivate|move: Ion Deluge
|faint|p1a: Scizor
|
|-sideend|p2: 467 11 11p|move: Aurora Veil
|upkeep
|
|t:|1616470283
|switch|p1a: Zeraora|Zeraora|9/100
|turn|37
|
|t:|1616470292
|move|p1a: Zeraora|Close Combat|p2a: Zeraora
|-damage|p2a: Zeraora|0 fnt
|-unboost|p1a: Zeraora|def|1
|-unboost|p1a: Zeraora|spd|1
|faint|p2a: Zeraora
|
|upkeep
|
|t:|1616470302
|switch|p2a: Ninetales|Ninetales-Alola, F|30/100
|-damage|p2a: Ninetales|5/100|[from] Stealth Rock
|-weather|Hail|[from] ability: Snow Warning|[of] p2a: Ninetales
|turn|38
|c|☆467 11 11p|gg
|
|t:|1616470307
|move|p1a: Zeraora|Volt Switch|p2a: Ninetales
|-damage|p2a: Ninetales|0 fnt
|faint|p2a: Ninetales
|
|win|Valiant Hearts
|n|☆Valiant Hearts|valianthearts
|n|☆467 11 11p|4671111p
|n| SuloTheBoi|sulotheboi
|n| King Billu|kingbillu
|n| kitten milk㋛|kittenmilk
|n| NatDex is bad|natdexisbad
|n| Mygrein ㋡|mygrein
|c|☆Valiant Hearts|gg
|l|☆Valiant Hearts
|l|☆467 11 11p
|l| NatDex is bad
|l| Mygrein ㋡
|j| natdex garbodr 2
