|j|☆MrRuf4si
|j|☆DarkHorse344
|t:|1667596936
|gametype|singles
|player|p1|MrRuf4si|2|1473
|player|p2|DarkHorse344|brendan-gen3rs|1461
|teamsize|p1|6
|teamsize|p2|6
|gen|8
|tier|[Gen 8] UU
|rated|
|rule|Sleep Clause Mod: Limit one foe put to sleep
|rule|Species Clause: Limit one of each Pokémon
|rule|OHKO Clause: OHKO moves are banned
|rule|Evasion Items Clause: Evasion items are banned
|rule|Evasion Moves Clause: Evasion moves are banned
|rule|Endless Battle Clause: Forcing endless battles is banned
|rule|HP Percentage Mod: HP is shown in percentages
|rule|Dynamax Clause: You cannot dynamax
|clearpoke
|poke|p1|Politoed, F|
|poke|p1|Mudsdale, F|
|poke|p1|Kingdra, F|
|poke|p1|Heliolisk, F|
|poke|p1|Bewear, M|
|poke|p1|Scizor, M|
|poke|p2|Politoed, M|
|poke|p2|Kingdra, M|
|poke|p2|Salamence, M|
|poke|p2|Amoonguss, M|
|poke|p2|Kabutops, M|
|poke|p2|Tornadus, M|
|teampreview
|c|☆MrRuf4si|Hello fellow rain enthusiast
|
|t:|1667596956
|start
|switch|p1a: Bewear|Bewear, M|100/100
|switch|p2a: Amoonguss|Amoonguss, M|100/100
|turn|1
|
|t:|1667596963
|move|p1a: Bewear|Double-Edge|p2a: Amoonguss
|-damage|p2a: Amoonguss|32/100
|-damage|p1a: Bewear|75/100|[from] Recoil
|-enditem|p2a: Amoonguss|Eject Button
|
|t:|1667596978
|switch|p2a: Salamence|Salamence, M|100/100
|-ability|p2a: Salamence|Intimidate|boost
|-unboost|p1a: Bewear|atk|1
|
|upkeep
|turn|2
|
|t:|1667596984
|switch|p1a: Politoed|Politoed, F|100/100
|-weather|RainDance|[from] ability: Drizzle|[of] p1a: Politoed
|move|p2a: Salamence|Hurricane|p1a: Politoed
|-damage|p1a: Politoed|71/100
|
|-weather|RainDance|[upkeep]
|upkeep
|turn|3
|
|t:|1667596991
|move|p2a: Salamence|Draco Meteor|p1a: Politoed
|-crit|p1a: Politoed
|-damage|p1a: Politoed|21/100
|-unboost|p2a: Salamence|spa|2
|move|p1a: Politoed|Ice Beam|p2a: Salamence
|-supereffective|p2a: Salamence
|-damage|p2a: Salamence|25/100
|-status|p2a: Salamence|frz
|
|-weather|RainDance|[upkeep]
|upkeep
|turn|4
|c|☆MrRuf4si|Sery
|
|t:|1667597006
|switch|p2a: Kingdra|Kingdra, M|100/100
|move|p1a: Politoed|Ice Beam|p2a: Kingdra
|-damage|p2a: Kingdra|79/100
|
|-weather|RainDance|[upkeep]
|upkeep
|turn|5
|c|☆MrRuf4si|*sorry
|c|☆DarkHorse344|np haha
|
|t:|1667597021
|switch|p1a: Scizor|Scizor, M|100/100
|move|p2a: Kingdra|Draco Meteor|p1a: Scizor
|-resisted|p1a: Scizor
|-damage|p1a: Scizor|44/100
|-unboost|p2a: Kingdra|spa|2
|
|-weather|RainDance|[upkeep]
|-heal|p1a: Scizor|50/100|[from] item: Leftovers
|upkeep
|turn|6
|
|t:|1667597035
|switch|p2a: Amoonguss|Amoonguss, M|65/100
|move|p1a: Scizor|Roost|p1a: Scizor
|-heal|p1a: Scizor|100/100
|-singleturn|p1a: Scizor|move: Roost
|
|-weather|RainDance|[upkeep]
|upkeep
|turn|7
|
|t:|1667597038
|move|p1a: Scizor|U-turn|p2a: Amoonguss
|-damage|p2a: Amoonguss|43/100
|
|t:|1667597045
|switch|p1a: Bewear|Bewear, M|75/100|[from]move: U-turn
|move|p2a: Amoonguss|Spore|p1a: Bewear
|-status|p1a: Bewear|slp|[from] move: Spore
|
|-weather|RainDance|[upkeep]
|upkeep
|turn|8
|
|t:|1667597067
|switch|p1a: Scizor|Scizor, M|100/100
|switch|p2a: Kingdra|Kingdra, M|79/100
|
|-weather|RainDance|[upkeep]
|upkeep
|turn|9
|
|t:|1667597078
|switch|p1a: Heliolisk|Heliolisk, F|100/100
|move|p2a: Kingdra|Surf|p1a: Heliolisk
|-immune|p1a: Heliolisk|[from] ability: Dry Skin
|
|-weather|none
|upkeep
|turn|10
|j| CommunistKommo-o
|
|t:|1667597090
|switch|p2a: Salamence|Salamence, M|25/100 frz
|-ability|p2a: Salamence|Intimidate|boost
|-unboost|p1a: Heliolisk|atk|1
|move|p1a: Heliolisk|Volt Switch|p2a: Salamence
|-damage|p2a: Salamence|0 fnt
|faint|p2a: Salamence
|-damage|p1a: Heliolisk|91/100|[from] item: Life Orb
|
|t:|1667597101
|switch|p1a: Scizor|Scizor, M|100/100|[from]move: Volt Switch
|
|upkeep
|
|t:|1667597112
|switch|p2a: Tornadus|Tornadus, M|100/100
|turn|11
|
|t:|1667597120
|switch|p1a: Heliolisk|Heliolisk, F|91/100
|move|p2a: Tornadus|Hurricane|p1a: Heliolisk
|-resisted|p1a: Heliolisk
|-crit|p1a: Heliolisk
|-damage|p1a: Heliolisk|12/100
|
|upkeep
|turn|12
|
|t:|1667597132
|switch|p2a: Amoonguss|Amoonguss, M|76/100
|switch|p1a: Politoed|Politoed, F|21/100
|-weather|RainDance|[from] ability: Drizzle|[of] p1a: Politoed
|
|-weather|RainDance|[upkeep]
|upkeep
|turn|13
|
|t:|1667597156
|switch|p2a: Kingdra|Kingdra, M|79/100
|move|p1a: Politoed|Rest|p1a: Politoed
|-status|p1a: Politoed|slp|[from] move: Rest
|-heal|p1a: Politoed|100/100 slp|[silent]
|
|-weather|RainDance|[upkeep]
|upkeep
|turn|14
|
|t:|1667597163
|move|p2a: Kingdra|Hurricane|p1a: Politoed
|-damage|p1a: Politoed|67/100 slp
|cant|p1a: Politoed|slp
|
|-weather|RainDance|[upkeep]
|upkeep
|turn|15
|
|t:|1667597173
|move|p2a: Kingdra|Hurricane|p1a: Politoed
|-damage|p1a: Politoed|31/100 slp
|cant|p1a: Politoed|slp
|
|-weather|RainDance|[upkeep]
|upkeep
|turn|16
|
|t:|1667597178
|move|p2a: Kingdra|Hurricane|p1a: Politoed
|-damage|p1a: Politoed|0 fnt
|faint|p1a: Politoed
|
|-weather|RainDance|[upkeep]
|upkeep
|
|t:|1667597180
|switch|p1a: Kingdra|Kingdra, F|100/100
|turn|17
|
|t:|1667597188
|move|p1a: Kingdra|Hurricane|p2a: Kingdra
|-damage|p2a: Kingdra|16/100
|move|p2a: Kingdra|Hurricane|p1a: Kingdra
|-damage|p1a: Kingdra|42/100
|
|-weather|RainDance|[upkeep]
|upkeep
|turn|18
|
|t:|1667597193
|move|p2a: Kingdra|Hurricane|p1a: Kingdra
|-damage|p1a: Kingdra|0 fnt
|faint|p1a: Kingdra
|
|-weather|RainDance|[upkeep]
|upkeep
|
|t:|1667597195
|switch|p1a: Scizor|Scizor, M|100/100
|turn|19
|
|t:|1667597198
|switch|p2a: Amoonguss|Amoonguss, M|100/100
|move|p1a: Scizor|U-turn|p2a: Amoonguss
|-damage|p2a: Amoonguss|79/100
|
|t:|1667597201
|switch|p1a: Bewear|Bewear, M|75/100 slp|[from]move: U-turn
|
|-weather|none
|upkeep
|turn|20
|
|t:|1667597212
|switch|p2a: Tornadus|Tornadus, M|100/100
|cant|p1a: Bewear|slp
|
|upkeep
|turn|21
|
|t:|1667597218
|switch|p1a: Heliolisk|Heliolisk, F|12/100
|move|p2a: Tornadus|Hurricane|p1a: Heliolisk
|-resisted|p1a: Heliolisk
|-damage|p1a: Heliolisk|0 fnt
|faint|p1a: Heliolisk
|
|upkeep
|
|t:|1667597224
|switch|p1a: Scizor|Scizor, M|100/100
|turn|22
|
|t:|1667597227
|move|p1a: Scizor|Bullet Punch|p2a: Tornadus
|-damage|p2a: Tornadus|59/100
|move|p2a: Tornadus|Hurricane|p1a: Scizor
|-damage|p1a: Scizor|3/100
|
|-heal|p1a: Scizor|10/100|[from] item: Leftovers
|upkeep
|turn|23
|
|t:|1667597231
|move|p1a: Scizor|Bullet Punch|p2a: Tornadus
|-damage|p2a: Tornadus|19/100
|move|p2a: Tornadus|Hurricane|p1a: Scizor
|-damage|p1a: Scizor|0 fnt
|faint|p1a: Scizor
|
|upkeep
|
|t:|1667597233
|switch|p1a: Mudsdale|Mudsdale, F|100/100
|turn|24
|
|t:|1667597235
|move|p2a: Tornadus|Hurricane|p1a: Mudsdale
|-damage|p1a: Mudsdale|23/100
|-start|p1a: Mudsdale|confusion
|-ability|p1a: Mudsdale|Stamina|boost
|-boost|p1a: Mudsdale|def|1
|-activate|p1a: Mudsdale|confusion
|move|p1a: Mudsdale|Stealth Rock|p2a: Tornadus
|-sidestart|p2: DarkHorse344|move: Stealth Rock
|
|-heal|p1a: Mudsdale|29/100|[from] item: Leftovers
|upkeep
|turn|25
|
|t:|1667597237
|move|p2a: Tornadus|Hurricane|p1a: Mudsdale|[miss]
|-miss|p2a: Tornadus|p1a: Mudsdale
|-activate|p1a: Mudsdale|confusion
|move|p1a: Mudsdale|Body Press|p2a: Tornadus
|-resisted|p2a: Tornadus
|-damage|p2a: Tornadus|0 fnt
|faint|p2a: Tornadus
|
|-heal|p1a: Mudsdale|35/100|[from] item: Leftovers
|upkeep
|l| CommunistKommo-o
|
|t:|1667597244
|switch|p2a: Politoed|Politoed, M|100/100
|-damage|p2a: Politoed|88/100|[from] Stealth Rock
|-weather|RainDance|[from] ability: Drizzle|[of] p2a: Politoed
|turn|26
|c|☆MrRuf4si|Gggg
|c|☆DarkHorse344|gg
|-message|MrRuf4si forfeited.
|
|win|DarkHorse344
|raw|MrRuf4si's rating: 1473 &rarr; <strong>1451</strong><br />(-22 for losing)
|raw|DarkHorse344's rating: 1442 &rarr; <strong>1464</strong><br />(+22 for winning)
|l|☆MrRuf4si
