|j|☆5 pia to the top
|j|☆Theoea
|t:|1659748089
|gametype|singles
|player|p1|5 pia to the top|#uutrio2ladder|1274
|player|p2|Theoea|1|1160
|teamsize|p1|5
|teamsize|p2|6
|gen|8
|tier|[Gen 8] UU
|rated|
|rule|Sleep Clause Mod: Limit one foe put to sleep
|rule|Species Clause: Limit one of each Pokémon
|rule|OHKO Clause: OHKO moves are banned
|rule|Evasion Items Clause: Evasion items are banned
|rule|Evasion Moves Clause: Evasion moves are banned
|rule|Endless Battle Clause: Forcing endless battles is banned
|rule|HP Percentage Mod: HP is shown in percentages
|rule|Dynamax Clause: You cannot dynamax
|clearpoke
|poke|p1|Salamence, F|
|poke|p1|Chansey, F|
|poke|p1|Umbreon, M|
|poke|p1|Quagsire, F|
|poke|p1|Tangrowth, M|
|poke|p2|Swampert, F|
|poke|p2|Rotom-Heat|
|poke|p2|Hydreigon, M|
|poke|p2|Tapu Bulu|
|poke|p2|Conkeldurr, M|
|poke|p2|Zarude|
|teampreview
|j| Shelley_Swampert
|
|t:|1659748107
|start
|switch|p1a: tang ur wang|Tangrowth, M|100/100
|switch|p2a: Phrog|Swampert, F|100/100
|turn|1
|j|+Mengy ㋛
|
|t:|1659748120
|switch|p2a: Romto|Rotom-Heat|100/100
|move|p1a: tang ur wang|Power Whip|p2a: Romto
|-resisted|p2a: Romto
|-damage|p2a: Romto|78/100
|
|upkeep
|turn|2
|c|+Mengy ㋛|hm
|
|t:|1659748131
|switch|p1a: poggy froggy|Quagsire, F|100/100
|move|p2a: Romto|Overheat|p1a: poggy froggy
|-resisted|p1a: poggy froggy
|-damage|p1a: poggy froggy|81/100
|-unboost|p2a: Romto|spa|2
|
|-heal|p1a: poggy froggy|88/100|[from] item: Leftovers
|upkeep
|turn|3
|j| mood soleil
|j| Queen of Bean ✿
|
|t:|1659748140
|switch|p2a: Boo|Tapu Bulu|100/100
|-fieldstart|move: Grassy Terrain|[from] ability: Grassy Surge|[of] p2a: Boo
|move|p1a: poggy froggy|Toxic|p2a: Boo|[miss]
|-miss|p1a: poggy froggy|p2a: Boo
|
|-heal|p1a: poggy froggy|94/100|[from] Grassy Terrain
|-heal|p1a: poggy froggy|99/100|[from] item: Leftovers
|upkeep
|turn|4
|
|t:|1659748150
|switch|p1a: tang ur wang|Tangrowth, M|100/100
|move|p2a: Boo|Swords Dance|p2a: Boo
|-boost|p2a: Boo|atk|2
|
|upkeep
|turn|5
|
|t:|1659748158
|switch|p1a: scary airy|Salamence, F|100/100
|-ability|p1a: scary airy|Intimidate|boost
|-unboost|p2a: Boo|atk|1
|move|p2a: Boo|Close Combat|p1a: scary airy
|-resisted|p1a: scary airy
|-damage|p1a: scary airy|64/100
|-unboost|p2a: Boo|def|1
|-unboost|p2a: Boo|spd|1
|-damage|p2a: Boo|91/100|[from] item: Life Orb
|
|-heal|p2a: Boo|97/100|[from] Grassy Terrain
|upkeep
|turn|6
|
|t:|1659748173
|switch|p1a: tang ur wang|Tangrowth, M|100/100
|switch|p2a: Heads|Hydreigon, M|100/100
|
|upkeep
|turn|7
|
|t:|1659748182
|move|p2a: Heads|Flamethrower|p1a: tang ur wang
|-supereffective|p1a: tang ur wang
|-damage|p1a: tang ur wang|47/100
|move|p1a: tang ur wang|Sludge Bomb|p2a: Heads
|-damage|p2a: Heads|77/100
|-status|p2a: Heads|psn
|
|-heal|p1a: tang ur wang|53/100|[from] Grassy Terrain
|-damage|p2a: Heads|65/100 psn|[from] psn
|-fieldend|move: Grassy Terrain
|upkeep
|turn|8
|
|t:|1659748192
|switch|p1a: megan the eggin|Chansey, F|100/100
|move|p2a: Heads|Flamethrower|p1a: megan the eggin
|-damage|p1a: megan the eggin|86/100
|
|-damage|p2a: Heads|53/100 psn|[from] psn
|upkeep
|turn|9
|
|t:|1659748207
|switch|p2a: Stoned|Conkeldurr, M|100/100
|move|p1a: megan the eggin|Stealth Rock|p2a: Stoned
|-sidestart|p2: Theoea|move: Stealth Rock
|
|-status|p2a: Stoned|brn|[from] item: Flame Orb
|upkeep
|turn|10
|
|t:|1659748217
|switch|p1a: scary airy|Salamence, F|64/100
|-ability|p1a: scary airy|Intimidate|boost
|-unboost|p2a: Stoned|atk|1
|move|p2a: Stoned|Knock Off|p1a: scary airy
|-damage|p1a: scary airy|30/100
|-enditem|p1a: scary airy|Heavy-Duty Boots|[from] move: Knock Off|[of] p2a: Stoned
|
|-damage|p2a: Stoned|95/100 brn|[from] brn
|upkeep
|turn|11
|
|t:|1659748232
|switch|p2a: Romto|Rotom-Heat|78/100
|move|p1a: scary airy|Roost|p1a: scary airy
|-heal|p1a: scary airy|80/100
|-singleturn|p1a: scary airy|move: Roost
|
|upkeep
|turn|12
|
|t:|1659748261
|switch|p1a: megan the eggin|Chansey, F|86/100
|move|p2a: Romto|Volt Switch|p1a: megan the eggin
|-damage|p1a: megan the eggin|77/100
|
|t:|1659748266
|switch|p2a: Phrog|Swampert, F|100/100|[from]move: Volt Switch
|-damage|p2a: Phrog|94/100|[from] Stealth Rock
|
|-heal|p2a: Phrog|100/100|[from] item: Leftovers
|upkeep
|turn|13
|
|t:|1659748273
|move|p2a: Phrog|Toxic|p1a: megan the eggin
|-status|p1a: megan the eggin|tox
|move|p1a: megan the eggin|Toxic|p2a: Phrog
|-status|p2a: Phrog|tox
|
|-damage|p2a: Phrog|94/100 tox|[from] psn
|-damage|p1a: megan the eggin|71/100 tox|[from] psn
|upkeep
|turn|14
|l| mood soleil
|c|+Mengy ㋛|yeah play chess
|c|+Mengy ㋛|cif
|
|t:|1659748286
|-curestatus|p1a: megan the eggin|tox|[from] ability: Natural Cure
|switch|p1a: umby wumby|Umbreon, M|100/100
|move|p2a: Phrog|Stealth Rock|p1a: umby wumby
|-sidestart|p1: 5 pia to the top|move: Stealth Rock
|
|-heal|p2a: Phrog|100/100 tox|[from] item: Leftovers
|-damage|p2a: Phrog|88/100 tox|[from] psn
|upkeep
|turn|15
|
|t:|1659748295
|move|p1a: umby wumby|Protect|p1a: umby wumby
|-singleturn|p1a: umby wumby|Protect
|move|p2a: Phrog|Toxic|p1a: umby wumby
|-activate|p1a: umby wumby|move: Protect
|
|-heal|p2a: Phrog|94/100 tox|[from] item: Leftovers
|-damage|p2a: Phrog|76/100 tox|[from] psn
|upkeep
|turn|16
|
|t:|1659748306
|switch|p2a: Stoned|Conkeldurr, M|95/100 brn
|-damage|p2a: Stoned|89/100 brn|[from] Stealth Rock
|move|p1a: umby wumby|Wish|p1a: umby wumby
|
|-damage|p2a: Stoned|83/100 brn|[from] brn
|upkeep
|turn|17
|
|t:|1659748314
|switch|p1a: scary airy|Salamence, F|80/100
|-damage|p1a: scary airy|55/100|[from] Stealth Rock
|-ability|p1a: scary airy|Intimidate|boost
|-unboost|p2a: Stoned|atk|1
|move|p2a: Stoned|Drain Punch|p1a: scary airy
|-resisted|p1a: scary airy
|-damage|p1a: scary airy|35/100
|-heal|p2a: Stoned|94/100 brn|[from] drain|[of] p1a: scary airy
|
|-heal|p1a: scary airy|84/100|[from] move: Wish|[wisher] umby wumby
|-damage|p2a: Stoned|88/100 brn|[from] brn
|upkeep
|turn|18
|c|+Mengy ㋛|actually yeah play uu
|c|+Mengy ㋛|I like that better
|
|t:|1659748332
|switch|p2a: Romto|Rotom-Heat|78/100
|move|p1a: scary airy|Defog|p2a: Romto
|-unboost|p2a: Romto|evasion|1
|-sideend|p2: Theoea|Stealth Rock|[from] move: Defog|[of] p1a: scary airy
|-sideend|p1: 5 pia to the top|Stealth Rock|[from] move: Defog|[of] p1a: scary airy
|
|upkeep
|turn|19
|
|t:|1659748348
|switch|p1a: poggy froggy|Quagsire, F|99/100
|move|p2a: Romto|Pain Split|p1a: poggy froggy
|-sethp|p1a: poggy froggy|80/100|[from] move: Pain Split|[silent]
|-sethp|p2a: Romto|100/100|[from] move: Pain Split
|
|-heal|p1a: poggy froggy|86/100|[from] item: Leftovers
|upkeep
|turn|20
|c|+Mengy ㋛|I don't think salamence's wings are very aerodynamic
|
|t:|1659748362
|switch|p2a: Boo|Tapu Bulu|97/100
|-fieldstart|move: Grassy Terrain|[from] ability: Grassy Surge|[of] p2a: Boo
|move|p1a: poggy froggy|Scald|p2a: Boo
|-resisted|p2a: Boo
|-damage|p2a: Boo|84/100
|
|-heal|p2a: Boo|90/100|[from] Grassy Terrain
|-heal|p1a: poggy froggy|92/100|[from] Grassy Terrain
|-heal|p1a: poggy froggy|98/100|[from] item: Leftovers
|upkeep
|turn|21
|
|t:|1659748373
|switch|p1a: tang ur wang|Tangrowth, M|86/100
|move|p2a: Boo|Swords Dance|p2a: Boo
|-boost|p2a: Boo|atk|2
|
|-heal|p2a: Boo|96/100|[from] Grassy Terrain
|-heal|p1a: tang ur wang|93/100|[from] Grassy Terrain
|upkeep
|turn|22
|
|t:|1659748381
|move|p2a: Boo|Swords Dance|p2a: Boo
|-boost|p2a: Boo|atk|2
|move|p1a: tang ur wang|Sludge Bomb|p2a: Boo
|-supereffective|p2a: Boo
|-damage|p2a: Boo|0 fnt
|faint|p2a: Boo
|
|-heal|p1a: tang ur wang|99/100|[from] Grassy Terrain
|upkeep
|l| Queen of Bean ✿
|
|t:|1659748397
|switch|p2a: Romto|Rotom-Heat|100/100
|turn|23
|
|t:|1659748401
|switch|p1a: poggy froggy|Quagsire, F|98/100
|move|p2a: Romto|Overheat|p1a: poggy froggy
|-resisted|p1a: poggy froggy
|-damage|p1a: poggy froggy|77/100
|-unboost|p2a: Romto|spa|2
|
|-heal|p1a: poggy froggy|83/100|[from] Grassy Terrain
|-heal|p1a: poggy froggy|90/100|[from] item: Leftovers
|upkeep
|turn|24
|
|t:|1659748412
|switch|p2a: Heads|Hydreigon, M|53/100 psn
|move|p1a: poggy froggy|Scald|p2a: Heads
|-resisted|p2a: Heads
|-damage|p2a: Heads|41/100 psn
|
|-heal|p1a: poggy froggy|96/100|[from] Grassy Terrain
|-heal|p1a: poggy froggy|100/100|[from] item: Leftovers
|-damage|p2a: Heads|29/100 psn|[from] psn
|-fieldend|move: Grassy Terrain
|upkeep
|turn|25
|
|t:|1659748422
|switch|p1a: megan the eggin|Chansey, F|71/100
|move|p2a: Heads|Draco Meteor|p1a: megan the eggin
|-damage|p1a: megan the eggin|40/100
|-unboost|p2a: Heads|spa|2
|
|-damage|p2a: Heads|17/100 psn|[from] psn
|upkeep
|turn|26
|
|t:|1659748434
|switch|p2a: Stoned|Conkeldurr, M|88/100 brn
|move|p1a: megan the eggin|Soft-Boiled|p1a: megan the eggin
|-heal|p1a: megan the eggin|91/100
|
|-damage|p2a: Stoned|82/100 brn|[from] brn
|upkeep
|turn|27
|j| Queen of Bean ✿
|
|t:|1659748447
|switch|p1a: scary airy|Salamence, F|84/100
|-ability|p1a: scary airy|Intimidate|boost
|-unboost|p2a: Stoned|atk|1
|move|p2a: Stoned|Facade|p1a: scary airy
|-damage|p1a: scary airy|33/100
|
|-damage|p2a: Stoned|76/100 brn|[from] brn
|upkeep
|turn|28
|
|t:|1659748460
|switch|p2a: Romto|Rotom-Heat|100/100
|move|p1a: scary airy|Roost|p1a: scary airy
|-heal|p1a: scary airy|83/100
|-singleturn|p1a: scary airy|move: Roost
|
|upkeep
|turn|29
|
|t:|1659748473
|move|p2a: Romto|Volt Switch|p1a: scary airy
|-damage|p1a: scary airy|59/100
|
|t:|1659748478
|switch|p2a: Phrog|Swampert, F|76/100 tox|[from]move: Volt Switch
|move|p1a: scary airy|Roost|p1a: scary airy
|-heal|p1a: scary airy|100/100
|-singleturn|p1a: scary airy|move: Roost
|
|-heal|p2a: Phrog|82/100 tox|[from] item: Leftovers
|-damage|p2a: Phrog|76/100 tox|[from] psn
|upkeep
|turn|30
|
|t:|1659748490
|switch|p1a: megan the eggin|Chansey, F|91/100
|move|p2a: Phrog|Toxic|p1a: megan the eggin
|-status|p1a: megan the eggin|tox
|
|-heal|p2a: Phrog|82/100 tox|[from] item: Leftovers
|-damage|p2a: Phrog|70/100 tox|[from] psn
|-damage|p1a: megan the eggin|84/100 tox|[from] psn
|upkeep
|turn|31
|
|t:|1659748498
|move|p2a: Phrog|Stealth Rock|p1a: megan the eggin
|-sidestart|p1: 5 pia to the top|move: Stealth Rock
|move|p1a: megan the eggin|Stealth Rock|p2a: Phrog
|-sidestart|p2: Theoea|move: Stealth Rock
|
|-heal|p2a: Phrog|76/100 tox|[from] item: Leftovers
|-damage|p2a: Phrog|57/100 tox|[from] psn
|-damage|p1a: megan the eggin|72/100 tox|[from] psn
|upkeep
|turn|32
|
|t:|1659748506
|move|p2a: Phrog|Flip Turn|p1a: megan the eggin
|-damage|p1a: megan the eggin|58/100 tox
|
|t:|1659748515
|switch|p2a: Menace|Zarude|100/100|[from]move: Flip Turn
|-damage|p2a: Menace|88/100|[from] Stealth Rock
|move|p1a: megan the eggin|Seismic Toss|p2a: Menace
|-damage|p2a: Menace|60/100
|
|-damage|p1a: megan the eggin|39/100 tox|[from] psn
|upkeep
|turn|33
|
|t:|1659748537
|-curestatus|p1a: megan the eggin|tox|[from] ability: Natural Cure
|switch|p1a: tang ur wang|Tangrowth, M|100/100
|-damage|p1a: tang ur wang|88/100|[from] Stealth Rock
|move|p2a: Menace|Darkest Lariat|p1a: tang ur wang
|-damage|p1a: tang ur wang|60/100
|
|upkeep
|turn|34
|c|+Mengy ㋛|I do not confirm
|c| Queen of Bean ✿|nope
|
|t:|1659748559
|switch|p2a: Romto|Rotom-Heat|100/100
|move|p1a: tang ur wang|Sludge Bomb|p2a: Romto
|-damage|p2a: Romto|79/100
|
|upkeep
|turn|35
|
|t:|1659748571
|switch|p2a: Menace|Zarude|60/100
|-damage|p2a: Menace|48/100|[from] Stealth Rock
|switch|p1a: poggy froggy|Quagsire, F|100/100
|-damage|p1a: poggy froggy|94/100|[from] Stealth Rock
|
|-heal|p1a: poggy froggy|100/100|[from] item: Leftovers
|upkeep
|turn|36
|
|t:|1659748582
|switch|p1a: tang ur wang|Tangrowth, M|93/100
|-damage|p1a: tang ur wang|81/100|[from] Stealth Rock
|move|p2a: Menace|U-turn|p1a: tang ur wang
|-supereffective|p1a: tang ur wang
|-damage|p1a: tang ur wang|47/100
|
|t:|1659748591
|switch|p2a: Romto|Rotom-Heat|79/100|[from]move: U-turn
|
|upkeep
|turn|37
|c|+Mengy ㋛|pif enable clips
|c|+Mengy ㋛|I can't clip
|
|t:|1659748598
|switch|p1a: poggy froggy|Quagsire, F|100/100
|-damage|p1a: poggy froggy|94/100|[from] Stealth Rock
|move|p2a: Romto|Overheat|p1a: poggy froggy
|-resisted|p1a: poggy froggy
|-damage|p1a: poggy froggy|76/100
|-unboost|p2a: Romto|spa|2
|
|-heal|p1a: poggy froggy|82/100|[from] item: Leftovers
|upkeep
|turn|38
|
|t:|1659748625
|move|p2a: Romto|Pain Split|p1a: poggy froggy
|-sethp|p1a: poggy froggy|71/100|[from] move: Pain Split|[silent]
|-sethp|p2a: Romto|92/100|[from] move: Pain Split
|move|p1a: poggy froggy|Scald|p2a: Romto
|-supereffective|p2a: Romto
|-damage|p2a: Romto|50/100
|
|-heal|p1a: poggy froggy|77/100|[from] item: Leftovers
|upkeep
|turn|39
|
|t:|1659748634
|move|p2a: Romto|Pain Split|p1a: poggy froggy
|-sethp|p1a: poggy froggy|58/100|[from] move: Pain Split|[silent]
|-sethp|p2a: Romto|75/100|[from] move: Pain Split
|move|p1a: poggy froggy|Toxic|p2a: Romto
|-status|p2a: Romto|tox
|
|-heal|p1a: poggy froggy|64/100|[from] item: Leftovers
|-damage|p2a: Romto|69/100 tox|[from] psn
|upkeep
|turn|40
|
|t:|1659748644
|switch|p2a: Menace|Zarude|48/100
|-damage|p2a: Menace|35/100|[from] Stealth Rock
|move|p1a: poggy froggy|Scald|p2a: Menace
|-resisted|p2a: Menace
|-damage|p2a: Menace|26/100
|-status|p2a: Menace|brn
|
|-heal|p1a: poggy froggy|70/100|[from] item: Leftovers
|-damage|p2a: Menace|20/100 brn|[from] brn
|upkeep
|turn|41
|c|+Mengy ㋛|https://www.technipages.com/twitch-tv-limit-clips-streams#:~:text=Once%20in%20the%20creator%20dashboard,your%20stream%20and%20past%20broadcasts.
|c|+Mengy ㋛|I am uninterested in high level UU
|c|+Mengy ㋛|I only care about 5 mon laddering
|c|+Mengy ㋛|press 1 in chat if you agree
|l| Queen of Bean ✿
|
|t:|1659748683
|switch|p1a: tang ur wang|Tangrowth, M|80/100
|-damage|p1a: tang ur wang|68/100|[from] Stealth Rock
|move|p2a: Menace|U-turn|p1a: tang ur wang
|-supereffective|p1a: tang ur wang
|-damage|p1a: tang ur wang|52/100
|c| Shelley_Swampert|I'm here as the host of the Maractus UU Fanclub
|c|☆5 pia to the top|ty shelley
|
|t:|1659748704
|switch|p2a: Heads|Hydreigon, M|17/100 psn|[from]move: U-turn
|-damage|p2a: Heads|4/100 psn|[from] Stealth Rock
|
|-damage|p2a: Heads|0 fnt|[from] psn
|faint|p2a: Heads
|upkeep
|
|t:|1659748711
|switch|p2a: Stoned|Conkeldurr, M|76/100 brn
|-damage|p2a: Stoned|70/100 brn|[from] Stealth Rock
|turn|42
|
|t:|1659748734
|switch|p1a: scary airy|Salamence, F|100/100
|-damage|p1a: scary airy|76/100|[from] Stealth Rock
|-ability|p1a: scary airy|Intimidate|boost
|-unboost|p2a: Stoned|atk|1
|move|p2a: Stoned|Knock Off|p1a: scary airy
|-damage|p1a: scary airy|52/100
|
|-damage|p2a: Stoned|64/100 brn|[from] brn
|upkeep
|turn|43
|
|t:|1659748747
|move|p1a: scary airy|Roost|p1a: scary airy
|-heal|p1a: scary airy|100/100
|-singleturn|p1a: scary airy|move: Roost
|move|p2a: Stoned|Facade|p1a: scary airy
|-damage|p1a: scary airy|55/100
|
|-damage|p2a: Stoned|58/100 brn|[from] brn
|upkeep
|turn|44
|
|t:|1659748758
|move|p1a: scary airy|Flamethrower|p2a: Stoned
|-damage|p2a: Stoned|30/100 brn
|move|p2a: Stoned|Facade|p1a: scary airy
|-damage|p1a: scary airy|4/100
|
|-damage|p2a: Stoned|24/100 brn|[from] brn
|upkeep
|turn|45
|
|t:|1659748767
|switch|p1a: tang ur wang|Tangrowth, M|85/100
|-damage|p1a: tang ur wang|73/100|[from] Stealth Rock
|move|p2a: Stoned|Mach Punch|p1a: tang ur wang
|-damage|p1a: tang ur wang|57/100
|
|-damage|p2a: Stoned|18/100 brn|[from] brn
|upkeep
|turn|46
|
|t:|1659748778
|move|p2a: Stoned|Drain Punch|p1a: tang ur wang
|-damage|p1a: tang ur wang|26/100
|-heal|p2a: Stoned|36/100 brn|[from] drain|[of] p1a: tang ur wang
|move|p1a: tang ur wang|Earthquake|p2a: Stoned
|-damage|p2a: Stoned|10/100 brn
|
|-damage|p2a: Stoned|4/100 brn|[from] brn
|upkeep
|turn|47
|
|t:|1659748786
|switch|p1a: scary airy|Salamence, F|4/100
|-damage|p1a: scary airy|0 fnt|[from] Stealth Rock
|faint|p1a: scary airy
|move|p2a: Stoned|Drain Punch|p1: scary airy|[notarget]
|-fail|p2a: Stoned
|
|-damage|p2a: Stoned|0 fnt|[from] brn
|faint|p2a: Stoned
|upkeep
|
|t:|1659748800
|switch|p1a: tang ur wang|Tangrowth, M|59/100
|switch|p2a: Phrog|Swampert, F|57/100 tox
|-damage|p2a: Phrog|51/100 tox|[from] Stealth Rock
|-damage|p1a: tang ur wang|47/100|[from] Stealth Rock
|turn|48
|
|t:|1659748834
|move|p2a: Phrog|Toxic|p1a: tang ur wang
|-status|p1a: tang ur wang|tox
|move|p1a: tang ur wang|Power Whip|p2a: Phrog
|-supereffective|p2a: Phrog
|-damage|p2a: Phrog|0 fnt
|faint|p2a: Phrog
|
|-damage|p1a: tang ur wang|40/100 tox|[from] psn
|upkeep
|
|t:|1659748843
|switch|p2a: Romto|Rotom-Heat|69/100 tox
|turn|49
|
|t:|1659748857
|switch|p2a: Menace|Zarude|20/100 brn
|-damage|p2a: Menace|8/100 brn|[from] Stealth Rock
|switch|p1a: poggy froggy|Quagsire, F|70/100
|-damage|p1a: poggy froggy|64/100|[from] Stealth Rock
|
|-heal|p1a: poggy froggy|70/100|[from] item: Leftovers
|-damage|p2a: Menace|2/100 brn|[from] brn
|upkeep
|turn|50
|
|t:|1659748870
|switch|p1a: tang ur wang|Tangrowth, M|74/100 tox
|-damage|p1a: tang ur wang|61/100 tox|[from] Stealth Rock
|move|p2a: Menace|Jungle Healing|p2a: Menace
|-heal|p2a: Menace|27/100 brn
|-curestatus|p2a: Menace|brn|[msg]
|
|-damage|p1a: tang ur wang|55/100 tox|[from] psn
|upkeep
|turn|51
|c|+Mengy ㋛|pif it was a false alarm
|c|+Mengy ㋛|I can clip
|c|+Mengy ㋛|I just wasn't logged in on laptop
|c|+Mengy ㋛|sorry :(
|
|t:|1659748888
|switch|p2a: Romto|Rotom-Heat|69/100 tox
|move|p1a: tang ur wang|Sludge Bomb|p2a: Romto
|-damage|p2a: Romto|46/100 tox
|
|-damage|p2a: Romto|39/100 tox|[from] psn
|-damage|p1a: tang ur wang|43/100 tox|[from] psn
|upkeep
|turn|52
|
|t:|1659748901
|switch|p1a: poggy froggy|Quagsire, F|70/100
|-damage|p1a: poggy froggy|64/100|[from] Stealth Rock
|move|p2a: Romto|Pain Split|p1a: poggy froggy
|-sethp|p1a: poggy froggy|47/100|[from] move: Pain Split|[silent]
|-sethp|p2a: Romto|61/100 tox|[from] move: Pain Split
|
|-heal|p1a: poggy froggy|53/100|[from] item: Leftovers
|-damage|p2a: Romto|49/100 tox|[from] psn
|upkeep
|turn|53
|j| Queen of Bean ✿
|
|t:|1659748925
|move|p2a: Romto|Pain Split|p1a: poggy froggy
|-sethp|p1a: poggy froggy|45/100|[from] move: Pain Split|[silent]
|-sethp|p2a: Romto|59/100 tox|[from] move: Pain Split
|move|p1a: poggy froggy|Toxic|p2a: Romto
|-fail|p2a: Romto|tox
|
|-heal|p1a: poggy froggy|52/100|[from] item: Leftovers
|-damage|p2a: Romto|40/100 tox|[from] psn
|upkeep
|turn|54
|
|t:|1659748935
|move|p2a: Romto|Overheat|p1a: poggy froggy
|-resisted|p1a: poggy froggy
|-damage|p1a: poggy froggy|32/100
|-unboost|p2a: Romto|spa|2
|move|p1a: poggy froggy|Toxic|p2a: Romto
|-fail|p2a: Romto|tox
|
|-heal|p1a: poggy froggy|38/100|[from] item: Leftovers
|-damage|p2a: Romto|15/100 tox|[from] psn
|upkeep
|turn|55
|
|t:|1659748944
|move|p2a: Romto|Pain Split|p1a: poggy froggy
|-sethp|p1a: poggy froggy|25/100|[from] move: Pain Split|[silent]
|-sethp|p2a: Romto|32/100 tox|[from] move: Pain Split
|move|p1a: poggy froggy|Scald|p2a: Romto
|-supereffective|p2a: Romto
|-crit|p2a: Romto
|-damage|p2a: Romto|0 fnt
|faint|p2a: Romto
|
|-heal|p1a: poggy froggy|31/100|[from] item: Leftovers
|upkeep
|
|t:|1659748953
|switch|p2a: Menace|Zarude|27/100
|-damage|p2a: Menace|14/100|[from] Stealth Rock
|turn|56
|
|t:|1659748961
|move|p2a: Menace|Darkest Lariat|p1a: poggy froggy
|-damage|p1a: poggy froggy|0 fnt
|faint|p1a: poggy froggy
|
|upkeep
|
|t:|1659748963
|switch|p1a: tang ur wang|Tangrowth, M|76/100 tox
|-damage|p1a: tang ur wang|63/100 tox|[from] Stealth Rock
|turn|57
|
|t:|1659748969
|move|p2a: Menace|Darkest Lariat|p1a: tang ur wang
|-damage|p1a: tang ur wang|32/100 tox
|move|p1a: tang ur wang|Sludge Bomb|p2a: Menace
|-supereffective|p2a: Menace
|-damage|p2a: Menace|0 fnt
|faint|p2a: Menace
|
|win|5 pia to the top
|raw|5 pia to the top's rating: 1274 &rarr; <strong>1291</strong><br />(+17 for winning)
|raw|Theoea's rating: 1160 &rarr; <strong>1143</strong><br />(-17 for losing)
|c|☆5 pia to the top|gg
|l| Shelley_Swampert
|l| Queen of Bean ✿
|l|☆Theoea
||Ladder isn't responding, score probably updated but might not have (Request timeout).
