|j|☆Shmya
|j|☆XMirrorboy
|player|p1|Shmya|bruno|
|player|p2|XMirrorboy|260|
|teamsize|p1|6
|teamsize|p2|6
|gametype|singles
|gen|8
|tier|[Gen 8] UU
|rated|Tournament battle
|clearpoke
|poke|p1|Coalossal, M|
|poke|p1|Rotom-Mow|
|poke|p1|Vaporeon, F|
|poke|p1|Weezing-Galar, M|
|poke|p1|Haxorus, M|
|poke|p1|Drapion, F|
|poke|p2|Ribombee, F|
|poke|p2|Polteageist|
|poke|p2|Weavile, M|
|poke|p2|Claydol|
|poke|p2|Vaporeon, M|
|poke|p2|Obstagoon, M|
|rule|Sleep Clause Mod: Limit one foe put to sleep
|rule|Species Clause: Limit one of each Pokémon
|rule|OHKO Clause: OHKO moves are banned
|rule|Evasion Moves Clause: Evasion moves are banned
|rule|Endless Battle Clause: Forcing endless battles is banned
|rule|HP Percentage Mod: HP is shown in percentages
|rule|Dynamax Clause: You cannot dynamax
|teampreview
|c|☆XMirrorboy|hi
|j| Adrift & Rising
|c|☆Shmya|yo
|j| Axeloy
|
|start
|switch|p1a: Rotom|Rotom-Mow|100/100
|switch|p2a: Ribombee|Ribombee, F, shiny|100/100
|turn|1
|j| timurir
|j| slimevixen
|j| 467 11 11p
|l| 467 11 11p
|j| 467 11 11p
|
|move|p1a: Rotom|Volt Switch|p2a: Ribombee
|-damage|p2a: Ribombee|50/100
|c|☆XMirrorboy|D:
|
|switch|p1a: Weezing|Weezing-Galar, M|100/100|[from]move: Volt Switch
|move|p2a: Ribombee|Bug Buzz|p1a: Weezing
|-resisted|p1a: Weezing
|-damage|p1a: Weezing|88/100
|
|-heal|p1a: Weezing|94/100|[from] item: Black Sludge
|upkeep
|turn|2
|
|move|p2a: Ribombee|Psychic|p1a: Weezing
|-supereffective|p1a: Weezing
|-damage|p1a: Weezing|30/100
|move|p1a: Weezing|Flamethrower|p2a: Ribombee
|-supereffective|p2a: Ribombee
|-damage|p2a: Ribombee|0 fnt
|faint|p2a: Ribombee
|
|-heal|p1a: Weezing|36/100|[from] item: Black Sludge
|upkeep
|c|☆XMirrorboy|:c
|
|switch|p2a: Claydol|Claydol|100/100
|turn|3
|j| No please why no
|
|switch|p1a: Drapion|Drapion, F|100/100
|move|p2a: Claydol|Stealth Rock|p1a: Drapion
|-sidestart|p1: Shmya|move: Stealth Rock
|
|upkeep
|turn|4
|j| pizza hut pizza
|j| FuckLe17
|l| FuckLe17
|
|move|p1a: Drapion|Knock Off|p2a: Claydol
|-supereffective|p2a: Claydol
|-damage|p2a: Claydol|50/100
|-enditem|p2a: Claydol|Leftovers|[from] move: Knock Off|[of] p1a: Drapion
|move|p2a: Claydol|Earth Power|p1a: Drapion
|-supereffective|p1a: Drapion
|-damage|p1a: Drapion|50/100
|
|-heal|p1a: Drapion|56/100|[from] item: Black Sludge
|upkeep
|turn|5
|
|switch|p1a: Vaporeon|Vaporeon, F|100/100
|-damage|p1a: Vaporeon|88/100|[from] Stealth Rock
|move|p2a: Claydol|Earth Power|p1a: Vaporeon
|-damage|p1a: Vaporeon|70/100
|
|-heal|p1a: Vaporeon|76/100|[from] item: Leftovers
|upkeep
|turn|6
|
|switch|p2a: Vaporeon|Vaporeon, M|100/100
|move|p1a: Vaporeon|Scald|p2a: Vaporeon
|-immune|p2a: Vaporeon|[from] ability: Water Absorb
|
|-heal|p1a: Vaporeon|82/100|[from] item: Leftovers
|upkeep
|turn|7
|
|move|p2a: Vaporeon|Wish|p2a: Vaporeon
|move|p1a: Vaporeon|Wish|p1a: Vaporeon
|
|-heal|p1a: Vaporeon|88/100|[from] item: Leftovers
|upkeep
|turn|8
|
|move|p1a: Vaporeon|Scald|p2a: Vaporeon
|-immune|p2a: Vaporeon|[from] ability: Water Absorb
|move|p2a: Vaporeon|Scald|p1a: Vaporeon
|-heal|p1a: Vaporeon|100/100|[from] ability: Water Absorb|[of] p2a: Vaporeon
|
|upkeep
|turn|9
|c|☆XMirrorboy|lol
|
|switch|p2a: Obstagoon|Obstagoon, M|100/100
|move|p1a: Vaporeon|Wish|p1a: Vaporeon
|
|-status|p2a: Obstagoon|brn|[from] item: Flame Orb
|upkeep
|turn|10
|
|move|p2a: Obstagoon|Facade|p1a: Vaporeon
|-damage|p1a: Vaporeon|36/100
|move|p1a: Vaporeon|Scald|p2a: Obstagoon
|-damage|p2a: Obstagoon|62/100 brn
|
|-heal|p1a: Vaporeon|86/100|[from] move: Wish|[wisher] Vaporeon
|-heal|p1a: Vaporeon|92/100|[from] item: Leftovers
|-damage|p2a: Obstagoon|56/100 brn|[from] brn
|upkeep
|turn|11
|
|move|p1a: Vaporeon|Protect|p1a: Vaporeon
|-singleturn|p1a: Vaporeon|Protect
|move|p2a: Obstagoon|Bulk Up|p2a: Obstagoon
|-boost|p2a: Obstagoon|atk|1
|-boost|p2a: Obstagoon|def|1
|
|-heal|p1a: Vaporeon|98/100|[from] item: Leftovers
|-damage|p2a: Obstagoon|49/100 brn|[from] brn
|upkeep
|turn|12
|
|move|p2a: Obstagoon|Facade|p1a: Vaporeon
|-damage|p1a: Vaporeon|2/100
|move|p1a: Vaporeon|Scald|p2a: Obstagoon
|-damage|p2a: Obstagoon|11/100 brn
|
|-heal|p1a: Vaporeon|9/100|[from] item: Leftovers
|-damage|p2a: Obstagoon|5/100 brn|[from] brn
|upkeep
|turn|13
|j| Solonorrrrr
|c|☆XMirrorboy|D:
|
|move|p1a: Vaporeon|Protect|p1a: Vaporeon
|-singleturn|p1a: Vaporeon|Protect
|move|p2a: Obstagoon|Knock Off|p1a: Vaporeon
|-activate|p1a: Vaporeon|move: Protect
|
|-heal|p1a: Vaporeon|15/100|[from] item: Leftovers
|-damage|p2a: Obstagoon|0 fnt|[from] brn
|faint|p2a: Obstagoon
|upkeep
|
|switch|p2a: Weavile|Weavile, M|100/100
|turn|14
|
|switch|p1a: Weezing|Weezing-Galar, M|36/100
|-damage|p1a: Weezing|24/100|[from] Stealth Rock
|move|p2a: Weavile|Throat Chop|p1a: Weezing
|-resisted|p1a: Weezing
|-crit|p1a: Weezing
|-damage|p1a: Weezing|4/100
|-start|p1a: Weezing|Throat Chop|[silent]
|
|-heal|p1a: Weezing|10/100|[from] item: Black Sludge
|upkeep
|turn|15
|
|move|p2a: Weavile|Throat Chop|p1a: Weezing
|-resisted|p1a: Weezing
|-damage|p1a: Weezing|0 fnt
|faint|p1a: Weezing
|
|upkeep
|
|switch|p1a: Rotom|Rotom-Mow|100/100
|-damage|p1a: Rotom|88/100|[from] Stealth Rock
|turn|16
|j| Flygon Jinn
|
|switch|p2a: Claydol|Claydol|50/100
|move|p1a: Rotom|Leaf Storm|p2a: Claydol
|-supereffective|p2a: Claydol
|-damage|p2a: Claydol|0 fnt
|-unboost|p1a: Rotom|spa|2
|faint|p2a: Claydol
|
|upkeep
|c|☆XMirrorboy|:c
|j| YBadDream
|
|switch|p2a: Weavile|Weavile, M|100/100
|turn|17
|inactive|Battle timer is ON: inactive players will automatically lose when time's up. (requested by XMirrorboy)
|
|switch|p1a: Coalossal|Coalossal, M|100/100
|move|p2a: Weavile|Throat Chop|p1a: Coalossal
|-damage|p1a: Coalossal|73/100
|-status|p2a: Weavile|brn|[from] ability: Flame Body|[of] p1a: Coalossal
|-start|p1a: Coalossal|Throat Chop|[silent]
|
|-damage|p2a: Weavile|94/100 brn|[from] brn
|upkeep
|turn|18
|c|☆XMirrorboy|:c
|
|move|p2a: Weavile|Low Kick|p1a: Coalossal
|-supereffective|p1a: Coalossal
|-damage|p1a: Coalossal|45/100
|move|p1a: Coalossal|Stealth Rock|p2a: Weavile
|-sidestart|p2: XMirrorboy|move: Stealth Rock
|
|-damage|p2a: Weavile|88/100 brn|[from] brn
|-end|p1a: Coalossal|Throat Chop|[silent]
|upkeep
|turn|19
|
|switch|p2a: Polteageist|Polteageist|100/100
|-damage|p2a: Polteageist|88/100|[from] Stealth Rock
|move|p1a: Coalossal|Rapid Spin|p2a: Polteageist
|-immune|p2a: Polteageist
|
|upkeep
|turn|20
|l| No please why no
|j| Bass Buster
|
|move|p2a: Polteageist|Shadow Ball|p1a: Coalossal
|-damage|p1a: Coalossal|15/100
|move|p1a: Coalossal|Stone Edge|p2a: Polteageist|[miss]
|-miss|p1a: Coalossal|p2a: Polteageist
|
|upkeep
|turn|21
|c|☆XMirrorboy|D:
|
|move|p2a: Polteageist|Giga Drain|p1a: Coalossal
|-damage|p1a: Coalossal|0 fnt
|-heal|p2a: Polteageist|99/100|[from] drain|[of] p1a: Coalossal
|faint|p1a: Coalossal
|
|upkeep
|
|switch|p1a: Drapion|Drapion, F|56/100
|-damage|p1a: Drapion|44/100|[from] Stealth Rock
|turn|22
|
|switch|p2a: Weavile|Weavile, M|88/100 brn
|-damage|p2a: Weavile|63/100 brn|[from] Stealth Rock
|move|p1a: Drapion|Knock Off|p2a: Weavile
|-resisted|p2a: Weavile
|-damage|p2a: Weavile|37/100 brn
|-enditem|p2a: Weavile|Muscle Band|[from] move: Knock Off|[of] p1a: Drapion
|-enditem|p1a: Drapion|Black Sludge|[silent]|[from] ability: Pickpocket|[of] p1a: Drapion
|-item|p2a: Weavile|Black Sludge|[from] ability: Pickpocket|[of] p1a: Drapion
|
|-damage|p2a: Weavile|24/100 brn|[from] item: Black Sludge
|-damage|p2a: Weavile|18/100 brn|[from] brn
|upkeep
|turn|23
|
|move|p2a: Weavile|Icicle Crash|p1a: Drapion|[miss]
|-miss|p2a: Weavile|p1a: Drapion
|move|p1a: Drapion|Toxic Spikes|p2a: Weavile
|-sidestart|p2: XMirrorboy|move: Toxic Spikes
|
|-damage|p2a: Weavile|6/100 brn|[from] item: Black Sludge
|-damage|p2a: Weavile|0 fnt|[from] brn
|faint|p2a: Weavile
|upkeep
|inactive|XMirrorboy has 120 seconds left.
|c|☆XMirrorboy|:I
|
|switch|p2a: Vaporeon|Vaporeon, M|100/100
|-damage|p2a: Vaporeon|88/100|[from] Stealth Rock
|-status|p2a: Vaporeon|psn
|turn|24
|
|switch|p1a: Vaporeon|Vaporeon, F|15/100
|-damage|p1a: Vaporeon|2/100|[from] Stealth Rock
|move|p2a: Vaporeon|Ice Beam|p1a: Vaporeon
|-resisted|p1a: Vaporeon
|-damage|p1a: Vaporeon|0 fnt
|faint|p1a: Vaporeon
|
|-heal|p2a: Vaporeon|94/100 psn|[from] item: Leftovers
|-damage|p2a: Vaporeon|82/100 psn|[from] psn
|upkeep
|
|switch|p1a: Haxorus|Haxorus, M|100/100
|-damage|p1a: Haxorus|88/100|[from] Stealth Rock
|-ability|p1a: Haxorus|Mold Breaker
|turn|25
|
|move|p1a: Haxorus|Outrage|p2a: Vaporeon
|-damage|p2a: Vaporeon|7/100 psn
|-damage|p1a: Haxorus|78/100|[from] item: Life Orb
|move|p2a: Vaporeon|Ice Beam|p1a: Haxorus
|-supereffective|p1a: Haxorus
|-damage|p1a: Haxorus|13/100
|
|-heal|p2a: Vaporeon|13/100 psn|[from] item: Leftovers
|-damage|p2a: Vaporeon|0 fnt|[from] psn
|faint|p2a: Vaporeon
|upkeep
|
|switch|p2a: Polteageist|Polteageist|99/100
|-status|p2a: Polteageist|psn
|-damage|p2a: Polteageist|87/100 psn|[from] Stealth Rock
|turn|26
|c|☆XMirrorboy|gg
|
|move|p1a: Haxorus|Outrage|p2a: Polteageist|[from]lockedmove
|-damage|p2a: Polteageist|0 fnt
|-damage|p1a: Haxorus|3/100|[from] item: Life Orb
|faint|p2a: Polteageist
|
|win|Shmya
