|j|☆GryphonEX
|j|☆UmbraAngel
|t:|1662228993
|gametype|singles
|player|p1|GryphonEX|2|1360
|player|p2|UmbraAngel|cynthia-gen4|1117
|teamsize|p1|6
|teamsize|p2|6
|gen|8
|tier|[Gen 8] UU
|rated|
|rule|Sleep Clause Mod: Limit one foe put to sleep
|rule|Species Clause: Limit one of each Pokémon
|rule|OHKO Clause: OHKO moves are banned
|rule|Evasion Items Clause: Evasion items are banned
|rule|Evasion Moves Clause: Evasion moves are banned
|rule|Endless Battle Clause: Forcing endless battles is banned
|rule|HP Percentage Mod: HP is shown in percentages
|rule|Dynamax Clause: You cannot dynamax
|clearpoke
|poke|p1|Hydreigon, F|
|poke|p1|Suicune|
|poke|p1|Zarude|
|poke|p1|Salamence, M|
|poke|p1|Chansey, F|
|poke|p1|Corsola-Galar, F|
|poke|p2|Amoonguss, F|
|poke|p2|Celesteela|
|poke|p2|Bronzong|
|poke|p2|Rotom-Wash|
|poke|p2|Skarmory, F|
|poke|p2|Chansey, F|
|teampreview
|inactive|Battle timer is ON: inactive players will automatically lose when time's up. (requested by UmbraAngel)
|c|☆GryphonEX|Good luck!
|
|t:|1662229018
|start
|switch|p1a: Zarude|Zarude|100/100
|switch|p2a: Skarmory|Skarmory, F, shiny|100/100
|turn|1
|
|t:|1662229024
|move|p1a: Zarude|U-turn|p2a: Skarmory
|-resisted|p2a: Skarmory
|-crit|p2a: Skarmory
|-damage|p2a: Skarmory|93/100
|-damage|p1a: Zarude|84/100|[from] item: Rocky Helmet|[of] p2a: Skarmory
|
|t:|1662229033
|switch|p1a: Suicune|Suicune|100/100|[from]move: U-turn
|-ability|p1a: Suicune|Pressure
|move|p2a: Skarmory|Stealth Rock|p1a: Suicune
|-sidestart|p1: GryphonEX|move: Stealth Rock
|
|upkeep
|turn|2
|
|t:|1662229038
|move|p1a: Suicune|Calm Mind|p1a: Suicune
|-boost|p1a: Suicune|spa|1
|-boost|p1a: Suicune|spd|1
|move|p2a: Skarmory|Whirlwind|p1a: Suicune
|drag|p1a: Chansey|Chansey, F|100/100
|-damage|p1a: Chansey|88/100|[from] Stealth Rock
|
|upkeep
|turn|3
|
|t:|1662229041
|move|p2a: Skarmory|Body Press|p1a: Chansey
|-supereffective|p1a: Chansey
|-damage|p1a: Chansey|50/100
|move|p1a: Chansey|Teleport|p1a: Chansey
|
|t:|1662229046
|switch|p1a: Corsola|Corsola-Galar, F|100/100|[from]move: Teleport
|-damage|p1a: Corsola|88/100|[from] Stealth Rock
|
|upkeep
|turn|4
|
|t:|1662229050
|move|p1a: Corsola|Will-O-Wisp|p2a: Skarmory|[miss]
|-miss|p1a: Corsola|p2a: Skarmory
|move|p2a: Skarmory|Whirlwind|p1a: Corsola
|drag|p1a: Hydreigon|Hydreigon, F|100/100
|-damage|p1a: Hydreigon|88/100|[from] Stealth Rock
|
|upkeep
|turn|5
|
|t:|1662229054
|move|p1a: Hydreigon|Flamethrower|p2a: Skarmory
|-supereffective|p2a: Skarmory
|-damage|p2a: Skarmory|0 fnt
|faint|p2a: Skarmory
|
|upkeep
|
|t:|1662229061
|switch|p2a: Chansey|Chansey, F, shiny|100/100
|turn|6
|
|t:|1662229065
|switch|p1a: Chansey|Chansey, F|50/100
|-damage|p1a: Chansey|38/100|[from] Stealth Rock
|move|p2a: Chansey|Ice Beam|p1a: Chansey
|-damage|p1a: Chansey|35/100
|
|upkeep
|turn|7
|
|t:|1662229076
|move|p2a: Chansey|Ice Beam|p1a: Chansey
|-damage|p1a: Chansey|32/100
|-status|p1a: Chansey|frz
|cant|p1a: Chansey|frz
|
|upkeep
|turn|8
|
|t:|1662229081
|cant|p1a: Chansey|frz
|move|p2a: Chansey|Seismic Toss|p1a: Chansey
|-damage|p1a: Chansey|18/100 frz
|
|upkeep
|turn|9
|
|t:|1662229085
|move|p2a: Chansey|Seismic Toss|p1a: Chansey
|-damage|p1a: Chansey|4/100 frz
|cant|p1a: Chansey|frz
|
|upkeep
|turn|10
|
|t:|1662229091
|cant|p1a: Chansey|frz
|move|p2a: Chansey|Ice Beam|p1a: Chansey
|-damage|p1a: Chansey|1/100 frz
|
|upkeep
|turn|11
|
|t:|1662229097
|move|p2a: Chansey|Ice Beam|p1a: Chansey
|-damage|p1a: Chansey|0 fnt
|faint|p1a: Chansey
|
|upkeep
|
|t:|1662229102
|switch|p1a: Suicune|Suicune|100/100
|-damage|p1a: Suicune|88/100|[from] Stealth Rock
|-ability|p1a: Suicune|Pressure
|turn|12
|
|t:|1662229109
|switch|p2a: Rotom|Rotom-Wash, shiny|100/100
|move|p1a: Suicune|Calm Mind|p1a: Suicune
|-boost|p1a: Suicune|spa|1
|-boost|p1a: Suicune|spd|1
|
|-heal|p1a: Suicune|94/100|[from] item: Leftovers
|upkeep
|turn|13
|
|t:|1662229117
|move|p2a: Rotom|Trick|p1a: Suicune
|-activate|p2a: Rotom|move: Trick|[of] p1a: Suicune
|-item|p1a: Suicune|Choice Scarf|[from] move: Trick
|-item|p2a: Rotom|Leftovers|[from] move: Trick
|move|p1a: Suicune|Scald|p2a: Rotom
|-resisted|p2a: Rotom
|-damage|p2a: Rotom|77/100
|
|-heal|p2a: Rotom|83/100|[from] item: Leftovers
|upkeep
|turn|14
|
|t:|1662229123
|move|p1a: Suicune|Scald|p2a: Rotom
|-resisted|p2a: Rotom
|-damage|p2a: Rotom|60/100
|move|p2a: Rotom|Thunderbolt|p1a: Suicune
|-supereffective|p1a: Suicune
|-damage|p1a: Suicune|51/100
|
|-heal|p2a: Rotom|66/100|[from] item: Leftovers
|upkeep
|turn|15
|
|t:|1662229130
|switch|p1a: Hydreigon|Hydreigon, F|88/100
|-damage|p1a: Hydreigon|76/100|[from] Stealth Rock
|move|p2a: Rotom|Thunderbolt|p1a: Hydreigon
|-resisted|p1a: Hydreigon
|-damage|p1a: Hydreigon|54/100
|
|-heal|p2a: Rotom|72/100|[from] item: Leftovers
|upkeep
|turn|16
|
|t:|1662229137
|switch|p2a: Chansey|Chansey, F, shiny|100/100
|move|p1a: Hydreigon|Roost|p1a: Hydreigon
|-heal|p1a: Hydreigon|100/100
|-singleturn|p1a: Hydreigon|move: Roost
|
|upkeep
|turn|17
|
|t:|1662229143
|switch|p1a: Suicune|Suicune|51/100
|-damage|p1a: Suicune|38/100|[from] Stealth Rock
|-ability|p1a: Suicune|Pressure
|move|p2a: Chansey|Ice Beam|p1a: Suicune
|-resisted|p1a: Suicune
|-damage|p1a: Suicune|34/100
|-status|p1a: Suicune|frz
|
|upkeep
|turn|18
|
|t:|1662229145
|cant|p1a: Suicune|frz
|move|p2a: Chansey|Seismic Toss|p1a: Suicune
|-damage|p1a: Suicune|10/100 frz
|
|upkeep
|turn|19
|
|t:|1662229149
|cant|p1a: Suicune|frz
|move|p2a: Chansey|Seismic Toss|p1a: Suicune
|-damage|p1a: Suicune|0 fnt
|faint|p1a: Suicune
|
|upkeep
|
|t:|1662229156
|switch|p1a: Zarude|Zarude|84/100
|-damage|p1a: Zarude|72/100|[from] Stealth Rock
|turn|20
|
|t:|1662229173
|switch|p2a: Amoonguss|Amoonguss, F, shiny|100/100
|move|p1a: Zarude|Close Combat|p2a: Amoonguss
|-resisted|p2a: Amoonguss
|-damage|p2a: Amoonguss|67/100
|-unboost|p1a: Zarude|def|1
|-unboost|p1a: Zarude|spd|1
|
|-heal|p2a: Amoonguss|74/100|[from] item: Black Sludge
|upkeep
|turn|21
|
|t:|1662229179
|switch|p1a: Salamence|Salamence, M|100/100
|-ability|p1a: Salamence|Intimidate|boost
|-unboost|p2a: Amoonguss|atk|1
|move|p2a: Amoonguss|Clear Smog|p1a: Salamence
|-damage|p1a: Salamence|85/100
|-clearboost|p1a: Salamence
|
|-heal|p2a: Amoonguss|80/100|[from] item: Black Sludge
|upkeep
|turn|22
|
|t:|1662229182
|move|p1a: Salamence|Defog|p2a: Amoonguss
|-unboost|p2a: Amoonguss|evasion|1
|-sideend|p1: GryphonEX|Stealth Rock|[from] move: Defog|[of] p1a: Salamence
|move|p2a: Amoonguss|Spore|p1a: Salamence
|-status|p1a: Salamence|slp|[from] move: Spore
|
|-heal|p2a: Amoonguss|86/100|[from] item: Black Sludge
|upkeep
|turn|23
|
|t:|1662229188
|switch|p1a: Corsola|Corsola-Galar, F|88/100
|switch|p2a: Chansey|Chansey, F, shiny|100/100
|
|upkeep
|turn|24
|
|t:|1662229196
|move|p2a: Chansey|Ice Beam|p1a: Corsola
|-damage|p1a: Corsola|83/100
|move|p1a: Corsola|Stealth Rock|p2a: Chansey
|-sidestart|p2: UmbraAngel|move: Stealth Rock
|
|upkeep
|turn|25
|
|t:|1662229201
|move|p2a: Chansey|Ice Beam|p1a: Corsola
|-damage|p1a: Corsola|78/100
|-status|p1a: Corsola|frz
|cant|p1a: Corsola|frz
|
|upkeep
|turn|26
|
|t:|1662229215
|switch|p2a: Celesteela|Celesteela, shiny|100/100
|-damage|p2a: Celesteela|88/100|[from] Stealth Rock
|cant|p1a: Corsola|frz
|
|-heal|p2a: Celesteela|94/100|[from] item: Leftovers
|upkeep
|turn|27
|
|t:|1662229219
|move|p2a: Celesteela|Leech Seed|p1a: Corsola|[miss]
|-miss|p2a: Celesteela|p1a: Corsola
|cant|p1a: Corsola|frz
|
|-heal|p2a: Celesteela|99/100|[from] item: Leftovers
|upkeep
|turn|28
|
|t:|1662229226
|move|p2a: Celesteela|Autotomize|p2a: Celesteela
|-boost|p2a: Celesteela|spe|2
|-start|p2a: Celesteela|Autotomize
|cant|p1a: Corsola|frz
|
|-heal|p2a: Celesteela|100/100|[from] item: Leftovers
|upkeep
|turn|29
|
|t:|1662229232
|move|p2a: Celesteela|Autotomize|p2a: Celesteela
|-boost|p2a: Celesteela|spe|2
|-start|p2a: Celesteela|Autotomize
|-curestatus|p1a: Corsola|frz|[msg]
|move|p1a: Corsola|Will-O-Wisp|p2a: Celesteela
|-status|p2a: Celesteela|brn
|
|-damage|p2a: Celesteela|94/100 brn|[from] brn
|upkeep
|turn|30
|
|t:|1662229234
|move|p2a: Celesteela|Iron Defense|p2a: Celesteela
|-boost|p2a: Celesteela|def|2
|move|p1a: Corsola|Strength Sap|p2a: Celesteela
|-unboost|p2a: Celesteela|atk|1
|-heal|p1a: Corsola|100/100
|
|-heal|p2a: Celesteela|100/100 brn|[from] item: Leftovers
|-damage|p2a: Celesteela|94/100 brn|[from] brn
|upkeep
|turn|31
|
|t:|1662229239
|move|p2a: Celesteela|Leech Seed|p1a: Corsola
|-start|p1a: Corsola|move: Leech Seed
|move|p1a: Corsola|Night Shade|p2a: Celesteela
|-damage|p2a: Celesteela|69/100 brn
|
|-heal|p2a: Celesteela|75/100 brn|[from] item: Leftovers
|-damage|p1a: Corsola|88/100|[from] Leech Seed|[of] p2a: Celesteela
|-heal|p2a: Celesteela|85/100 brn|[silent]
|-damage|p2a: Celesteela|79/100 brn|[from] brn
|upkeep
|turn|32
|
|t:|1662229245
|move|p2a: Celesteela|Iron Defense|p2a: Celesteela
|-boost|p2a: Celesteela|def|2
|move|p1a: Corsola|Night Shade|p2a: Celesteela
|-damage|p2a: Celesteela|54/100 brn
|
|-heal|p2a: Celesteela|60/100 brn|[from] item: Leftovers
|-damage|p1a: Corsola|76/100|[from] Leech Seed|[of] p2a: Celesteela
|-heal|p2a: Celesteela|70/100 brn|[silent]
|-damage|p2a: Celesteela|64/100 brn|[from] brn
|upkeep
|turn|33
|
|t:|1662229248
|move|p2a: Celesteela|Air Slash|p1a: Corsola
|-damage|p1a: Corsola|60/100
|move|p1a: Corsola|Night Shade|p2a: Celesteela
|-damage|p2a: Celesteela|39/100 brn
|
|-heal|p2a: Celesteela|45/100 brn|[from] item: Leftovers
|-damage|p1a: Corsola|48/100|[from] Leech Seed|[of] p2a: Celesteela
|-heal|p2a: Celesteela|55/100 brn|[silent]
|-damage|p2a: Celesteela|49/100 brn|[from] brn
|upkeep
|turn|34
|
|t:|1662229254
|move|p2a: Celesteela|Air Slash|p1a: Corsola
|-damage|p1a: Corsola|34/100
|move|p1a: Corsola|Strength Sap|p2a: Celesteela
|-unboost|p2a: Celesteela|atk|1
|-heal|p1a: Corsola|72/100
|
|-heal|p2a: Celesteela|55/100 brn|[from] item: Leftovers
|-damage|p1a: Corsola|60/100|[from] Leech Seed|[of] p2a: Celesteela
|-heal|p2a: Celesteela|65/100 brn|[silent]
|-damage|p2a: Celesteela|59/100 brn|[from] brn
|upkeep
|turn|35
|
|t:|1662229257
|move|p2a: Celesteela|Air Slash|p1a: Corsola
|-damage|p1a: Corsola|46/100
|move|p1a: Corsola|Night Shade|p2a: Celesteela
|-damage|p2a: Celesteela|34/100 brn
|
|-heal|p2a: Celesteela|40/100 brn|[from] item: Leftovers
|-damage|p1a: Corsola|33/100|[from] Leech Seed|[of] p2a: Celesteela
|-heal|p2a: Celesteela|50/100 brn|[silent]
|-damage|p2a: Celesteela|44/100 brn|[from] brn
|upkeep
|turn|36
|
|t:|1662229259
|move|p2a: Celesteela|Air Slash|p1a: Corsola
|-damage|p1a: Corsola|18/100
|move|p1a: Corsola|Night Shade|p2a: Celesteela
|-damage|p2a: Celesteela|19/100 brn
|
|-heal|p2a: Celesteela|25/100 brn|[from] item: Leftovers
|-damage|p1a: Corsola|6/100|[from] Leech Seed|[of] p2a: Celesteela
|-heal|p2a: Celesteela|35/100 brn|[silent]
|-damage|p2a: Celesteela|29/100 brn|[from] brn
|upkeep
|turn|37
|
|t:|1662229264
|move|p2a: Celesteela|Air Slash|p1a: Corsola
|-damage|p1a: Corsola|0 fnt
|-start|p2a: Celesteela|Disable|Air Slash|[from] ability: Cursed Body|[of] p1a: Corsola
|faint|p1a: Corsola
|-ability|p2a: Celesteela|Beast Boost|boost
|-boost|p2a: Celesteela|spd|1
|
|-heal|p2a: Celesteela|35/100 brn|[from] item: Leftovers
|-damage|p2a: Celesteela|29/100 brn|[from] brn
|upkeep
|
|t:|1662229275
|switch|p1a: Hydreigon|Hydreigon, F|100/100
|turn|38
|
|t:|1662229279
|move|p2a: Celesteela|Leech Seed|p1a: Hydreigon
|-start|p1a: Hydreigon|move: Leech Seed
|move|p1a: Hydreigon|Draco Meteor|p2a: Celesteela
|-resisted|p2a: Celesteela
|-damage|p2a: Celesteela|9/100 brn
|-unboost|p1a: Hydreigon|spa|2
|
|-heal|p2a: Celesteela|15/100 brn|[from] item: Leftovers
|-damage|p1a: Hydreigon|88/100|[from] Leech Seed|[of] p2a: Celesteela
|-heal|p2a: Celesteela|25/100 brn|[silent]
|-damage|p2a: Celesteela|19/100 brn|[from] brn
|upkeep
|turn|39
|
|t:|1662229291
|switch|p1a: Salamence|Salamence, M|85/100 slp
|-ability|p1a: Salamence|Intimidate|boost
|-unboost|p2a: Celesteela|atk|1
|move|p2a: Celesteela|Autotomize|p2a: Celesteela
|-boost|p2a: Celesteela|spe|2
|-start|p2a: Celesteela|Autotomize
|
|-heal|p2a: Celesteela|25/100 brn|[from] item: Leftovers
|-damage|p2a: Celesteela|19/100 brn|[from] brn
|upkeep
|turn|40
|
|t:|1662229296
|move|p2a: Celesteela|Leech Seed|p1a: Salamence
|-start|p1a: Salamence|move: Leech Seed
|cant|p1a: Salamence|slp
|
|-heal|p2a: Celesteela|25/100 brn|[from] item: Leftovers
|-damage|p1a: Salamence|72/100 slp|[from] Leech Seed|[of] p2a: Celesteela
|-heal|p2a: Celesteela|37/100 brn|[silent]
|-damage|p2a: Celesteela|31/100 brn|[from] brn
|-end|p2a: Celesteela|Disable
|upkeep
|turn|41
|
|t:|1662229298
|switch|p1a: Hydreigon|Hydreigon, F|88/100
|move|p2a: Celesteela|Air Slash|p1a: Hydreigon
|-damage|p1a: Hydreigon|54/100
|
|-heal|p2a: Celesteela|37/100 brn|[from] item: Leftovers
|-damage|p2a: Celesteela|31/100 brn|[from] brn
|upkeep
|turn|42
|
|t:|1662229307
|move|p2a: Celesteela|Air Slash|p1a: Hydreigon
|-damage|p1a: Hydreigon|20/100
|move|p1a: Hydreigon|Draco Meteor|p2a: Celesteela
|-resisted|p2a: Celesteela
|-damage|p2a: Celesteela|11/100 brn
|-unboost|p1a: Hydreigon|spa|2
|
|-heal|p2a: Celesteela|17/100 brn|[from] item: Leftovers
|-damage|p2a: Celesteela|11/100 brn|[from] brn
|upkeep
|turn|43
|
|t:|1662229313
|switch|p1a: Salamence|Salamence, M|72/100 slp
|-ability|p1a: Salamence|Intimidate|boost
|-unboost|p2a: Celesteela|atk|1
|move|p2a: Celesteela|Air Slash|p1a: Salamence
|-damage|p1a: Salamence|45/100 slp
|
|-heal|p2a: Celesteela|17/100 brn|[from] item: Leftovers
|-damage|p2a: Celesteela|11/100 brn|[from] brn
|upkeep
|turn|44
|
|t:|1662229314
|move|p2a: Celesteela|Air Slash|p1a: Salamence
|-damage|p1a: Salamence|17/100 slp
|cant|p1a: Salamence|slp
|
|-heal|p2a: Celesteela|17/100 brn|[from] item: Leftovers
|-damage|p2a: Celesteela|11/100 brn|[from] brn
|upkeep
|turn|45
|
|t:|1662229317
|move|p2a: Celesteela|Air Slash|p1a: Salamence
|-damage|p1a: Salamence|0 fnt
|faint|p1a: Salamence
|-ability|p2a: Celesteela|Beast Boost|boost
|-boost|p2a: Celesteela|spd|1
|
|-heal|p2a: Celesteela|17/100 brn|[from] item: Leftovers
|-damage|p2a: Celesteela|11/100 brn|[from] brn
|upkeep
|
|t:|1662229322
|switch|p1a: Zarude|Zarude|72/100
|turn|46
|
|t:|1662229326
|move|p2a: Celesteela|Air Slash|p1a: Zarude|[miss]
|-miss|p2a: Celesteela|p1a: Zarude
|move|p1a: Zarude|Darkest Lariat|p2a: Celesteela
|-damage|p2a: Celesteela|0 fnt
|faint|p2a: Celesteela
|
|upkeep
|
|t:|1662229336
|switch|p2a: Rotom|Rotom-Wash, shiny|72/100
|-damage|p2a: Rotom|60/100|[from] Stealth Rock
|turn|47
|
|t:|1662229338
|move|p1a: Zarude|Darkest Lariat|p2a: Rotom
|-damage|p2a: Rotom|0 fnt
|faint|p2a: Rotom
|
|upkeep
|
|t:|1662229344
|switch|p2a: Amoonguss|Amoonguss, F, shiny|100/100
|-damage|p2a: Amoonguss|88/100|[from] Stealth Rock
|turn|48
|
|t:|1662229350
|move|p1a: Zarude|Darkest Lariat|p2a: Amoonguss
|-damage|p2a: Amoonguss|20/100
|move|p2a: Amoonguss|Clear Smog|p1a: Zarude
|-supereffective|p1a: Zarude
|-damage|p1a: Zarude|42/100
|-clearboost|p1a: Zarude
|
|-heal|p2a: Amoonguss|26/100|[from] item: Black Sludge
|upkeep
|turn|49
|
|t:|1662229353
|move|p1a: Zarude|Darkest Lariat|p2a: Amoonguss
|-damage|p2a: Amoonguss|0 fnt
|faint|p2a: Amoonguss
|
|upkeep
|
|t:|1662229361
|switch|p2a: Bronzong|Bronzong, shiny|100/100
|-damage|p2a: Bronzong|94/100|[from] Stealth Rock
|turn|50
|
|t:|1662229370
|move|p1a: Zarude|Darkest Lariat|p2a: Bronzong
|-supereffective|p2a: Bronzong
|-damage|p2a: Bronzong|0 fnt
|faint|p2a: Bronzong
|
|upkeep
|
|t:|1662229372
|switch|p2a: Chansey|Chansey, F, shiny|100/100
|-damage|p2a: Chansey|88/100|[from] Stealth Rock
|turn|51
|
|t:|1662229375
|switch|p1a: Hydreigon|Hydreigon, F|20/100
|move|p2a: Chansey|Ice Beam|p1a: Hydreigon
|-supereffective|p1a: Hydreigon
|-damage|p1a: Hydreigon|0 fnt
|faint|p1a: Hydreigon
|
|upkeep
|
|t:|1662229376
|switch|p1a: Zarude|Zarude|42/100
|turn|52
|
|t:|1662229381
|move|p1a: Zarude|Close Combat|p2a: Chansey
|-supereffective|p2a: Chansey
|-damage|p2a: Chansey|0 fnt
|-unboost|p1a: Zarude|def|1
|-unboost|p1a: Zarude|spd|1
|faint|p2a: Chansey
|
|win|GryphonEX
|raw|GryphonEX's rating: 1360 &rarr; <strong>1368</strong><br />(+8 for winning)
|raw|UmbraAngel's rating: 1117 &rarr; <strong>1107</strong><br />(-10 for losing)
|c|☆UmbraAngel|Gg
|c|☆GryphonEX|Christ gg
|l|☆UmbraAngel
|c|☆GryphonEX|That was crazy
