|j|☆Cortoae
|j|☆5 pia to the top
|t:|1659744659
|gametype|singles
|player|p1|Cortoae|idol|1076
|player|p2|5 pia to the top|#uutrio2ladder|1219
|teamsize|p1|6
|teamsize|p2|5
|gen|8
|tier|[Gen 8] UU
|rated|
|rule|Sleep Clause Mod: Limit one foe put to sleep
|rule|Species Clause: Limit one of each Pokémon
|rule|OHKO Clause: OHKO moves are banned
|rule|Evasion Items Clause: Evasion items are banned
|rule|Evasion Moves Clause: Evasion moves are banned
|rule|Endless Battle Clause: Forcing endless battles is banned
|rule|HP Percentage Mod: HP is shown in percentages
|rule|Dynamax Clause: You cannot dynamax
|clearpoke
|poke|p1|Qwilfish, M|
|poke|p1|Metagross|
|poke|p1|Thundurus-Therian, M|
|poke|p1|Primarina, F|
|poke|p1|Moltres|
|poke|p1|Silvally-*|
|poke|p2|Salamence, F|
|poke|p2|Chansey, F|
|poke|p2|Umbreon, F|
|poke|p2|Quagsire, M|
|poke|p2|Tangrowth, F|
|teampreview
|inactive|Battle timer is ON: inactive players will automatically lose when time's up. (requested by Cortoae)
|j|+Mengy ㋛
|
|t:|1659744685
|start
|switch|p1a: Thundurus|Thundurus-Therian, M|100/100
|switch|p2a: tang ur wang|Tangrowth, F|100/100
|turn|1
|
|t:|1659744693
|move|p1a: Thundurus|Knock Off|p2a: tang ur wang
|-damage|p2a: tang ur wang|85/100
|-enditem|p2a: tang ur wang|Assault Vest|[from] move: Knock Off|[of] p1a: Thundurus
|move|p2a: tang ur wang|Knock Off|p1a: Thundurus
|-damage|p1a: Thundurus|63/100
|-enditem|p1a: Thundurus|Heavy-Duty Boots|[from] move: Knock Off|[of] p2a: tang ur wang
|
|upkeep
|turn|2
|
|t:|1659744698
|move|p1a: Thundurus|Sludge Bomb|p2a: tang ur wang
|-supereffective|p2a: tang ur wang
|-damage|p2a: tang ur wang|19/100
|move|p2a: tang ur wang|Knock Off|p1a: Thundurus
|-damage|p1a: Thundurus|39/100
|
|upkeep
|turn|3
|
|t:|1659744704
|switch|p2a: poggy froggy|Quagsire, M|100/100
|move|p1a: Thundurus|Volt Switch|p2a: poggy froggy
|-immune|p2a: poggy froggy
|
|upkeep
|turn|4
|
|t:|1659744709
|switch|p1a: Metagross|Metagross, shiny|100/100
|switch|p2a: tang ur wang|Tangrowth, F|52/100
|
|upkeep
|turn|5
|
|t:|1659744724
|move|p1a: Metagross|Meteor Mash|p2a: tang ur wang
|-damage|p2a: tang ur wang|15/100
|move|p2a: tang ur wang|Knock Off|p1a: Metagross
|-supereffective|p1a: Metagross
|-damage|p1a: Metagross|66/100
|-enditem|p1a: Metagross|Weakness Policy
|-boost|p1a: Metagross|atk|2|[from] item: Weakness Policy
|-boost|p1a: Metagross|spa|2|[from] item: Weakness Policy
|
|upkeep
|turn|6
|
|t:|1659744731
|switch|p2a: poggy froggy|Quagsire, M|100/100
|move|p1a: Metagross|Meteor Mash|p2a: poggy froggy
|-resisted|p2a: poggy froggy
|-damage|p2a: poggy froggy|74/100
|
|-heal|p2a: poggy froggy|80/100|[from] item: Leftovers
|upkeep
|turn|7
|
|t:|1659744742
|switch|p1a: Thundurus|Thundurus-Therian, M|39/100
|move|p2a: poggy froggy|Recover|p2a: poggy froggy
|-heal|p2a: poggy froggy|100/100
|
|upkeep
|turn|8
|
|t:|1659744755
|move|p1a: Thundurus|Knock Off|p2a: poggy froggy
|-damage|p2a: poggy froggy|78/100
|-enditem|p2a: poggy froggy|Leftovers|[from] move: Knock Off|[of] p1a: Thundurus
|move|p2a: poggy froggy|Toxic|p1a: Thundurus
|-status|p1a: Thundurus|tox
|
|-damage|p1a: Thundurus|33/100 tox|[from] psn
|upkeep
|turn|9
|j| Shelley_Swampert
|
|t:|1659744768
|switch|p1a: Metagross|Metagross, shiny|66/100
|move|p2a: poggy froggy|Recover|p2a: poggy froggy
|-heal|p2a: poggy froggy|100/100
|
|upkeep
|turn|10
|c|+Mengy ㋛|wait what happened to articuño
|j| mood soleil
|
|t:|1659744790
|switch|p1a: Primarina|Primarina, F, shiny|100/100
|move|p2a: poggy froggy|Scald|p1a: Primarina
|-resisted|p1a: Primarina
|-damage|p1a: Primarina|95/100
|-status|p1a: Primarina|brn
|
|-damage|p1a: Primarina|89/100 brn|[from] brn
|upkeep
|turn|11
|
|t:|1659744797
|switch|p2a: megan the eggin|Chansey, F|100/100
|move|p1a: Primarina|Energy Ball|p2a: megan the eggin
|-crit|p2a: megan the eggin
|-damage|p2a: megan the eggin|87/100
|
|-damage|p1a: Primarina|83/100 brn|[from] brn
|upkeep
|turn|12
|
|t:|1659744807
|switch|p1a: Silvally|Silvally-Fighting|100/100
|move|p2a: megan the eggin|Stealth Rock|p1a: Silvally
|-sidestart|p1: Cortoae|move: Stealth Rock
|
|upkeep
|turn|13
|c|+Mengy ㋛|keldeo can run icy wind
|
|t:|1659744815
|switch|p2a: scary airy|Salamence, F|100/100
|-ability|p2a: scary airy|Intimidate|boost
|-unboost|p1a: Silvally|atk|1
|move|p1a: Silvally|Defog|p2a: scary airy
|-unboost|p2a: scary airy|evasion|1
|-sideend|p1: Cortoae|Stealth Rock|[from] move: Defog|[of] p1a: Silvally
|
|upkeep
|turn|14
|
|t:|1659744820
|move|p1a: Silvally|Ice Beam|p2a: scary airy
|-supereffective|p2a: scary airy
|-damage|p2a: scary airy|31/100
|move|p2a: scary airy|Toxic|p1a: Silvally
|-status|p1a: Silvally|tox
|
|-damage|p1a: Silvally|95/100 tox|[from] psn
|upkeep
|turn|15
|
|t:|1659744826
|switch|p2a: poggy froggy|Quagsire, M|100/100
|move|p1a: Silvally|Parting Shot|p2a: poggy froggy
|-unboost|p2a: poggy froggy|atk|1
|-unboost|p2a: poggy froggy|spa|1
|
|t:|1659744829
|switch|p1a: Primarina|Primarina, F, shiny|83/100 brn|[from]move: Parting Shot
|
|-damage|p1a: Primarina|77/100 brn|[from] brn
|upkeep
|turn|16
|
|t:|1659744833
|switch|p1a: Moltres|Moltres|100/100
|switch|p2a: megan the eggin|Chansey, F|87/100
|
|upkeep
|turn|17
|c| mood soleil|yo
|
|t:|1659744836
|move|p1a: Moltres|U-turn|p2a: megan the eggin
|-damage|p2a: megan the eggin|77/100
|
|t:|1659744842
|switch|p1a: Thundurus|Thundurus-Therian, M|33/100 tox|[from]move: U-turn
|move|p2a: megan the eggin|Stealth Rock|p1a: Thundurus
|-sidestart|p1: Cortoae|move: Stealth Rock
|
|-damage|p1a: Thundurus|27/100 tox|[from] psn
|upkeep
|turn|18
|
|t:|1659744851
|switch|p2a: poggy froggy|Quagsire, M|100/100
|move|p1a: Thundurus|Sludge Bomb|p2a: poggy froggy
|-resisted|p2a: poggy froggy
|-damage|p2a: poggy froggy|86/100
|
|-damage|p1a: Thundurus|15/100 tox|[from] psn
|upkeep
|turn|19
|c|+Mengy ㋛|btw
|c|+Mengy ㋛|quagsire is not a frog I think
|
|t:|1659744867
|move|p1a: Thundurus|Sludge Bomb|p2a: poggy froggy
|-resisted|p2a: poggy froggy
|-damage|p2a: poggy froggy|71/100
|move|p2a: poggy froggy|Recover|p2a: poggy froggy
|-heal|p2a: poggy froggy|100/100
|
|-damage|p1a: Thundurus|0 fnt|[from] psn
|faint|p1a: Thundurus
|upkeep
|
|t:|1659744877
|switch|p1a: Silvally|Silvally-Fighting|95/100 tox
|-damage|p1a: Silvally|89/100 tox|[from] Stealth Rock
|turn|20
|c|+Mengy ㋛|I think it is a salamalander
|l| Shelley_Swampert
|
|t:|1659744897
|move|p1a: Silvally|Defog|p2a: poggy froggy
|-unboost|p2a: poggy froggy|evasion|1
|-sideend|p1: Cortoae|Stealth Rock|[from] move: Defog|[of] p1a: Silvally
|move|p2a: poggy froggy|Scald|p1a: Silvally
|-damage|p1a: Silvally|67/100 tox
|
|-damage|p1a: Silvally|61/100 tox|[from] psn
|upkeep
|turn|21
|j| NoahDeKnight
|
|t:|1659744914
|switch|p1a: Primarina|Primarina, F, shiny|77/100 brn
|move|p2a: poggy froggy|Scald|p1a: Primarina
|-resisted|p1a: Primarina
|-damage|p1a: Primarina|71/100 brn
|
|-damage|p1a: Primarina|65/100 brn|[from] brn
|upkeep
|turn|22
|
|t:|1659744923
|switch|p1a: Qwilfish|Qwilfish, M, shiny|100/100
|-ability|p1a: Qwilfish|Intimidate|boost
|-unboost|p2a: poggy froggy|atk|1
|switch|p2a: megan the eggin|Chansey, F|77/100
|
|upkeep
|turn|23
|
|t:|1659744929
|switch|p2a: scary airy|Salamence, F|31/100
|-ability|p2a: scary airy|Intimidate|boost
|-unboost|p1a: Qwilfish|atk|1
|move|p1a: Qwilfish|Toxic Spikes|p2a: scary airy
|-sidestart|p2: 5 pia to the top|move: Toxic Spikes
|
|upkeep
|turn|24
|
|t:|1659744944
|switch|p1a: Primarina|Primarina, F, shiny|65/100 brn
|move|p2a: scary airy|Defog|p1a: Primarina
|-unboost|p1a: Primarina|evasion|1
|-sideend|p2: 5 pia to the top|Toxic Spikes|[from] move: Defog|[of] p2a: scary airy
|
|-damage|p1a: Primarina|59/100 brn|[from] brn
|upkeep
|turn|25
|
|t:|1659744949
|switch|p2a: megan the eggin|Chansey, F|77/100
|switch|p1a: Qwilfish|Qwilfish, M, shiny|100/100
|-ability|p1a: Qwilfish|Intimidate|boost
|-unboost|p2a: megan the eggin|atk|1
|
|upkeep
|turn|26
|
|t:|1659744956
|switch|p2a: scary airy|Salamence, F|31/100
|-ability|p2a: scary airy|Intimidate|boost
|-unboost|p1a: Qwilfish|atk|1
|move|p1a: Qwilfish|Toxic Spikes|p2a: scary airy
|-sidestart|p2: 5 pia to the top|move: Toxic Spikes
|
|upkeep
|turn|27
|
|t:|1659744960
|move|p1a: Qwilfish|Toxic Spikes|p2a: scary airy
|-sidestart|p2: 5 pia to the top|move: Toxic Spikes
|move|p2a: scary airy|Defog|p1a: Qwilfish
|-unboost|p1a: Qwilfish|evasion|1
|-sideend|p2: 5 pia to the top|Toxic Spikes|[from] move: Defog|[of] p2a: scary airy
|
|upkeep
|turn|28
|
|t:|1659744963
|move|p1a: Qwilfish|Toxic Spikes|p2a: scary airy
|-sidestart|p2: 5 pia to the top|move: Toxic Spikes
|move|p2a: scary airy|Roost|p2a: scary airy
|-heal|p2a: scary airy|81/100
|-singleturn|p2a: scary airy|move: Roost
|
|upkeep
|turn|29
|
|t:|1659744981
|switch|p1a: Silvally|Silvally-Fighting|61/100 tox
|move|p2a: scary airy|Defog|p1a: Silvally
|-unboost|p1a: Silvally|evasion|1
|-sideend|p2: 5 pia to the top|Toxic Spikes|[from] move: Defog|[of] p2a: scary airy
|
|-damage|p1a: Silvally|55/100 tox|[from] psn
|upkeep
|turn|30
|c|+Mengy ㋛|this has ice beam
|
|t:|1659744993
|switch|p2a: poggy froggy|Quagsire, M|100/100
|move|p1a: Silvally|Ice Beam|p2a: poggy froggy
|-damage|p2a: poggy froggy|85/100
|
|-damage|p1a: Silvally|43/100 tox|[from] psn
|upkeep
|turn|31
|
|t:|1659744998
|move|p1a: Silvally|Parting Shot|p2a: poggy froggy
|-unboost|p2a: poggy froggy|atk|1
|-unboost|p2a: poggy froggy|spa|1
|
|t:|1659745003
|switch|p1a: Qwilfish|Qwilfish, M, shiny|100/100|[from]move: Parting Shot
|-ability|p1a: Qwilfish|Intimidate|boost
|-unboost|p2a: poggy froggy|atk|1
|move|p2a: poggy froggy|Recover|p2a: poggy froggy
|-heal|p2a: poggy froggy|100/100
|
|upkeep
|turn|32
|c| mood soleil|the mence walled by 55 spD qwilfish
|
|t:|1659745016
|switch|p2a: scary airy|Salamence, F|81/100
|-ability|p2a: scary airy|Intimidate|boost
|-unboost|p1a: Qwilfish|atk|1
|move|p1a: Qwilfish|Sludge Bomb|p2a: scary airy
|-damage|p2a: scary airy|59/100
|
|upkeep
|turn|33
|c|☆5 pia to the top|ty
|
|t:|1659745022
|switch|p1a: Moltres|Moltres|100/100
|move|p2a: scary airy|Roost|p2a: scary airy
|-heal|p2a: scary airy|100/100
|-singleturn|p2a: scary airy|move: Roost
|
|upkeep
|turn|34
|
|t:|1659745034
|switch|p2a: megan the eggin|Chansey, F|77/100
|move|p1a: Moltres|Air Slash|p2a: megan the eggin
|-damage|p2a: megan the eggin|67/100
|
|upkeep
|turn|35
|
|t:|1659745041
|move|p1a: Moltres|U-turn|p2a: megan the eggin
|-crit|p2a: megan the eggin
|-damage|p2a: megan the eggin|53/100
|
|t:|1659745046
|switch|p1a: Silvally|Silvally-Fighting|43/100 tox|[from]move: U-turn
|move|p2a: megan the eggin|Soft-Boiled|p2a: megan the eggin
|-heal|p2a: megan the eggin|100/100
|
|-damage|p1a: Silvally|37/100 tox|[from] psn
|upkeep
|turn|36
|
|t:|1659745051
|switch|p2a: poggy froggy|Quagsire, M|100/100
|move|p1a: Silvally|Multi-Attack|p2a: poggy froggy
|-damage|p2a: poggy froggy|51/100
|
|-damage|p1a: Silvally|25/100 tox|[from] psn
|upkeep
|turn|37
|
|t:|1659745059
|switch|p2a: scary airy|Salamence, F|100/100
|-ability|p2a: scary airy|Intimidate|boost
|-unboost|p1a: Silvally|atk|1
|move|p1a: Silvally|Parting Shot|p2a: scary airy
|-unboost|p2a: scary airy|atk|1
|-unboost|p2a: scary airy|spa|1
|j| Shelley_Swampert
|
|t:|1659745070
|switch|p1a: Metagross|Metagross, shiny|66/100|[from]move: Parting Shot
|
|upkeep
|turn|38
|c|+Mengy ㋛|I can't see your sets
|
|t:|1659745075
|switch|p2a: umby wumby|Umbreon, F|100/100
|move|p1a: Metagross|Meteor Mash|p2a: umby wumby
|-damage|p2a: umby wumby|68/100
|
|-heal|p2a: umby wumby|74/100|[from] item: Leftovers
|upkeep
|turn|39
|c|+Mengy ㋛|because I'm watching here
|c|+Mengy ㋛|and just listening on twitch.tv/pokemonisfun
|c|☆5 pia to the top|mood soleil: the mence walled by 55 spD qwilfish
|c|☆5 pia to the top|streaming btw >:
|
|t:|1659745098
|move|p1a: Metagross|Meteor Mash|p2a: umby wumby
|-damage|p2a: umby wumby|44/100
|move|p2a: umby wumby|Wish|p2a: umby wumby
|
|-heal|p2a: umby wumby|50/100|[from] item: Leftovers
|upkeep
|turn|40
|
|t:|1659745108
|move|p1a: Metagross|Meteor Mash|p2a: umby wumby|[miss]
|-miss|p1a: Metagross|p2a: umby wumby
|move|p2a: umby wumby|Foul Play|p1a: Metagross
|-supereffective|p1a: Metagross
|-damage|p1a: Metagross|0 fnt
|faint|p1a: Metagross
|
|-heal|p2a: umby wumby|99/100|[from] move: Wish|[wisher] umby wumby
|-heal|p2a: umby wumby|100/100|[from] item: Leftovers
|upkeep
|c| mood soleil|i didnt know that i just assumed its walled
|c| Shelley_Swampert|Maractus is waiting for you at the top of the ladder
|c|+Mengy ㋛|oh
|c|☆5 pia to the top|ilu shelley...
|c| Shelley_Swampert|<3
|inactive|Cortoae has 120 seconds left.
|c|☆Cortoae|well GG
|c|☆Cortoae|Wp
|c|☆5 pia to the top|<3
|c|☆5 pia to the top|gg
|-message|Cortoae forfeited.
|
|win|5 pia to the top
|raw|Cortoae's rating: 1076 &rarr; <strong>1063</strong><br />(-13 for losing)
|raw|5 pia to the top's rating: 1219 &rarr; <strong>1234</strong><br />(+15 for winning)
|l|☆Cortoae
|l| Shelley_Swampert
|c|+Mengy ㋛|whoa
|l| NoahDeKnight
|c|+Mengy ㋛|1234
||Ladder isn't responding, score probably updated but might not have (Request timeout).
|l| mood soleil
