|j|☆taxicabby
|j|☆Low Ladder Terror
|t:|1606024380
|player|p1|taxicabby|dawn|1552
|player|p2|Low Ladder Terror|teamrocket|1489
|teamsize|p1|6
|teamsize|p2|6
|gametype|singles
|gen|8
|tier|[Gen 8] UU
|rated|
|clearpoke
|poke|p1|Tornadus, M|
|poke|p1|Scizor, M|
|poke|p1|Kommo-o, M|
|poke|p1|Latias, F|
|poke|p1|Rotom-Wash|
|poke|p1|Victini|
|poke|p2|Articuno-Galar|
|poke|p2|Klefki, M|
|poke|p2|Tentacruel, M|
|poke|p2|Keldeo-Resolute|
|poke|p2|Salamence, M|
|poke|p2|Zeraora|
|rule|Sleep Clause Mod: Limit one foe put to sleep
|rule|Species Clause: Limit one of each Pokémon
|rule|OHKO Clause: OHKO moves are banned
|rule|Evasion Moves Clause: Evasion moves are banned
|rule|Endless Battle Clause: Forcing endless battles is banned
|rule|HP Percentage Mod: HP is shown in percentages
|rule|Dynamax Clause: You cannot dynamax
|teampreview
|inactive|Battle timer is ON: inactive players will automatically lose when time's up. (requested by Low Ladder Terror)
|inactive|Low Ladder Terror has 120 seconds left.
|
|t:|1606024415
|start
|switch|p1a: Rotom|Rotom-Wash|100/100
|switch|p2a: Salamence|Salamence, M|100/100
|turn|1
|
|t:|1606024437
|switch|p2a: Tentacruel|Tentacruel, M, shiny|100/100
|move|p1a: Rotom|Thunder Wave|p2a: Tentacruel|[miss]
|-miss|p1a: Rotom|p2a: Tentacruel
|
|upkeep
|turn|2
|j| Neon
|
|t:|1606024445
|move|p2a: Tentacruel|Knock Off|p1a: Rotom
|-damage|p1a: Rotom|80/100
|-enditem|p1a: Rotom|Leftovers|[from] move: Knock Off|[of] p2a: Tentacruel
|move|p1a: Rotom|Volt Switch|p2a: Tentacruel
|-supereffective|p2a: Tentacruel
|-damage|p2a: Tentacruel|53/100
|
|t:|1606024458
|switch|p1a: Latias|Latias, F|100/100|[from]move: Volt Switch
|
|-heal|p2a: Tentacruel|59/100|[from] item: Black Sludge
|upkeep
|turn|3
|
|t:|1606024482
|switch|p2a: Klefki|Klefki, M|100/100
|move|p1a: Latias|Psychic|p2a: Klefki
|-resisted|p2a: Klefki
|-damage|p2a: Klefki|82/100
|
|-heal|p2a: Klefki|88/100|[from] item: Leftovers
|upkeep
|turn|4
|
|t:|1606024497
|switch|p1a: Victini|Victini|100/100
|move|p2a: Klefki|Spikes|p1a: Victini
|-sidestart|p1: taxicabby|Spikes
|
|-heal|p2a: Klefki|94/100|[from] item: Leftovers
|upkeep
|turn|5
|
|t:|1606024506
|switch|p2a: Tentacruel|Tentacruel, M, shiny|59/100
|move|p1a: Victini|V-create|p2a: Tentacruel
|-resisted|p2a: Tentacruel
|-damage|p2a: Tentacruel|0 fnt
|-unboost|p1a: Victini|spe|1
|-unboost|p1a: Victini|def|1
|-unboost|p1a: Victini|spd|1
|faint|p2a: Tentacruel
|
|upkeep
|j| Artzu✪
|
|t:|1606024522
|switch|p2a: Articuno|Articuno-Galar|100/100
|turn|6
|
|t:|1606024528
|move|p2a: Articuno|Shadow Ball|p1a: Victini
|-supereffective|p1a: Victini
|-damage|p1a: Victini|0 fnt
|-damage|p2a: Articuno|91/100|[from] item: Life Orb
|faint|p1a: Victini
|
|upkeep
|
|t:|1606024539
|switch|p1a: Rotom|Rotom-Wash|80/100
|turn|7
|
|t:|1606024552
|move|p2a: Articuno|Freezing Glare|p1a: Rotom
|-damage|p1a: Rotom|0 fnt
|-damage|p2a: Articuno|81/100|[from] item: Life Orb
|faint|p1a: Rotom
|
|upkeep
|
|t:|1606024556
|switch|p1a: Scizor|Scizor, M|100/100
|-damage|p1a: Scizor|88/100|[from] Spikes
|turn|8
|
|t:|1606024560
|move|p1a: Scizor|Bullet Punch|p2a: Articuno
|-damage|p2a: Articuno|28/100
|-damage|p1a: Scizor|78/100|[from] item: Life Orb
|move|p2a: Articuno|Hurricane|p1a: Scizor
|-damage|p1a: Scizor|0 fnt
|-damage|p2a: Articuno|18/100|[from] item: Life Orb
|faint|p1a: Scizor
|
|upkeep
|
|t:|1606024564
|switch|p1a: Latias|Latias, F|100/100
|turn|9
|-message|taxicabby forfeited.
|
|win|Low Ladder Terror
|l|☆taxicabby
|raw|taxicabby's rating: 1552 &rarr; <strong>1528</strong><br />(-24 for losing)
|raw|Low Ladder Terror's rating: 1489 &rarr; <strong>1513</strong><br />(+24 for winning)
|c|☆Low Ladder Terror|whoa
|c|☆Low Ladder Terror|g-cuno just went in
