|j|☆MurderousMantyke
|j|☆Liz Angeles
|t:|1666217813
|gametype|singles
|player|p1|MurderousMantyke|#helpstaffxmas|1556
|player|p2|Liz Angeles|marley|1578
|teamsize|p1|6
|teamsize|p2|6
|gen|8
|tier|[Gen 8] UU
|rated|
|rule|Sleep Clause Mod: Limit one foe put to sleep
|rule|Species Clause: Limit one of each Pokémon
|rule|OHKO Clause: OHKO moves are banned
|rule|Evasion Items Clause: Evasion items are banned
|rule|Evasion Moves Clause: Evasion moves are banned
|rule|Endless Battle Clause: Forcing endless battles is banned
|rule|HP Percentage Mod: HP is shown in percentages
|rule|Dynamax Clause: You cannot dynamax
|clearpoke
|poke|p1|Scizor, M|
|poke|p1|Hydreigon, M|
|poke|p1|Thundurus-Therian, M|
|poke|p1|Starmie|
|poke|p1|Hippowdon, F|
|poke|p1|Amoonguss, F|
|poke|p2|Quagsire, F|
|poke|p2|Chansey, F|
|poke|p2|Skarmory, M|
|poke|p2|Umbreon, M|
|poke|p2|Dhelmise|
|poke|p2|Hatterene, F|
|teampreview
|c|☆MurderousMantyke|hf
|c|☆Liz Angeles|hf
|
|t:|1666217839
|start
|switch|p1a: Scizor|Scizor, M|100/100
|switch|p2a: Skarmory|Skarmory, M|100/100
|turn|1
|inactive|Battle timer is ON: inactive players will automatically lose when time's up. (requested by Liz Angeles)
|
|t:|1666217860
|move|p2a: Skarmory|Spikes|p1a: Scizor
|-sidestart|p1: MurderousMantyke|Spikes
|move|p1a: Scizor|Knock Off|p2a: Skarmory
|-damage|p2a: Skarmory|76/100
|-enditem|p2a: Skarmory|Rocky Helmet|[from] move: Knock Off|[of] p1a: Scizor
|
|upkeep
|turn|2
|
|t:|1666217869
|move|p1a: Scizor|U-turn|p2a: Skarmory
|-resisted|p2a: Skarmory
|-damage|p2a: Skarmory|70/100
|
|t:|1666217897
|switch|p1a: Thundurus|Thundurus-Therian, M|100/100|[from]move: U-turn
|move|p2a: Skarmory|Roost|p2a: Skarmory
|-heal|p2a: Skarmory|100/100
|-singleturn|p2a: Skarmory|move: Roost
|
|upkeep
|turn|3
|
|t:|1666217901
|switch|p2a: Chansey|Chansey, F|100/100
|move|p1a: Thundurus|Volt Switch|p2a: Chansey
|-damage|p2a: Chansey|88/100
|
|t:|1666217903
|switch|p1a: Scizor|Scizor, M|100/100|[from]move: Volt Switch
|-damage|p1a: Scizor|88/100|[from] Spikes
|
|upkeep
|turn|4
|
|t:|1666217908
|switch|p2a: Skarmory|Skarmory, M|100/100
|move|p1a: Scizor|U-turn|p2a: Skarmory
|-resisted|p2a: Skarmory
|-damage|p2a: Skarmory|95/100
|
|t:|1666217910
|switch|p1a: Thundurus|Thundurus-Therian, M|100/100|[from]move: U-turn
|
|upkeep
|turn|5
|
|t:|1666217913
|switch|p2a: Chansey|Chansey, F|88/100
|move|p1a: Thundurus|Grass Knot|p2a: Chansey
|-damage|p2a: Chansey|80/100
|
|upkeep
|turn|6
|
|t:|1666217919
|move|p1a: Thundurus|Volt Switch|p2a: Chansey
|-damage|p2a: Chansey|67/100
|
|t:|1666217925
|switch|p1a: Scizor|Scizor, M|88/100|[from]move: Volt Switch
|-damage|p1a: Scizor|76/100|[from] Spikes
|move|p2a: Chansey|Stealth Rock|p1a: Scizor
|-sidestart|p1: MurderousMantyke|move: Stealth Rock
|
|upkeep
|turn|7
|
|t:|1666217928
|switch|p2a: Skarmory|Skarmory, M|95/100
|move|p1a: Scizor|Knock Off|p2a: Skarmory
|-damage|p2a: Skarmory|79/100
|
|upkeep
|turn|8
|
|t:|1666217931
|move|p2a: Skarmory|Body Press|p1a: Scizor
|-damage|p1a: Scizor|39/100
|move|p1a: Scizor|U-turn|p2a: Skarmory
|-resisted|p2a: Skarmory
|-damage|p2a: Skarmory|73/100
|
|t:|1666217934
|switch|p1a: Thundurus|Thundurus-Therian, M|100/100|[from]move: U-turn
|
|upkeep
|turn|9
|
|t:|1666217942
|switch|p2a: Chansey|Chansey, F|67/100
|move|p1a: Thundurus|Volt Switch|p2a: Chansey
|-crit|p2a: Chansey
|-damage|p2a: Chansey|48/100
|
|t:|1666217947
|switch|p1a: Scizor|Scizor, M|39/100|[from]move: Volt Switch
|-damage|p1a: Scizor|27/100|[from] Spikes
|-damage|p1a: Scizor|14/100|[from] Stealth Rock
|
|upkeep
|turn|10
|
|t:|1666217949
|move|p1a: Scizor|Roost|p1a: Scizor
|-heal|p1a: Scizor|64/100
|-singleturn|p1a: Scizor|move: Roost
|move|p2a: Chansey|Soft-Boiled|p2a: Chansey
|-heal|p2a: Chansey|98/100
|
|upkeep
|turn|11
|
|t:|1666217952
|switch|p2a: Skarmory|Skarmory, M|73/100
|move|p1a: Scizor|U-turn|p2a: Skarmory
|-resisted|p2a: Skarmory
|-damage|p2a: Skarmory|66/100
|
|t:|1666217954
|switch|p1a: Thundurus|Thundurus-Therian, M|100/100|[from]move: U-turn
|
|upkeep
|turn|12
|
|t:|1666217957
|switch|p2a: Dhelmise|Dhelmise|100/100
|move|p1a: Thundurus|Volt Switch|p2a: Dhelmise
|-resisted|p2a: Dhelmise
|-damage|p2a: Dhelmise|84/100
|
|t:|1666217960
|switch|p1a: Hydreigon|Hydreigon, M|100/100|[from]move: Volt Switch
|-damage|p1a: Hydreigon|88/100|[from] Stealth Rock
|
|upkeep
|turn|13
|
|t:|1666217963
|switch|p2a: Chansey|Chansey, F|98/100
|move|p1a: Hydreigon|Defog|p2a: Chansey
|-unboost|p2a: Chansey|evasion|1
|-sideend|p1: MurderousMantyke|Spikes|[from] move: Defog|[of] p1a: Hydreigon
|-sideend|p1: MurderousMantyke|Stealth Rock|[from] move: Defog|[of] p1a: Hydreigon
|
|upkeep
|turn|14
|j| just like hunny
|inactive|MurderousMantyke has 120 seconds left.
|inactive|MurderousMantyke has 90 seconds left.
|
|t:|1666218037
|switch|p1a: Scizor|Scizor, M|64/100
|move|p2a: Chansey|Stealth Rock|p1a: Scizor
|-sidestart|p1: MurderousMantyke|move: Stealth Rock
|
|upkeep
|turn|15
|
|t:|1666218041
|switch|p2a: Skarmory|Skarmory, M|66/100
|move|p1a: Scizor|U-turn|p2a: Skarmory
|-resisted|p2a: Skarmory
|-damage|p2a: Skarmory|60/100
|
|t:|1666218044
|switch|p1a: Thundurus|Thundurus-Therian, M|100/100|[from]move: U-turn
|
|upkeep
|turn|16
|
|t:|1666218047
|switch|p2a: Chansey|Chansey, F|98/100
|move|p1a: Thundurus|Volt Switch|p2a: Chansey
|-damage|p2a: Chansey|86/100
|
|t:|1666218059
|switch|p1a: Scizor|Scizor, M|64/100|[from]move: Volt Switch
|-damage|p1a: Scizor|52/100|[from] Stealth Rock
|
|upkeep
|turn|17
|
|t:|1666218066
|switch|p2a: Skarmory|Skarmory, M|60/100
|move|p1a: Scizor|Knock Off|p2a: Skarmory
|-damage|p2a: Skarmory|44/100
|
|upkeep
|turn|18
|
|t:|1666218068
|move|p1a: Scizor|Roost|p1a: Scizor
|-heal|p1a: Scizor|100/100
|-singleturn|p1a: Scizor|move: Roost
|move|p2a: Skarmory|Roost|p2a: Skarmory
|-heal|p2a: Skarmory|94/100
|-singleturn|p2a: Skarmory|move: Roost
|
|upkeep
|turn|19
|
|t:|1666218070
|move|p2a: Skarmory|Iron Defense|p2a: Skarmory
|-boost|p2a: Skarmory|def|2
|move|p1a: Scizor|U-turn|p2a: Skarmory
|-resisted|p2a: Skarmory
|-damage|p2a: Skarmory|91/100
|
|t:|1666218072
|switch|p1a: Thundurus|Thundurus-Therian, M|100/100|[from]move: U-turn
|
|upkeep
|turn|20
|
|t:|1666218075
|switch|p2a: Chansey|Chansey, F|86/100
|move|p1a: Thundurus|Volt Switch|p2a: Chansey
|-crit|p2a: Chansey
|-damage|p2a: Chansey|68/100
|
|t:|1666218089
|switch|p1a: Scizor|Scizor, M|100/100|[from]move: Volt Switch
|-damage|p1a: Scizor|88/100|[from] Stealth Rock
|
|upkeep
|turn|21
|
|t:|1666218093
|switch|p2a: Skarmory|Skarmory, M|91/100
|move|p1a: Scizor|U-turn|p2a: Skarmory
|-resisted|p2a: Skarmory
|-damage|p2a: Skarmory|84/100
|
|t:|1666218095
|switch|p1a: Thundurus|Thundurus-Therian, M|100/100|[from]move: U-turn
|
|upkeep
|turn|22
|
|t:|1666218098
|switch|p2a: Dhelmise|Dhelmise|84/100
|move|p1a: Thundurus|Volt Switch|p2a: Dhelmise
|-resisted|p2a: Dhelmise
|-damage|p2a: Dhelmise|68/100
|
|t:|1666218100
|switch|p1a: Hydreigon|Hydreigon, M|88/100|[from]move: Volt Switch
|-damage|p1a: Hydreigon|76/100|[from] Stealth Rock
|
|upkeep
|turn|23
|
|t:|1666218103
|switch|p2a: Chansey|Chansey, F|68/100
|move|p1a: Hydreigon|U-turn|p2a: Chansey
|-damage|p2a: Chansey|58/100
|
|t:|1666218105
|switch|p1a: Scizor|Scizor, M|88/100|[from]move: U-turn
|-damage|p1a: Scizor|76/100|[from] Stealth Rock
|
|upkeep
|turn|24
|
|t:|1666218108
|switch|p2a: Skarmory|Skarmory, M|84/100
|move|p1a: Scizor|Knock Off|p2a: Skarmory
|-damage|p2a: Skarmory|69/100
|
|upkeep
|turn|25
|
|t:|1666218112
|move|p2a: Skarmory|Spikes|p1a: Scizor
|-sidestart|p1: MurderousMantyke|Spikes
|move|p1a: Scizor|U-turn|p2a: Skarmory
|-resisted|p2a: Skarmory
|-damage|p2a: Skarmory|63/100
|
|t:|1666218128
|switch|p1a: Thundurus|Thundurus-Therian, M|100/100|[from]move: U-turn
|
|upkeep
|turn|26
|
|t:|1666218134
|switch|p2a: Chansey|Chansey, F|58/100
|move|p1a: Thundurus|Volt Switch|p2a: Chansey
|-damage|p2a: Chansey|45/100
|
|t:|1666218136
|switch|p1a: Scizor|Scizor, M|76/100|[from]move: Volt Switch
|-damage|p1a: Scizor|64/100|[from] Stealth Rock
|-damage|p1a: Scizor|52/100|[from] Spikes
|
|upkeep
|turn|27
|
|t:|1666218139
|switch|p2a: Skarmory|Skarmory, M|63/100
|move|p1a: Scizor|Knock Off|p2a: Skarmory
|-damage|p2a: Skarmory|48/100
|
|upkeep
|turn|28
|
|t:|1666218141
|move|p2a: Skarmory|Roost|p2a: Skarmory
|-heal|p2a: Skarmory|98/100
|-singleturn|p2a: Skarmory|move: Roost
|move|p1a: Scizor|U-turn|p2a: Skarmory
|-resisted|p2a: Skarmory
|-damage|p2a: Skarmory|86/100
|
|t:|1666218143
|switch|p1a: Thundurus|Thundurus-Therian, M|100/100|[from]move: U-turn
|
|upkeep
|turn|29
|
|t:|1666218145
|switch|p2a: Dhelmise|Dhelmise|68/100
|move|p1a: Thundurus|Volt Switch|p2a: Dhelmise
|-resisted|p2a: Dhelmise
|-crit|p2a: Dhelmise
|-damage|p2a: Dhelmise|44/100
|
|t:|1666218149
|switch|p1a: Hydreigon|Hydreigon, M|76/100|[from]move: Volt Switch
|-damage|p1a: Hydreigon|64/100|[from] Stealth Rock
|
|upkeep
|turn|30
|
|t:|1666218153
|switch|p2a: Chansey|Chansey, F|45/100
|move|p1a: Hydreigon|U-turn|p2a: Chansey
|-damage|p2a: Chansey|35/100
|
|t:|1666218155
|switch|p1a: Scizor|Scizor, M|52/100|[from]move: U-turn
|-damage|p1a: Scizor|39/100|[from] Stealth Rock
|-damage|p1a: Scizor|27/100|[from] Spikes
|
|upkeep
|turn|31
|
|t:|1666218158
|move|p1a: Scizor|Knock Off|p2a: Chansey
|-damage|p2a: Chansey|11/100
|-enditem|p2a: Chansey|Eviolite|[from] move: Knock Off|[of] p1a: Scizor
|move|p2a: Chansey|Soft-Boiled|p2a: Chansey
|-heal|p2a: Chansey|61/100
|
|upkeep
|turn|32
|
|t:|1666218167
|switch|p2a: Hatterene|Hatterene, F|100/100
|move|p1a: Scizor|Roost|p1a: Scizor
|-heal|p1a: Scizor|77/100
|-singleturn|p1a: Scizor|move: Roost
|
|upkeep
|turn|33
|
|t:|1666218174
|move|p1a: Scizor|U-turn|p2a: Hatterene
|-damage|p2a: Hatterene|68/100
|
|t:|1666218177
|switch|p1a: Hippowdon|Hippowdon, F|100/100|[from]move: U-turn
|-damage|p1a: Hippowdon|94/100|[from] Stealth Rock
|-damage|p1a: Hippowdon|82/100|[from] Spikes
|-weather|Sandstorm|[from] ability: Sand Stream|[of] p1a: Hippowdon
|move|p2a: Hatterene|Draining Kiss|p1a: Hippowdon
|-damage|p1a: Hippowdon|63/100
|-heal|p2a: Hatterene|87/100|[from] drain|[of] p1a: Hippowdon
|
|-weather|Sandstorm|[upkeep]
|-damage|p2a: Hatterene|81/100|[from] Sandstorm
|-heal|p1a: Hippowdon|69/100|[from] item: Leftovers
|-heal|p2a: Hatterene|87/100|[from] item: Leftovers
|upkeep
|turn|34
|
|t:|1666218181
|move|p1a: Hippowdon|Earthquake|p2a: Hatterene
|-damage|p2a: Hatterene|57/100
|move|p2a: Hatterene|Calm Mind|p2a: Hatterene
|-boost|p2a: Hatterene|spa|1
|-boost|p2a: Hatterene|spd|1
|
|-weather|Sandstorm|[upkeep]
|-damage|p2a: Hatterene|51/100|[from] Sandstorm
|-heal|p1a: Hippowdon|75/100|[from] item: Leftovers
|-heal|p2a: Hatterene|57/100|[from] item: Leftovers
|upkeep
|turn|35
|
|t:|1666218185
|switch|p1a: Scizor|Scizor, M|77/100
|-damage|p1a: Scizor|65/100|[from] Stealth Rock
|-damage|p1a: Scizor|53/100|[from] Spikes
|move|p2a: Hatterene|Draining Kiss|p1a: Scizor
|-resisted|p1a: Scizor
|-damage|p1a: Scizor|32/100
|-heal|p2a: Hatterene|73/100|[from] drain|[of] p1a: Scizor
|
|-weather|Sandstorm|[upkeep]
|-damage|p2a: Hatterene|67/100|[from] Sandstorm
|-heal|p2a: Hatterene|73/100|[from] item: Leftovers
|upkeep
|turn|36
|
|t:|1666218197
|move|p1a: Scizor|Bullet Punch|p2a: Hatterene
|-supereffective|p2a: Hatterene
|-damage|p2a: Hatterene|17/100
|move|p2a: Hatterene|Draining Kiss|p1a: Scizor
|-resisted|p1a: Scizor
|-damage|p1a: Scizor|9/100
|-heal|p2a: Hatterene|35/100|[from] drain|[of] p1a: Scizor
|
|-weather|Sandstorm|[upkeep]
|-damage|p2a: Hatterene|29/100|[from] Sandstorm
|-heal|p2a: Hatterene|35/100|[from] item: Leftovers
|upkeep
|turn|37
|
|t:|1666218202
|switch|p2a: Skarmory|Skarmory, M|86/100
|move|p1a: Scizor|Roost|p1a: Scizor
|-heal|p1a: Scizor|59/100
|-singleturn|p1a: Scizor|move: Roost
|
|-weather|none
|upkeep
|turn|38
|
|t:|1666218205
|move|p1a: Scizor|U-turn|p2a: Skarmory
|-resisted|p2a: Skarmory
|-damage|p2a: Skarmory|80/100
|
|t:|1666218208
|switch|p1a: Hippowdon|Hippowdon, F|75/100|[from]move: U-turn
|-damage|p1a: Hippowdon|69/100|[from] Stealth Rock
|-damage|p1a: Hippowdon|56/100|[from] Spikes
|-weather|Sandstorm|[from] ability: Sand Stream|[of] p1a: Hippowdon
|move|p2a: Skarmory|Spikes|p1a: Hippowdon
|-sidestart|p1: MurderousMantyke|Spikes
|
|-weather|Sandstorm|[upkeep]
|-heal|p1a: Hippowdon|63/100|[from] item: Leftovers
|upkeep
|turn|39
|
|t:|1666218215
|move|p2a: Skarmory|Iron Defense|p2a: Skarmory
|-boost|p2a: Skarmory|def|2
|move|p1a: Hippowdon|Earthquake|p2a: Skarmory
|-immune|p2a: Skarmory
|
|-weather|Sandstorm|[upkeep]
|-heal|p1a: Hippowdon|69/100|[from] item: Leftovers
|upkeep
|turn|40
|
|t:|1666218217
|move|p2a: Skarmory|Body Press|p1a: Hippowdon
|-damage|p1a: Hippowdon|26/100
|move|p1a: Hippowdon|Stealth Rock|p2a: Skarmory
|-sidestart|p2: Liz Angeles|move: Stealth Rock
|
|-weather|Sandstorm|[upkeep]
|-heal|p1a: Hippowdon|32/100|[from] item: Leftovers
|upkeep
|turn|41
|
|t:|1666218220
|switch|p1a: Amoonguss|Amoonguss, F|100/100
|-damage|p1a: Amoonguss|88/100|[from] Stealth Rock
|-damage|p1a: Amoonguss|71/100|[from] Spikes
|move|p2a: Skarmory|Body Press|p1a: Amoonguss
|-resisted|p1a: Amoonguss
|-damage|p1a: Amoonguss|45/100
|-damage|p2a: Skarmory|63/100|[from] item: Rocky Helmet|[of] p1a: Amoonguss
|
|-weather|Sandstorm|[upkeep]
|-damage|p1a: Amoonguss|38/100|[from] Sandstorm
|upkeep
|turn|42
|
|t:|1666218230
|switch|p2a: Umbreon|Umbreon, M|100/100
|-damage|p2a: Umbreon|88/100|[from] Stealth Rock
|move|p1a: Amoonguss|Sludge Bomb|p2a: Umbreon
|-damage|p2a: Umbreon|70/100
|
|-weather|none
|-heal|p2a: Umbreon|76/100|[from] item: Leftovers
|upkeep
|turn|43
|
|t:|1666218237
|switch|p1a: Scizor|Scizor, M|59/100
|-damage|p1a: Scizor|46/100|[from] Stealth Rock
|-damage|p1a: Scizor|30/100|[from] Spikes
|move|p2a: Umbreon|Wish|p2a: Umbreon
|
|-heal|p2a: Umbreon|82/100|[from] item: Leftovers
|upkeep
|turn|44
|
|t:|1666218240
|switch|p2a: Skarmory|Skarmory, M|63/100
|-damage|p2a: Skarmory|51/100|[from] Stealth Rock
|move|p1a: Scizor|Roost|p1a: Scizor
|-heal|p1a: Scizor|80/100
|-singleturn|p1a: Scizor|move: Roost
|
|-heal|p2a: Skarmory|100/100|[from] move: Wish|[wisher] Umbreon
|upkeep
|turn|45
|
|t:|1666218244
|move|p2a: Skarmory|Body Press|p1a: Scizor
|-crit|p1a: Scizor
|-damage|p1a: Scizor|27/100
|move|p1a: Scizor|U-turn|p2a: Skarmory
|-resisted|p2a: Skarmory
|-damage|p2a: Skarmory|94/100
|
|t:|1666218247
|switch|p1a: Thundurus|Thundurus-Therian, M|100/100|[from]move: U-turn
|
|upkeep
|turn|46
|
|t:|1666218255
|switch|p2a: Hatterene|Hatterene, F|35/100
|-damage|p2a: Hatterene|22/100|[from] Stealth Rock
|move|p1a: Thundurus|Volt Switch|p2a: Hatterene
|-damage|p2a: Hatterene|0 fnt
|faint|p2a: Hatterene
|
|t:|1666218266
|switch|p1a: Starmie|Starmie|100/100|[from]move: Volt Switch
|-damage|p1a: Starmie|88/100|[from] Stealth Rock
|-damage|p1a: Starmie|72/100|[from] Spikes
|
|upkeep
|
|t:|1666218270
|switch|p2a: Chansey|Chansey, F|61/100
|-damage|p2a: Chansey|48/100|[from] Stealth Rock
|turn|47
|
|t:|1666218277
|switch|p1a: Hydreigon|Hydreigon, M|64/100
|-damage|p1a: Hydreigon|51/100|[from] Stealth Rock
|move|p2a: Chansey|Soft-Boiled|p2a: Chansey
|-heal|p2a: Chansey|99/100
|
|upkeep
|turn|48
|
|t:|1666218280
|move|p1a: Hydreigon|Defog|p2a: Chansey
|-unboost|p2a: Chansey|evasion|1
|-sideend|p2: Liz Angeles|Stealth Rock|[from] move: Defog|[of] p1a: Hydreigon
|-sideend|p1: MurderousMantyke|Spikes|[from] move: Defog|[of] p1a: Hydreigon
|-sideend|p1: MurderousMantyke|Stealth Rock|[from] move: Defog|[of] p1a: Hydreigon
|move|p2a: Chansey|Seismic Toss|p1a: Hydreigon
|-damage|p1a: Hydreigon|20/100
|
|upkeep
|turn|49
|
|t:|1666218283
|switch|p1a: Amoonguss|Amoonguss, F|72/100
|move|p2a: Chansey|Stealth Rock|p1a: Amoonguss
|-sidestart|p1: MurderousMantyke|move: Stealth Rock
|
|upkeep
|turn|50
|
|t:|1666218287
|switch|p2a: Umbreon|Umbreon, M|82/100
|move|p1a: Amoonguss|Spore|p2a: Umbreon
|-status|p2a: Umbreon|slp|[from] move: Spore
|
|-heal|p2a: Umbreon|88/100 slp|[from] item: Leftovers
|upkeep
|turn|51
|
|t:|1666218289
|switch|p2a: Skarmory|Skarmory, M|94/100
|switch|p1a: Scizor|Scizor, M|27/100
|-damage|p1a: Scizor|15/100|[from] Stealth Rock
|
|upkeep
|turn|52
|
|t:|1666218294
|switch|p1a: Thundurus|Thundurus-Therian, M|100/100
|move|p2a: Skarmory|Body Press|p1a: Thundurus
|-resisted|p1a: Thundurus
|-damage|p1a: Thundurus|76/100
|
|upkeep
|turn|53
|
|t:|1666218298
|switch|p2a: Chansey|Chansey, F|99/100
|move|p1a: Thundurus|Volt Switch|p2a: Chansey
|-damage|p2a: Chansey|80/100
|
|t:|1666218301
|switch|p1a: Scizor|Scizor, M|15/100|[from]move: Volt Switch
|-damage|p1a: Scizor|3/100|[from] Stealth Rock
|
|upkeep
|turn|54
|
|t:|1666218303
|switch|p2a: Skarmory|Skarmory, M|94/100
|move|p1a: Scizor|Roost|p1a: Scizor
|-heal|p1a: Scizor|53/100
|-singleturn|p1a: Scizor|move: Roost
|
|upkeep
|turn|55
|
|t:|1666218306
|move|p2a: Skarmory|Spikes|p1a: Scizor
|-sidestart|p1: MurderousMantyke|Spikes
|move|p1a: Scizor|Roost|p1a: Scizor
|-heal|p1a: Scizor|100/100
|-singleturn|p1a: Scizor|move: Roost
|
|upkeep
|turn|56
|
|t:|1666218309
|move|p2a: Skarmory|Spikes|p1a: Scizor
|-sidestart|p1: MurderousMantyke|Spikes
|move|p1a: Scizor|U-turn|p2a: Skarmory
|-resisted|p2a: Skarmory
|-damage|p2a: Skarmory|88/100
|
|t:|1666218312
|switch|p1a: Thundurus|Thundurus-Therian, M|76/100|[from]move: U-turn
|
|upkeep
|turn|57
|
|t:|1666218317
|switch|p2a: Chansey|Chansey, F|80/100
|move|p1a: Thundurus|Volt Switch|p2a: Chansey
|-damage|p2a: Chansey|61/100
|
|t:|1666218320
|switch|p1a: Scizor|Scizor, M|100/100|[from]move: Volt Switch
|-damage|p1a: Scizor|88/100|[from] Stealth Rock
|-damage|p1a: Scizor|72/100|[from] Spikes
|
|upkeep
|turn|58
|
|t:|1666218324
|switch|p2a: Skarmory|Skarmory, M|88/100
|move|p1a: Scizor|U-turn|p2a: Skarmory
|-resisted|p2a: Skarmory
|-damage|p2a: Skarmory|82/100
|
|t:|1666218326
|switch|p1a: Thundurus|Thundurus-Therian, M|76/100|[from]move: U-turn
|
|upkeep
|turn|59
|
|t:|1666218329
|switch|p2a: Dhelmise|Dhelmise|44/100
|move|p1a: Thundurus|Volt Switch|p2a: Dhelmise
|-resisted|p2a: Dhelmise
|-damage|p2a: Dhelmise|26/100
|
|t:|1666218332
|switch|p1a: Scizor|Scizor, M|72/100|[from]move: Volt Switch
|-damage|p1a: Scizor|60/100|[from] Stealth Rock
|-damage|p1a: Scizor|43/100|[from] Spikes
|
|upkeep
|turn|60
|
|t:|1666218336
|switch|p2a: Skarmory|Skarmory, M|82/100
|move|p1a: Scizor|U-turn|p2a: Skarmory
|-resisted|p2a: Skarmory
|-damage|p2a: Skarmory|76/100
|
|t:|1666218338
|switch|p1a: Thundurus|Thundurus-Therian, M|76/100|[from]move: U-turn
|
|upkeep
|turn|61
|
|t:|1666218341
|switch|p2a: Umbreon|Umbreon, M|88/100 slp
|move|p1a: Thundurus|Volt Switch|p2a: Umbreon
|-damage|p2a: Umbreon|58/100 slp
|
|t:|1666218344
|switch|p1a: Scizor|Scizor, M|43/100|[from]move: Volt Switch
|-damage|p1a: Scizor|31/100|[from] Stealth Rock
|-damage|p1a: Scizor|15/100|[from] Spikes
|
|-heal|p2a: Umbreon|64/100 slp|[from] item: Leftovers
|upkeep
|turn|62
|
|t:|1666218347
|switch|p2a: Skarmory|Skarmory, M|76/100
|move|p1a: Scizor|Roost|p1a: Scizor
|-heal|p1a: Scizor|65/100
|-singleturn|p1a: Scizor|move: Roost
|
|upkeep
|turn|63
|
|t:|1666218349
|move|p1a: Scizor|Roost|p1a: Scizor
|-heal|p1a: Scizor|100/100
|-singleturn|p1a: Scizor|move: Roost
|move|p2a: Skarmory|Spikes|p1a: Scizor
|-sidestart|p1: MurderousMantyke|Spikes
|
|upkeep
|turn|64
|
|t:|1666218351
|move|p2a: Skarmory|Body Press|p1a: Scizor
|-damage|p1a: Scizor|65/100
|move|p1a: Scizor|U-turn|p2a: Skarmory
|-resisted|p2a: Skarmory
|-damage|p2a: Skarmory|70/100
|
|t:|1666218354
|switch|p1a: Thundurus|Thundurus-Therian, M|76/100|[from]move: U-turn
|
|upkeep
|turn|65
|
|t:|1666218357
|switch|p2a: Chansey|Chansey, F|61/100
|move|p1a: Thundurus|Volt Switch|p2a: Chansey
|-damage|p2a: Chansey|41/100
|
|t:|1666218363
|switch|p1a: Scizor|Scizor, M|65/100|[from]move: Volt Switch
|-damage|p1a: Scizor|53/100|[from] Stealth Rock
|-damage|p1a: Scizor|28/100|[from] Spikes
|
|upkeep
|turn|66
|
|t:|1666218366
|move|p1a: Scizor|U-turn|p2a: Chansey
|-damage|p2a: Chansey|3/100
|
|t:|1666218371
|switch|p1a: Hydreigon|Hydreigon, M|20/100|[from]move: U-turn
|-damage|p1a: Hydreigon|8/100|[from] Stealth Rock
|move|p2a: Chansey|Soft-Boiled|p2a: Chansey
|-heal|p2a: Chansey|54/100
|
|upkeep
|turn|67
|
|t:|1666218374
|move|p1a: Hydreigon|Defog|p2a: Chansey
|-unboost|p2a: Chansey|evasion|1
|-sideend|p1: MurderousMantyke|Spikes|[from] move: Defog|[of] p1a: Hydreigon
|-sideend|p1: MurderousMantyke|Stealth Rock|[from] move: Defog|[of] p1a: Hydreigon
|move|p2a: Chansey|Soft-Boiled|p2a: Chansey
|-heal|p2a: Chansey|100/100
|
|upkeep
|turn|68
|
|t:|1666218379
|switch|p1a: Scizor|Scizor, M|28/100
|move|p2a: Chansey|Stealth Rock|p1a: Scizor
|-sidestart|p1: MurderousMantyke|move: Stealth Rock
|
|upkeep
|turn|69
|
|t:|1666218382
|switch|p2a: Skarmory|Skarmory, M|70/100
|move|p1a: Scizor|Roost|p1a: Scizor
|-heal|p1a: Scizor|78/100
|-singleturn|p1a: Scizor|move: Roost
|
|upkeep
|turn|70
|
|t:|1666218385
|move|p1a: Scizor|U-turn|p2a: Skarmory
|-resisted|p2a: Skarmory
|-damage|p2a: Skarmory|64/100
|
|t:|1666218387
|switch|p1a: Thundurus|Thundurus-Therian, M|76/100|[from]move: U-turn
|move|p2a: Skarmory|Spikes|p1a: Thundurus
|-sidestart|p1: MurderousMantyke|Spikes
|
|upkeep
|turn|71
|
|t:|1666218391
|switch|p2a: Chansey|Chansey, F|100/100
|move|p1a: Thundurus|Volt Switch|p2a: Chansey
|-damage|p2a: Chansey|80/100
|
|t:|1666218394
|switch|p1a: Scizor|Scizor, M|78/100|[from]move: Volt Switch
|-damage|p1a: Scizor|66/100|[from] Stealth Rock
|-damage|p1a: Scizor|54/100|[from] Spikes
|
|upkeep
|turn|72
|
|t:|1666218396
|move|p1a: Scizor|U-turn|p2a: Chansey
|-crit|p2a: Chansey
|-damage|p2a: Chansey|25/100
|
|t:|1666218399
|switch|p1a: Hippowdon|Hippowdon, F|32/100|[from]move: U-turn
|-damage|p1a: Hippowdon|26/100|[from] Stealth Rock
|-damage|p1a: Hippowdon|14/100|[from] Spikes
|-weather|Sandstorm|[from] ability: Sand Stream|[of] p1a: Hippowdon
|move|p2a: Chansey|Soft-Boiled|p2a: Chansey
|-heal|p2a: Chansey|75/100
|
|-weather|Sandstorm|[upkeep]
|-damage|p2a: Chansey|69/100|[from] Sandstorm
|-heal|p1a: Hippowdon|20/100|[from] item: Leftovers
|upkeep
|turn|73
|
|t:|1666218401
|move|p2a: Chansey|Seismic Toss|p1a: Hippowdon
|-damage|p1a: Hippowdon|0 fnt
|faint|p1a: Hippowdon
|
|-weather|Sandstorm|[upkeep]
|-damage|p2a: Chansey|63/100|[from] Sandstorm
|upkeep
|
|t:|1666218404
|switch|p1a: Scizor|Scizor, M|54/100
|-damage|p1a: Scizor|42/100|[from] Stealth Rock
|-damage|p1a: Scizor|29/100|[from] Spikes
|turn|74
|
|t:|1666218407
|switch|p2a: Skarmory|Skarmory, M|64/100
|move|p1a: Scizor|Roost|p1a: Scizor
|-heal|p1a: Scizor|80/100
|-singleturn|p1a: Scizor|move: Roost
|
|-weather|Sandstorm|[upkeep]
|upkeep
|turn|75
|
|t:|1666218411
|move|p2a: Skarmory|Spikes|p1a: Scizor
|-sidestart|p1: MurderousMantyke|Spikes
|move|p1a: Scizor|U-turn|p2a: Skarmory
|-resisted|p2a: Skarmory
|-damage|p2a: Skarmory|58/100
|
|t:|1666218413
|switch|p1a: Thundurus|Thundurus-Therian, M|76/100|[from]move: U-turn
|
|-weather|Sandstorm|[upkeep]
|-damage|p1a: Thundurus|70/100|[from] Sandstorm
|upkeep
|turn|76
|
|t:|1666218416
|switch|p2a: Dhelmise|Dhelmise|26/100
|move|p1a: Thundurus|Focus Blast|p2a: Dhelmise
|-immune|p2a: Dhelmise
|
|-weather|none
|upkeep
|turn|77
|
|t:|1666218421
|move|p1a: Thundurus|Psychic|p2a: Dhelmise
|-damage|p2a: Dhelmise|0 fnt
|faint|p2a: Dhelmise
|
|upkeep
|
|t:|1666218425
|switch|p2a: Chansey|Chansey, F|63/100
|turn|78
|
|t:|1666218428
|move|p1a: Thundurus|Focus Blast|p2a: Chansey
|-supereffective|p2a: Chansey
|-damage|p2a: Chansey|20/100
|-unboost|p2a: Chansey|spd|1
|move|p2a: Chansey|Soft-Boiled|p2a: Chansey
|-heal|p2a: Chansey|70/100
|
|upkeep
|turn|79
|
|t:|1666218441
|switch|p2a: Umbreon|Umbreon, M|64/100 slp
|move|p1a: Thundurus|Volt Switch|p2a: Umbreon
|-damage|p2a: Umbreon|37/100 slp
|
|t:|1666218446
|switch|p1a: Scizor|Scizor, M|80/100|[from]move: Volt Switch
|-damage|p1a: Scizor|67/100|[from] Stealth Rock
|-damage|p1a: Scizor|51/100|[from] Spikes
|
|-heal|p2a: Umbreon|43/100 slp|[from] item: Leftovers
|upkeep
|turn|80
|
|t:|1666218448
|switch|p2a: Skarmory|Skarmory, M|58/100
|move|p1a: Scizor|U-turn|p2a: Skarmory
|-resisted|p2a: Skarmory
|-damage|p2a: Skarmory|52/100
|
|t:|1666218451
|switch|p1a: Thundurus|Thundurus-Therian, M|70/100|[from]move: U-turn
|
|upkeep
|turn|81
|
|t:|1666218455
|switch|p2a: Chansey|Chansey, F|70/100
|move|p1a: Thundurus|Focus Blast|p2a: Chansey
|-supereffective|p2a: Chansey
|-damage|p2a: Chansey|29/100
|
|upkeep
|turn|82
|
|t:|1666218465
|switch|p2a: Quagsire|Quagsire, F|100/100
|move|p1a: Thundurus|Focus Blast|p2a: Quagsire|[miss]
|-miss|p1a: Thundurus|p2a: Quagsire
|
|upkeep
|turn|83
|
|t:|1666218471
|switch|p2a: Umbreon|Umbreon, M|43/100 slp
|move|p1a: Thundurus|Grass Knot|p2a: Umbreon
|-damage|p2a: Umbreon|27/100 slp
|
|-heal|p2a: Umbreon|33/100 slp|[from] item: Leftovers
|upkeep
|turn|84
|
|t:|1666218476
|cant|p2a: Umbreon|slp
|move|p1a: Thundurus|Focus Blast|p2a: Umbreon
|-supereffective|p2a: Umbreon
|-damage|p2a: Umbreon|0 fnt
|faint|p2a: Umbreon
|
|upkeep
|
|t:|1666218486
|switch|p2a: Chansey|Chansey, F|29/100
|turn|85
|
|t:|1666218490
|move|p1a: Thundurus|Focus Blast|p2a: Chansey
|-supereffective|p2a: Chansey
|-damage|p2a: Chansey|0 fnt
|faint|p2a: Chansey
|
|upkeep
|-message|Liz Angeles forfeited.
|
|win|MurderousMantyke
|raw|MurderousMantyke's rating: 1556 &rarr; <strong>1577</strong><br />(+21 for winning)
|raw|Liz Angeles's rating: 1578 &rarr; <strong>1557</strong><br />(-21 for losing)
|l|☆Liz Angeles
|c|☆MurderousMantyke|gg
|l|☆MurderousMantyke
|l| just like hunny
||Ladder isn't responding, score probably updated but might not have (Request timeout).
|j|☆MurderousMantyke
|player|p1|MurderousMantyke|#helpstaffxmas
