|j|☆Gbrsh
|j|☆EliotEnRetar
|t:|1633093000
|gametype|singles
|player|p1|Gbrsh|265|1299
|player|p2|EliotEnRetar|falkner|1482
|teamsize|p1|6
|teamsize|p2|6
|gen|8
|tier|[Gen 8] UU
|rated|
|rule|Sleep Clause Mod: Limit one foe put to sleep
|rule|Species Clause: Limit one of each Pokémon
|rule|OHKO Clause: OHKO moves are banned
|rule|Evasion Moves Clause: Evasion moves are banned
|rule|Endless Battle Clause: Forcing endless battles is banned
|rule|HP Percentage Mod: HP is shown in percentages
|rule|Dynamax Clause: You cannot dynamax
|clearpoke
|poke|p1|Jirachi|
|poke|p1|Azumarill, F|
|poke|p1|Salamence, M|
|poke|p1|Nidoking, M|
|poke|p1|Azelf|
|poke|p1|Keldeo-Resolute|
|poke|p2|Drapion, F|
|poke|p2|Talonflame, M|
|poke|p2|Rotom-Wash|
|poke|p2|Ribombee, M|
|poke|p2|Zygarde-10%|
|poke|p2|Conkeldurr, F|
|teampreview
|inactive|Battle timer is ON: inactive players will automatically lose when time's up. (requested by EliotEnRetar)
|
|t:|1633093038
|start
|switch|p1a: Azelf|Azelf|100/100
|switch|p2a: BeeMovie|Ribombee, M|100/100
|turn|1
|inactive|EliotEnRetar has 120 seconds left.
|
|t:|1633093070
|move|p2a: BeeMovie|Moonblast|p1a: Azelf
|-damage|p1a: Azelf|40/100
|-unboost|p1a: Azelf|spa|1
|move|p1a: Azelf|Taunt|p2a: BeeMovie
|-start|p2a: BeeMovie|move: Taunt
|
|upkeep
|turn|2
|
|t:|1633093091
|switch|p1a: Jirachi|Jirachi|100/100
|move|p2a: BeeMovie|Moonblast|p1a: Jirachi
|-resisted|p1a: Jirachi
|-damage|p1a: Jirachi|80/100
|-unboost|p1a: Jirachi|spa|1
|
|upkeep
|turn|3
|
|t:|1633093098
|switch|p2a: CauetBurger|Rotom-Wash|100/100
|move|p1a: Jirachi|U-turn|p2a: CauetBurger
|-damage|p2a: CauetBurger|83/100
|
|t:|1633093103
|switch|p1a: Azelf|Azelf|40/100|[from]move: U-turn
|
|-heal|p2a: CauetBurger|89/100|[from] item: Leftovers
|upkeep
|turn|4
|
|t:|1633093108
|move|p1a: Azelf|Stealth Rock|p2a: CauetBurger
|-sidestart|p2: EliotEnRetar|move: Stealth Rock
|move|p2a: CauetBurger|Hydro Pump|p1a: Azelf
|-damage|p1a: Azelf|0 fnt
|faint|p1a: Azelf
|
|-heal|p2a: CauetBurger|96/100|[from] item: Leftovers
|upkeep
|
|t:|1633093135
|switch|p1a: Nidoking|Nidoking, M|100/100
|turn|5
|
|t:|1633093139
|move|p1a: Nidoking|Sludge Wave|p2a: CauetBurger
|-damage|p2a: CauetBurger|32/100
|move|p2a: CauetBurger|Hydro Pump|p1a: Nidoking
|-supereffective|p1a: Nidoking
|-damage|p1a: Nidoking|0 fnt
|faint|p1a: Nidoking
|
|-heal|p2a: CauetBurger|39/100|[from] item: Leftovers
|upkeep
|
|t:|1633093149
|switch|p1a: Keldeo|Keldeo-Resolute|100/100
|turn|6
|
|t:|1633093175
|move|p1a: Keldeo|Secret Sword|p2a: CauetBurger
|-damage|p2a: CauetBurger|2/100
|move|p2a: CauetBurger|Volt Switch|p1a: Keldeo
|-supereffective|p1a: Keldeo
|-damage|p1a: Keldeo|41/100
|
|t:|1633093181
|switch|p2a: BizouJeManvol|Talonflame, M|100/100|[from]move: Volt Switch
|
|-heal|p1a: Keldeo|47/100|[from] item: Leftovers
|upkeep
|turn|7
|
|t:|1633093186
|move|p2a: BizouJeManvol|Brave Bird|p1a: Keldeo
|-supereffective|p1a: Keldeo
|-damage|p1a: Keldeo|0 fnt
|faint|p1a: Keldeo
|-damage|p2a: BizouJeManvol|84/100|[from] Recoil
|
|upkeep
|
|t:|1633093193
|switch|p1a: Salamence|Salamence, M|100/100
|turn|8
|
|t:|1633093211
|move|p2a: BizouJeManvol|Brave Bird|p1a: Salamence
|-damage|p1a: Salamence|37/100
|-damage|p2a: BizouJeManvol|60/100|[from] Recoil
|move|p1a: Salamence|Dragon Dance|p1a: Salamence
|-boost|p1a: Salamence|atk|1
|-boost|p1a: Salamence|spe|1
|
|upkeep
|turn|9
|
|t:|1633093220
|switch|p2a: CauetBurger|Rotom-Wash|2/100
|-damage|p2a: CauetBurger|0 fnt|[from] Stealth Rock
|faint|p2a: CauetBurger
|move|p1a: Salamence|Dual Wingbeat|p2: CauetBurger|[notarget]
|-fail|p1a: Salamence
|
|upkeep
|
|t:|1633093225
|switch|p2a: En Brrrrrr|Zygarde-10%|100/100
|-damage|p2a: En Brrrrrr|94/100|[from] Stealth Rock
|-ability|p2a: En Brrrrrr|Aura Break
|turn|10
|
|t:|1633093230
|move|p2a: En Brrrrrr|Extreme Speed|p1a: Salamence
|-damage|p1a: Salamence|0 fnt
|faint|p1a: Salamence
|
|upkeep
|
|t:|1633093240
|switch|p1a: Azumarill|Azumarill, F|100/100
|turn|11
|
|t:|1633093258
|move|p2a: En Brrrrrr|Extreme Speed|p1a: Azumarill
|-damage|p1a: Azumarill|60/100
|move|p1a: Azumarill|Play Rough|p2a: En Brrrrrr
|-supereffective|p2a: En Brrrrrr
|-damage|p2a: En Brrrrrr|0 fnt
|faint|p2a: En Brrrrrr
|
|upkeep
|
|t:|1633093262
|switch|p2a: Drrrrrrrascore|Drapion, F|100/100
|-damage|p2a: Drrrrrrrascore|88/100|[from] Stealth Rock
|turn|12
|
|t:|1633093268
|switch|p1a: Jirachi|Jirachi|80/100
|move|p2a: Drrrrrrrascore|Poison Jab|p1a: Jirachi
|-immune|p1a: Jirachi
|
|upkeep
|turn|13
|
|t:|1633093275
|switch|p2a: BeeMovie|Ribombee, M|100/100
|-damage|p2a: BeeMovie|76/100|[from] Stealth Rock
|move|p1a: Jirachi|Healing Wish|p1a: Jirachi
|faint|p1a: Jirachi
|
|upkeep
|
|t:|1633093280
|switch|p1a: Azumarill|Azumarill, F|60/100
|-heal|p1a: Azumarill|100/100|[from] move: Healing Wish
|turn|14
|
|t:|1633093284
|move|p2a: BeeMovie|Energy Ball|p1a: Azumarill
|-supereffective|p1a: Azumarill
|-damage|p1a: Azumarill|41/100
|-enditem|p1a: Azumarill|Sitrus Berry|[eat]
|-heal|p1a: Azumarill|66/100|[from] item: Sitrus Berry
|move|p1a: Azumarill|Belly Drum|p1a: Azumarill
|-damage|p1a: Azumarill|16/100
|-setboost|p1a: Azumarill|atk|6|[from] move: Belly Drum
|
|upkeep
|turn|15
|
|t:|1633093293
|move|p1a: Azumarill|Aqua Jet|p2a: BeeMovie
|-damage|p2a: BeeMovie|0 fnt
|faint|p2a: BeeMovie
|
|upkeep
|
|t:|1633093296
|switch|p2a: Etchebest|Conkeldurr, F|100/100
|-damage|p2a: Etchebest|95/100|[from] Stealth Rock
|turn|16
|
|t:|1633093300
|move|p2a: Etchebest|Mach Punch|p1a: Azumarill
|-resisted|p1a: Azumarill
|-damage|p1a: Azumarill|1/100
|move|p1a: Azumarill|Play Rough|p2a: Etchebest
|-supereffective|p2a: Etchebest
|-damage|p2a: Etchebest|0 fnt
|faint|p2a: Etchebest
|
|upkeep
|c|☆EliotEnRetar|0_0
|
|t:|1633093317
|switch|p2a: BizouJeManvol|Talonflame, M|60/100
|turn|17
|
|t:|1633093319
|move|p1a: Azumarill|Aqua Jet|p2a: BizouJeManvol
|-supereffective|p2a: BizouJeManvol
|-damage|p2a: BizouJeManvol|0 fnt
|faint|p2a: BizouJeManvol
|
|upkeep
|
|t:|1633093334
|switch|p2a: Drrrrrrrascore|Drapion, F|88/100
|-damage|p2a: Drrrrrrrascore|76/100|[from] Stealth Rock
|turn|18
|c|☆Gbrsh|should do less than 76
|
|t:|1633093343
|move|p1a: Azumarill|Aqua Jet|p2a: Drrrrrrrascore
|-damage|p2a: Drrrrrrrascore|0 fnt
|faint|p2a: Drrrrrrrascore
|
|win|Gbrsh
|raw|Gbrsh's rating: 1299 &rarr; <strong>1336</strong><br />(+37 for winning)
|raw|EliotEnRetar's rating: 1482 &rarr; <strong>1452</strong><br />(-30 for losing)
|c|☆Gbrsh|nvm
|c|☆Gbrsh|gg
|l|☆EliotEnRetar
