|j|☆Takatk
|j|☆Permission Slip
|t:|1667611031
|gametype|singles
|player|p1|Takatk|janitor|
|player|p2|Permission Slip|morty-masters2|
|teamsize|p1|6
|teamsize|p2|6
|gen|8
|tier|[Gen 8] UU
|rule|Sleep Clause Mod: Limit one foe put to sleep
|rule|Species Clause: Limit one of each Pokémon
|rule|OHKO Clause: OHKO moves are banned
|rule|Evasion Items Clause: Evasion items are banned
|rule|Evasion Moves Clause: Evasion moves are banned
|rule|Endless Battle Clause: Forcing endless battles is banned
|rule|HP Percentage Mod: HP is shown in percentages
|rule|Dynamax Clause: You cannot dynamax
|clearpoke
|poke|p1|Conkeldurr, M|
|poke|p1|Zarude|
|poke|p1|Jirachi|
|poke|p1|Rotom-Wash|
|poke|p1|Hippowdon, F|
|poke|p1|Salamence, M|
|poke|p2|Excadrill, M|
|poke|p2|Salamence, M|
|poke|p2|Polteageist|
|poke|p2|Azumarill, M|
|poke|p2|Celesteela|
|poke|p2|Cobalion|
|teampreview
|inactive|Battle timer is ON: inactive players will automatically lose when time's up. (requested by Takatk)
|c|☆Permission Slip|hf
|c|☆Takatk|u2
|inactive|Takatk has 270 seconds left.
|
|t:|1667611082
|start
|switch|p1a: Zarude|Zarude|100/100
|switch|p2a: Excadrill|Excadrill, M|100/100
|-ability|p2a: Excadrill|Mold Breaker
|turn|1
|
|t:|1667611085
|move|p1a: Zarude|U-turn|p2a: Excadrill
|-resisted|p2a: Excadrill
|-damage|p2a: Excadrill|84/100
|
|t:|1667611087
|switch|p1a: Conkeldurr|Conkeldurr, M|100/100|[from]move: U-turn
|move|p2a: Excadrill|Stealth Rock|p1a: Conkeldurr
|-sidestart|p1: Takatk|move: Stealth Rock
|
|-status|p1a: Conkeldurr|brn|[from] item: Flame Orb
|upkeep
|turn|2
|
|t:|1667611106
|move|p1a: Conkeldurr|Mach Punch|p2a: Excadrill
|-supereffective|p2a: Excadrill
|-damage|p2a: Excadrill|0 fnt
|faint|p2a: Excadrill
|
|-damage|p1a: Conkeldurr|95/100 brn|[from] brn
|upkeep
|
|t:|1667611108
|switch|p2a: Azumarill|Azumarill, M|100/100
|turn|3
|
|t:|1667611115
|switch|p1a: Rotom|Rotom-Wash|100/100
|-damage|p1a: Rotom|88/100|[from] Stealth Rock
|move|p2a: Azumarill|Play Rough|p1a: Rotom
|-damage|p1a: Rotom|43/100
|
|-heal|p1a: Rotom|50/100|[from] item: Leftovers
|upkeep
|turn|4
|
|t:|1667611132
|move|p1a: Rotom|Will-O-Wisp|p2a: Azumarill
|-status|p2a: Azumarill|brn
|move|p2a: Azumarill|Play Rough|p1a: Rotom
|-crit|p1a: Rotom
|-damage|p1a: Rotom|16/100
|
|-heal|p1a: Rotom|23/100|[from] item: Leftovers
|-damage|p2a: Azumarill|94/100 brn|[from] brn
|upkeep
|turn|5
|
|t:|1667611139
|move|p1a: Rotom|Pain Split|p2a: Azumarill
|-sethp|p2a: Azumarill|57/100 brn|[from] move: Pain Split|[silent]
|-sethp|p1a: Rotom|64/100|[from] move: Pain Split
|move|p2a: Azumarill|Belly Drum|p2a: Azumarill
|-damage|p2a: Azumarill|7/100 brn
|-setboost|p2a: Azumarill|atk|6|[from] move: Belly Drum
|-enditem|p2a: Azumarill|Sitrus Berry|[eat]
|-heal|p2a: Azumarill|32/100 brn|[from] item: Sitrus Berry
|
|-heal|p1a: Rotom|71/100|[from] item: Leftovers
|-damage|p2a: Azumarill|26/100 brn|[from] brn
|upkeep
|turn|6
|
|t:|1667611143
|move|p2a: Azumarill|Aqua Jet|p1a: Rotom
|-resisted|p1a: Rotom
|-crit|p1a: Rotom
|-damage|p1a: Rotom|42/100
|move|p1a: Rotom|Volt Switch|p2a: Azumarill
|-supereffective|p2a: Azumarill
|-damage|p2a: Azumarill|0 fnt
|faint|p2a: Azumarill
|inactive|Takatk has 270 seconds left.
|
|t:|1667611189
|switch|p1a: Zarude|Zarude|100/100|[from]move: Volt Switch
|-damage|p1a: Zarude|88/100|[from] Stealth Rock
|
|upkeep
|
|t:|1667611193
|switch|p2a: Salamence|Salamence, M|100/100
|turn|7
|
|t:|1667611197
|move|p1a: Zarude|U-turn|p2a: Salamence
|-resisted|p2a: Salamence
|-crit|p2a: Salamence
|-damage|p2a: Salamence|78/100
|
|t:|1667611198
|switch|p1a: Conkeldurr|Conkeldurr, M|95/100 brn|[from]move: U-turn
|-damage|p1a: Conkeldurr|89/100 brn|[from] Stealth Rock
|move|p2a: Salamence|Dual Wingbeat|p1a: Conkeldurr
|-supereffective|p1a: Conkeldurr
|-damage|p1a: Conkeldurr|46/100 brn
|-supereffective|p1a: Conkeldurr
|-damage|p1a: Conkeldurr|1/100 brn
|-hitcount|p1a: Conkeldurr|2
|
|-damage|p1a: Conkeldurr|0 fnt|[from] brn
|faint|p1a: Conkeldurr
|upkeep
|inactive|Takatk has 270 seconds left.
|
|t:|1667611228
|switch|p1a: Jirachi|Jirachi|100/100
|-damage|p1a: Jirachi|94/100|[from] Stealth Rock
|turn|8
|
|t:|1667611231
|switch|p2a: Cobalion|Cobalion|100/100
|move|p1a: Jirachi|Iron Head|p2a: Cobalion
|-resisted|p2a: Cobalion
|-damage|p2a: Cobalion|88/100
|
|-heal|p1a: Jirachi|100/100|[from] item: Leftovers
|upkeep
|turn|9
|
|t:|1667611234
|move|p2a: Cobalion|Swords Dance|p2a: Cobalion
|-boost|p2a: Cobalion|atk|2
|move|p1a: Jirachi|U-turn|p2a: Cobalion
|-resisted|p2a: Cobalion
|-damage|p2a: Cobalion|84/100
|inactive|Takatk has 270 seconds left.
|
|t:|1667611247
|switch|p1a: Hippowdon|Hippowdon, F|100/100|[from]move: U-turn
|-damage|p1a: Hippowdon|94/100|[from] Stealth Rock
|-weather|Sandstorm|[from] ability: Sand Stream|[of] p1a: Hippowdon
|
|-weather|Sandstorm|[upkeep]
|-heal|p1a: Hippowdon|100/100|[from] item: Leftovers
|upkeep
|turn|10
|
|t:|1667611251
|move|p2a: Cobalion|Swords Dance|p2a: Cobalion
|-boost|p2a: Cobalion|atk|2
|move|p1a: Hippowdon|Earthquake|p2a: Cobalion
|-supereffective|p2a: Cobalion
|-enditem|p2a: Cobalion|Shuca Berry|[eat]
|-enditem|p2a: Cobalion|Shuca Berry|[weaken]
|-damage|p2a: Cobalion|49/100
|
|-weather|Sandstorm|[upkeep]
|upkeep
|turn|11
|
|t:|1667611263
|move|p2a: Cobalion|Close Combat|p1a: Hippowdon
|-damage|p1a: Hippowdon|5/100
|-unboost|p2a: Cobalion|def|1
|-unboost|p2a: Cobalion|spd|1
|move|p1a: Hippowdon|Earthquake|p2a: Cobalion
|-supereffective|p2a: Cobalion
|-damage|p2a: Cobalion|0 fnt
|faint|p2a: Cobalion
|
|-weather|Sandstorm|[upkeep]
|-heal|p1a: Hippowdon|11/100|[from] item: Leftovers
|upkeep
|
|t:|1667611274
|switch|p2a: Salamence|Salamence, M|78/100
|turn|12
|
|t:|1667611276
|move|p2a: Salamence|Dragon Dance|p2a: Salamence
|-boost|p2a: Salamence|atk|1
|-boost|p2a: Salamence|spe|1
|move|p1a: Hippowdon|Toxic|p2a: Salamence
|-status|p2a: Salamence|tox
|-enditem|p2a: Salamence|Lum Berry|[eat]
|-curestatus|p2a: Salamence|tox|[msg]
|
|-weather|Sandstorm|[upkeep]
|-damage|p2a: Salamence|71/100|[from] Sandstorm
|-heal|p1a: Hippowdon|17/100|[from] item: Leftovers
|upkeep
|turn|13
|
|t:|1667611281
|move|p2a: Salamence|Dual Wingbeat|p1a: Hippowdon
|-damage|p1a: Hippowdon|0 fnt
|faint|p1a: Hippowdon
|-ability|p2a: Salamence|Moxie|boost
|-boost|p2a: Salamence|atk|1
|-hitcount|p1: Hippowdon|1
|
|-weather|none
|upkeep
|
|t:|1667611298
|switch|p1a: Salamence|Salamence, M|100/100
|-ability|p1a: Salamence|Intimidate|boost
|-unboost|p2a: Salamence|atk|1
|turn|14
|inactive|Permission Slip has 270 seconds left.
|inactive|Takatk has 270 seconds left.
|
|t:|1667611345
|switch|p1a: Jirachi|Jirachi|100/100
|-damage|p1a: Jirachi|94/100|[from] Stealth Rock
|move|p2a: Salamence|Outrage|p1a: Jirachi
|-resisted|p1a: Jirachi
|-damage|p1a: Jirachi|53/100
|
|-heal|p1a: Jirachi|60/100|[from] item: Leftovers
|upkeep
|turn|15
|
|t:|1667611353
|move|p2a: Salamence|Outrage|p1a: Jirachi|[from]lockedmove
|-resisted|p1a: Jirachi
|-damage|p1a: Jirachi|17/100
|-start|p2a: Salamence|confusion|[fatigue]
|move|p1a: Jirachi|Iron Head|p2a: Salamence
|-damage|p2a: Salamence|35/100
|
|-heal|p1a: Jirachi|23/100|[from] item: Leftovers
|upkeep
|turn|16
|inactive|Takatk has 270 seconds left.
|
|t:|1667611361
|move|p1a: Jirachi|Protect|p1a: Jirachi
|-singleturn|p1a: Jirachi|Protect
|-activate|p2a: Salamence|confusion
|move|p2a: Salamence|Outrage|p1a: Jirachi
|-activate|p1a: Jirachi|move: Protect
|
|-heal|p1a: Jirachi|29/100|[from] item: Leftovers
|upkeep
|turn|17
|
|t:|1667611364
|-end|p2a: Salamence|confusion
|move|p2a: Salamence|Outrage|p1a: Jirachi
|-resisted|p1a: Jirachi
|-damage|p1a: Jirachi|0 fnt
|faint|p1a: Jirachi
|-ability|p2a: Salamence|Moxie|boost
|-boost|p2a: Salamence|atk|1
|
|upkeep
|
|t:|1667611369
|switch|p1a: Zarude|Zarude|88/100
|-damage|p1a: Zarude|76/100|[from] Stealth Rock
|turn|18
|
|t:|1667611371
|move|p1a: Zarude|Darkest Lariat|p2a: Salamence
|-damage|p2a: Salamence|0 fnt
|faint|p2a: Salamence
|
|upkeep
|
|t:|1667611373
|switch|p2a: Celesteela|Celesteela|100/100
|turn|19
|
|t:|1667611379
|move|p1a: Zarude|Darkest Lariat|p2a: Celesteela
|-damage|p2a: Celesteela|56/100
|move|p2a: Celesteela|Air Slash|p1a: Zarude|[miss]
|-miss|p2a: Celesteela|p1a: Zarude
|
|upkeep
|turn|20
|
|t:|1667611385
|move|p1a: Zarude|Darkest Lariat|p2a: Celesteela
|-damage|p2a: Celesteela|18/100
|move|p2a: Celesteela|Air Slash|p1a: Zarude
|-supereffective|p1a: Zarude
|-damage|p1a: Zarude|0 fnt
|faint|p1a: Zarude
|-ability|p2a: Celesteela|Beast Boost|boost
|-boost|p2a: Celesteela|spa|1
|
|upkeep
|
|t:|1667611387
|switch|p1a: Rotom|Rotom-Wash|42/100
|-damage|p1a: Rotom|29/100|[from] Stealth Rock
|turn|21
|
|t:|1667611391
|move|p1a: Rotom|Volt Switch|p2a: Celesteela
|-supereffective|p2a: Celesteela
|-damage|p2a: Celesteela|0 fnt
|faint|p2a: Celesteela
|
|t:|1667611393
|switch|p1a: Salamence|Salamence, M|100/100|[from]move: Volt Switch
|
|upkeep
|
|t:|1667611395
|switch|p2a: Polteageist|Polteageist|100/100
|turn|22
|
|t:|1667611398
|move|p2a: Polteageist|Shell Smash|p2a: Polteageist
|-unboost|p2a: Polteageist|def|1
|-unboost|p2a: Polteageist|spd|1
|-boost|p2a: Polteageist|atk|2
|-boost|p2a: Polteageist|spa|2
|-boost|p2a: Polteageist|spe|2
|move|p1a: Salamence|Dual Wingbeat|p2a: Polteageist
|-damage|p2a: Polteageist|53/100
|-ability|p2a: Polteageist|Weak Armor|boost
|-unboost|p2a: Polteageist|def|1
|-boost|p2a: Polteageist|spe|2
|-damage|p2a: Polteageist|0 fnt
|faint|p2a: Polteageist
|-hitcount|p2: Polteageist|2
|
|win|Takatk
|c|☆Permission Slip|gg
|c|☆Takatk|ggwp
|c|☆Takatk|let me save real quick
