|j|☆Permission Slip
|j|☆skierdude101
|t:|1659402148
|gametype|singles
|player|p1|Permission Slip|clerkf|1460
|player|p2|skierdude101|101|1390
|teamsize|p1|6
|teamsize|p2|6
|gen|8
|tier|[Gen 8] UU
|rated|
|rule|Sleep Clause Mod: Limit one foe put to sleep
|rule|Species Clause: Limit one of each Pokémon
|rule|OHKO Clause: OHKO moves are banned
|rule|Evasion Moves Clause: Evasion moves are banned
|rule|Endless Battle Clause: Forcing endless battles is banned
|rule|HP Percentage Mod: HP is shown in percentages
|rule|Dynamax Clause: You cannot dynamax
|clearpoke
|poke|p1|Sirfetch’d, F|
|poke|p1|Slowbro-Galar, M|
|poke|p1|Raikou|
|poke|p1|Swampert, F|
|poke|p1|Scizor, M|
|poke|p1|Salamence, M|
|poke|p2|Crawdaunt, M|
|poke|p2|Nihilego|
|poke|p2|Slowking, F|
|poke|p2|Diggersby, M|
|poke|p2|Cobalion|
|poke|p2|Amoonguss, F|
|teampreview
|inactive|Battle timer is ON: inactive players will automatically lose when time's up. (requested by skierdude101)
|c|☆Permission Slip|hf
|inactive|skierdude101 has 120 seconds left.
|
|t:|1659402180
|start
|switch|p1a: Swampert|Swampert, F|100/100
|switch|p2a: Amoonguss|Amoonguss, F|100/100
|turn|1
|
|t:|1659402195
|move|p1a: Swampert|Stealth Rock|p2a: Amoonguss
|-sidestart|p2: skierdude101|move: Stealth Rock
|move|p2a: Amoonguss|Foul Play|p1a: Swampert
|-damage|p1a: Swampert|80/100
|
|-heal|p1a: Swampert|86/100|[from] item: Leftovers
|upkeep
|turn|2
|
|t:|1659402200
|move|p1a: Swampert|Earthquake|p2a: Amoonguss
|-damage|p2a: Amoonguss|73/100
|move|p2a: Amoonguss|Spore|p1a: Swampert
|-status|p1a: Swampert|slp|[from] move: Spore
|
|-heal|p1a: Swampert|93/100 slp|[from] item: Leftovers
|upkeep
|turn|3
|
|t:|1659402219
|switch|p1a: Slowbro|Slowbro-Galar, M|100/100
|move|p2a: Amoonguss|Foul Play|p1a: Slowbro
|-supereffective|p1a: Slowbro
|-damage|p1a: Slowbro|63/100
|
|upkeep
|turn|4
|
|t:|1659402225
|move|p2a: Amoonguss|Foul Play|p1a: Slowbro
|-supereffective|p1a: Slowbro
|-damage|p1a: Slowbro|21/100
|move|p1a: Slowbro|Future Sight|p2a: Amoonguss
|-start|p1a: Slowbro|move: Future Sight
|
|upkeep
|turn|5
|
|t:|1659402234
|switch|p1a: Sirfetch’d|Sirfetch’d, F|100/100
|move|p2a: Amoonguss|Foul Play|p1a: Sirfetch’d
|-resisted|p1a: Sirfetch’d
|-damage|p1a: Sirfetch’d|76/100
|
|upkeep
|turn|6
|
|t:|1659402244
|switch|p2a: Slowking|Slowking, F|100/100
|move|p1a: Sirfetch’d|Leaf Blade|p2a: Slowking
|-supereffective|p2a: Slowking
|-crit|p2a: Slowking
|-damage|p2a: Slowking|24/100
|
|-end|p2a: Slowking|move: Future Sight
|-resisted|p2a: Slowking
|-damage|p2a: Slowking|6/100
|upkeep
|turn|7
|
|t:|1659402257
|switch|p2a: Amoonguss|Amoonguss, F|100/100
|-damage|p2a: Amoonguss|88/100|[from] Stealth Rock
|move|p1a: Sirfetch’d|Brave Bird|p2a: Amoonguss
|-supereffective|p2a: Amoonguss
|-crit|p2a: Amoonguss
|-damage|p2a: Amoonguss|0 fnt
|-damage|p1a: Sirfetch’d|59/100|[from] item: Rocky Helmet|[of] p2a: Amoonguss
|faint|p2a: Amoonguss
|-damage|p1a: Sirfetch’d|12/100|[from] Recoil
|
|upkeep
|
|t:|1659402279
|switch|p2a: Nihilego|Nihilego|100/100
|-damage|p2a: Nihilego|88/100|[from] Stealth Rock
|turn|8
|
|t:|1659402286
|switch|p1a: Swampert|Swampert, F|93/100 slp
|move|p2a: Nihilego|Sludge Bomb|p1a: Swampert
|-resisted|p1a: Swampert
|-damage|p1a: Swampert|76/100 slp
|
|-heal|p2a: Nihilego|94/100|[from] item: Black Sludge
|-heal|p1a: Swampert|82/100 slp|[from] item: Leftovers
|upkeep
|turn|9
|
|t:|1659402289
|switch|p1a: Scizor|Scizor, M|100/100
|move|p2a: Nihilego|Stealth Rock|p1a: Scizor
|-sidestart|p1: Permission Slip|move: Stealth Rock
|
|-heal|p2a: Nihilego|100/100|[from] item: Black Sludge
|upkeep
|turn|10
|
|t:|1659402299
|switch|p2a: Cobalion|Cobalion|100/100
|-damage|p2a: Cobalion|97/100|[from] Stealth Rock
|switch|p1a: Slowbro|Slowbro-Galar, M|55/100
|-damage|p1a: Slowbro|42/100|[from] Stealth Rock
|
|upkeep
|turn|11
|
|t:|1659402304
|move|p2a: Cobalion|Iron Head|p1a: Slowbro
|-damage|p1a: Slowbro|11/100
|move|p1a: Slowbro|Future Sight|p2a: Cobalion
|-start|p1a: Slowbro|move: Future Sight
|
|upkeep
|turn|12
|inactive|Permission Slip has 120 seconds left.
|
|t:|1659402342
|switch|p1a: Salamence|Salamence, M|100/100
|-ability|p1a: Salamence|Intimidate|boost
|-unboost|p2a: Cobalion|atk|1
|move|p2a: Cobalion|Iron Head|p1a: Salamence
|-damage|p1a: Salamence|77/100
|
|upkeep
|turn|13
|inactive|Permission Slip has 120 seconds left.
|
|t:|1659402350
|switch|p2a: Slowking|Slowking, F|39/100
|move|p1a: Salamence|Toxic|p2a: Slowking
|-status|p2a: Slowking|tox
|
|-end|p2a: Slowking|move: Future Sight
|-resisted|p2a: Slowking
|-damage|p2a: Slowking|21/100 tox
|-damage|p2a: Slowking|14/100 tox|[from] psn
|upkeep
|turn|14
|
|t:|1659402358
|switch|p1a: Raikou|Raikou|100/100
|move|p2a: Slowking|Thunder Wave|p1a: Raikou
|-immune|p1a: Raikou
|
|-damage|p2a: Slowking|2/100 tox|[from] psn
|upkeep
|turn|15
|
|t:|1659402363
|move|p1a: Raikou|Scald|p2a: Slowking
|-resisted|p2a: Slowking
|-damage|p2a: Slowking|0 fnt
|faint|p2a: Slowking
|
|upkeep
|
|t:|1659402365
|switch|p2a: Diggersby|Diggersby, M|100/100
|-damage|p2a: Diggersby|94/100|[from] Stealth Rock
|turn|16
|
|t:|1659402386
|switch|p1a: Salamence|Salamence, M|77/100
|-ability|p1a: Salamence|Intimidate|boost
|-unboost|p2a: Diggersby|atk|1
|move|p2a: Diggersby|Body Slam|p1a: Salamence
|-damage|p1a: Salamence|45/100
|-status|p1a: Salamence|par
|
|upkeep
|turn|17
|
|t:|1659402393
|switch|p2a: Nihilego|Nihilego|100/100
|-damage|p2a: Nihilego|88/100|[from] Stealth Rock
|move|p1a: Salamence|Roost|p1a: Salamence
|-heal|p1a: Salamence|95/100 par
|-singleturn|p1a: Salamence|move: Roost
|
|-heal|p2a: Nihilego|94/100|[from] item: Black Sludge
|upkeep
|turn|18
|
|t:|1659402398
|switch|p1a: Swampert|Swampert, F|82/100 slp
|-damage|p1a: Swampert|76/100 slp|[from] Stealth Rock
|move|p2a: Nihilego|Power Gem|p1a: Swampert
|-resisted|p1a: Swampert
|-damage|p1a: Swampert|62/100 slp
|
|-heal|p2a: Nihilego|100/100|[from] item: Black Sludge
|-heal|p1a: Swampert|68/100 slp|[from] item: Leftovers
|upkeep
|turn|19
|
|t:|1659402405
|switch|p2a: Crawdaunt|Crawdaunt, M|100/100
|-damage|p2a: Crawdaunt|88/100|[from] Stealth Rock
|cant|p1a: Swampert|slp
|
|-heal|p1a: Swampert|75/100 slp|[from] item: Leftovers
|upkeep
|turn|20
|
|t:|1659402416
|switch|p1a: Salamence|Salamence, M|95/100 par
|-ability|p1a: Salamence|Intimidate|boost
|-unboost|p2a: Crawdaunt|atk|1
|move|p2a: Crawdaunt|Knock Off|p1a: Salamence
|-damage|p1a: Salamence|26/100 par
|-enditem|p1a: Salamence|Heavy-Duty Boots|[from] move: Knock Off|[of] p2a: Crawdaunt
|-damage|p2a: Crawdaunt|78/100|[from] item: Life Orb
|
|upkeep
|turn|21
|
|t:|1659402426
|move|p2a: Crawdaunt|Knock Off|p1a: Salamence
|-damage|p1a: Salamence|0 fnt
|faint|p1a: Salamence
|-damage|p2a: Crawdaunt|69/100|[from] item: Life Orb
|
|upkeep
|
|t:|1659402429
|switch|p1a: Raikou|Raikou|100/100
|turn|22
|
|t:|1659402436
|switch|p2a: Nihilego|Nihilego|100/100
|-damage|p2a: Nihilego|88/100|[from] Stealth Rock
|move|p1a: Raikou|Aura Sphere|p2a: Nihilego
|-damage|p2a: Nihilego|67/100
|
|-heal|p2a: Nihilego|73/100|[from] item: Black Sludge
|upkeep
|turn|23
|
|t:|1659402442
|move|p1a: Raikou|Volt Switch|p2a: Nihilego
|-damage|p2a: Nihilego|47/100
|
|t:|1659402445
|switch|p1a: Swampert|Swampert, F|75/100 slp|[from]move: Volt Switch
|-damage|p1a: Swampert|68/100 slp|[from] Stealth Rock
|move|p2a: Nihilego|Power Gem|p1a: Swampert
|-resisted|p1a: Swampert
|-damage|p1a: Swampert|53/100 slp
|
|-heal|p2a: Nihilego|53/100|[from] item: Black Sludge
|-heal|p1a: Swampert|59/100 slp|[from] item: Leftovers
|upkeep
|turn|24
|
|t:|1659402453
|move|p2a: Nihilego|Power Gem|p1a: Swampert
|-resisted|p1a: Swampert
|-damage|p1a: Swampert|44/100 slp
|cant|p1a: Swampert|slp
|
|-heal|p2a: Nihilego|59/100|[from] item: Black Sludge
|-heal|p1a: Swampert|50/100 slp|[from] item: Leftovers
|upkeep
|turn|25
|
|t:|1659402457
|move|p2a: Nihilego|Power Gem|p1a: Swampert
|-resisted|p1a: Swampert
|-damage|p1a: Swampert|36/100 slp
|cant|p1a: Swampert|slp
|
|-heal|p2a: Nihilego|65/100|[from] item: Black Sludge
|-heal|p1a: Swampert|42/100 slp|[from] item: Leftovers
|upkeep
|turn|26
|
|t:|1659402463
|move|p2a: Nihilego|Power Gem|p1a: Swampert
|-resisted|p1a: Swampert
|-damage|p1a: Swampert|26/100 slp
|-curestatus|p1a: Swampert|slp|[msg]
|move|p1a: Swampert|Earthquake|p2a: Nihilego
|-supereffective|p2a: Nihilego
|-damage|p2a: Nihilego|0 fnt
|faint|p2a: Nihilego
|
|-heal|p1a: Swampert|33/100|[from] item: Leftovers
|upkeep
|
|t:|1659402488
|switch|p2a: Crawdaunt|Crawdaunt, M|69/100
|-damage|p2a: Crawdaunt|56/100|[from] Stealth Rock
|turn|27
|
|t:|1659402502
|move|p2a: Crawdaunt|Knock Off|p1a: Swampert
|-damage|p1a: Swampert|0 fnt
|-enditem|p1a: Swampert|Leftovers|[from] move: Knock Off|[of] p2a: Crawdaunt
|faint|p1a: Swampert
|-damage|p2a: Crawdaunt|47/100|[from] item: Life Orb
|
|upkeep
|
|t:|1659402504
|switch|p1a: Raikou|Raikou|100/100
|turn|28
|
|t:|1659402507
|move|p2a: Crawdaunt|Aqua Jet|p1a: Raikou
|-damage|p1a: Raikou|49/100
|-damage|p2a: Crawdaunt|37/100|[from] item: Life Orb
|move|p1a: Raikou|Aura Sphere|p2a: Crawdaunt
|-supereffective|p2a: Crawdaunt
|-damage|p2a: Crawdaunt|0 fnt
|faint|p2a: Crawdaunt
|
|upkeep
|
|t:|1659402515
|switch|p2a: Diggersby|Diggersby, M|94/100
|-damage|p2a: Diggersby|88/100|[from] Stealth Rock
|turn|29
|
|t:|1659402519
|switch|p1a: Sirfetch’d|Sirfetch’d, F|12/100
|-damage|p1a: Sirfetch’d|6/100|[from] Stealth Rock
|move|p2a: Diggersby|Earthquake|p1a: Sirfetch’d
|-damage|p1a: Sirfetch’d|0 fnt
|faint|p1a: Sirfetch’d
|
|upkeep
|
|t:|1659402522
|switch|p1a: Scizor|Scizor, M|100/100
|-damage|p1a: Scizor|88/100|[from] Stealth Rock
|turn|30
|
|t:|1659402528
|switch|p2a: Cobalion|Cobalion|97/100
|-damage|p2a: Cobalion|94/100|[from] Stealth Rock
|switch|p1a: Slowbro|Slowbro-Galar, M|45/100
|-damage|p1a: Slowbro|32/100|[from] Stealth Rock
|
|upkeep
|turn|31
|
|t:|1659402534
|move|p2a: Cobalion|Iron Head|p1a: Slowbro
|-damage|p1a: Slowbro|2/100
|move|p1a: Slowbro|Future Sight|p2a: Cobalion
|-start|p1a: Slowbro|move: Future Sight
|
|upkeep
|turn|32
|
|t:|1659402544
|move|p2a: Cobalion|Close Combat|p1a: Slowbro
|-resisted|p1a: Slowbro
|-damage|p1a: Slowbro|0 fnt
|-unboost|p2a: Cobalion|def|1
|-unboost|p2a: Cobalion|spd|1
|faint|p1a: Slowbro
|
|upkeep
|
|t:|1659402546
|switch|p1a: Raikou|Raikou|49/100
|turn|33
|
|t:|1659402552
|move|p1a: Raikou|Scald|p2a: Cobalion
|-damage|p2a: Cobalion|41/100
|move|p2a: Cobalion|Close Combat|p1a: Raikou
|-damage|p1a: Raikou|0 fnt
|-unboost|p2a: Cobalion|def|1
|-unboost|p2a: Cobalion|spd|1
|faint|p1a: Raikou
|
|-end|p2a: Cobalion|move: Future Sight
|-damage|p2a: Cobalion|0 fnt
|faint|p2a: Cobalion
|upkeep
|
|t:|1659402558
|switch|p1a: Scizor|Scizor, M|88/100
|switch|p2a: Diggersby|Diggersby, M|88/100
|-damage|p2a: Diggersby|82/100|[from] Stealth Rock
|-damage|p1a: Scizor|76/100|[from] Stealth Rock
|turn|34
|
|t:|1659402564
|move|p1a: Scizor|Bullet Punch|p2a: Diggersby
|-damage|p2a: Diggersby|43/100
|move|p2a: Diggersby|Earthquake|p1a: Scizor
|-damage|p1a: Scizor|22/100
|
|upkeep
|turn|35
|
|t:|1659402568
|move|p1a: Scizor|Bullet Punch|p2a: Diggersby
|-damage|p2a: Diggersby|0 fnt
|faint|p2a: Diggersby
|
|win|Permission Slip
|raw|Permission Slip's rating: 1460 &rarr; <strong>1474</strong><br />(+14 for winning)
|raw|skierdude101's rating: 1359 &rarr; <strong>1345</strong><br />(-14 for losing)
|c|☆skierdude101|lol
|c|☆Permission Slip|gg
|c|☆skierdude101|no
|c|☆Permission Slip|??
|c|☆Permission Slip|i got min then max
|c|☆Permission Slip|seems fair
|l|☆skierdude101
||Ladder isn't responding, score probably updated but might not have (Request timeout).
