|j|☆Mister Magnus
|j|☆esqimo589
|t:|1662417564
|gametype|singles
|player|p1|Mister Magnus|gentleman-gen4|1189
|player|p2|esqimo589|n|1360
|teamsize|p1|6
|teamsize|p2|6
|gen|8
|tier|[Gen 8] UU
|rated|
|rule|Sleep Clause Mod: Limit one foe put to sleep
|rule|Species Clause: Limit one of each Pokémon
|rule|OHKO Clause: OHKO moves are banned
|rule|Evasion Items Clause: Evasion items are banned
|rule|Evasion Moves Clause: Evasion moves are banned
|rule|Endless Battle Clause: Forcing endless battles is banned
|rule|HP Percentage Mod: HP is shown in percentages
|rule|Dynamax Clause: You cannot dynamax
|clearpoke
|poke|p1|Chansey, F|
|poke|p1|Quagsire, M|
|poke|p1|Umbreon, F|
|poke|p1|Salamence, M|
|poke|p1|Nihilego|
|poke|p1|Tangrowth, M|
|poke|p2|Toxtricity, F|
|poke|p2|Cobalion|
|poke|p2|Zarude-Dada|
|poke|p2|Azelf|
|poke|p2|Diggersby, M|
|poke|p2|Rotom-Wash|
|teampreview
|inactive|Battle timer is ON: inactive players will automatically lose when time's up. (requested by esqimo589)
|c|☆esqimo589|that looks fun
|inactive|Mister Magnus has 120 seconds left.
|
|t:|1662417594
|start
|switch|p1a: Chansey|Chansey, F|100/100
|switch|p2a: goat|Cobalion|100/100
|turn|1
|
|t:|1662417603
|switch|p1a: Salamence|Salamence, M|100/100
|-ability|p1a: Salamence|Intimidate|boost
|-unboost|p2a: goat|atk|1
|move|p2a: goat|Stealth Rock|p1a: Salamence
|-sidestart|p1: Mister Magnus|move: Stealth Rock
|
|upkeep
|turn|2
|
|t:|1662417610
|switch|p2a: washing machine|Rotom-Wash|100/100
|move|p1a: Salamence|Defog|p2a: washing machine
|-unboost|p2a: washing machine|evasion|1
|-sideend|p1: Mister Magnus|Stealth Rock|[from] move: Defog|[of] p1a: Salamence
|
|upkeep
|turn|3
|
|t:|1662417617
|switch|p1a: Tangrowth|Tangrowth, M|100/100
|move|p2a: washing machine|Volt Switch|p1a: Tangrowth
|-resisted|p1a: Tangrowth
|-damage|p1a: Tangrowth|83/100
|
|t:|1662417632
|switch|p2a: in luv w/ emo girl|Toxtricity, F|100/100|[from]move: Volt Switch
|
|upkeep
|turn|4
|
|t:|1662417638
|switch|p1a: Chansey|Chansey, F|100/100
|move|p2a: in luv w/ emo girl|Volt Switch|p1a: Chansey
|-damage|p1a: Chansey|89/100
|
|t:|1662417643
|switch|p2a: goat|Cobalion|100/100|[from]move: Volt Switch
|
|upkeep
|turn|5
|
|t:|1662417647
|switch|p1a: Salamence|Salamence, M|100/100
|-ability|p1a: Salamence|Intimidate|boost
|-unboost|p2a: goat|atk|1
|move|p2a: goat|Stealth Rock|p1a: Salamence
|-sidestart|p1: Mister Magnus|move: Stealth Rock
|
|upkeep
|turn|6
|
|t:|1662417653
|switch|p2a: washing machine|Rotom-Wash|100/100
|move|p1a: Salamence|Defog|p2a: washing machine
|-unboost|p2a: washing machine|evasion|1
|-sideend|p1: Mister Magnus|Stealth Rock|[from] move: Defog|[of] p1a: Salamence
|
|upkeep
|turn|7
|
|t:|1662417663
|switch|p1a: Chansey|Chansey, F|89/100
|switch|p2a: funne monke|Zarude-Dada|100/100
|
|upkeep
|turn|8
|
|t:|1662417669
|switch|p1a: Tangrowth|Tangrowth, M|100/100
|move|p2a: funne monke|U-turn|p1a: Tangrowth
|-supereffective|p1a: Tangrowth
|-damage|p1a: Tangrowth|77/100
|-damage|p2a: funne monke|84/100|[from] item: Rocky Helmet|[of] p1a: Tangrowth
|
|t:|1662417679
|switch|p2a: us|Azelf|100/100|[from]move: U-turn
|
|upkeep
|turn|9
|
|t:|1662417685
|switch|p1a: Umbreon|Umbreon, F|100/100
|move|p2a: us|Knock Off|p1a: Umbreon
|-resisted|p1a: Umbreon
|-damage|p1a: Umbreon|93/100
|-enditem|p1a: Umbreon|Leftovers|[from] move: Knock Off|[of] p2a: us
|
|upkeep
|turn|10
|
|t:|1662417691
|move|p2a: us|U-turn|p1a: Umbreon
|-supereffective|p1a: Umbreon
|-damage|p1a: Umbreon|68/100
|
|t:|1662417693
|switch|p2a: goat|Cobalion|100/100|[from]move: U-turn
|move|p1a: Umbreon|Wish|p1a: Umbreon
|
|upkeep
|turn|11
|
|t:|1662417696
|switch|p1a: Salamence|Salamence, M|100/100
|-ability|p1a: Salamence|Intimidate|boost
|-unboost|p2a: goat|atk|1
|move|p2a: goat|Stealth Rock|p1a: Salamence
|-sidestart|p1: Mister Magnus|move: Stealth Rock
|
|upkeep
|turn|12
|
|t:|1662417701
|switch|p2a: washing machine|Rotom-Wash|100/100
|move|p1a: Salamence|Defog|p2a: washing machine
|-unboost|p2a: washing machine|evasion|1
|-sideend|p1: Mister Magnus|Stealth Rock|[from] move: Defog|[of] p1a: Salamence
|
|upkeep
|turn|13
|inactive|esqimo589 has 120 seconds left.
|
|t:|1662417733
|switch|p1a: Tangrowth|Tangrowth, M|100/100
|move|p2a: washing machine|Volt Switch|p1a: Tangrowth
|-resisted|p1a: Tangrowth
|-damage|p1a: Tangrowth|81/100
|inactive|esqimo589 has 120 seconds left.
|
|t:|1662417742
|switch|p2a: us|Azelf|100/100|[from]move: Volt Switch
|
|upkeep
|turn|14
|
|t:|1662417748
|move|p2a: us|U-turn|p1a: Tangrowth
|-supereffective|p1a: Tangrowth
|-damage|p1a: Tangrowth|61/100
|-damage|p2a: us|84/100|[from] item: Rocky Helmet|[of] p1a: Tangrowth
|
|t:|1662417754
|switch|p2a: goat|Cobalion|100/100|[from]move: U-turn
|move|p1a: Tangrowth|Knock Off|p2a: goat
|-resisted|p2a: goat
|-damage|p2a: goat|92/100
|-damage|p1a: Tangrowth|45/100|[from] item: Rocky Helmet|[of] p2a: goat
|-ability|p2a: goat|Justified|boost
|-boost|p2a: goat|atk|1
|-enditem|p2a: goat|Rocky Helmet|[from] move: Knock Off|[of] p1a: Tangrowth
|
|upkeep
|turn|15
|
|t:|1662417762
|switch|p1a: Salamence|Salamence, M|100/100
|-ability|p1a: Salamence|Intimidate|boost
|-unboost|p2a: goat|atk|1
|move|p2a: goat|Stone Edge|p1a: Salamence|[miss]
|-miss|p2a: goat|p1a: Salamence
|
|upkeep
|turn|16
|
|t:|1662417771
|move|p2a: goat|Volt Switch|p1a: Salamence
|-damage|p1a: Salamence|88/100
|
|t:|1662417774
|switch|p2a: washing machine|Rotom-Wash|100/100|[from]move: Volt Switch
|move|p1a: Salamence|Hurricane|p2a: washing machine
|-resisted|p2a: washing machine
|-damage|p2a: washing machine|77/100
|
|-heal|p2a: washing machine|83/100|[from] item: Leftovers
|upkeep
|turn|17
|
|t:|1662417782
|switch|p1a: Tangrowth|Tangrowth, M|78/100
|move|p2a: washing machine|Volt Switch|p1a: Tangrowth
|-resisted|p1a: Tangrowth
|-damage|p1a: Tangrowth|59/100
|
|t:|1662417801
|switch|p2a: us|Azelf|84/100|[from]move: Volt Switch
|
|upkeep
|turn|18
|
|t:|1662417805
|switch|p1a: Umbreon|Umbreon, F|68/100
|move|p2a: us|U-turn|p1a: Umbreon
|-supereffective|p1a: Umbreon
|-damage|p1a: Umbreon|43/100
|
|t:|1662417821
|switch|p2a: big chungus|Diggersby, M|100/100|[from]move: U-turn
|
|upkeep
|turn|19
|
|t:|1662417825
|move|p1a: Umbreon|Protect|p1a: Umbreon
|-singleturn|p1a: Umbreon|Protect
|move|p2a: big chungus|U-turn|p1a: Umbreon
|-activate|p1a: Umbreon|move: Protect
|
|upkeep
|turn|20
|
|t:|1662417833
|switch|p1a: Nihilego|Nihilego|100/100
|move|p2a: big chungus|U-turn|p1a: Nihilego
|-resisted|p1a: Nihilego
|-damage|p1a: Nihilego|74/100
|
|t:|1662417846
|switch|p2a: goat|Cobalion|92/100|[from]move: U-turn
|
|-heal|p1a: Nihilego|80/100|[from] item: Black Sludge
|upkeep
|turn|21
|
|t:|1662417852
|move|p2a: goat|Volt Switch|p1a: Nihilego
|-damage|p1a: Nihilego|70/100
|
|t:|1662417855
|switch|p2a: big chungus|Diggersby, M|100/100|[from]move: Volt Switch
|move|p1a: Nihilego|Stealth Rock|p2a: big chungus
|-sidestart|p2: esqimo589|move: Stealth Rock
|
|-heal|p1a: Nihilego|76/100|[from] item: Black Sludge
|upkeep
|turn|22
|
|t:|1662417860
|switch|p1a: Quagsire|Quagsire, M|100/100
|move|p2a: big chungus|U-turn|p1a: Quagsire
|-damage|p1a: Quagsire|80/100
|
|t:|1662417863
|switch|p2a: washing machine|Rotom-Wash|83/100|[from]move: U-turn
|-damage|p2a: washing machine|71/100|[from] Stealth Rock
|
|-heal|p2a: washing machine|77/100|[from] item: Leftovers
|-heal|p1a: Quagsire|86/100|[from] item: Leftovers
|upkeep
|turn|23
|
|t:|1662417866
|move|p2a: washing machine|Defog|p1a: Quagsire
|-unboost|p1a: Quagsire|evasion|1
|-sideend|p2: esqimo589|Stealth Rock|[from] move: Defog|[of] p2a: washing machine
|move|p1a: Quagsire|Toxic|p2a: washing machine
|-status|p2a: washing machine|tox
|
|-heal|p2a: washing machine|83/100 tox|[from] item: Leftovers
|-heal|p1a: Quagsire|92/100|[from] item: Leftovers
|-damage|p2a: washing machine|77/100 tox|[from] psn
|upkeep
|turn|24
|
|t:|1662417873
|switch|p2a: funne monke|Zarude-Dada|84/100
|move|p1a: Quagsire|Recover|p1a: Quagsire
|-heal|p1a: Quagsire|100/100
|
|upkeep
|turn|25
|
|t:|1662417877
|switch|p1a: Tangrowth|Tangrowth, M|92/100
|move|p2a: funne monke|U-turn|p1a: Tangrowth
|-supereffective|p1a: Tangrowth
|-damage|p1a: Tangrowth|66/100
|-damage|p2a: funne monke|67/100|[from] item: Rocky Helmet|[of] p1a: Tangrowth
|
|t:|1662417883
|switch|p2a: us|Azelf|84/100|[from]move: U-turn
|
|upkeep
|turn|26
|
|t:|1662417887
|move|p2a: us|Knock Off|p1a: Tangrowth
|-damage|p1a: Tangrowth|51/100
|-damage|p2a: us|68/100|[from] item: Rocky Helmet|[of] p1a: Tangrowth
|-enditem|p1a: Tangrowth|Rocky Helmet|[from] move: Knock Off|[of] p2a: us
|move|p1a: Tangrowth|Knock Off|p2a: us
|-supereffective|p2a: us
|-damage|p2a: us|0 fnt
|-enditem|p2a: us|Heavy-Duty Boots|[from] move: Knock Off|[of] p1a: Tangrowth
|faint|p2a: us
|
|upkeep
|
|t:|1662417893
|switch|p2a: in luv w/ emo girl|Toxtricity, F|100/100
|turn|27
|
|t:|1662417898
|switch|p1a: Chansey|Chansey, F|89/100
|move|p2a: in luv w/ emo girl|Volt Switch|p1a: Chansey
|-damage|p1a: Chansey|78/100
|
|t:|1662417901
|switch|p2a: goat|Cobalion|92/100|[from]move: Volt Switch
|
|upkeep
|turn|28
|
|t:|1662417905
|switch|p1a: Salamence|Salamence, M|88/100
|-ability|p1a: Salamence|Intimidate|boost
|-unboost|p2a: goat|atk|1
|move|p2a: goat|Stone Edge|p1a: Salamence
|-supereffective|p1a: Salamence
|-damage|p1a: Salamence|52/100
|
|upkeep
|turn|29
|
|t:|1662417914
|move|p2a: goat|Volt Switch|p1a: Salamence
|-damage|p1a: Salamence|38/100
|
|t:|1662417919
|switch|p2a: in luv w/ emo girl|Toxtricity, F|100/100|[from]move: Volt Switch
|move|p1a: Salamence|Roost|p1a: Salamence
|-heal|p1a: Salamence|88/100
|-singleturn|p1a: Salamence|move: Roost
|
|upkeep
|turn|30
|
|t:|1662417923
|switch|p1a: Quagsire|Quagsire, M|100/100
|move|p2a: in luv w/ emo girl|Boomburst|p1a: Quagsire
|-crit|p1a: Quagsire
|-damage|p1a: Quagsire|0 fnt
|faint|p1a: Quagsire
|
|upkeep
|
|t:|1662417928
|switch|p1a: Nihilego|Nihilego|76/100
|turn|31
|
|t:|1662417931
|switch|p2a: big chungus|Diggersby, M|100/100
|move|p1a: Nihilego|Stealth Rock|p2a: big chungus
|-sidestart|p2: esqimo589|move: Stealth Rock
|
|-heal|p1a: Nihilego|82/100|[from] item: Black Sludge
|upkeep
|turn|32
|
|t:|1662417937
|move|p2a: big chungus|Body Slam|p1a: Nihilego
|-resisted|p1a: Nihilego
|-damage|p1a: Nihilego|40/100
|-status|p1a: Nihilego|par
|move|p1a: Nihilego|Knock Off|p2a: big chungus
|-damage|p2a: big chungus|84/100
|-enditem|p2a: big chungus|Choice Scarf|[from] move: Knock Off|[of] p1a: Nihilego
|
|-heal|p1a: Nihilego|46/100 par|[from] item: Black Sludge
|upkeep
|turn|33
|
|t:|1662417946
|switch|p1a: Umbreon|Umbreon, F|43/100
|move|p2a: big chungus|Body Slam|p1a: Umbreon
|-damage|p1a: Umbreon|12/100
|-status|p1a: Umbreon|par
|-activate|p1a: Umbreon|ability: Synchronize
|-status|p2a: big chungus|par
|
|upkeep
|turn|34
|
|t:|1662417951
|cant|p2a: big chungus|par
|cant|p1a: Umbreon|par
|
|upkeep
|turn|35
|c|☆Mister Magnus|lol
|c|☆Mister Magnus|worked
|
|t:|1662417958
|move|p2a: big chungus|Body Slam|p1a: Umbreon
|-damage|p1a: Umbreon|0 fnt
|faint|p1a: Umbreon
|
|upkeep
|c|☆esqimo589|fuck body slam para
|c|☆esqimo589|i didnt want that
|c|☆esqimo589|:(
|
|t:|1662417967
|switch|p1a: Tangrowth|Tangrowth, M|84/100
|turn|36
|
|t:|1662417975
|switch|p2a: goat|Cobalion|92/100
|-damage|p2a: goat|89/100|[from] Stealth Rock
|move|p1a: Tangrowth|Giga Drain|p2a: goat
|-resisted|p2a: goat
|-damage|p2a: goat|69/100
|-heal|p1a: Tangrowth|92/100|[from] drain|[of] p2a: goat
|
|upkeep
|turn|37
|
|t:|1662417980
|switch|p1a: Salamence|Salamence, M|88/100
|-ability|p1a: Salamence|Intimidate|boost
|-unboost|p2a: goat|atk|1
|move|p2a: goat|Stealth Rock|p1a: Salamence
|-sidestart|p1: Mister Magnus|move: Stealth Rock
|
|upkeep
|turn|38
|
|t:|1662417987
|move|p2a: goat|Volt Switch|p1a: Salamence
|-crit|p1a: Salamence
|-damage|p1a: Salamence|66/100
|
|t:|1662417989
|switch|p2a: washing machine|Rotom-Wash|77/100 tox|[from]move: Volt Switch
|-damage|p2a: washing machine|64/100 tox|[from] Stealth Rock
|move|p1a: Salamence|Flamethrower|p2a: washing machine
|-resisted|p2a: washing machine
|-damage|p2a: washing machine|53/100 tox
|
|-heal|p2a: washing machine|60/100 tox|[from] item: Leftovers
|-damage|p2a: washing machine|53/100 tox|[from] psn
|upkeep
|turn|39
|
|t:|1662417995
|move|p1a: Salamence|Roost|p1a: Salamence
|-heal|p1a: Salamence|100/100
|-singleturn|p1a: Salamence|move: Roost
|move|p2a: washing machine|Pain Split|p1a: Salamence
|-sethp|p1a: Salamence|71/100|[from] move: Pain Split|[silent]
|-sethp|p2a: washing machine|92/100 tox|[from] move: Pain Split
|
|-heal|p2a: washing machine|98/100 tox|[from] item: Leftovers
|-damage|p2a: washing machine|85/100 tox|[from] psn
|upkeep
|turn|40
|
|t:|1662418001
|move|p1a: Salamence|Defog|p2a: washing machine
|-unboost|p2a: washing machine|evasion|1
|-sideend|p2: esqimo589|Stealth Rock|[from] move: Defog|[of] p1a: Salamence
|-sideend|p1: Mister Magnus|Stealth Rock|[from] move: Defog|[of] p1a: Salamence
|move|p2a: washing machine|Defog|p1a: Salamence
|-unboost|p1a: Salamence|evasion|1
|
|-heal|p2a: washing machine|92/100 tox|[from] item: Leftovers
|-damage|p2a: washing machine|73/100 tox|[from] psn
|upkeep
|turn|41
|
|t:|1662418009
|move|p1a: Salamence|Roost|p1a: Salamence
|-heal|p1a: Salamence|100/100
|-singleturn|p1a: Salamence|move: Roost
|move|p2a: washing machine|Volt Switch|p1a: Salamence
|-resisted|p1a: Salamence
|-damage|p1a: Salamence|88/100
|
|t:|1662418017
|switch|p2a: in luv w/ emo girl|Toxtricity, F|100/100|[from]move: Volt Switch
|
|upkeep
|turn|42
|
|t:|1662418022
|switch|p1a: Chansey|Chansey, F|78/100
|move|p2a: in luv w/ emo girl|Volt Switch|p1a: Chansey
|-damage|p1a: Chansey|67/100
|
|t:|1662418029
|switch|p2a: goat|Cobalion|69/100|[from]move: Volt Switch
|
|upkeep
|turn|43
|
|t:|1662418038
|switch|p1a: Salamence|Salamence, M|88/100
|-ability|p1a: Salamence|Intimidate|boost
|-unboost|p2a: goat|atk|1
|move|p2a: goat|Volt Switch|p1a: Salamence
|-damage|p1a: Salamence|72/100
|
|t:|1662418048
|switch|p2a: in luv w/ emo girl|Toxtricity, F|100/100|[from]move: Volt Switch
|
|upkeep
|turn|44
|
|t:|1662418053
|switch|p1a: Tangrowth|Tangrowth, M|100/100
|move|p2a: in luv w/ emo girl|Volt Switch|p1a: Tangrowth
|-resisted|p1a: Tangrowth
|-damage|p1a: Tangrowth|72/100
|
|t:|1662418064
|switch|p2a: goat|Cobalion|69/100|[from]move: Volt Switch
|
|upkeep
|turn|45
|
|t:|1662418068
|move|p2a: goat|Stealth Rock|p1a: Tangrowth
|-sidestart|p1: Mister Magnus|move: Stealth Rock
|move|p1a: Tangrowth|Giga Drain|p2a: goat
|-resisted|p2a: goat
|-damage|p2a: goat|48/100
|-heal|p1a: Tangrowth|81/100|[from] drain|[of] p2a: goat
|
|upkeep
|turn|46
|
|t:|1662418072
|move|p2a: goat|Close Combat|p1a: Tangrowth
|-damage|p1a: Tangrowth|54/100
|-unboost|p2a: goat|def|1
|-unboost|p2a: goat|spd|1
|move|p1a: Tangrowth|Knock Off|p2a: goat
|-resisted|p2a: goat
|-damage|p2a: goat|39/100
|-ability|p2a: goat|Justified|boost
|-boost|p2a: goat|atk|1
|
|upkeep
|turn|47
|
|t:|1662418079
|move|p2a: goat|Volt Switch|p1a: Tangrowth
|-resisted|p1a: Tangrowth
|-damage|p1a: Tangrowth|44/100
|
|t:|1662418082
|switch|p2a: in luv w/ emo girl|Toxtricity, F|100/100|[from]move: Volt Switch
|move|p1a: Tangrowth|Giga Drain|p2a: in luv w/ emo girl
|-resisted|p2a: in luv w/ emo girl
|-damage|p2a: in luv w/ emo girl|80/100
|-heal|p1a: Tangrowth|51/100|[from] drain|[of] p2a: in luv w/ emo girl
|
|upkeep
|turn|48
|
|t:|1662418087
|switch|p1a: Nihilego|Nihilego|46/100 par
|-damage|p1a: Nihilego|34/100 par|[from] Stealth Rock
|move|p2a: in luv w/ emo girl|Sludge Wave|p1a: Nihilego
|-resisted|p1a: Nihilego
|-damage|p1a: Nihilego|25/100 par
|
|-heal|p1a: Nihilego|31/100 par|[from] item: Black Sludge
|upkeep
|turn|49
|
|t:|1662418093
|switch|p2a: big chungus|Diggersby, M|84/100 par
|cant|p1a: Nihilego|par
|
|-heal|p1a: Nihilego|37/100 par|[from] item: Black Sludge
|upkeep
|turn|50
|
|t:|1662418097
|cant|p1a: Nihilego|par
|move|p2a: big chungus|U-turn|p1a: Nihilego
|-resisted|p1a: Nihilego
|-damage|p1a: Nihilego|10/100 par
|c|☆Mister Magnus|lol
|
|t:|1662418101
|switch|p2a: funne monke|Zarude-Dada|67/100|[from]move: U-turn
|
|-heal|p1a: Nihilego|17/100 par|[from] item: Black Sludge
|upkeep
|turn|51
|c|☆esqimo589|mhm
|
|t:|1662418108
|move|p2a: funne monke|U-turn|p1a: Nihilego
|-resisted|p1a: Nihilego
|-crit|p1a: Nihilego
|-damage|p1a: Nihilego|0 fnt
|faint|p1a: Nihilego
|
|t:|1662418114
|switch|p2a: goat|Cobalion|39/100|[from]move: U-turn
|
|upkeep
|
|t:|1662418118
|switch|p1a: Tangrowth|Tangrowth, M|84/100
|-damage|p1a: Tangrowth|72/100|[from] Stealth Rock
|turn|52
|
|t:|1662418120
|move|p2a: goat|Volt Switch|p1a: Tangrowth
|-resisted|p1a: Tangrowth
|-damage|p1a: Tangrowth|62/100
|
|t:|1662418122
|switch|p2a: in luv w/ emo girl|Toxtricity, F|80/100|[from]move: Volt Switch
|move|p1a: Tangrowth|Giga Drain|p2a: in luv w/ emo girl
|-resisted|p2a: in luv w/ emo girl
|-damage|p2a: in luv w/ emo girl|58/100
|-heal|p1a: Tangrowth|70/100|[from] drain|[of] p2a: in luv w/ emo girl
|
|upkeep
|turn|53
|
|t:|1662418128
|move|p2a: in luv w/ emo girl|Volt Switch|p1a: Tangrowth
|-resisted|p1a: Tangrowth
|-damage|p1a: Tangrowth|43/100
|
|t:|1662418131
|switch|p2a: big chungus|Diggersby, M|84/100 par|[from]move: Volt Switch
|move|p1a: Tangrowth|Knock Off|p2a: big chungus
|-damage|p2a: big chungus|63/100 par
|
|upkeep
|turn|54
|
|t:|1662418137
|move|p2a: big chungus|U-turn|p1a: Tangrowth
|-supereffective|p1a: Tangrowth
|-damage|p1a: Tangrowth|14/100
|
|t:|1662418140
|switch|p2a: in luv w/ emo girl|Toxtricity, F|58/100|[from]move: U-turn
|move|p1a: Tangrowth|Synthesis|p1a: Tangrowth
|-heal|p1a: Tangrowth|64/100
|
|upkeep
|turn|55
|
|t:|1662418144
|switch|p1a: Chansey|Chansey, F|67/100
|-damage|p1a: Chansey|54/100|[from] Stealth Rock
|move|p2a: in luv w/ emo girl|Volt Switch|p1a: Chansey
|-damage|p1a: Chansey|43/100
|
|t:|1662418155
|switch|p2a: goat|Cobalion|39/100|[from]move: Volt Switch
|
|upkeep
|turn|56
|
|t:|1662418159
|move|p2a: goat|Close Combat|p1a: Chansey
|-supereffective|p1a: Chansey
|-damage|p1a: Chansey|0 fnt
|-unboost|p2a: goat|def|1
|-unboost|p2a: goat|spd|1
|faint|p1a: Chansey
|
|upkeep
|
|t:|1662418162
|switch|p1a: Salamence|Salamence, M|72/100
|-ability|p1a: Salamence|Intimidate|boost
|-unboost|p2a: goat|atk|1
|turn|57
|
|t:|1662418166
|switch|p2a: washing machine|Rotom-Wash|73/100 tox
|move|p1a: Salamence|Defog|p2a: washing machine
|-unboost|p2a: washing machine|evasion|1
|-sideend|p1: Mister Magnus|Stealth Rock|[from] move: Defog|[of] p1a: Salamence
|
|-heal|p2a: washing machine|79/100 tox|[from] item: Leftovers
|-damage|p2a: washing machine|73/100 tox|[from] psn
|upkeep
|turn|58
|
|t:|1662418168
|move|p1a: Salamence|Hurricane|p2a: washing machine
|-resisted|p2a: washing machine
|-damage|p2a: washing machine|51/100 tox
|move|p2a: washing machine|Volt Switch|p1a: Salamence
|-damage|p1a: Salamence|45/100
|
|t:|1662418173
|switch|p2a: goat|Cobalion|39/100|[from]move: Volt Switch
|
|upkeep
|turn|59
|
|t:|1662418177
|move|p2a: goat|Volt Switch|p1a: Salamence
|-damage|p1a: Salamence|32/100
|
|t:|1662418179
|switch|p2a: in luv w/ emo girl|Toxtricity, F|58/100|[from]move: Volt Switch
|move|p1a: Salamence|Roost|p1a: Salamence
|-heal|p1a: Salamence|82/100
|-singleturn|p1a: Salamence|move: Roost
|
|upkeep
|turn|60
|
|t:|1662418184
|move|p2a: in luv w/ emo girl|Boomburst|p1a: Salamence
|-damage|p1a: Salamence|20/100
|move|p1a: Salamence|Roost|p1a: Salamence
|-heal|p1a: Salamence|70/100
|-singleturn|p1a: Salamence|move: Roost
|
|upkeep
|turn|61
|
|t:|1662418188
|move|p2a: in luv w/ emo girl|Boomburst|p1a: Salamence
|-damage|p1a: Salamence|9/100
|move|p1a: Salamence|Flamethrower|p2a: in luv w/ emo girl
|-damage|p2a: in luv w/ emo girl|23/100
|
|upkeep
|turn|62
|c|☆esqimo589|gg
|
|t:|1662418194
|move|p2a: in luv w/ emo girl|Boomburst|p1a: Salamence
|-damage|p1a: Salamence|0 fnt
|faint|p1a: Salamence
|
|upkeep
|
|t:|1662418195
|switch|p1a: Tangrowth|Tangrowth, M|97/100
|turn|63
|
|t:|1662418198
|move|p2a: in luv w/ emo girl|Boomburst|p1a: Tangrowth
|-damage|p1a: Tangrowth|12/100
|move|p1a: Tangrowth|Giga Drain|p2a: in luv w/ emo girl
|-resisted|p2a: in luv w/ emo girl
|-damage|p2a: in luv w/ emo girl|2/100
|-heal|p1a: Tangrowth|20/100|[from] drain|[of] p2a: in luv w/ emo girl
|
|upkeep
|turn|64
|
|t:|1662418200
|move|p2a: in luv w/ emo girl|Boomburst|p1a: Tangrowth
|-damage|p1a: Tangrowth|0 fnt
|faint|p1a: Tangrowth
|
|win|esqimo589
|raw|Mister Magnus's rating: 1189 &rarr; <strong>1175</strong><br />(-14 for losing)
|raw|esqimo589's rating: 1360 &rarr; <strong>1371</strong><br />(+11 for winning)
|l|☆Mister Magnus
||Ladder isn't responding, score probably updated but might not have (Request timeout).
