|html|<div class="broadcast-blue"><strong>[Gen 8] UU is currently suspecting Scizor! For information on how to participate check out the <a href="https://www.smogon.com/forums/threads/ss-uu-stage-12-2-spider-dance.3704866/">suspect thread</a>.</strong></div>
|j|☆Corporate Donkey
|j|☆exoclic
|t:|1658689697
|gametype|singles
|player|p1|Corporate Donkey|ingo|1316
|player|p2|exoclic|nanu|1323
|teamsize|p1|6
|teamsize|p2|6
|gen|8
|tier|[Gen 8] UU
|rated|
|rule|Sleep Clause Mod: Limit one foe put to sleep
|rule|Species Clause: Limit one of each Pokémon
|rule|OHKO Clause: OHKO moves are banned
|rule|Evasion Moves Clause: Evasion moves are banned
|rule|Endless Battle Clause: Forcing endless battles is banned
|rule|HP Percentage Mod: HP is shown in percentages
|rule|Dynamax Clause: You cannot dynamax
|clearpoke
|poke|p1|Nihilego|
|poke|p1|Salamence, M|
|poke|p1|Diggersby, M|
|poke|p1|Cobalion|
|poke|p1|Decidueye, M|
|poke|p1|Primarina, M|
|poke|p2|Nihilego|
|poke|p2|Thundurus-Therian, M|
|poke|p2|Tentacruel, F|
|poke|p2|Hippowdon, F|
|poke|p2|Zarude-Dada|
|poke|p2|Cobalion|
|teampreview
|c|☆Corporate Donkey|gl hf
|
|t:|1658689723
|start
|switch|p1a: Diggersby|Diggersby, M|100/100
|switch|p2a: Thundurus|Thundurus-Therian, M|100/100
|turn|1
|
|t:|1658689740
|switch|p2a: Hippowdon|Hippowdon, F|100/100
|-weather|Sandstorm|[from] ability: Sand Stream|[of] p2a: Hippowdon
|move|p1a: Diggersby|Body Slam|p2a: Hippowdon
|-damage|p2a: Hippowdon|67/100
|
|-weather|Sandstorm|[upkeep]
|-heal|p2a: Hippowdon|73/100|[from] item: Leftovers
|upkeep
|turn|2
|
|t:|1658689746
|switch|p1a: Decidueye|Decidueye, M|100/100
|move|p2a: Hippowdon|Stealth Rock|p1a: Decidueye
|-sidestart|p1: Corporate Donkey|move: Stealth Rock
|
|-weather|Sandstorm|[upkeep]
|-damage|p1a: Decidueye|94/100|[from] Sandstorm
|-heal|p2a: Hippowdon|79/100|[from] item: Leftovers
|upkeep
|turn|3
|
|t:|1658689777
|switch|p2a: Zarude|Zarude-Dada|100/100
|move|p1a: Decidueye|U-turn|p2a: Zarude
|-supereffective|p2a: Zarude
|-damage|p2a: Zarude|40/100
|
|t:|1658689784
|switch|p1a: Diggersby|Diggersby, M|100/100|[from]move: U-turn
|-damage|p1a: Diggersby|94/100|[from] Stealth Rock
|
|-weather|Sandstorm|[upkeep]
|-damage|p2a: Zarude|34/100|[from] Sandstorm
|upkeep
|turn|4
|
|t:|1658689800
|move|p1a: Diggersby|U-turn|p2a: Zarude
|-supereffective|p2a: Zarude
|-damage|p2a: Zarude|0 fnt
|faint|p2a: Zarude
|
|t:|1658689812
|switch|p1a: Decidueye|Decidueye, M|94/100|[from]move: U-turn
|-damage|p1a: Decidueye|82/100|[from] Stealth Rock
|
|-weather|Sandstorm|[upkeep]
|-damage|p1a: Decidueye|76/100|[from] Sandstorm
|upkeep
|
|t:|1658689823
|switch|p2a: Tentacruel|Tentacruel, F|100/100
|turn|5
|
|t:|1658689826
|move|p2a: Tentacruel|Sludge Bomb|p1a: Decidueye
|-damage|p1a: Decidueye|45/100
|move|p1a: Decidueye|Leaf Storm|p2a: Tentacruel
|-damage|p2a: Tentacruel|32/100
|-unboost|p1a: Decidueye|spa|2
|
|-weather|none
|-heal|p2a: Tentacruel|38/100|[from] item: Black Sludge
|upkeep
|turn|6
|
|t:|1658689852
|switch|p1a: Salamence|Salamence, M|100/100
|-ability|p1a: Salamence|Intimidate|boost
|-unboost|p2a: Tentacruel|atk|1
|move|p2a: Tentacruel|Scald|p1a: Salamence
|-resisted|p1a: Salamence
|-damage|p1a: Salamence|89/100
|
|-heal|p2a: Tentacruel|44/100|[from] item: Black Sludge
|upkeep
|turn|7
|
|t:|1658689862
|switch|p2a: Hippowdon|Hippowdon, F|79/100
|-weather|Sandstorm|[from] ability: Sand Stream|[of] p2a: Hippowdon
|move|p1a: Salamence|Defog|p2a: Hippowdon
|-unboost|p2a: Hippowdon|evasion|1
|-sideend|p1: Corporate Donkey|Stealth Rock|[from] move: Defog|[of] p1a: Salamence
|
|-weather|Sandstorm|[upkeep]
|-damage|p1a: Salamence|83/100|[from] Sandstorm
|-heal|p2a: Hippowdon|85/100|[from] item: Leftovers
|upkeep
|turn|8
|
|t:|1658689878
|switch|p1a: Decidueye|Decidueye, M|45/100
|move|p2a: Hippowdon|Stealth Rock|p1a: Decidueye
|-sidestart|p1: Corporate Donkey|move: Stealth Rock
|
|-weather|Sandstorm|[upkeep]
|-damage|p1a: Decidueye|39/100|[from] Sandstorm
|-heal|p2a: Hippowdon|91/100|[from] item: Leftovers
|upkeep
|turn|9
|inactive|Battle timer is ON: inactive players will automatically lose when time's up. (requested by exoclic)
|
|t:|1658689885
|switch|p2a: Cobalion|Cobalion|100/100
|move|p1a: Decidueye|U-turn|p2a: Cobalion
|-resisted|p2a: Cobalion
|-damage|p2a: Cobalion|97/100
|
|t:|1658689890
|switch|p1a: Salamence|Salamence, M|83/100|[from]move: U-turn
|-ability|p1a: Salamence|Intimidate|boost
|-unboost|p2a: Cobalion|atk|1
|
|-weather|Sandstorm|[upkeep]
|-damage|p1a: Salamence|77/100|[from] Sandstorm
|-heal|p2a: Cobalion|100/100|[from] item: Leftovers
|upkeep
|turn|10
|
|t:|1658689897
|move|p2a: Cobalion|Stone Edge|p1a: Salamence
|-supereffective|p1a: Salamence
|-damage|p1a: Salamence|44/100
|move|p1a: Salamence|Defog|p2a: Cobalion
|-unboost|p2a: Cobalion|evasion|1
|-sideend|p1: Corporate Donkey|Stealth Rock|[from] move: Defog|[of] p1a: Salamence
|
|-weather|Sandstorm|[upkeep]
|-damage|p1a: Salamence|37/100|[from] Sandstorm
|upkeep
|turn|11
|
|t:|1658689902
|switch|p2a: Hippowdon|Hippowdon, F|91/100
|move|p1a: Salamence|Roost|p1a: Salamence
|-heal|p1a: Salamence|88/100
|-singleturn|p1a: Salamence|move: Roost
|
|-weather|none
|-heal|p2a: Hippowdon|98/100|[from] item: Leftovers
|upkeep
|turn|12
|
|t:|1658689909
|switch|p1a: Decidueye|Decidueye, M|39/100
|move|p2a: Hippowdon|Stealth Rock|p1a: Decidueye
|-sidestart|p1: Corporate Donkey|move: Stealth Rock
|
|-heal|p2a: Hippowdon|100/100|[from] item: Leftovers
|upkeep
|turn|13
|
|t:|1658689915
|switch|p2a: Cobalion|Cobalion|100/100
|move|p1a: Decidueye|Shadow Ball|p2a: Cobalion
|-damage|p2a: Cobalion|26/100
|-unboost|p2a: Cobalion|spd|1
|
|-heal|p2a: Cobalion|32/100|[from] item: Leftovers
|upkeep
|turn|14
|
|t:|1658689922
|switch|p1a: Primarina|Primarina, M|100/100
|-damage|p1a: Primarina|88/100|[from] Stealth Rock
|move|p2a: Cobalion|Swords Dance|p2a: Cobalion
|-boost|p2a: Cobalion|atk|2
|
|-heal|p2a: Cobalion|38/100|[from] item: Leftovers
|-heal|p1a: Primarina|94/100|[from] item: Leftovers
|upkeep
|turn|15
|
|t:|1658689928
|move|p2a: Cobalion|Iron Head|p1a: Primarina
|-damage|p1a: Primarina|33/100
|move|p1a: Primarina|Scald|p2a: Cobalion
|-damage|p2a: Cobalion|0 fnt
|faint|p2a: Cobalion
|
|-heal|p1a: Primarina|39/100|[from] item: Leftovers
|upkeep
|
|t:|1658689943
|switch|p2a: Nihilego|Nihilego, shiny|100/100
|turn|16
|
|t:|1658689952
|switch|p1a: Cobalion|Cobalion|100/100
|-damage|p1a: Cobalion|97/100|[from] Stealth Rock
|move|p2a: Nihilego|Thunderbolt|p1a: Cobalion
|-damage|p1a: Cobalion|57/100
|
|upkeep
|turn|17
|
|t:|1658689958
|switch|p2a: Hippowdon|Hippowdon, F|100/100
|-weather|Sandstorm|[from] ability: Sand Stream|[of] p2a: Hippowdon
|move|p1a: Cobalion|Swords Dance|p1a: Cobalion
|-boost|p1a: Cobalion|atk|2
|
|-weather|Sandstorm|[upkeep]
|upkeep
|turn|18
|
|t:|1658689974
|switch|p1a: Salamence|Salamence, M|88/100
|-ability|p1a: Salamence|Intimidate|boost
|-unboost|p2a: Hippowdon|atk|1
|move|p2a: Hippowdon|Earthquake|p1a: Salamence
|-immune|p1a: Salamence
|
|-weather|Sandstorm|[upkeep]
|-damage|p1a: Salamence|81/100|[from] Sandstorm
|upkeep
|turn|19
|
|t:|1658689979
|switch|p2a: Nihilego|Nihilego, shiny|100/100
|move|p1a: Salamence|Defog|p2a: Nihilego
|-unboost|p2a: Nihilego|evasion|1
|-sideend|p1: Corporate Donkey|Stealth Rock|[from] move: Defog|[of] p1a: Salamence
|
|-weather|Sandstorm|[upkeep]
|-damage|p1a: Salamence|75/100|[from] Sandstorm
|upkeep
|turn|20
|
|t:|1658689983
|switch|p1a: Diggersby|Diggersby, M|94/100
|move|p2a: Nihilego|Power Gem|p1a: Diggersby
|-resisted|p1a: Diggersby
|-damage|p1a: Diggersby|66/100
|
|-weather|Sandstorm|[upkeep]
|upkeep
|turn|21
|
|t:|1658689987
|switch|p2a: Hippowdon|Hippowdon, F|100/100
|move|p1a: Diggersby|U-turn|p2a: Hippowdon
|-damage|p2a: Hippowdon|82/100
|
|t:|1658689992
|switch|p1a: Decidueye|Decidueye, M|39/100|[from]move: U-turn
|
|-weather|none
|-heal|p2a: Hippowdon|88/100|[from] item: Leftovers
|upkeep
|turn|22
|
|t:|1658690012
|switch|p2a: Thundurus|Thundurus-Therian, M|100/100
|move|p1a: Decidueye|Leaf Storm|p2a: Thundurus
|-resisted|p2a: Thundurus
|-crit|p2a: Thundurus
|-damage|p2a: Thundurus|2/100
|-unboost|p1a: Decidueye|spa|2
|
|upkeep
|turn|23
|
|t:|1658690018
|switch|p1a: Nihilego|Nihilego|100/100
|move|p2a: Thundurus|Volt Switch|p1a: Nihilego
|-damage|p1a: Nihilego|72/100
|
|t:|1658690022
|switch|p2a: Hippowdon|Hippowdon, F|88/100|[from]move: Volt Switch
|-weather|Sandstorm|[from] ability: Sand Stream|[of] p2a: Hippowdon
|
|-weather|Sandstorm|[upkeep]
|-heal|p1a: Nihilego|78/100|[from] item: Black Sludge
|-heal|p2a: Hippowdon|94/100|[from] item: Leftovers
|upkeep
|turn|24
|
|t:|1658690025
|switch|p1a: Decidueye|Decidueye, M|39/100
|move|p2a: Hippowdon|Roar|p1a: Decidueye
|drag|p1a: Salamence|Salamence, M|75/100
|-ability|p1a: Salamence|Intimidate|boost
|-unboost|p2a: Hippowdon|atk|1
|
|-weather|Sandstorm|[upkeep]
|-damage|p1a: Salamence|69/100|[from] Sandstorm
|-heal|p2a: Hippowdon|99/100|[from] item: Leftovers
|upkeep
|turn|25
|-message|exoclic forfeited.
|
|win|Corporate Donkey
|raw|Corporate Donkey's rating: 1316 &rarr; <strong>1336</strong><br />(+20 for winning)
|raw|exoclic's rating: 1323 &rarr; <strong>1303</strong><br />(-20 for losing)
|l|☆exoclic
||Ladder isn't responding, score probably updated but might not have (Request timeout).
