|j|☆UU12 Akimbo
|j|☆xilies
|inactive|Battle timer is ON: inactive players will automatically lose when time's up.
|t:|1655480916
|gametype|singles
|player|p1|UU12 Akimbo|lucas|
|player|p2|xilies|gambler|
|teamsize|p1|6
|teamsize|p2|6
|gen|8
|tier|[Gen 8] UU
|rated|Tournament battle
|rule|Sleep Clause Mod: Limit one foe put to sleep
|rule|Species Clause: Limit one of each Pokémon
|rule|OHKO Clause: OHKO moves are banned
|rule|Evasion Moves Clause: Evasion moves are banned
|rule|Endless Battle Clause: Forcing endless battles is banned
|rule|HP Percentage Mod: HP is shown in percentages
|rule|Dynamax Clause: You cannot dynamax
|clearpoke
|poke|p1|Primarina, F|
|poke|p1|Amoonguss, M|
|poke|p1|Azelf|
|poke|p1|Cobalion|
|poke|p1|Salamence, M|
|poke|p1|Diggersby, F|
|poke|p2|Bronzong|
|poke|p2|Marowak-Alola, M|
|poke|p2|Crawdaunt, M|
|poke|p2|Diancie|
|poke|p2|Hatterene, F|
|poke|p2|Cresselia, F|
|teampreview
|inactive|UU12 Akimbo also wants the timer to be on.
|j| UwU bruhhhh
|c|☆UU12 Akimbo|ayaa
|c|☆xilies|gl hf
|c|☆UU12 Akimbo|=
|
|t:|1655480936
|start
|switch|p1a: Amoonguss|Amoonguss, M|100/100
|switch|p2a: Bronzong|Bronzong|100/100
|turn|1
|c| UwU bruhhhh|Mimilucha qui prend sample uu
|c| UwU bruhhhh|j’ai jamais vu
|c|☆UU12 Akimbo|?
|j| dsdfjdsjze
|c|☆UU12 Akimbo|quelle sample mdr
|
|t:|1655480948
|switch|p2a: Hatterene|Hatterene, F|100/100
|move|p1a: Amoonguss|Spore|p2a: Hatterene
|move|p2a: Hatterene|Spore|p1a: Amoonguss|[from]ability: Magic Bounce
|-immune|p1a: Amoonguss
|
|upkeep
|turn|2
|j|@Menacce17
|c| UwU bruhhhh|C une team connue non ?
|
|t:|1655480955
|switch|p1a: Primarina|Primarina, F|100/100
|move|p2a: Hatterene|Trick Room|p2a: Hatterene
|-fieldstart|move: Trick Room|[of] p2a: Hatterene
|
|upkeep
|turn|3
|c|@Menacce17|Perd Mimilucha
|c|☆UU12 Akimbo|absolument pas
|
|t:|1655480971
|move|p2a: Hatterene|Misty Explosion|p1a: Primarina
|-damage|p1a: Primarina|62/100
|faint|p2a: Hatterene
|move|p1a: Primarina|Calm Mind|p1a: Primarina
|-boost|p1a: Primarina|spa|1
|-boost|p1a: Primarina|spd|1
|
|-heal|p1a: Primarina|68/100|[from] item: Leftovers
|upkeep
|c| UwU bruhhhh|Je suis tombé sur la meme tout à l’heure
|
|t:|1655480976
|switch|p2a: Marowak|Marowak-Alola, M|100/100
|turn|4
|c|☆UU12 Akimbo|sur le ladd ?
|
|t:|1655480986
|switch|p1a: Amoonguss|Amoonguss, M|100/100
|move|p2a: Marowak|Poltergeist|p1a: Amoonguss
|-activate|p1a: Amoonguss|move: Poltergeist|Rocky Helmet
|-damage|p1a: Amoonguss|30/100
|
|upkeep
|turn|5
|
|t:|1655480994
|switch|p1a: Salamence|Salamence, M|100/100
|-ability|p1a: Salamence|Intimidate|boost
|-unboost|p2a: Marowak|atk|1
|move|p2a: Marowak|Flare Blitz|p1a: Salamence
|-resisted|p1a: Salamence
|-damage|p1a: Salamence|70/100
|
|upkeep
|turn|6
|
|t:|1655481000
|switch|p2a: Bronzong|Bronzong|100/100
|move|p1a: Salamence|Roost|p1a: Salamence
|-heal|p1a: Salamence|100/100
|-singleturn|p1a: Salamence|move: Roost
|
|-fieldend|move: Trick Room
|upkeep
|turn|7
|
|t:|1655481006
|move|p1a: Salamence|Flamethrower|p2a: Bronzong
|-supereffective|p2a: Bronzong
|-damage|p2a: Bronzong|60/100
|move|p2a: Bronzong|Stealth Rock|p1a: Salamence
|-sidestart|p1: UU12 Akimbo|move: Stealth Rock
|
|upkeep
|turn|8
|
|t:|1655481010
|move|p1a: Salamence|Defog|p2a: Bronzong
|-unboost|p2a: Bronzong|evasion|1
|-sideend|p1: UU12 Akimbo|Stealth Rock|[from] move: Defog|[of] p1a: Salamence
|move|p2a: Bronzong|Trick Room|p2a: Bronzong
|-fieldstart|move: Trick Room|[of] p2a: Bronzong
|
|upkeep
|turn|9
|c| UwU bruhhhh|Non sur un tournoi uu tournament
|c|☆UU12 Akimbo|bah écoute
|
|t:|1655481030
|move|p2a: Bronzong|Explosion|p1a: Salamence
|-damage|p1a: Salamence|49/100
|faint|p2a: Bronzong
|move|p1a: Salamence|Defog|p2: Bronzong|[notarget]
|-fail|p1a: Salamence
|
|upkeep
|
|t:|1655481037
|switch|p2a: Crawdaunt|Crawdaunt, M|100/100
|turn|10
|c| UwU bruhhhh|T trop fort on te recopie t team
|c|☆UU12 Akimbo|sûrement ça
|j| funzsp
|
|t:|1655481054
|switch|p1a: Cobalion|Cobalion|100/100
|move|p2a: Crawdaunt|Knock Off|p1a: Cobalion
|-resisted|p1a: Cobalion
|-damage|p1a: Cobalion|63/100
|-ability|p1a: Cobalion|Justified|boost
|-boost|p1a: Cobalion|atk|1
|-enditem|p1a: Cobalion|Leftovers|[from] move: Knock Off|[of] p2a: Crawdaunt
|-damage|p2a: Crawdaunt|90/100|[from] item: Life Orb
|
|upkeep
|turn|11
|j| nemoauditur
|
|t:|1655481060
|switch|p1a: Amoonguss|Amoonguss, M|63/100
|move|p2a: Crawdaunt|Close Combat|p1a: Amoonguss
|-resisted|p1a: Amoonguss
|-damage|p1a: Amoonguss|42/100
|-unboost|p2a: Crawdaunt|def|1
|-unboost|p2a: Crawdaunt|spd|1
|-damage|p2a: Crawdaunt|74/100|[from] item: Rocky Helmet|[of] p1a: Amoonguss
|-damage|p2a: Crawdaunt|64/100|[from] item: Life Orb
|
|upkeep
|turn|12
|l| nemoauditur
|
|t:|1655481066
|switch|p1a: Cobalion|Cobalion|63/100
|move|p2a: Crawdaunt|Knock Off|p1a: Cobalion
|-resisted|p1a: Cobalion
|-damage|p1a: Cobalion|39/100
|-ability|p1a: Cobalion|Justified|boost
|-boost|p1a: Cobalion|atk|1
|-damage|p2a: Crawdaunt|54/100|[from] item: Life Orb
|
|-fieldend|move: Trick Room
|upkeep
|turn|13
|
|t:|1655481072
|move|p2a: Crawdaunt|Aqua Jet|p1a: Cobalion
|-damage|p1a: Cobalion|9/100
|-damage|p2a: Crawdaunt|44/100|[from] item: Life Orb
|move|p1a: Cobalion|Stealth Rock|p2a: Crawdaunt
|-sidestart|p2: xilies|move: Stealth Rock
|
|upkeep
|turn|14
|
|t:|1655481077
|switch|p1a: Amoonguss|Amoonguss, M|76/100
|move|p2a: Crawdaunt|Aqua Jet|p1a: Amoonguss
|-resisted|p1a: Amoonguss
|-damage|p1a: Amoonguss|61/100
|-damage|p2a: Crawdaunt|27/100|[from] item: Rocky Helmet|[of] p1a: Amoonguss
|-damage|p2a: Crawdaunt|17/100|[from] item: Life Orb
|
|upkeep
|turn|15
|
|t:|1655481084
|move|p2a: Crawdaunt|Knock Off|p1a: Amoonguss
|-damage|p1a: Amoonguss|0 fnt
|-damage|p2a: Crawdaunt|0 fnt|[from] item: Rocky Helmet|[of] p1a: Amoonguss
|faint|p1a: Amoonguss
|faint|p2a: Crawdaunt
|
|upkeep
|
|t:|1655481094
|switch|p2a: Diancie|Diancie|100/100
|switch|p1a: Primarina|Primarina, F|68/100
|-damage|p2a: Diancie|88/100|[from] Stealth Rock
|turn|16
|
|t:|1655481097
|move|p1a: Primarina|Calm Mind|p1a: Primarina
|-boost|p1a: Primarina|spa|1
|-boost|p1a: Primarina|spd|1
|move|p2a: Diancie|Trick Room|p2a: Diancie
|-fieldstart|move: Trick Room|[of] p2a: Diancie
|
|-heal|p2a: Diancie|94/100|[from] item: Leftovers
|-heal|p1a: Primarina|74/100|[from] item: Leftovers
|upkeep
|turn|17
|
|t:|1655481100
|move|p2a: Diancie|Misty Explosion|p1a: Primarina
|-damage|p1a: Primarina|58/100
|faint|p2a: Diancie
|move|p1a: Primarina|Rest|p1a: Primarina
|-status|p1a: Primarina|slp|[from] move: Rest
|-heal|p1a: Primarina|100/100 slp|[silent]
|
|upkeep
|
|t:|1655481104
|switch|p2a: Marowak|Marowak-Alola, M|100/100
|-damage|p2a: Marowak|76/100|[from] Stealth Rock
|turn|18
|
|t:|1655481107
|move|p2a: Marowak|Poltergeist|p1a: Primarina
|-activate|p1a: Primarina|move: Poltergeist|Leftovers
|-damage|p1a: Primarina|10/100 slp
|cant|p1a: Primarina|slp
|move|p1a: Primarina|Snore|p2a: Marowak
|-supereffective|p2a: Marowak
|-damage|p2a: Marowak|0 fnt
|faint|p2a: Marowak
|
|-heal|p1a: Primarina|16/100 slp|[from] item: Leftovers
|upkeep
|
|t:|1655481110
|switch|p2a: Cresselia|Cresselia, F|100/100
|-damage|p2a: Cresselia|88/100|[from] Stealth Rock
|turn|19
|
|t:|1655481112
|cant|p1a: Primarina|slp
|move|p1a: Primarina|Snore|p2a: Cresselia
|-damage|p2a: Cresselia|74/100
|move|p2a: Cresselia|Moonblast|p1a: Primarina
|-damage|p1a: Primarina|8/100 slp
|
|-heal|p1a: Primarina|14/100 slp|[from] item: Leftovers
|-heal|p2a: Cresselia|80/100|[from] item: Leftovers
|upkeep
|turn|20
|
|t:|1655481118
|-curestatus|p1a: Primarina|slp|[msg]
|move|p1a: Primarina|Rest|p1a: Primarina
|-status|p1a: Primarina|slp|[from] move: Rest
|-heal|p1a: Primarina|100/100 slp|[silent]
|move|p2a: Cresselia|Moonblast|p1a: Primarina
|-damage|p1a: Primarina|93/100 slp
|
|-heal|p1a: Primarina|99/100 slp|[from] item: Leftovers
|-heal|p2a: Cresselia|86/100|[from] item: Leftovers
|-fieldend|move: Trick Room
|upkeep
|turn|21
|c|☆xilies|bon bas gg
|
|t:|1655481128
|move|p2a: Cresselia|Lunar Dance||[still]
|-fail|p2a: Cresselia
|cant|p1a: Primarina|slp
|move|p1a: Primarina|Snore|p2a: Cresselia
|-crit|p2a: Cresselia
|-damage|p2a: Cresselia|62/100
|
|-heal|p2a: Cresselia|68/100|[from] item: Leftovers
|-heal|p1a: Primarina|100/100 slp|[from] item: Leftovers
|upkeep
|turn|22
|c|☆UU12 Akimbo|gg
|-message|xilies forfeited.
|
|win|UU12 Akimbo
|n|☆UU12 Akimbo|uu12akimbo
|n|☆xilies|xilies
|n| UwU bruhhhh|uwubruhhhh
|n| dsdfjdsjze|dsdfjdsjze
|n| Menacce17|menacce17
|n| funzsp|funzsp
