|html|<div class="broadcast-blue"><strong>[Gen 8] UU is currently suspecting Thundurus! For information on how to participate check out the <a href="https://www.smogon.com/forums/threads/np-ss-uu-stage-9-1-king-of-the-clouds.3689570/">suspect thread</a>.</strong></div>
|j|☆PlasticPinnochio
|j|☆DuckGamerClub
|t:|1629887473
|gametype|singles
|player|p1|PlasticPinnochio|policeman|1318
|player|p2|DuckGamerClub|parasollady|1374
|teamsize|p1|6
|teamsize|p2|6
|gen|8
|tier|[Gen 8] UU
|rated|
|rule|Sleep Clause Mod: Limit one foe put to sleep
|rule|Species Clause: Limit one of each Pokémon
|rule|OHKO Clause: OHKO moves are banned
|rule|Evasion Moves Clause: Evasion moves are banned
|rule|Endless Battle Clause: Forcing endless battles is banned
|rule|HP Percentage Mod: HP is shown in percentages
|rule|Dynamax Clause: You cannot dynamax
|clearpoke
|poke|p1|Conkeldurr, F|
|poke|p1|Celesteela|
|poke|p1|Seismitoad, M|
|poke|p1|Amoonguss, M|
|poke|p1|Rotom-Wash|
|poke|p1|Guzzlord|
|poke|p2|Ribombee, M|
|poke|p2|Necrozma|
|poke|p2|Azelf|
|poke|p2|Thundurus, M|
|poke|p2|Buzzwole|
|poke|p2|Diggersby, M|
|teampreview
|inactive|Battle timer is ON: inactive players will automatically lose when time's up. (requested by PlasticPinnochio)
|
|t:|1629887487
|start
|switch|p1a: annoying|Celesteela|100/100
|switch|p2a: Ribombee|Ribombee, M|100/100
|turn|1
|
|t:|1629887494
|move|p2a: Ribombee|Sticky Web|p1a: annoying
|-sidestart|p1: PlasticPinnochio|move: Sticky Web
|move|p1a: annoying|Leech Seed|p2a: Ribombee
|-start|p2a: Ribombee|move: Leech Seed
|
|-damage|p2a: Ribombee|88/100|[from] Leech Seed|[of] p1a: annoying
|upkeep
|turn|2
|
|t:|1629887499
|move|p2a: Ribombee|Skill Swap|p1a: annoying
|-activate|p2a: Ribombee|move: Skill Swap|Beast Boost|Shield Dust|[of] p1a: annoying
|move|p1a: annoying|Flamethrower|p2a: Ribombee
|-supereffective|p2a: Ribombee
|-damage|p2a: Ribombee|15/100
|
|-damage|p2a: Ribombee|2/100|[from] Leech Seed|[of] p1a: annoying
|upkeep
|turn|3
|
|t:|1629887506
|move|p1a: annoying|Protect|p1a: annoying
|-singleturn|p1a: annoying|Protect
|move|p2a: Ribombee|Bug Buzz|p1a: annoying
|-activate|p1a: annoying|move: Protect
|
|-damage|p2a: Ribombee|0 fnt|[from] Leech Seed|[of] p1a: annoying
|faint|p2a: Ribombee
|upkeep
|
|t:|1629887512
|switch|p2a: Necrozma|Necrozma|100/100
|turn|4
|
|t:|1629887517
|move|p2a: Necrozma|Meteor Beam||[still]
|-prepare|p2a: Necrozma|Meteor Beam
|-boost|p2a: Necrozma|spa|1
|-enditem|p2a: Necrozma|Power Herb
|-anim|p2a: Necrozma|Meteor Beam|p1a: annoying
|-damage|p1a: annoying|59/100
|move|p1a: annoying|Leech Seed|p2a: Necrozma|[miss]
|-miss|p1a: annoying|p2a: Necrozma
|
|-heal|p1a: annoying|65/100|[from] item: Leftovers
|upkeep
|turn|5
|
|t:|1629887520
|move|p1a: annoying|Protect|p1a: annoying
|-singleturn|p1a: annoying|Protect
|move|p2a: Necrozma|Heat Wave|p1a: annoying
|-activate|p1a: annoying|move: Protect
|
|-heal|p1a: annoying|71/100|[from] item: Leftovers
|upkeep
|turn|6
|
|t:|1629887525
|switch|p1a: wailing|Guzzlord|100/100
|move|p2a: Necrozma|Heat Wave|p1a: wailing
|-resisted|p1a: wailing
|-damage|p1a: wailing|83/100
|
|upkeep
|turn|7
|
|t:|1629887530
|move|p2a: Necrozma|Meteor Beam||[still]
|-prepare|p2a: Necrozma|Meteor Beam
|-boost|p2a: Necrozma|spa|1
|move|p1a: wailing|Dragon Tail|p2a: Necrozma
|-damage|p2a: Necrozma|80/100
|drag|p2a: Diggersby|Diggersby, M|100/100
|
|upkeep
|turn|8
|
|t:|1629887535
|move|p2a: Diggersby|Mega Kick|p1a: wailing
|-damage|p1a: wailing|23/100
|move|p1a: wailing|Knock Off|p2a: Diggersby
|-damage|p2a: Diggersby|58/100
|-enditem|p2a: Diggersby|Silk Scarf|[from] move: Knock Off|[of] p1a: wailing
|
|upkeep
|turn|9
|
|t:|1629887540
|switch|p1a: annoying|Celesteela|71/100
|move|p2a: Diggersby|Earthquake|p1a: annoying
|-immune|p1a: annoying
|
|-heal|p1a: annoying|77/100|[from] item: Leftovers
|upkeep
|turn|10
|
|t:|1629887546
|switch|p2a: Thundurus|Thundurus, M|100/100
|move|p1a: annoying|Leech Seed|p2a: Thundurus
|-start|p2a: Thundurus|move: Leech Seed
|
|-heal|p1a: annoying|83/100|[from] item: Leftovers
|-damage|p2a: Thundurus|88/100|[from] Leech Seed|[of] p1a: annoying
|-heal|p1a: annoying|93/100|[silent]
|upkeep
|turn|11
|
|t:|1629887550
|switch|p1a: wailing|Guzzlord|23/100
|move|p2a: Thundurus|Nasty Plot|p2a: Thundurus
|-boost|p2a: Thundurus|spa|2
|
|-damage|p2a: Thundurus|76/100|[from] Leech Seed|[of] p1a: wailing
|-heal|p1a: wailing|30/100|[silent]
|upkeep
|turn|12
|j| Max Autism
|
|t:|1629887562
|switch|p1a: keld who?|Seismitoad, M|100/100
|-activate|p1a: keld who?|move: Sticky Web
|-unboost|p1a: keld who?|spe|1
|move|p2a: Thundurus|Thunderbolt|p1a: keld who?
|-immune|p1a: keld who?
|
|-damage|p2a: Thundurus|63/100|[from] Leech Seed|[of] p1a: keld who?
|upkeep
|turn|13
|
|t:|1629887572
|move|p2a: Thundurus|Focus Blast|p1a: keld who?
|-damage|p1a: keld who?|0 fnt
|faint|p1a: keld who?
|
|upkeep
|
|t:|1629887578
|switch|p1a: annoying|Celesteela|93/100
|turn|14
|
|t:|1629887581
|move|p1a: annoying|Protect|p1a: annoying
|-singleturn|p1a: annoying|Protect
|move|p2a: Thundurus|Thunderbolt|p1a: annoying
|-activate|p1a: annoying|move: Protect
|
|-heal|p1a: annoying|99/100|[from] item: Leftovers
|-damage|p2a: Thundurus|51/100|[from] Leech Seed|[of] p1a: annoying
|-heal|p1a: annoying|100/100|[silent]
|upkeep
|turn|15
|
|t:|1629887587
|move|p2a: Thundurus|Thunderbolt|p1a: annoying
|-supereffective|p1a: annoying
|-damage|p1a: annoying|0 fnt
|faint|p1a: annoying
|
|upkeep
|
|t:|1629887592
|switch|p1a: no zarude pls|Rotom-Wash|100/100
|turn|16
|
|t:|1629887594
|move|p2a: Thundurus|Thunderbolt|p1a: no zarude pls
|-damage|p1a: no zarude pls|11/100
|move|p1a: no zarude pls|Volt Switch|p2a: Thundurus
|-damage|p2a: Thundurus|15/100
|
|t:|1629887599
|switch|p1a: shrigma male|Amoonguss, M|100/100|[from]move: Volt Switch
|-activate|p1a: shrigma male|move: Sticky Web
|-unboost|p1a: shrigma male|spe|1
|
|-damage|p2a: Thundurus|2/100|[from] Leech Seed|[of] p1a: shrigma male
|upkeep
|turn|17
|
|t:|1629887602
|switch|p1a: wailing|Guzzlord|30/100
|move|p2a: Thundurus|Psychic|p1a: wailing
|-immune|p1a: wailing
|
|-damage|p2a: Thundurus|0 fnt|[from] Leech Seed|[of] p1a: wailing
|-heal|p1a: wailing|30/100|[silent]
|faint|p2a: Thundurus
|upkeep
|
|t:|1629887604
|switch|p2a: Buzzwole|Buzzwole|100/100
|turn|18
|
|t:|1629887611
|switch|p1a: shrigma male|Amoonguss, M|100/100
|-activate|p1a: shrigma male|move: Sticky Web
|-unboost|p1a: shrigma male|spe|1
|move|p2a: Buzzwole|Close Combat|p1a: shrigma male
|-resisted|p1a: shrigma male
|-damage|p1a: shrigma male|69/100
|-unboost|p2a: Buzzwole|def|1
|-unboost|p2a: Buzzwole|spd|1
|-damage|p2a: Buzzwole|84/100|[from] item: Rocky Helmet|[of] p1a: shrigma male
|-damage|p2a: Buzzwole|74/100|[from] item: Life Orb
|
|upkeep
|turn|19
|
|t:|1629887616
|move|p2a: Buzzwole|Earthquake|p1a: shrigma male
|-damage|p1a: shrigma male|32/100
|-damage|p2a: Buzzwole|64/100|[from] item: Life Orb
|move|p1a: shrigma male|Spore|p2a: Buzzwole
|-status|p2a: Buzzwole|slp|[from] move: Spore
|
|upkeep
|turn|20
|
|t:|1629887628
|switch|p2a: Necrozma|Necrozma|80/100
|switch|p1a: wailing|Guzzlord|30/100
|
|upkeep
|turn|21
|
|t:|1629887632
|move|p2a: Necrozma|Heat Wave|p1a: wailing
|-resisted|p1a: wailing
|-crit|p1a: wailing
|-damage|p1a: wailing|15/100
|move|p1a: wailing|Rest|p1a: wailing
|-status|p1a: wailing|slp|[from] move: Rest
|-heal|p1a: wailing|100/100 slp|[silent]
|
|upkeep
|turn|22
|
|t:|1629887636
|move|p2a: Necrozma|Meteor Beam||[still]
|-prepare|p2a: Necrozma|Meteor Beam
|-boost|p2a: Necrozma|spa|1
|cant|p1a: wailing|slp
|move|p1a: wailing|Sleep Talk|p1a: wailing
|move|p1a: wailing|Dragon Tail|p2a: Necrozma|[from]move: Sleep Talk
|-damage|p2a: Necrozma|60/100
|drag|p2a: Azelf|Azelf|100/100
|
|upkeep
|turn|23
|
|t:|1629887646
|switch|p2a: Diggersby|Diggersby, M|58/100
|cant|p1a: wailing|slp
|move|p1a: wailing|Sleep Talk|p1a: wailing
|move|p1a: wailing|Rest||[from]move: Sleep Talk|[still]
|-fail|p1a: wailing
|
|upkeep
|turn|24
|
|t:|1629887655
|switch|p1a: Bonk|Conkeldurr, F|100/100
|-activate|p1a: Bonk|move: Sticky Web
|-unboost|p1a: Bonk|spe|1
|move|p2a: Diggersby|Earthquake|p1a: Bonk
|-damage|p1a: Bonk|42/100
|
|-heal|p1a: Bonk|48/100|[from] item: Leftovers
|upkeep
|turn|25
|
|t:|1629887661
|switch|p2a: Buzzwole|Buzzwole|64/100 slp
|move|p1a: Bonk|Mach Punch|p2a: Buzzwole
|-resisted|p2a: Buzzwole
|-damage|p2a: Buzzwole|58/100 slp
|
|-heal|p1a: Bonk|54/100|[from] item: Leftovers
|upkeep
|turn|26
|
|t:|1629887664
|cant|p2a: Buzzwole|slp
|move|p1a: Bonk|Bulk Up|p1a: Bonk
|-boost|p1a: Bonk|atk|1
|-boost|p1a: Bonk|def|1
|
|-heal|p1a: Bonk|60/100|[from] item: Leftovers
|upkeep
|turn|27
|
|t:|1629887667
|cant|p2a: Buzzwole|slp
|move|p1a: Bonk|Drain Punch|p2a: Buzzwole
|-resisted|p2a: Buzzwole
|-damage|p2a: Buzzwole|35/100 slp
|-heal|p1a: Bonk|70/100|[from] drain|[of] p2a: Buzzwole
|
|-heal|p1a: Bonk|76/100|[from] item: Leftovers
|upkeep
|turn|28
|
|t:|1629887669
|-curestatus|p2a: Buzzwole|slp|[msg]
|move|p2a: Buzzwole|Close Combat|p1a: Bonk
|-damage|p1a: Bonk|19/100
|-unboost|p2a: Buzzwole|def|1
|-unboost|p2a: Buzzwole|spd|1
|-damage|p2a: Buzzwole|25/100|[from] item: Life Orb
|move|p1a: Bonk|Knock Off|p2a: Buzzwole
|-resisted|p2a: Buzzwole
|-damage|p2a: Buzzwole|0 fnt
|-enditem|p2a: Buzzwole|Life Orb|[from] move: Knock Off|[of] p1a: Bonk
|faint|p2a: Buzzwole
|
|-heal|p1a: Bonk|25/100|[from] item: Leftovers
|upkeep
|
|t:|1629887672
|switch|p2a: Azelf|Azelf|100/100
|turn|29
|
|t:|1629887677
|switch|p1a: no zarude pls|Rotom-Wash|11/100
|move|p2a: Azelf|Psyshock|p1a: no zarude pls
|-damage|p1a: no zarude pls|0 fnt
|faint|p1a: no zarude pls
|-damage|p2a: Azelf|91/100|[from] item: Life Orb
|
|upkeep
|
|t:|1629887679
|switch|p1a: wailing|Guzzlord|100/100 slp
|turn|30
|
|t:|1629887687
|switch|p2a: Necrozma|Necrozma|60/100
|-curestatus|p1a: wailing|slp|[msg]
|move|p1a: wailing|Knock Off|p2a: Necrozma
|-supereffective|p2a: Necrozma
|-damage|p2a: Necrozma|24/100
|
|upkeep
|turn|31
|
|t:|1629887691
|move|p2a: Necrozma|Meteor Beam||[still]
|-prepare|p2a: Necrozma|Meteor Beam
|-boost|p2a: Necrozma|spa|1
|move|p1a: wailing|Knock Off|p2a: Necrozma
|-supereffective|p2a: Necrozma
|-damage|p2a: Necrozma|0 fnt
|faint|p2a: Necrozma
|-ability|p1a: wailing|Beast Boost|boost
|-boost|p1a: wailing|atk|1
|
|upkeep
|
|t:|1629887696
|switch|p2a: Diggersby|Diggersby, M|58/100
|turn|32
|
|t:|1629887698
|move|p2a: Diggersby|Earthquake|p1a: wailing
|-damage|p1a: wailing|54/100
|move|p1a: wailing|Knock Off|p2a: Diggersby
|-damage|p2a: Diggersby|11/100
|
|upkeep
|turn|33
|
|t:|1629887709
|move|p2a: Diggersby|Earthquake|p1a: wailing
|-damage|p1a: wailing|7/100
|move|p1a: wailing|Rest|p1a: wailing
|-status|p1a: wailing|slp|[from] move: Rest
|-heal|p1a: wailing|100/100 slp|[silent]
|
|upkeep
|turn|34
|
|t:|1629887714
|switch|p1a: shrigma male|Amoonguss, M|65/100
|-activate|p1a: shrigma male|move: Sticky Web
|-unboost|p1a: shrigma male|spe|1
|move|p2a: Diggersby|Earthquake|p1a: shrigma male
|-damage|p1a: shrigma male|16/100
|
|upkeep
|turn|35
|
|t:|1629887719
|move|p2a: Diggersby|Earthquake|p1a: shrigma male
|-damage|p1a: shrigma male|0 fnt
|faint|p1a: shrigma male
|
|upkeep
|
|t:|1629887720
|switch|p1a: Bonk|Conkeldurr, F|25/100
|-activate|p1a: Bonk|move: Sticky Web
|-unboost|p1a: Bonk|spe|1
|turn|36
|
|t:|1629887723
|switch|p2a: Azelf|Azelf|91/100
|move|p1a: Bonk|Mach Punch|p2a: Azelf
|-resisted|p2a: Azelf
|-damage|p2a: Azelf|73/100
|
|-heal|p1a: Bonk|31/100|[from] item: Leftovers
|upkeep
|turn|37
|
|t:|1629887727
|switch|p1a: wailing|Guzzlord|100/100 slp
|move|p2a: Azelf|Nasty Plot|p2a: Azelf
|-boost|p2a: Azelf|spa|2
|
|upkeep
|turn|38
|
|t:|1629887730
|move|p2a: Azelf|Fire Blast|p1a: wailing
|-resisted|p1a: wailing
|-damage|p1a: wailing|69/100 slp
|-damage|p2a: Azelf|63/100|[from] item: Life Orb
|cant|p1a: wailing|slp
|move|p1a: wailing|Sleep Talk|p1a: wailing
|move|p1a: wailing|Dragon Tail|p2a: Azelf|[from]move: Sleep Talk|[miss]
|-miss|p1a: wailing|p2a: Azelf
|
|upkeep
|turn|39
|
|t:|1629887735
|move|p2a: Azelf|Fire Blast|p1a: wailing|[miss]
|-miss|p2a: Azelf|p1a: wailing
|cant|p1a: wailing|slp
|move|p1a: wailing|Sleep Talk|p1a: wailing
|move|p1a: wailing|Rest||[from]move: Sleep Talk|[still]
|-fail|p1a: wailing
|
|upkeep
|turn|40
|
|t:|1629887744
|move|p2a: Azelf|Fire Blast|p1a: wailing
|-resisted|p1a: wailing
|-crit|p1a: wailing
|-damage|p1a: wailing|28/100 slp
|-damage|p2a: Azelf|53/100|[from] item: Life Orb
|-curestatus|p1a: wailing|slp|[msg]
|move|p1a: wailing|Knock Off|p2a: Azelf
|-supereffective|p2a: Azelf
|-damage|p2a: Azelf|0 fnt
|-enditem|p2a: Azelf|Life Orb|[from] move: Knock Off|[of] p1a: wailing
|faint|p2a: Azelf
|-ability|p1a: wailing|Beast Boost|boost
|-boost|p1a: wailing|atk|1
|
|upkeep
|
|t:|1629887746
|switch|p2a: Diggersby|Diggersby, M|11/100
|turn|41
|
|t:|1629887752
|move|p2a: Diggersby|Earthquake|p1a: wailing
|-damage|p1a: wailing|0 fnt
|faint|p1a: wailing
|
|upkeep
|
|t:|1629887753
|switch|p1a: Bonk|Conkeldurr, F|31/100
|-activate|p1a: Bonk|move: Sticky Web
|-unboost|p1a: Bonk|spe|1
|turn|42
|
|t:|1629887757
|move|p2a: Diggersby|Quick Attack|p1a: Bonk
|-damage|p1a: Bonk|6/100
|move|p1a: Bonk|Mach Punch|p2a: Diggersby
|-supereffective|p2a: Diggersby
|-damage|p2a: Diggersby|0 fnt
|faint|p2a: Diggersby
|
|win|PlasticPinnochio
|raw|PlasticPinnochio's rating: 1318 &rarr; <strong>1341</strong><br />(+23 for winning)
|raw|DuckGamerClub's rating: 1374 &rarr; <strong>1351</strong><br />(-23 for losing)
|l|☆DuckGamerClub
|c|☆PlasticPinnochio|gg
|l| Max Autism
