|j|☆motistrat
|j|☆Mimilucha
|t:|1663253214
|gametype|singles
|player|p1|motistrat|n|
|player|p2|Mimilucha|ethan-masters|
|teamsize|p1|6
|teamsize|p2|6
|gen|8
|tier|[Gen 8] UU
|rule|Sleep Clause Mod: Limit one foe put to sleep
|rule|Species Clause: Limit one of each Pokémon
|rule|OHKO Clause: OHKO moves are banned
|rule|Evasion Items Clause: Evasion items are banned
|rule|Evasion Moves Clause: Evasion moves are banned
|rule|Endless Battle Clause: Forcing endless battles is banned
|rule|HP Percentage Mod: HP is shown in percentages
|rule|Dynamax Clause: You cannot dynamax
|clearpoke
|poke|p1|Hatterene, F|
|poke|p1|Porygon2|
|poke|p1|Cresselia, F|
|poke|p1|Stakataka|
|poke|p1|Marowak-Alola, M|
|poke|p1|Conkeldurr, M|
|poke|p2|Necrozma|
|poke|p2|Primarina, F|
|poke|p2|Skarmory, M|
|poke|p2|Tangrowth, M|
|poke|p2|Hydreigon, F|
|poke|p2|Rhyperior, M|
|teampreview
|inactive|Battle timer is ON: inactive players will automatically lose when time's up. (requested by Mimilucha)
|j| Kssrr
|c|☆Mimilucha|hf
|inactive|motistrat has 270 seconds left.
|inactive|Mimilucha has 270 seconds left.
|inactive|motistrat has 240 seconds left.
|
|t:|1663253283
|start
|switch|p1a: KANAR|Porygon2|100/100
|switch|p2a: Tangrowth|Tangrowth, M|100/100
|-ability|p1a: KANAR|Regenerator|[from] ability: Trace|[of] p2a: Tangrowth
|turn|1
|
|t:|1663253292
|move|p2a: Tangrowth|Knock Off|p1a: KANAR
|-damage|p1a: KANAR|86/100
|-enditem|p1a: KANAR|Eviolite|[from] move: Knock Off|[of] p2a: Tangrowth
|move|p1a: KANAR|Trick Room|p1a: KANAR
|-fieldstart|move: Trick Room|[of] p1a: KANAR
|
|upkeep
|turn|2
|j| Bhalal
|
|t:|1663253311
|switch|p2a: Rhyperior|Rhyperior, M|100/100
|move|p1a: KANAR|Teleport|p1a: KANAR
|
|t:|1663253324
|switch|p1a: Le bouff|Conkeldurr, M|100/100|[from]move: Teleport
|
|-status|p1a: Le bouff|brn|[from] item: Flame Orb
|upkeep
|turn|3
|
|t:|1663253341
|switch|p2a: Necrozma|Necrozma|100/100
|move|p1a: Le bouff|Knock Off|p2a: Necrozma
|-supereffective|p2a: Necrozma
|-damage|p2a: Necrozma|42/100
|-enditem|p2a: Necrozma|Lum Berry|[from] move: Knock Off|[of] p1a: Le bouff
|
|-damage|p1a: Le bouff|94/100 brn|[from] brn
|upkeep
|turn|4
|inactive|Mimilucha has 270 seconds left.
|
|t:|1663253371
|move|p1a: Le bouff|Facade|p2a: Necrozma
|-damage|p2a: Necrozma|0 fnt
|faint|p2a: Necrozma
|
|-damage|p1a: Le bouff|88/100 brn|[from] brn
|upkeep
|inactive|Mimilucha has 270 seconds left.
|
|t:|1663253386
|switch|p2a: Primarina|Primarina, F|100/100
|turn|5
|
|t:|1663253399
|switch|p1a: KANAR|Porygon2|100/100
|-ability|p1a: KANAR|Liquid Voice|[from] ability: Trace|[of] p2a: Primarina
|move|p2a: Primarina|Moonblast|p1a: KANAR
|-damage|p1a: KANAR|73/100
|
|-fieldend|move: Trick Room
|upkeep
|turn|6
|
|t:|1663253406
|switch|p2a: Rhyperior|Rhyperior, M|100/100
|move|p1a: KANAR|Trick Room|p1a: KANAR
|-fieldstart|move: Trick Room|[of] p1a: KANAR
|
|upkeep
|turn|7
|
|t:|1663253411
|move|p2a: Rhyperior|Stealth Rock|p1a: KANAR
|-sidestart|p1: motistrat|move: Stealth Rock
|move|p1a: KANAR|Teleport|p1a: KANAR
|
|t:|1663253413
|switch|p1a: Le bouff|Conkeldurr, M|88/100 brn|[from]move: Teleport
|-damage|p1a: Le bouff|82/100 brn|[from] Stealth Rock
|
|-damage|p1a: Le bouff|76/100 brn|[from] brn
|upkeep
|turn|8
|
|t:|1663253437
|move|p1a: Le bouff|Close Combat|p2a: Rhyperior
|-supereffective|p2a: Rhyperior
|-crit|p2a: Rhyperior
|-damage|p2a: Rhyperior|0 fnt
|-unboost|p1a: Le bouff|def|1
|-unboost|p1a: Le bouff|spd|1
|faint|p2a: Rhyperior
|
|-damage|p1a: Le bouff|70/100 brn|[from] brn
|upkeep
|c|☆Mimilucha|oe bon jgagne pas ça
|inactive|Mimilucha has 270 seconds left.
|
|t:|1663253452
|switch|p2a: Skarmory|Skarmory, M|100/100
|turn|9
|c| Kssrr|slt mimilucha
|
|t:|1663253468
|move|p1a: Le bouff|Close Combat|p2a: Skarmory
|-damage|p2a: Skarmory|28/100
|-unboost|p1a: Le bouff|def|1
|-unboost|p1a: Le bouff|spd|1
|-damage|p1a: Le bouff|54/100 brn|[from] item: Rocky Helmet|[of] p2a: Skarmory
|move|p2a: Skarmory|Body Press|p1a: Le bouff
|-damage|p1a: Le bouff|0 fnt
|faint|p1a: Le bouff
|
|upkeep
|
|t:|1663253478
|switch|p1a: Chapeau l'artiste|Hatterene, F|100/100
|-damage|p1a: Chapeau l'artiste|88/100|[from] Stealth Rock
|turn|10
|
|t:|1663253482
|switch|p2a: Tangrowth|Tangrowth, M|100/100
|move|p1a: Chapeau l'artiste|Mystical Fire|p2a: Tangrowth
|-supereffective|p2a: Tangrowth
|-crit|p2a: Tangrowth
|-damage|p2a: Tangrowth|33/100
|-unboost|p2a: Tangrowth|spa|1
|
|-fieldend|move: Trick Room
|upkeep
|turn|11
|
|t:|1663253488
|switch|p2a: Primarina|Primarina, F|100/100
|move|p1a: Chapeau l'artiste|Trick Room|p1a: Chapeau l'artiste
|-fieldstart|move: Trick Room|[of] p1a: Chapeau l'artiste
|
|upkeep
|turn|12
|
|t:|1663253496
|move|p1a: Chapeau l'artiste|Healing Wish|p1a: Chapeau l'artiste
|faint|p1a: Chapeau l'artiste
|move|p2a: Primarina|Moonblast|p1: Chapeau l'artiste|[notarget]
|-fail|p2a: Primarina
|
|upkeep
|
|t:|1663253499
|switch|p1a: STAK|Stakataka|100/100
|-damage|p1a: STAK|94/100|[from] Stealth Rock
|turn|13
|
|t:|1663253508
|switch|p2a: Skarmory|Skarmory, M|28/100
|move|p1a: STAK|Gyro Ball|p2a: Skarmory
|-resisted|p2a: Skarmory
|-damage|p2a: Skarmory|0 fnt
|-damage|p1a: STAK|78/100|[from] item: Rocky Helmet|[of] p2a: Skarmory
|faint|p2a: Skarmory
|-ability|p1a: STAK|Beast Boost|boost
|-boost|p1a: STAK|atk|1
|
|upkeep
|c| Kssrr|reponds mimilucha
|c| Kssrr|wtf
|c|☆Mimilucha|tg mdr
|
|t:|1663253535
|switch|p2a: Tangrowth|Tangrowth, M|66/100
|turn|14
|c| Bhalal|slt Kssrr
|
|t:|1663253539
|move|p1a: STAK|Gyro Ball|p2a: Tangrowth
|-damage|p2a: Tangrowth|0 fnt
|faint|p2a: Tangrowth
|-ability|p1a: STAK|Beast Boost|boost
|-boost|p1a: STAK|atk|1
|
|upkeep
|
|t:|1663253545
|switch|p2a: Hydreigon|Hydreigon, F|100/100
|turn|15
|
|t:|1663253555
|switch|p2a: Primarina|Primarina, F|100/100
|move|p1a: STAK|Gyro Ball|p2a: Primarina
|-damage|p2a: Primarina|0 fnt
|faint|p2a: Primarina
|-ability|p1a: STAK|Beast Boost|boost
|-boost|p1a: STAK|atk|1
|
|-fieldend|move: Trick Room
|upkeep
|
|t:|1663253559
|switch|p2a: Hydreigon|Hydreigon, F|100/100
|turn|16
|c| Bhalal|tu réponds pas toi aussi wtf
|c| Kssrr|tg bhalal
|
|t:|1663253561
|move|p2a: Hydreigon|Dark Pulse|p1a: STAK
|-damage|p1a: STAK|36/100
|move|p1a: STAK|Gyro Ball|p2a: Hydreigon
|-damage|p2a: Hydreigon|0 fnt
|faint|p2a: Hydreigon
|
|win|motistrat
|c|☆motistrat|gg
|c| Kssrr|tg mdr*
|c|☆Mimilucha|bah gg
|l|☆Mimilucha
|c|☆motistrat|et sorry pour le mu ^^
