|j|☆Team-Storm-Nul
|j|☆Bamarah
|player|p1|Team-Storm-Nul|fisherman-gen4|1249
|player|p2|Bamarah|eusine-gen2|1247
|teamsize|p1|6
|teamsize|p2|6
|gametype|singles
|gen|8
|tier|[Gen 8] UU
|rated|
|clearpoke
|poke|p1|Cloyster, F|
|poke|p1|Grimmsnarl, M|
|poke|p1|Tyranitar, F|
|poke|p1|Gengar, M|
|poke|p1|Conkeldurr, F|
|poke|p1|Ribombee, M|
|poke|p2|Gengar, M|
|poke|p2|Keldeo-Resolute|
|poke|p2|Darmanitan, M|
|poke|p2|Skarmory, M|
|poke|p2|Tyranitar, M|
|poke|p2|Blissey, F|
|rule|Sleep Clause Mod: Limit one foe put to sleep
|rule|Species Clause: Limit one of each Pokémon
|rule|OHKO Clause: OHKO moves are banned
|rule|Evasion Moves Clause: Evasion moves are banned
|rule|Endless Battle Clause: Forcing endless battles is banned
|rule|HP Percentage Mod: HP is shown in percentages
|rule|Dynamax Clause: You cannot dynamax
|teampreview
|inactive|Battle timer is ON: inactive players will automatically lose when time's up. (requested by Bamarah)
|inactive|Team-Storm-Nul also wants the timer to be on.
|
|start
|switch|p1a: Ribombee|Ribombee, M|100/100
|switch|p2a: Darmanitan|Darmanitan, M, shiny|100/100
|turn|1
|
|switch|p1a: Tyranitar|Tyranitar, F|100/100
|-weather|Sandstorm|[from] ability: Sand Stream|[of] p1a: Tyranitar
|move|p2a: Darmanitan|Flare Blitz|p1a: Tyranitar
|-resisted|p1a: Tyranitar
|-damage|p1a: Tyranitar|76/100
|-damage|p2a: Darmanitan|84/100|[from] item: Rocky Helmet|[of] p1a: Tyranitar
|-damage|p2a: Darmanitan|75/100|[from] Recoil
|
|-weather|Sandstorm|[upkeep]
|-damage|p2a: Darmanitan|68/100|[from] Sandstorm
|upkeep
|turn|2
|
|switch|p2a: Keldeo|Keldeo-Resolute|100/100
|move|p1a: Tyranitar|Stealth Rock|p2a: Keldeo
|-sidestart|p2: Bamarah|move: Stealth Rock
|
|-weather|Sandstorm|[upkeep]
|-damage|p2a: Keldeo|94/100|[from] Sandstorm
|upkeep
|turn|3
|
|switch|p1a: Grimmsnarl|Grimmsnarl, M|100/100
|move|p2a: Keldeo|Surf|p1a: Grimmsnarl
|-crit|p1a: Grimmsnarl
|-damage|p1a: Grimmsnarl|29/100
|-damage|p2a: Keldeo|84/100|[from] item: Life Orb
|
|-weather|Sandstorm|[upkeep]
|-damage|p2a: Keldeo|78/100|[from] Sandstorm
|-damage|p1a: Grimmsnarl|23/100|[from] Sandstorm
|upkeep
|turn|4
|
|move|p1a: Grimmsnarl|Light Screen|p1a: Grimmsnarl
|-sidestart|p1: Team-Storm-Nul|move: Light Screen
|move|p2a: Keldeo|Surf|p1a: Grimmsnarl
|-damage|p1a: Grimmsnarl|0 fnt
|-damage|p2a: Keldeo|68/100|[from] item: Life Orb
|faint|p1a: Grimmsnarl
|
|-weather|Sandstorm|[upkeep]
|-damage|p2a: Keldeo|62/100|[from] Sandstorm
|upkeep
|
|switch|p1a: Cloyster|Cloyster, F|100/100
|turn|5
|
|move|p2a: Keldeo|Secret Sword|p1a: Cloyster
|-supereffective|p1a: Cloyster
|-crit|p1a: Cloyster
|-damage|p1a: Cloyster|0 fnt
|-damage|p2a: Keldeo|52/100|[from] item: Life Orb
|faint|p1a: Cloyster
|
|-weather|none
|upkeep
|c|☆Team-Storm-Nul|crit of course omfg
|
|switch|p1a: Gengar|Gengar, M|100/100
|turn|6
|c|☆Bamarah|stop crying...
|c|☆Team-Storm-Nul|stfu
|
|switch|p2a: Tyranitar|Tyranitar, M, shiny|100/100
|-damage|p2a: Tyranitar|88/100|[from] Stealth Rock
|-weather|Sandstorm|[from] ability: Sand Stream|[of] p2a: Tyranitar
|move|p1a: Gengar|Thunderbolt|p2a: Tyranitar
|-damage|p2a: Tyranitar|67/100
|-damage|p1a: Gengar|91/100|[from] item: Life Orb
|
|-weather|Sandstorm|[upkeep]
|-damage|p1a: Gengar|84/100|[from] Sandstorm
|upkeep
|turn|7
|c|☆Bamarah|bitch made lol
|c|☆Team-Storm-Nul|you crit already 2 or 3 times
|c|☆Bamarah|like i control that?
|c|☆Bamarah|gtfo
|inactive|Bamarah has 120 seconds left.
|
|switch|p1a: Conkeldurr|Conkeldurr, F|100/100
|move|p2a: Tyranitar|Earthquake|p1a: Conkeldurr
|-damage|p1a: Conkeldurr|47/100
|
|-weather|Sandstorm|[upkeep]
|-damage|p1a: Conkeldurr|41/100|[from] Sandstorm
|-status|p1a: Conkeldurr|brn|[from] item: Flame Orb
|upkeep
|turn|8
|inactive|Bamarah has 120 seconds left.
|
|switch|p2a: Gengar|Gengar, M, shiny|100/100
|-damage|p2a: Gengar|88/100|[from] Stealth Rock
|move|p1a: Conkeldurr|Mach Punch|p2a: Gengar
|-immune|p2a: Gengar
|
|-weather|Sandstorm|[upkeep]
|-damage|p2a: Gengar|82/100|[from] Sandstorm
|-damage|p1a: Conkeldurr|35/100 brn|[from] Sandstorm
|-damage|p1a: Conkeldurr|29/100 brn|[from] brn
|upkeep
|turn|9
|
|switch|p1a: Tyranitar|Tyranitar, F|76/100
|move|p2a: Gengar|Sludge Wave|p1a: Tyranitar
|-resisted|p1a: Tyranitar
|-damage|p1a: Tyranitar|66/100
|
|-weather|Sandstorm|[upkeep]
|-damage|p2a: Gengar|76/100|[from] Sandstorm
|upkeep
|turn|10
|
|switch|p2a: Keldeo|Keldeo-Resolute|52/100
|-damage|p2a: Keldeo|46/100|[from] Stealth Rock
|move|p1a: Tyranitar|Stone Edge|p2a: Keldeo|[miss]
|-miss|p1a: Tyranitar|p2a: Keldeo
|
|-weather|none
|upkeep
|turn|11
|
|switch|p1a: Ribombee|Ribombee, M|100/100
|move|p2a: Keldeo|Surf|p1a: Ribombee
|-damage|p1a: Ribombee|48/100
|-damage|p2a: Keldeo|36/100|[from] item: Life Orb
|
|-sideend|p1: Team-Storm-Nul|move: Light Screen
|upkeep
|turn|12
|inactive|Bamarah has 120 seconds left.
|
|switch|p2a: Blissey|Blissey, F, shiny|100/100
|-damage|p2a: Blissey|88/100|[from] Stealth Rock
|move|p1a: Ribombee|Moonblast|p2a: Blissey
|-damage|p2a: Blissey|77/100
|
|-heal|p2a: Blissey|84/100|[from] item: Leftovers
|upkeep
|turn|13
|
|move|p1a: Ribombee|Sticky Web|p2a: Blissey
|-sidestart|p2: Bamarah|move: Sticky Web
|move|p2a: Blissey|Seismic Toss|p1a: Ribombee
|-damage|p1a: Ribombee|10/100
|
|-heal|p2a: Blissey|90/100|[from] item: Leftovers
|upkeep
|turn|14
|
|move|p1a: Ribombee|U-turn|p2a: Blissey
|-damage|p2a: Blissey|65/100
|
|switch|p1a: Tyranitar|Tyranitar, F|66/100|[from]move: U-turn
|-weather|Sandstorm|[from] ability: Sand Stream|[of] p1a: Tyranitar
|move|p2a: Blissey|Thunder Wave|p1a: Tyranitar
|-status|p1a: Tyranitar|par
|
|-weather|Sandstorm|[upkeep]
|-damage|p2a: Blissey|58/100|[from] Sandstorm
|-heal|p2a: Blissey|65/100|[from] item: Leftovers
|upkeep
|turn|15
|
|switch|p2a: Skarmory|Skarmory, M, shiny|100/100
|-damage|p2a: Skarmory|88/100|[from] Stealth Rock
|cant|p1a: Tyranitar|par
|
|-weather|Sandstorm|[upkeep]
|-heal|p2a: Skarmory|94/100|[from] item: Leftovers
|upkeep
|turn|16
|
|move|p2a: Skarmory|Defog|p1a: Tyranitar
|-unboost|p1a: Tyranitar|evasion|1
|-sideend|p2: Bamarah|Stealth Rock|[from] move: Defog|[of] p2a: Skarmory
|-sideend|p2: Bamarah|Sticky Web|[from] move: Defog|[of] p2a: Skarmory
|move|p1a: Tyranitar|Taunt|p2a: Skarmory
|-start|p2a: Skarmory|move: Taunt
|
|-weather|Sandstorm|[upkeep]
|-heal|p2a: Skarmory|100/100|[from] item: Leftovers
|upkeep
|turn|17
|
|move|p2a: Skarmory|Body Press|p1a: Tyranitar
|-supereffective|p1a: Tyranitar
|-damage|p1a: Tyranitar|0 fnt
|-damage|p2a: Skarmory|84/100|[from] item: Rocky Helmet|[of] p1a: Tyranitar
|faint|p1a: Tyranitar
|
|-weather|Sandstorm|[upkeep]
|-heal|p2a: Skarmory|90/100|[from] item: Leftovers
|upkeep
|
|switch|p1a: Gengar|Gengar, M|84/100
|turn|18
|
|switch|p2a: Tyranitar|Tyranitar, M, shiny|67/100
|move|p1a: Gengar|Thunderbolt|p2a: Tyranitar
|-damage|p2a: Tyranitar|44/100
|-damage|p1a: Gengar|74/100|[from] item: Life Orb
|
|-weather|none
|upkeep
|turn|19
|
|move|p1a: Gengar|Thunderbolt|p2a: Tyranitar
|-damage|p2a: Tyranitar|13/100
|-damage|p1a: Gengar|64/100|[from] item: Life Orb
|move|p2a: Tyranitar|Earthquake|p1a: Gengar
|-supereffective|p1a: Gengar
|-damage|p1a: Gengar|0 fnt
|faint|p1a: Gengar
|
|upkeep
|
|switch|p1a: Ribombee|Ribombee, M|10/100
|turn|20
|
|switch|p2a: Blissey|Blissey, F, shiny|65/100
|move|p1a: Ribombee|U-turn|p2a: Blissey
|-damage|p2a: Blissey|39/100
|
|switch|p1a: Conkeldurr|Conkeldurr, F|29/100 brn|[from]move: U-turn
|
|-heal|p2a: Blissey|45/100|[from] item: Leftovers
|-damage|p1a: Conkeldurr|23/100 brn|[from] brn
|upkeep
|turn|21
|
|switch|p2a: Gengar|Gengar, M, shiny|76/100
|move|p1a: Conkeldurr|Earthquake|p2a: Gengar
|-supereffective|p2a: Gengar
|-damage|p2a: Gengar|0 fnt
|faint|p2a: Gengar
|
|-damage|p1a: Conkeldurr|17/100 brn|[from] brn
|upkeep
|
|switch|p2a: Skarmory|Skarmory, M, shiny|90/100
|turn|22
|
|move|p2a: Skarmory|Body Press|p1a: Conkeldurr
|-damage|p1a: Conkeldurr|0 fnt
|faint|p1a: Conkeldurr
|
|-heal|p2a: Skarmory|96/100|[from] item: Leftovers
|upkeep
|
|switch|p1a: Ribombee|Ribombee, M|10/100
|turn|23
|-message|Team-Storm-Nul forfeited.
|
|win|Bamarah
|l|☆Team-Storm-Nul
