|html|<div class="broadcast-blue"><strong>[Gen 8] UU is currently suspecting Scizor! For information on how to participate check out the <a href="https://www.smogon.com/forums/threads/ss-uu-stage-12-2-spider-dance.3704866/">suspect thread</a>.</strong></div>
|j|☆Permission Slip
|j|☆shmeatly
|t:|1659238818
|gametype|singles
|player|p1|Permission Slip|clerkf|1426
|player|p2|shmeatly|101|1466
|teamsize|p1|6
|teamsize|p2|6
|gen|8
|tier|[Gen 8] UU
|rated|
|rule|Sleep Clause Mod: Limit one foe put to sleep
|rule|Species Clause: Limit one of each Pokémon
|rule|OHKO Clause: OHKO moves are banned
|rule|Evasion Moves Clause: Evasion moves are banned
|rule|Endless Battle Clause: Forcing endless battles is banned
|rule|HP Percentage Mod: HP is shown in percentages
|rule|Dynamax Clause: You cannot dynamax
|clearpoke
|poke|p1|Lycanroc-Dusk, M|
|poke|p1|Zarude|
|poke|p1|Skarmory, F|
|poke|p1|Primarina, F|
|poke|p1|Raikou|
|poke|p1|Excadrill, M|
|poke|p2|Maractus, F|
|poke|p2|Torkoal, F|
|poke|p2|Krookodile, M|
|poke|p2|Gallade, M|
|poke|p2|Durant, M|
|poke|p2|Hydreigon, M|
|teampreview
|inactive|Battle timer is ON: inactive players will automatically lose when time's up. (requested by shmeatly)
|
|t:|1659238833
|start
|switch|p1a: Primarina|Primarina, F|100/100
|switch|p2a: Torkoal|Torkoal, F|100/100
|-weather|SunnyDay|[from] ability: Drought|[of] p2a: Torkoal
|turn|1
|
|t:|1659238843
|move|p1a: Primarina|Scald|p2a: Torkoal
|-supereffective|p2a: Torkoal
|-damage|p2a: Torkoal|55/100
|move|p2a: Torkoal|Yawn|p1a: Primarina
|-start|p1a: Primarina|move: Yawn|[of] p2a: Torkoal
|
|-weather|SunnyDay|[upkeep]
|upkeep
|turn|2
|
|t:|1659238849
|move|p1a: Primarina|Scald|p2a: Torkoal
|-supereffective|p2a: Torkoal
|-damage|p2a: Torkoal|14/100
|move|p2a: Torkoal|Stealth Rock|p1a: Primarina
|-sidestart|p1: Permission Slip|move: Stealth Rock
|
|-weather|SunnyDay|[upkeep]
|-end|p1a: Primarina|move: Yawn|[silent]
|-status|p1a: Primarina|slp
|upkeep
|turn|3
|
|t:|1659238855
|switch|p2a: Maractus|Maractus, F|100/100
|cant|p1a: Primarina|slp
|move|p1a: Primarina|Sleep Talk|p1a: Primarina
|move|p1a: Primarina|Rest||[from]move: Sleep Talk|[still]
|-fail|p1a: Primarina
|
|-weather|SunnyDay|[upkeep]
|upkeep
|turn|4
|
|t:|1659238875
|switch|p1a: Zarude|Zarude|100/100
|move|p2a: Maractus|Growth|p2a: Maractus
|-boost|p2a: Maractus|atk|2
|-boost|p2a: Maractus|spa|2
|
|-weather|SunnyDay|[upkeep]
|upkeep
|turn|5
|
|t:|1659238879
|move|p2a: Maractus|Weather Ball|p1a: Zarude
|-supereffective|p1a: Zarude
|-damage|p1a: Zarude|0 fnt
|faint|p1a: Zarude
|-damage|p2a: Maractus|91/100|[from] item: Life Orb
|
|-weather|SunnyDay|[upkeep]
|upkeep
|
|t:|1659238887
|switch|p1a: Raikou|Raikou|100/100
|turn|6
|
|t:|1659238893
|switch|p1a: Skarmory|Skarmory, F|100/100
|-damage|p1a: Skarmory|88/100|[from] Stealth Rock
|move|p2a: Maractus|Solar Beam||[still]
|-prepare|p2a: Maractus|Solar Beam
|-anim|p2a: Maractus|Solar Beam|p1a: Skarmory
|-resisted|p1a: Skarmory
|-damage|p1a: Skarmory|38/100
|-damage|p2a: Maractus|81/100|[from] item: Life Orb
|
|-weather|SunnyDay|[upkeep]
|upkeep
|turn|7
|
|t:|1659238897
|switch|p1a: Lycanroc|Lycanroc-Dusk, M|100/100
|-damage|p1a: Lycanroc|88/100|[from] Stealth Rock
|move|p2a: Maractus|Solar Beam||[still]
|-prepare|p2a: Maractus|Solar Beam
|-anim|p2a: Maractus|Solar Beam|p1a: Lycanroc
|-supereffective|p1a: Lycanroc
|-damage|p1a: Lycanroc|0 fnt
|faint|p1a: Lycanroc
|-damage|p2a: Maractus|71/100|[from] item: Life Orb
|
|-weather|SunnyDay|[upkeep]
|upkeep
|
|t:|1659238902
|switch|p1a: Raikou|Raikou|100/100
|turn|8
|
|t:|1659238905
|move|p2a: Maractus|Solar Beam||[still]
|-prepare|p2a: Maractus|Solar Beam
|-anim|p2a: Maractus|Solar Beam|p1a: Raikou
|-damage|p1a: Raikou|0 fnt
|faint|p1a: Raikou
|-damage|p2a: Maractus|61/100|[from] item: Life Orb
|
|-weather|none
|upkeep
|
|t:|1659238908
|switch|p1a: Excadrill|Excadrill, M|100/100
|-damage|p1a: Excadrill|97/100|[from] Stealth Rock
|-ability|p1a: Excadrill|Mold Breaker
|turn|9
|
|t:|1659238910
|switch|p2a: Torkoal|Torkoal, F|14/100
|-weather|SunnyDay|[from] ability: Drought|[of] p2a: Torkoal
|move|p1a: Excadrill|Iron Head|p2a: Torkoal
|-resisted|p2a: Torkoal
|-damage|p2a: Torkoal|3/100
|
|-weather|SunnyDay|[upkeep]
|-heal|p1a: Excadrill|100/100|[from] item: Leftovers
|upkeep
|turn|10
|
|t:|1659238913
|move|p1a: Excadrill|Rapid Spin|p2a: Torkoal
|-damage|p2a: Torkoal|0 fnt
|-boost|p1a: Excadrill|spe|1
|-sideend|p1: Permission Slip|Stealth Rock|[from] move: Rapid Spin|[of] p1a: Excadrill
|faint|p2a: Torkoal
|
|-weather|SunnyDay|[upkeep]
|upkeep
|
|t:|1659238919
|switch|p2a: Krookodile|Krookodile, M, shiny|100/100
|turn|11
|
|t:|1659238930
|switch|p1a: Skarmory|Skarmory, F|38/100
|move|p2a: Krookodile|Knock Off|p1a: Skarmory
|-damage|p1a: Skarmory|10/100
|-damage|p2a: Krookodile|84/100|[from] item: Rocky Helmet|[of] p1a: Skarmory
|-enditem|p1a: Skarmory|Rocky Helmet|[from] move: Knock Off|[of] p2a: Krookodile
|
|-weather|SunnyDay|[upkeep]
|upkeep
|turn|12
|
|t:|1659238932
|move|p2a: Krookodile|Knock Off|p1a: Skarmory
|-damage|p1a: Skarmory|0 fnt
|faint|p1a: Skarmory
|-ability|p2a: Krookodile|Moxie|boost
|-boost|p2a: Krookodile|atk|1
|
|-weather|SunnyDay|[upkeep]
|upkeep
|
|t:|1659238938
|switch|p1a: Primarina|Primarina, F|100/100 slp
|turn|13
|
|t:|1659238939
|move|p2a: Krookodile|Knock Off|p1a: Primarina
|-resisted|p1a: Primarina
|-damage|p1a: Primarina|62/100 slp
|-enditem|p1a: Primarina|Leftovers|[from] move: Knock Off|[of] p2a: Krookodile
|cant|p1a: Primarina|slp
|move|p1a: Primarina|Sleep Talk|p1a: Primarina
|move|p1a: Primarina|Moonblast|p2a: Krookodile|[from]move: Sleep Talk
|-supereffective|p2a: Krookodile
|-damage|p2a: Krookodile|0 fnt
|faint|p2a: Krookodile
|
|-weather|SunnyDay|[upkeep]
|upkeep
|
|t:|1659238941
|switch|p2a: Maractus|Maractus, F|61/100
|turn|14
|
|t:|1659238944
|move|p2a: Maractus|Solar Beam||[still]
|-prepare|p2a: Maractus|Solar Beam
|-anim|p2a: Maractus|Solar Beam|p1a: Primarina
|-supereffective|p1a: Primarina
|-damage|p1a: Primarina|0 fnt
|faint|p1a: Primarina
|-damage|p2a: Maractus|51/100|[from] item: Life Orb
|
|-weather|SunnyDay|[upkeep]
|upkeep
|
|t:|1659238946
|switch|p1a: Excadrill|Excadrill, M|100/100
|-ability|p1a: Excadrill|Mold Breaker
|turn|15
|
|t:|1659238947
|move|p2a: Maractus|Weather Ball|p1a: Excadrill
|-supereffective|p1a: Excadrill
|-damage|p1a: Excadrill|0 fnt
|faint|p1a: Excadrill
|-damage|p2a: Maractus|41/100|[from] item: Life Orb
|
|win|shmeatly
|raw|Permission Slip's rating: 1426 &rarr; <strong>1409</strong><br />(-17 for losing)
|raw|shmeatly's rating: 1484 &rarr; <strong>1501</strong><br />(+17 for winning)
|l|☆Permission Slip
