|j|☆uult1 freitas
|j|☆lorfyto
|player|p1|uult1 freitas|swimmerm-gen3|1349
|player|p2|lorfyto|265|1251
|teamsize|p1|6
|teamsize|p2|6
|gametype|singles
|gen|8
|tier|[Gen 8] UU
|rated|
|clearpoke
|poke|p1|Dugtrio-Alola, F|
|poke|p1|Xatu, F|
|poke|p1|Haxorus, F|
|poke|p1|Necrozma|
|poke|p1|Barbaracle, F|
|poke|p1|Toxtricity, M|
|poke|p2|Abomasnow, F|
|poke|p2|Cobalion|
|poke|p2|Galvantula, F|
|poke|p2|Chandelure, M|
|poke|p2|Flygon, M|
|poke|p2|Golisopod, M|
|rule|Sleep Clause Mod: Limit one foe put to sleep
|rule|Species Clause: Limit one of each Pokémon
|rule|OHKO Clause: OHKO moves are banned
|rule|Evasion Moves Clause: Evasion moves are banned
|rule|Endless Battle Clause: Forcing endless battles is banned
|rule|HP Percentage Mod: HP is shown in percentages
|rule|Dynamax Clause: You cannot dynamax
|teampreview
|
|start
|switch|p1a: Dugtrio|Dugtrio-Alola, F|100/100
|switch|p2a: Chandelure|Chandelure, M|100/100
|turn|1
|
|move|p2a: Chandelure|Flamethrower|p1a: Dugtrio
|-supereffective|p1a: Dugtrio
|-enditem|p1a: Dugtrio|Focus Sash
|-damage|p1a: Dugtrio|1/100
|move|p1a: Dugtrio|Rock Tomb|p2a: Chandelure
|-supereffective|p2a: Chandelure
|-damage|p2a: Chandelure|54/100
|-unboost|p2a: Chandelure|spe|1
|
|upkeep
|turn|2
|
|move|p1a: Dugtrio|Stealth Rock|p2a: Chandelure
|-sidestart|p2: lorfyto|move: Stealth Rock
|move|p2a: Chandelure|Flamethrower|p1a: Dugtrio
|-supereffective|p1a: Dugtrio
|-damage|p1a: Dugtrio|0 fnt
|faint|p1a: Dugtrio
|
|upkeep
|
|switch|p1a: Barbaracle|Barbaracle, F|100/100
|turn|3
|
|switch|p2a: Cobalion|Cobalion|100/100
|-damage|p2a: Cobalion|97/100|[from] Stealth Rock
|move|p1a: Barbaracle|Shell Smash|p1a: Barbaracle
|-unboost|p1a: Barbaracle|def|1
|-unboost|p1a: Barbaracle|spd|1
|-boost|p1a: Barbaracle|atk|2
|-boost|p1a: Barbaracle|spa|2
|-boost|p1a: Barbaracle|spe|2
|
|upkeep
|turn|4
|
|move|p1a: Barbaracle|Liquidation|p2a: Cobalion
|-damage|p2a: Cobalion|27/100
|move|p2a: Cobalion|Close Combat|p1a: Barbaracle
|-supereffective|p1a: Barbaracle
|-damage|p1a: Barbaracle|0 fnt
|-unboost|p2a: Cobalion|def|1
|-unboost|p2a: Cobalion|spd|1
|faint|p1a: Barbaracle
|
|upkeep
|
|switch|p1a: Xatu|Xatu, F|100/100
|turn|5
|
|switch|p2a: Abomasnow|Abomasnow, F|100/100
|-damage|p2a: Abomasnow|76/100|[from] Stealth Rock
|-weather|Hail|[from] ability: Snow Warning|[of] p2a: Abomasnow
|move|p1a: Xatu|Light Screen|p1a: Xatu
|-sidestart|p1: uult1 freitas|move: Light Screen
|
|-weather|Hail|[upkeep]
|-damage|p1a: Xatu|95/100|[from] Hail
|upkeep
|turn|6
|
|switch|p2a: Flygon|Flygon, M|100/100
|-damage|p2a: Flygon|95/100|[from] Stealth Rock
|move|p1a: Xatu|Reflect|p1a: Xatu
|-sidestart|p1: uult1 freitas|Reflect
|
|-weather|Hail|[upkeep]
|-damage|p2a: Flygon|89/100|[from] Hail
|-damage|p1a: Xatu|89/100|[from] Hail
|-heal|p2a: Flygon|95/100|[from] item: Leftovers
|upkeep
|turn|7
|
|move|p2a: Flygon|Defog|p1a: Xatu
|move|p1a: Xatu|Defog|p2a: Flygon|[from]Magic Bounce
|-unboost|p2a: Flygon|evasion|1
|-sideend|p2: lorfyto|Stealth Rock|[from] move: Defog|[of] p1a: Xatu
|move|p1a: Xatu|Teleport|p1a: Xatu
|
|switch|p1a: Necrozma|Necrozma|100/100|[from]move: Teleport
|
|-weather|Hail|[upkeep]
|-damage|p2a: Flygon|89/100|[from] Hail
|-damage|p1a: Necrozma|95/100|[from] Hail
|-heal|p2a: Flygon|95/100|[from] item: Leftovers
|upkeep
|turn|8
|
|move|p2a: Flygon|Defog|p1a: Necrozma
|-unboost|p1a: Necrozma|evasion|1
|-sideend|p1: uult1 freitas|Reflect
|-sideend|p1: uult1 freitas|move: Light Screen
|move|p1a: Necrozma|Dragon Dance|p1a: Necrozma
|-boost|p1a: Necrozma|atk|1
|-boost|p1a: Necrozma|spe|1
|
|-weather|Hail|[upkeep]
|-damage|p1a: Necrozma|89/100|[from] Hail
|-damage|p2a: Flygon|89/100|[from] Hail
|-heal|p2a: Flygon|95/100|[from] item: Leftovers
|upkeep
|turn|9
|
|move|p1a: Necrozma|Photon Geyser|p2a: Flygon
|-damage|p2a: Flygon|0 fnt
|faint|p2a: Flygon
|
|-weather|none
|upkeep
|
|switch|p2a: Golisopod|Golisopod, M|100/100
|turn|10
|
|move|p2a: Golisopod|First Impression|p1a: Necrozma
|-supereffective|p1a: Necrozma
|-damage|p1a: Necrozma|19/100
|-enditem|p1a: Necrozma|Weakness Policy
|-boost|p1a: Necrozma|atk|2|[from] item: Weakness Policy
|-boost|p1a: Necrozma|spa|2|[from] item: Weakness Policy
|move|p1a: Necrozma|Photon Geyser|p2a: Golisopod
|-damage|p2a: Golisopod|18/100
|-activate|p2a: Golisopod|ability: Emergency Exit
|
|switch|p2a: Galvantula|Galvantula, F|100/100
|
|upkeep
|turn|11
|
|move|p2a: Galvantula|Sucker Punch|p1a: Necrozma
|-supereffective|p1a: Necrozma
|-damage|p1a: Necrozma|0 fnt
|faint|p1a: Necrozma
|
|upkeep
|
|switch|p1a: Toxtricity|Toxtricity, M|100/100
|turn|12
|
|move|p2a: Galvantula|Sticky Web|p1a: Toxtricity
|-sidestart|p1: uult1 freitas|move: Sticky Web
|move|p1a: Toxtricity|Shift Gear|p1a: Toxtricity
|-boost|p1a: Toxtricity|spe|2
|-boost|p1a: Toxtricity|atk|1
|
|upkeep
|turn|13
|
|switch|p2a: Abomasnow|Abomasnow, F|76/100
|-weather|Hail|[from] ability: Snow Warning|[of] p2a: Abomasnow
|move|p1a: Toxtricity|Boomburst|p2a: Abomasnow
|-damage|p2a: Abomasnow|46/100
|-enditem|p1a: Toxtricity|Throat Spray
|-boost|p1a: Toxtricity|spa|1|[from] item: Throat Spray
|
|-weather|Hail|[upkeep]
|-damage|p1a: Toxtricity|94/100|[from] Hail
|upkeep
|turn|14
|
|move|p1a: Toxtricity|Boomburst|p2a: Abomasnow
|-damage|p2a: Abomasnow|0 fnt
|faint|p2a: Abomasnow
|
|-weather|Hail|[upkeep]
|-damage|p1a: Toxtricity|88/100|[from] Hail
|upkeep
|
|switch|p2a: Chandelure|Chandelure, M|54/100
|turn|15
|
|move|p1a: Toxtricity|Overdrive|p2a: Chandelure
|-damage|p2a: Chandelure|0 fnt
|faint|p2a: Chandelure
|
|-weather|Hail|[upkeep]
|-damage|p1a: Toxtricity|82/100|[from] Hail
|upkeep
|
|switch|p2a: Golisopod|Golisopod, M|18/100
|turn|16
|j| UULT1 -hs
|
|move|p1a: Toxtricity|Protect|p1a: Toxtricity
|-singleturn|p1a: Toxtricity|Protect
|move|p2a: Golisopod|First Impression|p1a: Toxtricity
|-activate|p1a: Toxtricity|move: Protect
|
|-weather|Hail|[upkeep]
|-damage|p1a: Toxtricity|76/100|[from] Hail
|-damage|p2a: Golisopod|12/100|[from] Hail
|upkeep
|turn|17
|
|move|p2a: Golisopod|Sucker Punch|p1a: Toxtricity
|-damage|p1a: Toxtricity|32/100
|move|p1a: Toxtricity|Overdrive|p2a: Golisopod
|-supereffective|p2a: Golisopod
|-damage|p2a: Golisopod|0 fnt
|faint|p2a: Golisopod
|
|-weather|none
|upkeep
|c| UULT1 -hs|pra que ta usando tect idiota
|c| UULT1 -hs|kk
|c| UULT1 -hs|poison resiste
|c| UULT1 -hs|a bug
|c| UULT1 -hs|'-'
|
|switch|p2a: Galvantula|Galvantula, F|100/100
|turn|18
|
|move|p1a: Toxtricity|Protect|p1a: Toxtricity
|-singleturn|p1a: Toxtricity|Protect
|move|p2a: Galvantula|Sucker Punch||[still]
|-fail|p2a: Galvantula
|
|upkeep
|turn|19
|c|☆uult1 freitas|vleho
|c|☆uult1 freitas|se isso matar
|c|☆uult1 freitas|eu vo tiltar
|
|move|p2a: Galvantula|Sucker Punch|p1a: Toxtricity
|-damage|p1a: Toxtricity|10/100
|move|p1a: Toxtricity|Boomburst|p2a: Galvantula
|-enditem|p2a: Galvantula|Focus Sash
|-damage|p2a: Galvantula|1/100
|
|upkeep
|turn|20
|
|move|p1a: Toxtricity|Protect|p1a: Toxtricity
|-singleturn|p1a: Toxtricity|Protect
|move|p2a: Galvantula|Sucker Punch||[still]
|-fail|p2a: Galvantula
|
|upkeep
|turn|21
|
|move|p2a: Galvantula|Sucker Punch||[still]
|-fail|p2a: Galvantula
|move|p1a: Toxtricity|Shift Gear|p1a: Toxtricity
|-boost|p1a: Toxtricity|spe|2
|-boost|p1a: Toxtricity|atk|1
|
|upkeep
|turn|22
|c| UULT1 -hs|eu ai
|
|move|p2a: Galvantula|Sucker Punch||[still]
|-fail|p2a: Galvantula
|move|p1a: Toxtricity|Shift Gear|p1a: Toxtricity
|-boost|p1a: Toxtricity|spe|2
|-boost|p1a: Toxtricity|atk|1
|
|upkeep
|turn|23
|c|☆lorfyto|Porque
|
|move|p1a: Toxtricity|Protect|p1a: Toxtricity
|-singleturn|p1a: Toxtricity|Protect
|move|p2a: Galvantula|Sucker Punch||[still]
|-fail|p2a: Galvantula
|
|upkeep
|turn|24
|
|move|p1a: Toxtricity|Shift Gear|p1a: Toxtricity
|-boost|p1a: Toxtricity|spe|0
|-boost|p1a: Toxtricity|atk|1
|move|p2a: Galvantula|Bug Buzz|p1a: Toxtricity
|-resisted|p1a: Toxtricity
|-damage|p1a: Toxtricity|0 fnt
|faint|p1a: Toxtricity
|
|upkeep
|
|switch|p1a: Haxorus|Haxorus, F|100/100
|-activate|p1a: Haxorus|move: Sticky Web
|-unboost|p1a: Haxorus|spe|1
|-ability|p1a: Haxorus|Mold Breaker
|turn|25
|
|move|p2a: Galvantula|Thunder Wave|p1a: Haxorus
|-status|p1a: Haxorus|par
|move|p1a: Haxorus|Dragon Dance|p1a: Haxorus
|-boost|p1a: Haxorus|atk|1
|-boost|p1a: Haxorus|spe|1
|
|upkeep
|turn|26
|
|move|p2a: Galvantula|Bug Buzz|p1a: Haxorus
|-damage|p1a: Haxorus|11/100 par
|move|p1a: Haxorus|Dragon Dance|p1a: Haxorus
|-boost|p1a: Haxorus|atk|1
|-boost|p1a: Haxorus|spe|1
|
|upkeep
|turn|27
|j| Fairytale's Bliss
|l| Fairytale's Bliss
|
|move|p2a: Galvantula|Bug Buzz|p1a: Haxorus
|-damage|p1a: Haxorus|0 fnt
|faint|p1a: Haxorus
|
|upkeep
|c|☆uult1 freitas|mamei
|c|☆uult1 freitas|LOLOL
|
|switch|p1a: Xatu|Xatu, F|89/100
|turn|28
|-message|uult1 freitas forfeited.
|
|win|lorfyto
|l|☆uult1 freitas
|raw|uult1 freitas's rating: 1359 &rarr; <strong>1333</strong><br />(-26 for losing)
|raw|lorfyto's rating: 1251 &rarr; <strong>1284</strong><br />(+33 for winning)
