|raw|<div class="broadcast-blue"><strong>This battle is required to be public due to a player having a name starting with 'uult84z'.</div>
|j|☆Meow Tse Tung
|j|☆uult84z Bushtush
|t:|1623382308
|gametype|singles
|player|p1|Meow Tse Tung|preschooler|1595
|player|p2|uult84z Bushtush|266|1442
|teamsize|p1|6
|teamsize|p2|6
|gen|8
|tier|[Gen 8] UU
|rated|
|rule|Sleep Clause Mod: Limit one foe put to sleep
|rule|Species Clause: Limit one of each Pokémon
|rule|OHKO Clause: OHKO moves are banned
|rule|Evasion Moves Clause: Evasion moves are banned
|rule|Endless Battle Clause: Forcing endless battles is banned
|rule|HP Percentage Mod: HP is shown in percentages
|rule|Dynamax Clause: You cannot dynamax
|clearpoke
|poke|p1|Regidrago|
|poke|p1|Crawdaunt, M|
|poke|p1|Scizor, F|
|poke|p1|Rotom-Heat|
|poke|p1|Amoonguss, F|
|poke|p1|Seismitoad, M|
|poke|p2|Ribombee, F|
|poke|p2|Necrozma|
|poke|p2|Obstagoon, M|
|poke|p2|Azumarill, M|
|poke|p2|Thundurus-Therian, M|
|poke|p2|Aegislash, M|
|teampreview
|
|t:|1623382385
|start
|switch|p1a: punchy wunchy|Scizor, F|100/100
|switch|p2a: Ribombee|Ribombee, F|100/100
|turn|1
|
|t:|1623382404
|move|p1a: punchy wunchy|Bullet Punch|p2a: Ribombee
|-supereffective|p2a: Ribombee
|-enditem|p2a: Ribombee|Focus Sash
|-damage|p2a: Ribombee|1/100
|move|p2a: Ribombee|Sticky Web|p1a: punchy wunchy
|-sidestart|p1: Meow Tse Tung|move: Sticky Web
|
|upkeep
|turn|2
|
|t:|1623382416
|move|p1a: punchy wunchy|Bullet Punch|p2a: Ribombee
|-supereffective|p2a: Ribombee
|-damage|p2a: Ribombee|0 fnt
|faint|p2a: Ribombee
|
|upkeep
|
|t:|1623382420
|switch|p2a: Necrozma|Necrozma|100/100
|turn|3
|
|t:|1623382446
|move|p2a: Necrozma|Meteor Beam||[still]
|-prepare|p2a: Necrozma|Meteor Beam
|-boost|p2a: Necrozma|spa|1
|-enditem|p2a: Necrozma|Power Herb
|-anim|p2a: Necrozma|Meteor Beam|p1a: punchy wunchy|[miss]
|-miss|p2a: Necrozma|p1a: punchy wunchy
|move|p1a: punchy wunchy|U-turn|p2a: Necrozma
|-supereffective|p2a: Necrozma
|-damage|p2a: Necrozma|49/100
|
|t:|1623382468
|switch|p1a: mitten impossible|Rotom-Heat|100/100|[from]move: U-turn
|
|upkeep
|turn|4
|inactive|Battle timer is ON: inactive players will automatically lose when time's up. (requested by uult84z Bushtush)
|
|t:|1623382478
|move|p1a: mitten impossible|Defog|p2a: Necrozma
|-unboost|p2a: Necrozma|evasion|1
|-sideend|p1: Meow Tse Tung|Sticky Web|[from] move: Defog|[of] p1a: mitten impossible
|move|p2a: Necrozma|Photon Geyser|p1a: mitten impossible
|-damage|p1a: mitten impossible|26/100
|
|upkeep
|turn|5
|
|t:|1623382493
|move|p1a: mitten impossible|Overheat|p2a: Necrozma
|-damage|p2a: Necrozma|0 fnt
|-unboost|p1a: mitten impossible|spa|2
|faint|p2a: Necrozma
|
|upkeep
|
|t:|1623382498
|switch|p2a: Obstagoon|Obstagoon, M|100/100
|turn|6
|
|t:|1623382505
|move|p2a: Obstagoon|Knock Off|p1a: mitten impossible
|-damage|p1a: mitten impossible|0 fnt
|-enditem|p1a: mitten impossible|Heavy-Duty Boots|[from] move: Knock Off|[of] p2a: Obstagoon
|faint|p1a: mitten impossible
|
|-status|p2a: Obstagoon|brn|[from] item: Flame Orb
|upkeep
|
|t:|1623382515
|switch|p1a: punchy wunchy|Scizor, F|100/100
|turn|7
|j| UULT84z BFMengz
|
|t:|1623382521
|switch|p2a: Aegislash|Aegislash, M|100/100
|move|p1a: punchy wunchy|U-turn|p2a: Aegislash
|-resisted|p2a: Aegislash
|-damage|p2a: Aegislash|92/100
|
|t:|1623382538
|switch|p1a: shroom of doom|Amoonguss, F|100/100|[from]move: U-turn
|
|upkeep
|turn|8
|inactive|uult84z Bushtush has 120 seconds left.
|inactive|uult84z Bushtush has 90 seconds left.
|
|t:|1623382623
|switch|p2a: Obstagoon|Obstagoon, M|100/100 brn
|move|p1a: shroom of doom|Foul Play|p2a: Obstagoon
|-resisted|p2a: Obstagoon
|-damage|p2a: Obstagoon|88/100 brn
|
|-damage|p2a: Obstagoon|82/100 brn|[from] brn
|upkeep
|turn|9
|
|t:|1623382633
|move|p2a: Obstagoon|Facade|p1a: shroom of doom
|-damage|p1a: shroom of doom|33/100
|-enditem|p1a: shroom of doom|Eject Button
|c| UULT84z BFMengz|IMO this nickname should be Pokemonisfungus
|
|t:|1623382639
|switch|p1a: punchy wunchy|Scizor, F|100/100
|
|-damage|p2a: Obstagoon|76/100 brn|[from] brn
|upkeep
|turn|10
|
|t:|1623382647
|move|p2a: Obstagoon|Knock Off|p1a: punchy wunchy
|-damage|p1a: punchy wunchy|51/100
|-enditem|p1a: punchy wunchy|Heavy-Duty Boots|[from] move: Knock Off|[of] p2a: Obstagoon
|move|p1a: punchy wunchy|U-turn|p2a: Obstagoon
|-supereffective|p2a: Obstagoon
|-damage|p2a: Obstagoon|0 fnt
|faint|p2a: Obstagoon
|c|☆Meow Tse Tung|leaking alts...
|inactive|Meow Tse Tung has 120 seconds left.
|
|t:|1623382685
|switch|p1a: soggy froggy|Seismitoad, M|100/100|[from]move: U-turn
|
|upkeep
|
|t:|1623382689
|switch|p2a: Azumarill|Azumarill, M|100/100
|turn|11
|
|t:|1623382693
|move|p1a: soggy froggy|Earthquake|p2a: Azumarill
|-damage|p2a: Azumarill|48/100
|-enditem|p2a: Azumarill|Sitrus Berry|[eat]
|-heal|p2a: Azumarill|73/100|[from] item: Sitrus Berry
|move|p2a: Azumarill|Belly Drum|p2a: Azumarill
|-damage|p2a: Azumarill|23/100
|-setboost|p2a: Azumarill|atk|6|[from] move: Belly Drum
|
|upkeep
|turn|12
|
|t:|1623382699
|move|p1a: soggy froggy|Earthquake|p2a: Azumarill
|-damage|p2a: Azumarill|0 fnt
|faint|p2a: Azumarill
|
|upkeep
|
|t:|1623382704
|switch|p2a: Thundurus|Thundurus-Therian, M|100/100
|turn|13
|
|t:|1623382714
|switch|p1a: shroom of doom|Amoonguss, F|33/100
|move|p2a: Thundurus|Nasty Plot|p2a: Thundurus
|-boost|p2a: Thundurus|spa|2
|
|upkeep
|turn|14
|
|t:|1623382719
|move|p2a: Thundurus|Psychic|p1a: shroom of doom
|-supereffective|p1a: shroom of doom
|-crit|p1a: shroom of doom
|-damage|p1a: shroom of doom|0 fnt
|faint|p1a: shroom of doom
|
|upkeep
|
|t:|1623382722
|switch|p1a: regi whacko|Regidrago|100/100
|turn|15
|
|t:|1623382728
|move|p1a: regi whacko|Dragon Energy|p2a: Thundurus
|-damage|p2a: Thundurus|0 fnt
|faint|p2a: Thundurus
|
|upkeep
|
|t:|1623382732
|switch|p2a: Aegislash|Aegislash, M|92/100
|turn|16
|
|t:|1623382753
|switch|p1a: soggy froggy|Seismitoad, M|100/100
|move|p2a: Aegislash|Swords Dance|p2a: Aegislash
|-boost|p2a: Aegislash|atk|2
|
|upkeep
|turn|17
|inactive|uult84z Bushtush has 120 seconds left.
|
|t:|1623382808
|-formechange|p2a: Aegislash|Aegislash-Blade||[from] ability: Stance Change
|move|p2a: Aegislash|Close Combat|p1a: soggy froggy
|-damage|p1a: soggy froggy|0 fnt
|-unboost|p2a: Aegislash|def|1
|-unboost|p2a: Aegislash|spd|1
|faint|p1a: soggy froggy
|-damage|p2a: Aegislash|82/100|[from] item: Life Orb
|
|upkeep
|
|t:|1623382818
|switch|p1a: regi whacko|Regidrago|100/100
|turn|18
|
|t:|1623382827
|move|p2a: Aegislash|Shadow Sneak|p1a: regi whacko
|-damage|p1a: regi whacko|33/100
|-damage|p2a: Aegislash|72/100|[from] item: Life Orb
|move|p1a: regi whacko|Dragon Pulse|p2a: Aegislash
|-resisted|p2a: Aegislash
|-damage|p2a: Aegislash|0 fnt
|faint|p2a: Aegislash
|
|win|Meow Tse Tung
|raw|Meow Tse Tung's rating: 1595 &rarr; <strong>1608</strong><br />(+13 for winning)
|raw|uult84z Bushtush's rating: 1466 &rarr; <strong>1453</strong><br />(-13 for losing)
|l|☆uult84z Bushtush
|c|☆Meow Tse Tung|gg
