|j|☆Exi_Dudi
|j|☆Saludcoop
|t:|1667192055
|gametype|singles
|player|p1|Exi_Dudi|doctor-gen8|1454
|player|p2|Saludcoop|170|1319
|teamsize|p1|6
|teamsize|p2|6
|gen|8
|tier|[Gen 8] UU
|rated|
|rule|Sleep Clause Mod: Limit one foe put to sleep
|rule|Species Clause: Limit one of each Pokémon
|rule|OHKO Clause: OHKO moves are banned
|rule|Evasion Items Clause: Evasion items are banned
|rule|Evasion Moves Clause: Evasion moves are banned
|rule|Endless Battle Clause: Forcing endless battles is banned
|rule|HP Percentage Mod: HP is shown in percentages
|rule|Dynamax Clause: You cannot dynamax
|clearpoke
|poke|p1|Azelf|
|poke|p1|Zarude|
|poke|p1|Thundurus-Therian, M|
|poke|p1|Regieleki|
|poke|p1|Diggersby, M|
|poke|p1|Cobalion|
|poke|p2|Suicune|
|poke|p2|Raikou|
|poke|p2|Salamence, M|
|poke|p2|Tangrowth, M|
|poke|p2|Conkeldurr, F|
|poke|p2|Skarmory, F|
|teampreview
|inactive|Battle timer is ON: inactive players will automatically lose when time's up. (requested by Exi_Dudi)
|inactive|Exi_Dudi has 120 seconds left.
|
|t:|1667192094
|start
|switch|p1a: Thundurus|Thundurus-Therian, M|100/100
|switch|p2a: Conkeldurr|Conkeldurr, F|100/100
|turn|1
|
|t:|1667192099
|move|p1a: Thundurus|Psychic|p2a: Conkeldurr
|-supereffective|p2a: Conkeldurr
|-damage|p2a: Conkeldurr|45/100
|move|p2a: Conkeldurr|Knock Off|p1a: Thundurus
|-damage|p1a: Thundurus|41/100
|-enditem|p1a: Thundurus|Heavy-Duty Boots|[from] move: Knock Off|[of] p2a: Conkeldurr
|
|upkeep
|turn|2
|
|t:|1667192112
|switch|p2a: Raikou|Raikou|100/100
|-ability|p2a: Raikou|Pressure
|move|p1a: Thundurus|Volt Switch|p2a: Raikou
|-resisted|p2a: Raikou
|-damage|p2a: Raikou|86/100
|inactive|Exi_Dudi has 120 seconds left.
|
|t:|1667192165
|switch|p1a: Diggersby|Diggersby, M|100/100|[from]move: Volt Switch
|
|upkeep
|turn|3
|
|t:|1667192169
|switch|p2a: Skarmory|Skarmory, F|100/100
|move|p1a: Diggersby|U-turn|p2a: Skarmory
|-resisted|p2a: Skarmory
|-damage|p2a: Skarmory|96/100
|-damage|p1a: Diggersby|84/100|[from] item: Rocky Helmet|[of] p2a: Skarmory
|
|t:|1667192171
|switch|p1a: Regieleki|Regieleki|100/100|[from]move: U-turn
|
|upkeep
|turn|4
|
|t:|1667192175
|switch|p2a: Raikou|Raikou|86/100
|-ability|p2a: Raikou|Pressure
|move|p1a: Regieleki|Volt Switch|p2a: Raikou
|-resisted|p2a: Raikou
|-damage|p2a: Raikou|71/100
|
|t:|1667192178
|switch|p1a: Diggersby|Diggersby, M|84/100|[from]move: Volt Switch
|
|upkeep
|turn|5
|
|t:|1667192181
|move|p1a: Diggersby|U-turn|p2a: Raikou
|-damage|p2a: Raikou|33/100
|
|t:|1667192184
|switch|p1a: Zarude|Zarude|100/100|[from]move: U-turn
|move|p2a: Raikou|Scald|p1a: Zarude
|-resisted|p1a: Zarude
|-damage|p1a: Zarude|87/100
|-status|p1a: Zarude|brn
|
|-damage|p1a: Zarude|81/100 brn|[from] brn
|upkeep
|turn|6
|
|t:|1667192188
|switch|p2a: Skarmory|Skarmory, F|96/100
|move|p1a: Zarude|U-turn|p2a: Skarmory
|-resisted|p2a: Skarmory
|-damage|p2a: Skarmory|94/100
|-damage|p1a: Zarude|65/100 brn|[from] item: Rocky Helmet|[of] p2a: Skarmory
|
|t:|1667192189
|switch|p1a: Regieleki|Regieleki|100/100|[from]move: U-turn
|
|upkeep
|turn|7
|
|t:|1667192193
|switch|p2a: Tangrowth|Tangrowth, M|100/100
|move|p1a: Regieleki|Thunderbolt|p2a: Tangrowth
|-resisted|p2a: Tangrowth
|-damage|p2a: Tangrowth|76/100
|
|upkeep
|turn|8
|
|t:|1667192207
|move|p1a: Regieleki|Volt Switch|p2a: Tangrowth
|-resisted|p2a: Tangrowth
|-damage|p2a: Tangrowth|59/100
|
|t:|1667192208
|switch|p1a: Cobalion|Cobalion|100/100|[from]move: Volt Switch
|move|p2a: Tangrowth|Knock Off|p1a: Cobalion
|-resisted|p1a: Cobalion
|-damage|p1a: Cobalion|91/100
|-damage|p2a: Tangrowth|42/100|[from] item: Rocky Helmet|[of] p1a: Cobalion
|-ability|p1a: Cobalion|Justified|boost
|-boost|p1a: Cobalion|atk|1
|-enditem|p1a: Cobalion|Rocky Helmet|[from] move: Knock Off|[of] p2a: Tangrowth
|
|upkeep
|turn|9
|
|t:|1667192212
|switch|p2a: Skarmory|Skarmory, F|94/100
|move|p1a: Cobalion|Stealth Rock|p2a: Skarmory
|-sidestart|p2: Saludcoop|move: Stealth Rock
|
|upkeep
|turn|10
|
|t:|1667192215
|move|p1a: Cobalion|Volt Switch|p2a: Skarmory
|-supereffective|p2a: Skarmory
|-damage|p2a: Skarmory|55/100
|
|t:|1667192217
|switch|p1a: Regieleki|Regieleki|100/100|[from]move: Volt Switch
|move|p2a: Skarmory|Defog|p1a: Regieleki
|-unboost|p1a: Regieleki|evasion|1
|-sideend|p2: Saludcoop|Stealth Rock|[from] move: Defog|[of] p2a: Skarmory
|
|upkeep
|turn|11
|
|t:|1667192221
|switch|p2a: Tangrowth|Tangrowth, M|75/100
|move|p1a: Regieleki|Volt Switch|p2a: Tangrowth
|-resisted|p2a: Tangrowth
|-damage|p2a: Tangrowth|57/100
|
|t:|1667192222
|switch|p1a: Azelf|Azelf|100/100|[from]move: Volt Switch
|
|upkeep
|turn|12
|
|t:|1667192226
|move|p1a: Azelf|Flamethrower|p2a: Tangrowth
|-supereffective|p2a: Tangrowth
|-damage|p2a: Tangrowth|0 fnt
|faint|p2a: Tangrowth
|
|upkeep
|
|t:|1667192235
|switch|p2a: Salamence|Salamence, M|100/100
|turn|13
|
|t:|1667192238
|move|p1a: Azelf|Psychic|p2a: Salamence
|-damage|p2a: Salamence|41/100
|move|p2a: Salamence|Dragon Dance|p2a: Salamence
|-boost|p2a: Salamence|atk|1
|-boost|p2a: Salamence|spe|1
|
|upkeep
|turn|14
|
|t:|1667192241
|switch|p1a: Zarude|Zarude|65/100 brn
|move|p2a: Salamence|Dual Wingbeat|p1a: Zarude
|-supereffective|p1a: Zarude
|-damage|p1a: Zarude|0 fnt
|faint|p1a: Zarude
|-ability|p2a: Salamence|Moxie|boost
|-boost|p2a: Salamence|atk|1
|-hitcount|p1: Zarude|1
|
|upkeep
|
|t:|1667192243
|switch|p1a: Regieleki|Regieleki|100/100
|turn|15
|
|t:|1667192256
|switch|p2a: Raikou|Raikou|33/100
|-ability|p2a: Raikou|Pressure
|move|p1a: Regieleki|Thunderbolt|p2a: Raikou
|-resisted|p2a: Raikou
|-damage|p2a: Raikou|11/100
|
|upkeep
|turn|16
|
|t:|1667192260
|move|p1a: Regieleki|Thunderbolt|p2a: Raikou
|-resisted|p2a: Raikou
|-damage|p2a: Raikou|0 fnt
|faint|p2a: Raikou
|
|upkeep
|j| Frostytheswoleman
|
|t:|1667192263
|switch|p2a: Conkeldurr|Conkeldurr, F|45/100
|turn|17
|
|t:|1667192267
|move|p1a: Regieleki|Volt Switch|p2a: Conkeldurr
|-damage|p2a: Conkeldurr|10/100
|
|t:|1667192270
|switch|p1a: Thundurus|Thundurus-Therian, M|41/100|[from]move: Volt Switch
|move|p2a: Conkeldurr|Drain Punch|p1a: Thundurus
|-resisted|p1a: Thundurus
|-damage|p1a: Thundurus|6/100
|-heal|p2a: Conkeldurr|22/100|[from] drain|[of] p1a: Thundurus
|
|upkeep
|turn|18
|
|t:|1667192272
|move|p2a: Conkeldurr|Mach Punch|p1a: Thundurus
|-resisted|p1a: Thundurus
|-damage|p1a: Thundurus|0 fnt
|faint|p1a: Thundurus
|
|upkeep
|
|t:|1667192276
|switch|p1a: Azelf|Azelf|100/100
|turn|19
|
|t:|1667192287
|move|p2a: Conkeldurr|Mach Punch|p1a: Azelf
|-resisted|p1a: Azelf
|-damage|p1a: Azelf|83/100
|move|p1a: Azelf|Psychic|p2a: Conkeldurr
|-supereffective|p2a: Conkeldurr
|-damage|p2a: Conkeldurr|0 fnt
|faint|p2a: Conkeldurr
|
|upkeep
|
|t:|1667192290
|switch|p2a: Suicune|Suicune|100/100
|-ability|p2a: Suicune|Pressure
|turn|20
|
|t:|1667192292
|move|p1a: Azelf|Energy Ball|p2a: Suicune
|-supereffective|p2a: Suicune
|-damage|p2a: Suicune|47/100
|move|p2a: Suicune|Scald|p1a: Azelf
|-damage|p1a: Azelf|42/100
|
|upkeep
|turn|21
|
|t:|1667192296
|move|p1a: Azelf|Energy Ball|p2a: Suicune
|-supereffective|p2a: Suicune
|-damage|p2a: Suicune|0 fnt
|faint|p2a: Suicune
|
|upkeep
|
|t:|1667192298
|switch|p2a: Salamence|Salamence, M|41/100
|turn|22
|c|☆Exi_Dudi|GG
|
|t:|1667192303
|move|p1a: Azelf|Psychic|p2a: Salamence
|-damage|p2a: Salamence|0 fnt
|faint|p2a: Salamence
|
|upkeep
|
|t:|1667192305
|switch|p2a: Skarmory|Skarmory, F|55/100
|turn|23
|-message|Saludcoop forfeited.
|
|win|Exi_Dudi
|raw|Exi_Dudi's rating: 1454 &rarr; <strong>1467</strong><br />(+13 for winning)
|raw|Saludcoop's rating: 1319 &rarr; <strong>1306</strong><br />(-13 for losing)
|l|☆Saludcoop
