|html|<div class="broadcast-blue"><strong>[Gen 8] UU is currently suspecting Aegislash! For information on how to participate check out the <a href="https://www.smogon.com/forums/threads/np-ss-uu-stage-11-1-kingslayer.3698890/">suspect thread</a>.</strong></div>
|j|☆luc ario power
|j|☆pokemonisfun
|t:|1647215271
|gametype|singles
|player|p1|luc ario power|birdkeeper-gen4dp|1525
|player|p2|pokemonisfun|#uutrio2ladder|1771
|teamsize|p1|6
|teamsize|p2|6
|gen|8
|tier|[Gen 8] UU
|rated|
|rule|Sleep Clause Mod: Limit one foe put to sleep
|rule|Species Clause: Limit one of each Pokémon
|rule|OHKO Clause: OHKO moves are banned
|rule|Evasion Moves Clause: Evasion moves are banned
|rule|Endless Battle Clause: Forcing endless battles is banned
|rule|HP Percentage Mod: HP is shown in percentages
|rule|Dynamax Clause: You cannot dynamax
|clearpoke
|poke|p1|Aegislash, F|
|poke|p1|Volcanion|
|poke|p1|Azumarill, M|
|poke|p1|Mandibuzz, F|
|poke|p1|Conkeldurr, M|
|poke|p1|Mamoswine, F|
|poke|p2|Snorlax, M|
|poke|p2|Skarmory, M|
|poke|p2|Rotom-Wash|
|poke|p2|Tangrowth, F|
|poke|p2|Zygarde-10%|
|poke|p2|Togekiss, F|
|teampreview
|inactive|Battle timer is ON: inactive players will automatically lose when time's up. (requested by luc ario power)
|j| Hornet G
|c|☆luc ario power|yoooooooo
|c|☆luc ario power|what is that avatar
|c|☆luc ario power|amazing
|j| itsyerboiguzma
|j| Crushy S
|inactive|pokemonisfun has 120 seconds left.
|j| Bob the Bro
|c|☆pokemonisfun|thanks
|j| jayicexl
|c|☆pokemonisfun|glhf
|
|t:|1647215354
|start
|switch|p1a: dabeers|Volcanion|100/100
|switch|p2a: Rotom|Rotom-Wash|100/100
|turn|1
|j| RBRTILU
|c|☆luc ario power|u2!
|l| jayicexl
|
|t:|1647215370
|move|p2a: Rotom|Volt Switch|p1a: dabeers
|-supereffective|p1a: dabeers
|-damage|p1a: dabeers|40/100
|
|t:|1647215375
|switch|p2a: Snorlax|Snorlax, M|100/100|[from]move: Volt Switch
|move|p1a: dabeers|Steam Eruption|p2a: Snorlax
|-damage|p2a: Snorlax|71/100
|-status|p2a: Snorlax|brn
|
|-heal|p2a: Snorlax|77/100 brn|[from] item: Leftovers
|-damage|p2a: Snorlax|71/100 brn|[from] brn
|upkeep
|turn|2
|j|+heroictobias
|j| Arxc
|j| UU11Astallmaster69
|
|t:|1647215399
|switch|p1a: gramps|Conkeldurr, M|100/100
|move|p2a: Snorlax|Body Slam|p1a: gramps
|-damage|p1a: gramps|85/100
|
|-heal|p2a: Snorlax|77/100 brn|[from] item: Leftovers
|-damage|p2a: Snorlax|71/100 brn|[from] brn
|-status|p1a: gramps|brn|[from] item: Flame Orb
|upkeep
|turn|3
|c| UU11Astallmaster69|snorlax for B tier!
|l| Hornet G
|inactive|pokemonisfun has 120 seconds left.
|c|☆pokemonisfun|it burned a conkeldurr with body slam
|c|☆pokemonisfun|insane
|j| CarbonLifeform456
|
|t:|1647215436
|switch|p2a: Togekiss|Togekiss, F|100/100
|move|p1a: gramps|Facade|p2a: Togekiss
|-damage|p2a: Togekiss|33/100
|
|-damage|p1a: gramps|79/100 brn|[from] brn
|upkeep
|turn|4
|c|☆luc ario power|haha, yeah
|inactive|pokemonisfun has 120 seconds left.
|inactive|luc ario power has 120 seconds left.
|
|t:|1647215453
|switch|p1a: best boi|Azumarill, M|100/100
|move|p2a: Togekiss|Roost|p2a: Togekiss
|-heal|p2a: Togekiss|84/100
|-singleturn|p2a: Togekiss|move: Roost
|
|upkeep
|turn|5
|
|t:|1647215461
|move|p2a: Togekiss|Air Slash|p1a: best boi
|-damage|p1a: best boi|79/100
|cant|p1a: best boi|flinch
|
|upkeep
|turn|6
|j| no bad hoes
|inactive|pokemonisfun has 120 seconds left.
|
|t:|1647215477
|move|p2a: Togekiss|Air Slash|p1a: best boi
|-damage|p1a: best boi|57/100
|cant|p1a: best boi|flinch
|
|upkeep
|turn|7
|c|☆pokemonisfun|i feel like scum
|
|t:|1647215486
|move|p2a: Togekiss|Air Slash|p1a: best boi
|-damage|p1a: best boi|36/100
|cant|p1a: best boi|flinch
|
|upkeep
|turn|8
|c|☆pokemonisfun|spectators please turn away
|j| hariyana grande
|c|☆luc ario power|is ok, i should have read the flinch and used aqua jet lol
|inactive|luc ario power has 120 seconds left.
|
|t:|1647215511
|move|p2a: Togekiss|Air Slash|p1a: best boi
|-damage|p1a: best boi|12/100
|cant|p1a: best boi|flinch
|
|upkeep
|turn|9
|inactive|luc ario power has 120 seconds left.
|
|t:|1647215531
|move|p1a: best boi|Aqua Jet|p2a: Togekiss
|-damage|p2a: Togekiss|62/100
|move|p2a: Togekiss|Air Slash|p1a: best boi
|-damage|p1a: best boi|0 fnt
|faint|p1a: best boi
|
|upkeep
|
|t:|1647215545
|switch|p1a: reee|Mamoswine, F|100/100
|turn|10
|
|t:|1647215550
|switch|p2a: Rotom|Rotom-Wash|100/100
|move|p1a: reee|Stealth Rock|p2a: Rotom
|-sidestart|p2: pokemonisfun|move: Stealth Rock
|
|upkeep
|turn|11
|inactive|luc ario power has 120 seconds left.
|l| Arxc
|
|t:|1647215566
|switch|p1a: dabeers|Volcanion|40/100
|move|p2a: Rotom|Defog|p1a: dabeers
|-unboost|p1a: dabeers|evasion|1
|-sideend|p2: pokemonisfun|Stealth Rock|[from] move: Defog|[of] p2a: Rotom
|
|upkeep
|turn|12
|
|t:|1647215576
|switch|p1a: gramps|Conkeldurr, M|79/100 brn
|move|p2a: Rotom|Volt Switch|p1a: gramps
|-damage|p1a: gramps|51/100 brn
|
|t:|1647215602
|switch|p2a: Skarmory|Skarmory, M|100/100|[from]move: Volt Switch
|
|-damage|p1a: gramps|45/100 brn|[from] brn
|upkeep
|turn|13
|
|t:|1647215609
|move|p2a: Skarmory|Stealth Rock|p1a: gramps
|-sidestart|p1: luc ario power|move: Stealth Rock
|move|p1a: gramps|Drain Punch|p2a: Skarmory
|-damage|p2a: Skarmory|59/100
|-heal|p1a: gramps|62/100 brn|[from] drain|[of] p2a: Skarmory
|-damage|p1a: gramps|45/100 brn|[from] item: Rocky Helmet|[of] p2a: Skarmory
|
|-damage|p1a: gramps|39/100 brn|[from] brn
|upkeep
|turn|14
|j| Harvard Trainer
|
|t:|1647215621
|switch|p1a: dabeers|Volcanion|40/100
|move|p2a: Skarmory|Brave Bird|p1a: dabeers
|-damage|p1a: dabeers|13/100
|-damage|p2a: Skarmory|50/100|[from] Recoil
|
|upkeep
|turn|15
|
|t:|1647215629
|switch|p2a: Rotom|Rotom-Wash|100/100
|move|p1a: dabeers|Steam Eruption|p2a: Rotom
|-resisted|p2a: Rotom
|-damage|p2a: Rotom|66/100
|-status|p2a: Rotom|brn
|
|-heal|p2a: Rotom|72/100 brn|[from] item: Leftovers
|-damage|p2a: Rotom|66/100 brn|[from] brn
|upkeep
|turn|16
|
|t:|1647215638
|move|p2a: Rotom|Volt Switch|p1a: dabeers
|-supereffective|p1a: dabeers
|-damage|p1a: dabeers|0 fnt
|faint|p1a: dabeers
|l| CarbonLifeform456
|
|t:|1647215651
|switch|p2a: Tangrowth|Tangrowth, F|100/100|[from]move: Volt Switch
|
|upkeep
|j| Bad feeling
|
|t:|1647215674
|switch|p1a: eye of rhajat|Aegislash, F|100/100
|-damage|p1a: eye of rhajat|94/100|[from] Stealth Rock
|turn|17
|inactive|pokemonisfun has 120 seconds left.
|
|t:|1647215706
|move|p1a: eye of rhajat|Autotomize|p1a: eye of rhajat
|-boost|p1a: eye of rhajat|spe|2
|-start|p1a: eye of rhajat|Autotomize
|move|p2a: Tangrowth|Knock Off|p1a: eye of rhajat
|-supereffective|p1a: eye of rhajat
|-damage|p1a: eye of rhajat|52/100
|-enditem|p1a: eye of rhajat|Weakness Policy
|-boost|p1a: eye of rhajat|atk|2|[from] item: Weakness Policy
|-boost|p1a: eye of rhajat|spa|2|[from] item: Weakness Policy
|
|upkeep
|turn|18
|c|☆pokemonisfun|okay
|c|☆pokemonisfun|voting ban
|inactive|pokemonisfun has 120 seconds left.
|l| Harvard Trainer
|
|t:|1647215723
|-formechange|p1a: eye of rhajat|Aegislash-Blade||[from] ability: Stance Change
|move|p1a: eye of rhajat|Shadow Ball|p2a: Tangrowth
|-damage|p2a: Tangrowth|36/100
|move|p2a: Tangrowth|Knock Off|p1a: eye of rhajat
|-supereffective|p1a: eye of rhajat
|-damage|p1a: eye of rhajat|0 fnt
|faint|p1a: eye of rhajat
|
|upkeep
|c|☆pokemonisfun|nvm
|c|☆pokemonisfun|dnb
|c|☆luc ario power|yeah i threw the win away there
|inactive|luc ario power has 120 seconds left.
|c|☆luc ario power|kinda of out of it rn
|
|t:|1647215752
|switch|p1a: birb|Mandibuzz, F|100/100
|-damage|p1a: birb|76/100|[from] Stealth Rock
|turn|19
|c| Bob the Bro|pif you change your mind faster than you change bf
|c|☆pokemonisfun|also hi Bad feeling long time no see, feel free to join a uu discord here https://www.smogon.com/forums/members/pokemonisfun.56643/ if you want to get back in uu
|inactive|pokemonisfun has 120 seconds left.
|c|☆pokemonisfun|in my smogon profile
|
|t:|1647215776
|switch|p2a: Togekiss|Togekiss, F|62/100
|move|p1a: birb|Brave Bird|p2a: Togekiss
|-damage|p2a: Togekiss|36/100
|-damage|p1a: birb|68/100|[from] Recoil
|
|-heal|p1a: birb|74/100|[from] item: Leftovers
|upkeep
|turn|20
|
|t:|1647215783
|move|p2a: Togekiss|Roost|p2a: Togekiss
|-heal|p2a: Togekiss|86/100
|-singleturn|p2a: Togekiss|move: Roost
|move|p1a: birb|Roost|p1a: birb
|-heal|p1a: birb|100/100
|-singleturn|p1a: birb|move: Roost
|
|upkeep
|turn|21
|j|+Meªngy
|c| Bad feeling|thx
|inactive|pokemonisfun has 120 seconds left.
|
|t:|1647215798
|move|p2a: Togekiss|Air Slash|p1a: birb
|-damage|p1a: birb|75/100
|cant|p1a: birb|flinch
|
|-heal|p1a: birb|81/100|[from] item: Leftovers
|upkeep
|turn|22
|
|t:|1647215802
|move|p2a: Togekiss|Nasty Plot|p2a: Togekiss
|-boost|p2a: Togekiss|spa|2
|move|p1a: birb|Brave Bird|p2a: Togekiss
|-damage|p2a: Togekiss|63/100
|-damage|p1a: birb|74/100|[from] Recoil
|
|-heal|p1a: birb|81/100|[from] item: Leftovers
|upkeep
|turn|23
|c| Bad feeling|anyway aegislash is fine now
|c|+Meªngy|hey pif, I reached a new rating peak on the pschessroom account (password pschessroom) on lichess
|
|t:|1647215812
|move|p2a: Togekiss|Heal Bell|p2a: Togekiss
|-activate|p2a: Togekiss|move: Heal Bell
|-curestatus|p2: Rotom|brn|[msg]
|-curestatus|p2: Snorlax|brn|[msg]
|move|p1a: birb|U-turn|p2a: Togekiss
|-resisted|p2a: Togekiss
|-damage|p2a: Togekiss|61/100
|c|☆pokemonisfun|dont
|
|t:|1647215815
|switch|p1a: reee|Mamoswine, F|100/100|[from]move: U-turn
|-damage|p1a: reee|88/100|[from] Stealth Rock
|
|upkeep
|turn|24
|c|+Meªngy|would appreciate if you gave my winning game a look
|c|☆pokemonisfun|give out pw like that
|c|☆pokemonisfun|ok
|c|+Meªngy|https://lichess.org/ZlZvliFh/black
|
|t:|1647215824
|switch|p2a: Rotom|Rotom-Wash|66/100
|move|p1a: reee|Icicle Crash|p2a: Rotom
|-resisted|p2a: Rotom
|-damage|p2a: Rotom|44/100
|
|-heal|p2a: Rotom|50/100|[from] item: Leftovers
|upkeep
|turn|25
|j| Amukamara
|
|t:|1647215834
|move|p2a: Rotom|Hydro Pump|p1a: reee|[miss]
|-miss|p2a: Rotom|p1a: reee
|move|p1a: reee|Icicle Crash|p2a: Rotom
|-resisted|p2a: Rotom
|-damage|p2a: Rotom|28/100
|
|-heal|p2a: Rotom|35/100|[from] item: Leftovers
|upkeep
|turn|26
|l| Amukamara
|
|t:|1647215848
|move|p2a: Rotom|Hydro Pump|p1a: reee|[miss]
|-miss|p2a: Rotom|p1a: reee
|move|p1a: reee|Stealth Rock|p2a: Rotom
|-sidestart|p2: pokemonisfun|move: Stealth Rock
|
|-heal|p2a: Rotom|41/100|[from] item: Leftovers
|upkeep
|turn|27
|
|t:|1647215857
|move|p2a: Rotom|Hydro Pump|p1a: reee
|-supereffective|p1a: reee
|-damage|p1a: reee|0 fnt
|faint|p1a: reee
|
|-heal|p2a: Rotom|47/100|[from] item: Leftovers
|upkeep
|c|☆pokemonisfun|good mate mengy
|
|t:|1647215866
|switch|p1a: gramps|Conkeldurr, M|39/100 brn
|-damage|p1a: gramps|33/100 brn|[from] Stealth Rock
|turn|28
|l| RBRTILU
|c|☆luc ario power|gg my guy
|
|t:|1647215875
|move|p1a: gramps|Mach Punch|p2a: Rotom
|-damage|p2a: Rotom|11/100
|move|p2a: Rotom|Hydro Pump|p1a: gramps
|-damage|p1a: gramps|0 fnt
|faint|p1a: gramps
|
|-heal|p2a: Rotom|17/100|[from] item: Leftovers
|upkeep
|
|t:|1647215877
|switch|p1a: birb|Mandibuzz, F|81/100
|-damage|p1a: birb|56/100|[from] Stealth Rock
|turn|29
|c|☆pokemonisfun|gg
|c|+Meªngy|thanks pif
|
|t:|1647215884
|move|p2a: Rotom|Pain Split|p1a: birb
|-sethp|p1a: birb|34/100|[from] move: Pain Split|[silent]
|-sethp|p2a: Rotom|47/100|[from] move: Pain Split
|move|p1a: birb|Foul Play|p2a: Rotom
|-damage|p2a: Rotom|27/100
|
|-heal|p2a: Rotom|34/100|[from] item: Leftovers
|-heal|p1a: birb|40/100|[from] item: Leftovers
|upkeep
|turn|30
|c|+Meªngy|I sacced 4 pawns for it
|
|t:|1647215887
|move|p2a: Rotom|Volt Switch|p1a: birb
|-supereffective|p1a: birb
|-damage|p1a: birb|3/100
|
|t:|1647215892
|switch|p2a: Skarmory|Skarmory, M|50/100|[from]move: Volt Switch
|-damage|p2a: Skarmory|37/100|[from] Stealth Rock
|move|p1a: birb|Foul Play|p2a: Skarmory
|-damage|p2a: Skarmory|21/100
|-damage|p1a: birb|0 fnt|[from] item: Rocky Helmet|[of] p2a: Skarmory
|faint|p1a: birb
|
|win|pokemonisfun
|raw|luc ario power's rating: 1525 &rarr; <strong>1517</strong><br />(-8 for losing)
|raw|pokemonisfun's rating: 1771 &rarr; <strong>1779</strong><br />(+8 for winning)
