|raw|<div class="broadcast-blue"><strong>This battle is required to be public due to a player having a name starting with 'uult91w'.</div>
|j|☆UULT91w udon
|j|☆pokpok1
|t:|1651885298
|gametype|singles
|player|p1|UULT91w udon|dawn|1618
|player|p2|pokpok1|101|1518
|teamsize|p1|6
|teamsize|p2|6
|gen|8
|tier|[Gen 8] UU
|rated|
|rule|Sleep Clause Mod: Limit one foe put to sleep
|rule|Species Clause: Limit one of each Pokémon
|rule|OHKO Clause: OHKO moves are banned
|rule|Evasion Moves Clause: Evasion moves are banned
|rule|Endless Battle Clause: Forcing endless battles is banned
|rule|HP Percentage Mod: HP is shown in percentages
|rule|Dynamax Clause: You cannot dynamax
|clearpoke
|poke|p1|Salamence, F|
|poke|p1|Rotom-Wash|
|poke|p1|Scizor, M|
|poke|p1|Aegislash, F|
|poke|p1|Nidoqueen, F|
|poke|p1|Tangrowth, M|
|poke|p2|Aegislash, M|
|poke|p2|Salamence, F|
|poke|p2|Primarina, M|
|poke|p2|Amoonguss, F|
|poke|p2|Celesteela|
|poke|p2|Mamoswine, F|
|teampreview
|inactive|Battle timer is ON: inactive players will automatically lose when time's up. (requested by pokpok1)
|j| mncmt
|
|t:|1651885332
|start
|switch|p1a: Rotom|Rotom-Wash|100/100
|switch|p2a: Amoonguss|Amoonguss, F|100/100
|turn|1
|j| EXCITEMENTS
|inactive|pokpok1 has 120 seconds left.
|j| UULT91W ASK
|j|+avarice
|inactive|pokpok1 has 90 seconds left.
|inactive|pokpok1 has 60 seconds left.
|inactive|pokpok1 has 30 seconds left.
|inactive|pokpok1 has 20 seconds left.
|inactive|pokpok1 has 15 seconds left.
|
|t:|1651885467
|move|p1a: Rotom|Volt Switch|p2a: Amoonguss
|-resisted|p2a: Amoonguss
|-damage|p2a: Amoonguss|91/100
|inactive|pokpok1 has 20 seconds left this turn.
|
|t:|1651885472
|switch|p1a: Aegislash|Aegislash, F|100/100|[from]move: Volt Switch
|move|p2a: Amoonguss|Sludge Bomb|p1a: Aegislash
|-immune|p1a: Aegislash
|
|upkeep
|turn|2
|inactive|pokpok1 has 30 seconds left this turn.
|inactive|pokpok1 has 20 seconds left.
|inactive|pokpok1 has 15 seconds left.
|inactive|pokpok1 has 10 seconds left.
|
|t:|1651885492
|switch|p1a: Scizor|Scizor, M|100/100
|move|p2a: Amoonguss|Foul Play|p1a: Scizor
|-damage|p1a: Scizor|80/100
|
|upkeep
|turn|3
|inactive|pokpok1 has 20 seconds left this turn.
|inactive|pokpok1 has 15 seconds left.
|
|t:|1651885501
|move|p1a: Scizor|Knock Off|p2a: Amoonguss
|-damage|p2a: Amoonguss|69/100
|-damage|p1a: Scizor|63/100|[from] item: Rocky Helmet|[of] p2a: Amoonguss
|-enditem|p2a: Amoonguss|Rocky Helmet|[from] move: Knock Off|[of] p1a: Scizor
|move|p2a: Amoonguss|Spore|p1a: Scizor
|-status|p1a: Scizor|slp|[from] move: Spore
|
|upkeep
|turn|4
|inactive|pokpok1 has 25 seconds left this turn.
|inactive|pokpok1 has 20 seconds left.
|inactive|pokpok1 has 15 seconds left.
|inactive|pokpok1 has 10 seconds left.
|
|t:|1651885516
|switch|p1a: Nidoqueen|Nidoqueen, F|100/100
|switch|p2a: Aegislash|Aegislash, M|100/100
|
|upkeep
|turn|5
|inactive|pokpok1 has 20 seconds left this turn.
|inactive|pokpok1 has 15 seconds left.
|j| hariyana grande
|
|t:|1651885523
|-formechange|p2a: Aegislash|Aegislash-Blade||[from] ability: Stance Change
|move|p2a: Aegislash|Shadow Claw|p1a: Nidoqueen
|-damage|p1a: Nidoqueen|36/100
|move|p1a: Nidoqueen|Earth Power|p2a: Aegislash
|-supereffective|p2a: Aegislash
|-damage|p2a: Aegislash|0 fnt
|faint|p2a: Aegislash
|
|upkeep
|inactive|pokpok1 has 20 seconds left this turn.
|inactive|pokpok1 has 15 seconds left.
|inactive|pokpok1 has 10 seconds left.
|
|t:|1651885535
|switch|p2a: Mamoswine|Mamoswine, F|100/100
|turn|6
|inactive|pokpok1 has 20 seconds left this turn.
|inactive|pokpok1 has 15 seconds left.
|inactive|UULT91w udon has 120 seconds left.
|
|t:|1651885589
|switch|p1a: Rotom|Rotom-Wash|100/100
|move|p2a: Mamoswine|Stealth Rock|p1a: Rotom
|-sidestart|p1: UULT91w udon|move: Stealth Rock
|
|upkeep
|turn|7
|inactive|pokpok1 has 25 seconds left this turn.
|inactive|pokpok1 has 20 seconds left.
|
|t:|1651885596
|switch|p2a: Amoonguss|Amoonguss, F|100/100
|move|p1a: Rotom|Defog|p2a: Amoonguss
|-unboost|p2a: Amoonguss|evasion|1
|-sideend|p1: UULT91w udon|Stealth Rock|[from] move: Defog|[of] p1a: Rotom
|
|upkeep
|turn|8
|inactive|pokpok1 has 30 seconds left this turn.
|
|t:|1651885605
|move|p1a: Rotom|Volt Switch|p2a: Amoonguss
|-resisted|p2a: Amoonguss
|-damage|p2a: Amoonguss|91/100
|inactive|pokpok1 has 30 seconds left this turn.
|
|t:|1651885607
|switch|p1a: Nidoqueen|Nidoqueen, F|36/100|[from]move: Volt Switch
|move|p2a: Amoonguss|Foul Play|p1a: Nidoqueen
|-damage|p1a: Nidoqueen|19/100
|
|upkeep
|turn|9
|
|t:|1651885611
|move|p1a: Nidoqueen|Stealth Rock|p2a: Amoonguss
|-sidestart|p2: pokpok1|move: Stealth Rock
|move|p2a: Amoonguss|Seed Bomb|p1a: Nidoqueen
|-damage|p1a: Nidoqueen|0 fnt
|faint|p1a: Nidoqueen
|
|upkeep
|l| EXCITEMENTS
|
|t:|1651885621
|switch|p1a: Salamence|Salamence, F|100/100
|-ability|p1a: Salamence|Intimidate|boost
|-unboost|p2a: Amoonguss|atk|1
|turn|10
|
|t:|1651885623
|switch|p2a: Salamence|Salamence, F|100/100
|-ability|p2a: Salamence|Intimidate|boost
|-unboost|p1a: Salamence|atk|1
|move|p1a: Salamence|Hurricane|p2a: Salamence|[miss]
|-miss|p1a: Salamence|p2a: Salamence
|
|upkeep
|turn|11
|
|t:|1651885629
|move|p2a: Salamence|Defog|p1a: Salamence
|-unboost|p1a: Salamence|evasion|1
|-sideend|p2: pokpok1|Stealth Rock|[from] move: Defog|[of] p2a: Salamence
|move|p1a: Salamence|Hurricane|p2a: Salamence
|-crit|p2a: Salamence
|-damage|p2a: Salamence|0 fnt
|faint|p2a: Salamence
|
|upkeep
|c|☆pokpok1|lololol
|c|☆UULT91w udon|Fair
|inactive|pokpok1 has 60 seconds left.
|
|t:|1651885642
|switch|p2a: Primarina|Primarina, M|100/100
|turn|12
|
|t:|1651885646
|switch|p1a: Tangrowth|Tangrowth, M|100/100
|move|p2a: Primarina|Calm Mind|p2a: Primarina
|-boost|p2a: Primarina|spa|1
|-boost|p2a: Primarina|spd|1
|
|upkeep
|turn|13
|c|☆pokpok1|how
|
|t:|1651885652
|switch|p2a: Amoonguss|Amoonguss, F|100/100
|move|p1a: Tangrowth|Knock Off|p2a: Amoonguss
|-damage|p2a: Amoonguss|88/100
|
|upkeep
|turn|14
|inactive|pokpok1 has 60 seconds left.
|
|t:|1651885688
|switch|p1a: Salamence|Salamence, F|100/100
|-ability|p1a: Salamence|Intimidate|boost
|-unboost|p2a: Amoonguss|atk|1
|move|p2a: Amoonguss|Sludge Bomb|p1a: Salamence
|-damage|p1a: Salamence|74/100
|
|upkeep
|turn|15
|inactive|UULT91w udon has 120 seconds left.
|inactive|pokpok1 has 60 seconds left.
|
|t:|1651885709
|switch|p2a: Primarina|Primarina, M|100/100
|move|p1a: Salamence|Hurricane|p2a: Primarina
|-damage|p2a: Primarina|23/100
|
|-heal|p2a: Primarina|29/100|[from] item: Leftovers
|upkeep
|turn|16
|c|☆pokpok1|miss?
|c|☆pokpok1|once
|inactive|UULT91w udon has 120 seconds left.
|j| Dunoks
|
|t:|1651885747
|switch|p1a: Tangrowth|Tangrowth, M|100/100
|move|p2a: Primarina|Rest|p2a: Primarina
|-status|p2a: Primarina|slp|[from] move: Rest
|-heal|p2a: Primarina|100/100 slp|[silent]
|
|upkeep
|turn|17
|inactive|UULT91w udon has 90 seconds left.
|
|t:|1651885778
|switch|p2a: Mamoswine|Mamoswine, F|100/100
|move|p1a: Tangrowth|Knock Off|p2a: Mamoswine
|-damage|p2a: Mamoswine|76/100
|-enditem|p2a: Mamoswine|Choice Scarf|[from] move: Knock Off|[of] p1a: Tangrowth
|
|upkeep
|turn|18
|
|t:|1651885784
|switch|p1a: Rotom|Rotom-Wash|100/100
|move|p2a: Mamoswine|Stealth Rock|p1a: Rotom
|-sidestart|p1: UULT91w udon|move: Stealth Rock
|
|upkeep
|turn|19
|
|t:|1651885790
|move|p2a: Mamoswine|Icicle Crash|p1a: Rotom
|-resisted|p1a: Rotom
|-damage|p1a: Rotom|81/100
|move|p1a: Rotom|Defog|p2a: Mamoswine
|-unboost|p2a: Mamoswine|evasion|1
|-sideend|p1: UULT91w udon|Stealth Rock|[from] move: Defog|[of] p1a: Rotom
|
|upkeep
|turn|20
|l|dunoks
|
|t:|1651885812
|move|p2a: Mamoswine|Stealth Rock|p1a: Rotom
|-sidestart|p1: UULT91w udon|move: Stealth Rock
|move|p1a: Rotom|Defog|p2a: Mamoswine
|-unboost|p2a: Mamoswine|evasion|1
|-sideend|p1: UULT91w udon|Stealth Rock|[from] move: Defog|[of] p1a: Rotom
|
|upkeep
|turn|21
|
|t:|1651885820
|move|p2a: Mamoswine|Stealth Rock|p1a: Rotom
|-sidestart|p1: UULT91w udon|move: Stealth Rock
|move|p1a: Rotom|Defog|p2a: Mamoswine
|-unboost|p2a: Mamoswine|evasion|1
|-sideend|p1: UULT91w udon|Stealth Rock|[from] move: Defog|[of] p1a: Rotom
|
|upkeep
|turn|22
|
|t:|1651885823
|move|p2a: Mamoswine|Icicle Crash|p1a: Rotom
|-resisted|p1a: Rotom
|-damage|p1a: Rotom|58/100
|move|p1a: Rotom|Hydro Pump|p2a: Mamoswine
|-supereffective|p2a: Mamoswine
|-damage|p2a: Mamoswine|0 fnt
|faint|p2a: Mamoswine
|
|upkeep
|inactive|pokpok1 has 90 seconds left.
|
|t:|1651885835
|switch|p2a: Primarina|Primarina, M|100/100 slp
|turn|23
|
|t:|1651885839
|move|p1a: Rotom|Volt Switch|p2a: Primarina
|-supereffective|p2a: Primarina
|-damage|p2a: Primarina|56/100 slp
|
|t:|1651885843
|switch|p1a: Aegislash|Aegislash, F|100/100|[from]move: Volt Switch
|cant|p2a: Primarina|slp
|move|p2a: Primarina|Snore|p1a: Aegislash
|-damage|p1a: Aegislash|83/100
|
|-heal|p2a: Primarina|62/100 slp|[from] item: Leftovers
|upkeep
|turn|24
|
|t:|1651885860
|switch|p2a: Amoonguss|Amoonguss, F|100/100
|-formechange|p1a: Aegislash|Aegislash-Blade||[from] ability: Stance Change
|move|p1a: Aegislash|Shadow Claw|p2a: Amoonguss
|-damage|p2a: Amoonguss|54/100
|
|upkeep
|turn|25
|inactive|UULT91w udon has 120 seconds left.
|
|t:|1651885889
|switch|p1a: Salamence|Salamence, F|74/100
|-ability|p1a: Salamence|Intimidate|boost
|-unboost|p2a: Amoonguss|atk|1
|move|p2a: Amoonguss|Foul Play|p1a: Salamence
|-damage|p1a: Salamence|48/100
|
|upkeep
|turn|26
|
|t:|1651885897
|move|p1a: Salamence|Fire Blast|p2a: Amoonguss
|-supereffective|p2a: Amoonguss
|-damage|p2a: Amoonguss|0 fnt
|faint|p2a: Amoonguss
|
|upkeep
|
|t:|1651885899
|switch|p2a: Primarina|Primarina, M|62/100 slp
|turn|27
|
|t:|1651885901
|switch|p1a: Aegislash|Aegislash, F|83/100
|cant|p2a: Primarina|slp
|move|p2a: Primarina|Snore|p1a: Aegislash
|-damage|p1a: Aegislash|65/100
|
|-heal|p2a: Primarina|68/100 slp|[from] item: Leftovers
|upkeep
|turn|28
|inactive|pokpok1 has 120 seconds left.
|
|t:|1651885912
|-curestatus|p2a: Primarina|slp|[msg]
|move|p2a: Primarina|Calm Mind|p2a: Primarina
|-boost|p2a: Primarina|spa|1
|-boost|p2a: Primarina|spd|1
|-formechange|p1a: Aegislash|Aegislash-Blade||[from] ability: Stance Change
|move|p1a: Aegislash|Iron Head|p2a: Primarina
|-damage|p2a: Primarina|0 fnt
|faint|p2a: Primarina
|
|upkeep
|
|t:|1651885914
|switch|p2a: Celesteela|Celesteela|100/100
|turn|29
|
|t:|1651885926
|switch|p1a: Tangrowth|Tangrowth, M|100/100
|move|p2a: Celesteela|Autotomize|p2a: Celesteela
|-boost|p2a: Celesteela|spe|2
|-start|p2a: Celesteela|Autotomize
|
|upkeep
|turn|30
|
|t:|1651885934
|move|p2a: Celesteela|Meteor Beam||[still]
|-prepare|p2a: Celesteela|Meteor Beam
|-boost|p2a: Celesteela|spa|1
|-enditem|p2a: Celesteela|Power Herb
|-anim|p2a: Celesteela|Meteor Beam|p1a: Tangrowth
|-damage|p1a: Tangrowth|65/100
|move|p1a: Tangrowth|Knock Off|p2a: Celesteela
|-damage|p2a: Celesteela|86/100
|
|upkeep
|turn|31
|
|t:|1651885943
|switch|p1a: Rotom|Rotom-Wash|58/100
|move|p2a: Celesteela|Meteor Beam||[still]
|-prepare|p2a: Celesteela|Meteor Beam
|-boost|p2a: Celesteela|spa|1
|
|upkeep
|turn|32
|
|t:|1651885952
|switch|p1a: Aegislash|Aegislash, F|65/100
|move|p2a: Celesteela|Meteor Beam|p1a: Aegislash|[from]lockedmove
|-resisted|p1a: Aegislash
|-crit|p1a: Aegislash
|-damage|p1a: Aegislash|19/100
|
|upkeep
|turn|33
|
|t:|1651885961
|switch|p1a: Rotom|Rotom-Wash|58/100
|move|p2a: Celesteela|Flamethrower|p1a: Rotom
|-resisted|p1a: Rotom
|-damage|p1a: Rotom|29/100
|-status|p1a: Rotom|brn
|
|-damage|p1a: Rotom|23/100 brn|[from] brn
|upkeep
|turn|34
|
|t:|1651885966
|move|p2a: Celesteela|Flamethrower|p1a: Rotom
|-resisted|p1a: Rotom
|-crit|p1a: Rotom
|-damage|p1a: Rotom|0 fnt
|faint|p1a: Rotom
|-ability|p2a: Celesteela|Beast Boost|boost
|-boost|p2a: Celesteela|spa|1
|
|upkeep
|c|☆pokpok1|justice
|
|t:|1651885984
|switch|p1a: Salamence|Salamence, F|48/100
|-ability|p1a: Salamence|Intimidate|boost
|-unboost|p2a: Celesteela|atk|1
|turn|35
|c|☆pokpok1|try to hack me
|
|t:|1651885990
|move|p2a: Celesteela|Air Slash|p1a: Salamence
|-damage|p1a: Salamence|0 fnt
|faint|p1a: Salamence
|-ability|p2a: Celesteela|Beast Boost|boost
|-boost|p2a: Celesteela|spa|1
|
|upkeep
|c|☆pokpok1|oops sorry
|
|t:|1651886011
|switch|p1a: Aegislash|Aegislash, F|19/100
|turn|36
|
|t:|1651886015
|-formechange|p1a: Aegislash|Aegislash-Blade||[from] ability: Stance Change
|move|p1a: Aegislash|Shadow Sneak|p2a: Celesteela
|-damage|p2a: Celesteela|47/100
|move|p2a: Celesteela|Flamethrower|p1a: Aegislash
|-supereffective|p1a: Aegislash
|-damage|p1a: Aegislash|0 fnt
|faint|p1a: Aegislash
|-ability|p2a: Celesteela|Beast Boost|boost
|-boost|p2a: Celesteela|spa|1
|
|upkeep
|-message|UULT91w udon forfeited.
|
|win|pokpok1
|raw|UULT91w udon's rating: 1618 &rarr; <strong>1592</strong><br />(-26 for losing)
|raw|pokpok1's rating: 1518 &rarr; <strong>1544</strong><br />(+26 for winning)
|l|☆UULT91w udon
