|j|☆Liz Angeles
|j|☆Kyriau
|t:|1664543680
|gametype|singles
|player|p1|Liz Angeles|marley|1497
|player|p2|Kyriau|1|1421
|teamsize|p1|6
|teamsize|p2|6
|gen|8
|tier|[Gen 8] UU
|rated|
|rule|Sleep Clause Mod: Limit one foe put to sleep
|rule|Species Clause: Limit one of each Pokémon
|rule|OHKO Clause: OHKO moves are banned
|rule|Evasion Items Clause: Evasion items are banned
|rule|Evasion Moves Clause: Evasion moves are banned
|rule|Endless Battle Clause: Forcing endless battles is banned
|rule|HP Percentage Mod: HP is shown in percentages
|rule|Dynamax Clause: You cannot dynamax
|clearpoke
|poke|p1|Nidoqueen, F|
|poke|p1|Mandibuzz, F|
|poke|p1|Scizor, F|
|poke|p1|Azelf|
|poke|p1|Noivern, M|
|poke|p1|Keldeo-Resolute|
|poke|p2|Skarmory, F|
|poke|p2|Chansey, F|
|poke|p2|Hippowdon, F|
|poke|p2|Jellicent, F|
|poke|p2|Mandibuzz, F|
|poke|p2|Avalugg, M|
|teampreview
|
|t:|1664543690
|start
|switch|p1a: Azelf|Azelf|100/100
|switch|p2a: Hippowdon|Hippowdon, F|100/100
|-weather|Sandstorm|[from] ability: Sand Stream|[of] p2a: Hippowdon
|turn|1
|
|t:|1664543700
|move|p1a: Azelf|Knock Off|p2a: Hippowdon
|-damage|p2a: Hippowdon|85/100
|-enditem|p2a: Hippowdon|Leftovers|[from] move: Knock Off|[of] p1a: Azelf
|move|p2a: Hippowdon|Stealth Rock|p1a: Azelf
|-sidestart|p1: Liz Angeles|move: Stealth Rock
|
|-weather|Sandstorm|[upkeep]
|-damage|p1a: Azelf|94/100|[from] Sandstorm
|upkeep
|turn|2
|j| amogusroxyrrrr
|
|t:|1664543707
|move|p1a: Azelf|U-turn|p2a: Hippowdon
|-damage|p2a: Hippowdon|73/100
|
|t:|1664543709
|switch|p1a: Scizor|Scizor, F|100/100|[from]move: U-turn
|move|p2a: Hippowdon|Toxic|p1a: Scizor
|-immune|p1a: Scizor
|
|-weather|Sandstorm|[upkeep]
|upkeep
|turn|3
|
|t:|1664543719
|switch|p2a: Skarmory|Skarmory, F|100/100
|move|p1a: Scizor|U-turn|p2a: Skarmory
|-resisted|p2a: Skarmory
|-damage|p2a: Skarmory|95/100
|-damage|p1a: Scizor|84/100|[from] item: Rocky Helmet|[of] p2a: Skarmory
|
|t:|1664543731
|switch|p1a: Azelf|Azelf|94/100|[from]move: U-turn
|
|-weather|Sandstorm|[upkeep]
|-damage|p1a: Azelf|88/100|[from] Sandstorm
|upkeep
|turn|4
|
|t:|1664543741
|switch|p2a: Hippowdon|Hippowdon, F|73/100
|move|p1a: Azelf|Knock Off|p2a: Hippowdon
|-damage|p2a: Hippowdon|62/100
|
|-weather|Sandstorm|[upkeep]
|-damage|p1a: Azelf|82/100|[from] Sandstorm
|upkeep
|turn|5
|
|t:|1664543748
|move|p1a: Azelf|Psychic|p2a: Hippowdon
|-damage|p2a: Hippowdon|26/100
|move|p2a: Hippowdon|Slack Off|p2a: Hippowdon
|-heal|p2a: Hippowdon|76/100
|
|-weather|none
|upkeep
|turn|6
|
|t:|1664543760
|move|p1a: Azelf|U-turn|p2a: Hippowdon
|-damage|p2a: Hippowdon|63/100
|
|t:|1664543763
|switch|p1a: Scizor|Scizor, F|84/100|[from]move: U-turn
|move|p2a: Hippowdon|Slack Off|p2a: Hippowdon
|-heal|p2a: Hippowdon|100/100
|
|upkeep
|turn|7
|
|t:|1664543769
|switch|p2a: Skarmory|Skarmory, F|95/100
|move|p1a: Scizor|U-turn|p2a: Skarmory
|-resisted|p2a: Skarmory
|-damage|p2a: Skarmory|90/100
|-damage|p1a: Scizor|67/100|[from] item: Rocky Helmet|[of] p2a: Skarmory
|
|t:|1664543773
|switch|p1a: Nidoqueen|Nidoqueen, F|100/100|[from]move: U-turn
|-damage|p1a: Nidoqueen|94/100|[from] Stealth Rock
|
|upkeep
|turn|8
|
|t:|1664543790
|switch|p2a: Hippowdon|Hippowdon, F|100/100
|-weather|Sandstorm|[from] ability: Sand Stream|[of] p2a: Hippowdon
|move|p1a: Nidoqueen|Stealth Rock|p2a: Hippowdon
|-sidestart|p2: Kyriau|move: Stealth Rock
|
|-weather|Sandstorm|[upkeep]
|upkeep
|turn|9
|
|t:|1664543799
|switch|p1a: Mandibuzz|Mandibuzz, F|100/100
|move|p2a: Hippowdon|Earthquake|p1a: Mandibuzz
|-immune|p1a: Mandibuzz
|
|-weather|Sandstorm|[upkeep]
|upkeep
|turn|10
|
|t:|1664543806
|move|p1a: Mandibuzz|Toxic|p2a: Hippowdon
|-status|p2a: Hippowdon|tox
|move|p2a: Hippowdon|Toxic|p1a: Mandibuzz
|-status|p1a: Mandibuzz|tox
|
|-weather|Sandstorm|[upkeep]
|-damage|p1a: Mandibuzz|94/100 tox|[from] psn
|-damage|p2a: Hippowdon|94/100 tox|[from] psn
|upkeep
|turn|11
|
|t:|1664543818
|switch|p2a: Skarmory|Skarmory, F|90/100
|-damage|p2a: Skarmory|78/100|[from] Stealth Rock
|move|p1a: Mandibuzz|U-turn|p2a: Skarmory
|-resisted|p2a: Skarmory
|-damage|p2a: Skarmory|76/100
|-damage|p1a: Mandibuzz|78/100 tox|[from] item: Rocky Helmet|[of] p2a: Skarmory
|
|t:|1664543823
|switch|p1a: Azelf|Azelf|82/100|[from]move: U-turn
|
|-weather|Sandstorm|[upkeep]
|-damage|p1a: Azelf|76/100|[from] Sandstorm
|upkeep
|turn|12
|inactive|Battle timer is ON: inactive players will automatically lose when time's up. (requested by Liz Angeles)
|
|t:|1664543853
|switch|p2a: Mandibuzz|Mandibuzz, F|100/100
|move|p1a: Azelf|Flamethrower|p2a: Mandibuzz
|-damage|p2a: Mandibuzz|76/100
|
|-weather|none
|upkeep
|turn|13
|
|t:|1664543861
|move|p1a: Azelf|U-turn|p2a: Mandibuzz
|-damage|p2a: Mandibuzz|65/100
|
|t:|1664543864
|switch|p1a: Scizor|Scizor, F|67/100|[from]move: U-turn
|move|p2a: Mandibuzz|U-turn|p1a: Scizor
|-resisted|p1a: Scizor
|-damage|p1a: Scizor|63/100
|
|t:|1664543872
|switch|p2a: Avalugg|Avalugg, M|100/100|[from]move: U-turn
|
|upkeep
|turn|14
|
|t:|1664543879
|move|p1a: Scizor|Knock Off|p2a: Avalugg
|-damage|p2a: Avalugg|88/100
|-enditem|p2a: Avalugg|Heavy-Duty Boots|[from] move: Knock Off|[of] p1a: Scizor
|move|p2a: Avalugg|Rapid Spin|p1a: Scizor
|-resisted|p1a: Scizor
|-damage|p1a: Scizor|57/100
|-boost|p2a: Avalugg|spe|1
|-sideend|p2: Kyriau|Stealth Rock|[from] move: Rapid Spin|[of] p2a: Avalugg
|
|upkeep
|turn|15
|
|t:|1664543892
|move|p1a: Scizor|Roost|p1a: Scizor
|-heal|p1a: Scizor|100/100
|-singleturn|p1a: Scizor|move: Roost
|move|p2a: Avalugg|Icicle Spear|p1a: Scizor
|-resisted|p1a: Scizor
|-damage|p1a: Scizor|96/100
|-resisted|p1a: Scizor
|-damage|p1a: Scizor|92/100
|-resisted|p1a: Scizor
|-damage|p1a: Scizor|88/100
|-resisted|p1a: Scizor
|-damage|p1a: Scizor|84/100
|-hitcount|p1a: Scizor|4
|
|upkeep
|turn|16
|
|t:|1664543906
|switch|p2a: Skarmory|Skarmory, F|76/100
|move|p1a: Scizor|Bullet Punch|p2a: Skarmory
|-resisted|p2a: Skarmory
|-damage|p2a: Skarmory|66/100
|-damage|p1a: Scizor|67/100|[from] item: Rocky Helmet|[of] p2a: Skarmory
|
|upkeep
|turn|17
|
|t:|1664543915
|move|p2a: Skarmory|Roost|p2a: Skarmory
|-heal|p2a: Skarmory|100/100
|-singleturn|p2a: Skarmory|move: Roost
|move|p1a: Scizor|Knock Off|p2a: Skarmory
|-damage|p2a: Skarmory|80/100
|-damage|p1a: Scizor|51/100|[from] item: Rocky Helmet|[of] p2a: Skarmory
|-enditem|p2a: Skarmory|Rocky Helmet|[from] move: Knock Off|[of] p1a: Scizor
|
|upkeep
|turn|18
|
|t:|1664543924
|move|p2a: Skarmory|Spikes|p1a: Scizor
|-sidestart|p1: Liz Angeles|Spikes
|move|p1a: Scizor|U-turn|p2a: Skarmory
|-resisted|p2a: Skarmory
|-damage|p2a: Skarmory|75/100
|
|t:|1664543928
|switch|p1a: Nidoqueen|Nidoqueen, F|94/100|[from]move: U-turn
|-damage|p1a: Nidoqueen|88/100|[from] Stealth Rock
|-damage|p1a: Nidoqueen|76/100|[from] Spikes
|
|upkeep
|turn|19
|
|t:|1664543950
|move|p1a: Nidoqueen|Stealth Rock|p2a: Skarmory
|-sidestart|p2: Kyriau|move: Stealth Rock
|move|p2a: Skarmory|Spikes|p1a: Nidoqueen
|-sidestart|p1: Liz Angeles|Spikes
|
|upkeep
|turn|20
|
|t:|1664543961
|move|p1a: Nidoqueen|Flamethrower|p2a: Skarmory
|-supereffective|p2a: Skarmory
|-damage|p2a: Skarmory|0 fnt
|faint|p2a: Skarmory
|
|upkeep
|
|t:|1664543978
|switch|p2a: Jellicent|Jellicent, F|100/100
|turn|21
|
|t:|1664543987
|move|p1a: Nidoqueen|Earth Power|p2a: Jellicent
|-damage|p2a: Jellicent|51/100
|move|p2a: Jellicent|Will-O-Wisp|p1a: Nidoqueen
|-status|p1a: Nidoqueen|brn
|
|-damage|p1a: Nidoqueen|70/100 brn|[from] brn
|upkeep
|turn|22
|
|t:|1664543995
|move|p1a: Nidoqueen|Earth Power|p2a: Jellicent
|-damage|p2a: Jellicent|2/100
|-start|p1a: Nidoqueen|Disable|Earth Power|[from] ability: Cursed Body|[of] p2a: Jellicent
|move|p2a: Jellicent|Recover|p2a: Jellicent
|-heal|p2a: Jellicent|52/100
|
|-damage|p1a: Nidoqueen|64/100 brn|[from] brn
|upkeep
|turn|23
|
|t:|1664544003
|switch|p1a: Mandibuzz|Mandibuzz, F|78/100 tox
|move|p2a: Jellicent|Recover|p2a: Jellicent
|-heal|p2a: Jellicent|100/100
|
|-damage|p1a: Mandibuzz|72/100 tox|[from] psn
|upkeep
|turn|24
|
|t:|1664544013
|switch|p2a: Hippowdon|Hippowdon, F|94/100 tox
|-damage|p2a: Hippowdon|88/100 tox|[from] Stealth Rock
|-weather|Sandstorm|[from] ability: Sand Stream|[of] p2a: Hippowdon
|move|p1a: Mandibuzz|U-turn|p2a: Hippowdon
|-damage|p2a: Hippowdon|82/100 tox
|
|t:|1664544021
|switch|p1a: Scizor|Scizor, F|51/100|[from]move: U-turn
|
|-weather|Sandstorm|[upkeep]
|-damage|p2a: Hippowdon|75/100 tox|[from] psn
|upkeep
|turn|25
|
|t:|1664544036
|switch|p2a: Avalugg|Avalugg, M|88/100
|-damage|p2a: Avalugg|63/100|[from] Stealth Rock
|move|p1a: Scizor|Roost|p1a: Scizor
|-heal|p1a: Scizor|100/100
|-singleturn|p1a: Scizor|move: Roost
|
|-weather|Sandstorm|[upkeep]
|-damage|p2a: Avalugg|57/100|[from] Sandstorm
|upkeep
|turn|26
|
|t:|1664544045
|move|p1a: Scizor|Bullet Punch|p2a: Avalugg
|-supereffective|p2a: Avalugg
|-damage|p2a: Avalugg|35/100
|move|p2a: Avalugg|Rapid Spin|p1a: Scizor
|-resisted|p1a: Scizor
|-damage|p1a: Scizor|95/100
|-boost|p2a: Avalugg|spe|1
|-sideend|p2: Kyriau|Stealth Rock|[from] move: Rapid Spin|[of] p2a: Avalugg
|
|-weather|Sandstorm|[upkeep]
|-damage|p2a: Avalugg|29/100|[from] Sandstorm
|upkeep
|turn|27
|
|t:|1664544054
|move|p1a: Scizor|U-turn|p2a: Avalugg
|-damage|p2a: Avalugg|15/100
|
|t:|1664544057
|switch|p1a: Azelf|Azelf|76/100|[from]move: U-turn
|move|p2a: Avalugg|Recover|p2a: Avalugg
|-heal|p2a: Avalugg|65/100
|
|-weather|Sandstorm|[upkeep]
|-damage|p1a: Azelf|70/100|[from] Sandstorm
|-damage|p2a: Avalugg|59/100|[from] Sandstorm
|upkeep
|turn|28
|
|t:|1664544070
|switch|p2a: Jellicent|Jellicent, F|100/100
|move|p1a: Azelf|Knock Off|p2a: Jellicent
|-supereffective|p2a: Jellicent
|-damage|p2a: Jellicent|50/100
|-enditem|p2a: Jellicent|Heavy-Duty Boots|[from] move: Knock Off|[of] p1a: Azelf
|
|-weather|none
|upkeep
|turn|29
|
|t:|1664544079
|move|p1a: Azelf|U-turn|p2a: Jellicent
|-resisted|p2a: Jellicent
|-damage|p2a: Jellicent|41/100
|
|t:|1664544081
|switch|p1a: Mandibuzz|Mandibuzz, F|72/100 tox|[from]move: U-turn
|move|p2a: Jellicent|Recover|p2a: Jellicent
|-heal|p2a: Jellicent|91/100
|
|-damage|p1a: Mandibuzz|66/100 tox|[from] psn
|upkeep
|turn|30
|
|t:|1664544096
|move|p1a: Mandibuzz|U-turn|p2a: Jellicent
|-resisted|p2a: Jellicent
|-damage|p2a: Jellicent|86/100
|
|t:|1664544105
|switch|p1a: Noivern|Noivern, M|100/100|[from]move: U-turn
|move|p2a: Jellicent|Taunt|p1a: Noivern
|-start|p1a: Noivern|move: Taunt
|
|upkeep
|turn|31
|j| galacman
|
|t:|1664544113
|move|p1a: Noivern|U-turn|p2a: Jellicent
|-resisted|p2a: Jellicent
|-damage|p2a: Jellicent|81/100
|-start|p1a: Noivern|Disable|U-turn|[from] ability: Cursed Body|[of] p2a: Jellicent
|
|t:|1664544115
|switch|p1a: Mandibuzz|Mandibuzz, F|66/100 tox|[from]move: U-turn
|move|p2a: Jellicent|Will-O-Wisp|p1a: Mandibuzz|[miss]
|-miss|p2a: Jellicent|p1a: Mandibuzz
|
|-damage|p1a: Mandibuzz|59/100 tox|[from] psn
|upkeep
|turn|32
|l| galacman
|
|t:|1664544134
|switch|p2a: Hippowdon|Hippowdon, F|75/100 tox
|-weather|Sandstorm|[from] ability: Sand Stream|[of] p2a: Hippowdon
|move|p1a: Mandibuzz|Toxic|p2a: Hippowdon
|-fail|p2a: Hippowdon|tox
|
|-weather|Sandstorm|[upkeep]
|-damage|p1a: Mandibuzz|47/100 tox|[from] psn
|-damage|p2a: Hippowdon|69/100 tox|[from] psn
|upkeep
|turn|33
|
|t:|1664544143
|move|p1a: Mandibuzz|U-turn|p2a: Hippowdon
|-damage|p2a: Hippowdon|62/100 tox
|
|t:|1664544146
|switch|p1a: Scizor|Scizor, F|95/100|[from]move: U-turn
|move|p2a: Hippowdon|Slack Off|p2a: Hippowdon
|-heal|p2a: Hippowdon|100/100 tox
|
|-weather|Sandstorm|[upkeep]
|-damage|p2a: Hippowdon|88/100 tox|[from] psn
|upkeep
|turn|34
|
|t:|1664544167
|switch|p2a: Mandibuzz|Mandibuzz, F|65/100
|move|p1a: Scizor|U-turn|p2a: Mandibuzz
|-damage|p2a: Mandibuzz|43/100
|
|t:|1664544186
|switch|p1a: Nidoqueen|Nidoqueen, F|64/100 brn|[from]move: U-turn
|-damage|p1a: Nidoqueen|58/100 brn|[from] Stealth Rock
|-damage|p1a: Nidoqueen|41/100 brn|[from] Spikes
|
|-weather|Sandstorm|[upkeep]
|-damage|p1a: Nidoqueen|35/100 brn|[from] brn
|upkeep
|turn|35
|
|t:|1664544195
|switch|p2a: Chansey|Chansey, F|100/100
|move|p1a: Nidoqueen|Stealth Rock|p2a: Chansey
|-sidestart|p2: Kyriau|move: Stealth Rock
|
|-weather|Sandstorm|[upkeep]
|-damage|p2a: Chansey|94/100|[from] Sandstorm
|-damage|p1a: Nidoqueen|29/100 brn|[from] brn
|upkeep
|turn|36
|
|t:|1664544203
|switch|p1a: Scizor|Scizor, F|95/100
|move|p2a: Chansey|Aromatherapy|p2a: Chansey
|-activate|p2a: Chansey|move: Aromatherapy
|-curestatus|p2: Hippowdon|tox|[msg]
|
|-weather|none
|upkeep
|turn|37
|
|t:|1664544221
|switch|p2a: Jellicent|Jellicent, F|81/100
|-damage|p2a: Jellicent|69/100|[from] Stealth Rock
|move|p1a: Scizor|Bullet Punch|p2a: Jellicent
|-resisted|p2a: Jellicent
|-damage|p2a: Jellicent|57/100
|
|upkeep
|turn|38
|
|t:|1664544227
|move|p2a: Jellicent|Recover|p2a: Jellicent
|-heal|p2a: Jellicent|100/100
|move|p1a: Scizor|U-turn|p2a: Jellicent
|-resisted|p2a: Jellicent
|-damage|p2a: Jellicent|85/100
|inactive|Liz Angeles has 120 seconds left.
|
|t:|1664544266
|switch|p1a: Mandibuzz|Mandibuzz, F|47/100 tox|[from]move: U-turn
|
|-damage|p1a: Mandibuzz|41/100 tox|[from] psn
|upkeep
|turn|39
|
|t:|1664544282
|switch|p2a: Avalugg|Avalugg, M|59/100
|-damage|p2a: Avalugg|34/100|[from] Stealth Rock
|move|p1a: Mandibuzz|Roost|p1a: Mandibuzz
|-heal|p1a: Mandibuzz|91/100 tox
|-singleturn|p1a: Mandibuzz|move: Roost
|
|-damage|p1a: Mandibuzz|79/100 tox|[from] psn
|upkeep
|turn|40
|
|t:|1664544291
|move|p1a: Mandibuzz|U-turn|p2a: Avalugg
|-damage|p2a: Avalugg|29/100
|
|t:|1664544294
|switch|p1a: Azelf|Azelf|70/100|[from]move: U-turn
|move|p2a: Avalugg|Recover|p2a: Avalugg
|-heal|p2a: Avalugg|79/100
|
|upkeep
|turn|41
|
|t:|1664544303
|switch|p2a: Jellicent|Jellicent, F|85/100
|-damage|p2a: Jellicent|73/100|[from] Stealth Rock
|move|p1a: Azelf|Flamethrower|p2a: Jellicent
|-resisted|p2a: Jellicent
|-damage|p2a: Jellicent|59/100
|-start|p1a: Azelf|Disable|Flamethrower|[from] ability: Cursed Body|[of] p2a: Jellicent
|
|upkeep
|turn|42
|
|t:|1664544316
|move|p1a: Azelf|Psychic|p2a: Jellicent
|-damage|p2a: Jellicent|21/100
|move|p2a: Jellicent|Recover|p2a: Jellicent
|-heal|p2a: Jellicent|71/100
|
|upkeep
|turn|43
|
|t:|1664544327
|move|p1a: Azelf|U-turn|p2a: Jellicent
|-resisted|p2a: Jellicent
|-crit|p2a: Jellicent
|-damage|p2a: Jellicent|58/100
|
|t:|1664544331
|switch|p1a: Mandibuzz|Mandibuzz, F|79/100 tox|[from]move: U-turn
|move|p2a: Jellicent|Will-O-Wisp||[still]
|-fail|p2a: Jellicent
|
|-damage|p1a: Mandibuzz|73/100 tox|[from] psn
|upkeep
|turn|44
|
|t:|1664544337
|move|p1a: Mandibuzz|Toxic|p2a: Jellicent
|-status|p2a: Jellicent|tox
|move|p2a: Jellicent|Recover|p2a: Jellicent
|-heal|p2a: Jellicent|100/100 tox
|
|-damage|p1a: Mandibuzz|60/100 tox|[from] psn
|-damage|p2a: Jellicent|94/100 tox|[from] psn
|upkeep
|turn|45
|
|t:|1664544351
|switch|p2a: Avalugg|Avalugg, M|79/100
|-damage|p2a: Avalugg|55/100|[from] Stealth Rock
|move|p1a: Mandibuzz|U-turn|p2a: Avalugg
|-damage|p2a: Avalugg|50/100
|
|t:|1664544357
|switch|p1a: Azelf|Azelf|70/100|[from]move: U-turn
|
|upkeep
|turn|46
|
|t:|1664544368
|switch|p2a: Jellicent|Jellicent, F|94/100 tox
|-damage|p2a: Jellicent|82/100 tox|[from] Stealth Rock
|move|p1a: Azelf|Flamethrower|p2a: Jellicent
|-resisted|p2a: Jellicent
|-damage|p2a: Jellicent|70/100 tox
|
|-damage|p2a: Jellicent|63/100 tox|[from] psn
|upkeep
|turn|47
|
|t:|1664544381
|move|p1a: Azelf|Psychic|p2a: Jellicent
|-damage|p2a: Jellicent|25/100 tox
|move|p2a: Jellicent|Recover|p2a: Jellicent
|-heal|p2a: Jellicent|75/100 tox
|
|-damage|p2a: Jellicent|63/100 tox|[from] psn
|upkeep
|turn|48
|
|t:|1664544392
|switch|p2a: Hippowdon|Hippowdon, F|88/100
|-damage|p2a: Hippowdon|82/100|[from] Stealth Rock
|-weather|Sandstorm|[from] ability: Sand Stream|[of] p2a: Hippowdon
|move|p1a: Azelf|Psychic|p2a: Hippowdon
|-damage|p2a: Hippowdon|44/100
|
|-weather|Sandstorm|[upkeep]
|-damage|p1a: Azelf|63/100|[from] Sandstorm
|upkeep
|turn|49
|
|t:|1664544402
|move|p1a: Azelf|U-turn|p2a: Hippowdon
|-damage|p2a: Hippowdon|31/100
|
|t:|1664544408
|switch|p1a: Mandibuzz|Mandibuzz, F|60/100 tox|[from]move: U-turn
|move|p2a: Hippowdon|Slack Off|p2a: Hippowdon
|-heal|p2a: Hippowdon|81/100
|
|-weather|Sandstorm|[upkeep]
|-damage|p1a: Mandibuzz|54/100 tox|[from] psn
|upkeep
|turn|50
|
|t:|1664544417
|switch|p2a: Mandibuzz|Mandibuzz, F|43/100
|move|p1a: Mandibuzz|U-turn|p2a: Mandibuzz
|-damage|p2a: Mandibuzz|37/100
|
|t:|1664544435
|switch|p1a: Noivern|Noivern, M|100/100|[from]move: U-turn
|-item|p2a: Mandibuzz|Heavy-Duty Boots|[from] ability: Frisk|[of] p1a: Noivern|[identify]
|
|-weather|Sandstorm|[upkeep]
|-damage|p1a: Noivern|94/100|[from] Sandstorm
|upkeep
|turn|51
|
|t:|1664544443
|move|p1a: Noivern|Draco Meteor|p2a: Mandibuzz|[miss]
|-miss|p1a: Noivern|p2a: Mandibuzz
|move|p2a: Mandibuzz|Roost|p2a: Mandibuzz
|-heal|p2a: Mandibuzz|87/100
|-singleturn|p2a: Mandibuzz|move: Roost
|
|-weather|Sandstorm|[upkeep]
|-damage|p1a: Noivern|88/100|[from] Sandstorm
|upkeep
|turn|52
|
|t:|1664544460
|switch|p2a: Chansey|Chansey, F|94/100
|-damage|p2a: Chansey|82/100|[from] Stealth Rock
|move|p1a: Noivern|U-turn|p2a: Chansey
|-damage|p2a: Chansey|74/100
|
|t:|1664544471
|switch|p1a: Scizor|Scizor, F|95/100|[from]move: U-turn
|
|-weather|none
|upkeep
|turn|53
|
|t:|1664544479
|switch|p2a: Jellicent|Jellicent, F|63/100 tox
|-damage|p2a: Jellicent|50/100 tox|[from] Stealth Rock
|move|p1a: Scizor|Knock Off|p2a: Jellicent
|-supereffective|p2a: Jellicent
|-damage|p2a: Jellicent|10/100 tox
|
|-damage|p2a: Jellicent|4/100 tox|[from] psn
|upkeep
|turn|54
|
|t:|1664544487
|move|p1a: Scizor|Bullet Punch|p2a: Jellicent
|-resisted|p2a: Jellicent
|-damage|p2a: Jellicent|0 fnt
|faint|p2a: Jellicent
|
|upkeep
|-message|Kyriau forfeited.
|
|win|Liz Angeles
|raw|Liz Angeles's rating: 1497 &rarr; <strong>1513</strong><br />(+16 for winning)
|raw|Kyriau's rating: 1421 &rarr; <strong>1405</strong><br />(-16 for losing)
|l|☆Kyriau
||Ladder isn't responding, score probably updated but might not have (Request timeout).
