|j|☆lanouille
|j|☆dafza
|t:|1613311706
|player|p1|lanouille|schoolkid|1465
|player|p2|dafza|2|1321
|teamsize|p1|6
|teamsize|p2|6
|gametype|singles
|gen|8
|tier|[Gen 8] UU
|rated|
|clearpoke
|poke|p1|Nihilego|
|poke|p1|Ditto|
|poke|p1|Thundurus, M|
|poke|p1|Azumarill, M|
|poke|p1|Salamence, M|
|poke|p1|Jirachi|
|poke|p2|Grimmsnarl, M|
|poke|p2|Krookodile, M|
|poke|p2|Gyarados, F|
|poke|p2|Kommo-o, M|
|poke|p2|Moltres-Galar|
|poke|p2|Linoone, F|
|rule|Sleep Clause Mod: Limit one foe put to sleep
|rule|Species Clause: Limit one of each Pokémon
|rule|OHKO Clause: OHKO moves are banned
|rule|Evasion Moves Clause: Evasion moves are banned
|rule|Endless Battle Clause: Forcing endless battles is banned
|rule|HP Percentage Mod: HP is shown in percentages
|rule|Dynamax Clause: You cannot dynamax
|teampreview
|inactive|Battle timer is ON: inactive players will automatically lose when time's up. (requested by dafza)
|c|☆dafza|fr?
|
|t:|1613311725
|start
|switch|p1a: Azumarill|Azumarill, M|100/100
|switch|p2a: Krookodile|Krookodile, M|100/100
|-ability|p2a: Krookodile|Intimidate|boost
|-unboost|p1a: Azumarill|atk|1
|turn|1
|c|☆lanouille|yes
|c|☆lanouille|oui
|
|t:|1613311746
|move|p2a: Krookodile|Knock Off|p1a: Azumarill
|-resisted|p1a: Azumarill
|-damage|p1a: Azumarill|72/100
|-enditem|p1a: Azumarill|Sitrus Berry|[from] move: Knock Off|[of] p2a: Krookodile
|move|p1a: Azumarill|Play Rough|p2a: Krookodile|[miss]
|-miss|p1a: Azumarill|p2a: Krookodile
|
|upkeep
|turn|2
|c|☆dafza|et aller ca comence
|
|t:|1613311765
|move|p2a: Krookodile|Stealth Rock|p1a: Azumarill
|-sidestart|p1: lanouille|move: Stealth Rock
|move|p1a: Azumarill|Belly Drum|p1a: Azumarill
|-damage|p1a: Azumarill|22/100
|-setboost|p1a: Azumarill|atk|6|[from] move: Belly Drum
|
|upkeep
|turn|3
|c|☆lanouille|cest lourd
|
|t:|1613311771
|move|p1a: Azumarill|Aqua Jet|p2a: Krookodile
|-supereffective|p2a: Krookodile
|-enditem|p2a: Krookodile|Focus Sash
|-damage|p2a: Krookodile|1/100
|move|p2a: Krookodile|Earthquake|p1a: Azumarill
|-damage|p1a: Azumarill|0 fnt
|faint|p1a: Azumarill
|
|upkeep
|c|☆dafza|surtout
|
|t:|1613311782
|switch|p1a: Nihilego|Nihilego|100/100
|-damage|p1a: Nihilego|88/100|[from] Stealth Rock
|turn|4
|c|☆dafza|j en ai pas besoin
|
|t:|1613311805
|move|p1a: Nihilego|Sludge Wave|p2a: Krookodile
|-resisted|p2a: Krookodile
|-damage|p2a: Krookodile|0 fnt
|faint|p2a: Krookodile
|-ability|p1a: Nihilego|Beast Boost|boost
|-boost|p1a: Nihilego|spe|1
|
|upkeep
|
|t:|1613311820
|switch|p2a: Kommo-o|Kommo-o, M|100/100
|turn|5
|c|☆lanouille|on verra bie lequipe a moute moute nest pasinvincible
|inactive|lanouille has 120 seconds left.
|
|t:|1613311847
|move|p1a: Nihilego|Meteor Beam||[still]
|-prepare|p1a: Nihilego|Meteor Beam
|-boost|p1a: Nihilego|spa|1
|-enditem|p1a: Nihilego|Power Herb
|-anim|p1a: Nihilego|Meteor Beam|p2a: Kommo-o|[miss]
|-miss|p1a: Nihilego|p2a: Kommo-o
|move|p2a: Kommo-o|Substitute|p2a: Kommo-o
|-start|p2a: Kommo-o|Substitute
|-damage|p2a: Kommo-o|76/100
|
|-heal|p2a: Kommo-o|82/100|[from] item: Leftovers
|upkeep
|turn|6
|
|t:|1613311857
|move|p1a: Nihilego|Sludge Wave|p2a: Kommo-o
|-end|p2a: Kommo-o|Substitute
|move|p2a: Kommo-o|Clangorous Soul|p2a: Kommo-o
|-boost|p2a: Kommo-o|atk|1
|-boost|p2a: Kommo-o|def|1
|-boost|p2a: Kommo-o|spa|1
|-boost|p2a: Kommo-o|spd|1
|-boost|p2a: Kommo-o|spe|1
|-damage|p2a: Kommo-o|49/100
|
|-heal|p2a: Kommo-o|55/100|[from] item: Leftovers
|upkeep
|turn|7
|c|☆dafza|c honteux
|
|t:|1613311866
|move|p1a: Nihilego|Sludge Wave|p2a: Kommo-o
|-damage|p2a: Kommo-o|2/100
|move|p2a: Kommo-o|Drain Punch|p1a: Nihilego
|-damage|p1a: Nihilego|0 fnt
|-heal|p2a: Kommo-o|58/100|[from] drain|[of] p1a: Nihilego
|faint|p1a: Nihilego
|
|-heal|p2a: Kommo-o|64/100|[from] item: Leftovers
|upkeep
|
|t:|1613311877
|switch|p1a: Salamence|Salamence, M|100/100
|-ability|p1a: Salamence|Intimidate|boost
|-unboost|p2a: Kommo-o|atk|1
|turn|8
|
|t:|1613311884
|switch|p2a: Grimmsnarl|Grimmsnarl, M|100/100
|move|p1a: Salamence|Draco Meteor|p2a: Grimmsnarl
|-immune|p2a: Grimmsnarl
|
|upkeep
|turn|9
|
|t:|1613311896
|switch|p1a: Jirachi|Jirachi|100/100
|-damage|p1a: Jirachi|94/100|[from] Stealth Rock
|move|p2a: Grimmsnarl|Spirit Break|p1a: Jirachi
|-resisted|p1a: Jirachi
|-damage|p1a: Jirachi|78/100
|-unboost|p1a: Jirachi|spa|1
|
|-heal|p1a: Jirachi|84/100|[from] item: Leftovers
|upkeep
|turn|10
|
|t:|1613311907
|move|p2a: Grimmsnarl|Reflect|p2a: Grimmsnarl
|-sidestart|p2: dafza|Reflect
|move|p1a: Jirachi|Stealth Rock|p2a: Grimmsnarl
|-sidestart|p2: dafza|move: Stealth Rock
|
|-heal|p1a: Jirachi|90/100|[from] item: Leftovers
|upkeep
|turn|11
|
|t:|1613311913
|move|p2a: Grimmsnarl|Light Screen|p2a: Grimmsnarl
|-sidestart|p2: dafza|move: Light Screen
|move|p1a: Jirachi|Iron Head|p2a: Grimmsnarl
|-supereffective|p2a: Grimmsnarl
|-damage|p2a: Grimmsnarl|61/100
|
|-heal|p1a: Jirachi|97/100|[from] item: Leftovers
|upkeep
|turn|12
|
|t:|1613311927
|move|p1a: Jirachi|Iron Head|p2a: Grimmsnarl
|-supereffective|p2a: Grimmsnarl
|-damage|p2a: Grimmsnarl|20/100
|cant|p2a: Grimmsnarl|flinch
|
|-heal|p1a: Jirachi|100/100|[from] item: Leftovers
|upkeep
|turn|13
|c|☆dafza|par contre tas pas de race a jouer jirachi
|c|☆lanouille|oh cest enevant cest pas amoongus
|inactive|lanouille has 120 seconds left.
|c|☆lanouille|ni leveinard
|
|t:|1613311961
|move|p2a: Grimmsnarl|Taunt|p1a: Jirachi
|-start|p1a: Jirachi|move: Taunt
|move|p1a: Jirachi|Iron Head|p2a: Grimmsnarl
|-supereffective|p2a: Grimmsnarl
|-damage|p2a: Grimmsnarl|0 fnt
|faint|p2a: Grimmsnarl
|
|upkeep
|c|☆dafza|c pire
|inactive|dafza has 120 seconds left.
|
|t:|1613311989
|switch|p2a: Moltres|Moltres-Galar|100/100
|-damage|p2a: Moltres|76/100|[from] Stealth Rock
|turn|14
|inactive|lanouille has 120 seconds left.
|c|☆lanouille|non jiachi a eormemen de point faible
|
|t:|1613312018
|move|p1a: Jirachi|Iron Head|p2a: Moltres
|-damage|p2a: Moltres|61/100
|cant|p2a: Moltres|flinch
|
|upkeep
|turn|15
|
|t:|1613312034
|move|p1a: Jirachi|Iron Head|p2a: Moltres
|-damage|p2a: Moltres|45/100
|-ability|p2a: Moltres|Berserk|boost
|-boost|p2a: Moltres|spa|1
|cant|p2a: Moltres|flinch
|
|-end|p1a: Jirachi|move: Taunt
|upkeep
|turn|16
|inactive|lanouille has 120 seconds left.
|
|t:|1613312043
|move|p1a: Jirachi|Iron Head|p2a: Moltres
|-damage|p2a: Moltres|29/100
|move|p2a: Moltres|Fiery Wrath|p1a: Jirachi
|-supereffective|p1a: Jirachi
|-damage|p1a: Jirachi|0 fnt
|faint|p1a: Jirachi
|
|upkeep
|inactive|lanouille has 120 seconds left.
|
|t:|1613312061
|switch|p1a: Ditto|Ditto|100/100
|-damage|p1a: Ditto|88/100|[from] Stealth Rock
|-transform|p1a: Ditto|p2a: Moltres|[from] ability: Imposter
|turn|17
|c|☆dafza|tu me compare un champignon avec un fabuleux  qui a 60% de cgance de flinch
|
|t:|1613312083
|move|p1a: Ditto|Air Slash|p2a: Moltres
|-damage|p2a: Moltres|8/100
|move|p2a: Moltres|Air Slash|p1a: Ditto
|-damage|p1a: Ditto|36/100
|-ability|p1a: Ditto|Berserk|boost
|-boost|p1a: Ditto|spa|1
|
|-sideend|p2: dafza|Reflect
|upkeep
|turn|18
|inactive|lanouille has 120 seconds left.
|inactive|lanouille has 90 seconds left.
|c|☆lanouille|ouai ais jai telleent la poisse que je suis 10 pour cent
|
|t:|1613312122
|move|p1a: Ditto|Air Slash|p2a: Moltres|[miss]
|-miss|p1a: Ditto|p2a: Moltres
|move|p2a: Moltres|Air Slash|p1a: Ditto
|-damage|p1a: Ditto|0 fnt
|faint|p1a: Ditto
|
|-sideend|p2: dafza|move: Light Screen
|upkeep
|inactive|lanouille has 90 seconds left.
|
|t:|1613312129
|switch|p1a: Thundurus|Thundurus, M|100/100
|-damage|p1a: Thundurus|76/100|[from] Stealth Rock
|turn|19
|c|☆dafza|cheh
|c|☆dafza|faut pas jouer jirachi c pour ca
|
|t:|1613312145
|move|p1a: Thundurus|Thunderbolt|p2a: Moltres
|-supereffective|p2a: Moltres
|-damage|p2a: Moltres|0 fnt
|faint|p2a: Moltres
|
|upkeep
|j| Andresa<3
|
|t:|1613312157
|switch|p2a: Linoone|Linoone, F|100/100
|-damage|p2a: Linoone|88/100|[from] Stealth Rock
|turn|20
|
|t:|1613312161
|move|p1a: Thundurus|Thunderbolt|p2a: Linoone
|-damage|p2a: Linoone|0 fnt
|faint|p2a: Linoone
|
|upkeep
|
|t:|1613312164
|switch|p2a: Kommo-o|Kommo-o, M|64/100
|-damage|p2a: Kommo-o|58/100|[from] Stealth Rock
|turn|21
|
|t:|1613312175
|move|p1a: Thundurus|Thunderbolt|p2a: Kommo-o
|-resisted|p2a: Kommo-o
|-damage|p2a: Kommo-o|23/100
|move|p2a: Kommo-o|Poison Jab|p1a: Thundurus
|-damage|p1a: Thundurus|37/100
|
|-heal|p2a: Kommo-o|29/100|[from] item: Leftovers
|upkeep
|turn|22
|
|t:|1613312184
|move|p1a: Thundurus|Thunderbolt|p2a: Kommo-o
|-resisted|p2a: Kommo-o
|-damage|p2a: Kommo-o|0 fnt
|faint|p2a: Kommo-o
|
|upkeep
|
|t:|1613312186
|switch|p2a: Gyarados|Gyarados, F|100/100
|-damage|p2a: Gyarados|76/100|[from] Stealth Rock
|turn|23
|c|☆lanouille|gg
|
|t:|1613312192
|move|p1a: Thundurus|Thunderbolt|p2a: Gyarados
|-supereffective|p2a: Gyarados
|-damage|p2a: Gyarados|0 fnt
|faint|p2a: Gyarados
|
|win|lanouille
|l|☆dafza
|raw|lanouille's rating: 1465 &rarr; <strong>1477</strong><br />(+12 for winning)
|raw|dafza's rating: 1321 &rarr; <strong>1309</strong><br />(-12 for losing)
