|j|☆scrimded
|j|☆esqimo589
|t:|1664483520
|gametype|singles
|player|p1|scrimded|silver|1257
|player|p2|esqimo589|n|1263
|teamsize|p1|6
|teamsize|p2|6
|gen|8
|tier|[Gen 8] UU
|rated|
|rule|Sleep Clause Mod: Limit one foe put to sleep
|rule|Species Clause: Limit one of each Pokémon
|rule|OHKO Clause: OHKO moves are banned
|rule|Evasion Items Clause: Evasion items are banned
|rule|Evasion Moves Clause: Evasion moves are banned
|rule|Endless Battle Clause: Forcing endless battles is banned
|rule|HP Percentage Mod: HP is shown in percentages
|rule|Dynamax Clause: You cannot dynamax
|clearpoke
|poke|p1|Skarmory, M|
|poke|p1|Chansey, F|
|poke|p1|Articuno-Galar|
|poke|p1|Hippowdon, F|
|poke|p1|Nihilego|
|poke|p1|Tentacruel, F|
|poke|p2|Starmie|
|poke|p2|Krookodile, M|
|poke|p2|Skarmory, M|
|poke|p2|Chansey, F|
|poke|p2|Dhelmise|
|poke|p2|Milotic, F|
|teampreview
|inactive|Battle timer is ON: inactive players will automatically lose when time's up. (requested by esqimo589)
|c|☆esqimo589|is that scimzn
|c|☆scrimded|no
|c|☆esqimo589|youre using garticuno
|inactive|esqimo589 has 120 seconds left.
|c|☆scrimded|scrim is ded
|
|t:|1664483567
|start
|switch|p1a: Hippowdon|Hippowdon, F|100/100
|switch|p2a: flat fuck friday|Krookodile, M|100/100
|-ability|p2a: flat fuck friday|Intimidate|boost
|-unboost|p1a: Hippowdon|atk|1
|-weather|Sandstorm|[from] ability: Sand Stream|[of] p1a: Hippowdon
|turn|1
|inactive|scrimded has 120 seconds left.
|
|t:|1664483609
|move|p2a: flat fuck friday|Taunt|p1a: Hippowdon
|-start|p1a: Hippowdon|move: Taunt
|move|p1a: Hippowdon|Earthquake|p2a: flat fuck friday
|-damage|p2a: flat fuck friday|76/100
|
|-weather|Sandstorm|[upkeep]
|-heal|p2a: flat fuck friday|82/100|[from] item: Leftovers
|upkeep
|turn|2
|
|t:|1664483628
|switch|p1a: Skarmory|Skarmory, M|100/100
|move|p2a: flat fuck friday|Stealth Rock|p1a: Skarmory
|-sidestart|p1: scrimded|move: Stealth Rock
|
|-weather|Sandstorm|[upkeep]
|-heal|p2a: flat fuck friday|88/100|[from] item: Leftovers
|upkeep
|turn|3
|
|t:|1664483641
|move|p2a: flat fuck friday|Knock Off|p1a: Skarmory
|-damage|p1a: Skarmory|76/100
|-damage|p2a: flat fuck friday|72/100|[from] item: Rocky Helmet|[of] p1a: Skarmory
|-enditem|p1a: Skarmory|Rocky Helmet|[from] move: Knock Off|[of] p2a: flat fuck friday
|move|p1a: Skarmory|Spikes|p2a: flat fuck friday
|-sidestart|p2: esqimo589|Spikes
|
|-weather|Sandstorm|[upkeep]
|-heal|p2a: flat fuck friday|78/100|[from] item: Leftovers
|upkeep
|turn|4
|inactive|scrimded has 90 seconds left.
|
|t:|1664483670
|switch|p2a: the anchor|Dhelmise|100/100
|move|p1a: Skarmory|Body Press|p2a: the anchor
|-immune|p2a: the anchor
|
|-weather|Sandstorm|[upkeep]
|-damage|p2a: the anchor|94/100|[from] Sandstorm
|upkeep
|turn|5
|inactive|scrimded has 90 seconds left.
|
|t:|1664483689
|move|p1a: Skarmory|Roost|p1a: Skarmory
|-heal|p1a: Skarmory|100/100
|-singleturn|p1a: Skarmory|move: Roost
|move|p2a: the anchor|Anchor Shot|p1a: Skarmory
|-resisted|p1a: Skarmory
|-damage|p1a: Skarmory|90/100
|-activate|p1a: Skarmory|trapped
|
|-weather|none
|upkeep
|turn|6
|inactive|scrimded has 90 seconds left.
|c|☆esqimo589|we gottem bois
|
|t:|1664483715
|move|p1a: Skarmory|Iron Defense|p1a: Skarmory
|-boost|p1a: Skarmory|def|2
|move|p2a: the anchor|Rapid Spin|p1a: Skarmory
|-resisted|p1a: Skarmory
|-damage|p1a: Skarmory|88/100
|-boost|p2a: the anchor|spe|1
|-sideend|p2: esqimo589|Spikes|[from] move: Rapid Spin|[of] p2a: the anchor
|
|upkeep
|turn|7
|inactive|scrimded has 90 seconds left.
|
|t:|1664483726
|move|p2a: the anchor|Rapid Spin|p1a: Skarmory
|-resisted|p1a: Skarmory
|-damage|p1a: Skarmory|86/100
|-boost|p2a: the anchor|spe|1
|move|p1a: Skarmory|Iron Defense|p1a: Skarmory
|-boost|p1a: Skarmory|def|2
|
|upkeep
|turn|8
|inactive|scrimded has 90 seconds left.
|
|t:|1664483735
|move|p2a: the anchor|Rapid Spin|p1a: Skarmory
|-resisted|p1a: Skarmory
|-damage|p1a: Skarmory|84/100
|-boost|p2a: the anchor|spe|1
|move|p1a: Skarmory|Iron Defense|p1a: Skarmory
|-boost|p1a: Skarmory|def|2
|
|upkeep
|turn|9
|
|t:|1664483743
|move|p2a: the anchor|Rapid Spin|p1a: Skarmory
|-resisted|p1a: Skarmory
|-damage|p1a: Skarmory|83/100
|-boost|p2a: the anchor|spe|1
|move|p1a: Skarmory|Spikes|p2a: the anchor
|-sidestart|p2: esqimo589|Spikes
|
|upkeep
|turn|10
|
|t:|1664483750
|move|p2a: the anchor|Rapid Spin|p1a: Skarmory
|-resisted|p1a: Skarmory
|-damage|p1a: Skarmory|82/100
|-boost|p2a: the anchor|spe|1
|-sideend|p2: esqimo589|Spikes|[from] move: Rapid Spin|[of] p2a: the anchor
|move|p1a: Skarmory|Spikes|p2a: the anchor
|-sidestart|p2: esqimo589|Spikes
|
|upkeep
|turn|11
|
|t:|1664483756
|move|p2a: the anchor|Rapid Spin|p1a: Skarmory
|-resisted|p1a: Skarmory
|-damage|p1a: Skarmory|81/100
|-boost|p2a: the anchor|spe|1
|-sideend|p2: esqimo589|Spikes|[from] move: Rapid Spin|[of] p2a: the anchor
|move|p1a: Skarmory|Spikes|p2a: the anchor
|-sidestart|p2: esqimo589|Spikes
|
|upkeep
|turn|12
|c|☆esqimo589|this is gonna take a while
|
|t:|1664483769
|move|p2a: the anchor|Rapid Spin|p1a: Skarmory
|-resisted|p1a: Skarmory
|-damage|p1a: Skarmory|80/100
|-sideend|p2: esqimo589|Spikes|[from] move: Rapid Spin|[of] p2a: the anchor
|move|p1a: Skarmory|Spikes|p2a: the anchor
|-sidestart|p2: esqimo589|Spikes
|
|upkeep
|turn|13
|
|t:|1664483775
|move|p2a: the anchor|Rapid Spin|p1a: Skarmory
|-resisted|p1a: Skarmory
|-damage|p1a: Skarmory|78/100
|-sideend|p2: esqimo589|Spikes|[from] move: Rapid Spin|[of] p2a: the anchor
|move|p1a: Skarmory|Iron Defense|p1a: Skarmory
|-boost|p1a: Skarmory|def|0
|
|upkeep
|turn|14
|
|t:|1664483781
|move|p2a: the anchor|Rapid Spin|p1a: Skarmory
|-resisted|p1a: Skarmory
|-damage|p1a: Skarmory|77/100
|move|p1a: Skarmory|Iron Defense|p1a: Skarmory
|-boost|p1a: Skarmory|def|0
|
|upkeep
|turn|15
|inactive|scrimded has 120 seconds left.
|
|t:|1664483786
|move|p2a: the anchor|Rapid Spin|p1a: Skarmory
|-resisted|p1a: Skarmory
|-damage|p1a: Skarmory|76/100
|move|p1a: Skarmory|Iron Defense|p1a: Skarmory
|-boost|p1a: Skarmory|def|0
|
|upkeep
|turn|16
|
|t:|1664483791
|move|p2a: the anchor|Rapid Spin|p1a: Skarmory
|-resisted|p1a: Skarmory
|-damage|p1a: Skarmory|75/100
|move|p1a: Skarmory|Body Press|p2a: the anchor
|-immune|p2a: the anchor
|
|upkeep
|turn|17
|
|t:|1664483798
|move|p2a: the anchor|Rapid Spin|p1a: Skarmory
|-resisted|p1a: Skarmory
|-damage|p1a: Skarmory|74/100
|move|p1a: Skarmory|Iron Defense|p1a: Skarmory
|-boost|p1a: Skarmory|def|0
|
|upkeep
|turn|18
|
|t:|1664483806
|move|p2a: the anchor|Rapid Spin|p1a: Skarmory
|-resisted|p1a: Skarmory
|-damage|p1a: Skarmory|72/100
|move|p1a: Skarmory|Iron Defense|p1a: Skarmory
|-boost|p1a: Skarmory|def|0
|
|upkeep
|turn|19
|
|t:|1664483811
|move|p2a: the anchor|Rapid Spin|p1a: Skarmory
|-resisted|p1a: Skarmory
|-damage|p1a: Skarmory|71/100
|move|p1a: Skarmory|Iron Defense|p1a: Skarmory
|-boost|p1a: Skarmory|def|0
|
|upkeep
|turn|20
|
|t:|1664483815
|move|p2a: the anchor|Rapid Spin|p1a: Skarmory
|-resisted|p1a: Skarmory
|-damage|p1a: Skarmory|70/100
|move|p1a: Skarmory|Iron Defense|p1a: Skarmory
|-boost|p1a: Skarmory|def|0
|
|upkeep
|turn|21
|
|t:|1664483821
|move|p2a: the anchor|Rapid Spin|p1a: Skarmory
|-resisted|p1a: Skarmory
|-damage|p1a: Skarmory|69/100
|move|p1a: Skarmory|Body Press|p2a: the anchor
|-immune|p2a: the anchor
|
|upkeep
|turn|22
|
|t:|1664483824
|move|p2a: the anchor|Rapid Spin|p1a: Skarmory
|-resisted|p1a: Skarmory
|-damage|p1a: Skarmory|68/100
|move|p1a: Skarmory|Iron Defense|p1a: Skarmory
|-boost|p1a: Skarmory|def|0
|
|upkeep
|turn|23
|
|t:|1664483829
|move|p2a: the anchor|Rapid Spin|p1a: Skarmory
|-resisted|p1a: Skarmory
|-damage|p1a: Skarmory|66/100
|move|p1a: Skarmory|Body Press|p2a: the anchor
|-immune|p2a: the anchor
|
|upkeep
|turn|24
|
|t:|1664483835
|move|p2a: the anchor|Rapid Spin|p1a: Skarmory
|-resisted|p1a: Skarmory
|-damage|p1a: Skarmory|65/100
|move|p1a: Skarmory|Body Press|p2a: the anchor
|-immune|p2a: the anchor
|
|upkeep
|turn|25
|
|t:|1664483840
|move|p2a: the anchor|Rapid Spin|p1a: Skarmory
|-resisted|p1a: Skarmory
|-damage|p1a: Skarmory|64/100
|move|p1a: Skarmory|Body Press|p2a: the anchor
|-immune|p2a: the anchor
|
|upkeep
|turn|26
|
|t:|1664483846
|move|p2a: the anchor|Rapid Spin|p1a: Skarmory
|-resisted|p1a: Skarmory
|-damage|p1a: Skarmory|63/100
|move|p1a: Skarmory|Iron Defense|p1a: Skarmory
|-boost|p1a: Skarmory|def|0
|
|upkeep
|turn|27
|
|t:|1664483853
|move|p2a: the anchor|Rapid Spin|p1a: Skarmory
|-resisted|p1a: Skarmory
|-damage|p1a: Skarmory|62/100
|move|p1a: Skarmory|Iron Defense|p1a: Skarmory
|-boost|p1a: Skarmory|def|0
|
|upkeep
|turn|28
|
|t:|1664483858
|move|p2a: the anchor|Rapid Spin|p1a: Skarmory
|-resisted|p1a: Skarmory
|-damage|p1a: Skarmory|60/100
|move|p1a: Skarmory|Iron Defense|p1a: Skarmory
|-boost|p1a: Skarmory|def|0
|
|upkeep
|turn|29
|
|t:|1664483864
|move|p2a: the anchor|Rapid Spin|p1a: Skarmory
|-resisted|p1a: Skarmory
|-damage|p1a: Skarmory|59/100
|move|p1a: Skarmory|Body Press|p2a: the anchor
|-immune|p2a: the anchor
|
|upkeep
|turn|30
|
|t:|1664483870
|move|p2a: the anchor|Rapid Spin|p1a: Skarmory
|-resisted|p1a: Skarmory
|-damage|p1a: Skarmory|58/100
|move|p1a: Skarmory|Body Press|p2a: the anchor
|-immune|p2a: the anchor
|
|upkeep
|turn|31
|
|t:|1664483876
|move|p2a: the anchor|Rapid Spin|p1a: Skarmory
|-resisted|p1a: Skarmory
|-damage|p1a: Skarmory|57/100
|move|p1a: Skarmory|Iron Defense|p1a: Skarmory
|-boost|p1a: Skarmory|def|0
|
|upkeep
|turn|32
|
|t:|1664483881
|move|p2a: the anchor|Rapid Spin|p1a: Skarmory
|-resisted|p1a: Skarmory
|-damage|p1a: Skarmory|56/100
|move|p1a: Skarmory|Iron Defense|p1a: Skarmory
|-boost|p1a: Skarmory|def|0
|
|upkeep
|turn|33
|
|t:|1664483887
|move|p2a: the anchor|Rapid Spin|p1a: Skarmory
|-resisted|p1a: Skarmory
|-damage|p1a: Skarmory|54/100
|move|p1a: Skarmory|Iron Defense|p1a: Skarmory
|-boost|p1a: Skarmory|def|0
|
|upkeep
|turn|34
|
|t:|1664483893
|move|p2a: the anchor|Rapid Spin|p1a: Skarmory
|-resisted|p1a: Skarmory
|-damage|p1a: Skarmory|53/100
|move|p1a: Skarmory|Iron Defense|p1a: Skarmory
|-boost|p1a: Skarmory|def|0
|
|upkeep
|turn|35
|
|t:|1664483898
|move|p2a: the anchor|Rapid Spin|p1a: Skarmory
|-resisted|p1a: Skarmory
|-damage|p1a: Skarmory|52/100
|move|p1a: Skarmory|Iron Defense|p1a: Skarmory
|-boost|p1a: Skarmory|def|0
|
|upkeep
|turn|36
|
|t:|1664483904
|move|p2a: the anchor|Rapid Spin|p1a: Skarmory
|-resisted|p1a: Skarmory
|-damage|p1a: Skarmory|51/100
|move|p1a: Skarmory|Body Press|p2a: the anchor
|-immune|p2a: the anchor
|
|upkeep
|turn|37
|
|t:|1664483910
|move|p2a: the anchor|Rapid Spin|p1a: Skarmory
|-resisted|p1a: Skarmory
|-damage|p1a: Skarmory|50/100
|move|p1a: Skarmory|Body Press|p2a: the anchor
|-immune|p2a: the anchor
|
|upkeep
|turn|38
|
|t:|1664483916
|move|p2a: the anchor|Rapid Spin|p1a: Skarmory
|-resisted|p1a: Skarmory
|-damage|p1a: Skarmory|48/100
|move|p1a: Skarmory|Roost|p1a: Skarmory
|-heal|p1a: Skarmory|98/100
|-singleturn|p1a: Skarmory|move: Roost
|
|upkeep
|turn|39
|
|t:|1664483922
|move|p2a: the anchor|Rapid Spin|p1a: Skarmory
|-resisted|p1a: Skarmory
|-damage|p1a: Skarmory|97/100
|move|p1a: Skarmory|Spikes|p2a: the anchor
|-sidestart|p2: esqimo589|Spikes
|
|upkeep
|turn|40
|
|t:|1664483927
|move|p2a: the anchor|Rapid Spin|p1a: Skarmory
|-resisted|p1a: Skarmory
|-damage|p1a: Skarmory|96/100
|-sideend|p2: esqimo589|Spikes|[from] move: Rapid Spin|[of] p2a: the anchor
|move|p1a: Skarmory|Spikes|p2a: the anchor
|-sidestart|p2: esqimo589|Spikes
|
|upkeep
|turn|41
|
|t:|1664483932
|move|p2a: the anchor|Rapid Spin|p1a: Skarmory
|-resisted|p1a: Skarmory
|-damage|p1a: Skarmory|95/100
|-sideend|p2: esqimo589|Spikes|[from] move: Rapid Spin|[of] p2a: the anchor
|move|p1a: Skarmory|Spikes|p2a: the anchor
|-sidestart|p2: esqimo589|Spikes
|
|upkeep
|turn|42
|
|t:|1664483939
|move|p2a: the anchor|Rapid Spin|p1a: Skarmory
|-resisted|p1a: Skarmory
|-damage|p1a: Skarmory|93/100
|-sideend|p2: esqimo589|Spikes|[from] move: Rapid Spin|[of] p2a: the anchor
|move|p1a: Skarmory|Iron Defense|p1a: Skarmory
|-boost|p1a: Skarmory|def|0
|
|upkeep
|turn|43
|
|t:|1664483945
|move|p2a: the anchor|Rapid Spin|p1a: Skarmory
|-resisted|p1a: Skarmory
|-damage|p1a: Skarmory|92/100
|move|p1a: Skarmory|Body Press|p2a: the anchor
|-immune|p2a: the anchor
|
|upkeep
|turn|44
|
|t:|1664483957
|move|p2a: the anchor|Rapid Spin|p1a: Skarmory
|-resisted|p1a: Skarmory
|-damage|p1a: Skarmory|91/100
|move|p1a: Skarmory|Roost|p1a: Skarmory
|-heal|p1a: Skarmory|100/100
|-singleturn|p1a: Skarmory|move: Roost
|
|upkeep
|turn|45
|
|t:|1664483964
|move|p2a: the anchor|Rapid Spin|p1a: Skarmory
|-resisted|p1a: Skarmory
|-damage|p1a: Skarmory|99/100
|move|p1a: Skarmory|Roost|p1a: Skarmory
|-heal|p1a: Skarmory|100/100
|-singleturn|p1a: Skarmory|move: Roost
|
|upkeep
|turn|46
|
|t:|1664483974
|move|p2a: the anchor|Anchor Shot|p1a: Skarmory
|-resisted|p1a: Skarmory
|-damage|p1a: Skarmory|98/100
|move|p1a: Skarmory|Iron Defense|p1a: Skarmory
|-boost|p1a: Skarmory|def|0
|
|upkeep
|turn|47
|
|t:|1664483985
|move|p2a: the anchor|Anchor Shot|p1a: Skarmory
|-resisted|p1a: Skarmory
|-damage|p1a: Skarmory|95/100
|move|p1a: Skarmory|Body Press|p2a: the anchor
|-immune|p2a: the anchor
|
|upkeep
|turn|48
|
|t:|1664483991
|move|p2a: the anchor|Anchor Shot|p1a: Skarmory
|-resisted|p1a: Skarmory
|-damage|p1a: Skarmory|92/100
|move|p1a: Skarmory|Body Press|p2a: the anchor
|-immune|p2a: the anchor
|
|upkeep
|turn|49
|
|t:|1664484004
|move|p2a: the anchor|Anchor Shot|p1a: Skarmory
|-resisted|p1a: Skarmory
|-damage|p1a: Skarmory|90/100
|move|p1a: Skarmory|Body Press|p2a: the anchor
|-immune|p2a: the anchor
|
|upkeep
|turn|50
|
|t:|1664484012
|move|p2a: the anchor|Anchor Shot|p1a: Skarmory
|-resisted|p1a: Skarmory
|-damage|p1a: Skarmory|87/100
|move|p1a: Skarmory|Iron Defense|p1a: Skarmory
|-boost|p1a: Skarmory|def|0
|
|upkeep
|turn|51
|
|t:|1664484018
|move|p2a: the anchor|Anchor Shot|p1a: Skarmory
|-resisted|p1a: Skarmory
|-damage|p1a: Skarmory|84/100
|move|p1a: Skarmory|Iron Defense|p1a: Skarmory
|-boost|p1a: Skarmory|def|0
|
|upkeep
|turn|52
|
|t:|1664484024
|move|p2a: the anchor|Anchor Shot|p1a: Skarmory
|-resisted|p1a: Skarmory
|-damage|p1a: Skarmory|82/100
|move|p1a: Skarmory|Body Press|p2a: the anchor
|-immune|p2a: the anchor
|
|upkeep
|turn|53
|
|t:|1664484031
|move|p2a: the anchor|Anchor Shot|p1a: Skarmory
|-resisted|p1a: Skarmory
|-damage|p1a: Skarmory|79/100
|move|p1a: Skarmory|Spikes|p2a: the anchor
|-sidestart|p2: esqimo589|Spikes
|
|upkeep
|turn|54
|
|t:|1664484037
|move|p2a: the anchor|Anchor Shot|p1a: Skarmory
|-resisted|p1a: Skarmory
|-damage|p1a: Skarmory|76/100
|move|p1a: Skarmory|Body Press|p2a: the anchor
|-immune|p2a: the anchor
|
|upkeep
|turn|55
|
|t:|1664484044
|move|p2a: the anchor|Anchor Shot|p1a: Skarmory
|-resisted|p1a: Skarmory
|-damage|p1a: Skarmory|73/100
|move|p1a: Skarmory|Iron Defense|p1a: Skarmory
|-boost|p1a: Skarmory|def|0
|
|upkeep
|turn|56
|
|t:|1664484051
|move|p2a: the anchor|Anchor Shot|p1a: Skarmory
|-resisted|p1a: Skarmory
|-damage|p1a: Skarmory|71/100
|move|p1a: Skarmory|Spikes|p2a: the anchor
|-sidestart|p2: esqimo589|Spikes
|
|upkeep
|turn|57
|
|t:|1664484056
|move|p2a: the anchor|Anchor Shot|p1a: Skarmory
|-resisted|p1a: Skarmory
|-damage|p1a: Skarmory|68/100
|move|p1a: Skarmory|Spikes|p2a: the anchor
|-sidestart|p2: esqimo589|Spikes
|
|upkeep
|turn|58
|
|t:|1664484062
|move|p2a: the anchor|Anchor Shot|p1a: Skarmory
|-resisted|p1a: Skarmory
|-damage|p1a: Skarmory|65/100
|move|p1a: Skarmory|Spikes||[still]
|-fail|p1a: Skarmory
|
|upkeep
|turn|59
|
|t:|1664484068
|move|p2a: the anchor|Rapid Spin|p1a: Skarmory
|-resisted|p1a: Skarmory
|-damage|p1a: Skarmory|64/100
|-sideend|p2: esqimo589|Spikes|[from] move: Rapid Spin|[of] p2a: the anchor
|move|p1a: Skarmory|Spikes|p2a: the anchor
|-sidestart|p2: esqimo589|Spikes
|
|upkeep
|turn|60
|
|t:|1664484073
|move|p2a: the anchor|Anchor Shot|p1a: Skarmory
|-resisted|p1a: Skarmory
|-damage|p1a: Skarmory|61/100
|move|p1a: Skarmory|Spikes|p2a: the anchor
|-sidestart|p2: esqimo589|Spikes
|
|upkeep
|turn|61
|
|t:|1664484079
|move|p2a: the anchor|Anchor Shot|p1a: Skarmory
|-resisted|p1a: Skarmory
|-damage|p1a: Skarmory|58/100
|move|p1a: Skarmory|Spikes|p2a: the anchor
|-sidestart|p2: esqimo589|Spikes
|
|upkeep
|turn|62
|
|t:|1664484084
|move|p2a: the anchor|Anchor Shot|p1a: Skarmory
|-resisted|p1a: Skarmory
|-damage|p1a: Skarmory|56/100
|move|p1a: Skarmory|Spikes||[still]
|-fail|p1a: Skarmory
|
|upkeep
|turn|63
|
|t:|1664484089
|move|p2a: the anchor|Anchor Shot|p1a: Skarmory
|-resisted|p1a: Skarmory
|-damage|p1a: Skarmory|53/100
|move|p1a: Skarmory|Spikes||[still]
|-fail|p1a: Skarmory
|
|upkeep
|turn|64
|
|t:|1664484095
|move|p2a: the anchor|Anchor Shot|p1a: Skarmory
|-resisted|p1a: Skarmory
|-damage|p1a: Skarmory|50/100
|move|p1a: Skarmory|Spikes||[still]
|-fail|p1a: Skarmory
|
|upkeep
|turn|65
|
|t:|1664484103
|move|p2a: the anchor|Anchor Shot|p1a: Skarmory
|-resisted|p1a: Skarmory
|-damage|p1a: Skarmory|47/100
|move|p1a: Skarmory|Spikes||[still]
|-fail|p1a: Skarmory
|
|upkeep
|turn|66
|
|t:|1664484109
|move|p2a: the anchor|Anchor Shot|p1a: Skarmory
|-resisted|p1a: Skarmory
|-damage|p1a: Skarmory|45/100
|move|p1a: Skarmory|Roost|p1a: Skarmory
|-heal|p1a: Skarmory|95/100
|-singleturn|p1a: Skarmory|move: Roost
|
|upkeep
|turn|67
|
|t:|1664484116
|move|p2a: the anchor|Rapid Spin|p1a: Skarmory
|-resisted|p1a: Skarmory
|-damage|p1a: Skarmory|93/100
|-sideend|p2: esqimo589|Spikes|[from] move: Rapid Spin|[of] p2a: the anchor
|move|p1a: Skarmory|Spikes|p2a: the anchor
|-sidestart|p2: esqimo589|Spikes
|
|upkeep
|turn|68
|
|t:|1664484122
|move|p2a: the anchor|Rapid Spin|p1a: Skarmory
|-resisted|p1a: Skarmory
|-damage|p1a: Skarmory|92/100
|-sideend|p2: esqimo589|Spikes|[from] move: Rapid Spin|[of] p2a: the anchor
|move|p1a: Skarmory|Spikes|p2a: the anchor
|-sidestart|p2: esqimo589|Spikes
|
|upkeep
|turn|69
|
|t:|1664484124
|move|p2a: the anchor|Rapid Spin|p1a: Skarmory
|-resisted|p1a: Skarmory
|-damage|p1a: Skarmory|91/100
|-sideend|p2: esqimo589|Spikes|[from] move: Rapid Spin|[of] p2a: the anchor
|move|p1a: Skarmory|Spikes|p2a: the anchor
|-sidestart|p2: esqimo589|Spikes
|
|upkeep
|turn|70
|
|t:|1664484126
|move|p2a: the anchor|Anchor Shot|p1a: Skarmory
|-resisted|p1a: Skarmory
|-damage|p1a: Skarmory|88/100
|move|p1a: Skarmory|Spikes|p2a: the anchor
|-sidestart|p2: esqimo589|Spikes
|
|upkeep
|turn|71
|j| Liz Angeles
|
|t:|1664484129
|move|p2a: the anchor|Anchor Shot|p1a: Skarmory
|-resisted|p1a: Skarmory
|-damage|p1a: Skarmory|85/100
|move|p1a: Skarmory|Spikes|p2a: the anchor
|-sidestart|p2: esqimo589|Spikes
|
|upkeep
|turn|72
|
|t:|1664484131
|move|p2a: the anchor|Rapid Spin|p1a: Skarmory
|-resisted|p1a: Skarmory
|-damage|p1a: Skarmory|84/100
|-sideend|p2: esqimo589|Spikes|[from] move: Rapid Spin|[of] p2a: the anchor
|move|p1a: Skarmory|Spikes|p2a: the anchor
|-sidestart|p2: esqimo589|Spikes
|
|upkeep
|turn|73
|
|t:|1664484135
|move|p2a: the anchor|Rapid Spin|p1a: Skarmory
|-resisted|p1a: Skarmory
|-damage|p1a: Skarmory|83/100
|-sideend|p2: esqimo589|Spikes|[from] move: Rapid Spin|[of] p2a: the anchor
|move|p1a: Skarmory|Spikes|p2a: the anchor
|-sidestart|p2: esqimo589|Spikes
|
|upkeep
|turn|74
|c| Liz Angeles|Does anchor shot count as my tech
|c|☆esqimo589|yes>
|c|☆esqimo589|no?
|c|☆esqimo589|who actually suggested it
|c|☆esqimo589|i think it was me
|c| Liz Angeles|Idk
|inactive|scrimded has 120 seconds left.
|c|☆scrimded|its definitely very fucking lame
|c| Liz Angeles|I think we share credit with qob
|inactive|scrimded has 90 seconds left.
|inactive|scrimded has 60 seconds left.
|c|☆esqimo589|ok liz you mentioned it first but qob figured out you could trap and kill skarm
|c| Liz Angeles|And you executed the tech
|c|☆esqimo589|twice now :)
|c|☆scrimded|he didn't
|c|☆scrimded|not yet
|inactive|scrimded has 30 seconds left.
|c|☆esqimo589|i mean skarm has been trapped
|inactive|scrimded has 20 seconds left.
|inactive|scrimded has 15 seconds left.
|c|☆esqimo589|if you lose to inactivity i stg
|inactive|scrimded has 10 seconds left.
|inactive|scrimded has 5 seconds left.
|c|☆esqimo589|stop
|
|t:|1664484283
|move|p2a: the anchor|Anchor Shot|p1a: Skarmory
|-resisted|p1a: Skarmory
|-damage|p1a: Skarmory|80/100
|move|p1a: Skarmory|Spikes|p2a: the anchor
|-sidestart|p2: esqimo589|Spikes
|
|upkeep
|turn|75
|inactive|scrimded has 15 seconds left this turn.
|c|☆esqimo589|click
|c|☆esqimo589|ok
|inactive|scrimded has 10 seconds left.
|c|☆scrimded|just stalling time
|inactive|scrimded has 5 seconds left.
|
|t:|1664484294
|move|p2a: the anchor|Rapid Spin|p1a: Skarmory
|-resisted|p1a: Skarmory
|-damage|p1a: Skarmory|79/100
|-sideend|p2: esqimo589|Spikes|[from] move: Rapid Spin|[of] p2a: the anchor
|move|p1a: Skarmory|Spikes|p2a: the anchor
|-sidestart|p2: esqimo589|Spikes
|
|upkeep
|turn|76
|inactive|scrimded has 15 seconds left this turn.
|inactive|scrimded has 10 seconds left.
|inactive|scrimded has 5 seconds left.
|
|t:|1664484306
|move|p2a: the anchor|Rapid Spin|p1a: Skarmory
|-resisted|p1a: Skarmory
|-damage|p1a: Skarmory|77/100
|-sideend|p2: esqimo589|Spikes|[from] move: Rapid Spin|[of] p2a: the anchor
|move|p1a: Skarmory|Spikes|p2a: the anchor
|-sidestart|p2: esqimo589|Spikes
|
|upkeep
|turn|77
|inactive|scrimded has 15 seconds left this turn.
|inactive|scrimded has 10 seconds left.
|inactive|scrimded has 5 seconds left.
|
|t:|1664484320
|move|p2a: the anchor|Rapid Spin|p1a: Skarmory
|-resisted|p1a: Skarmory
|-damage|p1a: Skarmory|76/100
|-sideend|p2: esqimo589|Spikes|[from] move: Rapid Spin|[of] p2a: the anchor
|move|p1a: Skarmory|Spikes|p2a: the anchor
|-sidestart|p2: esqimo589|Spikes
|
|upkeep
|turn|78
|inactive|scrimded has 15 seconds left this turn.
|inactive|scrimded has 10 seconds left.
|inactive|scrimded has 5 seconds left.
|c|☆esqimo589|this is so pointless we spend like 80 turns on killing skarm when one starmie surf does like 70
|
|t:|1664484334
|move|p2a: the anchor|Rapid Spin|p1a: Skarmory
|-resisted|p1a: Skarmory
|-damage|p1a: Skarmory|75/100
|-sideend|p2: esqimo589|Spikes|[from] move: Rapid Spin|[of] p2a: the anchor
|move|p1a: Skarmory|Spikes|p2a: the anchor
|-sidestart|p2: esqimo589|Spikes
|
|upkeep
|turn|79
|inactive|scrimded has 15 seconds left this turn.
|inactive|scrimded has 10 seconds left.
|inactive|scrimded has 5 seconds left.
|
|t:|1664484345
|move|p2a: the anchor|Rapid Spin|p1a: Skarmory
|-resisted|p1a: Skarmory
|-damage|p1a: Skarmory|74/100
|-sideend|p2: esqimo589|Spikes|[from] move: Rapid Spin|[of] p2a: the anchor
|move|p1a: Skarmory|Roost|p1a: Skarmory
|-heal|p1a: Skarmory|100/100
|-singleturn|p1a: Skarmory|move: Roost
|
|upkeep
|turn|80
|inactive|scrimded has 15 seconds left this turn.
|inactive|scrimded has 10 seconds left.
|c| Liz Angeles|there's a chansey though
|inactive|scrimded has 5 seconds left.
|
|t:|1664484359
|move|p2a: the anchor|Rapid Spin|p1a: Skarmory
|-resisted|p1a: Skarmory
|-damage|p1a: Skarmory|99/100
|move|p1a: Skarmory|Roost|p1a: Skarmory
|-heal|p1a: Skarmory|100/100
|-singleturn|p1a: Skarmory|move: Roost
|
|upkeep
|turn|81
|inactive|scrimded has 15 seconds left this turn.
|inactive|scrimded has 10 seconds left.
|inactive|scrimded has 5 seconds left.
|
|t:|1664484373
|move|p2a: the anchor|Rapid Spin|p1a: Skarmory
|-resisted|p1a: Skarmory
|-damage|p1a: Skarmory|99/100
|move|p1a: Skarmory|Roost|p1a: Skarmory
|-heal|p1a: Skarmory|100/100
|-singleturn|p1a: Skarmory|move: Roost
|
|upkeep
|turn|82
|inactive|scrimded has 15 seconds left this turn.
|inactive|scrimded has 10 seconds left.
|inactive|scrimded has 5 seconds left.
|c| Liz Angeles|This is gonna end with a loss on time
|
|t:|1664484388
|move|p2a: the anchor|Anchor Shot|p1a: Skarmory
|-resisted|p1a: Skarmory
|-damage|p1a: Skarmory|98/100
|move|p1a: Skarmory|Roost|p1a: Skarmory
|-heal|p1a: Skarmory|100/100
|-singleturn|p1a: Skarmory|move: Roost
|
|upkeep
|turn|83
|inactive|scrimded has 15 seconds left this turn.
|c| Liz Angeles|I guarantee it
|c|☆esqimo589|scrims got it under control
|inactive|scrimded has 10 seconds left.
|
|t:|1664484396
|move|p2a: the anchor|Anchor Shot|p1a: Skarmory
|-resisted|p1a: Skarmory
|-damage|p1a: Skarmory|98/100
|move|p1a: Skarmory|Roost|p1a: Skarmory
|-heal|p1a: Skarmory|100/100
|-singleturn|p1a: Skarmory|move: Roost
|
|upkeep
|turn|84
|inactive|scrimded has 20 seconds left this turn.
|inactive|scrimded has 15 seconds left.
|
|t:|1664484403
|move|p2a: the anchor|Anchor Shot|p1a: Skarmory
|-resisted|p1a: Skarmory
|-damage|p1a: Skarmory|98/100
|move|p1a: Skarmory|Roost|p1a: Skarmory
|-heal|p1a: Skarmory|100/100
|-singleturn|p1a: Skarmory|move: Roost
|
|upkeep
|turn|85
|inactive|scrimded has 25 seconds left this turn.
|inactive|scrimded has 20 seconds left.
|
|t:|1664484410
|move|p2a: the anchor|Anchor Shot|p1a: Skarmory
|-resisted|p1a: Skarmory
|-damage|p1a: Skarmory|98/100
|move|p1a: Skarmory|Roost|p1a: Skarmory
|-heal|p1a: Skarmory|100/100
|-singleturn|p1a: Skarmory|move: Roost
|
|upkeep
|turn|86
|inactive|scrimded has 30 seconds left this turn.
|
|t:|1664484412
|move|p2a: the anchor|Rapid Spin|p1a: Skarmory
|-resisted|p1a: Skarmory
|-damage|p1a: Skarmory|99/100
|move|p1a: Skarmory|Roost|p1a: Skarmory
|-heal|p1a: Skarmory|100/100
|-singleturn|p1a: Skarmory|move: Roost
|
|upkeep
|turn|87
|
|t:|1664484415
|move|p2a: the anchor|Rapid Spin|p1a: Skarmory
|-resisted|p1a: Skarmory
|-damage|p1a: Skarmory|99/100
|move|p1a: Skarmory|Roost|p1a: Skarmory
|-heal|p1a: Skarmory|100/100
|-singleturn|p1a: Skarmory|move: Roost
|
|upkeep
|turn|88
|
|t:|1664484418
|move|p2a: the anchor|Rapid Spin|p1a: Skarmory
|-resisted|p1a: Skarmory
|-damage|p1a: Skarmory|99/100
|move|p1a: Skarmory|Spikes|p2a: the anchor
|-sidestart|p2: esqimo589|Spikes
|
|upkeep
|turn|89
|
|t:|1664484421
|move|p2a: the anchor|Rapid Spin|p1a: Skarmory
|-resisted|p1a: Skarmory
|-damage|p1a: Skarmory|98/100
|-sideend|p2: esqimo589|Spikes|[from] move: Rapid Spin|[of] p2a: the anchor
|move|p1a: Skarmory|Roost|p1a: Skarmory
|-heal|p1a: Skarmory|100/100
|-singleturn|p1a: Skarmory|move: Roost
|
|upkeep
|turn|90
|
|t:|1664484424
|move|p2a: the anchor|Rapid Spin|p1a: Skarmory
|-resisted|p1a: Skarmory
|-damage|p1a: Skarmory|99/100
|move|p1a: Skarmory|Roost|p1a: Skarmory
|-heal|p1a: Skarmory|100/100
|-singleturn|p1a: Skarmory|move: Roost
|
|upkeep
|turn|91
|
|t:|1664484428
|move|p2a: the anchor|Rapid Spin|p1a: Skarmory
|-resisted|p1a: Skarmory
|-damage|p1a: Skarmory|99/100
|-activate|p1a: Skarmory|move: Struggle
|move|p1a: Skarmory|Struggle|p2a: the anchor
|-damage|p2a: the anchor|87/100
|-damage|p1a: Skarmory|74/100|[from] recoil
|
|upkeep
|turn|92
|
|t:|1664484432
|move|p2a: the anchor|Rapid Spin|p1a: Skarmory
|-resisted|p1a: Skarmory
|-damage|p1a: Skarmory|73/100
|-activate|p1a: Skarmory|move: Struggle
|move|p1a: Skarmory|Struggle|p2a: the anchor
|-damage|p2a: the anchor|79/100
|-damage|p1a: Skarmory|48/100|[from] recoil
|
|upkeep
|turn|93
|inactive|scrimded has 90 seconds left.
|inactive|scrimded has 60 seconds left.
|c|☆esqimo589|brother
|inactive|scrimded has 30 seconds left.
|inactive|scrimded has 20 seconds left.
|c|☆scrimded|im thirsty
|inactive|scrimded has 15 seconds left.
|c|☆scrimded|this game is pretty long
|inactive|scrimded has 10 seconds left.
|inactive|scrimded has 5 seconds left.
|
|t:|1664484530
|move|p2a: the anchor|Anchor Shot|p1a: Skarmory
|-resisted|p1a: Skarmory
|-damage|p1a: Skarmory|45/100
|-activate|p1a: Skarmory|move: Struggle
|move|p1a: Skarmory|Struggle|p2a: the anchor
|-damage|p2a: the anchor|71/100
|-damage|p1a: Skarmory|20/100|[from] recoil
|
|upkeep
|turn|94
|inactive|scrimded has 15 seconds left this turn.
|inactive|scrimded has 10 seconds left.
|c|☆esqimo589|maybe if you had a little more time on your clock you could get a drink
|
|t:|1664484539
|move|p2a: the anchor|Synthesis|p2a: the anchor
|-heal|p2a: the anchor|100/100
|-activate|p1a: Skarmory|move: Struggle
|move|p1a: Skarmory|Struggle|p2a: the anchor
|-damage|p2a: the anchor|94/100
|-damage|p1a: Skarmory|0 fnt|[from] recoil
|faint|p1a: Skarmory
|
|upkeep
|inactive|scrimded has 15 seconds left this turn.
|inactive|scrimded has 10 seconds left.
|inactive|scrimded has 5 seconds left.
|
|t:|1664484552
|switch|p1a: Hippowdon|Hippowdon, F|100/100
|-damage|p1a: Hippowdon|94/100|[from] Stealth Rock
|-weather|Sandstorm|[from] ability: Sand Stream|[of] p1a: Hippowdon
|turn|95
|inactive|scrimded has 15 seconds left this turn.
|inactive|scrimded has 10 seconds left.
|
|t:|1664484578
|switch|p1a: Articuno|Articuno-Galar|100/100
|move|p2a: the anchor|Power Whip|p1a: Articuno
|-resisted|p1a: Articuno
|-damage|p1a: Articuno|71/100
|
|-weather|Sandstorm|[upkeep]
|-damage|p2a: the anchor|87/100|[from] Sandstorm
|-damage|p1a: Articuno|65/100|[from] Sandstorm
|upkeep
|turn|96
|inactive|scrimded has 20 seconds left this turn.
|inactive|scrimded has 15 seconds left.
|inactive|scrimded has 10 seconds left.
|
|t:|1664484592
|switch|p2a: egg|Chansey, F|100/100
|move|p1a: Articuno|Recover|p1a: Articuno
|-heal|p1a: Articuno|100/100
|
|-weather|Sandstorm|[upkeep]
|-damage|p1a: Articuno|94/100|[from] Sandstorm
|-damage|p2a: egg|94/100|[from] Sandstorm
|upkeep
|turn|97
|inactive|scrimded has 20 seconds left this turn.
|inactive|scrimded has 15 seconds left.
|
|t:|1664484600
|switch|p1a: Chansey|Chansey, F|100/100
|-damage|p1a: Chansey|88/100|[from] Stealth Rock
|move|p2a: egg|Toxic|p1a: Chansey
|-status|p1a: Chansey|tox
|
|-weather|Sandstorm|[upkeep]
|-damage|p1a: Chansey|82/100 tox|[from] Sandstorm
|-damage|p2a: egg|88/100|[from] Sandstorm
|-damage|p1a: Chansey|76/100 tox|[from] psn
|upkeep
|turn|98
|inactive|scrimded has 25 seconds left this turn.
|inactive|scrimded has 20 seconds left.
|inactive|scrimded has 15 seconds left.
|
|t:|1664484610
|move|p1a: Chansey|Teleport|p1a: Chansey
|inactive|scrimded has 20 seconds left this turn.
|
|t:|1664484613
|-curestatus|p1a: Chansey|tox|[from] ability: Natural Cure
|switch|p1a: Tentacruel|Tentacruel, F|100/100|[from]move: Teleport
|-damage|p1a: Tentacruel|88/100|[from] Stealth Rock
|move|p2a: egg|Teleport|p2a: egg
|inactive|scrimded has 25 seconds left this turn.
|
|t:|1664484628
|switch|p2a: flat fuck friday|Krookodile, M|78/100|[from]move: Teleport
|-ability|p2a: flat fuck friday|Intimidate|boost
|-unboost|p1a: Tentacruel|atk|1
|
|-weather|Sandstorm|[upkeep]
|-damage|p1a: Tentacruel|82/100|[from] Sandstorm
|-heal|p2a: flat fuck friday|84/100|[from] item: Leftovers
|-heal|p1a: Tentacruel|88/100|[from] item: Black Sludge
|upkeep
|turn|99
|inactive|scrimded has 30 seconds left this turn.
|inactive|scrimded has 20 seconds left.
|
|t:|1664484643
|switch|p2a: the anchor|Dhelmise|87/100
|move|p1a: Tentacruel|Scald|p2a: the anchor
|-resisted|p2a: the anchor
|-damage|p2a: the anchor|78/100
|
|-weather|none
|-heal|p1a: Tentacruel|94/100|[from] item: Black Sludge
|upkeep
|turn|100
|inactive|scrimded has 25 seconds left this turn.
|inactive|scrimded has 20 seconds left.
|inactive|scrimded has 15 seconds left.
|inactive|scrimded has 10 seconds left.
|
|t:|1664484659
|switch|p1a: Articuno|Articuno-Galar|94/100
|move|p2a: the anchor|Power Whip|p1a: Articuno
|-resisted|p1a: Articuno
|-damage|p1a: Articuno|65/100
|
|upkeep
|turn|101
|inactive|scrimded has 15 seconds left this turn.
|inactive|scrimded has 10 seconds left.
|
|t:|1664484667
|switch|p2a: egg|Chansey, F|88/100
|move|p1a: Articuno|Recover|p1a: Articuno
|-heal|p1a: Articuno|100/100
|
|upkeep
|turn|102
|inactive|scrimded has 15 seconds left this turn.
|inactive|scrimded has 10 seconds left.
|
|t:|1664484676
|switch|p1a: Tentacruel|Tentacruel, F|94/100
|-damage|p1a: Tentacruel|82/100|[from] Stealth Rock
|move|p2a: egg|Teleport|p2a: egg
|inactive|scrimded has 15 seconds left this turn.
|
|t:|1664484685
|switch|p2a: flat fuck friday|Krookodile, M|84/100|[from]move: Teleport
|-ability|p2a: flat fuck friday|Intimidate|boost
|-unboost|p1a: Tentacruel|atk|1
|
|-heal|p2a: flat fuck friday|90/100|[from] item: Leftovers
|-heal|p1a: Tentacruel|88/100|[from] item: Black Sludge
|upkeep
|turn|103
|inactive|scrimded has 20 seconds left this turn.
|inactive|scrimded has 15 seconds left.
|
|t:|1664484693
|move|p2a: flat fuck friday|Knock Off|p1a: Tentacruel
|-damage|p1a: Tentacruel|42/100
|-enditem|p1a: Tentacruel|Black Sludge|[from] move: Knock Off|[of] p2a: flat fuck friday
|move|p1a: Tentacruel|Scald|p2a: flat fuck friday
|-supereffective|p2a: flat fuck friday
|-damage|p2a: flat fuck friday|28/100
|
|-heal|p2a: flat fuck friday|34/100|[from] item: Leftovers
|upkeep
|turn|104
|inactive|scrimded has 20 seconds left this turn.
|inactive|scrimded has 15 seconds left.
|
|t:|1664484702
|move|p1a: Tentacruel|Scald|p2a: flat fuck friday
|-supereffective|p2a: flat fuck friday
|-damage|p2a: flat fuck friday|0 fnt
|faint|p2a: flat fuck friday
|
|upkeep
|inactive|scrimded has 20 seconds left this turn.
|c|☆esqimo589|oh right
|c|☆scrimded|p dumb
|c|☆esqimo589|its a speed tie
|j| amogusroxyrrrr
|c|☆esqimo589|i forgor
|
|t:|1664484714
|switch|p2a: a fishy star|Starmie, shiny|100/100
|turn|105
|inactive|scrimded has 25 seconds left this turn.
|inactive|scrimded has 20 seconds left.
|
|t:|1664484721
|switch|p1a: Chansey|Chansey, F|76/100
|-damage|p1a: Chansey|64/100|[from] Stealth Rock
|move|p2a: a fishy star|Thunderbolt|p1a: Chansey
|-damage|p1a: Chansey|50/100
|-damage|p2a: a fishy star|91/100|[from] item: Life Orb
|
|upkeep
|turn|106
|inactive|scrimded has 25 seconds left this turn.
|inactive|scrimded has 20 seconds left.
|
|t:|1664484729
|switch|p2a: im hard|Skarmory, M|100/100
|move|p1a: Chansey|Soft-Boiled|p1a: Chansey
|-heal|p1a: Chansey|99/100
|
|upkeep
|turn|107
|inactive|scrimded has 25 seconds left this turn.
|inactive|scrimded has 20 seconds left.
|inactive|scrimded has 15 seconds left.
|
|t:|1664484740
|move|p2a: im hard|Spikes|p1a: Chansey
|-sidestart|p1: scrimded|Spikes
|move|p1a: Chansey|Teleport|p1a: Chansey
|inactive|scrimded has 20 seconds left this turn.
|
|t:|1664484743
|switch|p1a: Tentacruel|Tentacruel, F|42/100|[from]move: Teleport
|-damage|p1a: Tentacruel|29/100|[from] Stealth Rock
|-damage|p1a: Tentacruel|17/100|[from] Spikes
|
|upkeep
|turn|108
|inactive|scrimded has 25 seconds left this turn.
|inactive|scrimded has 20 seconds left.
|
|t:|1664484750
|switch|p2a: the anchor|Dhelmise|78/100
|move|p1a: Tentacruel|Rapid Spin|p2a: the anchor
|-immune|p2a: the anchor
|
|upkeep
|turn|109
|inactive|scrimded has 25 seconds left this turn.
|c| Liz Angeles|Idk why you didn't go starmie
|inactive|scrimded has 20 seconds left.
|c| Liz Angeles|you can lose now
|inactive|scrimded has 15 seconds left.
|inactive|scrimded has 10 seconds left.
|
|t:|1664484765
|switch|p1a: Articuno|Articuno-Galar|100/100
|move|p2a: the anchor|Rapid Spin|p1a: Articuno
|-damage|p1a: Articuno|85/100
|-boost|p2a: the anchor|spe|1
|
|upkeep
|turn|110
|inactive|scrimded has 15 seconds left this turn.
|inactive|scrimded has 10 seconds left.
|
|t:|1664484771
|switch|p2a: egg|Chansey, F|88/100
|move|p1a: Articuno|Agility|p1a: Articuno
|-boost|p1a: Articuno|spe|2
|
|upkeep
|turn|111
|inactive|scrimded has 15 seconds left this turn.
|inactive|scrimded has 10 seconds left.
|
|t:|1664484777
|move|p1a: Articuno|Psyshock|p2a: egg
|-damage|p2a: egg|57/100
|move|p2a: egg|Teleport|p2a: egg
|inactive|scrimded has 15 seconds left this turn.
|c|☆esqimo589|shoot that was bad idk what im doing
|c| amogusroxyrrrr|smh
|inactive|esqimo589 has 120 seconds left.
|
|t:|1664484814
|switch|p2a: a fishy star|Starmie, shiny|91/100|[from]move: Teleport
|
|upkeep
|turn|112
|inactive|scrimded has 20 seconds left this turn.
|
|t:|1664484819
|switch|p2a: egg|Chansey, F|57/100
|move|p1a: Articuno|Hurricane|p2a: egg
|-damage|p2a: egg|38/100
|-start|p2a: egg|confusion
|
|upkeep
|turn|113
|inactive|scrimded has 25 seconds left this turn.
|inactive|scrimded has 20 seconds left.
|
|t:|1664484826
|move|p1a: Articuno|Psyshock|p2a: egg
|-damage|p2a: egg|9/100
|-activate|p2a: egg|confusion
|move|p2a: egg|Soft-Boiled|p2a: egg
|-heal|p2a: egg|59/100
|
|upkeep
|turn|114
|inactive|scrimded has 25 seconds left this turn.
|inactive|scrimded has 20 seconds left.
|
|t:|1664484833
|move|p1a: Articuno|Psyshock|p2a: egg
|-damage|p2a: egg|31/100
|-activate|p2a: egg|confusion
|move|p2a: egg|Soft-Boiled|p2a: egg
|-heal|p2a: egg|81/100
|
|upkeep
|turn|115
|inactive|scrimded has 25 seconds left this turn.
|inactive|scrimded has 20 seconds left.
|inactive|esqimo589 has 120 seconds left.
|
|t:|1664484843
|move|p1a: Articuno|Psyshock|p2a: egg
|-damage|p2a: egg|50/100
|-activate|p2a: egg|confusion
|move|p2a: egg|Soft-Boiled|p2a: egg
|-heal|p2a: egg|99/100
|
|upkeep
|turn|116
|inactive|scrimded has 25 seconds left this turn.
|inactive|scrimded has 20 seconds left.
|inactive|esqimo589 has 120 seconds left.
|inactive|scrimded has 15 seconds left.
|
|t:|1664484853
|switch|p1a: Hippowdon|Hippowdon, F|94/100
|-damage|p1a: Hippowdon|88/100|[from] Stealth Rock
|-damage|p1a: Hippowdon|76/100|[from] Spikes
|-weather|Sandstorm|[from] ability: Sand Stream|[of] p1a: Hippowdon
|-end|p2a: egg|confusion
|move|p2a: egg|Toxic|p1a: Hippowdon
|-status|p1a: Hippowdon|tox
|
|-weather|Sandstorm|[upkeep]
|-damage|p2a: egg|94/100|[from] Sandstorm
|-damage|p1a: Hippowdon|70/100 tox|[from] psn
|upkeep
|turn|117
|inactive|scrimded has 20 seconds left this turn.
|c|☆esqimo589|as long as this dumb confusion wears off
|inactive|scrimded has 15 seconds left.
|inactive|esqimo589 has 120 seconds left.
|inactive|scrimded has 10 seconds left.
|
|t:|1664484866
|move|p1a: Hippowdon|Stealth Rock|p2a: egg
|-sidestart|p2: esqimo589|move: Stealth Rock
|move|p2a: egg|Teleport|p2a: egg
|inactive|scrimded has 15 seconds left this turn.
|inactive|esqimo589 has 120 seconds left.
|c|☆esqimo589|ok my game is lagging real hard for some reason
|c|☆scrimded|mby cause youre using a dumb team
|
|t:|1664484892
|switch|p2a: a fishy star|Starmie, shiny|91/100|[from]move: Teleport
|-damage|p2a: a fishy star|78/100|[from] Stealth Rock
|
|-weather|Sandstorm|[upkeep]
|-damage|p2a: a fishy star|72/100|[from] Sandstorm
|-damage|p1a: Hippowdon|57/100 tox|[from] psn
|upkeep
|turn|118
|inactive|scrimded has 20 seconds left this turn.
|c| Liz Angeles|It's cos it's turn 117
|inactive|scrimded has 15 seconds left.
|c|☆esqimo589|does that really make it lag
|
|t:|1664484905
|switch|p2a: im hard|Skarmory, M|100/100
|-damage|p2a: im hard|88/100|[from] Stealth Rock
|switch|p1a: Chansey|Chansey, F|99/100
|-damage|p1a: Chansey|87/100|[from] Stealth Rock
|-damage|p1a: Chansey|75/100|[from] Spikes
|
|-weather|Sandstorm|[upkeep]
|-damage|p1a: Chansey|69/100|[from] Sandstorm
|upkeep
|turn|119
|inactive|scrimded has 20 seconds left this turn.
|inactive|scrimded has 15 seconds left.
|c| Liz Angeles|Normally it takes longer
|inactive|scrimded has 10 seconds left.
|c| Liz Angeles|but yeah
|
|t:|1664484918
|move|p2a: im hard|Spikes|p1a: Chansey
|-sidestart|p1: scrimded|Spikes
|move|p1a: Chansey|Teleport|p1a: Chansey
|inactive|scrimded has 15 seconds left this turn.
|c| amogusroxyrrrr|it’s cos this shits gone on long enough to lag it
|inactive|scrimded has 10 seconds left.
|inactive|scrimded has 5 seconds left.
|
|t:|1664484931
|switch|p1a: Articuno|Articuno-Galar|85/100|[from]move: Teleport
|
|-weather|Sandstorm|[upkeep]
|-damage|p1a: Articuno|79/100|[from] Sandstorm
|upkeep
|turn|120
|inactive|scrimded has 10 seconds left this turn.
|c|☆esqimo589|thats weird
|c| Liz Angeles|if you get to like turn 500 god help you
|inactive|scrimded has 5 seconds left.
|
|t:|1664484938
|switch|p2a: egg|Chansey, F|94/100
|-damage|p2a: egg|81/100|[from] Stealth Rock
|move|p1a: Articuno|Agility|p1a: Articuno
|-boost|p1a: Articuno|spe|2
|
|-weather|none
|upkeep
|turn|121
|inactive|scrimded has 10 seconds left this turn.
|inactive|scrimded has 5 seconds left.
|
|t:|1664484945
|move|p1a: Articuno|Hurricane|p2a: egg
|-damage|p2a: egg|61/100
|move|p2a: egg|Toxic|p1a: Articuno
|-status|p1a: Articuno|tox
|
|-damage|p1a: Articuno|73/100 tox|[from] psn
|upkeep
|turn|122
|inactive|scrimded has 10 seconds left this turn.
|inactive|scrimded has 5 seconds left.
|c| amogusroxyrrrr|Isn’t there a turn cap
|
|t:|1664484953
|move|p1a: Articuno|Hurricane|p2a: egg
|-damage|p2a: egg|42/100
|move|p2a: egg|Soft-Boiled|p2a: egg
|-heal|p2a: egg|92/100
|
|-damage|p1a: Articuno|61/100 tox|[from] psn
|upkeep
|turn|123
|inactive|scrimded has 10 seconds left this turn.
|c|☆esqimo589|1000 io think
|inactive|scrimded has 5 seconds left.
|inactive|esqimo589 has 120 seconds left.
|
|t:|1664484959
|move|p1a: Articuno|Hurricane|p2a: egg
|-damage|p2a: egg|74/100
|move|p2a: egg|Soft-Boiled|p2a: egg
|-heal|p2a: egg|100/100
|
|-damage|p1a: Articuno|43/100 tox|[from] psn
|upkeep
|turn|124
|inactive|scrimded has 10 seconds left this turn.
|c| Liz Angeles|It's 1000 turns yeah
|inactive|scrimded has 5 seconds left.
|
|t:|1664484967
|switch|p1a: Hippowdon|Hippowdon, F|57/100 tox
|-damage|p1a: Hippowdon|51/100 tox|[from] Stealth Rock
|-damage|p1a: Hippowdon|34/100 tox|[from] Spikes
|-weather|Sandstorm|[from] ability: Sand Stream|[of] p1a: Hippowdon
|move|p2a: egg|Seismic Toss|p1a: Hippowdon
|-damage|p1a: Hippowdon|10/100 tox
|-damage|p2a: egg|84/100|[from] item: Rocky Helmet|[of] p1a: Hippowdon
|
|-weather|Sandstorm|[upkeep]
|-damage|p2a: egg|78/100|[from] Sandstorm
|-damage|p1a: Hippowdon|4/100 tox|[from] psn
|upkeep
|turn|125
|inactive|scrimded has 10 seconds left this turn.
|inactive|scrimded has 5 seconds left.
|c| Liz Angeles|Only really comes up in gsc
|l| amogusroxyrrrr
|-message|scrimded lost due to inactivity.
|
|win|esqimo589
|raw|scrimded's rating: 1257 &rarr; <strong>1232</strong><br />(-25 for losing)
|raw|esqimo589's rating: 1263 &rarr; <strong>1288</strong><br />(+25 for winning)
|c|☆esqimo589|rip
|c|☆esqimo589|well that game sucked
|c|☆esqimo589|im saving it because i got a dhel trap but still
|c| Liz Angeles|most sane people take a draw before turn 1000
|c|☆esqimo589|it was basically just stall
|c| Liz Angeles|Stall is great
||Ladder isn't responding, score probably updated but might not have (Request timeout).
|c|☆esqimo589|i still have yet to run into a single defogger while running defog deterrent on my spikes stack t eam
|c|☆esqimo589|which is
|c|☆esqimo589|dumb
|j| amogusroxyrrrr
|c|☆esqimo589|actually braviary got a few defoggers
|l|☆scrimded
|c|☆esqimo589|i managed to giga impact a moltres and a mandibuzz at +2
|l| amogusroxyrrrr
|c| Liz Angeles|Braviary>Galarticuno
