|html|<div class="broadcast-blue"><strong>[Gen 8] UU is currently suspecting Thundurus! For information on how to participate check out the <a href="https://www.smogon.com/forums/threads/np-ss-uu-stage-9-1-king-of-the-clouds.3689570/">suspect thread</a>.</strong></div>
|j|☆UU9T Eon
|j|☆EliotEnRetar
|t:|1630234862
|gametype|singles
|player|p1|UU9T Eon|colress|1399
|player|p2|EliotEnRetar|falkner|1575
|teamsize|p1|6
|teamsize|p2|6
|gen|8
|tier|[Gen 8] UU
|rated|
|rule|Sleep Clause Mod: Limit one foe put to sleep
|rule|Species Clause: Limit one of each Pokémon
|rule|OHKO Clause: OHKO moves are banned
|rule|Evasion Moves Clause: Evasion moves are banned
|rule|Endless Battle Clause: Forcing endless battles is banned
|rule|HP Percentage Mod: HP is shown in percentages
|rule|Dynamax Clause: You cannot dynamax
|clearpoke
|poke|p1|Volcanion|
|poke|p1|Amoonguss, F|
|poke|p1|Thundurus, M|
|poke|p1|Celesteela|
|poke|p1|Buzzwole|
|poke|p1|Rhyperior, M|
|poke|p2|Drapion, F|
|poke|p2|Talonflame, F|
|poke|p2|Rotom-Wash|
|poke|p2|Ribombee, F|
|poke|p2|Zygarde-10%|
|poke|p2|Conkeldurr, M|
|teampreview
|
|t:|1630234871
|start
|switch|p1a: Volcanion|Volcanion|100/100
|switch|p2a: BeeMovie|Ribombee, F|100/100
|turn|1
|
|t:|1630234875
|move|p2a: BeeMovie|Sticky Web|p1a: Volcanion
|-sidestart|p1: UU9T Eon|move: Sticky Web
|move|p1a: Volcanion|Steam Eruption|p2a: BeeMovie
|-enditem|p2a: BeeMovie|Focus Sash
|-damage|p2a: BeeMovie|1/100
|
|upkeep
|turn|2
|
|t:|1630234886
|switch|p2a: CauetBurger|Rotom-Wash|100/100
|move|p1a: Volcanion|Steam Eruption|p2a: CauetBurger
|-resisted|p2a: CauetBurger
|-damage|p2a: CauetBurger|66/100
|
|-heal|p2a: CauetBurger|73/100|[from] item: Leftovers
|upkeep
|turn|3
|
|t:|1630234895
|switch|p1a: Amoonguss|Amoonguss, F|100/100
|-activate|p1a: Amoonguss|move: Sticky Web
|-unboost|p1a: Amoonguss|spe|1
|move|p2a: CauetBurger|Volt Switch|p1a: Amoonguss
|-resisted|p1a: Amoonguss
|-damage|p1a: Amoonguss|89/100
|
|t:|1630234899
|switch|p2a: Etchebest|Conkeldurr, M|100/100|[from]move: Volt Switch
|
|-heal|p1a: Amoonguss|95/100|[from] item: Black Sludge
|-status|p2a: Etchebest|brn|[from] item: Flame Orb
|upkeep
|turn|4
|
|t:|1630234911
|move|p2a: Etchebest|Knock Off|p1a: Amoonguss
|-damage|p1a: Amoonguss|48/100
|-enditem|p1a: Amoonguss|Black Sludge|[from] move: Knock Off|[of] p2a: Etchebest
|move|p1a: Amoonguss|Giga Drain|p2a: Etchebest
|-damage|p2a: Etchebest|68/100 brn
|-heal|p1a: Amoonguss|62/100|[from] drain|[of] p2a: Etchebest
|
|-damage|p2a: Etchebest|62/100 brn|[from] brn
|upkeep
|turn|5
|
|t:|1630234920
|switch|p1a: Buzzwole|Buzzwole|100/100
|-activate|p1a: Buzzwole|move: Sticky Web
|-unboost|p1a: Buzzwole|spe|1
|move|p2a: Etchebest|Facade|p1a: Buzzwole
|-damage|p1a: Buzzwole|39/100
|
|-damage|p2a: Etchebest|56/100 brn|[from] brn
|upkeep
|turn|6
|
|t:|1630234926
|move|p1a: Buzzwole|Close Combat|p2a: Etchebest
|-crit|p2a: Etchebest
|-damage|p2a: Etchebest|0 fnt
|-unboost|p1a: Buzzwole|def|1
|-unboost|p1a: Buzzwole|spd|1
|faint|p2a: Etchebest
|-ability|p1a: Buzzwole|Beast Boost|boost
|-boost|p1a: Buzzwole|atk|1
|
|upkeep
|
|t:|1630234936
|switch|p2a: BeeMovie|Ribombee, F|1/100
|turn|7
|c|☆EliotEnRetar|damn
|c|☆EliotEnRetar|there so many scarf buzzwole this times
|
|t:|1630234956
|switch|p1a: Volcanion|Volcanion|100/100
|move|p2a: BeeMovie|Moonblast|p1a: Volcanion
|-resisted|p1a: Volcanion
|-damage|p1a: Volcanion|78/100
|-unboost|p1a: Volcanion|spa|1
|
|upkeep
|turn|8
|c|☆EliotEnRetar|that shit hits hard
|c|☆UU9T Eon|couldn't tell you why, it just fit my team lmao
|c|☆UU9T Eon|it do
|
|t:|1630234978
|switch|p2a: CauetBurger|Rotom-Wash|73/100
|move|p1a: Volcanion|Defog|p2a: CauetBurger
|-unboost|p2a: CauetBurger|evasion|1
|-sideend|p1: UU9T Eon|Sticky Web|[from] move: Defog|[of] p1a: Volcanion
|
|-heal|p2a: CauetBurger|79/100|[from] item: Leftovers
|upkeep
|turn|9
|
|t:|1630234995
|switch|p1a: Amoonguss|Amoonguss, F|95/100
|move|p2a: CauetBurger|Volt Switch|p1a: Amoonguss
|-resisted|p1a: Amoonguss
|-damage|p1a: Amoonguss|85/100
|c|☆EliotEnRetar|i believe there is not that many realy big fighting pokemon in UIU
|c|☆EliotEnRetar|UU
|c|☆EliotEnRetar|and he got an awsome double type too
|c|☆EliotEnRetar|glorious moveset
|c|☆UU9T Eon|and a good movepool too
|c|☆UU9T Eon|yeh
|c|☆EliotEnRetar|yup
|c|☆UU9T Eon|buzzwole's just a good mon
|c|☆UU9T Eon|scarf or not
|c|☆EliotEnRetar|yeah
|c|☆EliotEnRetar|but scarf are everywerew
|c|☆EliotEnRetar|it always surprise me
|
|t:|1630235074
|switch|p2a: Drrrrrrrascore|Drapion, F|100/100|[from]move: Volt Switch
|
|upkeep
|turn|10
|c|☆UU9T Eon|prob because a lot of teams don't carry more than one fight resist
|c|☆EliotEnRetar|yup
|c|☆UU9T Eon|or if more it's something like offensive mence
|c|☆EliotEnRetar|i see that too
|c|☆UU9T Eon|so it's just a good cleaner
|c|☆EliotEnRetar|sure
|c|☆UU9T Eon|as well as a check to any phys attacjer they might have
|c|☆EliotEnRetar|but salamence isnt that much played now
|c|☆EliotEnRetar|sure
|c|☆UU9T Eon|mence was just an example haha
|
|t:|1630235134
|switch|p1a: Rhyperior|Rhyperior, M|100/100
|move|p2a: Drrrrrrrascore|Swords Dance|p2a: Drrrrrrrascore
|-boost|p2a: Drrrrrrrascore|atk|2
|
|upkeep
|turn|11
|c|☆EliotEnRetar|yeah yeah i know haha
|
|t:|1630235145
|move|p2a: Drrrrrrrascore|Aqua Tail|p1a: Rhyperior
|-supereffective|p1a: Rhyperior
|-damage|p1a: Rhyperior|0 fnt
|faint|p1a: Rhyperior
|-damage|p2a: Drrrrrrrascore|91/100|[from] item: Life Orb
|
|upkeep
|c|☆EliotEnRetar|but there was a time where mence was in half of UU teams
|c|☆EliotEnRetar|and with various movesets
|
|t:|1630235213
|switch|p1a: Thundurus|Thundurus, M|100/100
|turn|12
|
|t:|1630235219
|switch|p2a: En Brrrrrr|Zygarde-10%|100/100
|-ability|p2a: En Brrrrrr|Aura Break
|move|p1a: Thundurus|Thunderbolt|p2a: En Brrrrrr
|-immune|p2a: En Brrrrrr
|
|upkeep
|turn|13
|
|t:|1630235231
|switch|p1a: Amoonguss|Amoonguss, F|100/100
|move|p2a: En Brrrrrr|Thousand Arrows|p1a: Amoonguss
|-damage|p1a: Amoonguss|54/100
|
|upkeep
|turn|14
|
|t:|1630235248
|switch|p2a: BizouJeManvol|Talonflame, F|100/100
|move|p1a: Amoonguss|Foul Play|p2a: BizouJeManvol
|-crit|p2a: BizouJeManvol
|-damage|p2a: BizouJeManvol|44/100
|
|upkeep
|turn|15
|
|t:|1630235258
|switch|p1a: Thundurus|Thundurus, M|100/100
|move|p2a: BizouJeManvol|Brave Bird|p1a: Thundurus
|-resisted|p1a: Thundurus
|-damage|p1a: Thundurus|64/100
|-damage|p2a: BizouJeManvol|31/100|[from] Recoil
|
|upkeep
|turn|16
|
|t:|1630235266
|switch|p1a: Volcanion|Volcanion|78/100
|switch|p2a: CauetBurger|Rotom-Wash|79/100
|
|-heal|p2a: CauetBurger|85/100|[from] item: Leftovers
|upkeep
|turn|17
|
|t:|1630235278
|switch|p1a: Amoonguss|Amoonguss, F|87/100
|move|p2a: CauetBurger|Volt Switch|p1a: Amoonguss
|-resisted|p1a: Amoonguss
|-damage|p1a: Amoonguss|77/100
|
|t:|1630235286
|switch|p2a: Drrrrrrrascore|Drapion, F|91/100|[from]move: Volt Switch
|
|upkeep
|turn|18
|
|t:|1630235289
|move|p2a: Drrrrrrrascore|Swords Dance|p2a: Drrrrrrrascore
|-boost|p2a: Drrrrrrrascore|atk|2
|move|p1a: Amoonguss|Spore|p2a: Drrrrrrrascore
|-status|p2a: Drrrrrrrascore|slp|[from] move: Spore
|
|upkeep
|turn|19
|
|t:|1630235299
|switch|p1a: Thundurus|Thundurus, M|64/100
|cant|p2a: Drrrrrrrascore|slp
|
|upkeep
|turn|20
|
|t:|1630235301
|move|p1a: Thundurus|Thunderbolt|p2a: Drrrrrrrascore
|-damage|p2a: Drrrrrrrascore|22/100 slp
|cant|p2a: Drrrrrrrascore|slp
|
|upkeep
|turn|21
|
|t:|1630235308
|switch|p2a: En Brrrrrr|Zygarde-10%|100/100
|-ability|p2a: En Brrrrrr|Aura Break
|move|p1a: Thundurus|Thunderbolt|p2a: En Brrrrrr
|-immune|p2a: En Brrrrrr
|
|upkeep
|turn|22
|c|☆EliotEnRetar|and buzzwole is a perfect check for thousand arrows
|
|t:|1630235347
|move|p2a: En Brrrrrr|Outrage|p1a: Thundurus
|-damage|p1a: Thundurus|0 fnt
|faint|p1a: Thundurus
|
|upkeep
|
|t:|1630235352
|switch|p1a: Buzzwole|Buzzwole|39/100
|turn|23
|c|☆EliotEnRetar|as well
|
|t:|1630235369
|move|p1a: Buzzwole|Close Combat|p2a: En Brrrrrr
|-damage|p2a: En Brrrrrr|0 fnt
|-unboost|p1a: Buzzwole|def|1
|-unboost|p1a: Buzzwole|spd|1
|faint|p2a: En Brrrrrr
|-ability|p1a: Buzzwole|Beast Boost|boost
|-boost|p1a: Buzzwole|atk|1
|
|upkeep
|c|☆EliotEnRetar|thats a win i think
|c|☆UU9T Eon|yeaah
|
|t:|1630235376
|switch|p2a: CauetBurger|Rotom-Wash|85/100
|turn|24
|c|☆UU9T Eon|im p sure it cleans
|c|☆EliotEnRetar|mmh
|c|☆UU9T Eon|unless this is like
|c|☆UU9T Eon|phys def rotom
|c|☆EliotEnRetar|yes it is
|c|☆UU9T Eon|well
|c|☆UU9T Eon|let's find out
|c|☆EliotEnRetar|unless a crit i'll tank it
|
|t:|1630235397
|move|p1a: Buzzwole|Close Combat|p2a: CauetBurger
|-damage|p2a: CauetBurger|10/100
|-unboost|p1a: Buzzwole|def|1
|-unboost|p1a: Buzzwole|spd|1
|move|p2a: CauetBurger|Volt Switch|p1a: Buzzwole
|-damage|p1a: Buzzwole|0 fnt
|faint|p1a: Buzzwole
|c|☆UU9T Eon|damn, it really is
|
|t:|1630235408
|switch|p2a: Drrrrrrrascore|Drapion, F|22/100 slp|[from]move: Volt Switch
|
|upkeep
|
|t:|1630235422
|switch|p1a: Celesteela|Celesteela|100/100
|turn|25
|
|t:|1630235424
|cant|p2a: Drrrrrrrascore|slp
|move|p1a: Celesteela|Heavy Slam|p2a: Drrrrrrrascore
|-damage|p2a: Drrrrrrrascore|0 fnt
|faint|p2a: Drrrrrrrascore
|-ability|p1a: Celesteela|Beast Boost|boost
|-boost|p1a: Celesteela|spd|1
|
|upkeep
|c|☆UU9T Eon|F
|
|t:|1630235434
|switch|p2a: BizouJeManvol|Talonflame, F|31/100
|turn|26
|
|t:|1630235450
|move|p2a: BizouJeManvol|Roost|p2a: BizouJeManvol
|-heal|p2a: BizouJeManvol|82/100
|-singleturn|p2a: BizouJeManvol|move: Roost
|move|p1a: Celesteela|Heavy Slam|p2a: BizouJeManvol
|-resisted|p2a: BizouJeManvol
|-damage|p2a: BizouJeManvol|49/100
|
|upkeep
|turn|27
|
|t:|1630235456
|move|p2a: BizouJeManvol|Roost|p2a: BizouJeManvol
|-heal|p2a: BizouJeManvol|99/100
|-singleturn|p2a: BizouJeManvol|move: Roost
|move|p1a: Celesteela|Leech Seed|p2a: BizouJeManvol
|-start|p2a: BizouJeManvol|move: Leech Seed
|
|-damage|p2a: BizouJeManvol|86/100|[from] Leech Seed|[of] p1a: Celesteela
|upkeep
|turn|28
|
|t:|1630235463
|switch|p2a: BeeMovie|Ribombee, F|1/100
|move|p1a: Celesteela|Heavy Slam|p2a: BeeMovie
|-supereffective|p2a: BeeMovie
|-damage|p2a: BeeMovie|0 fnt
|faint|p2a: BeeMovie
|-ability|p1a: Celesteela|Beast Boost|boost
|-boost|p1a: Celesteela|spd|1
|
|upkeep
|
|t:|1630235465
|switch|p2a: BizouJeManvol|Talonflame, F|86/100
|turn|29
|
|t:|1630235468
|move|p2a: BizouJeManvol|Flare Blitz|p1a: Celesteela
|-supereffective|p1a: Celesteela
|-damage|p1a: Celesteela|19/100
|-damage|p2a: BizouJeManvol|51/100|[from] Recoil
|move|p1a: Celesteela|Leech Seed|p2a: BizouJeManvol
|-start|p2a: BizouJeManvol|move: Leech Seed
|
|-heal|p1a: Celesteela|26/100|[from] item: Leftovers
|-damage|p2a: BizouJeManvol|38/100|[from] Leech Seed|[of] p1a: Celesteela
|-heal|p1a: Celesteela|35/100|[silent]
|upkeep
|turn|30
|
|t:|1630235472
|move|p2a: BizouJeManvol|Roost|p2a: BizouJeManvol
|-heal|p2a: BizouJeManvol|88/100
|-singleturn|p2a: BizouJeManvol|move: Roost
|move|p1a: Celesteela|Heavy Slam|p2a: BizouJeManvol
|-resisted|p2a: BizouJeManvol
|-damage|p2a: BizouJeManvol|55/100
|
|-heal|p1a: Celesteela|41/100|[from] item: Leftovers
|-damage|p2a: BizouJeManvol|42/100|[from] Leech Seed|[of] p1a: Celesteela
|-heal|p1a: Celesteela|50/100|[silent]
|upkeep
|turn|31
|
|t:|1630235476
|move|p2a: BizouJeManvol|Flare Blitz|p1a: Celesteela
|-supereffective|p1a: Celesteela
|-damage|p1a: Celesteela|0 fnt
|faint|p1a: Celesteela
|-damage|p2a: BizouJeManvol|20/100|[from] Recoil
|
|upkeep
|
|t:|1630235480
|switch|p1a: Volcanion|Volcanion|78/100
|turn|32
|
|t:|1630235486
|move|p2a: BizouJeManvol|U-turn|p1a: Volcanion
|-resisted|p1a: Volcanion
|-damage|p1a: Volcanion|70/100
|
|t:|1630235487
|switch|p2a: CauetBurger|Rotom-Wash|10/100|[from]move: U-turn
|move|p1a: Volcanion|Steam Eruption|p2a: CauetBurger
|-resisted|p2a: CauetBurger
|-damage|p2a: CauetBurger|0 fnt
|faint|p2a: CauetBurger
|
|upkeep
|
|t:|1630235489
|switch|p2a: BizouJeManvol|Talonflame, F|20/100
|turn|33
|c|☆EliotEnRetar|all i can do
|c|☆EliotEnRetar|is pray for the miss hahaha
|
|t:|1630235524
|move|p2a: BizouJeManvol|Roost|p2a: BizouJeManvol
|-heal|p2a: BizouJeManvol|71/100
|-singleturn|p2a: BizouJeManvol|move: Roost
|move|p1a: Volcanion|Steam Eruption|p2a: BizouJeManvol
|-supereffective|p2a: BizouJeManvol
|-damage|p2a: BizouJeManvol|0 fnt
|faint|p2a: BizouJeManvol
|
|win|UU9T Eon
|raw|UU9T Eon's rating: 1399 &rarr; <strong>1428</strong><br />(+29 for winning)
|raw|EliotEnRetar's rating: 1575 &rarr; <strong>1546</strong><br />(-29 for losing)
|c|☆UU9T Eon|p much
|c|☆UU9T Eon|gg
|c|☆EliotEnRetar|haha
|c|☆EliotEnRetar|gg
|c|☆EliotEnRetar|wp
|c|☆EliotEnRetar|have a nice da
|c|☆EliotEnRetar|day
|c|☆UU9T Eon|u2
|c|☆EliotEnRetar|thx
