|j|☆EliotEnRetar
|j|☆Swamprattata
|t:|1610379493
|player|p1|EliotEnRetar|falkner|1447
|player|p2|Swamprattata|unknownf|1420
|teamsize|p1|6
|teamsize|p2|6
|gametype|singles
|gen|8
|tier|[Gen 8] UU
|rated|
|clearpoke
|poke|p1|Porygon-Z|
|poke|p1|Krookodile, M|
|poke|p1|Rotom-Wash|
|poke|p1|Scizor, M|
|poke|p1|Talonflame, M|
|poke|p1|Sylveon, F|
|poke|p2|Scizor, F|
|poke|p2|Rotom-Wash|
|poke|p2|Kommo-o, M|
|poke|p2|Conkeldurr, M|
|poke|p2|Krookodile, M|
|poke|p2|Primarina, F|
|rule|Sleep Clause Mod: Limit one foe put to sleep
|rule|Species Clause: Limit one of each Pokémon
|rule|OHKO Clause: OHKO moves are banned
|rule|Evasion Moves Clause: Evasion moves are banned
|rule|Endless Battle Clause: Forcing endless battles is banned
|rule|HP Percentage Mod: HP is shown in percentages
|rule|Dynamax Clause: You cannot dynamax
|teampreview
|
|t:|1610379507
|start
|switch|p1a: Krookodile|Krookodile, M|100/100
|switch|p2a: Rotom|Rotom-Wash|100/100
|-ability|p1a: Krookodile|Intimidate|boost
|-unboost|p2a: Rotom|atk|1
|turn|1
|
|t:|1610379513
|switch|p1a: Porygon-NUBL|Porygon-Z|100/100
|move|p2a: Rotom|Hydro Pump|p1a: Porygon-NUBL
|-damage|p1a: Porygon-NUBL|28/100
|
|upkeep
|turn|2
|
|t:|1610379521
|move|p1a: Porygon-NUBL|Tri Attack|p2a: Rotom
|-damage|p2a: Rotom|0 fnt
|faint|p2a: Rotom
|
|upkeep
|
|t:|1610379529
|switch|p2a: Conkeldurr|Conkeldurr, M|100/100
|turn|3
|
|t:|1610379536
|switch|p1a: Ouais|Sylveon, F|100/100
|move|p2a: Conkeldurr|Mach Punch|p1a: Ouais
|-resisted|p1a: Ouais
|-damage|p1a: Ouais|88/100
|
|-heal|p1a: Ouais|94/100|[from] item: Leftovers
|-status|p2a: Conkeldurr|brn|[from] item: Flame Orb
|upkeep
|turn|4
|
|t:|1610379548
|switch|p2a: Primarina|Primarina, F|100/100
|move|p1a: Ouais|Hyper Voice|p2a: Primarina
|-damage|p2a: Primarina|61/100
|
|-heal|p1a: Ouais|99/100|[from] item: Leftovers
|upkeep
|turn|5
|
|t:|1610379555
|move|p2a: Primarina|Scald|p1a: Ouais
|-damage|p1a: Ouais|76/100
|move|p1a: Ouais|Hyper Voice|p2a: Primarina
|-damage|p2a: Primarina|18/100
|
|-heal|p1a: Ouais|82/100|[from] item: Leftovers
|upkeep
|turn|6
|
|t:|1610379568
|switch|p2a: Scizor|Scizor, F|100/100
|move|p1a: Ouais|Hyper Voice|p2a: Scizor
|-resisted|p2a: Scizor
|-damage|p2a: Scizor|75/100
|
|-heal|p1a: Ouais|89/100|[from] item: Leftovers
|upkeep
|turn|7
|
|t:|1610379575
|switch|p1a: Schlass|Scizor, M|100/100
|move|p2a: Scizor|U-turn|p1a: Schlass
|-resisted|p1a: Schlass
|-damage|p1a: Schlass|68/100
|
|t:|1610379583
|switch|p2a: Conkeldurr|Conkeldurr, M|100/100 brn|[from]move: U-turn
|
|-damage|p2a: Conkeldurr|95/100 brn|[from] brn
|upkeep
|turn|8
|
|t:|1610379594
|move|p1a: Schlass|Bullet Punch|p2a: Conkeldurr
|-damage|p2a: Conkeldurr|53/100 brn
|move|p2a: Conkeldurr|Knock Off|p1a: Schlass
|-damage|p1a: Schlass|3/100
|-enditem|p1a: Schlass|Metal Coat|[from] move: Knock Off|[of] p2a: Conkeldurr
|
|-damage|p2a: Conkeldurr|48/100 brn|[from] brn
|upkeep
|turn|9
|
|t:|1610379601
|switch|p2a: Kommo-o|Kommo-o, M|100/100
|move|p1a: Schlass|Bullet Punch|p2a: Kommo-o
|-damage|p2a: Kommo-o|82/100
|-damage|p1a: Schlass|0 fnt|[from] item: Rocky Helmet|[of] p2a: Kommo-o
|faint|p1a: Schlass
|
|upkeep
|j| KOMACHIo
|
|t:|1610379610
|switch|p1a: Ouais|Sylveon, F|89/100
|turn|10
|
|t:|1610379613
|move|p2a: Kommo-o|Stealth Rock|p1a: Ouais
|-sidestart|p1: EliotEnRetar|move: Stealth Rock
|move|p1a: Ouais|Hyper Voice|p2a: Kommo-o
|-supereffective|p2a: Kommo-o
|-damage|p2a: Kommo-o|0 fnt
|faint|p2a: Kommo-o
|
|-heal|p1a: Ouais|95/100|[from] item: Leftovers
|upkeep
|
|t:|1610379615
|switch|p2a: Scizor|Scizor, F|75/100
|turn|11
|
|t:|1610379622
|switch|p1a: BizouJeManvol|Talonflame, M|100/100
|move|p2a: Scizor|Bullet Punch|p1a: BizouJeManvol
|-resisted|p1a: BizouJeManvol
|-damage|p1a: BizouJeManvol|62/100
|
|upkeep
|turn|12
|
|t:|1610379631
|switch|p2a: Krookodile|Krookodile, M|100/100
|move|p1a: BizouJeManvol|Flare Blitz|p2a: Krookodile
|-damage|p2a: Krookodile|39/100
|-damage|p1a: BizouJeManvol|39/100|[from] Recoil
|
|upkeep
|turn|13
|
|t:|1610379641
|switch|p1a: CauetBurger|Rotom-Wash|100/100
|-damage|p1a: CauetBurger|88/100|[from] Stealth Rock
|move|p2a: Krookodile|Knock Off|p1a: CauetBurger
|-damage|p1a: CauetBurger|48/100
|-enditem|p1a: CauetBurger|Leftovers|[from] move: Knock Off|[of] p2a: Krookodile
|
|upkeep
|turn|14
|
|t:|1610379650
|switch|p2a: Primarina|Primarina, F|18/100
|move|p1a: CauetBurger|Volt Switch|p2a: Primarina
|-supereffective|p2a: Primarina
|-damage|p2a: Primarina|0 fnt
|faint|p2a: Primarina
|
|t:|1610379660
|switch|p1a: BizouJeManvol|Talonflame, M|39/100|[from]move: Volt Switch
|
|upkeep
|
|t:|1610379666
|switch|p2a: Krookodile|Krookodile, M|39/100
|turn|15
|
|t:|1610379681
|move|p2a: Krookodile|Darkest Lariat|p1a: BizouJeManvol
|-damage|p1a: BizouJeManvol|0 fnt
|faint|p1a: BizouJeManvol
|-ability|p2a: Krookodile|Moxie|boost
|-boost|p2a: Krookodile|atk|1
|
|upkeep
|
|t:|1610379686
|switch|p1a: Krookodile|Krookodile, M|100/100
|-damage|p1a: Krookodile|94/100|[from] Stealth Rock
|-ability|p1a: Krookodile|Intimidate|boost
|-unboost|p2a: Krookodile|atk|1
|turn|16
|
|t:|1610379695
|move|p1a: Krookodile|Earthquake|p2a: Krookodile
|-damage|p2a: Krookodile|0 fnt
|faint|p2a: Krookodile
|
|upkeep
|
|t:|1610379698
|switch|p2a: Conkeldurr|Conkeldurr, M|48/100 brn
|turn|17
|
|t:|1610379719
|switch|p1a: Porygon-NUBL|Porygon-Z|28/100
|-damage|p1a: Porygon-NUBL|16/100|[from] Stealth Rock
|move|p2a: Conkeldurr|Mach Punch|p1a: Porygon-NUBL
|-supereffective|p1a: Porygon-NUBL
|-damage|p1a: Porygon-NUBL|0 fnt
|faint|p1a: Porygon-NUBL
|
|-damage|p2a: Conkeldurr|42/100 brn|[from] brn
|upkeep
|
|t:|1610379728
|switch|p1a: Ouais|Sylveon, F|95/100
|-damage|p1a: Ouais|82/100|[from] Stealth Rock
|turn|18
|
|t:|1610379735
|move|p2a: Conkeldurr|Facade|p1a: Ouais
|-damage|p1a: Ouais|0 fnt
|faint|p1a: Ouais
|
|-damage|p2a: Conkeldurr|36/100 brn|[from] brn
|upkeep
|
|t:|1610379740
|switch|p1a: CauetBurger|Rotom-Wash|48/100
|-damage|p1a: CauetBurger|35/100|[from] Stealth Rock
|turn|19
|
|t:|1610379755
|move|p2a: Conkeldurr|Mach Punch|p1a: CauetBurger
|-damage|p1a: CauetBurger|6/100
|move|p1a: CauetBurger|Hydro Pump|p2a: Conkeldurr
|-damage|p2a: Conkeldurr|0 fnt
|faint|p2a: Conkeldurr
|
|upkeep
|
|t:|1610379757
|switch|p2a: Scizor|Scizor, F|75/100
|turn|20
|
|t:|1610379764
|move|p2a: Scizor|Bullet Punch|p1a: CauetBurger
|-resisted|p1a: CauetBurger
|-damage|p1a: CauetBurger|0 fnt
|faint|p1a: CauetBurger
|
|upkeep
|
|t:|1610379768
|switch|p1a: Krookodile|Krookodile, M|94/100
|-damage|p1a: Krookodile|88/100|[from] Stealth Rock
|-ability|p1a: Krookodile|Intimidate|boost
|-unboost|p2a: Scizor|atk|1
|turn|21
|
|t:|1610379778
|move|p2a: Scizor|Bullet Punch|p1a: Krookodile
|-damage|p1a: Krookodile|46/100
|move|p1a: Krookodile|Earthquake|p2a: Scizor
|-damage|p2a: Scizor|27/100
|
|upkeep
|turn|22
|
|t:|1610379783
|move|p2a: Scizor|Bullet Punch|p1a: Krookodile
|-damage|p1a: Krookodile|1/100
|move|p1a: Krookodile|Earthquake|p2a: Scizor
|-damage|p2a: Scizor|0 fnt
|faint|p2a: Scizor
|
|win|EliotEnRetar
|c|☆EliotEnRetar|gg
|c|☆Swamprattata|wow!
|c|☆Swamprattata|gg
|l|☆EliotEnRetar
|l| KOMACHIo
