|raw|<div class="broadcast-blue"><strong>This battle is required to be public due to a player having a name starting with 'uult91w'.</div>
|j|☆UULT91w udon
|j|☆UULT91w Mimilucha
|t:|1652008923
|gametype|singles
|player|p1|UULT91w udon|dawn|1600
|player|p2|UULT91w Mimilucha|lucas|1581
|teamsize|p1|6
|teamsize|p2|6
|gen|8
|tier|[Gen 8] UU
|rated|
|rule|Sleep Clause Mod: Limit one foe put to sleep
|rule|Species Clause: Limit one of each Pokémon
|rule|OHKO Clause: OHKO moves are banned
|rule|Evasion Moves Clause: Evasion moves are banned
|rule|Endless Battle Clause: Forcing endless battles is banned
|rule|HP Percentage Mod: HP is shown in percentages
|rule|Dynamax Clause: You cannot dynamax
|clearpoke
|poke|p1|Hydreigon, F|
|poke|p1|Cobalion|
|poke|p1|Azumarill, F|
|poke|p1|Tangrowth, M|
|poke|p1|Moltres|
|poke|p1|Aegislash, F|
|poke|p2|Scizor, M|
|poke|p2|Chansey, F|
|poke|p2|Skarmory, M|
|poke|p2|Quagsire, M|
|poke|p2|Umbreon, M|
|poke|p2|Slowking, F|
|teampreview
|inactive|Battle timer is ON: inactive players will automatically lose when time's up. (requested by UULT91w Mimilucha)
|
|t:|1652008940
|start
|switch|p1a: Cobalion|Cobalion|100/100
|switch|p2a: Umbreon|Umbreon, M|100/100
|turn|1
|
|t:|1652008943
|switch|p2a: Scizor|Scizor, M|100/100
|move|p1a: Cobalion|Stealth Rock|p2a: Scizor
|-sidestart|p2: UULT91w Mimilucha|move: Stealth Rock
|
|upkeep
|turn|2
|
|t:|1652008948
|move|p1a: Cobalion|Close Combat|p2a: Scizor
|-damage|p2a: Scizor|57/100
|-unboost|p1a: Cobalion|def|1
|-unboost|p1a: Cobalion|spd|1
|move|p2a: Scizor|Defog|p1a: Cobalion
|-unboost|p1a: Cobalion|evasion|1
|-sideend|p2: UULT91w Mimilucha|Stealth Rock|[from] move: Defog|[of] p2a: Scizor
|
|-heal|p2a: Scizor|63/100|[from] item: Leftovers
|upkeep
|turn|3
|j| ASKOV
|
|t:|1652008956
|move|p1a: Cobalion|Stealth Rock|p2a: Scizor
|-sidestart|p2: UULT91w Mimilucha|move: Stealth Rock
|move|p2a: Scizor|Roost|p2a: Scizor
|-heal|p2a: Scizor|100/100
|-singleturn|p2a: Scizor|move: Roost
|
|upkeep
|turn|4
|
|t:|1652008959
|move|p1a: Cobalion|Swords Dance|p1a: Cobalion
|-boost|p1a: Cobalion|atk|2
|move|p2a: Scizor|Defog|p1a: Cobalion
|-unboost|p1a: Cobalion|evasion|1
|-sideend|p2: UULT91w Mimilucha|Stealth Rock|[from] move: Defog|[of] p2a: Scizor
|
|upkeep
|turn|5
|l| ASKOV
|
|t:|1652008962
|switch|p2a: Quagsire|Quagsire, M|100/100
|move|p1a: Cobalion|Stealth Rock|p2a: Quagsire
|-sidestart|p2: UULT91w Mimilucha|move: Stealth Rock
|
|upkeep
|turn|6
|j| UULT91w Micciu
|
|t:|1652008975
|switch|p1a: Tangrowth|Tangrowth, M|100/100
|move|p2a: Quagsire|Toxic|p1a: Tangrowth
|-status|p1a: Tangrowth|tox
|
|-damage|p1a: Tangrowth|94/100 tox|[from] psn
|upkeep
|turn|7
|
|t:|1652008981
|move|p1a: Tangrowth|Knock Off|p2a: Quagsire
|-damage|p2a: Quagsire|83/100
|-enditem|p2a: Quagsire|Leftovers|[from] move: Knock Off|[of] p1a: Tangrowth
|move|p2a: Quagsire|Toxic|p1a: Tangrowth
|-fail|p1a: Tangrowth|tox
|
|-damage|p1a: Tangrowth|82/100 tox|[from] psn
|upkeep
|turn|8
|
|t:|1652008985
|switch|p2a: Skarmory|Skarmory, M|100/100
|-damage|p2a: Skarmory|88/100|[from] Stealth Rock
|move|p1a: Tangrowth|Knock Off|p2a: Skarmory
|-damage|p2a: Skarmory|74/100
|-damage|p1a: Tangrowth|65/100 tox|[from] item: Rocky Helmet|[of] p2a: Skarmory
|-enditem|p2a: Skarmory|Rocky Helmet|[from] move: Knock Off|[of] p1a: Tangrowth
|
|-damage|p1a: Tangrowth|47/100 tox|[from] psn
|upkeep
|turn|9
|
|t:|1652008988
|switch|p1a: Aegislash|Aegislash, F|100/100
|move|p2a: Skarmory|Defog|p1a: Aegislash
|-unboost|p1a: Aegislash|evasion|1
|-sideend|p2: UULT91w Mimilucha|Stealth Rock|[from] move: Defog|[of] p2a: Skarmory
|
|upkeep
|turn|10
|
|t:|1652008995
|switch|p2a: Scizor|Scizor, M|100/100
|-formechange|p1a: Aegislash|Aegislash-Blade||[from] ability: Stance Change
|move|p1a: Aegislash|Close Combat|p2a: Scizor
|-damage|p2a: Scizor|59/100
|-unboost|p1a: Aegislash|def|1
|-unboost|p1a: Aegislash|spd|1
|-damage|p1a: Aegislash|91/100|[from] item: Life Orb
|
|-heal|p2a: Scizor|65/100|[from] item: Leftovers
|upkeep
|turn|11
|
|t:|1652008998
|switch|p2a: Umbreon|Umbreon, M|100/100
|switch|p1a: Cobalion|Cobalion|100/100
|
|upkeep
|turn|12
|j| P.Otaku❄
|
|t:|1652009009
|switch|p2a: Skarmory|Skarmory, M|74/100
|move|p1a: Cobalion|Stealth Rock|p2a: Skarmory
|-sidestart|p2: UULT91w Mimilucha|move: Stealth Rock
|
|upkeep
|turn|13
|
|t:|1652009016
|switch|p1a: Aegislash|Aegislash, F|91/100
|move|p2a: Skarmory|Defog|p1a: Aegislash
|-unboost|p1a: Aegislash|evasion|1
|-sideend|p2: UULT91w Mimilucha|Stealth Rock|[from] move: Defog|[of] p2a: Skarmory
|
|upkeep
|turn|14
|
|t:|1652009028
|switch|p2a: Umbreon|Umbreon, M|100/100
|-formechange|p1a: Aegislash|Aegislash-Blade||[from] ability: Stance Change
|move|p1a: Aegislash|Close Combat|p2a: Umbreon
|-supereffective|p2a: Umbreon
|-crit|p2a: Umbreon
|-damage|p2a: Umbreon|2/100
|-unboost|p1a: Aegislash|def|1
|-unboost|p1a: Aegislash|spd|1
|-damage|p1a: Aegislash|81/100|[from] item: Life Orb
|
|-heal|p2a: Umbreon|8/100|[from] item: Leftovers
|upkeep
|turn|15
|
|t:|1652009041
|switch|p2a: Chansey|Chansey, F|100/100
|move|p1a: Aegislash|Flash Cannon|p2a: Chansey
|-damage|p2a: Chansey|81/100
|-damage|p1a: Aegislash|71/100|[from] item: Life Orb
|
|upkeep
|turn|16
|j| congelateur-sama
|
|t:|1652009047
|switch|p2a: Scizor|Scizor, M|65/100
|move|p1a: Aegislash|Shadow Ball|p2a: Scizor
|-damage|p2a: Scizor|14/100
|-unboost|p2a: Scizor|spd|1
|-damage|p1a: Aegislash|61/100|[from] item: Life Orb
|
|-heal|p2a: Scizor|20/100|[from] item: Leftovers
|upkeep
|turn|17
|
|t:|1652009054
|move|p1a: Aegislash|Shadow Sneak|p2a: Scizor
|-damage|p2a: Scizor|0 fnt
|faint|p2a: Scizor
|-damage|p1a: Aegislash|51/100|[from] item: Life Orb
|
|upkeep
|
|t:|1652009061
|switch|p2a: Quagsire|Quagsire, M|83/100
|turn|18
|
|t:|1652009067
|switch|p1a: Tangrowth|Tangrowth, M|80/100 tox
|move|p2a: Quagsire|Scald|p1a: Tangrowth
|-resisted|p1a: Tangrowth
|-damage|p1a: Tangrowth|74/100 tox
|
|-damage|p1a: Tangrowth|68/100 tox|[from] psn
|upkeep
|turn|19
|
|t:|1652009083
|switch|p1a: Azumarill|Azumarill, F|100/100
|switch|p2a: Umbreon|Umbreon, M|8/100
|
|-heal|p2a: Umbreon|14/100|[from] item: Leftovers
|upkeep
|turn|20
|
|t:|1652009089
|move|p2a: Umbreon|Protect|p2a: Umbreon
|-singleturn|p2a: Umbreon|Protect
|move|p1a: Azumarill|Liquidation|p2a: Umbreon
|-activate|p2a: Umbreon|move: Protect
|
|-heal|p2a: Umbreon|21/100|[from] item: Leftovers
|upkeep
|turn|21
|
|t:|1652009093
|move|p2a: Umbreon|Wish|p2a: Umbreon
|move|p1a: Azumarill|Liquidation|p2a: Umbreon
|-damage|p2a: Umbreon|0 fnt
|faint|p2a: Umbreon
|
|upkeep
|
|t:|1652009095
|switch|p2a: Slowking|Slowking, F|100/100
|turn|22
|
|t:|1652009098
|switch|p1a: Hydreigon|Hydreigon, F|100/100
|move|p2a: Slowking|Calm Mind|p2a: Slowking
|-boost|p2a: Slowking|spa|1
|-boost|p2a: Slowking|spd|1
|
|upkeep
|turn|23
|l| congelateur-sama
|
|t:|1652009100
|move|p1a: Hydreigon|Dark Pulse|p2a: Slowking
|-supereffective|p2a: Slowking
|-enditem|p2a: Slowking|Colbur Berry|[eat]
|-enditem|p2a: Slowking|Colbur Berry|[weaken]
|-damage|p2a: Slowking|64/100
|move|p2a: Slowking|Calm Mind|p2a: Slowking
|-boost|p2a: Slowking|spa|1
|-boost|p2a: Slowking|spd|1
|
|upkeep
|turn|24
|
|t:|1652009105
|move|p1a: Hydreigon|Dark Pulse|p2a: Slowking
|-supereffective|p2a: Slowking
|-damage|p2a: Slowking|14/100
|move|p2a: Slowking|Slack Off|p2a: Slowking
|-heal|p2a: Slowking|64/100
|
|upkeep
|turn|25
|j|+chlo
|
|t:|1652009115
|move|p1a: Hydreigon|Dark Pulse|p2a: Slowking
|-supereffective|p2a: Slowking
|-damage|p2a: Slowking|7/100
|move|p2a: Slowking|Slack Off|p2a: Slowking
|-heal|p2a: Slowking|57/100
|
|upkeep
|turn|26
|
|t:|1652009117
|switch|p2a: Chansey|Chansey, F|81/100
|move|p1a: Hydreigon|Dark Pulse|p2a: Chansey
|-damage|p2a: Chansey|61/100
|
|upkeep
|turn|27
|
|t:|1652009121
|switch|p1a: Aegislash|Aegislash, F|51/100
|move|p2a: Chansey|Stealth Rock|p1a: Aegislash
|-sidestart|p1: UULT91w udon|move: Stealth Rock
|
|upkeep
|turn|28
|-message|UULT91w Mimilucha forfeited.
|
|win|UULT91w udon
|raw|UULT91w udon's rating: 1600 &rarr; <strong>1619</strong><br />(+19 for winning)
|raw|UULT91w Mimilucha's rating: 1581 &rarr; <strong>1562</strong><br />(-19 for losing)
|l|☆UULT91w Mimilucha
|l|☆UULT91w udon
|l|+chlo
|l| P.Otaku❄
|l| UULT91w Micciu
|j|☆UULT91w udon
|player|p1|UULT91w udon|dawn
