|j|☆FionaRime
|j|☆UU11t pokemonisfun
|t:|1643321992
|gametype|singles
|player|p1|FionaRime|jasmine|1452
|player|p2|UU11t pokemonisfun|#uutrio2ladder|1599
|teamsize|p1|6
|teamsize|p2|6
|gen|8
|tier|[Gen 8] UU
|rated|
|rule|Sleep Clause Mod: Limit one foe put to sleep
|rule|Species Clause: Limit one of each Pokémon
|rule|OHKO Clause: OHKO moves are banned
|rule|Evasion Moves Clause: Evasion moves are banned
|rule|Endless Battle Clause: Forcing endless battles is banned
|rule|HP Percentage Mod: HP is shown in percentages
|rule|Dynamax Clause: You cannot dynamax
|clearpoke
|poke|p1|Mamoswine, M|
|poke|p1|Necrozma|
|poke|p1|Azumarill, F|
|poke|p1|Araquanid, F|
|poke|p1|Chandelure, M|
|poke|p1|Azelf|
|poke|p2|Registeel|
|poke|p2|Tapu Bulu|
|poke|p2|Chansey, F|
|poke|p2|Seismitoad, F|
|poke|p2|Salamence, F|
|poke|p2|Hatterene, F|
|teampreview
|j| naivideluxe45
|j| buivyucty
|
|t:|1643322012
|start
|switch|p1a: Chandelure|Chandelure, M|100/100
|switch|p2a: soggy froggy|Seismitoad, F|100/100
|turn|1
|
|t:|1643322025
|switch|p2a: beggin 4 an eggin|Chansey, F|100/100
|move|p1a: Chandelure|Trick|p2a: beggin 4 an eggin
|-activate|p1a: Chandelure|move: Trick|[of] p2a: beggin 4 an eggin
|-item|p2a: beggin 4 an eggin|Choice Scarf|[from] move: Trick
|-item|p1a: Chandelure|Eviolite|[from] move: Trick
|
|upkeep
|turn|2
|
|t:|1643322032
|move|p1a: Chandelure|Fire Blast|p2a: beggin 4 an eggin
|-damage|p2a: beggin 4 an eggin|69/100
|move|p2a: beggin 4 an eggin|Toxic|p1a: Chandelure
|-status|p1a: Chandelure|tox
|
|-damage|p1a: Chandelure|94/100 tox|[from] psn
|upkeep
|turn|3
|
|t:|1643322041
|switch|p2a: soggy froggy|Seismitoad, F|100/100
|move|p1a: Chandelure|Trick|p2a: soggy froggy
|-activate|p1a: Chandelure|move: Trick|[of] p2a: soggy froggy
|-item|p2a: soggy froggy|Eviolite|[from] move: Trick
|-item|p1a: Chandelure|Leftovers|[from] move: Trick
|
|-heal|p1a: Chandelure|100/100 tox|[from] item: Leftovers
|-damage|p1a: Chandelure|88/100 tox|[from] psn
|upkeep
|turn|4
|
|t:|1643322050
|switch|p1a: Azelf|Azelf|100/100
|switch|p2a: beggin 4 an eggin|Chansey, F|69/100
|
|upkeep
|turn|5
|
|t:|1643322057
|move|p1a: Azelf|Psyshock|p2a: beggin 4 an eggin
|-damage|p2a: beggin 4 an eggin|27/100
|move|p2a: beggin 4 an eggin|Toxic|p1a: Azelf
|-status|p1a: Azelf|tox
|
|-damage|p1a: Azelf|94/100 tox|[from] psn
|upkeep
|turn|6
|
|t:|1643322065
|switch|p2a: tit for hat|Hatterene, F|100/100
|move|p1a: Azelf|Flamethrower|p2a: tit for hat
|-damage|p2a: tit for hat|67/100
|
|-heal|p2a: tit for hat|73/100|[from] item: Leftovers
|-damage|p1a: Azelf|82/100 tox|[from] psn
|upkeep
|turn|7
|
|t:|1643322075
|switch|p1a: Mamoswine|Mamoswine, M|100/100
|move|p2a: tit for hat|Draining Kiss|p1a: Mamoswine
|-damage|p1a: Mamoswine|71/100
|-heal|p2a: tit for hat|98/100|[from] drain|[of] p1a: Mamoswine
|
|-heal|p2a: tit for hat|100/100|[from] item: Leftovers
|upkeep
|turn|8
|
|t:|1643322084
|move|p1a: Mamoswine|Earthquake|p2a: tit for hat
|-damage|p2a: tit for hat|27/100
|move|p2a: tit for hat|Draining Kiss|p1a: Mamoswine
|-damage|p1a: Mamoswine|41/100
|-heal|p2a: tit for hat|53/100|[from] drain|[of] p1a: Mamoswine
|
|-heal|p2a: tit for hat|59/100|[from] item: Leftovers
|upkeep
|turn|9
|
|t:|1643322093
|switch|p1a: Necrozma|Necrozma|100/100
|switch|p2a: mr mencey wencey|Salamence, F|100/100
|-ability|p2a: mr mencey wencey|Intimidate|boost
|-unboost|p1a: Necrozma|atk|1
|
|upkeep
|turn|10
|
|t:|1643322100
|switch|p2a: soggy froggy|Seismitoad, F|100/100
|move|p1a: Necrozma|Meteor Beam||[still]
|-prepare|p1a: Necrozma|Meteor Beam
|-boost|p1a: Necrozma|spa|1
|-enditem|p1a: Necrozma|Power Herb
|-anim|p1a: Necrozma|Meteor Beam|p2a: soggy froggy
|-resisted|p2a: soggy froggy
|-crit|p2a: soggy froggy
|-damage|p2a: soggy froggy|60/100
|
|upkeep
|turn|11
|
|t:|1643322110
|move|p1a: Necrozma|Photon Geyser|p2a: soggy froggy
|-damage|p2a: soggy froggy|0 fnt
|faint|p2a: soggy froggy
|
|upkeep
|
|t:|1643322112
|switch|p2a: stanky clanky|Registeel|100/100
|turn|12
|l| naivideluxe45
|
|t:|1643322118
|move|p1a: Necrozma|Heat Wave|p2a: stanky clanky
|-supereffective|p2a: stanky clanky
|-crit|p2a: stanky clanky
|-damage|p2a: stanky clanky|0 fnt
|faint|p2a: stanky clanky
|
|upkeep
|-message|UU11t pokemonisfun forfeited.
|
|win|FionaRime
|raw|FionaRime's rating: 1452 &rarr; <strong>1480</strong><br />(+28 for winning)
|raw|UU11t pokemonisfun's rating: 1599 &rarr; <strong>1571</strong><br />(-28 for losing)
|c|☆UU11t pokemonisfun|gg
