|j|☆DarkHorse344
|j|☆Markolinho
|t:|1665259481
|gametype|singles
|player|p1|DarkHorse344|brendan-gen3rs|1274
|player|p2|Markolinho|1|1390
|teamsize|p1|6
|teamsize|p2|6
|gen|8
|tier|[Gen 8] UU
|rated|
|rule|Sleep Clause Mod: Limit one foe put to sleep
|rule|Species Clause: Limit one of each Pokémon
|rule|OHKO Clause: OHKO moves are banned
|rule|Evasion Items Clause: Evasion items are banned
|rule|Evasion Moves Clause: Evasion moves are banned
|rule|Endless Battle Clause: Forcing endless battles is banned
|rule|HP Percentage Mod: HP is shown in percentages
|rule|Dynamax Clause: You cannot dynamax
|clearpoke
|poke|p1|Politoed, M|
|poke|p1|Kingdra, F|
|poke|p1|Salamence, M|
|poke|p1|Amoonguss, F|
|poke|p1|Kabutops, M|
|poke|p1|Tornadus, M|
|poke|p2|Darmanitan, M|
|poke|p2|Hatterene, F|
|poke|p2|Rotom-Wash|
|poke|p2|Scizor, F|
|poke|p2|Nihilego|
|poke|p2|Haxorus, F|
|teampreview
|inactive|Battle timer is ON: inactive players will automatically lose when time's up. (requested by Markolinho)
|
|t:|1665259489
|start
|switch|p1a: Politoed|Politoed, M|100/100
|switch|p2a: Rotom|Rotom-Wash|100/100
|-weather|RainDance|[from] ability: Drizzle|[of] p1a: Politoed
|turn|1
|
|t:|1665259498
|switch|p1a: Amoonguss|Amoonguss, F|100/100
|move|p2a: Rotom|Volt Switch|p1a: Amoonguss
|-resisted|p1a: Amoonguss
|-damage|p1a: Amoonguss|89/100
|-enditem|p1a: Amoonguss|Eject Button
|
|t:|1665259511
|switch|p1a: Kingdra|Kingdra, F|100/100
|
|-weather|RainDance|[upkeep]
|upkeep
|turn|2
|
|t:|1665259526
|move|p1a: Kingdra|Surf|p2a: Rotom
|-resisted|p2a: Rotom
|-damage|p2a: Rotom|54/100
|move|p2a: Rotom|Volt Switch|p1a: Kingdra
|-damage|p1a: Kingdra|71/100
|
|t:|1665259534
|switch|p2a: Haxorus|Haxorus, F|100/100|[from]move: Volt Switch
|
|-weather|RainDance|[upkeep]
|upkeep
|turn|3
|
|t:|1665259548
|switch|p1a: Amoonguss|Amoonguss, F|100/100
|move|p2a: Haxorus|Outrage|p1a: Amoonguss
|-damage|p1a: Amoonguss|24/100
|-damage|p2a: Haxorus|91/100|[from] item: Life Orb
|
|-weather|RainDance|[upkeep]
|upkeep
|turn|4
|
|t:|1665259559
|move|p2a: Haxorus|Outrage|p1a: Amoonguss|[from]lockedmove
|-damage|p1a: Amoonguss|0 fnt
|faint|p1a: Amoonguss
|-damage|p2a: Haxorus|81/100|[from] item: Life Orb
|-start|p2a: Haxorus|confusion|[fatigue]
|
|-weather|RainDance|[upkeep]
|upkeep
|
|t:|1665259569
|switch|p1a: Tornadus|Tornadus, M|100/100
|turn|5
|
|t:|1665259579
|switch|p2a: Rotom|Rotom-Wash|54/100
|move|p1a: Tornadus|Hurricane|p2a: Rotom
|-resisted|p2a: Rotom
|-damage|p2a: Rotom|6/100
|-start|p2a: Rotom|confusion
|
|-weather|RainDance|[upkeep]
|-heal|p2a: Rotom|12/100|[from] item: Leftovers
|upkeep
|turn|6
|
|t:|1665259597
|switch|p2a: Nihilego|Nihilego|100/100
|move|p1a: Tornadus|Hurricane|p2a: Nihilego
|-resisted|p2a: Nihilego
|-damage|p2a: Nihilego|68/100
|
|-weather|RainDance|[upkeep]
|upkeep
|turn|7
|
|t:|1665259605
|switch|p1a: Kabutops|Kabutops, M|100/100
|move|p2a: Nihilego|Meteor Beam||[still]
|-prepare|p2a: Nihilego|Meteor Beam
|-boost|p2a: Nihilego|spa|1
|-enditem|p2a: Nihilego|Power Herb
|-anim|p2a: Nihilego|Meteor Beam|p1a: Kabutops
|-damage|p1a: Kabutops|0 fnt
|faint|p1a: Kabutops
|-ability|p2a: Nihilego|Beast Boost|boost
|-boost|p2a: Nihilego|spe|1
|
|-weather|RainDance|[upkeep]
|upkeep
|
|t:|1665259609
|switch|p1a: Kingdra|Kingdra, F|71/100
|turn|8
|
|t:|1665259626
|switch|p2a: Rotom|Rotom-Wash|12/100
|move|p1a: Kingdra|Surf|p2a: Rotom
|-resisted|p2a: Rotom
|-damage|p2a: Rotom|0 fnt
|faint|p2a: Rotom
|
|-weather|none
|upkeep
|inactive|Markolinho has 120 seconds left.
|
|t:|1665259665
|switch|p2a: Haxorus|Haxorus, F|81/100
|turn|9
|
|t:|1665259669
|switch|p1a: Politoed|Politoed, M|100/100
|-weather|RainDance|[from] ability: Drizzle|[of] p1a: Politoed
|move|p2a: Haxorus|Outrage|p1a: Politoed
|-crit|p1a: Politoed
|-damage|p1a: Politoed|18/100
|-damage|p2a: Haxorus|71/100|[from] item: Life Orb
|
|-weather|RainDance|[upkeep]
|upkeep
|turn|10
|inactive|Markolinho has 120 seconds left.
|
|t:|1665259687
|switch|p1a: Salamence|Salamence, M|100/100
|-ability|p1a: Salamence|Intimidate|boost
|-unboost|p2a: Haxorus|atk|1
|move|p2a: Haxorus|Outrage|p1a: Salamence|[from]lockedmove
|-supereffective|p1a: Salamence
|-damage|p1a: Salamence|15/100
|-damage|p2a: Haxorus|61/100|[from] item: Life Orb
|
|-weather|RainDance|[upkeep]
|upkeep
|turn|11
|inactive|DarkHorse344 has 120 seconds left.
|
|t:|1665259738
|move|p1a: Salamence|Hurricane|p2a: Haxorus
|-damage|p2a: Haxorus|2/100
|-start|p2a: Haxorus|confusion
|-activate|p2a: Haxorus|confusion
|move|p2a: Haxorus|Outrage|p1a: Salamence|[from]lockedmove
|-supereffective|p1a: Salamence
|-damage|p1a: Salamence|0 fnt
|faint|p1a: Salamence
|-damage|p2a: Haxorus|0 fnt|[from] item: Life Orb
|faint|p2a: Haxorus
|
|-weather|RainDance|[upkeep]
|upkeep
|inactive|Markolinho has 120 seconds left.
|
|t:|1665259773
|switch|p1a: Kingdra|Kingdra, F|71/100
|switch|p2a: Darmanitan|Darmanitan, M|100/100
|turn|12
|
|t:|1665259778
|move|p1a: Kingdra|Surf|p2a: Darmanitan
|-supereffective|p2a: Darmanitan
|-damage|p2a: Darmanitan|0 fnt
|faint|p2a: Darmanitan
|
|-weather|RainDance|[upkeep]
|upkeep
|
|t:|1665259784
|switch|p2a: Scizor|Scizor, F|100/100
|turn|13
|
|t:|1665259788
|move|p1a: Kingdra|Surf|p2a: Scizor
|-damage|p2a: Scizor|8/100
|move|p2a: Scizor|Knock Off|p1a: Kingdra
|-damage|p1a: Kingdra|40/100
|-enditem|p1a: Kingdra|Choice Specs|[from] move: Knock Off|[of] p2a: Scizor
|
|-weather|RainDance|[upkeep]
|-heal|p2a: Scizor|14/100|[from] item: Leftovers
|upkeep
|turn|14
|
|t:|1665259796
|move|p2a: Scizor|Bullet Punch|p1a: Kingdra
|-resisted|p1a: Kingdra
|-damage|p1a: Kingdra|24/100
|move|p1a: Kingdra|Surf|p2a: Scizor
|-damage|p2a: Scizor|0 fnt
|faint|p2a: Scizor
|
|-weather|RainDance|[upkeep]
|upkeep
|
|t:|1665259803
|switch|p2a: Hatterene|Hatterene, F|100/100
|turn|15
|inactive|Markolinho has 120 seconds left.
|
|t:|1665259811
|switch|p1a: Tornadus|Tornadus, M|100/100
|move|p2a: Hatterene|Draining Kiss|p1a: Tornadus
|-damage|p1a: Tornadus|68/100
|
|-weather|RainDance|[upkeep]
|upkeep
|turn|16
|inactive|Markolinho has 120 seconds left.
|
|t:|1665259822
|move|p1a: Tornadus|Weather Ball|p2a: Hatterene
|-damage|p2a: Hatterene|17/100
|move|p2a: Hatterene|Calm Mind|p2a: Hatterene
|-boost|p2a: Hatterene|spa|1
|-boost|p2a: Hatterene|spd|1
|
|-weather|none
|-heal|p2a: Hatterene|23/100|[from] item: Leftovers
|upkeep
|turn|17
|-message|Markolinho forfeited.
|
|win|DarkHorse344
|raw|DarkHorse344's rating: 1274 &rarr; <strong>1307</strong><br />(+33 for winning)
|raw|Markolinho's rating: 1390 &rarr; <strong>1364</strong><br />(-26 for losing)
|l|☆Markolinho
