|j|☆the unforunator45
|j|☆GryphonEx
|t:|1665057935
|gametype|singles
|player|p1|the unforunator45|marley|1479
|player|p2|GryphonEx|gardenia|1353
|teamsize|p1|6
|teamsize|p2|6
|gen|8
|tier|[Gen 8] UU
|rated|
|rule|Sleep Clause Mod: Limit one foe put to sleep
|rule|Species Clause: Limit one of each Pokémon
|rule|OHKO Clause: OHKO moves are banned
|rule|Evasion Items Clause: Evasion items are banned
|rule|Evasion Moves Clause: Evasion moves are banned
|rule|Endless Battle Clause: Forcing endless battles is banned
|rule|HP Percentage Mod: HP is shown in percentages
|rule|Dynamax Clause: You cannot dynamax
|clearpoke
|poke|p1|Tangrowth, F|
|poke|p1|Nihilego|
|poke|p1|Salamence, M|
|poke|p1|Suicune|
|poke|p1|Cobalion|
|poke|p1|Diggersby, F|
|poke|p2|Hydreigon, F|
|poke|p2|Primarina, F|
|poke|p2|Zarude|
|poke|p2|Salamence, F|
|poke|p2|Chansey, F|
|poke|p2|Corsola-Galar, F|
|teampreview
|l|☆GryphonEx
|player|p2|
|j|☆GryphonEx
|player|p2|GryphonEx|gardenia
|
|t:|1665057960
|start
|switch|p1a: Tangrowth|Tangrowth, F|100/100
|switch|p2a: Zarude|Zarude|100/100
|turn|1
|
|t:|1665057966
|move|p2a: Zarude|U-turn|p1a: Tangrowth
|-supereffective|p1a: Tangrowth
|-damage|p1a: Tangrowth|58/100
|
|t:|1665057978
|switch|p2a: Hydreigon|Hydreigon, F|100/100|[from]move: U-turn
|move|p1a: Tangrowth|Knock Off|p2a: Hydreigon
|-resisted|p2a: Hydreigon
|-damage|p2a: Hydreigon|88/100
|-enditem|p2a: Hydreigon|Choice Specs|[from] move: Knock Off|[of] p1a: Tangrowth
|
|upkeep
|turn|2
|
|t:|1665057994
|move|p2a: Hydreigon|Flamethrower|p1a: Tangrowth
|-supereffective|p1a: Tangrowth
|-damage|p1a: Tangrowth|13/100
|move|p1a: Tangrowth|Sludge Bomb|p2a: Hydreigon
|-damage|p2a: Hydreigon|66/100
|
|upkeep
|turn|3
|
|t:|1665058008
|switch|p1a: Suicune|Suicune|100/100
|-ability|p1a: Suicune|Pressure
|move|p2a: Hydreigon|Draco Meteor|p1a: Suicune
|-damage|p1a: Suicune|55/100
|-unboost|p2a: Hydreigon|spa|2
|
|-heal|p1a: Suicune|61/100|[from] item: Leftovers
|upkeep
|turn|4
|
|t:|1665058013
|switch|p2a: Chansey|Chansey, F|100/100
|move|p1a: Suicune|Toxic|p2a: Chansey
|-status|p2a: Chansey|tox
|
|-heal|p1a: Suicune|68/100|[from] item: Leftovers
|-damage|p2a: Chansey|94/100 tox|[from] psn
|upkeep
|turn|5
|
|t:|1665058018
|switch|p1a: Tangrowth|Tangrowth, F|46/100
|move|p2a: Chansey|Teleport|p2a: Chansey
|
|t:|1665058020
|-curestatus|p2a: Chansey|tox|[from] ability: Natural Cure
|switch|p2a: Hydreigon|Hydreigon, F|66/100|[from]move: Teleport
|
|upkeep
|turn|6
|
|t:|1665058028
|switch|p1a: Suicune|Suicune|68/100
|-ability|p1a: Suicune|Pressure
|move|p2a: Hydreigon|Flamethrower|p1a: Suicune
|-resisted|p1a: Suicune
|-damage|p1a: Suicune|56/100
|-status|p1a: Suicune|brn
|
|-heal|p1a: Suicune|63/100 brn|[from] item: Leftovers
|-damage|p1a: Suicune|56/100 brn|[from] brn
|upkeep
|turn|7
|
|t:|1665058034
|switch|p2a: Chansey|Chansey, F|94/100
|move|p1a: Suicune|Toxic|p2a: Chansey
|-status|p2a: Chansey|tox
|
|-heal|p1a: Suicune|63/100 brn|[from] item: Leftovers
|-damage|p2a: Chansey|88/100 tox|[from] psn
|-damage|p1a: Suicune|56/100 brn|[from] brn
|upkeep
|turn|8
|
|t:|1665058047
|switch|p1a: Cobalion|Cobalion|100/100
|move|p2a: Chansey|Teleport|p2a: Chansey
|
|t:|1665058059
|-curestatus|p2a: Chansey|tox|[from] ability: Natural Cure
|switch|p2a: Salamence|Salamence, F|100/100|[from]move: Teleport
|-ability|p2a: Salamence|Intimidate|boost
|-unboost|p1a: Cobalion|atk|1
|
|upkeep
|turn|9
|
|t:|1665058068
|switch|p1a: Nihilego|Nihilego|100/100
|move|p2a: Salamence|Fire Fang|p1a: Nihilego
|-resisted|p1a: Nihilego
|-damage|p1a: Nihilego|85/100
|
|upkeep
|turn|10
|
|t:|1665058073
|switch|p1a: Cobalion|Cobalion|100/100
|switch|p2a: Chansey|Chansey, F|88/100
|
|upkeep
|turn|11
|
|t:|1665058077
|switch|p2a: Corsola|Corsola-Galar, F|100/100
|move|p1a: Cobalion|Stealth Rock|p2a: Corsola
|-sidestart|p2: GryphonEx|move: Stealth Rock
|
|upkeep
|turn|12
|
|t:|1665058082
|switch|p1a: Tangrowth|Tangrowth, F|79/100
|move|p2a: Corsola|Stealth Rock|p1a: Tangrowth
|-sidestart|p1: the unforunator45|move: Stealth Rock
|
|upkeep
|turn|13
|
|t:|1665058091
|switch|p2a: Hydreigon|Hydreigon, F|66/100
|-damage|p2a: Hydreigon|53/100|[from] Stealth Rock
|move|p1a: Tangrowth|Knock Off|p2a: Hydreigon
|-resisted|p2a: Hydreigon
|-damage|p2a: Hydreigon|44/100
|
|upkeep
|turn|14
|
|t:|1665058094
|move|p2a: Hydreigon|Roost|p2a: Hydreigon
|-heal|p2a: Hydreigon|94/100
|-singleturn|p2a: Hydreigon|move: Roost
|move|p1a: Tangrowth|Sludge Bomb|p2a: Hydreigon
|-damage|p2a: Hydreigon|72/100
|
|upkeep
|turn|15
|
|t:|1665058099
|move|p2a: Hydreigon|Flamethrower|p1a: Tangrowth
|-supereffective|p1a: Tangrowth
|-damage|p1a: Tangrowth|35/100
|move|p1a: Tangrowth|Sludge Bomb|p2a: Hydreigon
|-damage|p2a: Hydreigon|50/100
|
|upkeep
|turn|16
|
|t:|1665058108
|switch|p1a: Nihilego|Nihilego|85/100
|-damage|p1a: Nihilego|73/100|[from] Stealth Rock
|move|p2a: Hydreigon|Roost|p2a: Hydreigon
|-heal|p2a: Hydreigon|100/100
|-singleturn|p2a: Hydreigon|move: Roost
|
|upkeep
|turn|17
|
|t:|1665058114
|switch|p2a: Chansey|Chansey, F|88/100
|-damage|p2a: Chansey|76/100|[from] Stealth Rock
|move|p1a: Nihilego|Sludge Wave|p2a: Chansey
|-damage|p2a: Chansey|61/100
|-status|p2a: Chansey|psn
|
|-damage|p2a: Chansey|48/100 psn|[from] psn
|upkeep
|turn|18
|
|t:|1665058122
|switch|p1a: Tangrowth|Tangrowth, F|69/100
|-damage|p1a: Tangrowth|56/100|[from] Stealth Rock
|move|p2a: Chansey|Soft-Boiled|p2a: Chansey
|-heal|p2a: Chansey|99/100 psn
|
|-damage|p2a: Chansey|86/100 psn|[from] psn
|upkeep
|turn|19
|
|t:|1665058129
|switch|p1a: Diggersby|Diggersby, F|100/100
|-damage|p1a: Diggersby|94/100|[from] Stealth Rock
|-curestatus|p2a: Chansey|psn|[from] ability: Natural Cure
|switch|p2a: Hydreigon|Hydreigon, F|100/100
|-damage|p2a: Hydreigon|88/100|[from] Stealth Rock
|
|upkeep
|turn|20
|
|t:|1665058135
|move|p1a: Diggersby|U-turn|p2a: Hydreigon
|-supereffective|p2a: Hydreigon
|-damage|p2a: Hydreigon|25/100
|
|t:|1665058138
|switch|p1a: Nihilego|Nihilego|73/100|[from]move: U-turn
|-damage|p1a: Nihilego|60/100|[from] Stealth Rock
|move|p2a: Hydreigon|Draco Meteor|p1a: Nihilego
|-damage|p1a: Nihilego|16/100
|-unboost|p2a: Hydreigon|spa|2
|
|upkeep
|turn|21
|
|t:|1665058150
|switch|p1a: Diggersby|Diggersby, F|94/100
|-damage|p1a: Diggersby|88/100|[from] Stealth Rock
|switch|p2a: Chansey|Chansey, F|86/100
|-damage|p2a: Chansey|74/100|[from] Stealth Rock
|
|upkeep
|turn|22
|
|t:|1665058154
|switch|p2a: Salamence|Salamence, F|100/100
|-ability|p2a: Salamence|Intimidate|boost
|-unboost|p1a: Diggersby|atk|1
|move|p1a: Diggersby|Knock Off|p2a: Salamence
|-damage|p2a: Salamence|80/100
|-enditem|p2a: Salamence|Heavy-Duty Boots|[from] move: Knock Off|[of] p1a: Diggersby
|
|upkeep
|turn|23
|
|t:|1665058167
|switch|p1a: Suicune|Suicune|56/100 brn
|-damage|p1a: Suicune|44/100 brn|[from] Stealth Rock
|-ability|p1a: Suicune|Pressure
|move|p2a: Salamence|Defog|p1a: Suicune
|-unboost|p1a: Suicune|evasion|1
|-sideend|p1: the unforunator45|Stealth Rock|[from] move: Defog|[of] p2a: Salamence
|-sideend|p2: GryphonEx|Stealth Rock|[from] move: Defog|[of] p2a: Salamence
|
|-heal|p1a: Suicune|50/100 brn|[from] item: Leftovers
|-damage|p1a: Suicune|44/100 brn|[from] brn
|upkeep
|turn|24
|
|t:|1665058175
|switch|p2a: Primarina|Primarina, F|100/100
|move|p1a: Suicune|Rest|p1a: Suicune
|-status|p1a: Suicune|slp|[from] move: Rest
|-heal|p1a: Suicune|100/100 slp|[silent]
|
|upkeep
|turn|25
|
|t:|1665058191
|cant|p1a: Suicune|slp
|move|p2a: Primarina|Calm Mind|p2a: Primarina
|-boost|p2a: Primarina|spa|1
|-boost|p2a: Primarina|spd|1
|
|upkeep
|turn|26
|
|t:|1665058205
|cant|p1a: Suicune|slp
|move|p2a: Primarina|Moonblast|p1a: Suicune
|-damage|p1a: Suicune|59/100 slp
|
|-heal|p1a: Suicune|65/100 slp|[from] item: Leftovers
|upkeep
|turn|27
|
|t:|1665058208
|-curestatus|p1a: Suicune|slp|[msg]
|move|p1a: Suicune|Toxic|p2a: Primarina
|-status|p2a: Primarina|tox
|move|p2a: Primarina|Calm Mind|p2a: Primarina
|-boost|p2a: Primarina|spa|1
|-boost|p2a: Primarina|spd|1
|
|-heal|p1a: Suicune|71/100|[from] item: Leftovers
|-damage|p2a: Primarina|94/100 tox|[from] psn
|upkeep
|turn|28
|
|t:|1665058212
|move|p1a: Suicune|Calm Mind|p1a: Suicune
|-boost|p1a: Suicune|spa|1
|-boost|p1a: Suicune|spd|1
|move|p2a: Primarina|Calm Mind|p2a: Primarina
|-boost|p2a: Primarina|spa|1
|-boost|p2a: Primarina|spd|1
|
|-heal|p1a: Suicune|77/100|[from] item: Leftovers
|-heal|p2a: Primarina|100/100 tox|[from] item: Leftovers
|-damage|p2a: Primarina|88/100 tox|[from] psn
|upkeep
|turn|29
|
|t:|1665058217
|move|p1a: Suicune|Calm Mind|p1a: Suicune
|-boost|p1a: Suicune|spa|1
|-boost|p1a: Suicune|spd|1
|move|p2a: Primarina|Moonblast|p1a: Suicune
|-damage|p1a: Suicune|40/100
|
|-heal|p1a: Suicune|46/100|[from] item: Leftovers
|-heal|p2a: Primarina|94/100 tox|[from] item: Leftovers
|-damage|p2a: Primarina|76/100 tox|[from] psn
|upkeep
|turn|30
|
|t:|1665058224
|move|p1a: Suicune|Calm Mind|p1a: Suicune
|-boost|p1a: Suicune|spa|1
|-boost|p1a: Suicune|spd|1
|move|p2a: Primarina|Calm Mind|p2a: Primarina
|-boost|p2a: Primarina|spa|1
|-boost|p2a: Primarina|spd|1
|
|-heal|p1a: Suicune|52/100|[from] item: Leftovers
|-heal|p2a: Primarina|82/100 tox|[from] item: Leftovers
|-damage|p2a: Primarina|58/100 tox|[from] psn
|upkeep
|turn|31
|
|t:|1665058229
|move|p1a: Suicune|Calm Mind|p1a: Suicune
|-boost|p1a: Suicune|spa|1
|-boost|p1a: Suicune|spd|1
|move|p2a: Primarina|Rest|p2a: Primarina
|-status|p2a: Primarina|slp|[from] move: Rest
|-heal|p2a: Primarina|100/100 slp|[silent]
|
|-heal|p1a: Suicune|58/100|[from] item: Leftovers
|upkeep
|turn|32
|
|t:|1665058238
|move|p1a: Suicune|Calm Mind|p1a: Suicune
|-boost|p1a: Suicune|spa|1
|-boost|p1a: Suicune|spd|1
|cant|p2a: Primarina|slp
|
|-heal|p1a: Suicune|64/100|[from] item: Leftovers
|upkeep
|turn|33
|
|t:|1665058245
|move|p1a: Suicune|Calm Mind|p1a: Suicune
|-boost|p1a: Suicune|spa|1
|-boost|p1a: Suicune|spd|1
|cant|p2a: Primarina|slp
|
|-heal|p1a: Suicune|71/100|[from] item: Leftovers
|upkeep
|turn|34
|
|t:|1665058248
|move|p1a: Suicune|Scald|p2a: Primarina
|-resisted|p2a: Primarina
|-damage|p2a: Primarina|89/100 slp
|-curestatus|p2a: Primarina|slp|[msg]
|move|p2a: Primarina|Calm Mind|p2a: Primarina
|-boost|p2a: Primarina|spa|1
|-boost|p2a: Primarina|spd|1
|
|-heal|p1a: Suicune|77/100|[from] item: Leftovers
|-heal|p2a: Primarina|95/100|[from] item: Leftovers
|upkeep
|turn|35
|
|t:|1665058253
|move|p1a: Suicune|Toxic|p2a: Primarina|[miss]
|-miss|p1a: Suicune|p2a: Primarina
|move|p2a: Primarina|Calm Mind|p2a: Primarina
|-boost|p2a: Primarina|spa|1
|-boost|p2a: Primarina|spd|1
|
|-heal|p1a: Suicune|83/100|[from] item: Leftovers
|-heal|p2a: Primarina|100/100|[from] item: Leftovers
|upkeep
|turn|36
|
|t:|1665058256
|move|p1a: Suicune|Toxic|p2a: Primarina
|-status|p2a: Primarina|tox
|move|p2a: Primarina|Moonblast|p1a: Suicune
|-damage|p1a: Suicune|52/100
|
|-heal|p1a: Suicune|59/100|[from] item: Leftovers
|-damage|p2a: Primarina|94/100 tox|[from] psn
|upkeep
|turn|37
|
|t:|1665058268
|move|p1a: Suicune|Scald|p2a: Primarina
|-resisted|p2a: Primarina
|-damage|p2a: Primarina|85/100 tox
|move|p2a: Primarina|Moonblast|p1a: Suicune
|-damage|p1a: Suicune|28/100
|
|-heal|p1a: Suicune|34/100|[from] item: Leftovers
|-heal|p2a: Primarina|91/100 tox|[from] item: Leftovers
|-damage|p2a: Primarina|79/100 tox|[from] psn
|upkeep
|turn|38
|
|t:|1665058275
|move|p1a: Suicune|Rest|p1a: Suicune
|-status|p1a: Suicune|slp|[from] move: Rest
|-heal|p1a: Suicune|100/100 slp|[silent]
|move|p2a: Primarina|Rest|p2a: Primarina
|-status|p2a: Primarina|slp|[from] move: Rest
|-heal|p2a: Primarina|100/100 slp|[silent]
|
|upkeep
|turn|39
|
|t:|1665058278
|cant|p1a: Suicune|slp
|cant|p2a: Primarina|slp
|
|upkeep
|turn|40
|
|t:|1665058281
|cant|p1a: Suicune|slp
|cant|p2a: Primarina|slp
|
|upkeep
|turn|41
|
|t:|1665058284
|-curestatus|p1a: Suicune|slp|[msg]
|move|p1a: Suicune|Scald|p2a: Primarina
|-resisted|p2a: Primarina
|-damage|p2a: Primarina|91/100 slp
|-curestatus|p2a: Primarina|slp|[msg]
|move|p2a: Primarina|Moonblast|p1a: Suicune
|-damage|p1a: Suicune|72/100
|-unboost|p1a: Suicune|spa|1
|
|-heal|p1a: Suicune|78/100|[from] item: Leftovers
|-heal|p2a: Primarina|97/100|[from] item: Leftovers
|upkeep
|turn|42
|
|t:|1665058288
|move|p1a: Suicune|Toxic|p2a: Primarina
|-status|p2a: Primarina|tox
|move|p2a: Primarina|Moonblast|p1a: Suicune
|-damage|p1a: Suicune|49/100
|
|-heal|p1a: Suicune|55/100|[from] item: Leftovers
|-heal|p2a: Primarina|100/100 tox|[from] item: Leftovers
|-damage|p2a: Primarina|94/100 tox|[from] psn
|upkeep
|turn|43
|
|t:|1665058295
|move|p1a: Suicune|Calm Mind|p1a: Suicune
|-boost|p1a: Suicune|spa|1
|-boost|p1a: Suicune|spd|0
|move|p2a: Primarina|Moonblast|p1a: Suicune
|-damage|p1a: Suicune|24/100
|-unboost|p1a: Suicune|spa|1
|
|-heal|p1a: Suicune|30/100|[from] item: Leftovers
|-heal|p2a: Primarina|100/100 tox|[from] item: Leftovers
|-damage|p2a: Primarina|88/100 tox|[from] psn
|upkeep
|turn|44
|
|t:|1665058312
|move|p1a: Suicune|Rest|p1a: Suicune
|-status|p1a: Suicune|slp|[from] move: Rest
|-heal|p1a: Suicune|100/100 slp|[silent]
|move|p2a: Primarina|Rest|p2a: Primarina
|-status|p2a: Primarina|slp|[from] move: Rest
|-heal|p2a: Primarina|100/100 slp|[silent]
|
|upkeep
|turn|45
|
|t:|1665058316
|switch|p2a: Zarude|Zarude|100/100
|cant|p1a: Suicune|slp
|
|upkeep
|turn|46
|
|t:|1665058324
|switch|p1a: Cobalion|Cobalion|100/100
|move|p2a: Zarude|U-turn|p1a: Cobalion
|-resisted|p1a: Cobalion
|-damage|p1a: Cobalion|93/100
|-damage|p2a: Zarude|84/100|[from] item: Rocky Helmet|[of] p1a: Cobalion
|
|t:|1665058330
|switch|p2a: Corsola|Corsola-Galar, F|100/100|[from]move: U-turn
|
|upkeep
|turn|47
|
|t:|1665058336
|move|p1a: Cobalion|Stealth Rock|p2a: Corsola
|-sidestart|p2: GryphonEx|move: Stealth Rock
|move|p2a: Corsola|Will-O-Wisp|p1a: Cobalion|[miss]
|-miss|p2a: Corsola|p1a: Cobalion
|
|upkeep
|turn|48
|
|t:|1665058343
|switch|p1a: Tangrowth|Tangrowth, F|90/100
|move|p2a: Corsola|Will-O-Wisp|p1a: Tangrowth
|-status|p1a: Tangrowth|brn
|
|-damage|p1a: Tangrowth|83/100 brn|[from] brn
|upkeep
|turn|49
|
|t:|1665058354
|switch|p2a: Salamence|Salamence, F|80/100
|-damage|p2a: Salamence|55/100|[from] Stealth Rock
|-ability|p2a: Salamence|Intimidate|boost
|-unboost|p1a: Tangrowth|atk|1
|move|p1a: Tangrowth|Sludge Bomb|p2a: Salamence
|-damage|p2a: Salamence|32/100
|-status|p2a: Salamence|psn
|
|-damage|p2a: Salamence|20/100 psn|[from] psn
|-damage|p1a: Tangrowth|77/100 brn|[from] brn
|upkeep
|turn|50
|
|t:|1665058364
|switch|p1a: Diggersby|Diggersby, F|88/100
|move|p2a: Salamence|Roost|p2a: Salamence
|-heal|p2a: Salamence|70/100 psn
|-singleturn|p2a: Salamence|move: Roost
|
|-damage|p2a: Salamence|57/100 psn|[from] psn
|upkeep
|turn|51
|
|t:|1665058369
|move|p1a: Diggersby|Body Slam|p2a: Salamence
|-damage|p2a: Salamence|21/100 psn
|move|p2a: Salamence|Roost|p2a: Salamence
|-heal|p2a: Salamence|71/100 psn
|-singleturn|p2a: Salamence|move: Roost
|
|-damage|p2a: Salamence|59/100 psn|[from] psn
|upkeep
|turn|52
|
|t:|1665058376
|move|p1a: Diggersby|Body Slam|p2a: Salamence
|-damage|p2a: Salamence|24/100 psn
|move|p2a: Salamence|Roost|p2a: Salamence
|-heal|p2a: Salamence|74/100 psn
|-singleturn|p2a: Salamence|move: Roost
|
|-damage|p2a: Salamence|62/100 psn|[from] psn
|upkeep
|turn|53
|
|t:|1665058380
|move|p1a: Diggersby|Body Slam|p2a: Salamence
|-damage|p2a: Salamence|21/100 psn
|move|p2a: Salamence|Roost|p2a: Salamence
|-heal|p2a: Salamence|71/100 psn
|-singleturn|p2a: Salamence|move: Roost
|
|-damage|p2a: Salamence|58/100 psn|[from] psn
|upkeep
|turn|54
|
|t:|1665058397
|move|p1a: Diggersby|Body Slam|p2a: Salamence
|-damage|p2a: Salamence|21/100 psn
|move|p2a: Salamence|Roost|p2a: Salamence
|-heal|p2a: Salamence|71/100 psn
|-singleturn|p2a: Salamence|move: Roost
|
|-damage|p2a: Salamence|58/100 psn|[from] psn
|upkeep
|turn|55
|
|t:|1665058403
|move|p1a: Diggersby|Body Slam|p2a: Salamence
|-damage|p2a: Salamence|22/100 psn
|move|p2a: Salamence|Roost|p2a: Salamence
|-heal|p2a: Salamence|72/100 psn
|-singleturn|p2a: Salamence|move: Roost
|
|-damage|p2a: Salamence|59/100 psn|[from] psn
|upkeep
|turn|56
|
|t:|1665058409
|switch|p2a: Corsola|Corsola-Galar, F|100/100
|-damage|p2a: Corsola|88/100|[from] Stealth Rock
|move|p1a: Diggersby|Body Slam|p2a: Corsola
|-immune|p2a: Corsola
|
|upkeep
|turn|57
|
|t:|1665058413
|switch|p1a: Tangrowth|Tangrowth, F|100/100 brn
|move|p2a: Corsola|Stealth Rock|p1a: Tangrowth
|-sidestart|p1: the unforunator45|move: Stealth Rock
|
|-damage|p1a: Tangrowth|94/100 brn|[from] brn
|upkeep
|turn|58
|
|t:|1665058425
|move|p1a: Tangrowth|Sludge Bomb|p2a: Corsola
|-resisted|p2a: Corsola
|-damage|p2a: Corsola|83/100
|move|p2a: Corsola|Night Shade|p1a: Tangrowth
|-damage|p1a: Tangrowth|69/100 brn
|
|-damage|p1a: Tangrowth|63/100 brn|[from] brn
|upkeep
|turn|59
|
|t:|1665058432
|move|p1a: Tangrowth|Sludge Bomb|p2a: Corsola
|-resisted|p2a: Corsola
|-damage|p2a: Corsola|78/100
|move|p2a: Corsola|Night Shade|p1a: Tangrowth
|-damage|p1a: Tangrowth|38/100 brn
|
|-damage|p1a: Tangrowth|32/100 brn|[from] brn
|upkeep
|turn|60
|
|t:|1665058435
|move|p1a: Tangrowth|Knock Off|p2a: Corsola
|-supereffective|p2a: Corsola
|-damage|p2a: Corsola|62/100
|-enditem|p2a: Corsola|Eviolite|[from] move: Knock Off|[of] p1a: Tangrowth
|move|p2a: Corsola|Night Shade|p1a: Tangrowth
|-damage|p1a: Tangrowth|7/100 brn
|
|-damage|p1a: Tangrowth|1/100 brn|[from] brn
|upkeep
|turn|61
|
|t:|1665058454
|switch|p1a: Salamence|Salamence, M|100/100
|-ability|p1a: Salamence|Intimidate|boost
|-unboost|p2a: Corsola|atk|1
|move|p2a: Corsola|Will-O-Wisp|p1a: Salamence
|-status|p1a: Salamence|brn
|
|-damage|p1a: Salamence|94/100 brn|[from] brn
|upkeep
|turn|62
|
|t:|1665058464
|move|p1a: Salamence|Flamethrower|p2a: Corsola
|-damage|p2a: Corsola|47/100
|-start|p1a: Salamence|Disable|Flamethrower|[from] ability: Cursed Body|[of] p2a: Corsola
|move|p2a: Corsola|Strength Sap|p1a: Salamence
|-unboost|p1a: Salamence|atk|1
|-heal|p2a: Corsola|100/100
|
|-damage|p1a: Salamence|88/100 brn|[from] brn
|upkeep
|turn|63
|
|t:|1665058490
|switch|p1a: Suicune|Suicune|100/100 slp
|-damage|p1a: Suicune|88/100 slp|[from] Stealth Rock
|-ability|p1a: Suicune|Pressure
|move|p2a: Corsola|Night Shade|p1a: Suicune
|-damage|p1a: Suicune|63/100 slp
|
|-heal|p1a: Suicune|70/100 slp|[from] item: Leftovers
|upkeep
|turn|64
|
|t:|1665058496
|switch|p2a: Zarude|Zarude|84/100
|-damage|p2a: Zarude|72/100|[from] Stealth Rock
|cant|p1a: Suicune|slp
|
|-heal|p1a: Suicune|76/100 slp|[from] item: Leftovers
|upkeep
|turn|65
|
|t:|1665058500
|switch|p1a: Cobalion|Cobalion|93/100
|-damage|p1a: Cobalion|90/100|[from] Stealth Rock
|move|p2a: Zarude|Close Combat|p1a: Cobalion
|-supereffective|p1a: Cobalion
|-damage|p1a: Cobalion|0 fnt
|-unboost|p2a: Zarude|def|1
|-unboost|p2a: Zarude|spd|1
|-damage|p2a: Zarude|55/100|[from] item: Rocky Helmet|[of] p1a: Cobalion
|faint|p1a: Cobalion
|
|upkeep
|
|t:|1665058518
|switch|p1a: Salamence|Salamence, M|88/100 brn
|-ability|p1a: Salamence|Intimidate|boost
|-unboost|p2a: Zarude|atk|1
|turn|66
|
|t:|1665058530
|switch|p2a: Corsola|Corsola-Galar, F|100/100
|-damage|p2a: Corsola|88/100|[from] Stealth Rock
|move|p1a: Salamence|Dual Wingbeat|p2a: Corsola
|-damage|p2a: Corsola|78/100
|-start|p1a: Salamence|Disable|Dual Wingbeat|[from] ability: Cursed Body|[of] p2a: Corsola
|-damage|p2a: Corsola|67/100
|-hitcount|p2a: Corsola|2
|
|-damage|p1a: Salamence|82/100 brn|[from] brn
|upkeep
|turn|67
|
|t:|1665058539
|switch|p1a: Suicune|Suicune|76/100 slp
|-damage|p1a: Suicune|63/100 slp|[from] Stealth Rock
|-ability|p1a: Suicune|Pressure
|move|p2a: Corsola|Strength Sap|p1a: Suicune
|-unboost|p1a: Suicune|atk|1
|-heal|p2a: Corsola|100/100
|
|-heal|p1a: Suicune|70/100 slp|[from] item: Leftovers
|upkeep
|turn|68
|
|t:|1665058543
|switch|p2a: Chansey|Chansey, F|74/100
|-damage|p2a: Chansey|61/100|[from] Stealth Rock
|-curestatus|p1a: Suicune|slp|[msg]
|move|p1a: Suicune|Toxic|p2a: Chansey
|-status|p2a: Chansey|tox
|
|-heal|p1a: Suicune|76/100|[from] item: Leftovers
|-damage|p2a: Chansey|55/100 tox|[from] psn
|upkeep
|turn|69
|
|t:|1665058549
|move|p1a: Suicune|Calm Mind|p1a: Suicune
|-boost|p1a: Suicune|spa|1
|-boost|p1a: Suicune|spd|1
|move|p2a: Chansey|Teleport|p2a: Chansey
|
|t:|1665058551
|-curestatus|p2a: Chansey|tox|[from] ability: Natural Cure
|switch|p2a: Zarude|Zarude|55/100|[from]move: Teleport
|-damage|p2a: Zarude|43/100|[from] Stealth Rock
|
|-heal|p1a: Suicune|82/100|[from] item: Leftovers
|upkeep
|turn|70
|
|t:|1665058555
|switch|p1a: Salamence|Salamence, M|82/100 brn
|-ability|p1a: Salamence|Intimidate|boost
|-unboost|p2a: Zarude|atk|1
|move|p2a: Zarude|Power Whip|p1a: Salamence
|-resisted|p1a: Salamence
|-damage|p1a: Salamence|70/100 brn
|
|-damage|p1a: Salamence|64/100 brn|[from] brn
|upkeep
|turn|71
|
|t:|1665058564
|switch|p2a: Corsola|Corsola-Galar, F|100/100
|-damage|p2a: Corsola|88/100|[from] Stealth Rock
|switch|p1a: Suicune|Suicune|82/100
|-damage|p1a: Suicune|70/100|[from] Stealth Rock
|-ability|p1a: Suicune|Pressure
|
|-heal|p1a: Suicune|76/100|[from] item: Leftovers
|upkeep
|turn|72
|
|t:|1665058579
|switch|p2a: Chansey|Chansey, F|55/100
|-damage|p2a: Chansey|43/100|[from] Stealth Rock
|move|p1a: Suicune|Toxic|p2a: Chansey
|-status|p2a: Chansey|tox
|
|-heal|p1a: Suicune|82/100|[from] item: Leftovers
|-damage|p2a: Chansey|37/100 tox|[from] psn
|upkeep
|turn|73
|
|t:|1665058583
|switch|p1a: Diggersby|Diggersby, F|88/100
|-damage|p1a: Diggersby|82/100|[from] Stealth Rock
|move|p2a: Chansey|Soft-Boiled|p2a: Chansey
|-heal|p2a: Chansey|87/100 tox
|
|-damage|p2a: Chansey|75/100 tox|[from] psn
|upkeep
|turn|74
|
|t:|1665058597
|-curestatus|p2a: Chansey|tox|[from] ability: Natural Cure
|switch|p2a: Primarina|Primarina, F|100/100 slp
|-damage|p2a: Primarina|88/100 slp|[from] Stealth Rock
|move|p1a: Diggersby|Knock Off|p2a: Primarina
|-resisted|p2a: Primarina
|-damage|p2a: Primarina|69/100 slp
|-enditem|p2a: Primarina|Leftovers|[from] move: Knock Off|[of] p1a: Diggersby
|
|upkeep
|turn|75
|
|t:|1665058604
|switch|p1a: Suicune|Suicune|82/100
|-damage|p1a: Suicune|70/100|[from] Stealth Rock
|-ability|p1a: Suicune|Pressure
|cant|p2a: Primarina|slp
|
|-heal|p1a: Suicune|76/100|[from] item: Leftovers
|upkeep
|turn|76
|
|t:|1665058625
|switch|p2a: Chansey|Chansey, F|75/100
|-damage|p2a: Chansey|62/100|[from] Stealth Rock
|move|p1a: Suicune|Calm Mind|p1a: Suicune
|-boost|p1a: Suicune|spa|1
|-boost|p1a: Suicune|spd|1
|
|-heal|p1a: Suicune|82/100|[from] item: Leftovers
|upkeep
|turn|77
|
|t:|1665058638
|move|p1a: Suicune|Calm Mind|p1a: Suicune
|-boost|p1a: Suicune|spa|1
|-boost|p1a: Suicune|spd|1
|move|p2a: Chansey|Teleport|p2a: Chansey
|
|t:|1665058644
|switch|p2a: Zarude|Zarude|43/100|[from]move: Teleport
|-damage|p2a: Zarude|31/100|[from] Stealth Rock
|
|-heal|p1a: Suicune|88/100|[from] item: Leftovers
|upkeep
|turn|78
|
|t:|1665058650
|switch|p2a: Salamence|Salamence, F|59/100 psn
|-damage|p2a: Salamence|35/100 psn|[from] Stealth Rock
|-ability|p2a: Salamence|Intimidate|boost
|-unboost|p1a: Suicune|atk|1
|switch|p1a: Salamence|Salamence, M|64/100 brn
|-ability|p1a: Salamence|Intimidate|boost
|-unboost|p2a: Salamence|atk|1
|
|-damage|p2a: Salamence|22/100 psn|[from] psn
|-damage|p1a: Salamence|58/100 brn|[from] brn
|upkeep
|turn|79
|
|t:|1665058668
|switch|p1a: Diggersby|Diggersby, F|82/100
|-damage|p1a: Diggersby|76/100|[from] Stealth Rock
|move|p2a: Salamence|Roost|p2a: Salamence
|-heal|p2a: Salamence|72/100 psn
|-singleturn|p2a: Salamence|move: Roost
|
|-damage|p2a: Salamence|60/100 psn|[from] psn
|upkeep
|turn|80
|
|t:|1665058675
|move|p1a: Diggersby|Body Slam|p2a: Salamence
|-damage|p2a: Salamence|23/100 psn
|move|p2a: Salamence|Roost|p2a: Salamence
|-heal|p2a: Salamence|73/100 psn
|-singleturn|p2a: Salamence|move: Roost
|
|-damage|p2a: Salamence|60/100 psn|[from] psn
|upkeep
|turn|81
|
|t:|1665058681
|switch|p2a: Corsola|Corsola-Galar, F|88/100
|-damage|p2a: Corsola|76/100|[from] Stealth Rock
|move|p1a: Diggersby|Body Slam|p2a: Corsola
|-immune|p2a: Corsola
|
|upkeep
|turn|82
|
|t:|1665058701
|switch|p1a: Suicune|Suicune|88/100
|-damage|p1a: Suicune|76/100|[from] Stealth Rock
|-ability|p1a: Suicune|Pressure
|switch|p2a: Salamence|Salamence, F|60/100 psn
|-damage|p2a: Salamence|36/100 psn|[from] Stealth Rock
|-ability|p2a: Salamence|Intimidate|boost
|-unboost|p1a: Suicune|atk|1
|
|-heal|p1a: Suicune|82/100|[from] item: Leftovers
|-damage|p2a: Salamence|23/100 psn|[from] psn
|upkeep
|turn|83
|
|t:|1665058708
|switch|p1a: Diggersby|Diggersby, F|76/100
|-damage|p1a: Diggersby|70/100|[from] Stealth Rock
|move|p2a: Salamence|Defog|p1a: Diggersby
|-unboost|p1a: Diggersby|evasion|1
|-sideend|p1: the unforunator45|Stealth Rock|[from] move: Defog|[of] p2a: Salamence
|-sideend|p2: GryphonEx|Stealth Rock|[from] move: Defog|[of] p2a: Salamence
|
|-damage|p2a: Salamence|11/100 psn|[from] psn
|upkeep
|turn|84
|
|t:|1665058714
|switch|p2a: Primarina|Primarina, F|69/100 slp
|move|p1a: Diggersby|Knock Off|p2a: Primarina
|-resisted|p2a: Primarina
|-damage|p2a: Primarina|57/100 slp
|
|upkeep
|turn|85
|
|t:|1665058720
|switch|p1a: Tangrowth|Tangrowth, F|34/100 brn
|cant|p2a: Primarina|slp
|
|-damage|p1a: Tangrowth|28/100 brn|[from] brn
|upkeep
|turn|86
|
|t:|1665058728
|switch|p2a: Hydreigon|Hydreigon, F|25/100
|switch|p1a: Suicune|Suicune|82/100
|-ability|p1a: Suicune|Pressure
|
|-heal|p1a: Suicune|88/100|[from] item: Leftovers
|upkeep
|turn|87
|
|t:|1665058734
|move|p2a: Hydreigon|Roost|p2a: Hydreigon
|-heal|p2a: Hydreigon|75/100
|-singleturn|p2a: Hydreigon|move: Roost
|move|p1a: Suicune|Toxic|p2a: Hydreigon|[miss]
|-miss|p1a: Suicune|p2a: Hydreigon
|
|-heal|p1a: Suicune|94/100|[from] item: Leftovers
|upkeep
|turn|88
|
|t:|1665058747
|switch|p2a: Chansey|Chansey, F|62/100
|move|p1a: Suicune|Calm Mind|p1a: Suicune
|-boost|p1a: Suicune|spa|1
|-boost|p1a: Suicune|spd|1
|
|-heal|p1a: Suicune|100/100|[from] item: Leftovers
|upkeep
|turn|89
|
|t:|1665058753
|move|p1a: Suicune|Scald|p2a: Chansey
|-damage|p2a: Chansey|50/100
|move|p2a: Chansey|Teleport|p2a: Chansey
|
|t:|1665058757
|switch|p2a: Zarude|Zarude|31/100|[from]move: Teleport
|
|upkeep
|turn|90
|
|t:|1665058762
|switch|p1a: Salamence|Salamence, M|58/100 brn
|-ability|p1a: Salamence|Intimidate|boost
|-unboost|p2a: Zarude|atk|1
|move|p2a: Zarude|U-turn|p1a: Salamence
|-resisted|p1a: Salamence
|-damage|p1a: Salamence|49/100 brn
|
|t:|1665058768
|switch|p2a: Hydreigon|Hydreigon, F|75/100|[from]move: U-turn
|
|-damage|p1a: Salamence|43/100 brn|[from] brn
|upkeep
|turn|91
|
|t:|1665058777
|switch|p1a: Suicune|Suicune|100/100
|-ability|p1a: Suicune|Pressure
|move|p2a: Hydreigon|Dark Pulse|p1a: Suicune
|-damage|p1a: Suicune|71/100
|
|-heal|p1a: Suicune|77/100|[from] item: Leftovers
|upkeep
|turn|92
|
|t:|1665058782
|switch|p2a: Chansey|Chansey, F|50/100
|move|p1a: Suicune|Calm Mind|p1a: Suicune
|-boost|p1a: Suicune|spa|1
|-boost|p1a: Suicune|spd|1
|
|-heal|p1a: Suicune|83/100|[from] item: Leftovers
|upkeep
|turn|93
|
|t:|1665058788
|switch|p1a: Diggersby|Diggersby, F|70/100
|move|p2a: Chansey|Soft-Boiled|p2a: Chansey
|-heal|p2a: Chansey|99/100
|
|upkeep
|turn|94
|
|t:|1665058797
|switch|p2a: Primarina|Primarina, F|57/100 slp
|move|p1a: Diggersby|U-turn|p2a: Primarina
|-resisted|p2a: Primarina
|-damage|p2a: Primarina|42/100 slp
|
|t:|1665058801
|switch|p1a: Nihilego|Nihilego|16/100|[from]move: U-turn
|
|upkeep
|turn|95
|
|t:|1665058808
|switch|p1a: Diggersby|Diggersby, F|70/100
|switch|p2a: Chansey|Chansey, F|99/100
|
|upkeep
|turn|96
|
|t:|1665058812
|move|p1a: Diggersby|U-turn|p2a: Chansey
|-damage|p2a: Chansey|82/100
|
|t:|1665058820
|switch|p1a: Tangrowth|Tangrowth, F|62/100 brn|[from]move: U-turn
|move|p2a: Chansey|Teleport|p2a: Chansey
|
|t:|1665058826
|switch|p2a: Corsola|Corsola-Galar, F|76/100|[from]move: Teleport
|
|-damage|p1a: Tangrowth|55/100 brn|[from] brn
|upkeep
|turn|97
|
|t:|1665058829
|move|p1a: Tangrowth|Sludge Bomb|p2a: Corsola
|-resisted|p2a: Corsola
|-damage|p2a: Corsola|68/100
|-status|p2a: Corsola|psn
|move|p2a: Corsola|Stealth Rock|p1a: Tangrowth
|-sidestart|p1: the unforunator45|move: Stealth Rock
|
|-damage|p2a: Corsola|56/100 psn|[from] psn
|-damage|p1a: Tangrowth|49/100 brn|[from] brn
|upkeep
|turn|98
|
|t:|1665058837
|switch|p1a: Salamence|Salamence, M|43/100 brn
|-ability|p1a: Salamence|Intimidate|boost
|-unboost|p2a: Corsola|atk|1
|move|p2a: Corsola|Strength Sap|p1a: Salamence
|-unboost|p1a: Salamence|atk|1
|-heal|p2a: Corsola|100/100 psn
|
|-damage|p2a: Corsola|88/100 psn|[from] psn
|-damage|p1a: Salamence|37/100 brn|[from] brn
|upkeep
|turn|99
|
|t:|1665058844
|switch|p2a: Primarina|Primarina, F|42/100 slp
|move|p1a: Salamence|Defog|p2a: Primarina
|-unboost|p2a: Primarina|evasion|1
|-sideend|p1: the unforunator45|Stealth Rock|[from] move: Defog|[of] p1a: Salamence
|
|-damage|p1a: Salamence|30/100 brn|[from] brn
|upkeep
|turn|100
|
|t:|1665058849
|switch|p1a: Suicune|Suicune|83/100
|-ability|p1a: Suicune|Pressure
|-curestatus|p2a: Primarina|slp|[msg]
|move|p2a: Primarina|Moonblast|p1a: Suicune
|-damage|p1a: Suicune|50/100
|-unboost|p1a: Suicune|spa|1
|
|-heal|p1a: Suicune|57/100|[from] item: Leftovers
|upkeep
|turn|101
|
|t:|1665058860
|move|p1a: Suicune|Calm Mind|p1a: Suicune
|-boost|p1a: Suicune|spa|1
|-boost|p1a: Suicune|spd|1
|move|p2a: Primarina|Calm Mind|p2a: Primarina
|-boost|p2a: Primarina|spa|1
|-boost|p2a: Primarina|spd|1
|
|-heal|p1a: Suicune|63/100|[from] item: Leftovers
|upkeep
|turn|102
|
|t:|1665058867
|move|p1a: Suicune|Calm Mind|p1a: Suicune
|-boost|p1a: Suicune|spa|1
|-boost|p1a: Suicune|spd|1
|move|p2a: Primarina|Rest|p2a: Primarina
|-status|p2a: Primarina|slp|[from] move: Rest
|-heal|p2a: Primarina|100/100 slp|[silent]
|
|-heal|p1a: Suicune|69/100|[from] item: Leftovers
|upkeep
|turn|103
|
|t:|1665058871
|switch|p2a: Chansey|Chansey, F|82/100
|move|p1a: Suicune|Calm Mind|p1a: Suicune
|-boost|p1a: Suicune|spa|1
|-boost|p1a: Suicune|spd|1
|
|-heal|p1a: Suicune|75/100|[from] item: Leftovers
|upkeep
|turn|104
|
|t:|1665058879
|move|p1a: Suicune|Scald|p2a: Chansey
|-damage|p2a: Chansey|67/100
|move|p2a: Chansey|Teleport|p2a: Chansey
|
|t:|1665058881
|switch|p2a: Zarude|Zarude|31/100|[from]move: Teleport
|
|-heal|p1a: Suicune|81/100|[from] item: Leftovers
|upkeep
|turn|105
|
|t:|1665058890
|switch|p1a: Tangrowth|Tangrowth, F|82/100 brn
|move|p2a: Zarude|Power Whip|p1a: Tangrowth|[miss]
|-miss|p2a: Zarude|p1a: Tangrowth
|
|-damage|p1a: Tangrowth|76/100 brn|[from] brn
|upkeep
|turn|106
|
|t:|1665058899
|switch|p2a: Corsola|Corsola-Galar, F|88/100 psn
|move|p1a: Tangrowth|Sludge Bomb|p2a: Corsola
|-resisted|p2a: Corsola
|-damage|p2a: Corsola|81/100 psn
|
|-damage|p2a: Corsola|69/100 psn|[from] psn
|-damage|p1a: Tangrowth|70/100 brn|[from] brn
|upkeep
|turn|107
|
|t:|1665058910
|switch|p1a: Salamence|Salamence, M|30/100 brn
|-ability|p1a: Salamence|Intimidate|boost
|-unboost|p2a: Corsola|atk|1
|move|p2a: Corsola|Stealth Rock|p1a: Salamence
|-sidestart|p1: the unforunator45|move: Stealth Rock
|
|-damage|p2a: Corsola|56/100 psn|[from] psn
|-damage|p1a: Salamence|24/100 brn|[from] brn
|upkeep
|turn|108
|
|t:|1665058916
|switch|p2a: Primarina|Primarina, F|100/100 slp
|move|p1a: Salamence|Roost|p1a: Salamence
|-heal|p1a: Salamence|74/100 brn
|-singleturn|p1a: Salamence|move: Roost
|
|-damage|p1a: Salamence|68/100 brn|[from] brn
|upkeep
|turn|109
|
|t:|1665058925
|move|p1a: Salamence|Defog|p2a: Primarina
|-unboost|p2a: Primarina|evasion|1
|-sideend|p1: the unforunator45|Stealth Rock|[from] move: Defog|[of] p1a: Salamence
|cant|p2a: Primarina|slp
|
|-damage|p1a: Salamence|62/100 brn|[from] brn
|upkeep
|turn|110
|
|t:|1665058946
|switch|p1a: Diggersby|Diggersby, F|70/100
|cant|p2a: Primarina|slp
|
|upkeep
|turn|111
|
|t:|1665058950
|move|p1a: Diggersby|U-turn|p2a: Primarina
|-resisted|p2a: Primarina
|-damage|p2a: Primarina|87/100 slp
|
|t:|1665058954
|switch|p1a: Suicune|Suicune|81/100|[from]move: U-turn
|-ability|p1a: Suicune|Pressure
|-curestatus|p2a: Primarina|slp|[msg]
|move|p2a: Primarina|Scald|p1a: Suicune
|-resisted|p1a: Suicune
|-damage|p1a: Suicune|68/100
|
|-heal|p1a: Suicune|75/100|[from] item: Leftovers
|upkeep
|turn|112
|
|t:|1665058963
|switch|p2a: Chansey|Chansey, F|67/100
|move|p1a: Suicune|Calm Mind|p1a: Suicune
|-boost|p1a: Suicune|spa|1
|-boost|p1a: Suicune|spd|1
|
|-heal|p1a: Suicune|81/100|[from] item: Leftovers
|upkeep
|turn|113
|
|t:|1665058970
|switch|p1a: Diggersby|Diggersby, F|70/100
|move|p2a: Chansey|Teleport|p2a: Chansey
|
|t:|1665058978
|switch|p2a: Primarina|Primarina, F|87/100|[from]move: Teleport
|
|upkeep
|turn|114
|
|t:|1665058981
|move|p1a: Diggersby|U-turn|p2a: Primarina
|-resisted|p2a: Primarina
|-crit|p2a: Primarina
|-damage|p2a: Primarina|65/100
|
|t:|1665058989
|switch|p1a: Suicune|Suicune|81/100|[from]move: U-turn
|-ability|p1a: Suicune|Pressure
|move|p2a: Primarina|Calm Mind|p2a: Primarina
|-boost|p2a: Primarina|spa|1
|-boost|p2a: Primarina|spd|1
|
|-heal|p1a: Suicune|87/100|[from] item: Leftovers
|upkeep
|turn|115
|
|t:|1665059004
|move|p1a: Suicune|Calm Mind|p1a: Suicune
|-boost|p1a: Suicune|spa|1
|-boost|p1a: Suicune|spd|1
|move|p2a: Primarina|Scald|p1a: Suicune
|-resisted|p1a: Suicune
|-damage|p1a: Suicune|75/100
|-status|p1a: Suicune|brn
|
|-heal|p1a: Suicune|81/100 brn|[from] item: Leftovers
|-damage|p1a: Suicune|75/100 brn|[from] brn
|upkeep
|turn|116
|
|t:|1665059012
|switch|p2a: Chansey|Chansey, F|67/100
|move|p1a: Suicune|Rest|p1a: Suicune
|-status|p1a: Suicune|slp|[from] move: Rest
|-heal|p1a: Suicune|100/100 slp|[silent]
|
|upkeep
|turn|117
|
|t:|1665059019
|cant|p1a: Suicune|slp
|move|p2a: Chansey|Teleport|p2a: Chansey
|
|t:|1665059022
|switch|p2a: Zarude|Zarude|31/100|[from]move: Teleport
|
|upkeep
|turn|118
|
|t:|1665059027
|switch|p1a: Tangrowth|Tangrowth, F|100/100 brn
|move|p2a: Zarude|Darkest Lariat|p1a: Tangrowth
|-damage|p1a: Tangrowth|62/100 brn
|
|-damage|p1a: Tangrowth|56/100 brn|[from] brn
|upkeep
|turn|119
|
|t:|1665059038
|switch|p2a: Corsola|Corsola-Galar, F|56/100 psn
|move|p1a: Tangrowth|Sludge Bomb|p2a: Corsola
|-resisted|p2a: Corsola
|-damage|p2a: Corsola|48/100 psn
|-start|p1a: Tangrowth|Disable|Sludge Bomb|[from] ability: Cursed Body|[of] p2a: Corsola
|
|-damage|p2a: Corsola|36/100 psn|[from] psn
|-damage|p1a: Tangrowth|50/100 brn|[from] brn
|upkeep
|turn|120
|
|t:|1665059047
|switch|p1a: Salamence|Salamence, M|62/100 brn
|-ability|p1a: Salamence|Intimidate|boost
|-unboost|p2a: Corsola|atk|1
|move|p2a: Corsola|Strength Sap|p1a: Salamence
|-unboost|p1a: Salamence|atk|1
|-heal|p2a: Corsola|100/100 psn
|
|-damage|p2a: Corsola|88/100 psn|[from] psn
|-damage|p1a: Salamence|56/100 brn|[from] brn
|upkeep
|turn|121
|
|t:|1665059053
|move|p1a: Salamence|Roost|p1a: Salamence
|-heal|p1a: Salamence|100/100 brn
|-singleturn|p1a: Salamence|move: Roost
|move|p2a: Corsola|Stealth Rock|p1a: Salamence
|-sidestart|p1: the unforunator45|move: Stealth Rock
|
|-damage|p2a: Corsola|76/100 psn|[from] psn
|-damage|p1a: Salamence|94/100 brn|[from] brn
|upkeep
|turn|122
|
|t:|1665059057
|move|p1a: Salamence|Defog|p2a: Corsola
|-unboost|p2a: Corsola|evasion|1
|-sideend|p1: the unforunator45|Stealth Rock|[from] move: Defog|[of] p1a: Salamence
|move|p2a: Corsola|Night Shade|p1a: Salamence
|-damage|p1a: Salamence|69/100 brn
|
|-damage|p2a: Corsola|63/100 psn|[from] psn
|-damage|p1a: Salamence|63/100 brn|[from] brn
|upkeep
|turn|123
|
|t:|1665059062
|move|p1a: Salamence|Roost|p1a: Salamence
|-heal|p1a: Salamence|100/100 brn
|-singleturn|p1a: Salamence|move: Roost
|move|p2a: Corsola|Stealth Rock|p1a: Salamence
|-sidestart|p1: the unforunator45|move: Stealth Rock
|
|-damage|p2a: Corsola|51/100 psn|[from] psn
|-damage|p1a: Salamence|94/100 brn|[from] brn
|upkeep
|turn|124
|
|t:|1665059079
|move|p1a: Salamence|Defog|p2a: Corsola
|-unboost|p2a: Corsola|evasion|1
|-sideend|p1: the unforunator45|Stealth Rock|[from] move: Defog|[of] p1a: Salamence
|move|p2a: Corsola|Strength Sap|p1a: Salamence
|-unboost|p1a: Salamence|atk|1
|-heal|p2a: Corsola|100/100 psn
|
|-damage|p2a: Corsola|88/100 psn|[from] psn
|-damage|p1a: Salamence|88/100 brn|[from] brn
|upkeep
|turn|125
|
|t:|1665059087
|switch|p2a: Primarina|Primarina, F|65/100
|move|p1a: Salamence|Flamethrower|p2a: Primarina
|-resisted|p2a: Primarina
|-damage|p2a: Primarina|59/100
|
|-damage|p1a: Salamence|82/100 brn|[from] brn
|upkeep
|turn|126
|
|t:|1665059093
|switch|p1a: Suicune|Suicune|100/100 slp
|-ability|p1a: Suicune|Pressure
|move|p2a: Primarina|Rest|p2a: Primarina
|-status|p2a: Primarina|slp|[from] move: Rest
|-heal|p2a: Primarina|100/100 slp|[silent]
|
|upkeep
|turn|127
|
|t:|1665059099
|switch|p2a: Chansey|Chansey, F|67/100
|cant|p1a: Suicune|slp
|
|upkeep
|turn|128
|
|t:|1665059111
|-curestatus|p1a: Suicune|slp|[msg]
|move|p1a: Suicune|Calm Mind|p1a: Suicune
|-boost|p1a: Suicune|spa|1
|-boost|p1a: Suicune|spd|1
|move|p2a: Chansey|Teleport|p2a: Chansey
|
|t:|1665059115
|switch|p2a: Zarude|Zarude|31/100|[from]move: Teleport
|
|upkeep
|turn|129
|
|t:|1665059133
|move|p2a: Zarude|U-turn|p1a: Suicune
|-damage|p1a: Suicune|82/100
|
|t:|1665059135
|switch|p2a: Chansey|Chansey, F|67/100|[from]move: U-turn
|move|p1a: Suicune|Scald|p2a: Chansey
|-damage|p2a: Chansey|54/100
|
|-heal|p1a: Suicune|89/100|[from] item: Leftovers
|upkeep
|turn|130
|
|t:|1665059138
|switch|p1a: Diggersby|Diggersby, F|70/100
|move|p2a: Chansey|Soft-Boiled|p2a: Chansey
|-heal|p2a: Chansey|100/100
|
|upkeep
|turn|131
|
|t:|1665059153
|switch|p2a: Primarina|Primarina, F|100/100 slp
|move|p1a: Diggersby|Body Slam|p2a: Primarina
|-damage|p2a: Primarina|45/100 slp
|
|upkeep
|turn|132
|
|t:|1665059173
|switch|p2a: Corsola|Corsola-Galar, F|88/100 psn
|move|p1a: Diggersby|Body Slam|p2a: Corsola
|-immune|p2a: Corsola
|
|-damage|p2a: Corsola|76/100 psn|[from] psn
|upkeep
|turn|133
|
|t:|1665059177
|switch|p1a: Salamence|Salamence, M|82/100 brn
|-ability|p1a: Salamence|Intimidate|boost
|-unboost|p2a: Corsola|atk|1
|move|p2a: Corsola|Stealth Rock|p1a: Salamence
|-sidestart|p1: the unforunator45|move: Stealth Rock
|
|-damage|p2a: Corsola|63/100 psn|[from] psn
|-damage|p1a: Salamence|76/100 brn|[from] brn
|upkeep
|turn|134
|
|t:|1665059182
|move|p1a: Salamence|Defog|p2a: Corsola
|-unboost|p2a: Corsola|evasion|1
|-sideend|p1: the unforunator45|Stealth Rock|[from] move: Defog|[of] p1a: Salamence
|move|p2a: Corsola|Night Shade|p1a: Salamence
|-damage|p1a: Salamence|51/100 brn
|
|-damage|p2a: Corsola|51/100 psn|[from] psn
|-damage|p1a: Salamence|45/100 brn|[from] brn
|upkeep
|turn|135
|
|t:|1665059235
|move|p1a: Salamence|Roost|p1a: Salamence
|-heal|p1a: Salamence|95/100 brn
|-singleturn|p1a: Salamence|move: Roost
|move|p2a: Corsola|Strength Sap|p1a: Salamence
|-unboost|p1a: Salamence|atk|1
|-heal|p2a: Corsola|100/100 psn
|
|-damage|p2a: Corsola|88/100 psn|[from] psn
|-damage|p1a: Salamence|89/100 brn|[from] brn
|upkeep
|turn|136
|
|t:|1665059239
|move|p1a: Salamence|Flamethrower|p2a: Corsola
|-damage|p2a: Corsola|74/100 psn
|move|p2a: Corsola|Stealth Rock|p1a: Salamence
|-sidestart|p1: the unforunator45|move: Stealth Rock
|
|-damage|p2a: Corsola|61/100 psn|[from] psn
|-damage|p1a: Salamence|82/100 brn|[from] brn
|upkeep
|turn|137
|
|t:|1665059256
|switch|p2a: Hydreigon|Hydreigon, F|75/100
|move|p1a: Salamence|Defog|p2a: Hydreigon
|-unboost|p2a: Hydreigon|evasion|1
|-sideend|p1: the unforunator45|Stealth Rock|[from] move: Defog|[of] p1a: Salamence
|
|-damage|p1a: Salamence|76/100 brn|[from] brn
|upkeep
|turn|138
|
|t:|1665059265
|switch|p1a: Suicune|Suicune|89/100
|-ability|p1a: Suicune|Pressure
|move|p2a: Hydreigon|Draco Meteor|p1a: Suicune
|-damage|p1a: Suicune|36/100
|-unboost|p2a: Hydreigon|spa|2
|
|-heal|p1a: Suicune|42/100|[from] item: Leftovers
|upkeep
|turn|139
|
|t:|1665059273
|switch|p2a: Chansey|Chansey, F|100/100
|move|p1a: Suicune|Rest|p1a: Suicune
|-status|p1a: Suicune|slp|[from] move: Rest
|-heal|p1a: Suicune|100/100 slp|[silent]
|
|upkeep
|turn|140
|
|t:|1665059292
|cant|p1a: Suicune|slp
|move|p2a: Chansey|Teleport|p2a: Chansey
|
|t:|1665059294
|switch|p2a: Zarude|Zarude|31/100|[from]move: Teleport
|
|upkeep
|turn|141
|
|t:|1665059299
|switch|p1a: Tangrowth|Tangrowth, F|83/100 brn
|move|p2a: Zarude|Power Whip|p1a: Tangrowth
|-resisted|p1a: Tangrowth
|-damage|p1a: Tangrowth|57/100 brn
|
|-damage|p1a: Tangrowth|51/100 brn|[from] brn
|upkeep
|turn|142
|
|t:|1665059305
|switch|p2a: Corsola|Corsola-Galar, F|61/100 psn
|switch|p1a: Diggersby|Diggersby, F|70/100
|
|-damage|p2a: Corsola|49/100 psn|[from] psn
|upkeep
|turn|143
|
|t:|1665059311
|move|p1a: Diggersby|Earthquake|p2a: Corsola
|-damage|p2a: Corsola|0 fnt
|faint|p2a: Corsola
|
|upkeep
|
|t:|1665059315
|switch|p2a: Salamence|Salamence, F|11/100 psn
|-ability|p2a: Salamence|Intimidate|boost
|-unboost|p1a: Diggersby|atk|1
|turn|144
|
|t:|1665059319
|switch|p1a: Nihilego|Nihilego|16/100
|move|p2a: Salamence|Roost|p2a: Salamence
|-heal|p2a: Salamence|61/100 psn
|-singleturn|p2a: Salamence|move: Roost
|
|-damage|p2a: Salamence|48/100 psn|[from] psn
|upkeep
|turn|145
|
|t:|1665059326
|switch|p2a: Chansey|Chansey, F|100/100
|move|p1a: Nihilego|Sludge Wave|p2a: Chansey
|-damage|p2a: Chansey|86/100
|
|upkeep
|turn|146
|
|t:|1665059333
|switch|p1a: Suicune|Suicune|100/100 slp
|-ability|p1a: Suicune|Pressure
|move|p2a: Chansey|Teleport|p2a: Chansey
|
|t:|1665059335
|switch|p2a: Zarude|Zarude|31/100|[from]move: Teleport
|
|upkeep
|turn|147
|
|t:|1665059346
|switch|p1a: Salamence|Salamence, M|76/100 brn
|-ability|p1a: Salamence|Intimidate|boost
|-unboost|p2a: Zarude|atk|1
|move|p2a: Zarude|U-turn|p1a: Salamence
|-resisted|p1a: Salamence
|-damage|p1a: Salamence|67/100 brn
|
|t:|1665059349
|switch|p2a: Hydreigon|Hydreigon, F|75/100|[from]move: U-turn
|
|-damage|p1a: Salamence|61/100 brn|[from] brn
|upkeep
|turn|148
|
|t:|1665059357
|switch|p1a: Suicune|Suicune|100/100 slp
|-ability|p1a: Suicune|Pressure
|move|p2a: Hydreigon|Dark Pulse|p1a: Suicune
|-damage|p1a: Suicune|68/100 slp
|
|-heal|p1a: Suicune|74/100 slp|[from] item: Leftovers
|upkeep
|turn|149
|
|t:|1665059365
|switch|p2a: Zarude|Zarude|31/100
|switch|p1a: Tangrowth|Tangrowth, F|84/100 brn
|
|-damage|p1a: Tangrowth|78/100 brn|[from] brn
|upkeep
|turn|150
|
|t:|1665059370
|move|p2a: Zarude|U-turn|p1a: Tangrowth
|-supereffective|p1a: Tangrowth
|-damage|p1a: Tangrowth|32/100 brn
|
|t:|1665059373
|switch|p2a: Hydreigon|Hydreigon, F|75/100|[from]move: U-turn
|move|p1a: Tangrowth|Sludge Bomb|p2a: Hydreigon
|-damage|p2a: Hydreigon|52/100
|
|-damage|p1a: Tangrowth|26/100 brn|[from] brn
|upkeep
|turn|151
|
|t:|1665059378
|switch|p1a: Nihilego|Nihilego|16/100
|move|p2a: Hydreigon|Roost|p2a: Hydreigon
|-heal|p2a: Hydreigon|100/100
|-singleturn|p2a: Hydreigon|move: Roost
|
|upkeep
|turn|152
|
|t:|1665059383
|switch|p2a: Chansey|Chansey, F|86/100
|move|p1a: Nihilego|Meteor Beam||[still]
|-prepare|p1a: Nihilego|Meteor Beam
|-boost|p1a: Nihilego|spa|1
|-enditem|p1a: Nihilego|Power Herb
|-anim|p1a: Nihilego|Meteor Beam|p2a: Chansey
|-damage|p2a: Chansey|59/100
|
|upkeep
|turn|153
|
|t:|1665059393
|move|p1a: Nihilego|Sludge Wave|p2a: Chansey
|-damage|p2a: Chansey|37/100
|move|p2a: Chansey|Teleport|p2a: Chansey
|
|t:|1665059395
|switch|p2a: Zarude|Zarude|31/100|[from]move: Teleport
|
|upkeep
|turn|154
|
|t:|1665059405
|switch|p1a: Tangrowth|Tangrowth, F|59/100 brn
|move|p2a: Zarude|Darkest Lariat|p1a: Tangrowth
|-damage|p1a: Tangrowth|22/100 brn
|
|-damage|p1a: Tangrowth|15/100 brn|[from] brn
|upkeep
|turn|155
|
|t:|1665059413
|switch|p1a: Suicune|Suicune|74/100 slp
|-ability|p1a: Suicune|Pressure
|move|p2a: Zarude|Darkest Lariat|p1a: Suicune
|-damage|p1a: Suicune|36/100 slp
|
|-heal|p1a: Suicune|42/100 slp|[from] item: Leftovers
|upkeep
|turn|156
|
|t:|1665059421
|switch|p2a: Chansey|Chansey, F|37/100
|cant|p1a: Suicune|slp
|
|-heal|p1a: Suicune|48/100 slp|[from] item: Leftovers
|upkeep
|turn|157
|
|t:|1665059426
|-curestatus|p1a: Suicune|slp|[msg]
|move|p1a: Suicune|Rest|p1a: Suicune
|-status|p1a: Suicune|slp|[from] move: Rest
|-heal|p1a: Suicune|100/100 slp|[silent]
|move|p2a: Chansey|Soft-Boiled|p2a: Chansey
|-heal|p2a: Chansey|87/100
|
|upkeep
|turn|158
|
|t:|1665059429
|cant|p1a: Suicune|slp
|move|p2a: Chansey|Teleport|p2a: Chansey
|
|t:|1665059433
|switch|p2a: Zarude|Zarude|31/100|[from]move: Teleport
|
|upkeep
|turn|159
|
|t:|1665059438
|switch|p1a: Salamence|Salamence, M|61/100 brn
|-ability|p1a: Salamence|Intimidate|boost
|-unboost|p2a: Zarude|atk|1
|move|p2a: Zarude|Darkest Lariat|p1a: Salamence
|-damage|p1a: Salamence|26/100 brn
|
|-damage|p1a: Salamence|20/100 brn|[from] brn
|upkeep
|turn|160
|
|t:|1665059445
|switch|p1a: Suicune|Suicune|100/100 slp
|-ability|p1a: Suicune|Pressure
|move|p2a: Zarude|Darkest Lariat|p1a: Suicune
|-damage|p1a: Suicune|76/100 slp
|
|-heal|p1a: Suicune|82/100 slp|[from] item: Leftovers
|upkeep
|turn|161
|
|t:|1665059450
|switch|p2a: Chansey|Chansey, F|87/100
|cant|p1a: Suicune|slp
|
|-heal|p1a: Suicune|88/100 slp|[from] item: Leftovers
|upkeep
|turn|162
|
|t:|1665059453
|switch|p1a: Diggersby|Diggersby, F|70/100
|move|p2a: Chansey|Teleport|p2a: Chansey
|
|t:|1665059470
|switch|p2a: Hydreigon|Hydreigon, F|100/100|[from]move: Teleport
|
|upkeep
|turn|163
|
|t:|1665059484
|switch|p2a: Chansey|Chansey, F|87/100
|move|p1a: Diggersby|U-turn|p2a: Chansey
|-damage|p2a: Chansey|70/100
GryphonEx is offering a tie.
|
|t:|1665059492
|switch|p1a: Tangrowth|Tangrowth, F|49/100 brn|[from]move: U-turn
|
|-damage|p1a: Tangrowth|42/100 brn|[from] brn
|upkeep
|turn|164
|
|t:|1665059541
|switch|p2a: Hydreigon|Hydreigon, F|100/100
|move|p1a: Tangrowth|Knock Off|p2a: Hydreigon
|-resisted|p2a: Hydreigon
|-damage|p2a: Hydreigon|96/100
|
|-damage|p1a: Tangrowth|36/100 brn|[from] brn
|upkeep
|turn|165
|
|t:|1665059546
|switch|p1a: Suicune|Suicune|88/100 slp
|-ability|p1a: Suicune|Pressure
|move|p2a: Hydreigon|Dark Pulse|p1a: Suicune
|-damage|p1a: Suicune|59/100 slp
|
|-heal|p1a: Suicune|65/100 slp|[from] item: Leftovers
|upkeep
|turn|166
|
|t:|1665059549
|switch|p2a: Chansey|Chansey, F|70/100
|-curestatus|p1a: Suicune|slp|[msg]
|move|p1a: Suicune|Rest|p1a: Suicune
|-status|p1a: Suicune|slp|[from] move: Rest
|-heal|p1a: Suicune|100/100 slp|[silent]
|
|upkeep
|turn|167
|
|t:|1665059553
|cant|p1a: Suicune|slp
|move|p2a: Chansey|Teleport|p2a: Chansey
|
|t:|1665059559
|switch|p2a: Primarina|Primarina, F|45/100 slp|[from]move: Teleport
|
|upkeep
|turn|168
|
|t:|1665059572
|switch|p1a: Diggersby|Diggersby, F|70/100
|cant|p2a: Primarina|slp
|
|upkeep
|turn|169
|
|t:|1665059586
|switch|p2a: Salamence|Salamence, F|48/100 psn
|-ability|p2a: Salamence|Intimidate|boost
|-unboost|p1a: Diggersby|atk|1
|move|p1a: Diggersby|Body Slam|p2a: Salamence
|-damage|p2a: Salamence|22/100 psn
|
|-damage|p2a: Salamence|9/100 psn|[from] psn
|upkeep
|turn|170
|
|t:|1665059593
|move|p1a: Diggersby|Body Slam|p2a: Salamence
|-damage|p2a: Salamence|0 fnt
|faint|p2a: Salamence
|
|upkeep
|
|t:|1665059601
|switch|p2a: Hydreigon|Hydreigon, F|96/100
|turn|171
|
|t:|1665059616
|switch|p1a: Nihilego|Nihilego|16/100
|switch|p2a: Zarude|Zarude|31/100
|
|upkeep
|turn|172
|
|t:|1665059634
|move|p2a: Zarude|Darkest Lariat|p1a: Nihilego
|-damage|p1a: Nihilego|0 fnt
|faint|p1a: Nihilego
|
|upkeep
|
|t:|1665059639
|switch|p1a: Tangrowth|Tangrowth, F|69/100 brn
|turn|173
|
|t:|1665059649
|switch|p2a: Hydreigon|Hydreigon, F|96/100
|move|p1a: Tangrowth|Sludge Bomb|p2a: Hydreigon
|-damage|p2a: Hydreigon|74/100
|
|-damage|p1a: Tangrowth|63/100 brn|[from] brn
|upkeep
|turn|174
|
|t:|1665059655
|switch|p1a: Suicune|Suicune|100/100 slp
|-ability|p1a: Suicune|Pressure
|move|p2a: Hydreigon|Flamethrower|p1a: Suicune
|-resisted|p1a: Suicune
|-crit|p1a: Suicune
|-damage|p1a: Suicune|82/100 slp
|
|-heal|p1a: Suicune|88/100 slp|[from] item: Leftovers
|upkeep
|turn|175
|
|t:|1665059660
|switch|p2a: Chansey|Chansey, F|70/100
|cant|p1a: Suicune|slp
|
|-heal|p1a: Suicune|95/100 slp|[from] item: Leftovers
|upkeep
|turn|176
|
|t:|1665059672
|switch|p1a: Diggersby|Diggersby, F|70/100
|move|p2a: Chansey|Seismic Toss|p1a: Diggersby
|-damage|p1a: Diggersby|38/100
|
|upkeep
|turn|177
|
|t:|1665059688
|move|p1a: Diggersby|Body Slam|p2a: Chansey
|-damage|p2a: Chansey|37/100
|move|p2a: Chansey|Teleport|p2a: Chansey
|
|t:|1665059692
|switch|p2a: Hydreigon|Hydreigon, F|74/100|[from]move: Teleport
|
|upkeep
|turn|178
|
|t:|1665059707
|switch|p1a: Suicune|Suicune|95/100 slp
|-ability|p1a: Suicune|Pressure
|move|p2a: Hydreigon|Dark Pulse|p1a: Suicune
|-damage|p1a: Suicune|63/100 slp
|
|-heal|p1a: Suicune|70/100 slp|[from] item: Leftovers
|upkeep
|turn|179
|
|t:|1665059714
|move|p2a: Hydreigon|Dark Pulse|p1a: Suicune
|-damage|p1a: Suicune|42/100 slp
|-curestatus|p1a: Suicune|slp|[msg]
|move|p1a: Suicune|Calm Mind|p1a: Suicune
|-boost|p1a: Suicune|spa|1
|-boost|p1a: Suicune|spd|1
|
|-heal|p1a: Suicune|48/100|[from] item: Leftovers
|upkeep
|turn|180
|
|t:|1665059718
|switch|p2a: Chansey|Chansey, F|37/100
|move|p1a: Suicune|Rest|p1a: Suicune
|-status|p1a: Suicune|slp|[from] move: Rest
|-heal|p1a: Suicune|100/100 slp|[silent]
|
|upkeep
|turn|181
|
|t:|1665059720
|cant|p1a: Suicune|slp
|move|p2a: Chansey|Soft-Boiled|p2a: Chansey
|-heal|p2a: Chansey|87/100
|
|upkeep
|turn|182
|
|t:|1665059741
|cant|p1a: Suicune|slp
|move|p2a: Chansey|Teleport|p2a: Chansey
|
|t:|1665059747
|switch|p2a: Zarude|Zarude|31/100|[from]move: Teleport
|
|upkeep
|turn|183
|
|t:|1665059749
|move|p2a: Zarude|Power Whip|p1a: Suicune
|-supereffective|p1a: Suicune
|-damage|p1a: Suicune|6/100 slp
|-curestatus|p1a: Suicune|slp|[msg]
|move|p1a: Suicune|Scald|p2a: Zarude
|-resisted|p2a: Zarude
|-damage|p2a: Zarude|13/100
|
|-heal|p1a: Suicune|13/100|[from] item: Leftovers
|upkeep
|turn|184
|
|t:|1665059760
|switch|p2a: Hydreigon|Hydreigon, F|74/100
|switch|p1a: Tangrowth|Tangrowth, F|97/100 brn
|
|-damage|p1a: Tangrowth|90/100 brn|[from] brn
|upkeep
|turn|185
|
|t:|1665059764
|move|p2a: Hydreigon|Flamethrower|p1a: Tangrowth
|-supereffective|p1a: Tangrowth
|-damage|p1a: Tangrowth|46/100 brn
|move|p1a: Tangrowth|Sludge Bomb|p2a: Hydreigon
|-damage|p2a: Hydreigon|52/100
|
|-damage|p1a: Tangrowth|39/100 brn|[from] brn
|upkeep
|turn|186
|
|t:|1665059769
|switch|p1a: Salamence|Salamence, M|20/100 brn
|-ability|p1a: Salamence|Intimidate|boost
|-unboost|p2a: Hydreigon|atk|1
|move|p2a: Hydreigon|Draco Meteor|p1a: Salamence
|-supereffective|p1a: Salamence
|-damage|p1a: Salamence|0 fnt
|-unboost|p2a: Hydreigon|spa|2
|faint|p1a: Salamence
|
|upkeep
|
|t:|1665059776
|switch|p1a: Diggersby|Diggersby, F|38/100
|turn|187
|
|t:|1665059799
|move|p1a: Diggersby|U-turn|p2a: Hydreigon
|-supereffective|p2a: Hydreigon
|-damage|p2a: Hydreigon|0 fnt
|faint|p2a: Hydreigon
|
|t:|1665059811
|switch|p1a: Tangrowth|Tangrowth, F|73/100 brn|[from]move: U-turn
|
|-damage|p1a: Tangrowth|67/100 brn|[from] brn
|upkeep
|
|t:|1665059824
|switch|p2a: Zarude|Zarude|13/100
|turn|188
|
|t:|1665059829
|move|p2a: Zarude|U-turn|p1a: Tangrowth
|-supereffective|p1a: Tangrowth
|-damage|p1a: Tangrowth|25/100 brn
|
|t:|1665059833
|switch|p2a: Primarina|Primarina, F|45/100 slp|[from]move: U-turn
|move|p1a: Tangrowth|Sludge Bomb|p2a: Primarina
|-supereffective|p2a: Primarina
|-damage|p2a: Primarina|16/100 slp
|
|-damage|p1a: Tangrowth|19/100 brn|[from] brn
|upkeep
|turn|189
|
|t:|1665059838
|switch|p2a: Chansey|Chansey, F|87/100
|switch|p1a: Suicune|Suicune|13/100
|-ability|p1a: Suicune|Pressure
|
|-heal|p1a: Suicune|19/100|[from] item: Leftovers
|upkeep
|turn|190
|
|t:|1665059846
|switch|p1a: Diggersby|Diggersby, F|38/100
|move|p2a: Chansey|Seismic Toss|p1a: Diggersby
|-damage|p1a: Diggersby|6/100
|
|upkeep
|turn|191
|
|t:|1665059870
|move|p1a: Diggersby|U-turn|p2a: Chansey
|-damage|p2a: Chansey|69/100
|
|t:|1665059876
|switch|p1a: Tangrowth|Tangrowth, F|52/100 brn|[from]move: U-turn
|move|p2a: Chansey|Seismic Toss|p1a: Tangrowth
|-damage|p1a: Tangrowth|28/100 brn
|
|-damage|p1a: Tangrowth|21/100 brn|[from] brn
|upkeep
|turn|192
|
|t:|1665059880
|switch|p1a: Diggersby|Diggersby, F|6/100
|move|p2a: Chansey|Seismic Toss|p1a: Diggersby
|-damage|p1a: Diggersby|0 fnt
|faint|p1a: Diggersby
|
|upkeep
|
|t:|1665059882
|switch|p1a: Suicune|Suicune|19/100
|-ability|p1a: Suicune|Pressure
|turn|193
|
|t:|1665059887
|move|p1a: Suicune|Rest|p1a: Suicune
|-status|p1a: Suicune|slp|[from] move: Rest
|-heal|p1a: Suicune|100/100 slp|[silent]
|move|p2a: Chansey|Seismic Toss|p1a: Suicune
|-damage|p1a: Suicune|76/100 slp
|
|-heal|p1a: Suicune|82/100 slp|[from] item: Leftovers
|upkeep
|turn|194
|
|t:|1665059893
|switch|p1a: Tangrowth|Tangrowth, F|55/100 brn
|move|p2a: Chansey|Teleport|p2a: Chansey
|
|t:|1665059895
|switch|p2a: Zarude|Zarude|13/100|[from]move: Teleport
|
|-damage|p1a: Tangrowth|48/100 brn|[from] brn
|upkeep
|turn|195
|
|t:|1665059900
|switch|p1a: Suicune|Suicune|82/100 slp
|-ability|p1a: Suicune|Pressure
|move|p2a: Zarude|U-turn|p1a: Suicune
|-damage|p1a: Suicune|62/100 slp
|
|t:|1665059903
|switch|p2a: Primarina|Primarina, F|16/100 slp|[from]move: U-turn
|
|-heal|p1a: Suicune|68/100 slp|[from] item: Leftovers
|upkeep
|turn|196
|
|t:|1665059909
|cant|p1a: Suicune|slp
|cant|p2a: Primarina|slp
|
|-heal|p1a: Suicune|74/100 slp|[from] item: Leftovers
|upkeep
|turn|197
|
|t:|1665059918
|cant|p1a: Suicune|slp
|-curestatus|p2a: Primarina|slp|[msg]
|move|p2a: Primarina|Rest|p2a: Primarina
|-status|p2a: Primarina|slp|[from] move: Rest
|-heal|p2a: Primarina|100/100 slp|[silent]
|
|-heal|p1a: Suicune|80/100 slp|[from] item: Leftovers
|upkeep
|turn|198
|
|t:|1665059924
|switch|p2a: Chansey|Chansey, F|69/100
|-curestatus|p1a: Suicune|slp|[msg]
|move|p1a: Suicune|Calm Mind|p1a: Suicune
|-boost|p1a: Suicune|spa|1
|-boost|p1a: Suicune|spd|1
|
|-heal|p1a: Suicune|87/100|[from] item: Leftovers
|upkeep
|turn|199
|
|t:|1665059949
|move|p1a: Suicune|Calm Mind|p1a: Suicune
|-boost|p1a: Suicune|spa|1
|-boost|p1a: Suicune|spd|1
|move|p2a: Chansey|Teleport|p2a: Chansey
|
|t:|1665059954
|switch|p2a: Primarina|Primarina, F|100/100 slp|[from]move: Teleport
|
|-heal|p1a: Suicune|93/100|[from] item: Leftovers
|upkeep
|turn|200
|
|t:|1665059969
|switch|p2a: Chansey|Chansey, F|69/100
|move|p1a: Suicune|Calm Mind|p1a: Suicune
|-boost|p1a: Suicune|spa|1
|-boost|p1a: Suicune|spd|1
|
|-heal|p1a: Suicune|99/100|[from] item: Leftovers
|upkeep
|turn|201
|
|t:|1665059993
|move|p1a: Suicune|Calm Mind|p1a: Suicune
|-boost|p1a: Suicune|spa|1
|-boost|p1a: Suicune|spd|1
|move|p2a: Chansey|Seismic Toss|p1a: Suicune
|-damage|p1a: Suicune|74/100
|
|-heal|p1a: Suicune|80/100|[from] item: Leftovers
|upkeep
|turn|202
|
|t:|1665060007
|move|p1a: Suicune|Scald|p2a: Chansey
|-damage|p2a: Chansey|46/100
|move|p2a: Chansey|Seismic Toss|p1a: Suicune
|-damage|p1a: Suicune|56/100
|
|-heal|p1a: Suicune|62/100|[from] item: Leftovers
|upkeep
|turn|203
|
|t:|1665060013
|move|p1a: Suicune|Scald|p2a: Chansey
|-damage|p2a: Chansey|23/100
|move|p2a: Chansey|Soft-Boiled|p2a: Chansey
|-heal|p2a: Chansey|73/100
|
|-heal|p1a: Suicune|68/100|[from] item: Leftovers
|upkeep
|turn|204
|
|t:|1665060016
|move|p1a: Suicune|Calm Mind|p1a: Suicune
|-boost|p1a: Suicune|spa|1
|-boost|p1a: Suicune|spd|1
|move|p2a: Chansey|Teleport|p2a: Chansey
|
|t:|1665060018
|switch|p2a: Zarude|Zarude|13/100|[from]move: Teleport
|
|-heal|p1a: Suicune|74/100|[from] item: Leftovers
|upkeep
|turn|205
|
|t:|1665060020
|switch|p1a: Tangrowth|Tangrowth, F|82/100 brn
|move|p2a: Zarude|Power Whip|p1a: Tangrowth
|-resisted|p1a: Tangrowth
|-damage|p1a: Tangrowth|56/100 brn
|
|-damage|p1a: Tangrowth|49/100 brn|[from] brn
|upkeep
|turn|206
|
|t:|1665060032
|switch|p2a: Chansey|Chansey, F|73/100
|move|p1a: Tangrowth|Knock Off|p2a: Chansey
|-damage|p2a: Chansey|65/100
|-enditem|p2a: Chansey|Eviolite|[from] move: Knock Off|[of] p1a: Tangrowth
|
|-damage|p1a: Tangrowth|43/100 brn|[from] brn
|upkeep
|turn|207
|
|t:|1665060039
|switch|p1a: Suicune|Suicune|74/100
|-ability|p1a: Suicune|Pressure
|move|p2a: Chansey|Seismic Toss|p1a: Suicune
|-damage|p1a: Suicune|50/100
|
|-heal|p1a: Suicune|56/100|[from] item: Leftovers
|upkeep
|turn|208
|
|t:|1665060054
|switch|p1a: Tangrowth|Tangrowth, F|76/100 brn
|move|p2a: Chansey|Teleport|p2a: Chansey
|
|t:|1665060073
|switch|p2a: Primarina|Primarina, F|100/100 slp|[from]move: Teleport
|
|-damage|p1a: Tangrowth|70/100 brn|[from] brn
|upkeep
|turn|209
|
|t:|1665060081
|switch|p1a: Suicune|Suicune|56/100
|-ability|p1a: Suicune|Pressure
|cant|p2a: Primarina|slp
|
|-heal|p1a: Suicune|62/100|[from] item: Leftovers
|upkeep
|turn|210
|
|t:|1665060087
|switch|p2a: Chansey|Chansey, F|65/100
|move|p1a: Suicune|Calm Mind|p1a: Suicune
|-boost|p1a: Suicune|spa|1
|-boost|p1a: Suicune|spd|1
|
|-heal|p1a: Suicune|68/100|[from] item: Leftovers
|upkeep
|turn|211
|
|t:|1665060099
|move|p1a: Suicune|Scald|p2a: Chansey
|-damage|p2a: Chansey|48/100
|-status|p2a: Chansey|brn
|move|p2a: Chansey|Seismic Toss|p1a: Suicune
|-damage|p1a: Suicune|43/100
|
|-heal|p1a: Suicune|50/100|[from] item: Leftovers
|-damage|p2a: Chansey|42/100 brn|[from] brn
|upkeep
|turn|212
|
|t:|1665060104
|move|p1a: Suicune|Calm Mind|p1a: Suicune
|-boost|p1a: Suicune|spa|1
|-boost|p1a: Suicune|spd|1
|move|p2a: Chansey|Soft-Boiled|p2a: Chansey
|-heal|p2a: Chansey|92/100 brn
|
|-heal|p1a: Suicune|56/100|[from] item: Leftovers
|-damage|p2a: Chansey|86/100 brn|[from] brn
|upkeep
|turn|213
|
|t:|1665060106
|move|p1a: Suicune|Scald|p2a: Chansey
|-damage|p2a: Chansey|60/100 brn
|move|p2a: Chansey|Teleport|p2a: Chansey
|
|t:|1665060110
|-curestatus|p2a: Chansey|brn|[from] ability: Natural Cure
|switch|p2a: Zarude|Zarude|13/100|[from]move: Teleport
|
|-heal|p1a: Suicune|62/100|[from] item: Leftovers
|upkeep
|turn|214
|
|t:|1665060114
|switch|p1a: Tangrowth|Tangrowth, F|100/100 brn
|move|p2a: Zarude|U-turn|p1a: Tangrowth
|-supereffective|p1a: Tangrowth
|-damage|p1a: Tangrowth|58/100 brn
|
|t:|1665060117
|switch|p2a: Chansey|Chansey, F|60/100|[from]move: U-turn
|
|-damage|p1a: Tangrowth|52/100 brn|[from] brn
|upkeep
|turn|215
|
|t:|1665060122
|switch|p1a: Suicune|Suicune|62/100
|-ability|p1a: Suicune|Pressure
|move|p2a: Chansey|Seismic Toss|p1a: Suicune
|-damage|p1a: Suicune|37/100
|
|-heal|p1a: Suicune|43/100|[from] item: Leftovers
|upkeep
|turn|216
|
|t:|1665060130
|move|p1a: Suicune|Rest|p1a: Suicune
|-status|p1a: Suicune|slp|[from] move: Rest
|-heal|p1a: Suicune|100/100 slp|[silent]
|move|p2a: Chansey|Teleport|p2a: Chansey
|
|t:|1665060132
|switch|p2a: Zarude|Zarude|13/100|[from]move: Teleport
|
|upkeep
|turn|217
|
|t:|1665060134
|move|p2a: Zarude|Darkest Lariat|p1a: Suicune
|-damage|p1a: Suicune|65/100 slp
|cant|p1a: Suicune|slp
|
|-heal|p1a: Suicune|71/100 slp|[from] item: Leftovers
|upkeep
|turn|218
|
|t:|1665060138
|move|p2a: Zarude|Darkest Lariat|p1a: Suicune
|-damage|p1a: Suicune|35/100 slp
|cant|p1a: Suicune|slp
|
|-heal|p1a: Suicune|41/100 slp|[from] item: Leftovers
|upkeep
|turn|219
|
|t:|1665060146
|switch|p2a: Chansey|Chansey, F|60/100
|-curestatus|p1a: Suicune|slp|[msg]
|move|p1a: Suicune|Rest|p1a: Suicune
|-status|p1a: Suicune|slp|[from] move: Rest
|-heal|p1a: Suicune|100/100 slp|[silent]
|
|upkeep
|turn|220
|
|t:|1665060157
|cant|p1a: Suicune|slp
|move|p2a: Chansey|Seismic Toss|p1a: Suicune
|-damage|p1a: Suicune|76/100 slp
|
|-heal|p1a: Suicune|82/100 slp|[from] item: Leftovers
|upkeep
|turn|221
|
|t:|1665060166
|cant|p1a: Suicune|slp
|move|p2a: Chansey|Teleport|p2a: Chansey
|l|☆GryphonEx
|player|p2|
|j|☆GryphonEx
|player|p2|GryphonEx|gardenia
|
|t:|1665060221
|switch|p2a: Zarude|Zarude|13/100|[from]move: Teleport
|
|-heal|p1a: Suicune|88/100 slp|[from] item: Leftovers
|upkeep
|turn|222
|
|t:|1665060225
|move|p2a: Zarude|U-turn|p1a: Suicune
|-damage|p1a: Suicune|69/100 slp
|
|t:|1665060242
|switch|p2a: Chansey|Chansey, F|60/100|[from]move: U-turn
|-curestatus|p1a: Suicune|slp|[msg]
|move|p1a: Suicune|Scald|p2a: Chansey
|-damage|p2a: Chansey|49/100
|-status|p2a: Chansey|brn
|
|-heal|p1a: Suicune|75/100|[from] item: Leftovers
|-damage|p2a: Chansey|43/100 brn|[from] brn
|upkeep
|turn|223
|
|t:|1665060252
|switch|p1a: Tangrowth|Tangrowth, F|85/100 brn
|move|p2a: Chansey|Soft-Boiled|p2a: Chansey
|-heal|p2a: Chansey|93/100 brn
|
|-damage|p1a: Tangrowth|79/100 brn|[from] brn
|-damage|p2a: Chansey|87/100 brn|[from] brn
|upkeep
|turn|224
|
|t:|1665060265
|switch|p1a: Suicune|Suicune|75/100
|-ability|p1a: Suicune|Pressure
|move|p2a: Chansey|Seismic Toss|p1a: Suicune
|-damage|p1a: Suicune|51/100
|
|-heal|p1a: Suicune|57/100|[from] item: Leftovers
|-damage|p2a: Chansey|81/100 brn|[from] brn
|upkeep
|turn|225
|
|t:|1665060272
|move|p1a: Suicune|Rest|p1a: Suicune
|-status|p1a: Suicune|slp|[from] move: Rest
|-heal|p1a: Suicune|100/100 slp|[silent]
|move|p2a: Chansey|Teleport|p2a: Chansey
|
|t:|1665060304
|-curestatus|p2a: Chansey|brn|[from] ability: Natural Cure
|switch|p2a: Primarina|Primarina, F|100/100 slp|[from]move: Teleport
|
|upkeep
|turn|226
|
|t:|1665060307
|switch|p2a: Chansey|Chansey, F|81/100
|cant|p1a: Suicune|slp
|
|upkeep
|turn|227
|
|t:|1665060312
|cant|p1a: Suicune|slp
|move|p2a: Chansey|Seismic Toss|p1a: Suicune
|-damage|p1a: Suicune|76/100 slp
|
|-heal|p1a: Suicune|82/100 slp|[from] item: Leftovers
|upkeep
|turn|228
|
|t:|1665060319
|-curestatus|p1a: Suicune|slp|[msg]
|move|p1a: Suicune|Calm Mind|p1a: Suicune
|-boost|p1a: Suicune|spa|1
|-boost|p1a: Suicune|spd|1
|move|p2a: Chansey|Seismic Toss|p1a: Suicune
|-damage|p1a: Suicune|57/100
|
|-heal|p1a: Suicune|63/100|[from] item: Leftovers
|upkeep
|turn|229
|
|t:|1665060325
|move|p1a: Suicune|Scald|p2a: Chansey
|-damage|p2a: Chansey|64/100
|move|p2a: Chansey|Teleport|p2a: Chansey
|
|t:|1665060327
|switch|p2a: Zarude|Zarude|13/100|[from]move: Teleport
|
|-heal|p1a: Suicune|70/100|[from] item: Leftovers
|upkeep
|turn|230
|
|t:|1665060330
|move|p2a: Zarude|U-turn|p1a: Suicune
|-damage|p1a: Suicune|51/100
|
|t:|1665060340
|switch|p2a: Chansey|Chansey, F|64/100|[from]move: U-turn
|move|p1a: Suicune|Scald|p2a: Chansey
|-damage|p2a: Chansey|46/100
|
|-heal|p1a: Suicune|57/100|[from] item: Leftovers
|upkeep
|turn|231
|
|t:|1665060359
|move|p1a: Suicune|Rest|p1a: Suicune
|-status|p1a: Suicune|slp|[from] move: Rest
|-heal|p1a: Suicune|100/100 slp|[silent]
|move|p2a: Chansey|Soft-Boiled|p2a: Chansey
|-heal|p2a: Chansey|97/100
|
|upkeep
|turn|232
|
|t:|1665060367
|switch|p2a: Zarude|Zarude|13/100
|cant|p1a: Suicune|slp
|
|upkeep
|turn|233
|
|t:|1665060370
|switch|p1a: Tangrowth|Tangrowth, F|100/100 brn
|move|p2a: Zarude|Power Whip|p1a: Tangrowth
|-resisted|p1a: Tangrowth
|-damage|p1a: Tangrowth|71/100 brn
|
|-damage|p1a: Tangrowth|65/100 brn|[from] brn
|upkeep
|turn|234
|
|t:|1665060378
|switch|p2a: Chansey|Chansey, F|97/100
|move|p1a: Tangrowth|Power Whip|p2a: Chansey
|-damage|p2a: Chansey|78/100
|
|-damage|p1a: Tangrowth|59/100 brn|[from] brn
|upkeep
|turn|235
|
|t:|1665060387
|switch|p1a: Suicune|Suicune|100/100 slp
|-ability|p1a: Suicune|Pressure
|move|p2a: Chansey|Seismic Toss|p1a: Suicune
|-damage|p1a: Suicune|76/100 slp
|
|-heal|p1a: Suicune|82/100 slp|[from] item: Leftovers
|upkeep
|turn|236
|
|t:|1665060394
|cant|p1a: Suicune|slp
|move|p2a: Chansey|Teleport|p2a: Chansey
|
|t:|1665060397
|switch|p2a: Zarude|Zarude|13/100|[from]move: Teleport
|
|-heal|p1a: Suicune|88/100 slp|[from] item: Leftovers
|upkeep
|turn|237
|
|t:|1665060404
|move|p2a: Zarude|Power Whip|p1a: Suicune
|-supereffective|p1a: Suicune
|-damage|p1a: Suicune|0 fnt
|faint|p1a: Suicune
|
|upkeep
|c|☆the unforunator45|gg
|c|☆GryphonEx|gg
|-message|the unforunator45 forfeited.
|
|win|GryphonEx
|raw|the unforunator45's rating: 1479 &rarr; <strong>1452</strong><br />(-27 for losing)
|raw|GryphonEx's rating: 1353 &rarr; <strong>1380</strong><br />(+27 for winning)
|l|☆the unforunator45
||Ladder isn't responding, score probably updated but might not have (Request timeout).
