|j|☆esqimo589
|j|☆regi ice regice
|t:|1666560745
|gametype|singles
|player|p1|esqimo589|n|1461
|player|p2|regi ice regice|marley|1624
|teamsize|p1|6
|teamsize|p2|6
|gen|8
|tier|[Gen 8] UU
|rated|
|rule|Sleep Clause Mod: Limit one foe put to sleep
|rule|Species Clause: Limit one of each Pokémon
|rule|OHKO Clause: OHKO moves are banned
|rule|Evasion Items Clause: Evasion items are banned
|rule|Evasion Moves Clause: Evasion moves are banned
|rule|Endless Battle Clause: Forcing endless battles is banned
|rule|HP Percentage Mod: HP is shown in percentages
|rule|Dynamax Clause: You cannot dynamax
|clearpoke
|poke|p1|Sirfetch’d, F|
|poke|p1|Sylveon, M|
|poke|p1|Nidoqueen, F|
|poke|p1|Tangrowth, F|
|poke|p1|Hydreigon, F|
|poke|p1|Salamence, M|
|poke|p2|Jirachi|
|poke|p2|Nihilego|
|poke|p2|Salamence, M|
|poke|p2|Hippowdon, M|
|poke|p2|Zarude|
|poke|p2|Crawdaunt, M|
|teampreview
|inactive|Battle timer is ON: inactive players will automatically lose when time's up. (requested by esqimo589)
|c|☆regi ice regice|yes
|c|☆esqimo589|oh
|c|☆esqimo589|come on
|c|☆regi ice regice|I love gatekeeping
|c|☆esqimo589|ok at least ur 1624 but whyyyyyyyyyy
|j| Exi_Dudi
|inactive|esqimo589 has 120 seconds left.
|inactive|regi ice regice has 120 seconds left.
|c|☆esqimo589|sadge
|c| Exi_Dudi|yay
|c| Exi_Dudi|i can see both of you ladder
|
|t:|1666560797
|start
|switch|p1a: tangrussy|Tangrowth, F|100/100
|switch|p2a: Zarude|Zarude|100/100
|turn|1
|c| Exi_Dudi|and i can see a crawdaunt win
|c| Exi_Dudi|amazing
|
|t:|1666560811
|move|p2a: Zarude|U-turn|p1a: tangrussy
|-supereffective|p1a: tangrussy
|-damage|p1a: tangrussy|71/100
|c|☆esqimo589|exi ur meant to be on my side what is this
|c| Exi_Dudi|okay
|c| Exi_Dudi|wait
|inactive|regi ice regice has 120 seconds left.
|
|t:|1666560846
|switch|p2a: Salamence|Salamence, M|100/100|[from]move: U-turn
|-ability|p2a: Salamence|Intimidate|boost
|-unboost|p1a: tangrussy|atk|1
|move|p1a: tangrussy|Knock Off|p2a: Salamence
|-damage|p2a: Salamence|89/100
|-enditem|p2a: Salamence|Heavy-Duty Boots|[from] move: Knock Off|[of] p1a: tangrussy
|
|upkeep
|turn|2
|inactive|regi ice regice has 120 seconds left.
|c|☆esqimo589|what
|
|t:|1666560857
|switch|p2a: Crawdaunt|Crawdaunt, M|100/100
|switch|p1a: trans rights|Sylveon, M|100/100
|
|upkeep
|turn|3
|inactive|regi ice regice has 120 seconds left.
|n| GO ESQI WOO|exidudi
|c| GO ESQI WOO|hello
|c|☆esqimo589|WOOOOOOOOOOOOOOOOOOO
|
|t:|1666560882
|move|p1a: trans rights|Protect|p1a: trans rights
|-singleturn|p1a: trans rights|Protect
|move|p2a: Crawdaunt|Crabhammer|p1a: trans rights
|-activate|p1a: trans rights|move: Protect
|
|upkeep
|turn|4
|
|t:|1666560901
|switch|p1a: whiteeyesbluedrag|Salamence, M|100/100
|-ability|p1a: whiteeyesbluedrag|Intimidate|boost
|-unboost|p2a: Crawdaunt|atk|1
|move|p2a: Crawdaunt|Crabhammer|p1a: whiteeyesbluedrag
|-resisted|p1a: whiteeyesbluedrag
|-damage|p1a: whiteeyesbluedrag|68/100
|
|upkeep
|turn|5
|inactive|regi ice regice has 120 seconds left.
|
|t:|1666560914
|switch|p1a: milf|Nidoqueen, F|100/100
|switch|p2a: Nihilego|Nihilego|100/100
|
|upkeep
|turn|6
|inactive|regi ice regice has 120 seconds left.
|j| amogusroxyrrrr
|
|t:|1666560937
|switch|p2a: Hippowdon|Hippowdon, M|100/100
|-weather|Sandstorm|[from] ability: Sand Stream|[of] p2a: Hippowdon
|move|p1a: milf|Stealth Rock|p2a: Hippowdon
|-sidestart|p2: regi ice regice|move: Stealth Rock
|
|-weather|Sandstorm|[upkeep]
|upkeep
|turn|7
|c| amogusroxyrrrr|where regice
|j| Queen of Bean ✿
|c| amogusroxyrrrr|no regive
|c| amogusroxyrrrr|no regice bad team
|c|☆esqimo589|no regice
|c| Queen of Bean ✿|no here
|
|t:|1666560959
|switch|p1a: dragon my balls|Hydreigon, F|100/100
|move|p2a: Hippowdon|Stealth Rock|p1a: dragon my balls
|-sidestart|p1: esqimo589|move: Stealth Rock
|
|-weather|Sandstorm|[upkeep]
|-damage|p1a: dragon my balls|94/100|[from] Sandstorm
|upkeep
|turn|8
|c|☆regi ice regice|who doesn't go duck
|c| GO ESQI WOO|duck tho
|c| Queen of Bean ✿|is this a friendly or ladder
|c|☆esqimo589|ladder sadge
|inactive|regi ice regice has 120 seconds left.
|c| amogusroxyrrrr|may jim have mercy on your soul
|n| ESQI IS DA BESTI|queenofbean
|
|t:|1666560977
|move|p1a: dragon my balls|Dark Pulse|p2a: Hippowdon
|-damage|p2a: Hippowdon|66/100
|move|p2a: Hippowdon|Toxic|p1a: dragon my balls
|-status|p1a: dragon my balls|tox
|
|-weather|Sandstorm|[upkeep]
|-damage|p1a: dragon my balls|88/100 tox|[from] Sandstorm
|-heal|p2a: Hippowdon|72/100|[from] item: Leftovers
|-damage|p1a: dragon my balls|82/100 tox|[from] psn
|upkeep
|turn|9
|inactive|regi ice regice has 120 seconds left.
|
|t:|1666560992
|switch|p1a: tangrussy|Tangrowth, F|100/100
|-damage|p1a: tangrussy|88/100|[from] Stealth Rock
|move|p2a: Hippowdon|Earthquake|p1a: tangrussy
|-resisted|p1a: tangrussy
|-damage|p1a: tangrussy|74/100
|
|-weather|Sandstorm|[upkeep]
|-damage|p1a: tangrussy|68/100|[from] Sandstorm
|-heal|p2a: Hippowdon|79/100|[from] item: Leftovers
|upkeep
|turn|10
|c| ESQI IS DA BESTI|go esqi
|inactive|regi ice regice has 120 seconds left.
|c|☆esqimo589|i genuinely dont have the tools to deal with hippo
|c|☆esqimo589|this sucks
|inactive|esqimo589 has 120 seconds left.
|
|t:|1666561008
|switch|p2a: Salamence|Salamence, M|89/100
|-damage|p2a: Salamence|64/100|[from] Stealth Rock
|-ability|p2a: Salamence|Intimidate|boost
|-unboost|p1a: tangrussy|atk|1
|move|p1a: tangrussy|Knock Off|p2a: Salamence
|-damage|p2a: Salamence|57/100
|
|-weather|none
|upkeep
|turn|11
|c| ESQI IS DA BESTI|fix team
|c| ESQI IS DA BESTI|make nidoqueen ice beam
|c| GO ESQI WOO|GO ESQI
|c| amogusroxyrrrr|you should add regice
|inactive|esqimo589 has 120 seconds left.
|c|☆esqimo589|oh true
|c|☆esqimo589|regicew
|c| amogusroxyrrrr|there you got a hippo check
|
|t:|1666561033
|switch|p1a: trans rights|Sylveon, M|100/100
|-damage|p1a: trans rights|88/100|[from] Stealth Rock
|move|p2a: Salamence|Roost|p2a: Salamence
|-heal|p2a: Salamence|100/100
|-singleturn|p2a: Salamence|move: Roost
|
|-heal|p1a: trans rights|94/100|[from] item: Leftovers
|upkeep
|turn|12
|inactive|regi ice regice has 120 seconds left.
|c|☆regi ice regice|Get rid of hydreigon for a good pokemon
|
|t:|1666561053
|switch|p2a: Jirachi|Jirachi|100/100
|-damage|p2a: Jirachi|94/100|[from] Stealth Rock
|move|p1a: trans rights|Wish|p1a: trans rights
|
|-heal|p2a: Jirachi|100/100|[from] item: Leftovers
|-heal|p1a: trans rights|99/100|[from] item: Leftovers
|upkeep
|turn|13
|c|☆esqimo589|so true
|
|t:|1666561064
|switch|p1a: whiteeyesbluedrag|Salamence, M|68/100
|-ability|p1a: whiteeyesbluedrag|Intimidate|boost
|-unboost|p2a: Jirachi|atk|1
|move|p2a: Jirachi|U-turn|p1a: whiteeyesbluedrag
|-resisted|p1a: whiteeyesbluedrag
|-damage|p1a: whiteeyesbluedrag|63/100
|
|t:|1666561073
|switch|p2a: Nihilego|Nihilego|100/100|[from]move: U-turn
|-damage|p2a: Nihilego|88/100|[from] Stealth Rock
|
|-heal|p1a: whiteeyesbluedrag|100/100|[from] move: Wish|[wisher] trans rights
|upkeep
|turn|14
|c| GO ESQI WOO|specs hydrei is god
|
|t:|1666561086
|switch|p1a: milf|Nidoqueen, F|100/100
|-damage|p1a: milf|95/100|[from] Stealth Rock
|move|p2a: Nihilego|Grass Knot|p1a: milf
|-damage|p1a: milf|68/100
|
|upkeep
|turn|15
|inactive|esqimo589 has 120 seconds left.
|inactive|regi ice regice has 120 seconds left.
|
|t:|1666561110
|switch|p2a: Zarude|Zarude|100/100
|-damage|p2a: Zarude|88/100|[from] Stealth Rock
|move|p1a: milf|Sludge Wave|p2a: Zarude
|-supereffective|p2a: Zarude
|-damage|p2a: Zarude|0 fnt
|faint|p2a: Zarude
|
|upkeep
|c|☆esqimo589|uh
|inactive|regi ice regice has 120 seconds left.
|c| ESQI IS DA BESTI|:o
|j| Sandymarowak
|
|t:|1666561117
|switch|p2a: Crawdaunt|Crawdaunt, M|100/100
|-damage|p2a: Crawdaunt|88/100|[from] Stealth Rock
|turn|16
|
|t:|1666561129
|switch|p1a: trans rights|Sylveon, M|99/100
|-damage|p1a: trans rights|88/100|[from] Stealth Rock
|move|p2a: Crawdaunt|Knock Off|p1a: trans rights
|-resisted|p1a: trans rights
|-damage|p1a: trans rights|33/100
|-enditem|p1a: trans rights|Leftovers|[from] move: Knock Off|[of] p2a: Crawdaunt
|
|upkeep
|turn|17
|c|☆esqimo589|huuuuuuuuuuu
|c| ESQI IS DA BESTI|oh god
|c| ESQI IS DA BESTI|mr craw
|c| amogusroxyrrrr|is that banded
|inactive|esqimo589 has 120 seconds left.
|c| ESQI IS DA BESTI|yes
|c|☆esqimo589|omg i calced wrong
|c|☆esqimo589|i left it on -1 to account for intimidate
|c|☆esqimo589|omg
|c| ESQI IS DA BESTI|oopsey daisies
|inactive|esqimo589 has 90 seconds left.
|c| ESQI IS DA BESTI|why did liz sack the zarude
|c| GO ESQI WOO|because liz is nice
|c|☆regi ice regice|What's my nidoqueen switch in
|c| ESQI IS DA BESTI|true
|c| ESQI IS DA BESTI|if you had jim
|inactive|esqimo589 has 60 seconds left.
|c| ESQI IS DA BESTI|then you have a nidqueen switching
|
|t:|1666561216
|switch|p1a: whiteeyesbluedrag|Salamence, M|100/100
|-ability|p1a: whiteeyesbluedrag|Intimidate|boost
|-unboost|p2a: Crawdaunt|atk|1
|move|p2a: Crawdaunt|Knock Off|p1a: whiteeyesbluedrag
|-damage|p1a: whiteeyesbluedrag|37/100
|-enditem|p1a: whiteeyesbluedrag|Heavy-Duty Boots|[from] move: Knock Off|[of] p2a: Crawdaunt
|
|upkeep
|turn|18
|c| GO ESQI WOO|his nidoqueen doesnt have evs
|c| GO ESQI WOO|so hippo
|c|☆esqimo589|this is racism
|
|t:|1666561224
|switch|p2a: Nihilego|Nihilego|88/100
|-damage|p2a: Nihilego|76/100|[from] Stealth Rock
|move|p1a: whiteeyesbluedrag|Roost|p1a: whiteeyesbluedrag
|-heal|p1a: whiteeyesbluedrag|87/100
|-singleturn|p1a: whiteeyesbluedrag|move: Roost
|
|upkeep
|turn|19
|inactive|esqimo589 has 60 seconds left.
|
|t:|1666561233
|switch|p1a: milf|Nidoqueen, F|68/100
|-damage|p1a: milf|62/100|[from] Stealth Rock
|move|p2a: Nihilego|Meteor Beam||[still]
|-prepare|p2a: Nihilego|Meteor Beam
|-boost|p2a: Nihilego|spa|1
|-enditem|p2a: Nihilego|Power Herb
|-anim|p2a: Nihilego|Meteor Beam|p1a: milf
|-resisted|p1a: milf
|-damage|p1a: milf|9/100
|
|upkeep
|turn|20
|c| ESQI IS DA BESTI|oh yeh
|c|☆esqimo589|AAAAAAAAAA
|c|☆esqimo589|WHAT
|inactive|esqimo589 has 60 seconds left.
|c|☆esqimo589|A
|c| ESQI IS DA BESTI|his nidoqueen is broken
|c|☆regi ice regice|gg
|c| ESQI IS DA BESTI|gg
|
|t:|1666561254
|switch|p1a: dragon my balls|Hydreigon, F|82/100 tox
|-damage|p1a: dragon my balls|70/100 tox|[from] Stealth Rock
|move|p2a: Nihilego|Grass Knot|p1a: dragon my balls
|-resisted|p1a: dragon my balls
|-damage|p1a: dragon my balls|40/100 tox
|
|-damage|p1a: dragon my balls|34/100 tox|[from] psn
|upkeep
|turn|21
|c| GO ESQI WOO|gg
|
|t:|1666561260
|move|p1a: dragon my balls|Draco Meteor|p2a: Nihilego
|-damage|p2a: Nihilego|31/100
|-unboost|p1a: dragon my balls|spa|2
|move|p2a: Nihilego|Sludge Wave|p1a: dragon my balls
|-damage|p1a: dragon my balls|0 fnt
|faint|p1a: dragon my balls
|-ability|p2a: Nihilego|Beast Boost|boost
|-boost|p2a: Nihilego|spe|1
|
|upkeep
|inactive|esqimo589 has 60 seconds left.
|
|t:|1666561266
|switch|p1a: the duck|Sirfetch’d, F|100/100
|-damage|p1a: the duck|94/100|[from] Stealth Rock
|turn|22
|
|t:|1666561270
|move|p1a: the duck|First Impression|p2a: Nihilego
|-resisted|p2a: Nihilego
|-damage|p2a: Nihilego|0 fnt
|faint|p2a: Nihilego
|
|upkeep
|c| ESQI IS DA BESTI|DUCK!
|c|☆esqimo589|the duck
|c|☆regi ice regice|how'd that kill
|c| ESQI IS DA BESTI|DUCK SAVED IT
|c|☆esqimo589|uhhh
|
|t:|1666561282
|switch|p2a: Jirachi|Jirachi|100/100
|-damage|p2a: Jirachi|94/100|[from] Stealth Rock
|turn|23
|c|☆esqimo589|power of duck
|c| amogusroxyrrrr|make it shiny
|c| GO ESQI WOO|didnt even need a crit
|c| amogusroxyrrrr|name it rubber ducky
|c| ESQI IS DA BESTI|i did /dt duck
|c| ESQI IS DA BESTI|nothing came up
|
|t:|1666561296
|move|p2a: Jirachi|Iron Head|p1a: the duck
|-damage|p1a: the duck|56/100
|move|p1a: the duck|Knock Off|p2a: Jirachi
|-supereffective|p2a: Jirachi
|-damage|p2a: Jirachi|34/100
|-enditem|p2a: Jirachi|Leftovers|[from] move: Knock Off|[of] p1a: the duck
|
|upkeep
|turn|24
|c| ESQI IS DA BESTI|smh
|c| GO ESQI WOO|btw that wasnt even a roll
|c|☆esqimo589|no crit
|j| Terrak lover
|c|☆esqimo589|!dt duck
|error|No Pokémon, item, move, ability or nature named 'duck' was found. (Check your spelling?)
|c| GO ESQI WOO|min roll no crit is 36
|c|☆esqimo589|sadge
|
|t:|1666561316
|switch|p1a: whiteeyesbluedrag|Salamence, M|87/100
|-damage|p1a: whiteeyesbluedrag|62/100|[from] Stealth Rock
|-ability|p1a: whiteeyesbluedrag|Intimidate|boost
|-unboost|p2a: Jirachi|atk|1
|move|p2a: Jirachi|Iron Head|p1a: whiteeyesbluedrag
|-crit|p1a: whiteeyesbluedrag
|-damage|p1a: whiteeyesbluedrag|23/100
|
|upkeep
|turn|25
|c| ESQI IS DA BESTI|wait esqi what item
|
|t:|1666561321
|move|p2a: Jirachi|Iron Head|p1a: whiteeyesbluedrag
|-crit|p1a: whiteeyesbluedrag
|-damage|p1a: whiteeyesbluedrag|0 fnt
|faint|p1a: whiteeyesbluedrag
|
|upkeep
|c|☆esqimo589|OW
|c| amogusroxyrrrr|leek
|c|☆esqimo589|WHAT
|c| ESQI IS DA BESTI|o
|
|t:|1666561329
|switch|p1a: the duck|Sirfetch’d, F|56/100
|-damage|p1a: the duck|50/100|[from] Stealth Rock
|turn|26
|
|t:|1666561347
|switch|p2a: Salamence|Salamence, M|100/100
|-damage|p2a: Salamence|76/100|[from] Stealth Rock
|-ability|p2a: Salamence|Intimidate|boost
|-fail|p1a: the duck|unboost|Attack|[from] ability: Scrappy|[of] p1a: the duck
|move|p1a: the duck|Knock Off|p2a: Salamence
|-damage|p2a: Salamence|54/100
|
|upkeep
|turn|27
|c|☆esqimo589|oh wait
|c|☆esqimo589|ur already knocked
|c|☆esqimo589|im so fucking dumb
|
|t:|1666561359
|switch|p1a: tangrussy|Tangrowth, F|100/100
|-damage|p1a: tangrussy|88/100|[from] Stealth Rock
|move|p2a: Salamence|Flamethrower|p1a: tangrussy
|-supereffective|p1a: tangrussy
|-damage|p1a: tangrussy|59/100
|
|upkeep
|turn|28
|
|t:|1666561364
|move|p2a: Salamence|Flamethrower|p1a: tangrussy
|-supereffective|p1a: tangrussy
|-damage|p1a: tangrussy|34/100
|move|p1a: tangrussy|Sludge Bomb|p2a: Salamence
|-damage|p2a: Salamence|31/100
|
|upkeep
|turn|29
|c| ESQI IS DA BESTI|go esqi woo is iik right?
|c| GO ESQI WOO|yes
|
|t:|1666561375
|switch|p1a: milf|Nidoqueen, F|9/100
|-damage|p1a: milf|3/100|[from] Stealth Rock
|move|p2a: Salamence|Flamethrower|p1a: milf
|-damage|p1a: milf|0 fnt
|faint|p1a: milf
|
|upkeep
|c| ESQI IS DA BESTI|put evs on nidoqueen
|c| GO ESQI WOO|yes
|c| ESQI IS DA BESTI|and give it ice beam
|
|t:|1666561394
|switch|p1a: trans rights|Sylveon, M|33/100
|-damage|p1a: trans rights|20/100|[from] Stealth Rock
|turn|30
|
|t:|1666561400
|switch|p2a: Jirachi|Jirachi|34/100
|-damage|p2a: Jirachi|28/100|[from] Stealth Rock
|move|p1a: trans rights|Protect||[still]
|-fail|p1a: trans rights
|
|upkeep
|turn|31
|c|☆esqimo589|shit im so dumb
|c|☆regi ice regice|yeah
|n| esqi win !|terraklover
|
|t:|1666561412
|move|p2a: Jirachi|Iron Head|p1a: trans rights
|-supereffective|p1a: trans rights
|-damage|p1a: trans rights|0 fnt
|faint|p1a: trans rights
|
|upkeep
|
|t:|1666561415
|switch|p1a: the duck|Sirfetch’d, F|50/100
|-damage|p1a: the duck|44/100|[from] Stealth Rock
|turn|32
|l| Sandymarowak
|
|t:|1666561419
|switch|p2a: Salamence|Salamence, M|31/100
|-damage|p2a: Salamence|7/100|[from] Stealth Rock
|-ability|p2a: Salamence|Intimidate|boost
|-fail|p1a: the duck|unboost|Attack|[from] ability: Scrappy|[of] p1a: the duck
|move|p1a: the duck|First Impression|p2a: Salamence
|-resisted|p2a: Salamence
|-crit|p2a: Salamence
|-damage|p2a: Salamence|0 fnt
|faint|p2a: Salamence
|
|upkeep
|c|☆esqimo589|pog
|c| ESQI IS DA BESTI|who is terrak lover?
|
|t:|1666561425
|switch|p2a: Jirachi|Jirachi|28/100
|-damage|p2a: Jirachi|22/100|[from] Stealth Rock
|turn|33
|c| GO ESQI WOO|okay
|c| GO ESQI WOO|so
|
|t:|1666561428
|switch|p1a: tangrussy|Tangrowth, F|67/100
|-damage|p1a: tangrussy|54/100|[from] Stealth Rock
|move|p2a: Jirachi|Iron Head|p1a: tangrussy
|-damage|p1a: tangrussy|34/100
|
|upkeep
|turn|34
|c| GO ESQI WOO|rip
|c| ESQI IS DA BESTI|DUCK!
|n| esqui perdemos|esqiwin
|
|t:|1666561435
|move|p2a: Jirachi|Iron Head|p1a: tangrussy
|-damage|p1a: tangrussy|14/100
|cant|p1a: tangrussy|flinch
|
|upkeep
|turn|35
|
|t:|1666561440
|move|p2a: Jirachi|Iron Head|p1a: tangrussy
|-damage|p1a: tangrussy|0 fnt
|faint|p1a: tangrussy
|
|upkeep
|
|t:|1666561442
|switch|p1a: the duck|Sirfetch’d, F|44/100
|-damage|p1a: the duck|38/100|[from] Stealth Rock
|turn|36
|c| GO ESQI WOO|terrak lover is vanilla
|c|☆esqimo589|yh i lose
|
|t:|1666561446
|move|p1a: the duck|First Impression|p2a: Jirachi
|-crit|p2a: Jirachi
|-damage|p2a: Jirachi|0 fnt
|faint|p2a: Jirachi
|
|upkeep
|c| ESQI IS DA BESTI|whodat
|
|t:|1666561449
|switch|p2a: Crawdaunt|Crawdaunt, M|88/100
|-damage|p2a: Crawdaunt|76/100|[from] Stealth Rock
|turn|37
|l| esqui perdemos
|c|☆esqimo589|die to jet
|
|t:|1666561452
|move|p2a: Crawdaunt|Aqua Jet|p1a: the duck
|-damage|p1a: the duck|0 fnt
|faint|p1a: the duck
|
|win|regi ice regice
|raw|esqimo589's rating: 1461 &rarr; <strong>1450</strong><br />(-11 for losing)
|raw|regi ice regice's rating: 1624 &rarr; <strong>1635</strong><br />(+11 for winning)
|j| Terrak lover
|c|☆esqimo589|CRINGE
|c|☆esqimo589|shouldve let me win
|c|☆esqimo589|who tf is esqui
|c|☆esqimo589|wtf
|c|☆regi ice regice|get gatekept
|c| ESQI IS DA BESTI|lol
|n|!esqimo589|esqimo589
|c| GO ESQI WOO|11 elo
|c|☆regi ice regice|That's a lot of elo
|c| ESQI IS DA BESTI|he got kategept by some 1300 sun player before
|n| Exi_Dudi|goesqiwoo
|c| Exi_Dudi|lol
||Ladder isn't responding, score probably updated but might not have (Request timeout).
