|j|☆A3720
|j|☆ieredeirt'a
|t:|1661628123
|gametype|singles
|player|p1|A3720|170|1491
|player|p2|ieredeirt'a|170|1345
|teamsize|p1|6
|teamsize|p2|6
|gen|8
|tier|[Gen 8] UU
|rated|
|rule|Sleep Clause Mod: Limit one foe put to sleep
|rule|Species Clause: Limit one of each Pokémon
|rule|OHKO Clause: OHKO moves are banned
|rule|Evasion Items Clause: Evasion items are banned
|rule|Evasion Moves Clause: Evasion moves are banned
|rule|Endless Battle Clause: Forcing endless battles is banned
|rule|HP Percentage Mod: HP is shown in percentages
|rule|Dynamax Clause: You cannot dynamax
|clearpoke
|poke|p1|Excadrill, F|
|poke|p1|Gigalith, F|
|poke|p1|Metagross|
|poke|p1|Indeedee, M|
|poke|p1|Noivern, M|
|poke|p1|Amoonguss, M|
|poke|p2|Mamoswine, F|
|poke|p2|Moltres|
|poke|p2|Skarmory, M|
|poke|p2|Chansey, F|
|poke|p2|Conkeldurr, F|
|poke|p2|Keldeo-Resolute|
|teampreview
|j| laughnowtrylater
|inactive|Battle timer is ON: inactive players will automatically lose when time's up. (requested by ieredeirt'a)
|
|t:|1661628151
|start
|switch|p1a: Metagross|Metagross|100/100
|switch|p2a: Mamoswine|Mamoswine, F|100/100
|turn|1
|
|t:|1661628167
|move|p2a: Mamoswine|Earthquake|p1a: Metagross
|-supereffective|p1a: Metagross
|-enditem|p1a: Metagross|Focus Sash
|-damage|p1a: Metagross|1/100
|move|p1a: Metagross|Stealth Rock|p2a: Mamoswine
|-sidestart|p2: ieredeirt'a|move: Stealth Rock
|
|upkeep
|turn|2
|
|t:|1661628180
|switch|p1a: Gigalith|Gigalith, F|100/100
|-weather|Sandstorm|[from] ability: Sand Stream|[of] p1a: Gigalith
|move|p2a: Mamoswine|Ice Shard|p1a: Gigalith
|-damage|p1a: Gigalith|84/100
|
|-weather|Sandstorm|[upkeep]
|upkeep
|turn|3
|
|t:|1661628187
|switch|p1a: Metagross|Metagross|1/100
|move|p2a: Mamoswine|Earthquake|p1a: Metagross
|-supereffective|p1a: Metagross
|-damage|p1a: Metagross|0 fnt
|faint|p1a: Metagross
|
|-weather|Sandstorm|[upkeep]
|upkeep
|
|t:|1661628209
|switch|p1a: Indeedee|Indeedee, M|100/100
|-fieldstart|move: Psychic Terrain|[from] ability: Psychic Surge|[of] p1a: Indeedee
|turn|4
|
|t:|1661628214
|move|p1a: Indeedee|Trick|p2a: Mamoswine
|-activate|p1a: Indeedee|move: Trick|[of] p2a: Mamoswine
|-item|p2a: Mamoswine|Choice Specs|[from] move: Trick
|-item|p1a: Indeedee|Focus Sash|[from] move: Trick
|move|p2a: Mamoswine|Endeavor|p1a: Indeedee
|-immune|p1a: Indeedee
|
|-weather|Sandstorm|[upkeep]
|-damage|p1a: Indeedee|94/100|[from] Sandstorm
|upkeep
|turn|5
|
|t:|1661628229
|switch|p2a: Chansey|Chansey, F|100/100
|-damage|p2a: Chansey|88/100|[from] Stealth Rock
|move|p1a: Indeedee|Trick|p2a: Chansey
|-activate|p1a: Indeedee|move: Trick|[of] p2a: Chansey
|-item|p2a: Chansey|Focus Sash|[from] move: Trick
|-item|p1a: Indeedee|Eviolite|[from] move: Trick
|
|-weather|Sandstorm|[upkeep]
|-damage|p1a: Indeedee|88/100|[from] Sandstorm
|-damage|p2a: Chansey|82/100|[from] Sandstorm
|upkeep
|turn|6
|
|t:|1661628240
|move|p1a: Indeedee|Expanding Force|p2a: Chansey
|-damage|p2a: Chansey|58/100
|move|p2a: Chansey|Thunder Wave|p1a: Indeedee
|-status|p1a: Indeedee|par
|
|-weather|Sandstorm|[upkeep]
|-damage|p1a: Indeedee|82/100 par|[from] Sandstorm
|-damage|p2a: Chansey|51/100|[from] Sandstorm
|upkeep
|turn|7
|c| laughnowtrylater|lmao
|
|t:|1661628253
|switch|p1a: Excadrill|Excadrill, F|100/100
|move|p2a: Chansey|Soft-Boiled|p2a: Chansey
|-heal|p2a: Chansey|100/100
|
|-weather|Sandstorm|[upkeep]
|-damage|p2a: Chansey|94/100|[from] Sandstorm
|upkeep
|turn|8
|
|t:|1661628261
|switch|p2a: Skarmory|Skarmory, M|100/100
|-damage|p2a: Skarmory|88/100|[from] Stealth Rock
|move|p1a: Excadrill|Iron Head|p2a: Skarmory
|-resisted|p2a: Skarmory
|-damage|p2a: Skarmory|66/100
|-damage|p1a: Excadrill|84/100|[from] item: Rocky Helmet|[of] p2a: Skarmory
|
|-weather|Sandstorm|[upkeep]
|-fieldend|move: Psychic Terrain
|upkeep
|turn|9
|
|t:|1661628271
|switch|p1a: Noivern|Noivern, M|100/100
|move|p2a: Skarmory|Defog|p1a: Noivern
|-unboost|p1a: Noivern|evasion|1
|-sideend|p2: ieredeirt'a|Stealth Rock|[from] move: Defog|[of] p2a: Skarmory
|
|-weather|none
|upkeep
|turn|10
|
|t:|1661628277
|switch|p2a: Chansey|Chansey, F|94/100
|move|p1a: Noivern|U-turn|p2a: Chansey
|-damage|p2a: Chansey|70/100
|
|t:|1661628279
|switch|p1a: Gigalith|Gigalith, F|84/100|[from]move: U-turn
|-weather|Sandstorm|[from] ability: Sand Stream|[of] p1a: Gigalith
|
|-weather|Sandstorm|[upkeep]
|-damage|p2a: Chansey|63/100|[from] Sandstorm
|upkeep
|turn|11
|
|t:|1661628287
|switch|p2a: Moltres|Moltres|100/100
|move|p1a: Gigalith|Gravity|p1a: Gigalith
|-fieldstart|move: Gravity
|
|-weather|Sandstorm|[upkeep]
|-damage|p2a: Moltres|94/100|[from] Sandstorm
|upkeep
|turn|12
|
|t:|1661628297
|switch|p2a: Skarmory|Skarmory, M|66/100
|switch|p1a: Excadrill|Excadrill, F|84/100
|
|-weather|Sandstorm|[upkeep]
|upkeep
|turn|13
|
|t:|1661628305
|move|p1a: Excadrill|Earthquake|p2a: Skarmory
|-supereffective|p2a: Skarmory
|-damage|p2a: Skarmory|0 fnt
|faint|p2a: Skarmory
|
|-weather|Sandstorm|[upkeep]
|upkeep
|
|t:|1661628313
|switch|p2a: Mamoswine|Mamoswine, F|100/100
|turn|14
|c|☆ieredeirt'a|nice move
|
|t:|1661628335
|move|p1a: Excadrill|Earthquake|p2a: Mamoswine
|-damage|p2a: Mamoswine|0 fnt
|faint|p2a: Mamoswine
|
|-weather|Sandstorm|[upkeep]
|upkeep
|
|t:|1661628344
|switch|p2a: Conkeldurr|Conkeldurr, F|100/100
|turn|15
|
|t:|1661628348
|switch|p1a: Indeedee|Indeedee, M|82/100 par
|-fieldstart|move: Psychic Terrain|[from] ability: Psychic Surge|[of] p1a: Indeedee
|move|p2a: Conkeldurr|Drain Punch|p1a: Indeedee
|-damage|p1a: Indeedee|0 fnt
|faint|p1a: Indeedee
|
|-weather|Sandstorm|[upkeep]
|-damage|p2a: Conkeldurr|94/100|[from] Sandstorm
|-fieldend|move: Gravity
|-status|p2a: Conkeldurr|brn|[from] item: Flame Orb
|upkeep
|
|t:|1661628368
|switch|p1a: Excadrill|Excadrill, F|84/100
|turn|16
|
|t:|1661628373
|move|p2a: Conkeldurr|Mach Punch|p1a: Excadrill
|-activate|p1a: Excadrill|move: Psychic Terrain
|move|p1a: Excadrill|Earthquake|p2a: Conkeldurr
|-crit|p2a: Conkeldurr
|-damage|p2a: Conkeldurr|0 fnt
|faint|p2a: Conkeldurr
|
|-weather|Sandstorm|[upkeep]
|upkeep
|
|t:|1661628383
|switch|p2a: Keldeo|Keldeo-Resolute|100/100
|turn|17
|
|t:|1661628399
|switch|p2a: Moltres|Moltres|94/100
|move|p1a: Excadrill|Earthquake|p2a: Moltres
|-immune|p2a: Moltres
|
|-weather|none
|upkeep
|turn|18
|
|t:|1661628410
|switch|p1a: Gigalith|Gigalith, F|84/100
|-weather|Sandstorm|[from] ability: Sand Stream|[of] p1a: Gigalith
|move|p2a: Moltres|Flamethrower|p1a: Gigalith
|-resisted|p1a: Gigalith
|-damage|p1a: Gigalith|72/100
|
|-weather|Sandstorm|[upkeep]
|-damage|p2a: Moltres|88/100|[from] Sandstorm
|upkeep
|turn|19
|
|t:|1661628423
|switch|p2a: Keldeo|Keldeo-Resolute|100/100
|move|p1a: Gigalith|Gravity|p1a: Gigalith
|-fieldstart|move: Gravity
|
|-weather|Sandstorm|[upkeep]
|-damage|p2a: Keldeo|94/100|[from] Sandstorm
|-fieldend|move: Psychic Terrain
|upkeep
|turn|20
|
|t:|1661628431
|move|p2a: Keldeo|Scald|p1a: Gigalith
|-supereffective|p1a: Gigalith
|-damage|p1a: Gigalith|14/100
|-status|p1a: Gigalith|brn
|move|p1a: Gigalith|Explosion|p2a: Keldeo
|-damage|p2a: Keldeo|48/100
|faint|p1a: Gigalith
|
|-weather|Sandstorm|[upkeep]
|-damage|p2a: Keldeo|42/100|[from] Sandstorm
|upkeep
|
|t:|1661628434
|switch|p1a: Excadrill|Excadrill, F|84/100
|turn|21
|c|☆A3720|gg
|c|☆ieredeirt'a|nice'
|
|t:|1661628464
|move|p1a: Excadrill|Earthquake|p2a: Keldeo
|-damage|p2a: Keldeo|0 fnt
|faint|p2a: Keldeo
|
|-weather|Sandstorm|[upkeep]
|upkeep
|c|☆ieredeirt'a|very smart
|inactive|ieredeirt'a has 120 seconds left.
|
|t:|1661628474
|switch|p2a: Moltres|Moltres|88/100
|turn|22
|
|t:|1661628477
|move|p1a: Excadrill|Earthquake|p2a: Moltres
|-supereffective|p2a: Moltres
|-damage|p2a: Moltres|0 fnt
|faint|p2a: Moltres
|
|-weather|Sandstorm|[upkeep]
|upkeep
|
|t:|1661628482
|switch|p2a: Chansey|Chansey, F|63/100
|turn|23
|
|t:|1661628485
|move|p1a: Excadrill|Earthquake|p2a: Chansey
|-damage|p2a: Chansey|0 fnt
|faint|p2a: Chansey
|
|win|A3720
|raw|A3720's rating: 1491 &rarr; <strong>1503</strong><br />(+12 for winning)
|raw|ieredeirt&apos;a's rating: 1345 &rarr; <strong>1333</strong><br />(-12 for losing)
|c| laughnowtrylater|ieredeirt'a hes trash
|l|☆ieredeirt'a
||Ladder isn't responding, score probably updated but might not have (Request timeout).
