|inactive|Battle timer is ON: inactive players will automatically lose when time's up.
|j|☆KM
|j|☆LatinGoonie
|t:|1664218799
|gametype|singles
|player|p1|KM|#scl2foxes|
|player|p2|LatinGoonie|blue-gen1|
|teamsize|p1|6
|teamsize|p2|6
|gen|8
|tier|[Gen 8] UU
|rated|Tournament battle
|rule|Sleep Clause Mod: Limit one foe put to sleep
|rule|Species Clause: Limit one of each Pokémon
|rule|OHKO Clause: OHKO moves are banned
|rule|Evasion Items Clause: Evasion items are banned
|rule|Evasion Moves Clause: Evasion moves are banned
|rule|Endless Battle Clause: Forcing endless battles is banned
|rule|HP Percentage Mod: HP is shown in percentages
|rule|Dynamax Clause: You cannot dynamax
|rule|Blitz: Super-fast timer
|clearpoke
|poke|p1|Primarina, F|
|poke|p1|Heracross, M|
|poke|p1|Amoonguss, M|
|poke|p1|Hydreigon, M|
|poke|p1|Celesteela|
|poke|p1|Excadrill, F|
|poke|p2|Necrozma|
|poke|p2|Zoroark, F|
|poke|p2|Chandelure, F|
|poke|p2|Hydreigon, M|
|poke|p2|Cobalion|
|poke|p2|Crobat, M|
|teampreview
|j|%pokemonisfun
|j|%suloxiv
|j|+ASKOV
|
|t:|1664218808
|start
|switch|p1a: iwantyouback|Primarina, F|100/100
|switch|p2a: Chandelure|Chandelure, F|100/100
|turn|1
|c|%suloxiv|e
|
|t:|1664218811
|move|p2a: Chandelure|U-turn|p1a: iwantyouback
|-resisted|p1a: iwantyouback
|-damage|p1a: iwantyouback|91/100
|c|☆KM|yep
|c|☆KM|chandelure
|inactive|LatinGoonie has 10 seconds left.
|c|%suloxiv|LOL
|j| memes go brrr
|c|%pokemonisfun|when did chandelure get uturn
|
|t:|1664218819
|switch|p2a: Hydreigon|Hydreigon, M|100/100|[from]move: U-turn
|move|p1a: iwantyouback|Scald|p2a: Hydreigon
|-resisted|p2a: Hydreigon
|-damage|p2a: Hydreigon|75/100
|
|-heal|p1a: iwantyouback|97/100|[from] item: Leftovers
|upkeep
|turn|2
|
|t:|1664218822
|move|p2a: Hydreigon|U-turn|p1a: iwantyouback
|-resisted|p1a: iwantyouback
|-crit|p1a: iwantyouback
|-damage|p1a: iwantyouback|82/100
|c|+ASKOV|right
|inactive|LatinGoonie has 10 seconds left.
|j| scrimzn
|c|%pokemonisfun|when did hydreigon get uturn
|
|t:|1664218830
|switch|p2a: Crobat|Crobat, M|100/100|[from]move: U-turn
|move|p1a: iwantyouback|Moonblast|p2a: Crobat
|-resisted|p2a: Crobat
|-damage|p2a: Crobat|69/100
|
|-heal|p1a: iwantyouback|89/100|[from] item: Leftovers
|upkeep
|turn|3
|
|t:|1664218834
|move|p2a: Crobat|Brave Bird|p1a: iwantyouback
|-damage|p1a: iwantyouback|19/100
|-damage|p2a: Crobat|47/100|[from] Recoil
|move|p1a: iwantyouback|Ice Beam|p2a: Crobat
|-supereffective|p2a: Crobat
|-damage|p2a: Crobat|0 fnt
|faint|p2a: Crobat
|
|-heal|p1a: iwantyouback|25/100|[from] item: Leftovers
|upkeep
|c| memes go brrr|Yes.
|c|%pokemonisfun|when did crobat get uturn
|c|%pokemonisfun|wait
|inactive|LatinGoonie has 10 seconds left.
|c|%pokemonisfun|it didnt use it
|c|+ASKOV|gasp
|c|%suloxiv|pif...
|c|%pokemonisfun|fuck
|
|t:|1664218843
|switch|p2a: Cobalion|Cobalion|100/100
|turn|4
|c| memes go brrr|(real)
|
|t:|1664218847
|switch|p1a: finallyfalling|Amoonguss, M|100/100
|move|p2a: Cobalion|Iron Head|p1a: finallyfalling
|-damage|p1a: finallyfalling|69/100
|-enditem|p1a: finallyfalling|Eject Button
|-damage|p2a: Cobalion|91/100|[from] item: Life Orb
|
|t:|1664218848
|switch|p1a: giveitup|Heracross, M|100/100
|
|upkeep
|turn|5
|inactive|LatinGoonie has 10 seconds left.
|
|t:|1664218853
|switch|p2a: Chandelure|Chandelure, F|100/100
|move|p1a: giveitup|Close Combat|p2a: Chandelure
|-immune|p2a: Chandelure
|
|upkeep
|turn|6
|c|%pokemonisfun|okay but it would have been funny if he did use it
|inactive|LatinGoonie has 10 seconds left.
|
|t:|1664218860
|switch|p1a: makeitshine|Hydreigon, M|100/100
|move|p2a: Chandelure|Overheat|p1a: makeitshine
|-resisted|p1a: makeitshine
|-crit|p1a: makeitshine
|-damage|p1a: makeitshine|4/100
|-unboost|p2a: Chandelure|spa|2
|
|upkeep
|turn|7
|inactive|LatinGoonie has 10 seconds left.
|
|t:|1664218865
|switch|p2a: Hydreigon|Hydreigon, M|75/100
|move|p1a: makeitshine|Roost|p1a: makeitshine
|-heal|p1a: makeitshine|54/100
|-singleturn|p1a: makeitshine|move: Roost
|
|upkeep
|turn|8
|c|%suloxiv|ofc
|c|+ASKOV|when did zoroark learn overheat
|inactive|KM has 10 seconds left.
|inactive|LatinGoonie has 10 seconds left.
|c|%suloxiv|right
|c|%suloxiv|wait
|
|t:|1664218873
|move|p2a: Hydreigon|U-turn|p1a: makeitshine
|-supereffective|p1a: makeitshine
|-damage|p1a: makeitshine|20/100
|c|%pokemonisfun|shut up sulo
|
|t:|1664218878
|switch|p2a: Cobalion|Cobalion|91/100|[from]move: U-turn
|move|p1a: makeitshine|Roost|p1a: makeitshine
|-heal|p1a: makeitshine|70/100
|-singleturn|p1a: makeitshine|move: Roost
|
|upkeep
|turn|9
|c|%pokemonisfun|roost again
|c|%suloxiv|pif why did u
|inactive|KM has 10 seconds left.
|
|t:|1664218883
|switch|p1a: freakthefreakout|Celesteela|100/100
|move|p2a: Cobalion|Substitute|p2a: Cobalion
|-start|p2a: Cobalion|Substitute
|-damage|p2a: Cobalion|66/100
|
|upkeep
|turn|10
|c|%suloxiv|haha me
|c|%pokemonisfun|i won
|c| memes go brrr|haha
|inactive|LatinGoonie has 10 seconds left.
|c|+ASKOV|wrap
|
|t:|1664218891
|move|p2a: Cobalion|Swords Dance|p2a: Cobalion
|-boost|p2a: Cobalion|atk|2
|move|p1a: freakthefreakout|Flamethrower|p2a: Cobalion
|-supereffective|p2a: Cobalion
|-end|p2a: Cobalion|Substitute
|
|upkeep
|turn|11
|c|%suloxiv|wrap
|inactive|LatinGoonie has 10 seconds left.
|
|t:|1664218897
|switch|p2a: Chandelure|Chandelure, F|100/100
|move|p1a: freakthefreakout|Flamethrower|p2a: Chandelure
|-start|p2a: Chandelure|ability: Flash Fire
|
|upkeep
|turn|12
|
|t:|1664218899
|move|p1a: freakthefreakout|Protect|p1a: freakthefreakout
|-singleturn|p1a: freakthefreakout|Protect
|move|p2a: Chandelure|Overheat|p1a: freakthefreakout
|-activate|p1a: freakthefreakout|move: Protect
|
|upkeep
|turn|13
|c|%pokemonisfun|holy shit
|c|%pokemonisfun|the plays
|c|+ASKOV|km getting owned
|c|%suloxiv|yo
|inactive|LatinGoonie has 10 seconds left.
|
|t:|1664218906
|switch|p1a: iwantyouback|Primarina, F|25/100
|move|p2a: Chandelure|Overheat|p1a: iwantyouback
|-resisted|p1a: iwantyouback
|-damage|p1a: iwantyouback|0 fnt
|-unboost|p2a: Chandelure|spa|2
|faint|p1a: iwantyouback
|
|upkeep
|c|%suloxiv|km ownage
|inactive|KM has 10 seconds left.
|
|t:|1664218911
|switch|p1a: makeitshine|Hydreigon, M|70/100
|turn|14
|inactive|KM has 10 seconds left.
|inactive|LatinGoonie has 10 seconds left.
|c|%pokemonisfun|i bet this chandelure still ohkos amoong
|c|%pokemonisfun|at -2
|
|t:|1664218921
|-end|p2a: Chandelure|ability: Flash Fire|[silent]
|switch|p2a: Hydreigon|Hydreigon, M|75/100
|move|p1a: makeitshine|Flamethrower|p2a: Hydreigon
|-resisted|p2a: Hydreigon
|-damage|p2a: Hydreigon|57/100
|
|upkeep
|turn|15
|c|%suloxiv|why wouldnt it
|
|t:|1664218925
|move|p2a: Hydreigon|U-turn|p1a: makeitshine
|-supereffective|p1a: makeitshine
|-damage|p1a: makeitshine|37/100
|c|%pokemonisfun|because its -2
|inactive|LatinGoonie has 10 seconds left.
|c|%suloxiv|and
|
|t:|1664218934
|switch|p2a: Chandelure|Chandelure, F|100/100|[from]move: U-turn
|move|p1a: makeitshine|Roost|p1a: makeitshine
|-heal|p1a: makeitshine|87/100
|-singleturn|p1a: makeitshine|move: Roost
|
|upkeep
|turn|16
|c|%pokemonisfun|shut up sulo
|c|%suloxiv|its a 140 bp stab super effective move
|inactive|KM has 10 seconds left.
|c|%suloxiv|please learn how to play
|
|t:|1664218943
|move|p2a: Chandelure|U-turn|p1a: makeitshine
|-supereffective|p1a: makeitshine
|-damage|p1a: makeitshine|51/100
|
|t:|1664218945
|switch|p2a: Hydreigon|Hydreigon, M|57/100|[from]move: U-turn
|move|p1a: makeitshine|Dark Pulse|p2a: Hydreigon
|-resisted|p2a: Hydreigon
|-damage|p2a: Hydreigon|31/100
|
|upkeep
|turn|17
|c|%suloxiv|yup
|c|%pokemonisfun|overheat has 130 power
|c|%pokemonisfun|idiot
|
|t:|1664218949
|switch|p1a: freakthefreakout|Celesteela|100/100
|move|p2a: Hydreigon|U-turn|p1a: freakthefreakout
|-resisted|p1a: freakthefreakout
|-crit|p1a: freakthefreakout
|-damage|p1a: freakthefreakout|95/100
|c|%suloxiv|did i ask you
|c| memes go brrr|sulo i think thats how the game works
|c| memes go brrr|you play it
|inactive|LatinGoonie has 10 seconds left.
|inactive|LatinGoonie has 5 seconds left.
|
|t:|1664218961
|switch|p2a: Chandelure|Chandelure, F|100/100|[from]move: U-turn
|
|-heal|p1a: freakthefreakout|100/100|[from] item: Leftovers
|upkeep
|turn|18
|inactive|LatinGoonie has 10 seconds left this turn.
|
|t:|1664218963
|move|p1a: freakthefreakout|Protect|p1a: freakthefreakout
|-singleturn|p1a: freakthefreakout|Protect
|move|p2a: Chandelure|Overheat|p1a: freakthefreakout
|-activate|p1a: freakthefreakout|move: Protect
|
|upkeep
|turn|19
|
|t:|1664218965
|move|p2a: Chandelure|Overheat|p1a: freakthefreakout
|-supereffective|p1a: freakthefreakout
|-damage|p1a: freakthefreakout|0 fnt
|-unboost|p2a: Chandelure|spa|2
|faint|p1a: freakthefreakout
|
|upkeep
|
|t:|1664218970
|switch|p1a: makeitshine|Hydreigon, M|51/100
|turn|20
|c|%pokemonisfun|ban chandelure
|c|%pokemonisfun|af
|c|%pokemonisfun|rn
|
|t:|1664218975
|switch|p2a: Hydreigon|Hydreigon, M|100/100
|move|p1a: makeitshine|Dark Pulse|p2a: Hydreigon
|-resisted|p2a: Hydreigon
|-damage|p2a: Hydreigon|55/100
|replace|p2a: Zoroark|Zoroark, F
|-end|p2a: Zoroark|Illusion
|
|upkeep
|turn|21
|c|%suloxiv|GASP
|inactive|LatinGoonie has 10 seconds left.
|
|t:|1664218984
|move|p2a: Zoroark|U-turn|p1a: makeitshine
|-supereffective|p1a: makeitshine
|-damage|p1a: makeitshine|16/100
|
|t:|1664218987
|switch|p2a: Hydreigon|Hydreigon, M|31/100|[from]move: U-turn
|move|p1a: makeitshine|Roost|p1a: makeitshine
|-heal|p1a: makeitshine|66/100
|-singleturn|p1a: makeitshine|move: Roost
|
|upkeep
|turn|22
|c|%pokemonisfun|gasp isnt funny from you sulo
|inactive|LatinGoonie has 10 seconds left.
|c|%suloxiv|...
|c| memes go brrr|he never was funny
|
|t:|1664218995
|switch|p1a: urthereason|Excadrill, F|100/100
|-ability|p1a: urthereason|Mold Breaker
|move|p2a: Hydreigon|U-turn|p1a: urthereason
|-resisted|p1a: urthereason
|-damage|p1a: urthereason|88/100
|c| memes go brrr|whats the difference
|c|%suloxiv|................
|
|t:|1664218999
|switch|p2a: Hydreigon|Hydreigon, M|55/100|[from]move: U-turn
|
|-heal|p1a: urthereason|94/100|[from] item: Leftovers
|upkeep
|turn|23
|
|t:|1664219003
|move|p2a: Hydreigon|Flamethrower|p1a: urthereason
|-supereffective|p1a: urthereason
|-damage|p1a: urthereason|37/100
|move|p1a: urthereason|Stealth Rock|p2a: Hydreigon
|-sidestart|p2: LatinGoonie|move: Stealth Rock
|
|-heal|p1a: urthereason|43/100|[from] item: Leftovers
|upkeep
|turn|24
|c|+ASKOV|ate
|inactive|LatinGoonie has 10 seconds left.
|c|%pokemonisfun|is this a zoroark or a hydreigon
|
|t:|1664219010
|switch|p1a: makeitshine|Hydreigon, M|66/100
|move|p2a: Hydreigon|Flamethrower|p1a: makeitshine
|-resisted|p1a: makeitshine
|-crit|p1a: makeitshine
|-damage|p1a: makeitshine|43/100
|
|upkeep
|turn|25
|c|%pokemonisfun|i cant even tell
|
|t:|1664219015
|switch|p2a: Hydreigon|Hydreigon, M|31/100
|-damage|p2a: Hydreigon|19/100|[from] Stealth Rock
|move|p1a: makeitshine|Flamethrower|p2a: Hydreigon
|-resisted|p2a: Hydreigon
|-damage|p2a: Hydreigon|0 fnt
|faint|p2a: Hydreigon
|
|upkeep
|
|t:|1664219018
|switch|p2a: Chandelure|Chandelure, F|55/100
|-damage|p2a: Chandelure|42/100|[from] Stealth Rock
|turn|26
|inactive|LatinGoonie has 10 seconds left.
|
|t:|1664219024
|move|p2a: Chandelure|U-turn|p1a: makeitshine
|-supereffective|p1a: makeitshine
|-damage|p1a: makeitshine|12/100
|
|t:|1664219027
|switch|p2a: Cobalion|Cobalion|66/100|[from]move: U-turn
|-damage|p2a: Cobalion|63/100|[from] Stealth Rock
|move|p1a: makeitshine|Dark Pulse|p2a: Cobalion
|-resisted|p2a: Cobalion
|-damage|p2a: Cobalion|32/100
|-ability|p2a: Cobalion|Justified|boost
|-boost|p2a: Cobalion|atk|1
|
|upkeep
|turn|27
|c|%suloxiv|wrap
|
|t:|1664219032
|switch|p1a: urthereason|Excadrill, F|43/100
|-ability|p1a: urthereason|Mold Breaker
|move|p2a: Cobalion|Close Combat|p1a: urthereason
|-supereffective|p1a: urthereason
|-damage|p1a: urthereason|0 fnt
|-unboost|p2a: Cobalion|def|1
|-unboost|p2a: Cobalion|spd|1
|faint|p1a: urthereason
|-damage|p2a: Cobalion|22/100|[from] item: Life Orb
|
|upkeep
|
|t:|1664219034
|switch|p1a: giveitup|Heracross, M|100/100
|turn|28
|inactive|KM has 10 seconds left.
|inactive|LatinGoonie has 10 seconds left.
|inactive|LatinGoonie has 5 seconds left.
|
|t:|1664219048
|move|p1a: giveitup|Megahorn|p2a: Cobalion
|-resisted|p2a: Cobalion
|-damage|p2a: Cobalion|3/100
|move|p2a: Cobalion|Iron Head|p1a: giveitup
|-damage|p1a: giveitup|16/100
|-damage|p2a: Cobalion|0 fnt|[from] item: Life Orb
|faint|p2a: Cobalion
|
|upkeep
|inactive|LatinGoonie has 10 seconds left this turn.
|c|☆KM|a
|
|t:|1664219052
|switch|p2a: Chandelure|Chandelure, F|42/100
|-damage|p2a: Chandelure|30/100|[from] Stealth Rock
|turn|29
|c|%pokemonisfun|it lived
|c|%pokemonisfun|wtf
|c|%suloxiv|dude
|c|+ASKOV|umm
|inactive|KM has 10 seconds left.
|
|t:|1664219058
|switch|p1a: makeitshine|Hydreigon, M|12/100
|move|p2a: Chandelure|Night Daze|p1a: makeitshine
|-resisted|p1a: makeitshine
|-damage|p1a: makeitshine|0 fnt
|faint|p1a: makeitshine
|
|upkeep
|c| memes go brrr|heracross ho meta when
|
|t:|1664219060
|switch|p1a: giveitup|Heracross, M|16/100
|turn|30
|c|%suloxiv|its 2x resisted cmon pif
|
|t:|1664219065
|move|p2a: Chandelure|Night Daze|p1a: giveitup
|-resisted|p1a: giveitup
|-damage|p1a: giveitup|0 fnt
|faint|p1a: giveitup
|
|upkeep
|c|%pokemonisfun|waitkm..
|c|+ASKOV|night doze
|
|t:|1664219067
|switch|p1a: finallyfalling|Amoonguss, M|100/100
|turn|31
|
|t:|1664219069
|move|p2a: Chandelure|Night Daze|p1a: finallyfalling
|-damage|p1a: finallyfalling|60/100
|-unboost|p1a: finallyfalling|accuracy|1
|move|p1a: finallyfalling|Spore|p2a: Chandelure|[miss]
|-miss|p1a: finallyfalling|p2a: Chandelure
|
|upkeep
|turn|32
|c|%suloxiv|,
|c|%pokemonisfun|LOL
|c|☆KM|hm...
|c|+ASKOV|,
|-message|KM forfeited.
|
|win|LatinGoonie
|n|☆KM|km
|n|☆LatinGoonie|latingoonie
|n| pokemonisfun|pokemonisfun
|n| suloxiv|suloxiv
|n| ASKOV|askov
|n| memes go brrr|memesgobrrr
|n| scrimzn|scrimzn
