|j|☆TR23
|j|☆Valiant Hearts
|t:|1665973614
|gametype|singles
|player|p1|TR23|169|1394
|player|p2|Valiant Hearts|adaman|1567
|teamsize|p1|6
|teamsize|p2|6
|gen|8
|tier|[Gen 8] UU
|rated|
|rule|Sleep Clause Mod: Limit one foe put to sleep
|rule|Species Clause: Limit one of each Pokémon
|rule|OHKO Clause: OHKO moves are banned
|rule|Evasion Items Clause: Evasion items are banned
|rule|Evasion Moves Clause: Evasion moves are banned
|rule|Endless Battle Clause: Forcing endless battles is banned
|rule|HP Percentage Mod: HP is shown in percentages
|rule|Dynamax Clause: You cannot dynamax
|clearpoke
|poke|p1|Celesteela|
|poke|p1|Crawdaunt, M|
|poke|p1|Darmanitan, F|
|poke|p1|Excadrill, M|
|poke|p1|Polteageist|
|poke|p1|Thundurus-Therian, M|
|poke|p2|Salamence, F|
|poke|p2|Hippowdon, F|
|poke|p2|Slowking, M|
|poke|p2|Zarude-Dada|
|poke|p2|Toxtricity, M|
|poke|p2|Cobalion|
|teampreview
|
|t:|1665973624
|start
|switch|p1a: Excadrill|Excadrill, M|100/100
|switch|p2a: Slowking|Slowking, M|100/100
|-ability|p1a: Excadrill|Mold Breaker
|turn|1
|
|t:|1665973636
|move|p1a: Excadrill|Stealth Rock|p2a: Slowking
|-sidestart|p2: Valiant Hearts|move: Stealth Rock
|move|p2a: Slowking|Scald|p1a: Excadrill
|-supereffective|p1a: Excadrill
|-damage|p1a: Excadrill|30/100
|-status|p1a: Excadrill|brn
|
|-damage|p1a: Excadrill|24/100 brn|[from] brn
|upkeep
|turn|2
|
|t:|1665973641
|move|p1a: Excadrill|Rock Tomb|p2a: Slowking
|-damage|p2a: Slowking|93/100
|-unboost|p2a: Slowking|spe|1
|move|p2a: Slowking|Future Sight|p1a: Excadrill
|-start|p2a: Slowking|move: Future Sight
|
|-damage|p1a: Excadrill|18/100 brn|[from] brn
|upkeep
|turn|3
|
|t:|1665973645
|move|p1a: Excadrill|Rock Tomb|p2a: Slowking
|-damage|p2a: Slowking|84/100
|-unboost|p2a: Slowking|spe|1
|move|p2a: Slowking|Teleport|p2a: Slowking
|
|t:|1665973649
|switch|p2a: Cobalion|Cobalion|100/100|[from]move: Teleport
|-damage|p2a: Cobalion|97/100|[from] Stealth Rock
|
|-damage|p1a: Excadrill|12/100 brn|[from] brn
|upkeep
|turn|4
|
|t:|1665973653
|move|p2a: Cobalion|Iron Head|p1a: Excadrill
|-resisted|p1a: Excadrill
|-damage|p1a: Excadrill|0 fnt
|faint|p1a: Excadrill
|
|-hint|Future Sight did not hit because the target is fainted.
|upkeep
|
|t:|1665973663
|switch|p1a: Thundurus|Thundurus-Therian, M|100/100
|turn|5
|
|t:|1665973676
|switch|p2a: Hippowdon|Hippowdon, F|100/100
|-damage|p2a: Hippowdon|94/100|[from] Stealth Rock
|-weather|Sandstorm|[from] ability: Sand Stream|[of] p2a: Hippowdon
|move|p1a: Thundurus|Nasty Plot|p1a: Thundurus
|-boost|p1a: Thundurus|spa|2
|
|-weather|Sandstorm|[upkeep]
|-damage|p1a: Thundurus|94/100|[from] Sandstorm
|-heal|p2a: Hippowdon|100/100|[from] item: Leftovers
|upkeep
|turn|6
|
|t:|1665973680
|move|p1a: Thundurus|Focus Blast|p2a: Hippowdon
|-damage|p2a: Hippowdon|24/100
|move|p2a: Hippowdon|Stealth Rock|p1a: Thundurus
|-sidestart|p1: TR23|move: Stealth Rock
|
|-weather|Sandstorm|[upkeep]
|-damage|p1a: Thundurus|88/100|[from] Sandstorm
|-heal|p2a: Hippowdon|30/100|[from] item: Leftovers
|upkeep
|turn|7
|
|t:|1665973699
|move|p1a: Thundurus|Psychic|p2a: Hippowdon
|-damage|p2a: Hippowdon|0 fnt
|faint|p2a: Hippowdon
|
|-weather|Sandstorm|[upkeep]
|-damage|p1a: Thundurus|82/100|[from] Sandstorm
|upkeep
|
|t:|1665973704
|switch|p2a: Cobalion|Cobalion|97/100
|-damage|p2a: Cobalion|94/100|[from] Stealth Rock
|turn|8
|
|t:|1665973709
|move|p2a: Cobalion|Stone Edge|p1a: Thundurus
|-supereffective|p1a: Thundurus
|-crit|p1a: Thundurus
|-damage|p1a: Thundurus|0 fnt
|faint|p1a: Thundurus
|
|-weather|Sandstorm|[upkeep]
|upkeep
|
|t:|1665973737
|switch|p1a: Polteageist|Polteageist|100/100
|-damage|p1a: Polteageist|88/100|[from] Stealth Rock
|turn|9
|
|t:|1665973744
|switch|p2a: Zarude|Zarude-Dada|100/100
|move|p1a: Polteageist|Shell Smash|p1a: Polteageist
|-unboost|p1a: Polteageist|def|1
|-unboost|p1a: Polteageist|spd|1
|-boost|p1a: Polteageist|atk|2
|-boost|p1a: Polteageist|spa|2
|-boost|p1a: Polteageist|spe|2
|
|-weather|none
|upkeep
|turn|10
|
|t:|1665973753
|move|p1a: Polteageist|Giga Drain|p2a: Zarude
|-resisted|p2a: Zarude
|-damage|p2a: Zarude|72/100
|-heal|p1a: Polteageist|100/100|[from] drain|[of] p2a: Zarude
|move|p2a: Zarude|Darkest Lariat|p1a: Polteageist
|-supereffective|p1a: Polteageist
|-enditem|p1a: Polteageist|Focus Sash
|-damage|p1a: Polteageist|1/100
|-ability|p1a: Polteageist|Weak Armor|boost
|-unboost|p1a: Polteageist|def|1
|-boost|p1a: Polteageist|spe|2
|
|upkeep
|turn|11
|
|t:|1665973774
|move|p1a: Polteageist|Shadow Ball|p2a: Zarude
|-resisted|p2a: Zarude
|-damage|p2a: Zarude|26/100
|-unboost|p2a: Zarude|spd|1
|move|p2a: Zarude|U-turn|p1a: Polteageist
|-resisted|p1a: Polteageist
|-damage|p1a: Polteageist|0 fnt
|faint|p1a: Polteageist
|
|t:|1665973786
|switch|p2a: Toxtricity|Toxtricity, M|100/100|[from]move: U-turn
|-damage|p2a: Toxtricity|88/100|[from] Stealth Rock
|
|upkeep
|
|t:|1665973791
|switch|p1a: Darmanitan|Darmanitan, F|100/100
|-damage|p1a: Darmanitan|76/100|[from] Stealth Rock
|turn|12
|
|t:|1665973805
|switch|p2a: Zarude|Zarude-Dada|26/100
|move|p1a: Darmanitan|Flare Blitz|p2a: Zarude
|-supereffective|p2a: Zarude
|-damage|p2a: Zarude|0 fnt
|faint|p2a: Zarude
|-damage|p1a: Darmanitan|67/100|[from] Recoil
|
|upkeep
|
|t:|1665973814
|switch|p2a: Slowking|Slowking, M|100/100
|turn|13
|
|t:|1665973817
|move|p1a: Darmanitan|Flare Blitz|p2a: Slowking
|-resisted|p2a: Slowking
|-damage|p2a: Slowking|67/100
|-damage|p1a: Darmanitan|55/100|[from] Recoil
|move|p2a: Slowking|Teleport|p2a: Slowking
|
|t:|1665973820
|switch|p2a: Cobalion|Cobalion|94/100|[from]move: Teleport
|-damage|p2a: Cobalion|91/100|[from] Stealth Rock
|
|upkeep
|turn|14
|
|t:|1665973822
|move|p1a: Darmanitan|Flare Blitz|p2a: Cobalion
|-supereffective|p2a: Cobalion
|-damage|p2a: Cobalion|0 fnt
|-damage|p1a: Darmanitan|38/100|[from] item: Rocky Helmet|[of] p2a: Cobalion
|faint|p2a: Cobalion
|-damage|p1a: Darmanitan|10/100|[from] Recoil
|
|upkeep
|
|t:|1665973825
|switch|p2a: Slowking|Slowking, M|99/100
|turn|15
|
|t:|1665973837
|move|p1a: Darmanitan|Flare Blitz|p2a: Slowking
|-resisted|p2a: Slowking
|-damage|p2a: Slowking|68/100
|-damage|p1a: Darmanitan|0 fnt|[from] Recoil
|faint|p1a: Darmanitan
|move|p2a: Slowking|Slack Off|p2a: Slowking
|-heal|p2a: Slowking|100/100
|
|upkeep
|
|t:|1665973865
|switch|p1a: Celesteela|Celesteela|100/100
|-damage|p1a: Celesteela|88/100|[from] Stealth Rock
|turn|16
|
|t:|1665973870
|move|p1a: Celesteela|Autotomize|p1a: Celesteela
|-boost|p1a: Celesteela|spe|2
|-start|p1a: Celesteela|Autotomize
|move|p2a: Slowking|Scald|p1a: Celesteela
|-damage|p1a: Celesteela|61/100
|
|upkeep
|turn|17
|
|t:|1665973876
|move|p1a: Celesteela|Air Slash|p2a: Slowking
|-damage|p2a: Slowking|74/100
|move|p2a: Slowking|Scald|p1a: Celesteela
|-damage|p1a: Celesteela|32/100
|
|upkeep
|turn|18
|
|t:|1665973885
|move|p1a: Celesteela|Air Slash|p2a: Slowking
|-damage|p2a: Slowking|44/100
|move|p2a: Slowking|Scald|p1a: Celesteela
|-damage|p1a: Celesteela|3/100
|-status|p1a: Celesteela|brn
|
|-damage|p1a: Celesteela|0 fnt|[from] brn
|faint|p1a: Celesteela
|upkeep
|
|t:|1665973889
|switch|p1a: Crawdaunt|Crawdaunt, M|100/100
|-damage|p1a: Crawdaunt|88/100|[from] Stealth Rock
|turn|19
|
|t:|1665973891
|move|p1a: Crawdaunt|Swords Dance|p1a: Crawdaunt
|-boost|p1a: Crawdaunt|atk|2
|move|p2a: Slowking|Teleport|p2a: Slowking
|
|t:|1665973892
|switch|p2a: Salamence|Salamence, F|100/100|[from]move: Teleport
|-ability|p2a: Salamence|Intimidate|boost
|-unboost|p1a: Crawdaunt|atk|1
|
|upkeep
|turn|20
|
|t:|1665973896
|switch|p2a: Slowking|Slowking, M|77/100
|move|p1a: Crawdaunt|Knock Off|p2a: Slowking
|-supereffective|p2a: Slowking
|-damage|p2a: Slowking|0 fnt
|-enditem|p2a: Slowking|Heavy-Duty Boots|[from] move: Knock Off|[of] p1a: Crawdaunt
|faint|p2a: Slowking
|-damage|p1a: Crawdaunt|78/100|[from] item: Life Orb
|
|upkeep
|j| finissons en
|
|t:|1665973899
|switch|p2a: Salamence|Salamence, F|100/100
|-ability|p2a: Salamence|Intimidate|boost
|-unboost|p1a: Crawdaunt|atk|1
|turn|21
|
|t:|1665973901
|move|p2a: Salamence|Dual Wingbeat|p1a: Crawdaunt
|-damage|p1a: Crawdaunt|49/100
|-damage|p1a: Crawdaunt|20/100
|-hitcount|p1a: Crawdaunt|2
|move|p1a: Crawdaunt|Knock Off|p2a: Salamence
|-crit|p2a: Salamence
|-damage|p2a: Salamence|0 fnt
|-enditem|p2a: Salamence|Heavy-Duty Boots|[from] move: Knock Off|[of] p1a: Crawdaunt
|faint|p2a: Salamence
|-damage|p1a: Crawdaunt|10/100|[from] item: Life Orb
|
|upkeep
|
|t:|1665973904
|switch|p2a: Toxtricity|Toxtricity, M|88/100
|-damage|p2a: Toxtricity|76/100|[from] Stealth Rock
|turn|22
|
|t:|1665973907
|move|p1a: Crawdaunt|Aqua Jet|p2a: Toxtricity
|-damage|p2a: Toxtricity|11/100
|-damage|p1a: Crawdaunt|0 fnt|[from] item: Life Orb
|faint|p1a: Crawdaunt
|
|win|Valiant Hearts
|raw|TR23's rating: 1394 &rarr; <strong>1383</strong><br />(-11 for losing)
|raw|Valiant Hearts's rating: 1567 &rarr; <strong>1578</strong><br />(+11 for winning)
|c|☆TR23|gg
|l| finissons en
|l|☆TR23
|c|☆Valiant Hearts|Brainless
|l|☆Valiant Hearts
||Ladder isn't responding, score probably updated but might not have (Request timeout).
