|j|☆5 pia to the top
|j|☆Swagmoar
|t:|1659920386
|gametype|singles
|player|p1|5 pia to the top|#uutrio2ladder|1497
|player|p2|Swagmoar|ingo|1524
|teamsize|p1|5
|teamsize|p2|6
|gen|8
|tier|[Gen 8] UU
|rated|
|rule|Sleep Clause Mod: Limit one foe put to sleep
|rule|Species Clause: Limit one of each Pokémon
|rule|OHKO Clause: OHKO moves are banned
|rule|Evasion Items Clause: Evasion items are banned
|rule|Evasion Moves Clause: Evasion moves are banned
|rule|Endless Battle Clause: Forcing endless battles is banned
|rule|HP Percentage Mod: HP is shown in percentages
|rule|Dynamax Clause: You cannot dynamax
|clearpoke
|poke|p1|Salamence, F|
|poke|p1|Chansey, F|
|poke|p1|Umbreon, F|
|poke|p1|Quagsire, F|
|poke|p1|Tangrowth, F|
|poke|p2|Primarina, F|
|poke|p2|Salamence, F|
|poke|p2|Scizor, F|
|poke|p2|Conkeldurr, F|
|poke|p2|Azelf|
|poke|p2|Swampert, M|
|teampreview
|c|☆Swagmoar|Where is #6?
|c|☆5 pia to the top|its part of a stream/challenge
|c|☆5 pia to the top|to use 5 mons to the top
|
|t:|1659920417
|start
|switch|p1a: tang ur wang|Tangrowth, F|100/100
|switch|p2a: Swampert|Swampert, M|100/100
|turn|1
|
|t:|1659920428
|switch|p2a: Salamence|Salamence, F|100/100
|-ability|p2a: Salamence|Intimidate|boost
|-unboost|p1a: tang ur wang|atk|1
|move|p1a: tang ur wang|Knock Off|p2a: Salamence
|-damage|p2a: Salamence|81/100
|-enditem|p2a: Salamence|Heavy-Duty Boots|[from] move: Knock Off|[of] p1a: tang ur wang
|
|upkeep
|turn|2
|
|t:|1659920440
|switch|p1a: megan the eggin|Chansey, F|100/100
|move|p2a: Salamence|Flamethrower|p1a: megan the eggin
|-damage|p1a: megan the eggin|92/100
|
|upkeep
|turn|3
|
|t:|1659920453
|switch|p2a: Swampert|Swampert, M|100/100
|move|p1a: megan the eggin|Stealth Rock|p2a: Swampert
|-sidestart|p2: Swagmoar|move: Stealth Rock
|
|upkeep
|turn|4
|
|t:|1659920458
|move|p2a: Swampert|Stealth Rock|p1a: megan the eggin
|-sidestart|p1: 5 pia to the top|move: Stealth Rock
|move|p1a: megan the eggin|Toxic|p2a: Swampert
|-status|p2a: Swampert|tox
|
|-damage|p2a: Swampert|94/100 tox|[from] psn
|upkeep
|turn|5
|
|t:|1659920462
|move|p2a: Swampert|Earthquake|p1a: megan the eggin
|-damage|p1a: megan the eggin|62/100
|move|p1a: megan the eggin|Seismic Toss|p2a: Swampert
|-damage|p2a: Swampert|70/100 tox
|
|-heal|p2a: Swampert|76/100 tox|[from] item: Leftovers
|-damage|p2a: Swampert|63/100 tox|[from] psn
|upkeep
|turn|6
|
|t:|1659920467
|move|p2a: Swampert|Flip Turn|p1a: megan the eggin
|-damage|p1a: megan the eggin|41/100
|
|t:|1659920469
|switch|p2a: Scizor|Scizor, F|100/100|[from]move: Flip Turn
|-damage|p2a: Scizor|88/100|[from] Stealth Rock
|move|p1a: megan the eggin|Soft-Boiled|p1a: megan the eggin
|-heal|p1a: megan the eggin|91/100
|
|-heal|p2a: Scizor|94/100|[from] item: Leftovers
|upkeep
|turn|7
|
|t:|1659920481
|switch|p1a: poggy froggy|Quagsire, F|100/100
|-damage|p1a: poggy froggy|94/100|[from] Stealth Rock
|move|p2a: Scizor|Knock Off|p1a: poggy froggy
|-damage|p1a: poggy froggy|61/100
|-enditem|p1a: poggy froggy|Leftovers|[from] move: Knock Off|[of] p2a: Scizor
|
|-heal|p2a: Scizor|100/100|[from] item: Leftovers
|upkeep
|turn|8
|
|t:|1659920484
|move|p2a: Scizor|U-turn|p1a: poggy froggy
|-damage|p1a: poggy froggy|22/100
|
|t:|1659920488
|switch|p2a: Conkeldurr|Conkeldurr, F|100/100|[from]move: U-turn
|-damage|p2a: Conkeldurr|94/100|[from] Stealth Rock
|move|p1a: poggy froggy|Recover|p1a: poggy froggy
|-heal|p1a: poggy froggy|72/100
|
|-status|p2a: Conkeldurr|brn|[from] item: Flame Orb
|upkeep
|turn|9
|j|+Mengy ㋛
|
|t:|1659920491
|switch|p1a: scary airy|Salamence, F|100/100
|-ability|p1a: scary airy|Intimidate|boost
|-unboost|p2a: Conkeldurr|atk|1
|move|p2a: Conkeldurr|Close Combat|p1a: scary airy
|-resisted|p1a: scary airy
|-damage|p1a: scary airy|66/100
|-unboost|p2a: Conkeldurr|def|1
|-unboost|p2a: Conkeldurr|spd|1
|
|-damage|p2a: Conkeldurr|88/100 brn|[from] brn
|upkeep
|turn|10
|
|t:|1659920498
|switch|p2a: Primarina|Primarina, F|100/100
|-damage|p2a: Primarina|88/100|[from] Stealth Rock
|move|p1a: scary airy|Roost|p1a: scary airy
|-heal|p1a: scary airy|100/100
|-singleturn|p1a: scary airy|move: Roost
|
|-heal|p2a: Primarina|94/100|[from] item: Leftovers
|upkeep
|turn|11
|c|+Mengy ㋛|if you win this it's 15k for you pif
|
|t:|1659920504
|switch|p1a: tang ur wang|Tangrowth, F|100/100
|-damage|p1a: tang ur wang|88/100|[from] Stealth Rock
|move|p2a: Primarina|Moonblast|p1a: tang ur wang
|-damage|p1a: tang ur wang|62/100
|
|-heal|p2a: Primarina|99/100|[from] item: Leftovers
|upkeep
|turn|12
|
|t:|1659920509
|switch|p2a: Salamence|Salamence, F|81/100
|-damage|p2a: Salamence|56/100|[from] Stealth Rock
|-ability|p2a: Salamence|Intimidate|boost
|-unboost|p1a: tang ur wang|atk|1
|move|p1a: tang ur wang|Knock Off|p2a: Salamence
|-damage|p2a: Salamence|45/100
|
|upkeep
|turn|13
|
|t:|1659920512
|switch|p1a: megan the eggin|Chansey, F|91/100
|-damage|p1a: megan the eggin|79/100|[from] Stealth Rock
|move|p2a: Salamence|Roost|p2a: Salamence
|-heal|p2a: Salamence|95/100
|-singleturn|p2a: Salamence|move: Roost
|
|upkeep
|turn|14
|
|t:|1659920518
|switch|p2a: Swampert|Swampert, M|63/100 tox
|-damage|p2a: Swampert|57/100 tox|[from] Stealth Rock
|switch|p1a: umby wumby|Umbreon, F|100/100
|-damage|p1a: umby wumby|88/100|[from] Stealth Rock
|
|-heal|p1a: umby wumby|94/100|[from] item: Leftovers
|-heal|p2a: Swampert|63/100 tox|[from] item: Leftovers
|-damage|p2a: Swampert|57/100 tox|[from] psn
|upkeep
|turn|15
|
|t:|1659920521
|move|p1a: umby wumby|Protect|p1a: umby wumby
|-singleturn|p1a: umby wumby|Protect
|move|p2a: Swampert|Flip Turn|p1a: umby wumby
|-activate|p1a: umby wumby|move: Protect
|
|-heal|p1a: umby wumby|100/100|[from] item: Leftovers
|-heal|p2a: Swampert|63/100 tox|[from] item: Leftovers
|-damage|p2a: Swampert|51/100 tox|[from] psn
|upkeep
|turn|16
|
|t:|1659920524
|move|p1a: umby wumby|Wish|p1a: umby wumby
|move|p2a: Swampert|Flip Turn|p1a: umby wumby
|-damage|p1a: umby wumby|83/100
|
|t:|1659920531
|switch|p2a: Conkeldurr|Conkeldurr, F|88/100 brn|[from]move: Flip Turn
|-damage|p2a: Conkeldurr|82/100 brn|[from] Stealth Rock
|
|-heal|p1a: umby wumby|89/100|[from] item: Leftovers
|-damage|p2a: Conkeldurr|76/100 brn|[from] brn
|upkeep
|turn|17
|
|t:|1659920538
|switch|p1a: scary airy|Salamence, F|100/100
|-ability|p1a: scary airy|Intimidate|boost
|-unboost|p2a: Conkeldurr|atk|1
|move|p2a: Conkeldurr|Facade|p1a: scary airy
|-damage|p1a: scary airy|55/100
|
|-heal|p1a: scary airy|100/100|[from] move: Wish|[wisher] umby wumby
|-damage|p2a: Conkeldurr|70/100 brn|[from] brn
|upkeep
|turn|18
|c|☆Swagmoar|Gg
|-message|Swagmoar forfeited.
|
|win|5 pia to the top
|raw|5 pia to the top's rating: 1497 &rarr; <strong>1519</strong><br />(+22 for winning)
|raw|Swagmoar's rating: 1524 &rarr; <strong>1502</strong><br />(-22 for losing)
|c|☆5 pia to the top|gg
|l|☆Swagmoar
|c|+Mengy ㋛|gz
||Ladder isn't responding, score probably updated but might not have (Request timeout).
