|j|☆Bro★taro
|j|☆LilOu is back
|t:|1660102725
|gametype|singles
|player|p1|Bro★taro|ingo|1408
|player|p2|LilOu is back|lucas-gen4pt|1457
|teamsize|p1|6
|teamsize|p2|6
|gen|8
|tier|[Gen 8] UU
|rated|
|rule|Sleep Clause Mod: Limit one foe put to sleep
|rule|Species Clause: Limit one of each Pokémon
|rule|OHKO Clause: OHKO moves are banned
|rule|Evasion Items Clause: Evasion items are banned
|rule|Evasion Moves Clause: Evasion moves are banned
|rule|Endless Battle Clause: Forcing endless battles is banned
|rule|HP Percentage Mod: HP is shown in percentages
|rule|Dynamax Clause: You cannot dynamax
|clearpoke
|poke|p1|Goodra, F|
|poke|p1|Zygarde-10%|
|poke|p1|Gyarados, F|
|poke|p1|Salamence, F|
|poke|p1|Magneton|
|poke|p1|Mamoswine, F|
|poke|p2|Salamence, M|
|poke|p2|Celebi|
|poke|p2|Rotom-Wash|
|poke|p2|Primarina, F|
|poke|p2|Cobalion|
|poke|p2|Mamoswine, F|
|teampreview
|
|t:|1660102739
|start
|switch|p1a: Mamoswine|Mamoswine, F|100/100
|switch|p2a: i was ou omg|Salamence, M|100/100
|-ability|p2a: i was ou omg|Intimidate|boost
|-fail|p1a: Mamoswine|unboost|Attack|[from] ability: Oblivious|[of] p1a: Mamoswine
|turn|1
|
|t:|1660102751
|move|p2a: i was ou omg|Flamethrower|p1a: Mamoswine
|-supereffective|p1a: Mamoswine
|-damage|p1a: Mamoswine|16/100
|move|p1a: Mamoswine|Stealth Rock|p2a: i was ou omg
|-sidestart|p2: LilOu is back|move: Stealth Rock
|
|upkeep
|turn|2
|
|t:|1660102758
|switch|p2a: still uu|Cobalion|100/100
|-damage|p2a: still uu|97/100|[from] Stealth Rock
|move|p1a: Mamoswine|Ice Shard|p2a: still uu
|-resisted|p2a: still uu
|-damage|p2a: still uu|88/100
|
|upkeep
|turn|3
|
|t:|1660102769
|move|p2a: still uu|Close Combat|p1a: Mamoswine
|-supereffective|p1a: Mamoswine
|-damage|p1a: Mamoswine|0 fnt
|-unboost|p2a: still uu|def|1
|-unboost|p2a: still uu|spd|1
|faint|p1a: Mamoswine
|
|upkeep
|c|☆LilOu is back|change oblivious to thick fat
|c|☆LilOu is back|haha
|
|t:|1660102799
|switch|p1a: Gyarados|Gyarados, F|100/100
|turn|4
|c|☆Bro★taro|how bout no
|
|t:|1660102805
|move|p2a: still uu|Volt Switch|p1a: Gyarados
|-supereffective|p1a: Gyarados
|-damage|p1a: Gyarados|46/100
|c|☆LilOu is back|:[
|
|t:|1660102818
|switch|p2a: i was ou :o|Rotom-Wash|100/100|[from]move: Volt Switch
|-damage|p2a: i was ou :o|88/100|[from] Stealth Rock
|move|p1a: Gyarados|Dragon Dance|p1a: Gyarados
|-boost|p1a: Gyarados|atk|1
|-boost|p1a: Gyarados|spe|1
|
|-heal|p2a: i was ou :o|94/100|[from] item: Leftovers
|upkeep
|turn|5
|
|t:|1660102835
|switch|p2a: still uu|Cobalion|88/100
|-damage|p2a: still uu|85/100|[from] Stealth Rock
|move|p1a: Gyarados|Power Whip|p2a: still uu
|-resisted|p2a: still uu
|-damage|p2a: still uu|58/100
|-damage|p1a: Gyarados|30/100|[from] item: Rocky Helmet|[of] p2a: still uu
|
|upkeep
|turn|6
|
|t:|1660102851
|move|p1a: Gyarados|Waterfall|p2a: still uu
|-damage|p2a: still uu|2/100
|-damage|p1a: Gyarados|13/100|[from] item: Rocky Helmet|[of] p2a: still uu
|move|p2a: still uu|Volt Switch|p1a: Gyarados
|-supereffective|p1a: Gyarados
|-damage|p1a: Gyarados|0 fnt
|faint|p1a: Gyarados
|
|t:|1660102870
|switch|p2a: i was ou omg|Salamence, M|100/100|[from]move: Volt Switch
|
|upkeep
|
|t:|1660102879
|switch|p1a: Salamence|Salamence, F|100/100
|turn|7
|inactive|Battle timer is ON: inactive players will automatically lose when time's up. (requested by Bro★taro)
|
|t:|1660102898
|switch|p2a: uu just now|Primarina, F|100/100
|-damage|p2a: uu just now|88/100|[from] Stealth Rock
|move|p1a: Salamence|Dragon Claw|p2a: uu just now
|-immune|p2a: uu just now
|
|-heal|p2a: uu just now|94/100|[from] item: Leftovers
|upkeep
|turn|8
|
|t:|1660102909
|switch|p1a: Goodra|Goodra, F|100/100
|move|p2a: uu just now|Moonblast|p1a: Goodra
|-supereffective|p1a: Goodra
|-damage|p1a: Goodra|62/100
|
|-heal|p2a: uu just now|99/100|[from] item: Leftovers
|upkeep
|turn|9
|
|t:|1660102927
|move|p1a: Goodra|Sludge Wave|p2a: uu just now
|-supereffective|p2a: uu just now
|-damage|p2a: uu just now|59/100
|move|p2a: uu just now|Moonblast|p1a: Goodra
|-supereffective|p1a: Goodra
|-damage|p1a: Goodra|21/100
|
|-heal|p2a: uu just now|66/100|[from] item: Leftovers
|upkeep
|turn|10
|inactive|LilOu is back has 120 seconds left.
|
|t:|1660102970
|switch|p2a: still uu|Cobalion|2/100
|-damage|p2a: still uu|0 fnt|[from] Stealth Rock
|faint|p2a: still uu
|move|p1a: Goodra|Sludge Wave|p2: still uu|[notarget]
|-fail|p1a: Goodra
|
|upkeep
|
|t:|1660102979
|switch|p2a: i was ou omg|Salamence, M|100/100
|-ability|p2a: i was ou omg|Intimidate|boost
|-unboost|p1a: Goodra|atk|1
|turn|11
|
|t:|1660102984
|move|p2a: i was ou omg|Draco Meteor|p1a: Goodra
|-supereffective|p1a: Goodra
|-damage|p1a: Goodra|0 fnt
|-unboost|p2a: i was ou omg|spa|2
|faint|p1a: Goodra
|
|upkeep
|
|t:|1660102989
|switch|p1a: Zygarde|Zygarde-10%|100/100
|-ability|p1a: Zygarde|Aura Break
|turn|12
|
|t:|1660102997
|switch|p2a: i was ou?|Celebi|100/100
|-damage|p2a: i was ou?|88/100|[from] Stealth Rock
|move|p1a: Zygarde|Thousand Arrows|p2a: i was ou?
|-resisted|p2a: i was ou?
|-damage|p2a: i was ou?|58/100
|
|-heal|p2a: i was ou?|64/100|[from] item: Leftovers
|upkeep
|turn|13
|
|t:|1660103006
|switch|p1a: Salamence|Salamence, F|100/100
|move|p2a: i was ou?|Psychic|p1a: Salamence
|-damage|p1a: Salamence|50/100
|
|-heal|p2a: i was ou?|71/100|[from] item: Leftovers
|upkeep
|turn|14
|
|t:|1660103013
|move|p1a: Salamence|Dual Wingbeat|p2a: i was ou?
|-supereffective|p2a: i was ou?
|-damage|p2a: i was ou?|25/100
|-supereffective|p2a: i was ou?
|-damage|p2a: i was ou?|0 fnt
|faint|p2a: i was ou?
|-ability|p1a: Salamence|Moxie|boost
|-boost|p1a: Salamence|atk|1
|-hitcount|p2: i was ou?|2
|
|upkeep
|
|t:|1660103030
|switch|p2a: idk but still uu|Mamoswine, F|100/100
|-damage|p2a: idk but still uu|88/100|[from] Stealth Rock
|turn|15
|
|t:|1660103042
|move|p2a: idk but still uu|Ice Shard|p1a: Salamence
|-supereffective|p1a: Salamence
|-damage|p1a: Salamence|0 fnt
|faint|p1a: Salamence
|-damage|p2a: idk but still uu|78/100|[from] item: Life Orb
|
|upkeep
|
|t:|1660103044
|switch|p1a: Magneton|Magneton|100/100
|turn|16
|
|t:|1660103051
|switch|p2a: i was ou :o|Rotom-Wash|94/100
|-damage|p2a: i was ou :o|82/100|[from] Stealth Rock
|move|p1a: Magneton|Flash Cannon|p2a: i was ou :o
|-resisted|p2a: i was ou :o
|-damage|p2a: i was ou :o|72/100
|
|-heal|p2a: i was ou :o|78/100|[from] item: Leftovers
|upkeep
|turn|17
|
|t:|1660103060
|move|p2a: i was ou :o|Will-O-Wisp|p1a: Magneton|[miss]
|-miss|p2a: i was ou :o|p1a: Magneton
|move|p1a: Magneton|Thunderbolt|p2a: i was ou :o
|-damage|p2a: i was ou :o|35/100
|
|-heal|p2a: i was ou :o|41/100|[from] item: Leftovers
|upkeep
|turn|18
|
|t:|1660103067
|move|p2a: i was ou :o|Pain Split|p1a: Magneton
|-sethp|p1a: Magneton|75/100|[from] move: Pain Split|[silent]
|-sethp|p2a: i was ou :o|61/100|[from] move: Pain Split
|move|p1a: Magneton|Flash Cannon|p2a: i was ou :o
|-resisted|p2a: i was ou :o
|-damage|p2a: i was ou :o|52/100
|
|-heal|p2a: i was ou :o|58/100|[from] item: Leftovers
|upkeep
|turn|19
|inactive|LilOu is back has 120 seconds left.
|j| jiangyounan
|
|t:|1660103121
|move|p2a: i was ou :o|Hydro Pump|p1a: Magneton
|-damage|p1a: Magneton|23/100
|move|p1a: Magneton|Toxic|p2a: i was ou :o
|-status|p2a: i was ou :o|tox
|
|-heal|p2a: i was ou :o|65/100 tox|[from] item: Leftovers
|-damage|p2a: i was ou :o|58/100 tox|[from] psn
|upkeep
|turn|20
|l| jiangyounan
|-message|Bro★taro forfeited.
|
|win|LilOu is back
|raw|Bro★taro's rating: 1408 &rarr; <strong>1391</strong><br />(-17 for losing)
|raw|LilOu is back's rating: 1457 &rarr; <strong>1474</strong><br />(+17 for winning)
|l|☆Bro★taro
