|j|☆sgbfgbdfg
|j|☆Mikorhyze
|t:|1663528992
|gametype|singles
|player|p1|sgbfgbdfg|psychic-gen4|1419
|player|p2|Mikorhyze|grimsley|1329
|teamsize|p1|6
|teamsize|p2|6
|gen|8
|tier|[Gen 8] UU
|rated|
|rule|Sleep Clause Mod: Limit one foe put to sleep
|rule|Species Clause: Limit one of each Pokémon
|rule|OHKO Clause: OHKO moves are banned
|rule|Evasion Items Clause: Evasion items are banned
|rule|Evasion Moves Clause: Evasion moves are banned
|rule|Endless Battle Clause: Forcing endless battles is banned
|rule|HP Percentage Mod: HP is shown in percentages
|rule|Dynamax Clause: You cannot dynamax
|clearpoke
|poke|p1|Rotom-Wash|
|poke|p1|Jirachi|
|poke|p1|Chandelure, F|
|poke|p1|Primarina, M|
|poke|p1|Krookodile, M|
|poke|p1|Noivern, F|
|poke|p2|Primarina, F|
|poke|p2|Cobalion|
|poke|p2|Scizor, F|
|poke|p2|Darmanitan, F|
|poke|p2|Thundurus-Therian, M|
|poke|p2|Hydreigon, M|
|teampreview
|inactive|Battle timer is ON: inactive players will automatically lose when time's up. (requested by sgbfgbdfg)
|
|t:|1663529011
|start
|switch|p1a: Rotom|Rotom-Wash|100/100
|switch|p2a: Primarina|Primarina, F|100/100
|turn|1
|
|t:|1663529014
|switch|p2a: Thundurus|Thundurus-Therian, M|100/100
|move|p1a: Rotom|Volt Switch|p2a: Thundurus
|-immune|p2a: Thundurus|[from] ability: Volt Absorb
|
|upkeep
|turn|2
|
|t:|1663529020
|move|p2a: Thundurus|Grass Knot|p1a: Rotom
|-supereffective|p1a: Rotom
|-damage|p1a: Rotom|84/100
|move|p1a: Rotom|Hydro Pump|p2a: Thundurus
|-damage|p2a: Thundurus|43/100
|
|-heal|p1a: Rotom|90/100|[from] item: Leftovers
|upkeep
|turn|3
|
|t:|1663529023
|switch|p2a: Hydreigon|Hydreigon, M|100/100
|switch|p1a: Jirachi|Jirachi|100/100
|
|upkeep
|turn|4
|
|t:|1663529027
|move|p2a: Hydreigon|Dark Pulse|p1a: Jirachi
|-supereffective|p1a: Jirachi
|-damage|p1a: Jirachi|48/100
|move|p1a: Jirachi|U-turn|p2a: Hydreigon
|-supereffective|p2a: Hydreigon
|-damage|p2a: Hydreigon|65/100
|
|t:|1663529031
|switch|p1a: Primarina|Primarina, M|100/100|[from]move: U-turn
|
|-heal|p2a: Hydreigon|71/100|[from] item: Leftovers
|upkeep
|turn|5
|
|t:|1663529036
|switch|p2a: Cobalion|Cobalion|100/100
|move|p1a: Primarina|Substitute|p1a: Primarina
|-start|p1a: Primarina|Substitute
|-damage|p1a: Primarina|75/100
|
|-heal|p1a: Primarina|82/100|[from] item: Leftovers
|upkeep
|turn|6
|
|t:|1663529039
|move|p2a: Cobalion|Iron Head|p1a: Primarina
|-end|p1a: Primarina|Substitute
|move|p1a: Primarina|Hydro Pump|p2a: Cobalion
|-damage|p2a: Cobalion|31/100
|
|-heal|p2a: Cobalion|37/100|[from] item: Leftovers
|-heal|p1a: Primarina|88/100|[from] item: Leftovers
|upkeep
|turn|7
|
|t:|1663529042
|move|p2a: Cobalion|Volt Switch|p1a: Primarina
|-supereffective|p1a: Primarina
|-damage|p1a: Primarina|66/100
|
|t:|1663529044
|switch|p2a: Primarina|Primarina, F|100/100|[from]move: Volt Switch
|move|p1a: Primarina|Moonblast|p2a: Primarina
|-damage|p2a: Primarina|51/100
|
|-heal|p1a: Primarina|72/100|[from] item: Leftovers
|upkeep
|turn|8
|
|t:|1663529051
|switch|p1a: Jirachi|Jirachi|48/100
|move|p2a: Primarina|Energy Ball|p1a: Jirachi
|-resisted|p1a: Jirachi
|-damage|p1a: Jirachi|34/100
|
|-heal|p1a: Jirachi|40/100|[from] item: Leftovers
|upkeep
|turn|9
|
|t:|1663529055
|switch|p2a: Darmanitan|Darmanitan, F|100/100
|move|p1a: Jirachi|Stealth Rock|p2a: Darmanitan
|-sidestart|p2: Mikorhyze|move: Stealth Rock
|
|-heal|p1a: Jirachi|46/100|[from] item: Leftovers
|upkeep
|turn|10
|
|t:|1663529060
|switch|p1a: Rotom|Rotom-Wash|90/100
|move|p2a: Darmanitan|Earthquake|p1a: Rotom
|-immune|p1a: Rotom|[from] ability: Levitate
|
|-heal|p1a: Rotom|97/100|[from] item: Leftovers
|upkeep
|turn|11
|
|t:|1663529064
|switch|p2a: Thundurus|Thundurus-Therian, M|43/100
|-damage|p2a: Thundurus|18/100|[from] Stealth Rock
|move|p1a: Rotom|Hydro Pump|p2a: Thundurus
|-damage|p2a: Thundurus|0 fnt
|faint|p2a: Thundurus
|
|-heal|p1a: Rotom|100/100|[from] item: Leftovers
|upkeep
|
|t:|1663529066
|switch|p2a: Hydreigon|Hydreigon, M|71/100
|-damage|p2a: Hydreigon|59/100|[from] Stealth Rock
|turn|12
|
|t:|1663529072
|switch|p1a: Jirachi|Jirachi|46/100
|move|p2a: Hydreigon|Defog|p1a: Jirachi
|-unboost|p1a: Jirachi|evasion|1
|-sideend|p2: Mikorhyze|Stealth Rock|[from] move: Defog|[of] p2a: Hydreigon
|
|-heal|p2a: Hydreigon|65/100|[from] item: Leftovers
|-heal|p1a: Jirachi|52/100|[from] item: Leftovers
|upkeep
|turn|13
|
|t:|1663529077
|switch|p1a: Primarina|Primarina, M|72/100
|move|p2a: Hydreigon|Dark Pulse|p1a: Primarina
|-resisted|p1a: Primarina
|-damage|p1a: Primarina|55/100
|
|-heal|p2a: Hydreigon|71/100|[from] item: Leftovers
|-heal|p1a: Primarina|61/100|[from] item: Leftovers
|upkeep
|turn|14
|
|t:|1663529080
|move|p2a: Hydreigon|Roost|p2a: Hydreigon
|-heal|p2a: Hydreigon|100/100
|-singleturn|p2a: Hydreigon|move: Roost
|move|p1a: Primarina|Moonblast|p2a: Hydreigon
|-supereffective|p2a: Hydreigon
|-damage|p2a: Hydreigon|0 fnt
|faint|p2a: Hydreigon
|
|-heal|p1a: Primarina|67/100|[from] item: Leftovers
|upkeep
|
|t:|1663529083
|switch|p2a: Primarina|Primarina, F|51/100
|turn|15
|
|t:|1663529088
|switch|p1a: Jirachi|Jirachi|52/100
|move|p2a: Primarina|Hydro Pump|p1a: Jirachi
|-damage|p1a: Jirachi|0 fnt
|faint|p1a: Jirachi
|
|upkeep
|
|t:|1663529092
|switch|p1a: Rotom|Rotom-Wash|100/100
|turn|16
|
|t:|1663529095
|move|p2a: Primarina|Hydro Pump|p1a: Rotom
|-resisted|p1a: Rotom
|-damage|p1a: Rotom|50/100
|move|p1a: Rotom|Volt Switch|p2a: Primarina
|-supereffective|p2a: Primarina
|-damage|p2a: Primarina|5/100
|
|t:|1663529099
|switch|p1a: Krookodile|Krookodile, M|100/100|[from]move: Volt Switch
|-ability|p1a: Krookodile|Intimidate|boost
|-unboost|p2a: Primarina|atk|1
|
|upkeep
|turn|17
|
|t:|1663529102
|move|p1a: Krookodile|Earthquake|p2a: Primarina
|-damage|p2a: Primarina|0 fnt
|faint|p2a: Primarina
|
|upkeep
|
|t:|1663529106
|switch|p2a: Scizor|Scizor, F|100/100
|turn|18
|
|t:|1663529126
|move|p1a: Krookodile|Earthquake|p2a: Scizor
|-damage|p2a: Scizor|40/100
|move|p2a: Scizor|U-turn|p1a: Krookodile
|-supereffective|p1a: Krookodile
|-damage|p1a: Krookodile|8/100
|
|t:|1663529130
|switch|p2a: Darmanitan|Darmanitan, F|100/100|[from]move: U-turn
|
|upkeep
|turn|19
|
|t:|1663529133
|move|p1a: Krookodile|Earthquake|p2a: Darmanitan
|-supereffective|p2a: Darmanitan
|-damage|p2a: Darmanitan|0 fnt
|faint|p2a: Darmanitan
|
|upkeep
|
|t:|1663529139
|switch|p2a: Scizor|Scizor, F|40/100
|turn|20
|
|t:|1663529143
|switch|p1a: Rotom|Rotom-Wash|50/100
|move|p2a: Scizor|Bullet Punch|p1a: Rotom
|-resisted|p1a: Rotom
|-damage|p1a: Rotom|43/100
|
|-heal|p2a: Scizor|46/100|[from] item: Leftovers
|-heal|p1a: Rotom|49/100|[from] item: Leftovers
|upkeep
|turn|21
|
|t:|1663529146
|move|p2a: Scizor|U-turn|p1a: Rotom
|-damage|p1a: Rotom|18/100
|
|t:|1663529148
|switch|p2a: Cobalion|Cobalion|37/100|[from]move: U-turn
|move|p1a: Rotom|Volt Switch|p2a: Cobalion
|-damage|p2a: Cobalion|9/100
|
|t:|1663529151
|switch|p1a: Noivern|Noivern, F|100/100|[from]move: Volt Switch
|-item|p2a: Cobalion|Leftovers|[from] ability: Frisk|[of] p1a: Noivern|[identify]
|
|-heal|p2a: Cobalion|15/100|[from] item: Leftovers
|upkeep
|turn|22
|
|t:|1663529153
|move|p1a: Noivern|Flamethrower|p2a: Cobalion
|-supereffective|p2a: Cobalion
|-damage|p2a: Cobalion|0 fnt
|faint|p2a: Cobalion
|
|upkeep
|-message|Mikorhyze forfeited.
|
|win|sgbfgbdfg
|raw|sgbfgbdfg's rating: 1419 &rarr; <strong>1434</strong><br />(+15 for winning)
|raw|Mikorhyze's rating: 1329 &rarr; <strong>1314</strong><br />(-15 for losing)
|l|☆Mikorhyze
||Ladder isn't responding, score probably updated but might not have (Request timeout).
