|j|☆2 headed boy
|j|☆WeLoveTea
|t:|1604618430
|player|p1|2 headed boy|erika-gen2|1437
|player|p2|WeLoveTea|1|1393
|teamsize|p1|6
|teamsize|p2|6
|gametype|singles
|gen|8
|tier|[Gen 8] UU
|rated|
|clearpoke
|poke|p1|Hippowdon, F|
|poke|p1|Celesteela|
|poke|p1|Slowbro-Galar, M|
|poke|p1|Dracozolt|
|poke|p1|Hydreigon, F|
|poke|p1|Togekiss, M|
|poke|p2|Grimmsnarl, M|
|poke|p2|Blacephalon|
|poke|p2|Tapu Lele|
|poke|p2|Volcarona, F|
|poke|p2|Azumarill, F|
|poke|p2|Nihilego|
|rule|Sleep Clause Mod: Limit one foe put to sleep
|rule|Species Clause: Limit one of each Pokémon
|rule|OHKO Clause: OHKO moves are banned
|rule|Evasion Moves Clause: Evasion moves are banned
|rule|Endless Battle Clause: Forcing endless battles is banned
|rule|HP Percentage Mod: HP is shown in percentages
|rule|Dynamax Clause: You cannot dynamax
|teampreview
|
|t:|1604618440
|start
|switch|p1a: Slowbro|Slowbro-Galar, M|100/100
|switch|p2a: Blacephalon|Blacephalon|100/100
|turn|1
|
|t:|1604618444
|switch|p1a: Hydreigon|Hydreigon, F|100/100
|move|p2a: Blacephalon|Shadow Ball|p1a: Hydreigon
|-resisted|p1a: Hydreigon
|-damage|p1a: Hydreigon|69/100
|-unboost|p1a: Hydreigon|spd|1
|
|upkeep
|turn|2
|inactive|Battle timer is ON: inactive players will automatically lose when time's up. (requested by WeLoveTea)
|
|t:|1604618454
|switch|p2a: Grimmsnarl|Grimmsnarl, M|100/100
|move|p1a: Hydreigon|Nasty Plot|p1a: Hydreigon
|-boost|p1a: Hydreigon|spa|2
|
|upkeep
|turn|3
|
|t:|1604618458
|move|p2a: Grimmsnarl|Light Screen|p2a: Grimmsnarl
|-sidestart|p2: WeLoveTea|move: Light Screen
|move|p1a: Hydreigon|Flash Cannon|p2a: Grimmsnarl
|-supereffective|p2a: Grimmsnarl
|-crit|p2a: Grimmsnarl
|-damage|p2a: Grimmsnarl|0 fnt
|faint|p2a: Grimmsnarl
|
|upkeep
|
|t:|1604618474
|switch|p2a: Volcarona|Volcarona, F|100/100
|turn|4
|
|t:|1604618477
|switch|p1a: Togekiss|Togekiss, M|100/100
|move|p2a: Volcarona|Quiver Dance|p2a: Volcarona
|-boost|p2a: Volcarona|spa|1
|-boost|p2a: Volcarona|spd|1
|-boost|p2a: Volcarona|spe|1
|
|upkeep
|turn|5
|
|t:|1604618482
|move|p2a: Volcarona|Flamethrower|p1a: Togekiss
|-damage|p1a: Togekiss|56/100
|move|p1a: Togekiss|Thunder Wave|p2a: Volcarona
|-status|p2a: Volcarona|par
|
|upkeep
|turn|6
|
|t:|1604618488
|switch|p2a: Nihilego|Nihilego|100/100
|move|p1a: Togekiss|Roost|p1a: Togekiss
|-heal|p1a: Togekiss|100/100
|-singleturn|p1a: Togekiss|move: Roost
|
|upkeep
|turn|7
|
|t:|1604618494
|switch|p1a: Celesteela|Celesteela|100/100
|move|p2a: Nihilego|Meteor Beam||[still]
|-prepare|p2a: Nihilego|Meteor Beam
|-boost|p2a: Nihilego|spa|1
|-enditem|p2a: Nihilego|Power Herb
|-anim|p2a: Nihilego|Meteor Beam|p1a: Celesteela
|-damage|p1a: Celesteela|46/100
|
|-heal|p1a: Celesteela|52/100|[from] item: Leftovers
|upkeep
|turn|8
|
|t:|1604618501
|move|p2a: Nihilego|Thunderbolt|p1a: Celesteela
|-supereffective|p1a: Celesteela
|-damage|p1a: Celesteela|0 fnt
|faint|p1a: Celesteela
|-ability|p2a: Nihilego|Beast Boost|boost
|-boost|p2a: Nihilego|spe|1
|
|upkeep
|
|t:|1604618509
|switch|p1a: Hippowdon|Hippowdon, F|100/100
|-weather|Sandstorm|[from] ability: Sand Stream|[of] p1a: Hippowdon
|turn|9
|
|t:|1604618516
|switch|p2a: Azumarill|Azumarill, F|100/100
|switch|p1a: Dracozolt|Dracozolt|100/100
|
|-weather|Sandstorm|[upkeep]
|-damage|p2a: Azumarill|94/100|[from] Sandstorm
|upkeep
|turn|10
|
|t:|1604618530
|switch|p2a: Volcarona|Volcarona, F|100/100 par
|move|p1a: Dracozolt|Bolt Beak|p2a: Volcarona
|-damage|p2a: Volcarona|0 fnt
|-damage|p1a: Dracozolt|91/100|[from] item: Life Orb
|faint|p2a: Volcarona
|
|-weather|Sandstorm|[upkeep]
|-sideend|p2: WeLoveTea|move: Light Screen
|upkeep
|
|t:|1604618544
|switch|p2a: Tapu Lele|Tapu Lele|100/100
|-fieldstart|move: Psychic Terrain|[from] ability: Psychic Surge|[of] p2a: Tapu Lele
|turn|11
|
|t:|1604618549
|move|p1a: Dracozolt|Bolt Beak|p2a: Tapu Lele
|-damage|p2a: Tapu Lele|0 fnt
|-damage|p1a: Dracozolt|81/100|[from] item: Life Orb
|faint|p2a: Tapu Lele
|
|-weather|Sandstorm|[upkeep]
|upkeep
|-message|WeLoveTea forfeited.
|
|win|2 headed boy
|l|☆WeLoveTea
