|j|☆Corporate Donkey
|j|☆chu~ ° 69
|t:|1663018317
|gametype|singles
|player|p1|Corporate Donkey|ingo|1348
|player|p2|chu~ ° 69|unknown|1447
|teamsize|p1|6
|teamsize|p2|6
|gen|8
|tier|[Gen 8] UU
|rated|
|rule|Sleep Clause Mod: Limit one foe put to sleep
|rule|Species Clause: Limit one of each Pokémon
|rule|OHKO Clause: OHKO moves are banned
|rule|Evasion Items Clause: Evasion items are banned
|rule|Evasion Moves Clause: Evasion moves are banned
|rule|Endless Battle Clause: Forcing endless battles is banned
|rule|HP Percentage Mod: HP is shown in percentages
|rule|Dynamax Clause: You cannot dynamax
|clearpoke
|poke|p1|Cobalion|
|poke|p1|Rotom-Wash|
|poke|p1|Hydreigon, M|
|poke|p1|Golurk|
|poke|p1|Togekiss, F|
|poke|p1|Amoonguss, F|
|poke|p2|Indeedee-F, F|
|poke|p2|Polteageist|
|poke|p2|Nihilego|
|poke|p2|Salamence, F|
|poke|p2|Hydreigon, F|
|poke|p2|Registeel|
|teampreview
|inactive|Battle timer is ON: inactive players will automatically lose when time's up. (requested by chu~ ° 69)
|c|☆Corporate Donkey|gl hf
|
|t:|1663018329
|start
|switch|p1a: Hogwash|Rotom-Wash|100/100
|switch|p2a: Indeedee|Indeedee-F, F|100/100
|-fieldstart|move: Psychic Terrain|[from] ability: Psychic Surge|[of] p2a: Indeedee
|turn|1
|
|t:|1663018336
|move|p2a: Indeedee|Dazzling Gleam|p1a: Hogwash
|-damage|p1a: Hogwash|76/100
|move|p1a: Hogwash|Volt Switch|p2a: Indeedee
|-damage|p2a: Indeedee|70/100
|
|t:|1663018345
|switch|p1a: Amoonguss|Amoonguss, F|100/100|[from]move: Volt Switch
|
|upkeep
|turn|2
|
|t:|1663018349
|move|p2a: Indeedee|Expanding Force|p1a: Amoonguss
|-supereffective|p1a: Amoonguss
|-damage|p1a: Amoonguss|0 fnt
|faint|p1a: Amoonguss
|
|upkeep
|
|t:|1663018354
|switch|p1a: Ricardo|Hydreigon, M|100/100
|turn|3
|
|t:|1663018360
|switch|p2a: Hydreigon|Hydreigon, F|100/100
|move|p1a: Ricardo|U-turn|p2a: Hydreigon
|-supereffective|p2a: Hydreigon
|-damage|p2a: Hydreigon|62/100
|
|t:|1663018365
|switch|p1a: Colgate|Togekiss, F|100/100|[from]move: U-turn
|
|upkeep
|turn|4
|
|t:|1663018369
|move|p2a: Hydreigon|Flamethrower|p1a: Colgate
|-damage|p1a: Colgate|73/100
|-status|p1a: Colgate|brn
|move|p1a: Colgate|Nasty Plot|p1a: Colgate
|-boost|p1a: Colgate|spa|2
|
|-damage|p1a: Colgate|67/100 brn|[from] brn
|upkeep
|turn|5
|
|t:|1663018377
|move|p2a: Hydreigon|Flamethrower|p1a: Colgate
|-damage|p1a: Colgate|42/100 brn
|move|p1a: Colgate|Roost|p1a: Colgate
|-heal|p1a: Colgate|92/100 brn
|-singleturn|p1a: Colgate|move: Roost
|
|-damage|p1a: Colgate|86/100 brn|[from] brn
|upkeep
|turn|6
|
|t:|1663018382
|move|p2a: Hydreigon|Flamethrower|p1a: Colgate
|-damage|p1a: Colgate|62/100 brn
|move|p1a: Colgate|Heal Bell|p1a: Colgate
|-activate|p1a: Colgate|move: Heal Bell
|-curestatus|p1a: Colgate|brn|[msg]
|
|upkeep
|turn|7
|
|t:|1663018385
|move|p2a: Hydreigon|Flamethrower|p1a: Colgate
|-damage|p1a: Colgate|40/100
|move|p1a: Colgate|Roost|p1a: Colgate
|-heal|p1a: Colgate|90/100
|-singleturn|p1a: Colgate|move: Roost
|
|upkeep
|turn|8
|
|t:|1663018389
|move|p2a: Hydreigon|Flamethrower|p1a: Colgate
|-damage|p1a: Colgate|65/100
|move|p1a: Colgate|Nasty Plot|p1a: Colgate
|-boost|p1a: Colgate|spa|2
|
|-fieldend|move: Psychic Terrain
|upkeep
|turn|9
|
|t:|1663018393
|switch|p2a: Polteageist|Polteageist, shiny|100/100
|move|p1a: Colgate|Roost|p1a: Colgate
|-heal|p1a: Colgate|100/100
|-singleturn|p1a: Colgate|move: Roost
|
|upkeep
|turn|10
|
|t:|1663018398
|move|p1a: Colgate|Air Slash|p2a: Polteageist
|-damage|p2a: Polteageist|2/100
|cant|p2a: Polteageist|flinch
|
|upkeep
|turn|11
|
|t:|1663018402
|move|p1a: Colgate|Air Slash|p2a: Polteageist
|-damage|p2a: Polteageist|0 fnt
|faint|p2a: Polteageist
|
|upkeep
|
|t:|1663018406
|switch|p2a: Nihilego|Nihilego, shiny|100/100
|turn|12
|
|t:|1663018409
|switch|p1a: Alexander|Golurk|100/100
|move|p2a: Nihilego|Meteor Beam||[still]
|-prepare|p2a: Nihilego|Meteor Beam
|-boost|p2a: Nihilego|spa|1
|-enditem|p2a: Nihilego|Power Herb
|-anim|p2a: Nihilego|Meteor Beam|p1a: Alexander
|-resisted|p1a: Alexander
|-crit|p1a: Alexander
|-damage|p1a: Alexander|16/100
|
|upkeep
|turn|13
|
|t:|1663018413
|switch|p1a: Horacio|Cobalion|100/100
|move|p2a: Nihilego|Grass Knot|p1a: Horacio
|-resisted|p1a: Horacio
|-damage|p1a: Horacio|61/100
|-damage|p2a: Nihilego|84/100|[from] item: Rocky Helmet|[of] p1a: Horacio
|
|upkeep
|turn|14
|
|t:|1663018420
|move|p1a: Horacio|Close Combat|p2a: Nihilego
|-damage|p2a: Nihilego|5/100
|-unboost|p1a: Horacio|def|1
|-unboost|p1a: Horacio|spd|1
|move|p2a: Nihilego|Thunderbolt|p1a: Horacio
|-damage|p1a: Horacio|0 fnt
|faint|p1a: Horacio
|-ability|p2a: Nihilego|Beast Boost|boost
|-boost|p2a: Nihilego|spa|1
|
|upkeep
|
|t:|1663018426
|switch|p1a: Ricardo|Hydreigon, M|100/100
|turn|15
|
|t:|1663018429
|move|p1a: Ricardo|U-turn|p2a: Nihilego
|-resisted|p2a: Nihilego
|-damage|p2a: Nihilego|0 fnt
|faint|p2a: Nihilego
|
|t:|1663018431
|switch|p1a: Alexander|Golurk|16/100|[from]move: U-turn
|
|upkeep
|
|t:|1663018437
|switch|p2a: Salamence|Salamence, F|100/100
|turn|16
|
|t:|1663018441
|move|p2a: Salamence|Dragon Dance|p2a: Salamence
|-boost|p2a: Salamence|atk|1
|-boost|p2a: Salamence|spe|1
|move|p1a: Alexander|Ice Punch|p2a: Salamence
|-supereffective|p2a: Salamence
|-damage|p2a: Salamence|0 fnt
|faint|p2a: Salamence
|
|upkeep
|
|t:|1663018447
|switch|p2a: Indeedee|Indeedee-F, F|70/100
|-fieldstart|move: Psychic Terrain|[from] ability: Psychic Surge|[of] p2a: Indeedee
|turn|17
|
|t:|1663018451
|move|p2a: Indeedee|Dazzling Gleam|p1a: Alexander
|-damage|p1a: Alexander|0 fnt
|faint|p1a: Alexander
|
|upkeep
|
|t:|1663018453
|switch|p1a: Ricardo|Hydreigon, M|100/100
|turn|18
|
|t:|1663018458
|move|p1a: Ricardo|U-turn|p2a: Indeedee
|-supereffective|p2a: Indeedee
|-damage|p2a: Indeedee|19/100
|
|t:|1663018465
|switch|p1a: Hogwash|Rotom-Wash|76/100|[from]move: U-turn
|move|p2a: Indeedee|Expanding Force|p1a: Hogwash
|-damage|p1a: Hogwash|11/100
|
|-heal|p1a: Hogwash|17/100|[from] item: Leftovers
|upkeep
|turn|19
|
|t:|1663018470
|move|p2a: Indeedee|Expanding Force|p1a: Hogwash
|-damage|p1a: Hogwash|0 fnt
|faint|p1a: Hogwash
|
|upkeep
|
|t:|1663018472
|switch|p1a: Ricardo|Hydreigon, M|100/100
|turn|20
|
|t:|1663018475
|move|p1a: Ricardo|Dark Pulse|p2a: Indeedee
|-supereffective|p2a: Indeedee
|-damage|p2a: Indeedee|0 fnt
|faint|p2a: Indeedee
|
|upkeep
|
|t:|1663018482
|switch|p2a: ironic|Registeel|100/100
|turn|21
|
|t:|1663018486
|move|p1a: Ricardo|Dark Pulse|p2a: ironic
|-damage|p2a: ironic|80/100
|move|p2a: ironic|Iron Defense|p2a: ironic
|-boost|p2a: ironic|def|2
|
|-heal|p2a: ironic|86/100|[from] item: Leftovers
|upkeep
|turn|22
|
|t:|1663018489
|switch|p1a: Colgate|Togekiss, F|100/100
|move|p2a: ironic|Iron Defense|p2a: ironic
|-boost|p2a: ironic|def|2
|
|-heal|p2a: ironic|92/100|[from] item: Leftovers
|upkeep
|turn|23
|
|t:|1663018491
|move|p1a: Colgate|Nasty Plot|p1a: Colgate
|-boost|p1a: Colgate|spa|2
|move|p2a: ironic|Iron Defense|p2a: ironic
|-boost|p2a: ironic|def|2
|
|-heal|p2a: ironic|98/100|[from] item: Leftovers
|upkeep
|turn|24
|
|t:|1663018494
|move|p1a: Colgate|Air Slash|p2a: ironic
|-resisted|p2a: ironic
|-damage|p2a: ironic|82/100
|cant|p2a: ironic|flinch
|
|-heal|p2a: ironic|88/100|[from] item: Leftovers
|-fieldend|move: Psychic Terrain
|upkeep
|turn|25
|
|t:|1663018499
|move|p1a: Colgate|Nasty Plot|p1a: Colgate
|-boost|p1a: Colgate|spa|2
|move|p2a: ironic|Body Press|p1a: Colgate
|-resisted|p1a: Colgate
|-damage|p1a: Colgate|75/100
|
|-heal|p2a: ironic|94/100|[from] item: Leftovers
|upkeep
|turn|26
|
|t:|1663018501
|move|p1a: Colgate|Nasty Plot|p1a: Colgate
|-boost|p1a: Colgate|spa|2
|move|p2a: ironic|Body Press|p1a: Colgate
|-resisted|p1a: Colgate
|-damage|p1a: Colgate|48/100
|
|-heal|p2a: ironic|99/100|[from] item: Leftovers
|upkeep
|turn|27
|-message|chu~ ° 69 forfeited.
|
|win|Corporate Donkey
|raw|Corporate Donkey's rating: 1348 &rarr; <strong>1374</strong><br />(+26 for winning)
|raw|chu~ ° 69's rating: 1447 &rarr; <strong>1421</strong><br />(-26 for losing)
|l|☆chu~ ° 69
