|raw|<div class="broadcast-blue"><strong>This battle is required to be public due to a player having a name starting with 'UULT82n'.</div>
|j|☆use zygod
|j|☆UULT82n R418
|t:|1622046707
|gametype|singles
|player|p1|use zygod|265|1524
|player|p2|UULT82n R418|aromalady|1538
|teamsize|p1|6
|teamsize|p2|6
|gen|8
|tier|[Gen 8] UU
|rated|
|rule|Sleep Clause Mod: Limit one foe put to sleep
|rule|Species Clause: Limit one of each Pokémon
|rule|OHKO Clause: OHKO moves are banned
|rule|Evasion Moves Clause: Evasion moves are banned
|rule|Endless Battle Clause: Forcing endless battles is banned
|rule|HP Percentage Mod: HP is shown in percentages
|rule|Dynamax Clause: You cannot dynamax
|clearpoke
|poke|p1|Zygarde-10%|
|poke|p1|Scizor, M|
|poke|p1|Moltres|
|poke|p1|Mew|
|poke|p1|Kommo-o, M|
|poke|p1|Primarina, M|
|poke|p2|Reuniclus, M|
|poke|p2|Rotom-Wash|
|poke|p2|Buzzwole|
|poke|p2|Nihilego|
|poke|p2|Celesteela|
|poke|p2|Mamoswine, M|
|teampreview
|inactive|Battle timer is ON: inactive players will automatically lose when time's up. (requested by use zygod)
|
|t:|1622046719
|start
|switch|p1a: Zygarde|Zygarde-10%|100/100
|switch|p2a: Reuniclus|Reuniclus, M, shiny|100/100
|-ability|p1a: Zygarde|Aura Break
|turn|1
|
|t:|1622046729
|switch|p1a: Scizor|Scizor, M|100/100
|move|p2a: Reuniclus|Future Sight|p1a: Scizor
|-start|p2a: Reuniclus|move: Future Sight
|
|upkeep
|turn|2
|
|t:|1622046734
|switch|p2a: Celesteela|Celesteela|100/100
|move|p1a: Scizor|Knock Off|p2a: Celesteela
|-damage|p2a: Celesteela|69/100
|-enditem|p2a: Celesteela|Leftovers|[from] move: Knock Off|[of] p1a: Scizor
|
|upkeep
|turn|3
|
|t:|1622046742
|switch|p1a: Mew|Mew|100/100
|move|p2a: Celesteela|Leech Seed|p1a: Mew
|-start|p1a: Mew|move: Leech Seed
|
|-end|p1a: Mew|move: Future Sight
|-resisted|p1a: Mew
|-damage|p1a: Mew|76/100
|-heal|p1a: Mew|83/100|[from] item: Leftovers
|-damage|p1a: Mew|70/100|[from] Leech Seed|[of] p2a: Celesteela
|-heal|p2a: Celesteela|81/100|[silent]
|upkeep
|turn|4
|
|t:|1622046756
|move|p1a: Mew|Spikes|p2a: Celesteela
|-sidestart|p2: UULT82n R418|Spikes
|move|p2a: Celesteela|Heavy Slam|p1a: Mew
|-damage|p1a: Mew|32/100
|
|-heal|p1a: Mew|38/100|[from] item: Leftovers
|-damage|p1a: Mew|26/100|[from] Leech Seed|[of] p2a: Celesteela
|-heal|p2a: Celesteela|94/100|[silent]
|upkeep
|turn|5
|
|t:|1622046762
|move|p1a: Mew|Soft-Boiled|p1a: Mew
|-heal|p1a: Mew|76/100
|move|p2a: Celesteela|Heavy Slam|p1a: Mew
|-damage|p1a: Mew|41/100
|
|-heal|p1a: Mew|47/100|[from] item: Leftovers
|-damage|p1a: Mew|35/100|[from] Leech Seed|[of] p2a: Celesteela
|-heal|p2a: Celesteela|100/100|[silent]
|upkeep
|turn|6
|
|t:|1622046767
|move|p1a: Mew|Soft-Boiled|p1a: Mew
|-heal|p1a: Mew|85/100
|move|p2a: Celesteela|Heavy Slam|p1a: Mew
|-damage|p1a: Mew|50/100
|
|-heal|p1a: Mew|56/100|[from] item: Leftovers
|-damage|p1a: Mew|43/100|[from] Leech Seed|[of] p2a: Celesteela
|upkeep
|turn|7
|
|t:|1622046770
|move|p1a: Mew|Soft-Boiled|p1a: Mew
|-heal|p1a: Mew|93/100
|move|p2a: Celesteela|Heavy Slam|p1a: Mew
|-damage|p1a: Mew|59/100
|
|-heal|p1a: Mew|65/100|[from] item: Leftovers
|-damage|p1a: Mew|53/100|[from] Leech Seed|[of] p2a: Celesteela
|upkeep
|turn|8
|
|t:|1622046774
|move|p1a: Mew|Soft-Boiled|p1a: Mew
|-heal|p1a: Mew|100/100
|move|p2a: Celesteela|Leech Seed||[still]
|-fail|p2a: Celesteela
|
|-damage|p1a: Mew|88/100|[from] Leech Seed|[of] p2a: Celesteela
|upkeep
|turn|9
|
|t:|1622046779
|move|p1a: Mew|Taunt|p2a: Celesteela
|-start|p2a: Celesteela|move: Taunt
|cant|p2a: Celesteela|move: Taunt|Leech Seed
|
|-heal|p1a: Mew|94/100|[from] item: Leftovers
|-damage|p1a: Mew|82/100|[from] Leech Seed|[of] p2a: Celesteela
|upkeep
|turn|10
|
|t:|1622046786
|switch|p1a: Moltres|Moltres|100/100
|switch|p2a: Rotom|Rotom-Wash|100/100
|
|upkeep
|turn|11
|j| yiyue
|
|t:|1622046798
|switch|p1a: Scizor|Scizor, M|100/100
|move|p2a: Rotom|Defog|p1a: Scizor
|-unboost|p1a: Scizor|evasion|1
|-sideend|p2: UULT82n R418|Spikes|[from] move: Defog|[of] p2a: Rotom
|
|upkeep
|turn|12
|
|t:|1622046805
|switch|p2a: Celesteela|Celesteela|100/100
|move|p1a: Scizor|U-turn|p2a: Celesteela
|-resisted|p2a: Celesteela
|-damage|p2a: Celesteela|91/100
|
|t:|1622046818
|switch|p1a: Kommo-o|Kommo-o, M|100/100|[from]move: U-turn
|
|upkeep
|turn|13
|j| laevin
|
|t:|1622046824
|switch|p2a: Reuniclus|Reuniclus, M, shiny|100/100
|move|p1a: Kommo-o|Stealth Rock|p2a: Reuniclus
|-sidestart|p2: UULT82n R418|move: Stealth Rock
|
|upkeep
|turn|14
|
|t:|1622046828
|switch|p1a: Scizor|Scizor, M|100/100
|move|p2a: Reuniclus|Future Sight|p1a: Scizor
|-start|p2a: Reuniclus|move: Future Sight
|
|upkeep
|turn|15
|
|t:|1622046833
|switch|p2a: Celesteela|Celesteela|91/100
|-damage|p2a: Celesteela|79/100|[from] Stealth Rock
|move|p1a: Scizor|U-turn|p2a: Celesteela
|-resisted|p2a: Celesteela
|-damage|p2a: Celesteela|71/100
|
|t:|1622046840
|switch|p1a: Mew|Mew|82/100|[from]move: U-turn
|
|-heal|p1a: Mew|88/100|[from] item: Leftovers
|upkeep
|turn|16
|
|t:|1622046849
|switch|p2a: Reuniclus|Reuniclus, M, shiny|100/100
|-damage|p2a: Reuniclus|88/100|[from] Stealth Rock
|move|p1a: Mew|Taunt|p2a: Reuniclus
|-start|p2a: Reuniclus|move: Taunt
|
|-end|p1a: Mew|move: Future Sight
|-resisted|p1a: Mew
|-damage|p1a: Mew|64/100
|-heal|p1a: Mew|71/100|[from] item: Leftovers
|upkeep
|turn|17
|
|t:|1622046859
|move|p1a: Mew|Knock Off|p2a: Reuniclus
|-supereffective|p2a: Reuniclus
|-damage|p2a: Reuniclus|46/100
|-enditem|p2a: Reuniclus|Assault Vest|[from] move: Knock Off|[of] p1a: Mew
|move|p2a: Reuniclus|Shadow Ball|p1a: Mew
|-supereffective|p1a: Mew
|-damage|p1a: Mew|25/100
|
|-heal|p1a: Mew|32/100|[from] item: Leftovers
|upkeep
|turn|18
|
|t:|1622046866
|switch|p2a: Rotom|Rotom-Wash|100/100
|-damage|p2a: Rotom|88/100|[from] Stealth Rock
|move|p1a: Mew|Soft-Boiled|p1a: Mew
|-heal|p1a: Mew|82/100
|
|-heal|p1a: Mew|88/100|[from] item: Leftovers
|upkeep
|turn|19
|
|t:|1622046872
|switch|p1a: Scizor|Scizor, M|100/100
|move|p2a: Rotom|Trick|p1a: Scizor
|-activate|p2a: Rotom|move: Trick|[of] p1a: Scizor
|-item|p1a: Scizor|Choice Scarf|[from] move: Trick
|-item|p2a: Rotom|Safety Goggles|[from] move: Trick
|
|upkeep
|turn|20
|
|t:|1622046879
|move|p1a: Scizor|U-turn|p2a: Rotom
|-damage|p2a: Rotom|42/100
|
|t:|1622046899
|switch|p1a: Zygarde|Zygarde-10%|100/100|[from]move: U-turn
|-ability|p1a: Zygarde|Aura Break
|move|p2a: Rotom|Defog|p1a: Zygarde
|-unboost|p1a: Zygarde|evasion|1
|-sideend|p2: UULT82n R418|Stealth Rock|[from] move: Defog|[of] p2a: Rotom
|
|upkeep
|turn|21
|
|t:|1622046907
|switch|p2a: Buzzwole|Buzzwole|100/100
|move|p1a: Zygarde|Thousand Arrows|p2a: Buzzwole
|-resisted|p2a: Buzzwole
|-damage|p2a: Buzzwole|85/100
|
|upkeep
|turn|22
|
|t:|1622046912
|switch|p1a: Kommo-o|Kommo-o, M|100/100
|switch|p2a: Nihilego|Nihilego|100/100
|
|upkeep
|turn|23
|
|t:|1622046919
|move|p2a: Nihilego|Toxic Spikes|p1a: Kommo-o
|-sidestart|p1: use zygod|move: Toxic Spikes
|move|p1a: Kommo-o|Earthquake|p2a: Nihilego
|-supereffective|p2a: Nihilego
|-damage|p2a: Nihilego|0 fnt
|faint|p2a: Nihilego
|
|upkeep
|
|t:|1622046929
|switch|p2a: Mamoswine|Mamoswine, M|100/100
|turn|24
|
|t:|1622046949
|move|p2a: Mamoswine|Icicle Crash|p1a: Kommo-o
|-supereffective|p1a: Kommo-o
|-damage|p1a: Kommo-o|15/100
|-damage|p2a: Mamoswine|91/100|[from] item: Life Orb
|move|p1a: Kommo-o|Body Press|p2a: Mamoswine
|-supereffective|p2a: Mamoswine
|-damage|p2a: Mamoswine|0 fnt
|faint|p2a: Mamoswine
|
|upkeep
|
|t:|1622046960
|switch|p2a: Celesteela|Celesteela|71/100
|turn|25
|j| BlueYoshVGC
|
|t:|1622046971
|move|p1a: Kommo-o|Body Press|p2a: Celesteela
|-damage|p2a: Celesteela|35/100
|move|p2a: Celesteela|Heavy Slam|p1a: Kommo-o
|-damage|p1a: Kommo-o|0 fnt
|-damage|p2a: Celesteela|18/100|[from] item: Rocky Helmet|[of] p1a: Kommo-o
|faint|p1a: Kommo-o
|-ability|p2a: Celesteela|Beast Boost|boost
|-boost|p2a: Celesteela|spd|1
|
|upkeep
|
|t:|1622046987
|switch|p1a: Moltres|Moltres|100/100
|turn|26
|
|t:|1622046991
|move|p2a: Celesteela|Protect|p2a: Celesteela
|-singleturn|p2a: Celesteela|Protect
|move|p1a: Moltres|Flamethrower|p2a: Celesteela
|-activate|p2a: Celesteela|move: Protect
|
|upkeep
|turn|27
|
|t:|1622046995
|switch|p2a: Reuniclus|Reuniclus, M, shiny|79/100
|move|p1a: Moltres|Flamethrower|p2a: Reuniclus
|-damage|p2a: Reuniclus|44/100
|
|upkeep
|turn|28
|
|t:|1622047004
|move|p1a: Moltres|U-turn|p2a: Reuniclus
|-supereffective|p2a: Reuniclus
|-damage|p2a: Reuniclus|16/100
|
|t:|1622047008
|switch|p1a: Scizor|Scizor, M|100/100|[from]move: U-turn
|move|p2a: Reuniclus|Future Sight|p1a: Scizor
|-start|p2a: Reuniclus|move: Future Sight
|
|upkeep
|turn|29
|
|t:|1622047013
|switch|p2a: Buzzwole|Buzzwole|85/100
|move|p1a: Scizor|U-turn|p2a: Buzzwole
|-resisted|p2a: Buzzwole
|-damage|p2a: Buzzwole|75/100
|
|t:|1622047016
|switch|p1a: Moltres|Moltres|100/100|[from]move: U-turn
|
|upkeep
|turn|30
|
|t:|1622047019
|switch|p2a: Reuniclus|Reuniclus, M, shiny|50/100
|move|p1a: Moltres|U-turn|p2a: Reuniclus
|-supereffective|p2a: Reuniclus
|-damage|p2a: Reuniclus|18/100
|
|t:|1622047022
|switch|p1a: Scizor|Scizor, M|100/100|[from]move: U-turn
|
|-end|p1a: Scizor|move: Future Sight
|-resisted|p1a: Scizor
|-damage|p1a: Scizor|61/100
|upkeep
|turn|31
|
|t:|1622047027
|switch|p2a: Buzzwole|Buzzwole|75/100
|move|p1a: Scizor|U-turn|p2a: Buzzwole
|-resisted|p2a: Buzzwole
|-damage|p2a: Buzzwole|65/100
|
|t:|1622047030
|switch|p1a: Moltres|Moltres|100/100|[from]move: U-turn
|
|upkeep
|turn|32
|
|t:|1622047033
|move|p1a: Moltres|Flamethrower|p2a: Buzzwole
|-supereffective|p2a: Buzzwole
|-damage|p2a: Buzzwole|0 fnt
|faint|p2a: Buzzwole
|
|upkeep
|-message|UULT82n R418 forfeited.
|
|win|use zygod
|raw|use zygod's rating: 1523 &rarr; <strong>1544</strong><br />(+21 for winning)
|raw|UULT82n R418's rating: 1538 &rarr; <strong>1517</strong><br />(-21 for losing)
|l|☆UULT82n R418
|j|+Eyan
|l|+Eyan
||Ladder isn't responding, score probably updated but might not have (Request timeout).
