|j|☆Trick Home
|j|☆Zephyyyr
|t:|1628733620
|gametype|singles
|player|p1|Trick Home|byron|1354
|player|p2|Zephyyyr|richboy|1515
|teamsize|p1|6
|teamsize|p2|6
|gen|8
|tier|[Gen 8] UU
|rated|
|rule|Sleep Clause Mod: Limit one foe put to sleep
|rule|Species Clause: Limit one of each Pokémon
|rule|OHKO Clause: OHKO moves are banned
|rule|Evasion Moves Clause: Evasion moves are banned
|rule|Endless Battle Clause: Forcing endless battles is banned
|rule|HP Percentage Mod: HP is shown in percentages
|rule|Dynamax Clause: You cannot dynamax
|clearpoke
|poke|p1|Pelipper, F|
|poke|p1|Klefki, F|
|poke|p1|Omastar, F|
|poke|p1|Regieleki|
|poke|p1|Articuno-Galar|
|poke|p1|Golurk|
|poke|p2|Azelf|
|poke|p2|Azumarill, M|
|poke|p2|Salamence, M|
|poke|p2|Mamoswine, M|
|poke|p2|Thundurus, M|
|poke|p2|Aegislash, F|
|teampreview
|
|t:|1628733627
|start
|switch|p1a: Klefki|Klefki, F|100/100
|switch|p2a: Azelf|Azelf|100/100
|turn|1
|
|t:|1628733633
|move|p1a: Klefki|Thunder Wave|p2a: Azelf
|-status|p2a: Azelf|par
|move|p2a: Azelf|Taunt|p1a: Klefki
|-start|p1a: Klefki|move: Taunt
|
|upkeep
|turn|2
|
|t:|1628733638
|move|p1a: Klefki|Foul Play|p2a: Azelf
|-supereffective|p2a: Azelf
|-damage|p2a: Azelf|6/100 par
|move|p2a: Azelf|Stealth Rock|p1a: Klefki
|-sidestart|p1: Trick Home|move: Stealth Rock
|
|upkeep
|turn|3
|
|t:|1628733645
|switch|p2a: Mamoswine|Mamoswine, M|100/100
|move|p1a: Klefki|Foul Play|p2a: Mamoswine
|-damage|p2a: Mamoswine|63/100
|
|upkeep
|turn|4
|
|t:|1628733670
|move|p2a: Mamoswine|Knock Off|p1a: Klefki
|-resisted|p1a: Klefki
|-damage|p1a: Klefki|77/100
|-enditem|p1a: Klefki|Leftovers|[from] move: Knock Off|[of] p2a: Mamoswine
|-damage|p2a: Mamoswine|53/100|[from] item: Life Orb
|move|p1a: Klefki|Foul Play|p2a: Mamoswine
|-damage|p2a: Mamoswine|12/100
|
|-end|p1a: Klefki|move: Taunt
|upkeep
|turn|5
|
|t:|1628733678
|switch|p1a: Pelipper|Pelipper, F|100/100
|-damage|p1a: Pelipper|76/100|[from] Stealth Rock
|-weather|RainDance|[from] ability: Drizzle|[of] p1a: Pelipper
|move|p2a: Mamoswine|Earthquake|p1a: Pelipper
|-immune|p1a: Pelipper
|
|-weather|RainDance|[upkeep]
|upkeep
|turn|6
|
|t:|1628733686
|switch|p2a: Azelf|Azelf|6/100 par
|move|p1a: Pelipper|Defog|p2a: Azelf
|-unboost|p2a: Azelf|evasion|1
|-sideend|p1: Trick Home|Stealth Rock|[from] move: Defog|[of] p1a: Pelipper
|
|-weather|RainDance|[upkeep]
|upkeep
|turn|7
|
|t:|1628733690
|move|p1a: Pelipper|U-turn|p2a: Azelf
|-supereffective|p2a: Azelf
|-damage|p2a: Azelf|0 fnt
|faint|p2a: Azelf
|
|t:|1628733707
|switch|p1a: Regieleki|Regieleki|100/100|[from]move: U-turn
|
|-weather|RainDance|[upkeep]
|-status|p1a: Regieleki|brn|[from] item: Flame Orb
|upkeep
|j| dd_aj17
|inactive|Battle timer is ON: inactive players will automatically lose when time's up. (requested by Trick Home)
|inactive|Zephyyyr has 120 seconds left.
|
|t:|1628733813
|switch|p2a: Mamoswine|Mamoswine, M|12/100
|turn|8
|j| Glitch1509
|
|t:|1628733819
|move|p2a: Mamoswine|Ice Shard|p1a: Regieleki
|-damage|p1a: Regieleki|43/100 brn
|-damage|p2a: Mamoswine|2/100|[from] item: Life Orb
|move|p1a: Regieleki|Facade|p2a: Mamoswine
|-damage|p2a: Mamoswine|0 fnt
|faint|p2a: Mamoswine
|
|-weather|RainDance|[upkeep]
|-damage|p1a: Regieleki|37/100 brn|[from] brn
|upkeep
|l| dd_aj17
|
|t:|1628733836
|switch|p2a: Aegislash|Aegislash, F|100/100
|-item|p2a: Aegislash|Air Balloon
|turn|9
|
|t:|1628733846
|switch|p1a: Klefki|Klefki, F|77/100
|-formechange|p2a: Aegislash|Aegislash-Blade||[from] ability: Stance Change
|move|p2a: Aegislash|Shadow Sneak|p1a: Klefki
|-damage|p1a: Klefki|58/100
|
|-weather|RainDance|[upkeep]
|upkeep
|turn|10
|
|t:|1628733857
|move|p2a: Aegislash|Shadow Ball|p1a: Klefki
|-crit|p1a: Klefki
|-damage|p1a: Klefki|0 fnt
|faint|p1a: Klefki
|
|-weather|RainDance|[upkeep]
|upkeep
|
|t:|1628733870
|switch|p1a: Omastar|Omastar, F|100/100
|turn|11
|
|t:|1628733872
|move|p2a: Aegislash|Shadow Sneak|p1a: Omastar
|-damage|p1a: Omastar|82/100
|move|p1a: Omastar|Hydro Pump|p2a: Aegislash|[miss]
|-miss|p1a: Omastar|p2a: Aegislash
|
|-weather|RainDance|[upkeep]
|upkeep
|turn|12
|
|t:|1628733877
|switch|p2a: Thundurus|Thundurus, M|100/100
|move|p1a: Omastar|Hydro Pump|p2a: Thundurus
|-damage|p2a: Thundurus|0 fnt
|faint|p2a: Thundurus
|
|-weather|none
|upkeep
|
|t:|1628733881
|switch|p2a: Azumarill|Azumarill, M|100/100
|turn|13
|
|t:|1628733883
|move|p1a: Omastar|Meteor Beam||[still]
|-prepare|p1a: Omastar|Meteor Beam
|-boost|p1a: Omastar|spa|1
|-enditem|p1a: Omastar|Power Herb
|-anim|p1a: Omastar|Meteor Beam|p2a: Azumarill
|-crit|p2a: Azumarill
|-damage|p2a: Azumarill|0 fnt
|faint|p2a: Azumarill
|
|upkeep
|inactive|Zephyyyr has 120 seconds left.
|
|t:|1628733917
|switch|p2a: Salamence|Salamence, M|100/100
|turn|14
|
|t:|1628733920
|move|p2a: Salamence|Earthquake|p1a: Omastar
|-supereffective|p1a: Omastar
|-damage|p1a: Omastar|8/100
|move|p1a: Omastar|Ice Beam|p2a: Salamence
|-supereffective|p2a: Salamence
|-damage|p2a: Salamence|0 fnt
|faint|p2a: Salamence
|
|upkeep
|
|t:|1628733923
|switch|p2a: Aegislash|Aegislash, F|100/100
|-item|p2a: Aegislash|Air Balloon
|turn|15
|
|t:|1628733929
|-formechange|p2a: Aegislash|Aegislash-Blade||[from] ability: Stance Change
|move|p2a: Aegislash|Shadow Sneak|p1a: Omastar
|-damage|p1a: Omastar|0 fnt
|faint|p1a: Omastar
|
|upkeep
|
|t:|1628733945
|switch|p1a: Articuno|Articuno-Galar|100/100
|turn|16
|
|t:|1628733953
|move|p1a: Articuno|Shadow Ball|p2a: Aegislash
|-supereffective|p2a: Aegislash
|-damage|p2a: Aegislash|0 fnt
|-enditem|p2a: Aegislash|Air Balloon
|faint|p2a: Aegislash
|
|win|Trick Home
|raw|Trick Home's rating: 1354 &rarr; <strong>1383</strong><br />(+29 for winning)
|raw|Zephyyyr's rating: 1515 &rarr; <strong>1486</strong><br />(-29 for losing)
|l|☆Zephyyyr
||Ladder isn't responding, score probably updated but might not have (Request timeout).
