|j|☆Pokemon League 4
|j|☆woodey
|t:|1664771447
|gametype|singles
|player|p1|Pokemon League 4|thorton|1320
|player|p2|woodey|giovanni|1499
|teamsize|p1|6
|teamsize|p2|6
|gen|8
|tier|[Gen 8] UU
|rated|
|rule|Sleep Clause Mod: Limit one foe put to sleep
|rule|Species Clause: Limit one of each Pokémon
|rule|OHKO Clause: OHKO moves are banned
|rule|Evasion Items Clause: Evasion items are banned
|rule|Evasion Moves Clause: Evasion moves are banned
|rule|Endless Battle Clause: Forcing endless battles is banned
|rule|HP Percentage Mod: HP is shown in percentages
|rule|Dynamax Clause: You cannot dynamax
|clearpoke
|poke|p1|Whimsicott, M|
|poke|p1|Absol, M|
|poke|p1|Morpeko, M|
|poke|p1|Decidueye, M|
|poke|p1|Jirachi|
|poke|p1|Keldeo-Resolute|
|poke|p2|Porygon2|
|poke|p2|Hatterene, F|
|poke|p2|Slowking, M|
|poke|p2|Marowak-Alola, F|
|poke|p2|Conkeldurr, M|
|poke|p2|Drampa, F|
|teampreview
|inactive|Battle timer is ON: inactive players will automatically lose when time's up. (requested by woodey)
|
|t:|1664771454
|start
|switch|p1a: Absol|Absol, M|100/100
|switch|p2a: Hatterene|Hatterene, F|100/100
|turn|1
|j| Bruh Wobuffet
|
|t:|1664771458
|move|p1a: Absol|Swords Dance|p1a: Absol
|-boost|p1a: Absol|atk|2
|move|p2a: Hatterene|Trick Room|p2a: Hatterene
|-fieldstart|move: Trick Room|[of] p2a: Hatterene
|
|upkeep
|turn|2
|
|t:|1664771463
|move|p2a: Hatterene|Dazzling Gleam|p1a: Absol
|-supereffective|p1a: Absol
|-enditem|p1a: Absol|Focus Sash
|-damage|p1a: Absol|1/100
|-damage|p2a: Hatterene|91/100|[from] item: Life Orb
|move|p1a: Absol|Knock Off|p2a: Hatterene
|-crit|p2a: Hatterene
|-damage|p2a: Hatterene|0 fnt
|-enditem|p2a: Hatterene|Life Orb|[from] move: Knock Off|[of] p1a: Absol
|faint|p2a: Hatterene
|
|upkeep
|
|t:|1664771465
|switch|p2a: Conkeldurr|Conkeldurr, M|100/100
|turn|3
|
|t:|1664771468
|switch|p1a: Decidueye|Decidueye, M|100/100
|move|p2a: Conkeldurr|Mach Punch|p1a: Decidueye
|-immune|p1a: Decidueye
|
|-status|p2a: Conkeldurr|brn|[from] item: Flame Orb
|upkeep
|turn|4
|
|t:|1664771471
|move|p2a: Conkeldurr|Knock Off|p1a: Decidueye
|-supereffective|p1a: Decidueye
|-damage|p1a: Decidueye|0 fnt
|-enditem|p1a: Decidueye|Choice Specs|[from] move: Knock Off|[of] p2a: Conkeldurr
|faint|p1a: Decidueye
|
|-damage|p2a: Conkeldurr|94/100 brn|[from] brn
|upkeep
|
|t:|1664771480
|switch|p1a: Whimsicott|Whimsicott, M|100/100
|turn|5
|
|t:|1664771482
|move|p2a: Conkeldurr|Facade|p1a: Whimsicott
|-damage|p1a: Whimsicott|35/100
|move|p1a: Whimsicott|Moonblast|p2a: Conkeldurr
|-supereffective|p2a: Conkeldurr
|-damage|p2a: Conkeldurr|32/100 brn
|-unboost|p2a: Conkeldurr|spa|1
|
|-damage|p2a: Conkeldurr|26/100 brn|[from] brn
|-fieldend|move: Trick Room
|upkeep
|turn|6
|
|t:|1664771487
|switch|p2a: Porygon2|Porygon2|100/100
|-ability|p2a: Porygon2|Prankster|[from] ability: Trace|[of] p1a: Whimsicott
|move|p1a: Whimsicott|Moonblast|p2a: Porygon2
|-damage|p2a: Porygon2|88/100
|-unboost|p2a: Porygon2|spa|1
|
|upkeep
|turn|7
|
|t:|1664771490
|move|p1a: Whimsicott|Moonblast|p2a: Porygon2
|-damage|p2a: Porygon2|76/100
|-unboost|p2a: Porygon2|spa|1
|move|p2a: Porygon2|Trick Room|p2a: Porygon2
|-fieldstart|move: Trick Room|[of] p2a: Porygon2
|
|upkeep
|turn|8
|
|t:|1664771492
|move|p1a: Whimsicott|Encore|p2a: Porygon2
|-start|p2a: Porygon2|Encore
|move|p2a: Porygon2|Trick Room|p2a: Porygon2
|-fieldend|move: Trick Room
|
|upkeep
|turn|9
|
|t:|1664771494
|switch|p1a: Absol|Absol, M|1/100
|move|p2a: Porygon2|Trick Room|p2a: Porygon2
|-fieldstart|move: Trick Room|[of] p2a: Porygon2
|
|upkeep
|turn|10
|
|t:|1664771497
|switch|p2a: Conkeldurr|Conkeldurr, M|26/100 brn
|move|p1a: Absol|Knock Off|p2a: Conkeldurr
|-resisted|p2a: Conkeldurr
|-crit|p2a: Conkeldurr
|-damage|p2a: Conkeldurr|0 fnt
|-enditem|p2a: Conkeldurr|Flame Orb|[from] move: Knock Off|[of] p1a: Absol
|faint|p2a: Conkeldurr
|
|upkeep
|
|t:|1664771498
|switch|p2a: Drampa|Drampa, F|100/100
|turn|11
|
|t:|1664771501
|move|p1a: Absol|Sucker Punch|p2a: Drampa
|-crit|p2a: Drampa
|-damage|p2a: Drampa|45/100
|move|p2a: Drampa|Hyper Voice|p1a: Absol
|-damage|p1a: Absol|0 fnt
|faint|p1a: Absol
|-damage|p2a: Drampa|36/100|[from] item: Life Orb
|
|upkeep
|
|t:|1664771510
|switch|p1a: Keldeo|Keldeo-Resolute|100/100
|turn|12
|
|t:|1664771513
|move|p2a: Drampa|Thunderbolt|p1a: Keldeo
|-supereffective|p1a: Keldeo
|-enditem|p1a: Keldeo|Focus Sash
|-damage|p1a: Keldeo|1/100
|-damage|p2a: Drampa|26/100|[from] item: Life Orb
|move|p1a: Keldeo|Secret Sword|p2a: Drampa
|-supereffective|p2a: Drampa
|-damage|p2a: Drampa|0 fnt
|faint|p2a: Drampa
|
|upkeep
|
|t:|1664771525
|switch|p2a: Marowak|Marowak-Alola, F|100/100
|turn|13
|
|t:|1664771527
|move|p1a: Keldeo|Aqua Jet|p2a: Marowak
|-supereffective|p2a: Marowak
|-damage|p2a: Marowak|80/100
|move|p2a: Marowak|Flare Blitz|p1a: Keldeo
|-resisted|p1a: Keldeo
|-damage|p1a: Keldeo|0 fnt
|faint|p1a: Keldeo
|
|-fieldend|move: Trick Room
|upkeep
|
|t:|1664771533
|switch|p1a: Jirachi|Jirachi|100/100
|turn|14
|
|t:|1664771535
|move|p1a: Jirachi|Iron Head|p2a: Marowak
|-resisted|p2a: Marowak
|-damage|p2a: Marowak|63/100
|cant|p2a: Marowak|flinch
|
|upkeep
|turn|15
|
|t:|1664771539
|move|p1a: Jirachi|Iron Head|p2a: Marowak
|-resisted|p2a: Marowak
|-damage|p2a: Marowak|46/100
|cant|p2a: Marowak|flinch
|
|upkeep
|turn|16
|
|t:|1664771543
|move|p1a: Jirachi|Iron Head|p2a: Marowak
|-resisted|p2a: Marowak
|-damage|p2a: Marowak|29/100
|move|p2a: Marowak|Flare Blitz|p1a: Jirachi
|-supereffective|p1a: Jirachi
|-enditem|p1a: Jirachi|Focus Sash
|-damage|p1a: Jirachi|1/100
|
|upkeep
|turn|17
|
|t:|1664771547
|switch|p2a: Slowking|Slowking, M|100/100
|move|p1a: Jirachi|Ancient Power|p2a: Slowking
|-damage|p2a: Slowking|93/100
|
|upkeep
|turn|18
|
|t:|1664771550
|move|p1a: Jirachi|Body Slam|p2a: Slowking
|-damage|p2a: Slowking|66/100
|move|p2a: Slowking|Trick Room|p2a: Slowking
|-fieldstart|move: Trick Room|[of] p2a: Slowking
|
|upkeep
|turn|19
|
|t:|1664771554
|move|p1a: Jirachi|Body Slam|p2a: Slowking
|-damage|p2a: Slowking|42/100
|-status|p2a: Slowking|par
|move|p2a: Slowking|Teleport|p2a: Slowking
|
|t:|1664771555
|switch|p2a: Marowak|Marowak-Alola, F|29/100|[from]move: Teleport
|
|upkeep
|turn|20
|-message|Pokemon League 4 forfeited.
|
|win|woodey
|raw|Pokemon League 4's rating: 1320 &rarr; <strong>1309</strong><br />(-11 for losing)
|raw|woodey's rating: 1499 &rarr; <strong>1510</strong><br />(+11 for winning)
|l|☆Pokemon League 4
||Ladder isn't responding, score probably updated but might not have (Request timeout).
