|j|☆DugZaッ
|j|☆HaxxLR
|t:|1665944156
|gametype|singles
|player|p1|DugZaッ|#scl2machines|
|player|p2|HaxxLR|grimsley|
|teamsize|p1|6
|teamsize|p2|6
|gen|8
|tier|[Gen 8] UU
|rule|Sleep Clause Mod: Limit one foe put to sleep
|rule|Species Clause: Limit one of each Pokémon
|rule|OHKO Clause: OHKO moves are banned
|rule|Evasion Items Clause: Evasion items are banned
|rule|Evasion Moves Clause: Evasion moves are banned
|rule|Endless Battle Clause: Forcing endless battles is banned
|rule|HP Percentage Mod: HP is shown in percentages
|rule|Dynamax Clause: You cannot dynamax
|clearpoke
|poke|p1|Cobalion|
|poke|p1|Chandelure, F|
|poke|p1|Rotom-Wash|
|poke|p1|Tangrowth, F|
|poke|p1|Diggersby, M|
|poke|p1|Celesteela|
|poke|p2|Keldeo-Resolute|
|poke|p2|Toxtricity, F|
|poke|p2|Noivern, F|
|poke|p2|Hippowdon, M|
|poke|p2|Scizor, F|
|poke|p2|Slowking, F|
|teampreview
|c|☆DugZaッ|hf
|c|☆HaxxLR|hf
|inactive|Battle timer is ON: inactive players will automatically lose when time's up. (requested by DugZaッ)
|inactive|HaxxLR has 270 seconds left.
|inactive|HaxxLR has 240 seconds left.
|
|t:|1665944277
|start
|switch|p1a: Rotom|Rotom-Wash|100/100
|switch|p2a: Slowking|Slowking, F|100/100
|turn|1
|
|t:|1665944283
|move|p1a: Rotom|Volt Switch|p2a: Slowking
|-supereffective|p2a: Slowking
|-damage|p2a: Slowking|61/100
|
|t:|1665944286
|switch|p1a: Tangrowth|Tangrowth, F|100/100|[from]move: Volt Switch
|move|p2a: Slowking|Teleport|p2a: Slowking
|
|t:|1665944291
|switch|p2a: Scizor|Scizor, F|100/100|[from]move: Teleport
|
|upkeep
|turn|2
|
|t:|1665944296
|switch|p1a: Cobalion|Cobalion|100/100
|move|p2a: Scizor|U-turn|p1a: Cobalion
|-resisted|p1a: Cobalion
|-damage|p1a: Cobalion|93/100
|-damage|p2a: Scizor|84/100|[from] item: Rocky Helmet|[of] p1a: Cobalion
|
|t:|1665944305
|switch|p2a: Hippowdon|Hippowdon, M|100/100|[from]move: U-turn
|-weather|Sandstorm|[from] ability: Sand Stream|[of] p2a: Hippowdon
|
|-weather|Sandstorm|[upkeep]
|upkeep
|turn|3
|
|t:|1665944310
|move|p1a: Cobalion|Stealth Rock|p2a: Hippowdon
|-sidestart|p2: HaxxLR|move: Stealth Rock
|move|p2a: Hippowdon|Stealth Rock|p1a: Cobalion
|-sidestart|p1: DugZaッ|move: Stealth Rock
|
|-weather|Sandstorm|[upkeep]
|upkeep
|turn|4
|
|t:|1665944322
|switch|p1a: Tangrowth|Tangrowth, F|100/100
|-damage|p1a: Tangrowth|88/100|[from] Stealth Rock
|switch|p2a: Scizor|Scizor, F|84/100
|
|-weather|Sandstorm|[upkeep]
|-damage|p1a: Tangrowth|82/100|[from] Sandstorm
|upkeep
|turn|5
|
|t:|1665944329
|move|p2a: Scizor|Knock Off|p1a: Tangrowth
|-damage|p1a: Tangrowth|60/100
|-enditem|p1a: Tangrowth|Assault Vest|[from] move: Knock Off|[of] p2a: Scizor
|move|p1a: Tangrowth|Knock Off|p2a: Scizor
|-crit|p2a: Scizor
|-damage|p2a: Scizor|56/100
|-enditem|p2a: Scizor|Heavy-Duty Boots|[from] move: Knock Off|[of] p1a: Tangrowth
|
|-weather|Sandstorm|[upkeep]
|-damage|p1a: Tangrowth|54/100|[from] Sandstorm
|upkeep
|turn|6
|
|t:|1665944340
|switch|p1a: Cobalion|Cobalion|93/100
|-damage|p1a: Cobalion|90/100|[from] Stealth Rock
|move|p2a: Scizor|Roost|p2a: Scizor
|-heal|p2a: Scizor|100/100
|-singleturn|p2a: Scizor|move: Roost
|
|-weather|none
|upkeep
|turn|7
|
|t:|1665944345
|move|p1a: Cobalion|Close Combat|p2a: Scizor
|-damage|p2a: Scizor|53/100
|-unboost|p1a: Cobalion|def|1
|-unboost|p1a: Cobalion|spd|1
|move|p2a: Scizor|U-turn|p1a: Cobalion
|-resisted|p1a: Cobalion
|-damage|p1a: Cobalion|80/100
|-damage|p2a: Scizor|36/100|[from] item: Rocky Helmet|[of] p1a: Cobalion
|
|t:|1665944357
|switch|p2a: Noivern|Noivern, F|100/100|[from]move: U-turn
|
|upkeep
|turn|8
|
|t:|1665944384
|switch|p1a: Rotom|Rotom-Wash|100/100
|-damage|p1a: Rotom|88/100|[from] Stealth Rock
|move|p2a: Noivern|U-turn|p1a: Rotom
|-damage|p1a: Rotom|77/100
|inactive|HaxxLR has 270 seconds left.
|
|t:|1665944406
|switch|p2a: Slowking|Slowking, F|94/100|[from]move: U-turn
|
|-heal|p1a: Rotom|83/100|[from] item: Leftovers
|upkeep
|turn|9
|
|t:|1665944413
|move|p1a: Rotom|Volt Switch|p2a: Slowking
|-supereffective|p2a: Slowking
|-damage|p2a: Slowking|56/100
|
|t:|1665944415
|switch|p1a: Chandelure|Chandelure, F|100/100|[from]move: Volt Switch
|move|p2a: Slowking|Teleport|p2a: Slowking
|inactive|HaxxLR has 270 seconds left.
|
|t:|1665944421
|switch|p2a: Keldeo|Keldeo-Resolute|100/100|[from]move: Teleport
|-damage|p2a: Keldeo|94/100|[from] Stealth Rock
|
|-heal|p2a: Keldeo|100/100|[from] item: Leftovers
|upkeep
|turn|10
|
|t:|1665944428
|switch|p2a: Toxtricity|Toxtricity, F|100/100
|-damage|p2a: Toxtricity|88/100|[from] Stealth Rock
|switch|p1a: Tangrowth|Tangrowth, F|87/100
|-damage|p1a: Tangrowth|75/100|[from] Stealth Rock
|
|upkeep
|turn|11
|inactive|HaxxLR has 270 seconds left.
|inactive|DugZaッ has 270 seconds left.
|inactive|HaxxLR has 240 seconds left.
|
|t:|1665944475
|move|p2a: Toxtricity|Overdrive|p1a: Tangrowth
|-resisted|p1a: Tangrowth
|-damage|p1a: Tangrowth|38/100
|move|p1a: Tangrowth|Knock Off|p2a: Toxtricity
|-damage|p2a: Toxtricity|51/100
|-enditem|p2a: Toxtricity|Choice Specs|[from] move: Knock Off|[of] p1a: Tangrowth
|
|upkeep
|turn|12
|inactive|DugZaッ has 270 seconds left.
|inactive|HaxxLR has 240 seconds left.
|
|t:|1665944488
|switch|p1a: Cobalion|Cobalion|80/100
|-damage|p1a: Cobalion|77/100|[from] Stealth Rock
|move|p2a: Toxtricity|Boomburst|p1a: Cobalion
|-resisted|p1a: Cobalion
|-damage|p1a: Cobalion|33/100
|
|upkeep
|turn|13
|inactive|HaxxLR has 240 seconds left.
|inactive|DugZaッ has 270 seconds left.
|
|t:|1665944518
|move|p1a: Cobalion|Stone Edge|p2a: Toxtricity
|-damage|p2a: Toxtricity|7/100
|move|p2a: Toxtricity|Boomburst|p1a: Cobalion
|-resisted|p1a: Cobalion
|-damage|p1a: Cobalion|0 fnt
|faint|p1a: Cobalion
|
|upkeep
|inactive|DugZaッ has 270 seconds left.
|
|t:|1665944531
|switch|p1a: Diggersby|Diggersby, M|100/100
|-damage|p1a: Diggersby|94/100|[from] Stealth Rock
|turn|14
|
|t:|1665944541
|move|p1a: Diggersby|U-turn|p2a: Toxtricity
|-resisted|p2a: Toxtricity
|-damage|p2a: Toxtricity|0 fnt
|faint|p2a: Toxtricity
|
|t:|1665944545
|switch|p1a: Tangrowth|Tangrowth, F|71/100|[from]move: U-turn
|-damage|p1a: Tangrowth|58/100|[from] Stealth Rock
|
|upkeep
|
|t:|1665944552
|switch|p2a: Scizor|Scizor, F|36/100
|-damage|p2a: Scizor|24/100|[from] Stealth Rock
|turn|15
|
|t:|1665944556
|switch|p1a: Celesteela|Celesteela|100/100
|-damage|p1a: Celesteela|88/100|[from] Stealth Rock
|move|p2a: Scizor|Roost|p2a: Scizor
|-heal|p2a: Scizor|74/100
|-singleturn|p2a: Scizor|move: Roost
|
|-heal|p1a: Celesteela|94/100|[from] item: Leftovers
|upkeep
|turn|16
|
|t:|1665944567
|move|p2a: Scizor|Knock Off|p1a: Celesteela
|-damage|p1a: Celesteela|68/100
|-enditem|p1a: Celesteela|Leftovers|[from] move: Knock Off|[of] p2a: Scizor
|move|p1a: Celesteela|Flamethrower|p2a: Scizor
|-supereffective|p2a: Scizor
|-crit|p2a: Scizor
|-damage|p2a: Scizor|0 fnt
|faint|p2a: Scizor
|-ability|p1a: Celesteela|Beast Boost|boost
|-boost|p1a: Celesteela|spd|1
|
|upkeep
|inactive|HaxxLR has 240 seconds left.
|
|t:|1665944598
|switch|p2a: Keldeo|Keldeo-Resolute|100/100
|-damage|p2a: Keldeo|94/100|[from] Stealth Rock
|turn|17
|
|t:|1665944604
|switch|p1a: Tangrowth|Tangrowth, F|92/100
|-damage|p1a: Tangrowth|79/100|[from] Stealth Rock
|move|p2a: Keldeo|Calm Mind|p2a: Keldeo
|-boost|p2a: Keldeo|spa|1
|-boost|p2a: Keldeo|spd|1
|
|-heal|p2a: Keldeo|100/100|[from] item: Leftovers
|upkeep
|turn|18
|
|t:|1665944621
|move|p2a: Keldeo|Air Slash|p1a: Tangrowth
|-supereffective|p1a: Tangrowth
|-damage|p1a: Tangrowth|13/100
|move|p1a: Tangrowth|Power Whip|p2a: Keldeo
|-supereffective|p2a: Keldeo
|-damage|p2a: Keldeo|0 fnt
|faint|p2a: Keldeo
|
|upkeep
|
|t:|1665944640
|switch|p2a: Noivern|Noivern, F|100/100
|turn|19
|
|t:|1665944650
|switch|p1a: Rotom|Rotom-Wash|83/100
|-damage|p1a: Rotom|71/100|[from] Stealth Rock
|move|p2a: Noivern|Draco Meteor|p1a: Rotom
|-damage|p1a: Rotom|13/100
|-unboost|p2a: Noivern|spa|2
|
|-heal|p1a: Rotom|19/100|[from] item: Leftovers
|upkeep
|turn|20
|
|t:|1665944656
|switch|p1a: Celesteela|Celesteela|68/100
|-damage|p1a: Celesteela|56/100|[from] Stealth Rock
|move|p2a: Noivern|Draco Meteor|p1a: Celesteela
|-resisted|p1a: Celesteela
|-damage|p1a: Celesteela|48/100
|-unboost|p2a: Noivern|spa|2
|
|upkeep
|turn|21
|
|t:|1665944665
|move|p2a: Noivern|U-turn|p1a: Celesteela
|-resisted|p1a: Celesteela
|-damage|p1a: Celesteela|46/100
|
|t:|1665944668
|switch|p2a: Slowking|Slowking, F|89/100|[from]move: U-turn
|move|p1a: Celesteela|Leech Seed|p2a: Slowking
|-start|p2a: Slowking|move: Leech Seed
|
|-damage|p2a: Slowking|77/100|[from] Leech Seed|[of] p1a: Celesteela
|-heal|p1a: Celesteela|58/100|[silent]
|upkeep
|turn|22
|
|t:|1665944676
|move|p1a: Celesteela|Toxic|p2a: Slowking
|-status|p2a: Slowking|tox
|move|p2a: Slowking|Teleport|p2a: Slowking
|
|t:|1665944679
|switch|p2a: Noivern|Noivern, F|100/100|[from]move: Teleport
|
|upkeep
|turn|23
|
|t:|1665944699
|switch|p1a: Chandelure|Chandelure, F|100/100
|move|p2a: Noivern|U-turn|p1a: Chandelure
|-resisted|p1a: Chandelure
|-damage|p1a: Chandelure|97/100
|
|t:|1665944705
|switch|p2a: Hippowdon|Hippowdon, M|100/100|[from]move: U-turn
|-damage|p2a: Hippowdon|94/100|[from] Stealth Rock
|-weather|Sandstorm|[from] ability: Sand Stream|[of] p2a: Hippowdon
|
|-weather|Sandstorm|[upkeep]
|-damage|p1a: Chandelure|91/100|[from] Sandstorm
|upkeep
|turn|24
|j|+Floss
|
|t:|1665944717
|switch|p1a: Celesteela|Celesteela|58/100
|-damage|p1a: Celesteela|46/100|[from] Stealth Rock
|switch|p2a: Slowking|Slowking, F|100/100 tox
|
|-weather|Sandstorm|[upkeep]
|-damage|p2a: Slowking|94/100 tox|[from] Sandstorm
|-damage|p2a: Slowking|88/100 tox|[from] psn
|upkeep
|turn|25
|
|t:|1665944724
|switch|p1a: Diggersby|Diggersby, M|94/100
|-damage|p1a: Diggersby|88/100|[from] Stealth Rock
|move|p2a: Slowking|Scald|p1a: Diggersby
|-supereffective|p1a: Diggersby
|-damage|p1a: Diggersby|14/100
|
|-weather|Sandstorm|[upkeep]
|-damage|p2a: Slowking|82/100 tox|[from] Sandstorm
|-damage|p2a: Slowking|70/100 tox|[from] psn
|upkeep
|turn|26
|inactive|HaxxLR has 270 seconds left.
|
|t:|1665944741
|switch|p1a: Tangrowth|Tangrowth, F|46/100
|-damage|p1a: Tangrowth|34/100|[from] Stealth Rock
|switch|p2a: Hippowdon|Hippowdon, M|94/100
|-damage|p2a: Hippowdon|88/100|[from] Stealth Rock
|
|-weather|Sandstorm|[upkeep]
|-damage|p1a: Tangrowth|27/100|[from] Sandstorm
|upkeep
|turn|27
|inactive|HaxxLR has 270 seconds left.
|l|+Floss
|
|t:|1665944753
|move|p2a: Hippowdon|Toxic|p1a: Tangrowth
|-status|p1a: Tangrowth|tox
|move|p1a: Tangrowth|Knock Off|p2a: Hippowdon
|-damage|p2a: Hippowdon|74/100
|-damage|p1a: Tangrowth|11/100 tox|[from] item: Rocky Helmet|[of] p2a: Hippowdon
|-enditem|p2a: Hippowdon|Rocky Helmet|[from] move: Knock Off|[of] p1a: Tangrowth
|
|-weather|none
|-damage|p1a: Tangrowth|5/100 tox|[from] psn
|upkeep
|turn|28
|inactive|HaxxLR has 270 seconds left.
|
|t:|1665944759
|switch|p1a: Celesteela|Celesteela|46/100
|-damage|p1a: Celesteela|33/100|[from] Stealth Rock
|move|p2a: Hippowdon|Slack Off|p2a: Hippowdon
|-heal|p2a: Hippowdon|100/100
|
|upkeep
|turn|29
|
|t:|1665944769
|switch|p2a: Slowking|Slowking, F|100/100 tox
|move|p1a: Celesteela|Leech Seed|p2a: Slowking
|-start|p2a: Slowking|move: Leech Seed
|
|-damage|p2a: Slowking|88/100 tox|[from] Leech Seed|[of] p1a: Celesteela
|-heal|p1a: Celesteela|46/100|[silent]
|-damage|p2a: Slowking|82/100 tox|[from] psn
|upkeep
|turn|30
|
|t:|1665944786
|switch|p1a: Tangrowth|Tangrowth, F|38/100 tox
|-damage|p1a: Tangrowth|25/100 tox|[from] Stealth Rock
|move|p2a: Slowking|Teleport|p2a: Slowking
|
|t:|1665944790
|switch|p2a: Noivern|Noivern, F|100/100|[from]move: Teleport
|
|-damage|p1a: Tangrowth|19/100 tox|[from] psn
|upkeep
|turn|31
|inactive|HaxxLR has 270 seconds left.
|
|t:|1665944820
|move|p2a: Noivern|Draco Meteor|p1a: Tangrowth
|-damage|p1a: Tangrowth|0 fnt
|-unboost|p2a: Noivern|spa|2
|faint|p1a: Tangrowth
|
|upkeep
|
|t:|1665944827
|switch|p1a: Chandelure|Chandelure, F|91/100
|turn|32
|
|t:|1665944832
|move|p2a: Noivern|U-turn|p1a: Chandelure
|-resisted|p1a: Chandelure
|-damage|p1a: Chandelure|87/100
|
|t:|1665944842
|switch|p2a: Slowking|Slowking, F|100/100 tox|[from]move: U-turn
|move|p1a: Chandelure|Energy Ball|p2a: Slowking
|-supereffective|p2a: Slowking
|-damage|p2a: Slowking|45/100 tox
|
|-damage|p2a: Slowking|39/100 tox|[from] psn
|upkeep
|turn|33
|inactive|HaxxLR has 270 seconds left.
|
|t:|1665944861
|switch|p2a: Hippowdon|Hippowdon, M|100/100
|-damage|p2a: Hippowdon|94/100|[from] Stealth Rock
|-weather|Sandstorm|[from] ability: Sand Stream|[of] p2a: Hippowdon
|move|p1a: Chandelure|Shadow Ball|p2a: Hippowdon
|-crit|p2a: Hippowdon
|-damage|p2a: Hippowdon|35/100
|
|-weather|Sandstorm|[upkeep]
|-damage|p1a: Chandelure|81/100|[from] Sandstorm
|upkeep
|turn|34
|inactive|HaxxLR has 270 seconds left.
|inactive|HaxxLR has 240 seconds left.
|
|t:|1665944902
|switch|p2a: Noivern|Noivern, F|100/100
|move|p1a: Chandelure|Shadow Ball|p2a: Noivern
|-damage|p2a: Noivern|45/100
|
|-weather|Sandstorm|[upkeep]
|-damage|p2a: Noivern|38/100|[from] Sandstorm
|-damage|p1a: Chandelure|75/100|[from] Sandstorm
|upkeep
|turn|35
|
|t:|1665944911
|switch|p1a: Rotom|Rotom-Wash|19/100
|-damage|p1a: Rotom|7/100|[from] Stealth Rock
|move|p2a: Noivern|Roost|p2a: Noivern
|-heal|p2a: Noivern|89/100
|-singleturn|p2a: Noivern|move: Roost
|
|-weather|Sandstorm|[upkeep]
|-damage|p2a: Noivern|82/100|[from] Sandstorm
|-damage|p1a: Rotom|0 fnt|[from] Sandstorm
|faint|p1a: Rotom
|upkeep
|
|t:|1665944913
|switch|p1a: Celesteela|Celesteela|46/100
|-damage|p1a: Celesteela|33/100|[from] Stealth Rock
|turn|36
|
|t:|1665944919
|move|p2a: Noivern|Flamethrower|p1a: Celesteela
|-supereffective|p1a: Celesteela
|-damage|p1a: Celesteela|4/100
|move|p1a: Celesteela|Leech Seed|p2a: Noivern
|-start|p2a: Noivern|move: Leech Seed
|
|-weather|Sandstorm|[upkeep]
|-damage|p2a: Noivern|76/100|[from] Sandstorm
|-damage|p2a: Noivern|64/100|[from] Leech Seed|[of] p1a: Celesteela
|-heal|p1a: Celesteela|13/100|[silent]
|upkeep
|turn|37
|
|t:|1665944927
|move|p2a: Noivern|U-turn|p1a: Celesteela
|-resisted|p1a: Celesteela
|-damage|p1a: Celesteela|11/100
|
|t:|1665944930
|switch|p2a: Slowking|Slowking, F|72/100 tox|[from]move: U-turn
|move|p1a: Celesteela|Heavy Slam|p2a: Slowking
|-resisted|p2a: Slowking
|-damage|p2a: Slowking|57/100 tox
|
|-weather|none
|-damage|p2a: Slowking|51/100 tox|[from] psn
|upkeep
|turn|38
|inactive|HaxxLR has 270 seconds left.
|
|t:|1665944937
|move|p1a: Celesteela|Leech Seed|p2a: Slowking
|-start|p2a: Slowking|move: Leech Seed
|move|p2a: Slowking|Teleport|p2a: Slowking
|
|t:|1665944940
|switch|p2a: Noivern|Noivern, F|64/100|[from]move: Teleport
|
|upkeep
|turn|39
|
|t:|1665944946
|move|p2a: Noivern|Flamethrower|p1a: Celesteela
|-supereffective|p1a: Celesteela
|-damage|p1a: Celesteela|0 fnt
|faint|p1a: Celesteela
|
|upkeep
|
|t:|1665944948
|switch|p1a: Diggersby|Diggersby, M|14/100
|-damage|p1a: Diggersby|8/100|[from] Stealth Rock
|turn|40
|
|t:|1665944959
|switch|p2a: Hippowdon|Hippowdon, M|35/100
|-damage|p2a: Hippowdon|29/100|[from] Stealth Rock
|-weather|Sandstorm|[from] ability: Sand Stream|[of] p2a: Hippowdon
|move|p1a: Diggersby|Body Slam|p2a: Hippowdon
|-crit|p2a: Hippowdon
|-damage|p2a: Hippowdon|0 fnt
|faint|p2a: Hippowdon
|
|-weather|Sandstorm|[upkeep]
|upkeep
|
|t:|1665944966
|switch|p2a: Slowking|Slowking, F|84/100 tox
|turn|41
|
|t:|1665944972
|move|p1a: Diggersby|Body Slam|p2a: Slowking
|-damage|p2a: Slowking|45/100 tox
|move|p2a: Slowking|Scald|p1a: Diggersby
|-supereffective|p1a: Diggersby
|-damage|p1a: Diggersby|0 fnt
|faint|p1a: Diggersby
|
|-weather|Sandstorm|[upkeep]
|-damage|p2a: Slowking|39/100 tox|[from] Sandstorm
|-damage|p2a: Slowking|33/100 tox|[from] psn
|upkeep
|
|t:|1665944974
|switch|p1a: Chandelure|Chandelure, F|75/100
|turn|42
|
|t:|1665944979
|move|p1a: Chandelure|Shadow Ball|p2a: Slowking
|-supereffective|p2a: Slowking
|-damage|p2a: Slowking|0 fnt
|faint|p2a: Slowking
|
|-weather|Sandstorm|[upkeep]
|-damage|p1a: Chandelure|69/100|[from] Sandstorm
|upkeep
|
|t:|1665944981
|switch|p2a: Noivern|Noivern, F|64/100
|turn|43
|
|t:|1665944985
|move|p2a: Noivern|Draco Meteor|p1a: Chandelure
|-damage|p1a: Chandelure|0 fnt
|-unboost|p2a: Noivern|spa|2
|faint|p1a: Chandelure
|
|win|HaxxLR
|c|☆DugZaッ|gg
|j|+Floss
|c|☆HaxxLR|gg
