|j|☆DDD951
|j|☆Tale of Me
|t:|1655228708
|gametype|singles
|player|p1|DDD951|101|1522
|player|p2|Tale of Me|birdkeeper-gen4dp|1433
|teamsize|p1|6
|teamsize|p2|6
|gen|8
|tier|[Gen 8] UU
|rated|
|rule|Sleep Clause Mod: Limit one foe put to sleep
|rule|Species Clause: Limit one of each Pokémon
|rule|OHKO Clause: OHKO moves are banned
|rule|Evasion Moves Clause: Evasion moves are banned
|rule|Endless Battle Clause: Forcing endless battles is banned
|rule|HP Percentage Mod: HP is shown in percentages
|rule|Dynamax Clause: You cannot dynamax
|clearpoke
|poke|p1|Scizor, F|
|poke|p1|Gyarados, F|
|poke|p1|Starmie|
|poke|p1|Nihilego|
|poke|p1|Tangrowth, M|
|poke|p1|Darmanitan, F|
|poke|p2|Crawdaunt, F|
|poke|p2|Jirachi|
|poke|p2|Moltres|
|poke|p2|Swampert, M|
|poke|p2|Nihilego|
|poke|p2|Conkeldurr, M|
|teampreview
|
|t:|1655228736
|start
|switch|p1a: Tangrowth|Tangrowth, M|100/100
|switch|p2a: Jirachi|Jirachi, shiny|100/100
|turn|1
|
|t:|1655228751
|move|p2a: Jirachi|U-turn|p1a: Tangrowth
|-supereffective|p1a: Tangrowth
|-crit|p1a: Tangrowth
|-damage|p1a: Tangrowth|58/100
|
|t:|1655228785
|switch|p2a: Conkeldurr|Conkeldurr, M|100/100|[from]move: U-turn
|move|p1a: Tangrowth|Knock Off|p2a: Conkeldurr
|-resisted|p2a: Conkeldurr
|-damage|p2a: Conkeldurr|90/100
|-enditem|p2a: Conkeldurr|Flame Orb|[from] move: Knock Off|[of] p1a: Tangrowth
|
|upkeep
|turn|2
|
|t:|1655228795
|switch|p1a: Scizor|Scizor, F|100/100
|move|p2a: Conkeldurr|Knock Off|p1a: Scizor
|-damage|p1a: Scizor|71/100
|-enditem|p1a: Scizor|Leftovers|[from] move: Knock Off|[of] p2a: Conkeldurr
|
|upkeep
|turn|3
|
|t:|1655228803
|switch|p2a: Moltres|Moltres|100/100
|move|p1a: Scizor|Swords Dance|p1a: Scizor
|-boost|p1a: Scizor|atk|2
|
|upkeep
|turn|4
|
|t:|1655228808
|switch|p1a: Nihilego|Nihilego|100/100
|move|p2a: Moltres|Flamethrower|p1a: Nihilego
|-resisted|p1a: Nihilego
|-damage|p1a: Nihilego|85/100
|
|-heal|p1a: Nihilego|92/100|[from] item: Black Sludge
|upkeep
|turn|5
|
|t:|1655228816
|switch|p2a: Jirachi|Jirachi, shiny|100/100
|move|p1a: Nihilego|Stealth Rock|p2a: Jirachi
|-sidestart|p2: Tale of Me|move: Stealth Rock
|
|-heal|p1a: Nihilego|98/100|[from] item: Black Sludge
|upkeep
|turn|6
|
|t:|1655228824
|switch|p1a: Darmanitan|Darmanitan, F|100/100
|move|p2a: Jirachi|Iron Head|p1a: Darmanitan
|-resisted|p1a: Darmanitan
|-damage|p1a: Darmanitan|75/100
|
|upkeep
|turn|7
|
|t:|1655228833
|switch|p2a: Moltres|Moltres|100/100
|switch|p1a: Gyarados|Gyarados, F|100/100
|-ability|p1a: Gyarados|Intimidate|boost
|-unboost|p2a: Moltres|atk|1
|
|upkeep
|turn|8
|
|t:|1655228846
|switch|p2a: Jirachi|Jirachi, shiny|100/100
|-damage|p2a: Jirachi|94/100|[from] Stealth Rock
|move|p1a: Gyarados|Dragon Dance|p1a: Gyarados
|-boost|p1a: Gyarados|atk|1
|-boost|p1a: Gyarados|spe|1
|
|upkeep
|turn|9
|
|t:|1655228854
|move|p2a: Jirachi|Zen Headbutt|p1a: Gyarados
|-damage|p1a: Gyarados|65/100
|move|p1a: Gyarados|Dragon Dance|p1a: Gyarados
|-boost|p1a: Gyarados|atk|1
|-boost|p1a: Gyarados|spe|1
|
|-heal|p1a: Gyarados|71/100|[from] item: Leftovers
|upkeep
|turn|10
|
|t:|1655228861
|move|p1a: Gyarados|Waterfall|p2a: Jirachi
|-damage|p2a: Jirachi|15/100
|cant|p2a: Jirachi|flinch
|
|-heal|p1a: Gyarados|77/100|[from] item: Leftovers
|upkeep
|turn|11
|
|t:|1655228870
|switch|p2a: Moltres|Moltres|100/100
|move|p1a: Gyarados|Waterfall|p2a: Moltres
|-supereffective|p2a: Moltres
|-damage|p2a: Moltres|3/100
|
|-heal|p1a: Gyarados|83/100|[from] item: Leftovers
|upkeep
|turn|12
|
|t:|1655228882
|move|p1a: Gyarados|Waterfall|p2a: Moltres
|-supereffective|p2a: Moltres
|-damage|p2a: Moltres|0 fnt
|-status|p1a: Gyarados|brn|[from] ability: Flame Body|[of] p2a: Moltres
|faint|p2a: Moltres
|
|-heal|p1a: Gyarados|89/100 brn|[from] item: Leftovers
|-damage|p1a: Gyarados|83/100 brn|[from] brn
|upkeep
|
|t:|1655228904
|switch|p2a: Swampert|Swampert, M|100/100
|-damage|p2a: Swampert|94/100|[from] Stealth Rock
|turn|13
|
|t:|1655228908
|move|p1a: Gyarados|Substitute|p1a: Gyarados
|-start|p1a: Gyarados|Substitute
|-damage|p1a: Gyarados|58/100 brn
|move|p2a: Swampert|Yawn||[still]
|-fail|p2a: Swampert
|
|-heal|p1a: Gyarados|64/100 brn|[from] item: Leftovers
|-heal|p2a: Swampert|100/100|[from] item: Leftovers
|-damage|p1a: Gyarados|58/100 brn|[from] brn
|upkeep
|turn|14
|-message|Tale of Me forfeited.
|
|win|DDD951
|raw|DDD951's rating: 1522 &rarr; <strong>1537</strong><br />(+15 for winning)
|raw|Tale of Me's rating: 1433 &rarr; <strong>1418</strong><br />(-15 for losing)
|l|☆Tale of Me
||Ladder isn't responding, score probably updated but might not have (Request timeout).
