|html|<div class="broadcast-blue"><strong>[Gen 8] UU is currently suspecting Thundurus-T! For information on how to participate check out the <a href="https://www.smogon.com/forums/threads/np-ss-uu-stage-11-boom-clap.3696000/">suspect thread</a>.</strong></div>
|j|☆EliotEnRetar
|j|☆pif
|t:|1642795997
|gametype|singles
|player|p1|EliotEnRetar|falkner|1394
|player|p2|pif|#uutrio2ladder|1608
|teamsize|p1|6
|teamsize|p2|6
|gen|8
|tier|[Gen 8] UU
|rated|
|rule|Sleep Clause Mod: Limit one foe put to sleep
|rule|Species Clause: Limit one of each Pokémon
|rule|OHKO Clause: OHKO moves are banned
|rule|Evasion Moves Clause: Evasion moves are banned
|rule|Endless Battle Clause: Forcing endless battles is banned
|rule|HP Percentage Mod: HP is shown in percentages
|rule|Dynamax Clause: You cannot dynamax
|clearpoke
|poke|p1|Drapion, M|
|poke|p1|Talonflame, F|
|poke|p1|Rotom-Wash|
|poke|p1|Ribombee, F|
|poke|p1|Zygarde-10%|
|poke|p1|Conkeldurr, M|
|poke|p2|Primarina, F|
|poke|p2|Chansey, F|
|poke|p2|Salamence, F|
|poke|p2|Excadrill, F|
|poke|p2|Zarude|
|poke|p2|Cresselia, F|
|teampreview
|inactive|Battle timer is ON: inactive players will automatically lose when time's up. (requested by EliotEnRetar)
|
|t:|1642796026
|start
|switch|p1a: BizouJeManvol|Talonflame, F|100/100
|switch|p2a: holey moley|Excadrill, F|100/100
|-ability|p2a: holey moley|Mold Breaker
|turn|1
|
|t:|1642796032
|switch|p2a: dracogodkingbeast|Salamence, F|100/100
|-ability|p2a: dracogodkingbeast|Intimidate|boost
|-unboost|p1a: BizouJeManvol|atk|1
|move|p1a: BizouJeManvol|Flare Blitz|p2a: dracogodkingbeast
|-resisted|p2a: dracogodkingbeast
|-damage|p2a: dracogodkingbeast|80/100
|-damage|p1a: BizouJeManvol|93/100|[from] Recoil
|
|upkeep
|turn|2
|
|t:|1642796042
|move|p1a: BizouJeManvol|U-turn|p2a: dracogodkingbeast
|-resisted|p2a: dracogodkingbeast
|-damage|p2a: dracogodkingbeast|72/100
|
|t:|1642796049
|switch|p1a: CauetBurger|Rotom-Wash|100/100|[from]move: U-turn
|move|p2a: dracogodkingbeast|Roost|p2a: dracogodkingbeast
|-heal|p2a: dracogodkingbeast|100/100
|-singleturn|p2a: dracogodkingbeast|move: Roost
|
|upkeep
|turn|3
|
|t:|1642796067
|switch|p2a: give her a chanse|Chansey, F|100/100
|move|p1a: CauetBurger|Will-O-Wisp|p2a: give her a chanse
|-status|p2a: give her a chanse|brn
|
|-damage|p2a: give her a chanse|94/100 brn|[from] brn
|upkeep
|turn|4
|
|t:|1642796071
|switch|p1a: Etchebest|Conkeldurr, M|100/100
|move|p2a: give her a chanse|Teleport|p2a: give her a chanse
|
|t:|1642796078
|-curestatus|p2a: give her a chanse|brn|[from] ability: Natural Cure
|switch|p2a: seal that squeals|Primarina, F|100/100|[from]move: Teleport
|
|-status|p1a: Etchebest|brn|[from] item: Flame Orb
|upkeep
|turn|5
|
|t:|1642796085
|switch|p1a: BizouJeManvol|Talonflame, F|93/100
|move|p2a: seal that squeals|Moonblast|p1a: BizouJeManvol
|-resisted|p1a: BizouJeManvol
|-damage|p1a: BizouJeManvol|52/100
|
|upkeep
|turn|6
|
|t:|1642796092
|switch|p2a: dracogodkingbeast|Salamence, F|100/100
|-ability|p2a: dracogodkingbeast|Intimidate|boost
|-unboost|p1a: BizouJeManvol|atk|1
|move|p1a: BizouJeManvol|U-turn|p2a: dracogodkingbeast
|-resisted|p2a: dracogodkingbeast
|-damage|p2a: dracogodkingbeast|93/100
|
|t:|1642796101
|switch|p1a: En Brrrrrr|Zygarde-10%|100/100|[from]move: U-turn
|-ability|p1a: En Brrrrrr|Aura Break
|
|upkeep
|turn|7
|
|t:|1642796108
|switch|p2a: moon goon|Cresselia, F|100/100
|move|p1a: En Brrrrrr|Thousand Arrows|p2a: moon goon
|-damage|p2a: moon goon|69/100
|-start|p2a: moon goon|Smack Down
|
|-status|p2a: moon goon|brn|[from] item: Flame Orb
|upkeep
|turn|8
|
|t:|1642796120
|switch|p1a: Etchebest|Conkeldurr, M|100/100 brn
|move|p2a: moon goon|Moonlight|p2a: moon goon
|-heal|p2a: moon goon|100/100 brn
|
|-damage|p2a: moon goon|94/100 brn|[from] brn
|-damage|p1a: Etchebest|95/100 brn|[from] brn
|upkeep
|turn|9
|
|t:|1642796125
|move|p2a: moon goon|Moonblast|p1a: Etchebest
|-supereffective|p1a: Etchebest
|-damage|p1a: Etchebest|43/100 brn
|move|p1a: Etchebest|Facade|p2a: moon goon
|-damage|p2a: moon goon|53/100 brn
|
|-damage|p2a: moon goon|47/100 brn|[from] brn
|-damage|p1a: Etchebest|37/100 brn|[from] brn
|upkeep
|turn|10
|
|t:|1642796133
|switch|p1a: Drapion|Drapion, M|100/100
|move|p2a: moon goon|Moonlight|p2a: moon goon
|-heal|p2a: moon goon|97/100 brn
|
|-damage|p2a: moon goon|91/100 brn|[from] brn
|upkeep
|turn|11
|
|t:|1642796137
|move|p1a: Drapion|Knock Off|p2a: moon goon
|-supereffective|p2a: moon goon
|-damage|p2a: moon goon|35/100 brn
|-enditem|p2a: moon goon|Flame Orb|[from] move: Knock Off|[of] p1a: Drapion
|-damage|p1a: Drapion|91/100|[from] item: Life Orb
|move|p2a: moon goon|Psycho Shift|p1a: Drapion
|-status|p1a: Drapion|brn
|-curestatus|p2a: moon goon|brn|[msg]
|
|-damage|p1a: Drapion|84/100 brn|[from] brn
|upkeep
|turn|12
|
|t:|1642796148
|move|p1a: Drapion|Swords Dance|p1a: Drapion
|-boost|p1a: Drapion|atk|2
|move|p2a: moon goon|Moonlight|p2a: moon goon
|-heal|p2a: moon goon|85/100
|
|-damage|p1a: Drapion|78/100 brn|[from] brn
|upkeep
|turn|13
|
|t:|1642796155
|move|p1a: Drapion|Knock Off|p2a: moon goon
|-supereffective|p2a: moon goon
|-damage|p2a: moon goon|46/100
|-damage|p1a: Drapion|68/100 brn|[from] item: Life Orb
|move|p2a: moon goon|Moonlight|p2a: moon goon
|-heal|p2a: moon goon|96/100
|
|-damage|p1a: Drapion|62/100 brn|[from] brn
|upkeep
|turn|14
|
|t:|1642796160
|move|p1a: Drapion|Swords Dance|p1a: Drapion
|-boost|p1a: Drapion|atk|2
|move|p2a: moon goon|Moonblast|p1a: Drapion
|-damage|p1a: Drapion|35/100 brn
|
|-damage|p1a: Drapion|29/100 brn|[from] brn
|upkeep
|turn|15
|
|t:|1642796167
|switch|p2a: za dude|Zarude|100/100
|move|p1a: Drapion|Knock Off|p2a: za dude
|-resisted|p2a: za dude
|-damage|p2a: za dude|62/100
|-enditem|p2a: za dude|Heavy-Duty Boots|[from] move: Knock Off|[of] p1a: Drapion
|-damage|p1a: Drapion|19/100 brn|[from] item: Life Orb
|
|-damage|p1a: Drapion|13/100 brn|[from] brn
|upkeep
|turn|16
|
|t:|1642796173
|switch|p1a: BeeMovie|Ribombee, F|100/100
|move|p2a: za dude|U-turn|p1a: BeeMovie
|-resisted|p1a: BeeMovie
|-damage|p1a: BeeMovie|80/100
|
|t:|1642796175
|switch|p2a: holey moley|Excadrill, F|100/100|[from]move: U-turn
|-ability|p2a: holey moley|Mold Breaker
|
|upkeep
|turn|17
|
|t:|1642796179
|move|p1a: BeeMovie|Aromatherapy|p1a: BeeMovie
|-activate|p1a: BeeMovie|move: Aromatherapy
|-curestatus|p1: Etchebest|brn|[msg]
|-curestatus|p1: Drapion|brn|[msg]
|move|p2a: holey moley|Stealth Rock|p1a: BeeMovie
|-sidestart|p1: EliotEnRetar|move: Stealth Rock
|
|upkeep
|turn|18
|
|t:|1642796187
|switch|p1a: En Brrrrrr|Zygarde-10%|100/100
|-damage|p1a: En Brrrrrr|94/100|[from] Stealth Rock
|-ability|p1a: En Brrrrrr|Aura Break
|move|p2a: holey moley|Rapid Spin|p1a: En Brrrrrr
|-damage|p1a: En Brrrrrr|68/100
|-boost|p2a: holey moley|spe|1
|
|upkeep
|turn|19
|
|t:|1642796193
|switch|p1a: BizouJeManvol|Talonflame, F|52/100
|move|p2a: holey moley|Iron Head|p1a: BizouJeManvol
|-resisted|p1a: BizouJeManvol
|-damage|p1a: BizouJeManvol|25/100
|
|upkeep
|turn|20
|
|t:|1642796200
|switch|p1a: CauetBurger|Rotom-Wash|100/100
|-damage|p1a: CauetBurger|88/100|[from] Stealth Rock
|move|p2a: holey moley|Iron Head|p1a: CauetBurger
|-resisted|p1a: CauetBurger
|-damage|p1a: CauetBurger|81/100
|
|-heal|p1a: CauetBurger|87/100|[from] item: Leftovers
|upkeep
|turn|21
|
|t:|1642796203
|move|p2a: holey moley|Earthquake|p1a: CauetBurger
|-supereffective|p1a: CauetBurger
|-damage|p1a: CauetBurger|12/100
|move|p1a: CauetBurger|Hydro Pump|p2a: holey moley
|-supereffective|p2a: holey moley
|-damage|p2a: holey moley|19/100
|
|-heal|p2a: holey moley|25/100|[from] item: Leftovers
|-heal|p1a: CauetBurger|19/100|[from] item: Leftovers
|upkeep
|turn|22
|
|t:|1642796213
|switch|p1a: Drapion|Drapion, M|13/100
|-damage|p1a: Drapion|0 fnt|[from] Stealth Rock
|faint|p1a: Drapion
|move|p2a: holey moley|Earthquake|p1: Drapion|[notarget]
|-fail|p2a: holey moley
|
|-heal|p2a: holey moley|31/100|[from] item: Leftovers
|upkeep
|
|t:|1642796215
|switch|p1a: Etchebest|Conkeldurr, M|37/100
|-damage|p1a: Etchebest|31/100|[from] Stealth Rock
|turn|23
|
|t:|1642796219
|switch|p2a: moon goon|Cresselia, F|96/100
|move|p1a: Etchebest|Mach Punch|p2a: moon goon
|-resisted|p2a: moon goon
|-damage|p2a: moon goon|90/100
|
|-status|p1a: Etchebest|brn|[from] item: Flame Orb
|upkeep
|turn|24
|
|t:|1642796230
|switch|p1a: CauetBurger|Rotom-Wash|19/100
|-damage|p1a: CauetBurger|6/100|[from] Stealth Rock
|move|p2a: moon goon|Calm Mind|p2a: moon goon
|-boost|p2a: moon goon|spa|1
|-boost|p2a: moon goon|spd|1
|
|-heal|p1a: CauetBurger|12/100|[from] item: Leftovers
|upkeep
|turn|25
|
|t:|1642796236
|move|p2a: moon goon|Calm Mind|p2a: moon goon
|-boost|p2a: moon goon|spa|1
|-boost|p2a: moon goon|spd|1
|move|p1a: CauetBurger|Defog|p2a: moon goon
|-unboost|p2a: moon goon|evasion|1
|-sideend|p1: EliotEnRetar|Stealth Rock|[from] move: Defog|[of] p1a: CauetBurger
|
|-heal|p1a: CauetBurger|19/100|[from] item: Leftovers
|upkeep
|turn|26
|
|t:|1642796239
|move|p2a: moon goon|Moonblast|p1a: CauetBurger
|-damage|p1a: CauetBurger|0 fnt
|faint|p1a: CauetBurger
|
|upkeep
|
|t:|1642796242
|switch|p1a: En Brrrrrr|Zygarde-10%|68/100
|-ability|p1a: En Brrrrrr|Aura Break
|turn|27
|
|t:|1642796245
|move|p1a: En Brrrrrr|Outrage|p2a: moon goon
|-damage|p2a: moon goon|46/100
|move|p2a: moon goon|Moonblast|p1a: En Brrrrrr
|-supereffective|p1a: En Brrrrrr
|-damage|p1a: En Brrrrrr|0 fnt
|faint|p1a: En Brrrrrr
|
|upkeep
|
|t:|1642796249
|switch|p1a: BizouJeManvol|Talonflame, F|25/100
|turn|28
|
|t:|1642796251
|move|p1a: BizouJeManvol|Brave Bird|p2a: moon goon
|-damage|p2a: moon goon|20/100
|-damage|p1a: BizouJeManvol|13/100|[from] Recoil
|move|p2a: moon goon|Moonlight|p2a: moon goon
|-heal|p2a: moon goon|70/100
|
|upkeep
|turn|29
|-message|EliotEnRetar forfeited.
|
|win|pif
|raw|EliotEnRetar's rating: 1394 &rarr; <strong>1385</strong><br />(-9 for losing)
|raw|pif's rating: 1608 &rarr; <strong>1617</strong><br />(+9 for winning)
|l|☆EliotEnRetar
