|j|☆IndeedeIsKing
|j|☆pokemonisfun
|t:|1667154128
|gametype|singles
|player|p1|IndeedeIsKing|doctor-gen8|1560
|player|p2|pokemonisfun|#uutrio2ladder|1631
|teamsize|p1|6
|teamsize|p2|6
|gen|8
|tier|[Gen 8] UU
|rated|
|rule|Sleep Clause Mod: Limit one foe put to sleep
|rule|Species Clause: Limit one of each Pokémon
|rule|OHKO Clause: OHKO moves are banned
|rule|Evasion Items Clause: Evasion items are banned
|rule|Evasion Moves Clause: Evasion moves are banned
|rule|Endless Battle Clause: Forcing endless battles is banned
|rule|HP Percentage Mod: HP is shown in percentages
|rule|Dynamax Clause: You cannot dynamax
|clearpoke
|poke|p1|Entei|
|poke|p1|Primarina, M|
|poke|p1|Tangrowth, F|
|poke|p1|Salamence, F|
|poke|p1|Hippowdon, F|
|poke|p1|Jirachi|
|poke|p2|Toxtricity, F|
|poke|p2|Sylveon, F|
|poke|p2|Scizor, F|
|poke|p2|Hippowdon, M|
|poke|p2|Rotom-Wash|
|poke|p2|Milotic, F|
|teampreview
|inactive|Battle timer is ON: inactive players will automatically lose when time's up. (requested by IndeedeIsKing)
|inactive|IndeedeIsKing has 120 seconds left.
|c|☆IndeedeIsKing|Glhf
|c|☆pokemonisfun|glhf
|
|t:|1667154183
|start
|switch|p1a: Hippowdon|Hippowdon, F|100/100
|switch|p2a: wishy washy|Rotom-Wash|100/100
|-weather|Sandstorm|[from] ability: Sand Stream|[of] p1a: Hippowdon
|turn|1
|
|t:|1667154199
|move|p2a: wishy washy|Trick|p1a: Hippowdon
|-activate|p2a: wishy washy|move: Trick|[of] p1a: Hippowdon
|-item|p1a: Hippowdon|Choice Scarf|[from] move: Trick
|-item|p2a: wishy washy|Leftovers|[from] move: Trick
|move|p1a: Hippowdon|Toxic|p2a: wishy washy|[miss]
|-miss|p1a: Hippowdon|p2a: wishy washy
|
|-weather|Sandstorm|[upkeep]
|-damage|p2a: wishy washy|94/100|[from] Sandstorm
|-heal|p2a: wishy washy|100/100|[from] item: Leftovers
|upkeep
|turn|2
|
|t:|1667154218
|move|p2a: wishy washy|Volt Switch|p1a: Hippowdon
|-immune|p1a: Hippowdon
|move|p1a: Hippowdon|Toxic|p2a: wishy washy
|-status|p2a: wishy washy|tox
|
|-weather|Sandstorm|[upkeep]
|-damage|p2a: wishy washy|94/100 tox|[from] Sandstorm
|-heal|p2a: wishy washy|100/100 tox|[from] item: Leftovers
|-damage|p2a: wishy washy|94/100 tox|[from] psn
|upkeep
|turn|3
|
|t:|1667154221
|switch|p1a: Tangrowth|Tangrowth, F|100/100
|move|p2a: wishy washy|Volt Switch|p1a: Tangrowth
|-resisted|p1a: Tangrowth
|-damage|p1a: Tangrowth|92/100
|
|t:|1667154224
|switch|p2a: punchy wunchy|Scizor, F|100/100|[from]move: Volt Switch
|
|-weather|Sandstorm|[upkeep]
|-damage|p1a: Tangrowth|85/100|[from] Sandstorm
|upkeep
|turn|4
|
|t:|1667154230
|switch|p1a: Hippowdon|Hippowdon, F|100/100
|move|p2a: punchy wunchy|U-turn|p1a: Hippowdon
|-damage|p1a: Hippowdon|80/100
|
|t:|1667154237
|switch|p2a: wishy washy|Rotom-Wash|94/100 tox|[from]move: U-turn
|
|-weather|Sandstorm|[upkeep]
|-damage|p2a: wishy washy|88/100 tox|[from] Sandstorm
|-heal|p2a: wishy washy|94/100 tox|[from] item: Leftovers
|-damage|p2a: wishy washy|88/100 tox|[from] psn
|upkeep
|turn|5
|
|t:|1667154240
|switch|p1a: Tangrowth|Tangrowth, F|100/100
|move|p2a: wishy washy|Volt Switch|p1a: Tangrowth
|-resisted|p1a: Tangrowth
|-damage|p1a: Tangrowth|92/100
|
|t:|1667154247
|switch|p2a: punchy wunchy|Scizor, F|100/100|[from]move: Volt Switch
|
|-weather|none
|upkeep
|turn|6
|
|t:|1667154251
|move|p2a: punchy wunchy|U-turn|p1a: Tangrowth
|-supereffective|p1a: Tangrowth
|-damage|p1a: Tangrowth|48/100
|
|t:|1667154263
|switch|p2a: hip(pos) dont lie|Hippowdon, M|100/100|[from]move: U-turn
|-weather|Sandstorm|[from] ability: Sand Stream|[of] p2a: hip(pos) dont lie
|move|p1a: Tangrowth|Knock Off|p2a: hip(pos) dont lie
|-damage|p2a: hip(pos) dont lie|87/100
|-damage|p1a: Tangrowth|32/100|[from] item: Rocky Helmet|[of] p2a: hip(pos) dont lie
|-enditem|p2a: hip(pos) dont lie|Rocky Helmet|[from] move: Knock Off|[of] p1a: Tangrowth
|
|-weather|Sandstorm|[upkeep]
|-damage|p1a: Tangrowth|25/100|[from] Sandstorm
|upkeep
|turn|7
|
|t:|1667154270
|switch|p1a: Primarina|Primarina, M|100/100
|move|p2a: hip(pos) dont lie|Stealth Rock|p1a: Primarina
|-sidestart|p1: IndeedeIsKing|move: Stealth Rock
|
|-weather|Sandstorm|[upkeep]
|-damage|p1a: Primarina|94/100|[from] Sandstorm
|-heal|p1a: Primarina|100/100|[from] item: Leftovers
|upkeep
|turn|8
|
|t:|1667154274
|switch|p2a: kitty katty|Sylveon, F|100/100
|move|p1a: Primarina|Calm Mind|p1a: Primarina
|-boost|p1a: Primarina|spa|1
|-boost|p1a: Primarina|spd|1
|
|-weather|Sandstorm|[upkeep]
|-damage|p2a: kitty katty|94/100|[from] Sandstorm
|-damage|p1a: Primarina|94/100|[from] Sandstorm
|-heal|p2a: kitty katty|100/100|[from] item: Leftovers
|-heal|p1a: Primarina|100/100|[from] item: Leftovers
|upkeep
|turn|9
|
|t:|1667154277
|move|p2a: kitty katty|Heal Bell|p2a: kitty katty
|-activate|p2a: kitty katty|move: Heal Bell
|-curestatus|p2: wishy washy|tox|[msg]
|move|p1a: Primarina|Calm Mind|p1a: Primarina
|-boost|p1a: Primarina|spa|1
|-boost|p1a: Primarina|spd|1
|
|-weather|Sandstorm|[upkeep]
|-damage|p2a: kitty katty|94/100|[from] Sandstorm
|-damage|p1a: Primarina|94/100|[from] Sandstorm
|-heal|p2a: kitty katty|100/100|[from] item: Leftovers
|-heal|p1a: Primarina|100/100|[from] item: Leftovers
|upkeep
|turn|10
|
|t:|1667154279
|switch|p2a: smekky snek|Milotic, F|100/100
|move|p1a: Primarina|Calm Mind|p1a: Primarina
|-boost|p1a: Primarina|spa|1
|-boost|p1a: Primarina|spd|1
|
|-weather|none
|upkeep
|turn|11
|
|t:|1667154283
|move|p2a: smekky snek|Haze|p2a: smekky snek
|-clearallboost
|move|p1a: Primarina|Moonblast|p2a: smekky snek
|-damage|p2a: smekky snek|74/100
|
|upkeep
|turn|12
|
|t:|1667154294
|switch|p1a: Tangrowth|Tangrowth, F|59/100
|-damage|p1a: Tangrowth|46/100|[from] Stealth Rock
|move|p2a: smekky snek|Toxic|p1a: Tangrowth|[miss]
|-miss|p2a: smekky snek|p1a: Tangrowth
|
|upkeep
|turn|13
|
|t:|1667154302
|switch|p2a: punchy wunchy|Scizor, F|100/100
|move|p1a: Tangrowth|Knock Off|p2a: punchy wunchy
|-damage|p2a: punchy wunchy|82/100
|-enditem|p2a: punchy wunchy|Heavy-Duty Boots|[from] move: Knock Off|[of] p1a: Tangrowth
|
|upkeep
|turn|14
|
|t:|1667154306
|switch|p1a: Salamence|Salamence, F|100/100
|-ability|p1a: Salamence|Intimidate|boost
|-unboost|p2a: punchy wunchy|atk|1
|move|p2a: punchy wunchy|U-turn|p1a: Salamence
|-resisted|p1a: Salamence
|-damage|p1a: Salamence|92/100
|
|t:|1667154313
|switch|p2a: funky punky|Toxtricity, F|100/100|[from]move: U-turn
|
|upkeep
|turn|15
|
|t:|1667154320
|move|p1a: Salamence|Roost|p1a: Salamence
|-heal|p1a: Salamence|100/100
|-singleturn|p1a: Salamence|move: Roost
|move|p2a: funky punky|Boomburst|p1a: Salamence
|-damage|p1a: Salamence|2/100
|
|upkeep
|turn|16
|c|☆IndeedeIsKing|Oh this did a lot more than I expected
|
|t:|1667154332
|switch|p1a: Jirachi|Jirachi|100/100
|-damage|p1a: Jirachi|94/100|[from] Stealth Rock
|move|p2a: funky punky|Boomburst|p1a: Jirachi
|-resisted|p1a: Jirachi
|-damage|p1a: Jirachi|53/100
|
|-heal|p1a: Jirachi|59/100|[from] item: Leftovers
|upkeep
|turn|17
|
|t:|1667154338
|switch|p2a: punchy wunchy|Scizor, F|82/100
|move|p1a: Jirachi|Wish|p1a: Jirachi
|
|-heal|p1a: Jirachi|65/100|[from] item: Leftovers
|upkeep
|turn|18
|
|t:|1667154342
|move|p1a: Jirachi|Protect|p1a: Jirachi
|-singleturn|p1a: Jirachi|Protect
|move|p2a: punchy wunchy|U-turn|p1a: Jirachi
|-activate|p1a: Jirachi|move: Protect
|
|-heal|p1a: Jirachi|100/100|[from] move: Wish|[wisher] Jirachi
|upkeep
|turn|19
|
|t:|1667154345
|move|p1a: Jirachi|Wish|p1a: Jirachi
|move|p2a: punchy wunchy|U-turn|p1a: Jirachi
|-damage|p1a: Jirachi|71/100
|
|t:|1667154356
|switch|p2a: wishy washy|Rotom-Wash|88/100|[from]move: U-turn
|
|-heal|p1a: Jirachi|77/100|[from] item: Leftovers
|-heal|p2a: wishy washy|94/100|[from] item: Leftovers
|upkeep
|turn|20
|
|t:|1667154364
|move|p1a: Jirachi|U-turn|p2a: wishy washy
|-damage|p2a: wishy washy|74/100
|
|t:|1667154367
|switch|p1a: Hippowdon|Hippowdon, F|80/100|[from]move: U-turn
|-damage|p1a: Hippowdon|74/100|[from] Stealth Rock
|-weather|Sandstorm|[from] ability: Sand Stream|[of] p1a: Hippowdon
|move|p2a: wishy washy|Volt Switch|p1a: Hippowdon
|-immune|p1a: Hippowdon
|
|-weather|Sandstorm|[upkeep]
|-damage|p2a: wishy washy|68/100|[from] Sandstorm
|-heal|p1a: Hippowdon|100/100|[from] move: Wish|[wisher] Jirachi
|-heal|p2a: wishy washy|74/100|[from] item: Leftovers
|upkeep
|turn|21
|
|t:|1667154371
|move|p2a: wishy washy|Hydro Pump|p1a: Hippowdon
|-supereffective|p1a: Hippowdon
|-damage|p1a: Hippowdon|32/100
|move|p1a: Hippowdon|Stealth Rock|p2a: wishy washy
|-sidestart|p2: pokemonisfun|move: Stealth Rock
|
|-weather|Sandstorm|[upkeep]
|-damage|p2a: wishy washy|68/100|[from] Sandstorm
|-heal|p2a: wishy washy|74/100|[from] item: Leftovers
|upkeep
|turn|22
|
|t:|1667154378
|move|p2a: wishy washy|Defog|p1a: Hippowdon
|-unboost|p1a: Hippowdon|evasion|1
|-sideend|p1: IndeedeIsKing|Stealth Rock|[from] move: Defog|[of] p2a: wishy washy
|-sideend|p2: pokemonisfun|Stealth Rock|[from] move: Defog|[of] p2a: wishy washy
|move|p1a: Hippowdon|Stealth Rock|p2a: wishy washy
|-sidestart|p2: pokemonisfun|move: Stealth Rock
|
|-weather|Sandstorm|[upkeep]
|-damage|p2a: wishy washy|68/100|[from] Sandstorm
|-heal|p2a: wishy washy|74/100|[from] item: Leftovers
|upkeep
|turn|23
|
|t:|1667154381
|switch|p1a: Tangrowth|Tangrowth, F|79/100
|move|p2a: wishy washy|Defog|p1a: Tangrowth
|-unboost|p1a: Tangrowth|evasion|1
|-sideend|p2: pokemonisfun|Stealth Rock|[from] move: Defog|[of] p2a: wishy washy
|
|-weather|Sandstorm|[upkeep]
|-damage|p2a: wishy washy|68/100|[from] Sandstorm
|-damage|p1a: Tangrowth|73/100|[from] Sandstorm
|-heal|p2a: wishy washy|74/100|[from] item: Leftovers
|upkeep
|turn|24
|
|t:|1667154388
|move|p2a: wishy washy|Volt Switch|p1a: Tangrowth
|-resisted|p1a: Tangrowth
|-damage|p1a: Tangrowth|65/100
|
|t:|1667154394
|switch|p2a: hip(pos) dont lie|Hippowdon, M|87/100|[from]move: Volt Switch
|move|p1a: Tangrowth|Focus Blast|p2a: hip(pos) dont lie|[miss]
|-miss|p1a: Tangrowth|p2a: hip(pos) dont lie
|
|-weather|none
|upkeep
|turn|25
|
|t:|1667154399
|switch|p1a: Salamence|Salamence, F|2/100
|-ability|p1a: Salamence|Intimidate|boost
|-unboost|p2a: hip(pos) dont lie|atk|1
|move|p2a: hip(pos) dont lie|Stealth Rock|p1a: Salamence
|-sidestart|p1: IndeedeIsKing|move: Stealth Rock
|
|upkeep
|turn|26
|
|t:|1667154420
|move|p1a: Salamence|Roost|p1a: Salamence
|-heal|p1a: Salamence|52/100
|-singleturn|p1a: Salamence|move: Roost
|move|p2a: hip(pos) dont lie|Toxic|p1a: Salamence
|-status|p1a: Salamence|tox
|
|-damage|p1a: Salamence|46/100 tox|[from] psn
|upkeep
|turn|27
|
|t:|1667154423
|move|p1a: Salamence|Defog|p2a: hip(pos) dont lie
|-unboost|p2a: hip(pos) dont lie|evasion|1
|-sideend|p1: IndeedeIsKing|Stealth Rock|[from] move: Defog|[of] p1a: Salamence
|move|p2a: hip(pos) dont lie|Earthquake|p1a: Salamence
|-immune|p1a: Salamence
|
|-damage|p1a: Salamence|34/100 tox|[from] psn
|upkeep
|turn|28
|
|t:|1667154437
|switch|p1a: Primarina|Primarina, M|100/100
|move|p2a: hip(pos) dont lie|Stealth Rock|p1a: Primarina
|-sidestart|p1: IndeedeIsKing|move: Stealth Rock
|
|upkeep
|turn|29
|
|t:|1667154445
|switch|p2a: smekky snek|Milotic, F|74/100
|move|p1a: Primarina|Calm Mind|p1a: Primarina
|-boost|p1a: Primarina|spa|1
|-boost|p1a: Primarina|spd|1
|
|upkeep
|turn|30
|
|t:|1667154447
|move|p2a: smekky snek|Toxic|p1a: Primarina
|-status|p1a: Primarina|tox
|move|p1a: Primarina|Moonblast|p2a: smekky snek
|-damage|p2a: smekky snek|33/100
|
|-damage|p1a: Primarina|94/100 tox|[from] psn
|upkeep
|turn|31
|
|t:|1667154455
|move|p2a: smekky snek|Recover|p2a: smekky snek
|-heal|p2a: smekky snek|83/100
|move|p1a: Primarina|Moonblast|p2a: smekky snek
|-damage|p2a: smekky snek|44/100
|
|-heal|p1a: Primarina|100/100 tox|[from] item: Leftovers
|-damage|p1a: Primarina|88/100 tox|[from] psn
|upkeep
|turn|32
|
|t:|1667154458
|move|p2a: smekky snek|Recover|p2a: smekky snek
|-heal|p2a: smekky snek|94/100
|move|p1a: Primarina|Moonblast|p2a: smekky snek
|-damage|p2a: smekky snek|55/100
|-unboost|p2a: smekky snek|spa|1
|
|-heal|p1a: Primarina|94/100 tox|[from] item: Leftovers
|-damage|p1a: Primarina|76/100 tox|[from] psn
|upkeep
|turn|33
|
|t:|1667154460
|move|p2a: smekky snek|Recover|p2a: smekky snek
|-heal|p2a: smekky snek|100/100
|move|p1a: Primarina|Moonblast|p2a: smekky snek
|-damage|p2a: smekky snek|61/100
|-unboost|p2a: smekky snek|spa|1
|
|-heal|p1a: Primarina|82/100 tox|[from] item: Leftovers
|-damage|p1a: Primarina|58/100 tox|[from] psn
|upkeep
|turn|34
|
|t:|1667154463
|move|p2a: smekky snek|Recover|p2a: smekky snek
|-heal|p2a: smekky snek|100/100
|move|p1a: Primarina|Rest|p1a: Primarina
|-status|p1a: Primarina|slp|[from] move: Rest
|-heal|p1a: Primarina|100/100 slp|[silent]
|
|upkeep
|turn|35
|
|t:|1667154465
|move|p2a: smekky snek|Haze|p2a: smekky snek
|-clearallboost
|cant|p1a: Primarina|slp
|move|p1a: Primarina|Snore|p2a: smekky snek
|-damage|p2a: smekky snek|91/100
|
|upkeep
|turn|36
|
|t:|1667154468
|switch|p2a: funky punky|Toxtricity, F|100/100
|cant|p1a: Primarina|slp
|move|p1a: Primarina|Snore|p2a: funky punky
|-damage|p2a: funky punky|90/100
|
|upkeep
|turn|37
|
|t:|1667154475
|move|p2a: funky punky|Boomburst|p1a: Primarina
|-damage|p1a: Primarina|38/100 slp
|-curestatus|p1a: Primarina|slp|[msg]
|move|p1a: Primarina|Rest|p1a: Primarina
|-status|p1a: Primarina|slp|[from] move: Rest
|-heal|p1a: Primarina|100/100 slp|[silent]
|
|upkeep
|turn|38
|
|t:|1667154485
|switch|p1a: Hippowdon|Hippowdon, F|32/100
|-damage|p1a: Hippowdon|26/100|[from] Stealth Rock
|-weather|Sandstorm|[from] ability: Sand Stream|[of] p1a: Hippowdon
|move|p2a: funky punky|Boomburst|p1a: Hippowdon
|-damage|p1a: Hippowdon|0 fnt
|faint|p1a: Hippowdon
|
|-weather|Sandstorm|[upkeep]
|-damage|p2a: funky punky|84/100|[from] Sandstorm
|upkeep
|
|t:|1667154487
|switch|p1a: Jirachi|Jirachi|77/100
|-damage|p1a: Jirachi|71/100|[from] Stealth Rock
|turn|39
|
|t:|1667154492
|switch|p2a: punchy wunchy|Scizor, F|82/100
|move|p1a: Jirachi|Wish|p1a: Jirachi
|
|-weather|Sandstorm|[upkeep]
|-heal|p1a: Jirachi|77/100|[from] item: Leftovers
|upkeep
|turn|40
|
|t:|1667154497
|move|p1a: Jirachi|Protect|p1a: Jirachi
|-singleturn|p1a: Jirachi|Protect
|move|p2a: punchy wunchy|Knock Off|p1a: Jirachi
|-activate|p1a: Jirachi|move: Protect
|
|-weather|Sandstorm|[upkeep]
|-heal|p1a: Jirachi|100/100|[from] move: Wish|[wisher] Jirachi
|upkeep
|turn|41
|
|t:|1667154500
|move|p1a: Jirachi|U-turn|p2a: punchy wunchy
|-resisted|p2a: punchy wunchy
|-damage|p2a: punchy wunchy|76/100
|
|t:|1667154503
|switch|p1a: Primarina|Primarina, M|100/100 slp|[from]move: U-turn
|-damage|p1a: Primarina|88/100 slp|[from] Stealth Rock
|move|p2a: punchy wunchy|Knock Off|p1a: Primarina
|-resisted|p1a: Primarina
|-damage|p1a: Primarina|73/100 slp
|-enditem|p1a: Primarina|Leftovers|[from] move: Knock Off|[of] p2a: punchy wunchy
|
|-weather|Sandstorm|[upkeep]
|-damage|p1a: Primarina|67/100 slp|[from] Sandstorm
|upkeep
|turn|42
|
|t:|1667154509
|move|p2a: punchy wunchy|U-turn|p1a: Primarina
|-resisted|p1a: Primarina
|-damage|p1a: Primarina|49/100 slp
|
|t:|1667154511
|switch|p2a: funky punky|Toxtricity, F|84/100|[from]move: U-turn
|cant|p1a: Primarina|slp
|move|p1a: Primarina|Snore|p2a: funky punky
|-damage|p2a: funky punky|73/100
|
|-weather|none
|upkeep
|turn|43
|
|t:|1667154516
|switch|p1a: Jirachi|Jirachi|100/100
|-damage|p1a: Jirachi|94/100|[from] Stealth Rock
|move|p2a: funky punky|Volt Switch|p1a: Jirachi
|-damage|p1a: Jirachi|51/100
|
|t:|1667154518
|switch|p2a: punchy wunchy|Scizor, F|76/100|[from]move: Volt Switch
|
|-heal|p1a: Jirachi|57/100|[from] item: Leftovers
|upkeep
|turn|44
|
|t:|1667154523
|move|p1a: Jirachi|Protect|p1a: Jirachi
|-singleturn|p1a: Jirachi|Protect
|move|p2a: punchy wunchy|Knock Off|p1a: Jirachi
|-activate|p1a: Jirachi|move: Protect
|
|-heal|p1a: Jirachi|63/100|[from] item: Leftovers
|upkeep
|turn|45
|
|t:|1667154527
|move|p1a: Jirachi|Iron Head|p2a: punchy wunchy
|-resisted|p2a: punchy wunchy
|-damage|p2a: punchy wunchy|64/100
|move|p2a: punchy wunchy|Knock Off|p1a: Jirachi
|-supereffective|p1a: Jirachi
|-damage|p1a: Jirachi|8/100
|-enditem|p1a: Jirachi|Leftovers|[from] move: Knock Off|[of] p2a: punchy wunchy
|
|upkeep
|turn|46
|
|t:|1667154529
|move|p2a: punchy wunchy|Bullet Punch|p1a: Jirachi
|-resisted|p1a: Jirachi
|-damage|p1a: Jirachi|0 fnt
|faint|p1a: Jirachi
|
|upkeep
|
|t:|1667154532
|switch|p1a: Tangrowth|Tangrowth, F|99/100
|-damage|p1a: Tangrowth|86/100|[from] Stealth Rock
|turn|47
|
|t:|1667154536
|move|p2a: punchy wunchy|Knock Off|p1a: Tangrowth
|-damage|p1a: Tangrowth|63/100
|-enditem|p1a: Tangrowth|Assault Vest|[from] move: Knock Off|[of] p2a: punchy wunchy
|move|p1a: Tangrowth|Focus Blast|p2a: punchy wunchy|[miss]
|-miss|p1a: Tangrowth|p2a: punchy wunchy
|
|upkeep
|turn|48
|
|t:|1667154538
|move|p2a: punchy wunchy|U-turn|p1a: Tangrowth
|-supereffective|p1a: Tangrowth
|-damage|p1a: Tangrowth|14/100
|
|t:|1667154550
|switch|p2a: kitty katty|Sylveon, F|100/100|[from]move: U-turn
|move|p1a: Tangrowth|Focus Blast|p2a: kitty katty
|-resisted|p2a: kitty katty
|-damage|p2a: kitty katty|92/100
|
|-heal|p2a: kitty katty|98/100|[from] item: Leftovers
|upkeep
|turn|49
|
|t:|1667154554
|move|p2a: kitty katty|Hyper Voice|p1a: Tangrowth
|-damage|p1a: Tangrowth|0 fnt
|faint|p1a: Tangrowth
|
|-heal|p2a: kitty katty|100/100|[from] item: Leftovers
|upkeep
|
|t:|1667154556
|switch|p1a: Entei|Entei|100/100
|-damage|p1a: Entei|76/100|[from] Stealth Rock
|-ability|p1a: Entei|Pressure
|turn|50
|
|t:|1667154567
|move|p2a: kitty katty|Protect|p2a: kitty katty
|-singleturn|p2a: kitty katty|Protect
|move|p1a: Entei|Calm Mind|p1a: Entei
|-boost|p1a: Entei|spa|1
|-boost|p1a: Entei|spd|1
|
|-heal|p1a: Entei|82/100|[from] item: Leftovers
|upkeep
|turn|51
|
|t:|1667154570
|switch|p2a: smekky snek|Milotic, F|91/100
|move|p1a: Entei|Substitute|p1a: Entei
|-start|p1a: Entei|Substitute
|-damage|p1a: Entei|57/100
|
|-heal|p1a: Entei|63/100|[from] item: Leftovers
|upkeep
|turn|52
|
|t:|1667154572
|move|p1a: Entei|Lava Plume|p2a: smekky snek
|-resisted|p2a: smekky snek
|-damage|p2a: smekky snek|79/100
|-status|p2a: smekky snek|brn
|move|p2a: smekky snek|Haze|p2a: smekky snek
|-clearallboost
|
|-heal|p1a: Entei|69/100|[from] item: Leftovers
|-damage|p2a: smekky snek|73/100 brn|[from] brn
|upkeep
|turn|53
|
|t:|1667154576
|move|p1a: Entei|Calm Mind|p1a: Entei
|-boost|p1a: Entei|spa|1
|-boost|p1a: Entei|spd|1
|move|p2a: smekky snek|Scald|p1a: Entei
|-supereffective|p1a: Entei
|-end|p1a: Entei|Substitute
|
|-heal|p1a: Entei|76/100|[from] item: Leftovers
|-damage|p2a: smekky snek|67/100 brn|[from] brn
|upkeep
|turn|54
|
|t:|1667154579
|move|p1a: Entei|Protect|p1a: Entei
|-singleturn|p1a: Entei|Protect
|move|p2a: smekky snek|Haze|p2a: smekky snek
|-clearallboost
|
|-heal|p1a: Entei|82/100|[from] item: Leftovers
|-damage|p2a: smekky snek|61/100 brn|[from] brn
|upkeep
|turn|55
|
|t:|1667154582
|move|p1a: Entei|Substitute|p1a: Entei
|-start|p1a: Entei|Substitute
|-damage|p1a: Entei|57/100
|move|p2a: smekky snek|Scald|p1a: Entei
|-supereffective|p1a: Entei
|-end|p1a: Entei|Substitute
|
|-heal|p1a: Entei|63/100|[from] item: Leftovers
|-damage|p2a: smekky snek|55/100 brn|[from] brn
|upkeep
|turn|56
|
|t:|1667154584
|move|p1a: Entei|Protect|p1a: Entei
|-singleturn|p1a: Entei|Protect
|move|p2a: smekky snek|Recover|p2a: smekky snek
|-heal|p2a: smekky snek|100/100 brn
|
|-heal|p1a: Entei|69/100|[from] item: Leftovers
|-damage|p2a: smekky snek|94/100 brn|[from] brn
|upkeep
|turn|57
|
|t:|1667154586
|move|p1a: Entei|Calm Mind|p1a: Entei
|-boost|p1a: Entei|spa|1
|-boost|p1a: Entei|spd|1
|move|p2a: smekky snek|Scald|p1a: Entei
|-supereffective|p1a: Entei
|-damage|p1a: Entei|32/100
|
|-heal|p1a: Entei|38/100|[from] item: Leftovers
|-damage|p2a: smekky snek|88/100 brn|[from] brn
|upkeep
|turn|58
|
|t:|1667154588
|move|p1a: Entei|Protect|p1a: Entei
|-singleturn|p1a: Entei|Protect
|move|p2a: smekky snek|Haze|p2a: smekky snek
|-clearallboost
|
|-heal|p1a: Entei|45/100|[from] item: Leftovers
|-damage|p2a: smekky snek|82/100 brn|[from] brn
|upkeep
|turn|59
|
|t:|1667154592
|move|p1a: Entei|Calm Mind|p1a: Entei
|-boost|p1a: Entei|spa|1
|-boost|p1a: Entei|spd|1
|move|p2a: smekky snek|Scald|p1a: Entei
|-supereffective|p1a: Entei
|-damage|p1a: Entei|7/100
|
|-heal|p1a: Entei|13/100|[from] item: Leftovers
|-damage|p2a: smekky snek|76/100 brn|[from] brn
|upkeep
|turn|60
|
|t:|1667154596
|move|p1a: Entei|Lava Plume|p2a: smekky snek
|-resisted|p2a: smekky snek
|-damage|p2a: smekky snek|63/100 brn
|move|p2a: smekky snek|Haze|p2a: smekky snek
|-clearallboost
|
|-heal|p1a: Entei|20/100|[from] item: Leftovers
|-damage|p2a: smekky snek|57/100 brn|[from] brn
|upkeep
|turn|61
|
|t:|1667154599
|move|p1a: Entei|Protect|p1a: Entei
|-singleturn|p1a: Entei|Protect
|move|p2a: smekky snek|Recover|p2a: smekky snek
|-heal|p2a: smekky snek|100/100 brn
|
|-heal|p1a: Entei|26/100|[from] item: Leftovers
|-damage|p2a: smekky snek|94/100 brn|[from] brn
|upkeep
|turn|62
|
|t:|1667154607
|move|p1a: Entei|Substitute|p1a: Entei
|-start|p1a: Entei|Substitute
|-damage|p1a: Entei|1/100
|move|p2a: smekky snek|Scald|p1a: Entei
|-supereffective|p1a: Entei
|-end|p1a: Entei|Substitute
|
|-heal|p1a: Entei|7/100|[from] item: Leftovers
|-damage|p2a: smekky snek|88/100 brn|[from] brn
|upkeep
|turn|63
|
|t:|1667154610
|switch|p2a: wishy washy|Rotom-Wash|74/100
|move|p1a: Entei|Protect||[still]
|-fail|p1a: Entei
|
|-heal|p2a: wishy washy|80/100|[from] item: Leftovers
|-heal|p1a: Entei|13/100|[from] item: Leftovers
|upkeep
|turn|64
|
|t:|1667154612
|move|p1a: Entei|Protect|p1a: Entei
|-singleturn|p1a: Entei|Protect
|move|p2a: wishy washy|Volt Switch|p1a: Entei
|-activate|p1a: Entei|move: Protect
|
|-heal|p2a: wishy washy|87/100|[from] item: Leftovers
|-heal|p1a: Entei|20/100|[from] item: Leftovers
|upkeep
|turn|65
|
|t:|1667154616
|switch|p1a: Salamence|Salamence, F|34/100 tox
|-ability|p1a: Salamence|Intimidate|boost
|-unboost|p2a: wishy washy|atk|1
|move|p2a: wishy washy|Volt Switch|p1a: Salamence
|-damage|p1a: Salamence|2/100 tox
|
|t:|1667154619
|switch|p2a: funky punky|Toxtricity, F|73/100|[from]move: Volt Switch
|
|-damage|p1a: Salamence|0 fnt|[from] psn
|faint|p1a: Salamence
|upkeep
|
|t:|1667154621
|switch|p1a: Primarina|Primarina, M|49/100 slp
|-damage|p1a: Primarina|37/100 slp|[from] Stealth Rock
|turn|66
|
|t:|1667154624
|move|p2a: funky punky|Overdrive|p1a: Primarina
|-supereffective|p1a: Primarina
|-damage|p1a: Primarina|0 fnt
|faint|p1a: Primarina
|
|upkeep
|c|☆IndeedeIsKing|GG
|c|☆pokemonisfun|gg
|
|t:|1667154627
|switch|p1a: Entei|Entei|20/100
|-damage|p1a: Entei|0 fnt|[from] Stealth Rock
|faint|p1a: Entei
|
|win|pokemonisfun
|raw|IndeedeIsKing's rating: 1560 &rarr; <strong>1544</strong><br />(-16 for losing)
|raw|pokemonisfun's rating: 1631 &rarr; <strong>1647</strong><br />(+16 for winning)
