|j|☆MiniTotomon
|j|☆dinktragonpamer
|t:|1665319941
|gametype|singles
|player|p1|MiniTotomon|fantina|1474
|player|p2|dinktragonpamer|101|1537
|teamsize|p1|6
|teamsize|p2|6
|gen|8
|tier|[Gen 8] UU
|rated|
|rule|Sleep Clause Mod: Limit one foe put to sleep
|rule|Species Clause: Limit one of each Pokémon
|rule|OHKO Clause: OHKO moves are banned
|rule|Evasion Items Clause: Evasion items are banned
|rule|Evasion Moves Clause: Evasion moves are banned
|rule|Endless Battle Clause: Forcing endless battles is banned
|rule|HP Percentage Mod: HP is shown in percentages
|rule|Dynamax Clause: You cannot dynamax
|clearpoke
|poke|p1|Chansey, F|
|poke|p1|Nidoqueen, F|
|poke|p1|Conkeldurr, M|
|poke|p1|Scizor, F|
|poke|p1|Zarude|
|poke|p1|Salamence, F|
|poke|p2|Golisopod, M|
|poke|p2|Cobalion|
|poke|p2|Zygarde-10%|
|poke|p2|Chansey, F|
|poke|p2|Salamence, M|
|poke|p2|Tentacruel, F|
|teampreview
|
|t:|1665319963
|start
|switch|p1a: Nidoqueen|Nidoqueen, F|100/100
|switch|p2a: mencey wencey|Salamence, M|100/100
|-ability|p2a: mencey wencey|Intimidate|boost
|-unboost|p1a: Nidoqueen|atk|1
|turn|1
|
|t:|1665319971
|switch|p2a: megan the eggin|Chansey, F|100/100
|move|p1a: Nidoqueen|Sludge Wave|p2a: megan the eggin
|-damage|p2a: megan the eggin|80/100
|
|upkeep
|turn|2
|
|t:|1665319979
|move|p1a: Nidoqueen|Stealth Rock|p2a: megan the eggin
|-sidestart|p2: dinktragonpamer|move: Stealth Rock
|move|p2a: megan the eggin|Seismic Toss|p1a: Nidoqueen
|-damage|p1a: Nidoqueen|72/100
|
|upkeep
|turn|3
|
|t:|1665319984
|switch|p1a: Scizor|Scizor, F|100/100
|move|p2a: megan the eggin|Teleport|p2a: megan the eggin
|
|t:|1665319988
|switch|p2a: mencey wencey|Salamence, M|100/100|[from]move: Teleport
|-ability|p2a: mencey wencey|Intimidate|boost
|-unboost|p1a: Scizor|atk|1
|
|upkeep
|turn|4
|
|t:|1665320008
|switch|p2a: coba truthin|Cobalion|100/100
|-damage|p2a: coba truthin|97/100|[from] Stealth Rock
|switch|p1a: Chansey|Chansey, F|100/100
|
|upkeep
|turn|5
|
|t:|1665320024
|move|p2a: coba truthin|Stealth Rock|p1a: Chansey
|-sidestart|p1: MiniTotomon|move: Stealth Rock
|move|p1a: Chansey|Thunder Wave|p2a: coba truthin
|-status|p2a: coba truthin|par
|
|upkeep
|turn|6
|
|t:|1665320039
|switch|p2a: hoisin poison|Tentacruel, F|100/100
|-damage|p2a: hoisin poison|88/100|[from] Stealth Rock
|move|p1a: Chansey|Wish|p1a: Chansey
|
|-heal|p2a: hoisin poison|94/100|[from] item: Black Sludge
|upkeep
|turn|7
|
|t:|1665320051
|move|p2a: hoisin poison|Rapid Spin|p1a: Chansey
|-damage|p1a: Chansey|96/100
|-boost|p2a: hoisin poison|spe|1
|-sideend|p2: dinktragonpamer|Stealth Rock|[from] move: Rapid Spin|[of] p2a: hoisin poison
|move|p1a: Chansey|Thunder Wave|p2a: hoisin poison
|-status|p2a: hoisin poison|par
|
|-heal|p1a: Chansey|100/100|[from] move: Wish|[wisher] Chansey
|-heal|p2a: hoisin poison|99/100 par|[from] item: Black Sludge
|upkeep
|turn|8
|j| Lost Existence
|
|t:|1665320082
|switch|p2a: megan the eggin|Chansey, F|80/100
|move|p1a: Chansey|Seismic Toss|p2a: megan the eggin
|-damage|p2a: megan the eggin|66/100
|
|upkeep
|turn|9
|
|t:|1665320090
|move|p1a: Chansey|Wish|p1a: Chansey
|move|p2a: megan the eggin|Teleport|p2a: megan the eggin
|
|t:|1665320108
|switch|p2a: GOD POD|Golisopod, M|100/100|[from]move: Teleport
|
|upkeep
|turn|10
|
|t:|1665320118
|switch|p1a: Salamence|Salamence, F|100/100
|-ability|p1a: Salamence|Intimidate|boost
|-unboost|p2a: GOD POD|atk|1
|move|p2a: GOD POD|Knock Off|p1a: Salamence
|-damage|p1a: Salamence|81/100
|-enditem|p1a: Salamence|Heavy-Duty Boots|[from] move: Knock Off|[of] p2a: GOD POD
|
|-heal|p1a: Salamence|100/100|[from] move: Wish|[wisher] Chansey
|upkeep
|turn|11
|
|t:|1665320130
|switch|p2a: megan the eggin|Chansey, F|66/100
|move|p1a: Salamence|Defog|p2a: megan the eggin
|-unboost|p2a: megan the eggin|evasion|1
|-sideend|p1: MiniTotomon|Stealth Rock|[from] move: Defog|[of] p1a: Salamence
|
|upkeep
|turn|12
|
|t:|1665320141
|switch|p1a: Conkeldurr|Conkeldurr, M|100/100
|move|p2a: megan the eggin|Teleport|p2a: megan the eggin
|
|t:|1665320147
|switch|p2a: mencey wencey|Salamence, M|100/100|[from]move: Teleport
|-ability|p2a: mencey wencey|Intimidate|boost
|-unboost|p1a: Conkeldurr|atk|1
|
|-status|p1a: Conkeldurr|brn|[from] item: Flame Orb
|upkeep
|turn|13
|
|t:|1665320169
|switch|p2a: coba truthin|Cobalion|97/100 par
|switch|p1a: Chansey|Chansey, F|100/100
|
|upkeep
|turn|14
|
|t:|1665320173
|switch|p1a: Nidoqueen|Nidoqueen, F|72/100
|move|p2a: coba truthin|Stealth Rock|p1a: Nidoqueen
|-sidestart|p1: MiniTotomon|move: Stealth Rock
|
|upkeep
|turn|15
|l| Lost Existence
|
|t:|1665320195
|switch|p2a: Zygarde-10% off|Zygarde-10%|100/100
|-ability|p2a: Zygarde-10% off|Aura Break
|move|p1a: Nidoqueen|Stealth Rock|p2a: Zygarde-10% off
|-sidestart|p2: dinktragonpamer|move: Stealth Rock
|
|upkeep
|turn|16
|
|t:|1665320201
|switch|p1a: Zarude|Zarude|100/100
|-damage|p1a: Zarude|88/100|[from] Stealth Rock
|move|p2a: Zygarde-10% off|Thousand Arrows|p1a: Zarude
|-resisted|p1a: Zarude
|-damage|p1a: Zarude|63/100
|
|upkeep
|turn|17
|
|t:|1665320223
|switch|p2a: mencey wencey|Salamence, M|100/100
|-ability|p2a: mencey wencey|Intimidate|boost
|-unboost|p1a: Zarude|atk|1
|move|p1a: Zarude|U-turn|p2a: mencey wencey
|-resisted|p2a: mencey wencey
|-damage|p2a: mencey wencey|94/100
|
|t:|1665320230
|switch|p1a: Chansey|Chansey, F|100/100|[from]move: U-turn
|-damage|p1a: Chansey|88/100|[from] Stealth Rock
|
|upkeep
|turn|18
|
|t:|1665320241
|switch|p2a: hoisin poison|Tentacruel, F|99/100 par
|-damage|p2a: hoisin poison|88/100 par|[from] Stealth Rock
|move|p1a: Chansey|Wish|p1a: Chansey
|
|-heal|p2a: hoisin poison|94/100 par|[from] item: Black Sludge
|upkeep
|turn|19
|
|t:|1665320251
|move|p2a: hoisin poison|Rapid Spin|p1a: Chansey
|-damage|p1a: Chansey|83/100
|-boost|p2a: hoisin poison|spe|1
|-sideend|p2: dinktragonpamer|Stealth Rock|[from] move: Rapid Spin|[of] p2a: hoisin poison
|move|p1a: Chansey|Seismic Toss|p2a: hoisin poison
|-damage|p2a: hoisin poison|66/100 par
|
|-heal|p1a: Chansey|100/100|[from] move: Wish|[wisher] Chansey
|-heal|p2a: hoisin poison|72/100 par|[from] item: Black Sludge
|upkeep
|turn|20
|
|t:|1665320262
|switch|p2a: megan the eggin|Chansey, F|66/100
|move|p1a: Chansey|Seismic Toss|p2a: megan the eggin
|-damage|p2a: megan the eggin|52/100
|
|upkeep
|turn|21
|
|t:|1665320277
|move|p1a: Chansey|Wish|p1a: Chansey
|move|p2a: megan the eggin|Soft-Boiled|p2a: megan the eggin
|-heal|p2a: megan the eggin|100/100
|
|upkeep
|turn|22
|
|t:|1665320286
|switch|p1a: Zarude|Zarude|63/100
|-damage|p1a: Zarude|51/100|[from] Stealth Rock
|move|p2a: megan the eggin|Teleport|p2a: megan the eggin
|
|t:|1665320300
|switch|p2a: GOD POD|Golisopod, M|100/100|[from]move: Teleport
|
|-heal|p1a: Zarude|100/100|[from] move: Wish|[wisher] Chansey
|upkeep
|turn|23
|
|t:|1665320325
|switch|p1a: Scizor|Scizor, F|100/100
|switch|p2a: hoisin poison|Tentacruel, F|72/100 par
|
|-heal|p2a: hoisin poison|79/100 par|[from] item: Black Sludge
|upkeep
|turn|24
|
|t:|1665320336
|switch|p2a: coba truthin|Cobalion|97/100 par
|move|p1a: Scizor|Knock Off|p2a: coba truthin
|-resisted|p2a: coba truthin
|-damage|p2a: coba truthin|83/100 par
|-damage|p1a: Scizor|84/100|[from] item: Rocky Helmet|[of] p2a: coba truthin
|-ability|p2a: coba truthin|Justified|boost
|-boost|p2a: coba truthin|atk|1
|-enditem|p2a: coba truthin|Rocky Helmet|[from] move: Knock Off|[of] p1a: Scizor
|
|upkeep
|turn|25
|
|t:|1665320351
|move|p2a: coba truthin|Iron Head|p1a: Scizor
|-resisted|p1a: Scizor
|-damage|p1a: Scizor|62/100
|cant|p1a: Scizor|flinch
|
|upkeep
|turn|26
|
|t:|1665320360
|switch|p1a: Salamence|Salamence, F|100/100
|-damage|p1a: Salamence|76/100|[from] Stealth Rock
|-ability|p1a: Salamence|Intimidate|boost
|-unboost|p2a: coba truthin|atk|1
|move|p2a: coba truthin|Iron Head|p1a: Salamence
|-damage|p1a: Salamence|50/100
|
|upkeep
|turn|27
|
|t:|1665320375
|switch|p2a: hoisin poison|Tentacruel, F|79/100 par
|move|p1a: Salamence|Roost|p1a: Salamence
|-heal|p1a: Salamence|99/100
|-singleturn|p1a: Salamence|move: Roost
|
|-heal|p2a: hoisin poison|85/100 par|[from] item: Black Sludge
|upkeep
|turn|28
|
|t:|1665320380
|move|p1a: Salamence|Defog|p2a: hoisin poison
|-unboost|p2a: hoisin poison|evasion|1
|-sideend|p1: MiniTotomon|Stealth Rock|[from] move: Defog|[of] p1a: Salamence
|move|p2a: hoisin poison|Sludge Bomb|p1a: Salamence
|-damage|p1a: Salamence|74/100
|
|-heal|p2a: hoisin poison|91/100 par|[from] item: Black Sludge
|upkeep
|turn|29
|
|t:|1665320394
|switch|p1a: Chansey|Chansey, F|100/100
|move|p2a: hoisin poison|Scald|p1a: Chansey
|-damage|p1a: Chansey|94/100
|
|-heal|p2a: hoisin poison|97/100 par|[from] item: Black Sludge
|upkeep
|turn|30
|j| Lost Existence
|
|t:|1665320407
|switch|p1a: Conkeldurr|Conkeldurr, M|100/100 brn
|move|p2a: hoisin poison|Sludge Bomb|p1a: Conkeldurr
|-damage|p1a: Conkeldurr|67/100 brn
|
|-heal|p2a: hoisin poison|100/100 par|[from] item: Black Sludge
|-damage|p1a: Conkeldurr|61/100 brn|[from] brn
|upkeep
|turn|31
|
|t:|1665320416
|switch|p1a: Chansey|Chansey, F|94/100
|switch|p2a: mencey wencey|Salamence, M|94/100
|-ability|p2a: mencey wencey|Intimidate|boost
|-unboost|p1a: Chansey|atk|1
|
|upkeep
|turn|32
|
|t:|1665320434
|switch|p2a: coba truthin|Cobalion|83/100 par
|move|p1a: Chansey|Wish|p1a: Chansey
|
|upkeep
|turn|33
|
|t:|1665320442
|switch|p1a: Conkeldurr|Conkeldurr, M|61/100 brn
|move|p2a: coba truthin|Stealth Rock|p1a: Conkeldurr
|-sidestart|p1: MiniTotomon|move: Stealth Rock
|
|-heal|p1a: Conkeldurr|100/100 brn|[from] move: Wish|[wisher] Chansey
|-damage|p1a: Conkeldurr|95/100 brn|[from] brn
|upkeep
|turn|34
|
|t:|1665320453
|switch|p2a: mencey wencey|Salamence, M|94/100
|-ability|p2a: mencey wencey|Intimidate|boost
|-unboost|p1a: Conkeldurr|atk|1
|move|p1a: Conkeldurr|Ice Punch|p2a: mencey wencey
|-supereffective|p2a: mencey wencey
|-damage|p2a: mencey wencey|0 fnt
|faint|p2a: mencey wencey
|
|-damage|p1a: Conkeldurr|89/100 brn|[from] brn
|upkeep
|
|t:|1665320482
|switch|p2a: GOD POD|Golisopod, M|100/100
|turn|35
|
|t:|1665320493
|switch|p1a: Salamence|Salamence, F|74/100
|-damage|p1a: Salamence|49/100|[from] Stealth Rock
|-ability|p1a: Salamence|Intimidate|boost
|-unboost|p2a: GOD POD|atk|1
|switch|p2a: hoisin poison|Tentacruel, F|100/100 par
|
|upkeep
|turn|36
|
|t:|1665320501
|move|p1a: Salamence|Roost|p1a: Salamence
|-heal|p1a: Salamence|99/100
|-singleturn|p1a: Salamence|move: Roost
|move|p2a: hoisin poison|Sludge Bomb|p1a: Salamence
|-damage|p1a: Salamence|73/100
|
|upkeep
|turn|37
|
|t:|1665320504
|move|p1a: Salamence|Defog|p2a: hoisin poison
|-unboost|p2a: hoisin poison|evasion|1
|-sideend|p1: MiniTotomon|Stealth Rock|[from] move: Defog|[of] p1a: Salamence
|cant|p2a: hoisin poison|par
|
|upkeep
|turn|38
|
|t:|1665320507
|switch|p1a: Chansey|Chansey, F|94/100
|move|p2a: hoisin poison|Sludge Bomb|p1a: Chansey
|-damage|p1a: Chansey|85/100
|
|upkeep
|turn|39
|
|t:|1665320514
|move|p2a: hoisin poison|Sludge Bomb|p1a: Chansey
|-damage|p1a: Chansey|76/100
|-status|p1a: Chansey|psn
|move|p1a: Chansey|Wish|p1a: Chansey
|
|-damage|p1a: Chansey|64/100 psn|[from] psn
|upkeep
|turn|40
|
|t:|1665320526
|switch|p2a: GOD POD|Golisopod, M|100/100
|-curestatus|p1a: Chansey|psn|[from] ability: Natural Cure
|switch|p1a: Nidoqueen|Nidoqueen, F|72/100
|
|-heal|p1a: Nidoqueen|100/100|[from] move: Wish|[wisher] Chansey
|upkeep
|turn|41
|
|t:|1665320535
|switch|p2a: megan the eggin|Chansey, F|100/100
|move|p1a: Nidoqueen|Sludge Wave|p2a: megan the eggin
|-damage|p2a: megan the eggin|82/100
|
|upkeep
|turn|42
|
|t:|1665320540
|move|p1a: Nidoqueen|Stealth Rock|p2a: megan the eggin
|-sidestart|p2: dinktragonpamer|move: Stealth Rock
|move|p2a: megan the eggin|Seismic Toss|p1a: Nidoqueen
|-damage|p1a: Nidoqueen|72/100
|
|upkeep
|turn|43
|
|t:|1665320545
|switch|p1a: Conkeldurr|Conkeldurr, M|89/100 brn
|move|p2a: megan the eggin|Teleport|p2a: megan the eggin
|l| Lost Existence
|
|t:|1665320589
|switch|p2a: hoisin poison|Tentacruel, F|100/100 par|[from]move: Teleport
|-damage|p2a: hoisin poison|88/100 par|[from] Stealth Rock
|
|-heal|p2a: hoisin poison|94/100 par|[from] item: Black Sludge
|-damage|p1a: Conkeldurr|83/100 brn|[from] brn
|upkeep
|turn|44
|
|t:|1665320596
|move|p1a: Conkeldurr|Facade|p2a: hoisin poison
|-damage|p2a: hoisin poison|0 fnt
|faint|p2a: hoisin poison
|
|-damage|p1a: Conkeldurr|77/100 brn|[from] brn
|upkeep
|c|☆dinktragonpamer|i wish mence got poisoned
|-message|dinktragonpamer forfeited.
|
|win|MiniTotomon
|raw|MiniTotomon's rating: 1474 &rarr; <strong>1498</strong><br />(+24 for winning)
|raw|dinktragonpamer's rating: 1537 &rarr; <strong>1513</strong><br />(-24 for losing)
|l|☆dinktragonpamer
||Ladder isn't responding, score probably updated but might not have (Request timeout).
