|j|☆f f f2
|j|☆PlasticPinnochio
|t:|1640714818
|gametype|singles
|player|p1|f f f2|2|1328
|player|p2|PlasticPinnochio|policeman|1449
|teamsize|p1|6
|teamsize|p2|6
|gen|8
|tier|[Gen 8] UU
|rated|
|rule|Sleep Clause Mod: Limit one foe put to sleep
|rule|Species Clause: Limit one of each Pokémon
|rule|OHKO Clause: OHKO moves are banned
|rule|Evasion Moves Clause: Evasion moves are banned
|rule|Endless Battle Clause: Forcing endless battles is banned
|rule|HP Percentage Mod: HP is shown in percentages
|rule|Dynamax Clause: You cannot dynamax
|clearpoke
|poke|p1|Excadrill, F|
|poke|p1|Hatterene, F|
|poke|p1|Zarude-Dada|
|poke|p1|Skarmory, M|
|poke|p1|Zygarde-10%|
|poke|p1|Nihilego|
|poke|p2|Excadrill, F|
|poke|p2|Hatterene, F|
|poke|p2|Zarude-Dada|
|poke|p2|Skarmory, M|
|poke|p2|Zygarde-10%|
|poke|p2|Nihilego|
|teampreview
|c|☆f f f2|wait a minute
|inactive|Battle timer is ON: inactive players will automatically lose when time's up. (requested by PlasticPinnochio)
|c|☆PlasticPinnochio|lmao
|c|☆f f f2|I know you
|c|☆PlasticPinnochio|is that you
|c|☆f f f2|l0l
|
|t:|1640714848
|start
|switch|p1a: Excadrill|Excadrill, F|100/100
|switch|p2a: Hatterene|Hatterene, F|100/100
|-ability|p1a: Excadrill|Mold Breaker
|turn|1
|c|☆f f f2|I typed random characters in chinese and it gave me this name
|c|☆f f f2|hey
|c|☆f f f2|how do I counter skarm
|inactive|f f f2 has 120 seconds left.
|
|t:|1640714878
|move|p1a: Excadrill|Rock Tomb|p2a: Hatterene
|-damage|p2a: Hatterene|84/100
|-unboost|p2a: Hatterene|spe|1
|move|p2a: Hatterene|Mystical Fire|p1a: Excadrill
|-supereffective|p1a: Excadrill
|-damage|p1a: Excadrill|45/100
|-unboost|p1a: Excadrill|spa|1
|
|-heal|p1a: Excadrill|51/100|[from] item: Leftovers
|-heal|p2a: Hatterene|89/100|[from] item: Leftovers
|upkeep
|turn|2
|c|☆f f f2|im annoyed
|inactive|f f f2 has 120 seconds left.
|
|t:|1640714891
|switch|p1a: Hatterene|Hatterene, F|100/100
|switch|p2a: Skarmory|Skarmory, M|100/100
|
|upkeep
|turn|3
|c|☆f f f2|there we go
|inactive|f f f2 has 120 seconds left.
|
|t:|1640714909
|switch|p2a: Nihilego|Nihilego|100/100
|move|p1a: Hatterene|Draining Kiss|p2a: Nihilego
|-resisted|p2a: Nihilego
|-damage|p2a: Nihilego|92/100
|
|-heal|p2a: Nihilego|98/100|[from] item: Black Sludge
|upkeep
|turn|4
|c|☆f f f2|o
|inactive|f f f2 has 120 seconds left.
|c|☆f f f2|I should have psyshocked
|
|t:|1640714923
|switch|p2a: Excadrill|Excadrill, F|100/100
|-ability|p2a: Excadrill|Mold Breaker
|switch|p1a: Skarmory|Skarmory, M|100/100
|
|upkeep
|turn|5
|inactive|f f f2 has 120 seconds left.
|
|t:|1640714933
|switch|p2a: Zygarde|Zygarde-10%|100/100
|-ability|p2a: Zygarde|Aura Break
|move|p1a: Skarmory|Spikes|p2a: Zygarde
|-sidestart|p2: PlasticPinnochio|Spikes
|
|upkeep
|turn|6
|
|t:|1640714939
|switch|p1a: Zarude|Zarude-Dada|100/100
|move|p2a: Zygarde|Thousand Arrows|p1a: Zarude
|-resisted|p1a: Zarude
|-damage|p1a: Zarude|74/100
|
|upkeep
|turn|7
|
|t:|1640714944
|switch|p2a: Skarmory|Skarmory, M|100/100
|move|p1a: Zarude|U-turn|p2a: Skarmory
|-resisted|p2a: Skarmory
|-damage|p2a: Skarmory|97/100
|-damage|p1a: Zarude|57/100|[from] item: Rocky Helmet|[of] p2a: Skarmory
|j| Causeitcouldmiss
|
|t:|1640714949
|switch|p1a: Hatterene|Hatterene, F|100/100|[from]move: U-turn
|
|upkeep
|turn|8
|
|t:|1640714957
|switch|p2a: Excadrill|Excadrill, F|100/100
|-damage|p2a: Excadrill|88/100|[from] Spikes
|-ability|p2a: Excadrill|Mold Breaker
|move|p1a: Hatterene|Mystical Fire|p2a: Excadrill
|-supereffective|p2a: Excadrill
|-damage|p2a: Excadrill|32/100
|-unboost|p2a: Excadrill|spa|1
|
|-heal|p2a: Excadrill|38/100|[from] item: Leftovers
|upkeep
|turn|9
|c|☆f f f2|tehe
|
|t:|1640714969
|move|p2a: Excadrill|Iron Head|p1a: Hatterene
|-supereffective|p1a: Hatterene
|-damage|p1a: Hatterene|36/100
|move|p1a: Hatterene|Mystical Fire|p2a: Excadrill
|-supereffective|p2a: Excadrill
|-damage|p2a: Excadrill|0 fnt
|faint|p2a: Excadrill
|
|-heal|p1a: Hatterene|42/100|[from] item: Leftovers
|upkeep
|c|☆f f f2|fuck
|l| Causeitcouldmiss
|inactive|PlasticPinnochio has 120 seconds left.
|
|t:|1640714997
|switch|p2a: Zygarde|Zygarde-10%|100/100
|-damage|p2a: Zygarde|88/100|[from] Spikes
|-ability|p2a: Zygarde|Aura Break
|turn|10
|c|☆f f f2|do u know that guy
|c|☆f f f2|the cause it could miss
|c|☆f f f2|are you gonna thousand arrows or are you gonna iron tail
|c|☆f f f2|I dont like iron tail
|
|t:|1640715018
|switch|p1a: Skarmory|Skarmory, M|100/100
|move|p2a: Zygarde|Iron Tail|p1a: Skarmory
|-resisted|p1a: Skarmory
|-damage|p1a: Skarmory|88/100
|-damage|p2a: Zygarde|72/100|[from] item: Rocky Helmet|[of] p1a: Skarmory
|
|upkeep
|turn|11
|
|t:|1640715023
|switch|p2a: Hatterene|Hatterene, F|89/100
|-damage|p2a: Hatterene|77/100|[from] Spikes
|move|p1a: Skarmory|Spikes|p2a: Hatterene
|move|p2a: Hatterene|Spikes|p1a: Skarmory|[from]ability: Magic Bounce
|-sidestart|p1: f f f2|Spikes
|
|-heal|p2a: Hatterene|83/100|[from] item: Leftovers
|upkeep
|turn|12
|c|☆f f f2|im dumb
|c|☆f f f2|its ok
|c|☆f f f2|my exec is alive
|
|t:|1640715042
|switch|p1a: Zygarde|Zygarde-10%|100/100
|-damage|p1a: Zygarde|88/100|[from] Spikes
|-ability|p1a: Zygarde|Aura Break
|move|p2a: Hatterene|Psyshock|p1a: Zygarde
|-damage|p1a: Zygarde|26/100
|
|-heal|p2a: Hatterene|89/100|[from] item: Leftovers
|upkeep
|turn|13
|
|t:|1640715049
|switch|p2a: Zarude|Zarude-Dada|100/100
|-damage|p2a: Zarude|88/100|[from] Spikes
|move|p1a: Zygarde|Thousand Arrows|p2a: Zarude
|-resisted|p2a: Zarude
|-damage|p2a: Zarude|60/100
|
|upkeep
|turn|14
|
|t:|1640715055
|switch|p1a: Skarmory|Skarmory, M|88/100
|move|p2a: Zarude|Jungle Healing|p2a: Zarude
|-heal|p2a: Zarude|85/100
|
|upkeep
|turn|15
|
|t:|1640715061
|switch|p2a: Nihilego|Nihilego|98/100
|-damage|p2a: Nihilego|86/100|[from] Spikes
|move|p1a: Skarmory|Brave Bird|p2a: Nihilego
|-resisted|p2a: Nihilego
|-damage|p2a: Nihilego|56/100
|-damage|p1a: Skarmory|77/100|[from] Recoil
|
|-heal|p2a: Nihilego|62/100|[from] item: Black Sludge
|upkeep
|turn|16
|
|t:|1640715069
|switch|p1a: Hatterene|Hatterene, F|42/100
|-damage|p1a: Hatterene|30/100|[from] Spikes
|move|p2a: Nihilego|Stealth Rock|p1a: Hatterene
|move|p1a: Hatterene|Stealth Rock|p2a: Nihilego|[from]ability: Magic Bounce
|-sidestart|p2: PlasticPinnochio|move: Stealth Rock
|
|-heal|p2a: Nihilego|68/100|[from] item: Black Sludge
|-heal|p1a: Hatterene|36/100|[from] item: Leftovers
|upkeep
|turn|17
|c|☆f f f2|tehe
|
|t:|1640715083
|switch|p1a: Skarmory|Skarmory, M|77/100
|move|p2a: Nihilego|Knock Off|p1a: Skarmory
|-damage|p1a: Skarmory|70/100
|-damage|p2a: Nihilego|52/100|[from] item: Rocky Helmet|[of] p1a: Skarmory
|-enditem|p1a: Skarmory|Rocky Helmet|[from] move: Knock Off|[of] p2a: Nihilego
|
|-heal|p2a: Nihilego|58/100|[from] item: Black Sludge
|upkeep
|turn|18
|
|t:|1640715087
|move|p2a: Nihilego|Stealth Rock|p1a: Skarmory
|-sidestart|p1: f f f2|move: Stealth Rock
|move|p1a: Skarmory|Spikes|p2a: Nihilego
|-sidestart|p2: PlasticPinnochio|Spikes
|
|-heal|p2a: Nihilego|64/100|[from] item: Black Sludge
|upkeep
|turn|19
|
|t:|1640715091
|move|p2a: Nihilego|Power Gem|p1a: Skarmory
|-damage|p1a: Skarmory|12/100
|move|p1a: Skarmory|Brave Bird|p2a: Nihilego
|-resisted|p2a: Nihilego
|-damage|p2a: Nihilego|32/100
|-damage|p1a: Skarmory|1/100|[from] Recoil
|
|-heal|p2a: Nihilego|38/100|[from] item: Black Sludge
|upkeep
|turn|20
|
|t:|1640715096
|move|p2a: Nihilego|Knock Off|p1a: Skarmory
|-damage|p1a: Skarmory|0 fnt
|faint|p1a: Skarmory
|-ability|p2a: Nihilego|Beast Boost|boost
|-boost|p2a: Nihilego|spa|1
|
|-heal|p2a: Nihilego|45/100|[from] item: Black Sludge
|upkeep
|
|t:|1640715099
|switch|p1a: Zygarde|Zygarde-10%|26/100
|-damage|p1a: Zygarde|20/100|[from] Stealth Rock
|-damage|p1a: Zygarde|8/100|[from] Spikes
|-ability|p1a: Zygarde|Aura Break
|turn|21
|c|☆f f f2|uh oh
|c|☆f f f2|something dies today >:)
|inactive|PlasticPinnochio has 120 seconds left.
|
|t:|1640715136
|switch|p2a: Zarude|Zarude-Dada|85/100
|-damage|p2a: Zarude|69/100|[from] Spikes
|-damage|p2a: Zarude|56/100|[from] Stealth Rock
|move|p1a: Zygarde|Thousand Arrows|p2a: Zarude
|-resisted|p2a: Zarude
|-damage|p2a: Zarude|27/100
|
|upkeep
|turn|22
|inactive|PlasticPinnochio has 120 seconds left.
|c|☆f f f2|oh
|c|☆f f f2|I guess not
|c|☆f f f2|skarm dead
|c|☆f f f2|rip
|c|☆f f f2|im gonna lose
|c|☆f f f2|what do I do
|inactive|f f f2 has 120 seconds left.
|
|t:|1640715170
|switch|p1a: Nihilego|Nihilego|100/100
|-damage|p1a: Nihilego|88/100|[from] Stealth Rock
|-damage|p1a: Nihilego|76/100|[from] Spikes
|move|p2a: Zarude|U-turn|p1a: Nihilego
|-resisted|p1a: Nihilego
|-damage|p1a: Nihilego|56/100
|inactive|PlasticPinnochio has 120 seconds left.
|
|t:|1640715176
|switch|p2a: Zygarde|Zygarde-10%|72/100|[from]move: U-turn
|-damage|p2a: Zygarde|66/100|[from] Stealth Rock
|-damage|p2a: Zygarde|49/100|[from] Spikes
|-ability|p2a: Zygarde|Aura Break
|
|-heal|p1a: Nihilego|63/100|[from] item: Black Sludge
|upkeep
|turn|23
|inactive|f f f2 has 120 seconds left.
|
|t:|1640715194
|move|p2a: Zygarde|Thousand Arrows|p1a: Nihilego
|-supereffective|p1a: Nihilego
|-damage|p1a: Nihilego|0 fnt
|faint|p1a: Nihilego
|
|upkeep
|
|t:|1640715196
|switch|p1a: Zarude|Zarude-Dada|57/100
|-damage|p1a: Zarude|45/100|[from] Spikes
|-damage|p1a: Zarude|33/100|[from] Stealth Rock
|turn|24
|
|t:|1640715205
|move|p1a: Zarude|Jungle Healing|p1a: Zarude
|-heal|p1a: Zarude|58/100
|move|p2a: Zygarde|Thousand Arrows|p1a: Zarude
|-resisted|p1a: Zarude
|-damage|p1a: Zarude|33/100
|
|upkeep
|turn|25
|
|t:|1640715208
|move|p1a: Zarude|Jungle Healing|p1a: Zarude
|-heal|p1a: Zarude|58/100
|move|p2a: Zygarde|Thousand Arrows|p1a: Zarude
|-resisted|p1a: Zarude
|-damage|p1a: Zarude|31/100
|
|upkeep
|turn|26
|c|☆f f f2|fuckkk
|c|☆PlasticPinnochio|crit crit crit
|
|t:|1640715226
|move|p1a: Zarude|Jungle Healing|p1a: Zarude
|-heal|p1a: Zarude|56/100
|move|p2a: Zygarde|Thousand Arrows|p1a: Zarude
|-resisted|p1a: Zarude
|-damage|p1a: Zarude|30/100
|
|upkeep
|turn|27
|
|t:|1640715230
|switch|p1a: Zygarde|Zygarde-10%|8/100
|-damage|p1a: Zygarde|0 fnt|[from] Spikes
|faint|p1a: Zygarde
|move|p2a: Zygarde|Thousand Arrows|p1: Zygarde|[notarget]
|-fail|p2a: Zygarde
|
|upkeep
|
|t:|1640715234
|switch|p1a: Zarude|Zarude-Dada|30/100
|-damage|p1a: Zarude|17/100|[from] Spikes
|-damage|p1a: Zarude|5/100|[from] Stealth Rock
|turn|28
|
|t:|1640715238
|move|p1a: Zarude|Power Whip|p2a: Zygarde
|-damage|p2a: Zygarde|0 fnt
|faint|p2a: Zygarde
|
|upkeep
|
|t:|1640715243
|switch|p2a: Skarmory|Skarmory, M|97/100
|-damage|p2a: Skarmory|85/100|[from] Stealth Rock
|turn|29
|c|☆f f f2|why didnt u go skarm
|
|t:|1640715253
|switch|p1a: Excadrill|Excadrill, F|51/100
|-damage|p1a: Excadrill|48/100|[from] Stealth Rock
|-damage|p1a: Excadrill|35/100|[from] Spikes
|-ability|p1a: Excadrill|Mold Breaker
|move|p2a: Skarmory|Brave Bird|p1a: Excadrill
|-resisted|p1a: Excadrill
|-damage|p1a: Excadrill|9/100
|-damage|p2a: Skarmory|76/100|[from] Recoil
|
|-heal|p1a: Excadrill|15/100|[from] item: Leftovers
|upkeep
|turn|30
|
|t:|1640715256
|move|p1a: Excadrill|Rapid Spin|p2a: Skarmory
|-resisted|p2a: Skarmory
|-damage|p2a: Skarmory|70/100
|-boost|p1a: Excadrill|spe|1
|-damage|p1a: Excadrill|0 fnt|[from] item: Rocky Helmet|[of] p2a: Skarmory
|faint|p1a: Excadrill
|move|p2a: Skarmory|Brave Bird|p1: Excadrill|[notarget]
|-fail|p2a: Skarmory
|
|upkeep
|c|☆f f f2|WHAT
|c|☆f f f2|WHY
|c|☆f f f2|HUH
|c|☆PlasticPinnochio|I wanted to keep hazards on at all cost
|c|☆PlasticPinnochio|that was my ticket to victory
|c|☆f f f2|is it because he dies
|c|☆f f f2|if it dies rapid spin doesnt work?
|c|☆PlasticPinnochio|yep
|inactive|f f f2 has 120 seconds left.
|c|☆f f f2|damn
|c|☆f f f2|gg
|c|☆PlasticPinnochio|same with rocky helmet
|c|☆f f f2|>.<
|c|☆PlasticPinnochio|gg as well
|
|t:|1640715298
|switch|p1a: Hatterene|Hatterene, F|36/100
|-damage|p1a: Hatterene|24/100|[from] Spikes
|-damage|p1a: Hatterene|12/100|[from] Stealth Rock
|turn|31
|c|☆f f f2|grrr
|c|☆f f f2|rematch
|c|☆PlasticPinnochio|tense one
|
|t:|1640715304
|move|p2a: Skarmory|Brave Bird|p1a: Hatterene
|-damage|p1a: Hatterene|0 fnt
|faint|p1a: Hatterene
|-damage|p2a: Skarmory|66/100|[from] Recoil
|
|upkeep
|
|t:|1640715306
|switch|p1a: Zarude|Zarude-Dada|5/100
|-damage|p1a: Zarude|0 fnt|[from] Spikes
|faint|p1a: Zarude
|
|win|PlasticPinnochio
|raw|f f f2's rating: 1328 &rarr; <strong>1315</strong><br />(-13 for losing)
|raw|PlasticPinnochio's rating: 1449 &rarr; <strong>1462</strong><br />(+13 for winning)
|l|☆f f f2
|c|☆PlasticPinnochio|rlly good game
||Ladder isn't responding, score probably updated but might not have (Request timeout).
