|html|<div class="broadcast-blue"><strong>[Gen 8] UU is currently suspecting Thundurus-T! For information on how to participate check out the <a href="https://www.smogon.com/forums/threads/np-ss-uu-stage-11-boom-clap.3696000/">suspect thread</a>.</strong></div>
|j|☆joliemome
|j|☆psyco17
|t:|1641848916
|gametype|singles
|player|p1|joliemome|beauty-gen4dp|1379
|player|p2|psyco17|rocketgruntf|1295
|teamsize|p1|6
|teamsize|p2|6
|gen|8
|tier|[Gen 8] UU
|rated|
|rule|Sleep Clause Mod: Limit one foe put to sleep
|rule|Species Clause: Limit one of each Pokémon
|rule|OHKO Clause: OHKO moves are banned
|rule|Evasion Moves Clause: Evasion moves are banned
|rule|Endless Battle Clause: Forcing endless battles is banned
|rule|HP Percentage Mod: HP is shown in percentages
|rule|Dynamax Clause: You cannot dynamax
|clearpoke
|poke|p1|Hydreigon, F|
|poke|p1|Tapu Bulu|
|poke|p1|Mantine, M|
|poke|p1|Swampert, M|
|poke|p1|Darmanitan, F|
|poke|p1|Nihilego|
|poke|p2|Torkoal, F|
|poke|p2|Charizard, M|
|poke|p2|Venusaur, M|
|poke|p2|Hydreigon, M|
|poke|p2|Excadrill, F|
|poke|p2|Keldeo-Resolute|
|teampreview
|inactive|Battle timer is ON: inactive players will automatically lose when time's up. (requested by psyco17)
|
|t:|1641848927
|start
|switch|p1a: Hydreigon|Hydreigon, F|100/100
|switch|p2a: Excadrill|Excadrill, F|100/100
|-ability|p2a: Excadrill|Mold Breaker
|turn|1
|
|t:|1641848940
|move|p1a: Hydreigon|Dark Pulse|p2a: Excadrill
|-damage|p2a: Excadrill|20/100
|move|p2a: Excadrill|Stealth Rock|p1a: Hydreigon
|-sidestart|p1: joliemome|move: Stealth Rock
|
|upkeep
|turn|2
|
|t:|1641848948
|switch|p2a: Keldeo|Keldeo-Resolute|100/100
|move|p1a: Hydreigon|Dark Pulse|p2a: Keldeo
|-resisted|p2a: Keldeo
|-crit|p2a: Keldeo
|-damage|p2a: Keldeo|52/100
|-ability|p2a: Keldeo|Justified|boost
|-boost|p2a: Keldeo|atk|1
|
|upkeep
|turn|3
|
|t:|1641848957
|switch|p1a: Mantine|Mantine, M|100/100
|move|p2a: Keldeo|Secret Sword|p1a: Mantine
|-resisted|p1a: Mantine
|-damage|p1a: Mantine|84/100
|
|upkeep
|turn|4
|
|t:|1641848967
|switch|p2a: Excadrill|Excadrill, F|20/100
|-ability|p2a: Excadrill|Mold Breaker
|move|p1a: Mantine|Defog|p2a: Excadrill
|-unboost|p2a: Excadrill|evasion|1
|-sideend|p1: joliemome|Stealth Rock|[from] move: Defog|[of] p1a: Mantine
|
|upkeep
|turn|5
|
|t:|1641848976
|move|p2a: Excadrill|Iron Head|p1a: Mantine
|-resisted|p1a: Mantine
|-damage|p1a: Mantine|66/100
|move|p1a: Mantine|Scald|p2a: Excadrill
|-supereffective|p2a: Excadrill
|-damage|p2a: Excadrill|0 fnt
|faint|p2a: Excadrill
|
|upkeep
|
|t:|1641848984
|switch|p2a: Torkoal|Torkoal, F|100/100
|-weather|SunnyDay|[from] ability: Drought|[of] p2a: Torkoal
|turn|6
|
|t:|1641848991
|switch|p2a: Venusaur|Venusaur, M|100/100
|move|p1a: Mantine|Roost|p1a: Mantine
|-heal|p1a: Mantine|100/100
|-singleturn|p1a: Mantine|move: Roost
|
|-weather|SunnyDay|[upkeep]
|upkeep
|turn|7
|
|t:|1641849003
|move|p2a: Venusaur|Growth|p2a: Venusaur
|-boost|p2a: Venusaur|atk|2
|-boost|p2a: Venusaur|spa|2
|move|p1a: Mantine|Haze|p1a: Mantine
|-clearallboost
|
|-weather|SunnyDay|[upkeep]
|upkeep
|turn|8
|
|t:|1641849012
|move|p2a: Venusaur|Sludge Bomb|p1a: Mantine
|-damage|p1a: Mantine|61/100
|-damage|p2a: Venusaur|91/100|[from] item: Life Orb
|move|p1a: Mantine|Haze|p1a: Mantine
|-clearallboost
|
|-weather|SunnyDay|[upkeep]
|upkeep
|turn|9
|
|t:|1641849020
|move|p2a: Venusaur|Growth|p2a: Venusaur
|-boost|p2a: Venusaur|atk|2
|-boost|p2a: Venusaur|spa|2
|move|p1a: Mantine|Roost|p1a: Mantine
|-heal|p1a: Mantine|100/100
|-singleturn|p1a: Mantine|move: Roost
|
|-weather|SunnyDay|[upkeep]
|upkeep
|turn|10
|
|t:|1641849028
|move|p2a: Venusaur|Giga Drain|p1a: Mantine
|-damage|p1a: Mantine|38/100
|-heal|p2a: Venusaur|100/100|[from] drain|[of] p1a: Mantine
|-damage|p2a: Venusaur|91/100|[from] item: Life Orb
|move|p1a: Mantine|Haze|p1a: Mantine
|-clearallboost
|
|-weather|SunnyDay|[upkeep]
|upkeep
|turn|11
|
|t:|1641849039
|move|p2a: Venusaur|Sludge Bomb|p1a: Mantine
|-damage|p1a: Mantine|0 fnt
|faint|p1a: Mantine
|-damage|p2a: Venusaur|81/100|[from] item: Life Orb
|
|-weather|SunnyDay|[upkeep]
|upkeep
|
|t:|1641849046
|switch|p1a: Nihilego|Nihilego|100/100
|turn|12
|
|t:|1641849052
|move|p2a: Venusaur|Giga Drain|p1a: Nihilego
|-damage|p1a: Nihilego|66/100
|-heal|p2a: Venusaur|100/100|[from] drain|[of] p1a: Nihilego
|-damage|p2a: Venusaur|91/100|[from] item: Life Orb
|move|p1a: Nihilego|Meteor Beam||[still]
|-prepare|p1a: Nihilego|Meteor Beam
|-boost|p1a: Nihilego|spa|1
|-enditem|p1a: Nihilego|Power Herb
|-anim|p1a: Nihilego|Meteor Beam|p2a: Venusaur
|-damage|p2a: Venusaur|0 fnt
|faint|p2a: Venusaur
|-ability|p1a: Nihilego|Beast Boost|boost
|-boost|p1a: Nihilego|spe|1
|
|-weather|SunnyDay|[upkeep]
|upkeep
|
|t:|1641849064
|switch|p2a: Keldeo|Keldeo-Resolute|52/100
|turn|13
|
|t:|1641849068
|move|p2a: Keldeo|Flip Turn|p1a: Nihilego
|-supereffective|p1a: Nihilego
|-damage|p1a: Nihilego|43/100
|
|t:|1641849072
|switch|p2a: Hydreigon|Hydreigon, M|100/100|[from]move: Flip Turn
|move|p1a: Nihilego|Sludge Wave|p2a: Hydreigon
|-damage|p2a: Hydreigon|25/100
|
|-weather|none
|upkeep
|turn|14
|
|t:|1641849085
|move|p1a: Nihilego|Sludge Wave|p2a: Hydreigon
|-crit|p2a: Hydreigon
|-damage|p2a: Hydreigon|0 fnt
|faint|p2a: Hydreigon
|-ability|p1a: Nihilego|Beast Boost|boost
|-boost|p1a: Nihilego|spe|1
|
|upkeep
|
|t:|1641849091
|switch|p2a: Keldeo|Keldeo-Resolute|52/100
|turn|15
|
|t:|1641849094
|move|p1a: Nihilego|Sludge Wave|p2a: Keldeo
|-damage|p2a: Keldeo|0 fnt
|faint|p2a: Keldeo
|-ability|p1a: Nihilego|Beast Boost|boost
|-boost|p1a: Nihilego|spe|1
|
|upkeep
|c|☆psyco17|gg
|
|t:|1641849102
|switch|p2a: Charizard|Charizard, M|100/100
|turn|16
|c|☆joliemome|gg
|
|t:|1641849109
|move|p1a: Nihilego|Power Gem|p2a: Charizard
|-supereffective|p2a: Charizard
|-damage|p2a: Charizard|0 fnt
|faint|p2a: Charizard
|-ability|p1a: Nihilego|Beast Boost|boost
|-boost|p1a: Nihilego|spe|1
|
|upkeep
|
|t:|1641849115
|switch|p2a: Torkoal|Torkoal, F|100/100
|-weather|SunnyDay|[from] ability: Drought|[of] p2a: Torkoal
|turn|17
|
|t:|1641849119
|move|p1a: Nihilego|Power Gem|p2a: Torkoal
|-supereffective|p2a: Torkoal
|-damage|p2a: Torkoal|0 fnt
|faint|p2a: Torkoal
|
|win|joliemome
|raw|joliemome's rating: 1379 &rarr; <strong>1394</strong><br />(+15 for winning)
|raw|psyco17's rating: 1295 &rarr; <strong>1276</strong><br />(-19 for losing)
|l|☆psyco17
||Ladder isn't responding, score probably updated but might not have (Request timeout).
