|j|☆Grocery Store Hoe
|j|☆pif
|t:|1644210617
|gametype|singles
|player|p1|Grocery Store Hoe|firebreather|1384
|player|p2|pif|#uutrio2ladder|1674
|teamsize|p1|6
|teamsize|p2|6
|gen|8
|tier|[Gen 8] UU
|rated|
|rule|Sleep Clause Mod: Limit one foe put to sleep
|rule|Species Clause: Limit one of each Pokémon
|rule|OHKO Clause: OHKO moves are banned
|rule|Evasion Moves Clause: Evasion moves are banned
|rule|Endless Battle Clause: Forcing endless battles is banned
|rule|HP Percentage Mod: HP is shown in percentages
|rule|Dynamax Clause: You cannot dynamax
|clearpoke
|poke|p1|Suicune|
|poke|p1|Chansey, F|
|poke|p1|Amoonguss, M|
|poke|p1|Incineroar, F|
|poke|p1|Excadrill, M|
|poke|p1|Azelf|
|poke|p2|Vanilluxe, F|
|poke|p2|Mandibuzz, F|
|poke|p2|Jirachi|
|poke|p2|Tapu Bulu|
|poke|p2|Swampert, F|
|poke|p2|Lycanroc-Dusk, F|
|teampreview
|inactive|Battle timer is ON: inactive players will automatically lose when time's up. (requested by Grocery Store Hoe)
|
|t:|1644210639
|start
|switch|p1a: Azelf|Azelf|100/100
|switch|p2a: peck ur neck|Mandibuzz, F|100/100
|turn|1
|
|t:|1644210652
|move|p1a: Azelf|U-turn|p2a: peck ur neck
|-damage|p2a: peck ur neck|90/100
|
|t:|1644210654
|switch|p1a: Incineroar|Incineroar, F|100/100|[from]move: U-turn
|-ability|p1a: Incineroar|Intimidate|boost
|-unboost|p2a: peck ur neck|atk|1
|move|p2a: peck ur neck|Knock Off|p1a: Incineroar
|-resisted|p1a: Incineroar
|-damage|p1a: Incineroar|93/100
|-enditem|p1a: Incineroar|Heavy-Duty Boots|[from] move: Knock Off|[of] p2a: peck ur neck
|
|upkeep
|turn|2
|
|t:|1644210671
|move|p2a: peck ur neck|U-turn|p1a: Incineroar
|-damage|p1a: Incineroar|85/100
|
|t:|1644210677
|switch|p2a: pert that hurts|Swampert, F|100/100|[from]move: U-turn
|move|p1a: Incineroar|Knock Off|p2a: pert that hurts
|-damage|p2a: pert that hurts|63/100
|-enditem|p2a: pert that hurts|Leftovers|[from] move: Knock Off|[of] p1a: Incineroar
|
|upkeep
|turn|3
|
|t:|1644210685
|move|p1a: Incineroar|Parting Shot|p2a: pert that hurts
|-unboost|p2a: pert that hurts|atk|1
|-unboost|p2a: pert that hurts|spa|1
|
|t:|1644210689
|switch|p1a: Suicune|Suicune|100/100|[from]move: Parting Shot
|-ability|p1a: Suicune|Pressure
|move|p2a: pert that hurts|Stealth Rock|p1a: Suicune
|-sidestart|p1: Grocery Store Hoe|move: Stealth Rock
|
|upkeep
|turn|4
|
|t:|1644210698
|move|p1a: Suicune|Scald|p2a: pert that hurts
|-damage|p2a: pert that hurts|45/100
|move|p2a: pert that hurts|Flip Turn|p1a: Suicune
|-resisted|p1a: Suicune
|-damage|p1a: Suicune|97/100
|
|t:|1644210710
|switch|p2a: ice meme|Vanilluxe, F|100/100|[from]move: Flip Turn
|-weather|Hail|[from] ability: Snow Warning|[of] p2a: ice meme
|
|-weather|Hail|[upkeep]
|-damage|p1a: Suicune|91/100|[from] Hail
|-heal|p1a: Suicune|97/100|[from] item: Leftovers
|upkeep
|turn|5
|
|t:|1644210720
|switch|p1a: Chansey|Chansey, F|100/100
|-damage|p1a: Chansey|88/100|[from] Stealth Rock
|move|p2a: ice meme|Freeze-Dry|p1a: Chansey
|-damage|p1a: Chansey|72/100
|
|-weather|Hail|[upkeep]
|-damage|p1a: Chansey|66/100|[from] Hail
|upkeep
|turn|6
|
|t:|1644210730
|switch|p2a: srirachi jirachi|Jirachi|100/100
|move|p1a: Chansey|Wish|p1a: Chansey
|
|-weather|Hail|[upkeep]
|-damage|p2a: srirachi jirachi|94/100|[from] Hail
|-damage|p1a: Chansey|60/100|[from] Hail
|-heal|p2a: srirachi jirachi|100/100|[from] item: Leftovers
|upkeep
|turn|7
|
|t:|1644210737
|move|p2a: srirachi jirachi|Wish|p2a: srirachi jirachi
|move|p1a: Chansey|Seismic Toss|p2a: srirachi jirachi
|-damage|p2a: srirachi jirachi|76/100
|
|-weather|Hail|[upkeep]
|-damage|p2a: srirachi jirachi|70/100|[from] Hail
|-damage|p1a: Chansey|54/100|[from] Hail
|-heal|p1a: Chansey|100/100|[from] move: Wish|[wisher] Chansey
|-heal|p2a: srirachi jirachi|76/100|[from] item: Leftovers
|upkeep
|turn|8
|
|t:|1644210740
|move|p2a: srirachi jirachi|U-turn|p1a: Chansey
|-damage|p1a: Chansey|90/100
|
|t:|1644210743
|switch|p2a: pert that hurts|Swampert, F|45/100|[from]move: U-turn
|move|p1a: Chansey|Wish|p1a: Chansey
|
|-weather|none
|-heal|p2a: pert that hurts|95/100|[from] move: Wish|[wisher] srirachi jirachi
|upkeep
|turn|9
|
|t:|1644210749
|move|p2a: pert that hurts|Flip Turn|p1a: Chansey
|-damage|p1a: Chansey|75/100
|
|t:|1644210752
|switch|p2a: srirachi jirachi|Jirachi|76/100|[from]move: Flip Turn
|move|p1a: Chansey|Toxic|p2a: srirachi jirachi
|-immune|p2a: srirachi jirachi
|
|-heal|p1a: Chansey|100/100|[from] move: Wish|[wisher] Chansey
|-heal|p2a: srirachi jirachi|82/100|[from] item: Leftovers
|upkeep
|turn|10
|
|t:|1644210758
|switch|p1a: Amoonguss|Amoonguss, M|100/100
|-damage|p1a: Amoonguss|88/100|[from] Stealth Rock
|move|p2a: srirachi jirachi|U-turn|p1a: Amoonguss
|-damage|p1a: Amoonguss|70/100
|-damage|p2a: srirachi jirachi|65/100|[from] item: Rocky Helmet|[of] p1a: Amoonguss
|
|t:|1644210760
|switch|p2a: ice meme|Vanilluxe, F|100/100|[from]move: U-turn
|-weather|Hail|[from] ability: Snow Warning|[of] p2a: ice meme
|
|-weather|Hail|[upkeep]
|-damage|p1a: Amoonguss|64/100|[from] Hail
|upkeep
|turn|11
|
|t:|1644210767
|switch|p2a: all bite no bark|Lycanroc-Dusk, F|100/100
|move|p1a: Amoonguss|Giga Drain|p2a: all bite no bark
|-supereffective|p2a: all bite no bark
|-damage|p2a: all bite no bark|0 fnt
|-heal|p1a: Amoonguss|98/100|[from] drain|[of] p2a: all bite no bark
|faint|p2a: all bite no bark
|
|-weather|Hail|[upkeep]
|-damage|p1a: Amoonguss|92/100|[from] Hail
|upkeep
|
|t:|1644210777
|switch|p2a: ice meme|Vanilluxe, F|100/100
|turn|12
|
|t:|1644210780
|switch|p2a: peck ur neck|Mandibuzz, F|90/100
|switch|p1a: Chansey|Chansey, F|100/100
|-damage|p1a: Chansey|88/100|[from] Stealth Rock
|
|-weather|Hail|[upkeep]
|-damage|p1a: Chansey|82/100|[from] Hail
|upkeep
|turn|13
|
|t:|1644210785
|move|p1a: Chansey|Protect|p1a: Chansey
|-singleturn|p1a: Chansey|Protect
|move|p2a: peck ur neck|Knock Off|p1a: Chansey
|-activate|p1a: Chansey|move: Protect
|
|-weather|Hail|[upkeep]
|-damage|p1a: Chansey|76/100|[from] Hail
|upkeep
|turn|14
|
|t:|1644210789
|switch|p1a: Incineroar|Incineroar, F|85/100
|-damage|p1a: Incineroar|60/100|[from] Stealth Rock
|-ability|p1a: Incineroar|Intimidate|boost
|-unboost|p2a: peck ur neck|atk|1
|move|p2a: peck ur neck|U-turn|p1a: Incineroar
|-damage|p1a: Incineroar|53/100
|
|t:|1644210792
|switch|p2a: pert that hurts|Swampert, F|95/100|[from]move: U-turn
|
|-weather|none
|upkeep
|turn|15
|
|t:|1644210795
|move|p1a: Incineroar|Fake Out|p2a: pert that hurts
|-damage|p2a: pert that hurts|83/100
|cant|p2a: pert that hurts|flinch
|
|upkeep
|turn|16
|
|t:|1644210798
|move|p1a: Incineroar|Parting Shot|p2a: pert that hurts
|-unboost|p2a: pert that hurts|atk|1
|-unboost|p2a: pert that hurts|spa|1
|
|t:|1644210803
|switch|p1a: Amoonguss|Amoonguss, M|100/100|[from]move: Parting Shot
|-damage|p1a: Amoonguss|88/100|[from] Stealth Rock
|move|p2a: pert that hurts|Flip Turn|p1a: Amoonguss
|-resisted|p1a: Amoonguss
|-damage|p1a: Amoonguss|81/100
|-damage|p2a: pert that hurts|66/100|[from] item: Rocky Helmet|[of] p1a: Amoonguss
|
|t:|1644210806
|switch|p2a: ice meme|Vanilluxe, F|100/100|[from]move: Flip Turn
|-weather|Hail|[from] ability: Snow Warning|[of] p2a: ice meme
|
|-weather|Hail|[upkeep]
|-damage|p1a: Amoonguss|75/100|[from] Hail
|upkeep
|turn|17
|
|t:|1644210815
|switch|p2a: peck ur neck|Mandibuzz, F|90/100
|switch|p1a: Incineroar|Incineroar, F|53/100
|-damage|p1a: Incineroar|28/100|[from] Stealth Rock
|-ability|p1a: Incineroar|Intimidate|boost
|-unboost|p2a: peck ur neck|atk|1
|
|-weather|Hail|[upkeep]
|-damage|p1a: Incineroar|22/100|[from] Hail
|upkeep
|turn|18
|
|t:|1644210823
|move|p2a: peck ur neck|U-turn|p1a: Incineroar
|-damage|p1a: Incineroar|15/100
|
|t:|1644210826
|switch|p2a: pert that hurts|Swampert, F|66/100|[from]move: U-turn
|move|p1a: Incineroar|Parting Shot|p2a: pert that hurts
|-unboost|p2a: pert that hurts|atk|1
|-unboost|p2a: pert that hurts|spa|1
|
|t:|1644210828
|switch|p1a: Excadrill|Excadrill, M|100/100|[from]move: Parting Shot
|-damage|p1a: Excadrill|97/100|[from] Stealth Rock
|-ability|p1a: Excadrill|Mold Breaker
|
|-weather|Hail|[upkeep]
|-damage|p1a: Excadrill|91/100|[from] Hail
|-damage|p2a: pert that hurts|60/100|[from] Hail
|-heal|p1a: Excadrill|97/100|[from] item: Leftovers
|upkeep
|turn|19
|
|t:|1644210833
|move|p1a: Excadrill|Rapid Spin|p2a: pert that hurts
|-damage|p2a: pert that hurts|49/100
|-boost|p1a: Excadrill|spe|1
|-sideend|p1: Grocery Store Hoe|Stealth Rock|[from] move: Rapid Spin|[of] p1a: Excadrill
|move|p2a: pert that hurts|Flip Turn|p1a: Excadrill
|-supereffective|p1a: Excadrill
|-crit|p1a: Excadrill
|-damage|p1a: Excadrill|0 fnt
|faint|p1a: Excadrill
|
|t:|1644210840
|switch|p2a: srirachi jirachi|Jirachi|65/100|[from]move: Flip Turn
|
|-weather|Hail|[upkeep]
|-damage|p2a: srirachi jirachi|59/100|[from] Hail
|-heal|p2a: srirachi jirachi|65/100|[from] item: Leftovers
|upkeep
|
|t:|1644210845
|switch|p1a: Chansey|Chansey, F|76/100
|turn|20
|
|t:|1644210849
|move|p2a: srirachi jirachi|Wish|p2a: srirachi jirachi
|move|p1a: Chansey|Wish|p1a: Chansey
|
|-weather|none
|-heal|p2a: srirachi jirachi|72/100|[from] item: Leftovers
|upkeep
|turn|21
|
|t:|1644210857
|move|p2a: srirachi jirachi|U-turn|p1a: Chansey
|-crit|p1a: Chansey
|-damage|p1a: Chansey|61/100
|
|t:|1644210860
|switch|p2a: pert that hurts|Swampert, F|49/100|[from]move: U-turn
|move|p1a: Chansey|Seismic Toss|p2a: pert that hurts
|-damage|p2a: pert that hurts|24/100
|
|-heal|p2a: pert that hurts|74/100|[from] move: Wish|[wisher] srirachi jirachi
|-heal|p1a: Chansey|100/100|[from] move: Wish|[wisher] Chansey
|upkeep
|turn|22
|
|t:|1644210864
|move|p2a: pert that hurts|Stealth Rock|p1a: Chansey
|-sidestart|p1: Grocery Store Hoe|move: Stealth Rock
|move|p1a: Chansey|Wish|p1a: Chansey
|
|upkeep
|turn|23
|
|t:|1644210874
|switch|p1a: Amoonguss|Amoonguss, M|100/100
|-damage|p1a: Amoonguss|88/100|[from] Stealth Rock
|move|p2a: pert that hurts|Flip Turn|p1a: Amoonguss
|-resisted|p1a: Amoonguss
|-crit|p1a: Amoonguss
|-damage|p1a: Amoonguss|70/100
|-damage|p2a: pert that hurts|57/100|[from] item: Rocky Helmet|[of] p1a: Amoonguss
|
|t:|1644210879
|switch|p2a: ice meme|Vanilluxe, F|100/100|[from]move: Flip Turn
|-weather|Hail|[from] ability: Snow Warning|[of] p2a: ice meme
|
|-weather|Hail|[upkeep]
|-damage|p1a: Amoonguss|63/100|[from] Hail
|-heal|p1a: Amoonguss|100/100|[from] move: Wish|[wisher] Chansey
|upkeep
|turn|24
|
|t:|1644210887
|move|p2a: ice meme|Freeze-Dry|p1a: Amoonguss
|-supereffective|p1a: Amoonguss
|-damage|p1a: Amoonguss|5/100
|move|p1a: Amoonguss|Spore|p2a: ice meme
|-status|p2a: ice meme|slp|[from] move: Spore
|
|-weather|Hail|[upkeep]
|-damage|p1a: Amoonguss|0 fnt|[from] Hail
|faint|p1a: Amoonguss
|upkeep
|
|t:|1644210891
|switch|p1a: Azelf|Azelf|100/100
|-damage|p1a: Azelf|88/100|[from] Stealth Rock
|turn|25
|
|t:|1644210900
|switch|p2a: peck ur neck|Mandibuzz, F|90/100
|move|p1a: Azelf|Psychic|p2a: peck ur neck
|-immune|p2a: peck ur neck
|
|-weather|Hail|[upkeep]
|-damage|p1a: Azelf|82/100|[from] Hail
|upkeep
|turn|26
|
|t:|1644210904
|move|p1a: Azelf|U-turn|p2a: peck ur neck
|-damage|p2a: peck ur neck|80/100
|
|t:|1644210906
|switch|p1a: Incineroar|Incineroar, F|15/100|[from]move: U-turn
|-damage|p1a: Incineroar|0 fnt|[from] Stealth Rock
|faint|p1a: Incineroar
|move|p2a: peck ur neck|U-turn|p1: Incineroar|[notarget]
|-fail|p2a: peck ur neck
|
|-weather|Hail|[upkeep]
|upkeep
|
|t:|1644210908
|switch|p1a: Suicune|Suicune|97/100
|-damage|p1a: Suicune|84/100|[from] Stealth Rock
|-ability|p1a: Suicune|Pressure
|turn|27
|
|t:|1644210912
|move|p2a: peck ur neck|U-turn|p1a: Suicune
|-damage|p1a: Suicune|78/100
|
|t:|1644210918
|switch|p2a: pert that hurts|Swampert, F|57/100|[from]move: U-turn
|move|p1a: Suicune|Calm Mind|p1a: Suicune
|-boost|p1a: Suicune|spa|1
|-boost|p1a: Suicune|spd|1
|
|-weather|none
|-heal|p1a: Suicune|84/100|[from] item: Leftovers
|upkeep
|turn|28
|
|t:|1644210926
|move|p1a: Suicune|Calm Mind|p1a: Suicune
|-boost|p1a: Suicune|spa|1
|-boost|p1a: Suicune|spd|1
|move|p2a: pert that hurts|Flip Turn|p1a: Suicune
|-resisted|p1a: Suicune
|-damage|p1a: Suicune|78/100
|
|t:|1644210928
|switch|p2a: edgy veggie|Tapu Bulu|100/100|[from]move: Flip Turn
|-fieldstart|move: Grassy Terrain|[from] ability: Grassy Surge|[of] p2a: edgy veggie
|
|-heal|p1a: Suicune|84/100|[from] Grassy Terrain
|-heal|p1a: Suicune|91/100|[from] item: Leftovers
|upkeep
|turn|29
|
|t:|1644210933
|move|p2a: edgy veggie|Swords Dance|p2a: edgy veggie
|-boost|p2a: edgy veggie|atk|2
|move|p1a: Suicune|Scald|p2a: edgy veggie
|-resisted|p2a: edgy veggie
|-crit|p2a: edgy veggie
|-damage|p2a: edgy veggie|54/100
|
|-heal|p2a: edgy veggie|60/100|[from] Grassy Terrain
|-heal|p2a: edgy veggie|66/100|[from] item: Leftovers
|-heal|p1a: Suicune|97/100|[from] Grassy Terrain
|-heal|p1a: Suicune|100/100|[from] item: Leftovers
|upkeep
|turn|30
|
|t:|1644210938
|move|p2a: edgy veggie|Horn Leech|p1a: Suicune
|-supereffective|p1a: Suicune
|-damage|p1a: Suicune|0 fnt
|-heal|p2a: edgy veggie|100/100|[from] drain|[of] p1a: Suicune
|faint|p1a: Suicune
|
|upkeep
|
|t:|1644210940
|switch|p1a: Azelf|Azelf|82/100
|-damage|p1a: Azelf|70/100|[from] Stealth Rock
|turn|31
|c|☆Grocery Store Hoe|gg
|c|☆pif|gg
|
|t:|1644210953
|switch|p2a: pert that hurts|Swampert, F|57/100
|move|p1a: Azelf|Flamethrower|p2a: pert that hurts
|-resisted|p2a: pert that hurts
|-damage|p2a: pert that hurts|47/100
|
|-heal|p2a: pert that hurts|53/100|[from] Grassy Terrain
|upkeep
|turn|32
|
|t:|1644210957
|move|p1a: Azelf|Psychic|p2a: pert that hurts
|-damage|p2a: pert that hurts|19/100
|move|p2a: pert that hurts|Flip Turn|p1a: Azelf
|-damage|p1a: Azelf|15/100
|
|t:|1644210962
|switch|p2a: peck ur neck|Mandibuzz, F|80/100|[from]move: Flip Turn
|
|-fieldend|move: Grassy Terrain
|upkeep
|turn|33
|-message|Grocery Store Hoe forfeited.
|
|win|pif
|raw|Grocery Store Hoe's rating: 1384 &rarr; <strong>1378</strong><br />(-6 for losing)
|raw|pif's rating: 1674 &rarr; <strong>1680</strong><br />(+6 for winning)
|l|☆Grocery Store Hoe
