|j|☆Truffles360
|j|☆Peables
|t:|1619536136
|gametype|singles
|player|p1|Truffles360|twins-gen4dp|1604
|player|p2|Peables|preschooler|1398
|teamsize|p1|6
|teamsize|p2|6
|gen|8
|tier|[Gen 8] UU
|rated|
|clearpoke
|poke|p1|Scizor, M|
|poke|p1|Rhyperior, F|
|poke|p1|Haunter, F|
|poke|p1|Sylveon, M|
|poke|p1|Moltres|
|poke|p1|Rotom-Wash|
|poke|p2|Shedinja|
|poke|p2|Pyukumuku, M|
|poke|p2|Umbreon, F|
|poke|p2|Torkoal, M|
|poke|p2|Venusaur, M|
|poke|p2|Darmanitan, M|
|rule|Sleep Clause Mod: Limit one foe put to sleep
|rule|Species Clause: Limit one of each Pokémon
|rule|OHKO Clause: OHKO moves are banned
|rule|Evasion Moves Clause: Evasion moves are banned
|rule|Endless Battle Clause: Forcing endless battles is banned
|rule|HP Percentage Mod: HP is shown in percentages
|rule|Dynamax Clause: You cannot dynamax
|teampreview
|
|t:|1619536164
|start
|switch|p1a: Rhyperior|Rhyperior, F|100/100
|switch|p2a: Darmanitan|Darmanitan, M|100/100
|turn|1
|inactive|Battle timer is ON: inactive players will automatically lose when time's up. (requested by Peables)
|
|t:|1619536168
|move|p2a: Darmanitan|U-turn|p1a: Rhyperior
|-damage|p1a: Rhyperior|77/100
|
|t:|1619536172
|switch|p2a: Umbreon|Umbreon, F|100/100|[from]move: U-turn
|move|p1a: Rhyperior|Earthquake|p2a: Umbreon
|-damage|p2a: Umbreon|61/100
|
|-heal|p2a: Umbreon|68/100|[from] item: Leftovers
|-heal|p1a: Rhyperior|84/100|[from] item: Leftovers
|upkeep
|turn|2
|
|t:|1619536176
|move|p2a: Umbreon|Toxic|p1a: Rhyperior
|-status|p1a: Rhyperior|tox
|move|p1a: Rhyperior|Earthquake|p2a: Umbreon
|-damage|p2a: Umbreon|29/100
|
|-heal|p2a: Umbreon|35/100|[from] item: Leftovers
|-heal|p1a: Rhyperior|90/100 tox|[from] item: Leftovers
|-damage|p1a: Rhyperior|84/100 tox|[from] psn
|upkeep
|turn|3
|
|t:|1619536183
|move|p2a: Umbreon|Protect|p2a: Umbreon
|-singleturn|p2a: Umbreon|Protect
|move|p1a: Rhyperior|Stealth Rock|p2a: Umbreon
|-sidestart|p2: Peables|move: Stealth Rock
|
|-heal|p2a: Umbreon|41/100|[from] item: Leftovers
|-heal|p1a: Rhyperior|90/100 tox|[from] item: Leftovers
|-damage|p1a: Rhyperior|77/100 tox|[from] psn
|upkeep
|turn|4
|
|t:|1619536189
|move|p2a: Umbreon|Wish|p2a: Umbreon
|move|p1a: Rhyperior|Toxic|p2a: Umbreon
|-status|p2a: Umbreon|tox
|-activate|p2a: Umbreon|ability: Synchronize
|-fail|p1a: Rhyperior|tox
|
|-heal|p2a: Umbreon|47/100 tox|[from] item: Leftovers
|-heal|p1a: Rhyperior|84/100 tox|[from] item: Leftovers
|-damage|p2a: Umbreon|41/100 tox|[from] psn
|-damage|p1a: Rhyperior|65/100 tox|[from] psn
|upkeep
|turn|5
|
|t:|1619536193
|switch|p1a: Sylveon|Sylveon, M|100/100
|move|p2a: Umbreon|Protect||[still]
|-fail|p2a: Umbreon
|
|-heal|p2a: Umbreon|91/100 tox|[from] move: Wish|[wisher] Umbreon
|-heal|p2a: Umbreon|97/100 tox|[from] item: Leftovers
|-damage|p2a: Umbreon|85/100 tox|[from] psn
|upkeep
|turn|6
|
|t:|1619536205
|move|p2a: Umbreon|Toxic|p1a: Sylveon
|-status|p1a: Sylveon|tox
|move|p1a: Sylveon|Heal Bell|p1a: Sylveon
|-activate|p1a: Sylveon|move: Heal Bell
|-curestatus|p1a: Sylveon|tox|[msg]
|-curestatus|p1: Rhyperior|tox|[msg]
|
|-heal|p2a: Umbreon|91/100 tox|[from] item: Leftovers
|-damage|p2a: Umbreon|73/100 tox|[from] psn
|upkeep
|turn|7
|
|t:|1619536212
|switch|p2a: Torkoal|Torkoal, M|100/100
|-weather|SunnyDay|[from] ability: Drought|[of] p2a: Torkoal
|move|p1a: Sylveon|Hyper Voice|p2a: Torkoal
|-resisted|p2a: Torkoal
|-damage|p2a: Torkoal|72/100
|
|-weather|SunnyDay|[upkeep]
|upkeep
|turn|8
|
|t:|1619536215
|move|p1a: Sylveon|Hyper Voice|p2a: Torkoal
|-resisted|p2a: Torkoal
|-damage|p2a: Torkoal|47/100
|move|p2a: Torkoal|Stealth Rock|p1a: Sylveon
|-sidestart|p1: Truffles360|move: Stealth Rock
|
|-weather|SunnyDay|[upkeep]
|upkeep
|turn|9
|
|t:|1619536223
|switch|p1a: Moltres|Moltres|100/100
|switch|p2a: Venusaur|Venusaur, M|100/100
|-damage|p2a: Venusaur|88/100|[from] Stealth Rock
|
|-weather|SunnyDay|[upkeep]
|upkeep
|turn|10
|
|t:|1619536230
|switch|p2a: Umbreon|Umbreon, F|73/100 tox
|-damage|p2a: Umbreon|61/100 tox|[from] Stealth Rock
|move|p1a: Moltres|Fire Blast|p2a: Umbreon
|-crit|p2a: Umbreon
|-damage|p2a: Umbreon|0 fnt
|faint|p2a: Umbreon
|
|-weather|SunnyDay|[upkeep]
|upkeep
|
|t:|1619536234
|switch|p2a: Darmanitan|Darmanitan, M|100/100
|-damage|p2a: Darmanitan|76/100|[from] Stealth Rock
|turn|11
|
|t:|1619536245
|switch|p1a: Rotom|Rotom-Wash|100/100
|-damage|p1a: Rotom|88/100|[from] Stealth Rock
|move|p2a: Darmanitan|Flare Blitz|p1a: Rotom
|-resisted|p1a: Rotom
|-damage|p1a: Rotom|0 fnt
|-damage|p2a: Darmanitan|56/100|[from] Recoil
|faint|p1a: Rotom
|
|-weather|none
|upkeep
|
|t:|1619536249
|switch|p1a: Rhyperior|Rhyperior, F|65/100
|-damage|p1a: Rhyperior|59/100|[from] Stealth Rock
|turn|12
|
|t:|1619536254
|switch|p2a: Shedinja|Shedinja|100/100
|move|p1a: Rhyperior|Toxic|p2a: Shedinja
|-status|p2a: Shedinja|tox
|
|-heal|p1a: Rhyperior|65/100|[from] item: Leftovers
|-damage|p2a: Shedinja|0 fnt|[from] psn
|faint|p2a: Shedinja
|upkeep
|
|t:|1619536258
|switch|p2a: Torkoal|Torkoal, M|47/100
|-weather|SunnyDay|[from] ability: Drought|[of] p2a: Torkoal
|turn|13
|
|t:|1619536260
|move|p1a: Rhyperior|Earthquake|p2a: Torkoal
|-supereffective|p2a: Torkoal
|-damage|p2a: Torkoal|0 fnt
|faint|p2a: Torkoal
|
|-weather|SunnyDay|[upkeep]
|-heal|p1a: Rhyperior|71/100|[from] item: Leftovers
|upkeep
|
|t:|1619536263
|switch|p2a: Venusaur|Venusaur, M|88/100
|-damage|p2a: Venusaur|76/100|[from] Stealth Rock
|turn|14
|
|t:|1619536265
|move|p1a: Rhyperior|Protect|p1a: Rhyperior
|-singleturn|p1a: Rhyperior|Protect
|move|p2a: Venusaur|Growth|p2a: Venusaur
|-boost|p2a: Venusaur|atk|2
|-boost|p2a: Venusaur|spa|2
|
|-weather|SunnyDay|[upkeep]
|-heal|p1a: Rhyperior|77/100|[from] item: Leftovers
|upkeep
|turn|15
|
|t:|1619536272
|switch|p1a: Scizor|Scizor, M|100/100
|-damage|p1a: Scizor|88/100|[from] Stealth Rock
|move|p2a: Venusaur|Giga Drain|p1a: Scizor
|-resisted|p1a: Scizor
|-damage|p1a: Scizor|60/100
|-heal|p2a: Venusaur|91/100|[from] drain|[of] p1a: Scizor
|-damage|p2a: Venusaur|81/100|[from] item: Life Orb
|
|-weather|SunnyDay|[upkeep]
|-heal|p1a: Scizor|66/100|[from] item: Leftovers
|upkeep
|turn|16
|
|t:|1619536277
|move|p1a: Scizor|Bullet Punch|p2a: Venusaur
|-damage|p2a: Venusaur|34/100
|move|p2a: Venusaur|Earth Power|p1a: Scizor
|-damage|p1a: Scizor|0 fnt
|-damage|p2a: Venusaur|24/100|[from] item: Life Orb
|faint|p1a: Scizor
|
|-weather|SunnyDay|[upkeep]
|upkeep
|
|t:|1619536296
|switch|p1a: Haunter|Haunter, F|100/100
|-damage|p1a: Haunter|88/100|[from] Stealth Rock
|turn|17
|
|t:|1619536300
|move|p1a: Haunter|Protect|p1a: Haunter
|-singleturn|p1a: Haunter|Protect
|move|p2a: Venusaur|Giga Drain|p1a: Haunter
|-activate|p1a: Haunter|move: Protect
|
|-weather|none
|upkeep
|turn|18
|
|t:|1619536303
|move|p1a: Haunter|Sludge Wave|p2a: Venusaur
|-damage|p2a: Venusaur|0 fnt
|-damage|p1a: Haunter|78/100|[from] item: Life Orb
|faint|p2a: Venusaur
|
|upkeep
|
|t:|1619536308
|switch|p2a: Darmanitan|Darmanitan, M|56/100
|-damage|p2a: Darmanitan|31/100|[from] Stealth Rock
|turn|19
|
|t:|1619536312
|switch|p1a: Rhyperior|Rhyperior, F|77/100
|-damage|p1a: Rhyperior|71/100|[from] Stealth Rock
|move|p2a: Darmanitan|Flare Blitz|p1a: Rhyperior
|-resisted|p1a: Rhyperior
|-damage|p1a: Rhyperior|30/100
|-damage|p2a: Darmanitan|14/100|[from] Recoil
|
|-heal|p1a: Rhyperior|37/100|[from] item: Leftovers
|upkeep
|turn|20
|
|t:|1619536316
|move|p2a: Darmanitan|Flare Blitz|p1a: Rhyperior
|-resisted|p1a: Rhyperior
|-damage|p1a: Rhyperior|0 fnt
|-damage|p2a: Darmanitan|0 fnt|[from] Recoil
|faint|p1a: Rhyperior
|faint|p2a: Darmanitan
|
|upkeep
|
|t:|1619536319
|switch|p2a: Pyukumuku|Pyukumuku, M|100/100
|switch|p1a: Haunter|Haunter, F|78/100
|-damage|p1a: Haunter|66/100|[from] Stealth Rock
|-damage|p2a: Pyukumuku|88/100|[from] Stealth Rock
|turn|21
|
|t:|1619536323
|move|p1a: Haunter|Taunt|p2a: Pyukumuku
|-start|p2a: Pyukumuku|move: Taunt
|cant|p2a: Pyukumuku|move: Taunt|Soak
|
|-heal|p2a: Pyukumuku|94/100|[from] item: Leftovers
|upkeep
|turn|22
|-message|Peables forfeited.
|
|win|Truffles360
|raw|Truffles360's rating: 1604 &rarr; <strong>1613</strong><br />(+9 for winning)
|raw|Peables's rating: 1398 &rarr; <strong>1389</strong><br />(-9 for losing)
|l|☆Peables
||Ladder isn't responding, score probably updated but might not have (Request timeout).
