|html|<div class="broadcast-blue"><strong>[Gen 8] UU is currently suspecting Scizor! For information on how to participate check out the <a href="https://www.smogon.com/forums/threads/ss-uu-stage-12-2-spider-dance.3704866/">suspect thread</a>.</strong></div>
|j|☆sgpg-fun
|j|☆Eazigzagoon
|t:|1658928163
|gametype|singles
|player|p1|sgpg-fun|102|1228
|player|p2|Eazigzagoon|tuberf|1470
|teamsize|p1|6
|teamsize|p2|6
|gen|8
|tier|[Gen 8] UU
|rated|
|rule|Sleep Clause Mod: Limit one foe put to sleep
|rule|Species Clause: Limit one of each Pokémon
|rule|OHKO Clause: OHKO moves are banned
|rule|Evasion Moves Clause: Evasion moves are banned
|rule|Endless Battle Clause: Forcing endless battles is banned
|rule|HP Percentage Mod: HP is shown in percentages
|rule|Dynamax Clause: You cannot dynamax
|clearpoke
|poke|p1|Stonjourner, F|
|poke|p1|Ribombee, M|
|poke|p1|Krookodile, M|
|poke|p1|Azelf|
|poke|p1|Jirachi|
|poke|p1|Azumarill, F|
|poke|p2|Chansey, F|
|poke|p2|Cobalion|
|poke|p2|Crawdaunt, F|
|poke|p2|Salamence, M|
|poke|p2|Crobat, M|
|poke|p2|Swampert, M|
|teampreview
|
|t:|1658928203
|start
|switch|p1a: Krookodile|Krookodile, M|100/100
|switch|p2a: Crobat|Crobat, M|100/100
|-ability|p1a: Krookodile|Intimidate|boost
|-unboost|p2a: Crobat|atk|1
|turn|1
|
|t:|1658928219
|move|p2a: Crobat|U-turn|p1a: Krookodile
|-supereffective|p1a: Krookodile
|-damage|p1a: Krookodile|71/100
|
|t:|1658928227
|switch|p2a: Swampert|Swampert, M|100/100|[from]move: U-turn
|move|p1a: Krookodile|Knock Off|p2a: Swampert
|-damage|p2a: Swampert|65/100
|-enditem|p2a: Swampert|Leftovers|[from] move: Knock Off|[of] p1a: Krookodile
|
|upkeep
|turn|2
|
|t:|1658928238
|move|p1a: Krookodile|Taunt|p2a: Swampert
|-start|p2a: Swampert|move: Taunt
|cant|p2a: Swampert|move: Taunt|Stealth Rock
|
|upkeep
|turn|3
|
|t:|1658928256
|move|p1a: Krookodile|Stealth Rock|p2a: Swampert
|-sidestart|p2: Eazigzagoon|move: Stealth Rock
|move|p2a: Swampert|Flip Turn|p1a: Krookodile
|-supereffective|p1a: Krookodile
|-damage|p1a: Krookodile|20/100
|-enditem|p1a: Krookodile|Iapapa Berry|[eat]
|-heal|p1a: Krookodile|53/100|[from] item: Iapapa Berry
|inactive|Battle timer is ON: inactive players will automatically lose when time's up. (requested by sgpg-fun)
|
|t:|1658928334
|switch|p2a: Cobalion|Cobalion|100/100|[from]move: Flip Turn
|-damage|p2a: Cobalion|97/100|[from] Stealth Rock
|
|upkeep
|turn|4
|inactiveoff|Battle timer is now OFF.
|j| Parakalo
|l| Parakalo
|
|t:|1658928359
|switch|p1a: Jirachi|Jirachi|100/100
|-item|p1a: Jirachi|Air Balloon
|move|p2a: Cobalion|Close Combat|p1a: Jirachi
|-damage|p1a: Jirachi|54/100
|-unboost|p2a: Cobalion|def|1
|-unboost|p2a: Cobalion|spd|1
|-enditem|p1a: Jirachi|Air Balloon
|
|upkeep
|turn|5
|
|t:|1658928388
|move|p2a: Cobalion|Volt Switch|p1a: Jirachi
|-damage|p1a: Jirachi|41/100
|
|t:|1658928403
|switch|p2a: Swampert|Swampert, M|65/100|[from]move: Volt Switch
|-damage|p2a: Swampert|59/100|[from] Stealth Rock
|move|p1a: Jirachi|Aura Sphere|p2a: Swampert
|-damage|p2a: Swampert|38/100
|
|upkeep
|turn|6
|
|t:|1658928422
|move|p1a: Jirachi|Doom Desire|p2a: Swampert
|-start|p1a: Jirachi|Doom Desire
|move|p2a: Swampert|Stealth Rock|p1a: Jirachi
|-sidestart|p1: sgpg-fun|move: Stealth Rock
|
|upkeep
|turn|7
|
|t:|1658928472
|switch|p1a: Stonjourner|Stonjourner, F|100/100
|-damage|p1a: Stonjourner|88/100|[from] Stealth Rock
|-item|p1a: Stonjourner|Air Balloon
|move|p2a: Swampert|Flip Turn|p1a: Stonjourner
|-supereffective|p1a: Stonjourner
|-damage|p1a: Stonjourner|55/100
|-enditem|p1a: Stonjourner|Air Balloon
|
|t:|1658928483
|switch|p2a: Cobalion|Cobalion|97/100|[from]move: Flip Turn
|-damage|p2a: Cobalion|94/100|[from] Stealth Rock
|
|upkeep
|turn|8
|c|☆sgpg-fun|ah crap i forgot to put protect on this
|
|t:|1658928510
|move|p2a: Cobalion|Close Combat|p1a: Stonjourner
|-supereffective|p1a: Stonjourner
|-damage|p1a: Stonjourner|0 fnt
|-unboost|p2a: Cobalion|def|1
|-unboost|p2a: Cobalion|spd|1
|faint|p1a: Stonjourner
|
|-end|p2a: Cobalion|move: Doom Desire
|-resisted|p2a: Cobalion
|-damage|p2a: Cobalion|19/100
|upkeep
|
|t:|1658928535
|switch|p1a: Ribombee|Ribombee, M|100/100
|-damage|p1a: Ribombee|76/100|[from] Stealth Rock
|turn|9
|
|t:|1658928571
|switch|p2a: Crobat|Crobat, M|100/100
|move|p1a: Ribombee|Sticky Web|p2a: Crobat
|-sidestart|p2: Eazigzagoon|move: Sticky Web
|
|upkeep
|turn|10
|
|t:|1658928582
|move|p1a: Ribombee|Stun Spore|p2a: Crobat
|-status|p2a: Crobat|par
|cant|p2a: Crobat|par
|
|upkeep
|turn|11
|
|t:|1658928595
|switch|p1a: Jirachi|Jirachi|41/100
|-damage|p1a: Jirachi|35/100|[from] Stealth Rock
|move|p2a: Crobat|Brave Bird|p1a: Jirachi
|-resisted|p1a: Jirachi
|-damage|p1a: Jirachi|8/100
|-damage|p2a: Crobat|91/100 par|[from] Recoil
|
|upkeep
|turn|12
|
|t:|1658928608
|move|p1a: Jirachi|Psychic|p2a: Crobat
|-supereffective|p2a: Crobat
|-damage|p2a: Crobat|0 fnt
|faint|p2a: Crobat
|
|upkeep
|
|t:|1658928630
|switch|p2a: Salamence|Salamence, M|100/100
|-ability|p2a: Salamence|Intimidate|boost
|-unboost|p1a: Jirachi|atk|1
|turn|13
|
|t:|1658928645
|move|p2a: Salamence|Flamethrower|p1a: Jirachi
|-supereffective|p1a: Jirachi
|-damage|p1a: Jirachi|0 fnt
|faint|p1a: Jirachi
|
|upkeep
|
|t:|1658928665
|switch|p1a: Azumarill|Azumarill, F|100/100
|-damage|p1a: Azumarill|88/100|[from] Stealth Rock
|turn|14
|
|t:|1658928684
|move|p2a: Salamence|Dual Wingbeat|p1a: Azumarill
|-damage|p1a: Azumarill|65/100
|-damage|p1a: Azumarill|44/100
|-enditem|p1a: Azumarill|Sitrus Berry|[eat]
|-heal|p1a: Azumarill|69/100|[from] item: Sitrus Berry
|-hitcount|p1a: Azumarill|2
|move|p1a: Azumarill|Ice Punch|p2a: Salamence
|-supereffective|p2a: Salamence
|-damage|p2a: Salamence|0 fnt
|faint|p2a: Salamence
|
|upkeep
|
|t:|1658928717
|switch|p2a: Chansey|Chansey, F|100/100
|-damage|p2a: Chansey|88/100|[from] Stealth Rock
|-activate|p2a: Chansey|move: Sticky Web
|-unboost|p2a: Chansey|spe|1
|turn|15
|
|t:|1658928725
|switch|p1a: Krookodile|Krookodile, M|53/100
|-damage|p1a: Krookodile|47/100|[from] Stealth Rock
|-ability|p1a: Krookodile|Intimidate|boost
|-unboost|p2a: Chansey|atk|1
|move|p2a: Chansey|Thunder Wave|p1a: Krookodile
|-immune|p1a: Krookodile
|
|upkeep
|turn|16
|
|t:|1658928743
|switch|p2a: Cobalion|Cobalion|19/100
|-damage|p2a: Cobalion|16/100|[from] Stealth Rock
|-activate|p2a: Cobalion|move: Sticky Web
|-unboost|p2a: Cobalion|spe|1
|move|p1a: Krookodile|Knock Off|p2a: Cobalion
|-resisted|p2a: Cobalion
|-damage|p2a: Cobalion|0 fnt
|-enditem|p2a: Cobalion|Safety Goggles|[from] move: Knock Off|[of] p1a: Krookodile
|faint|p2a: Cobalion
|
|upkeep
|
|t:|1658928746
|switch|p2a: Crawdaunt|Crawdaunt, F|100/100
|-damage|p2a: Crawdaunt|88/100|[from] Stealth Rock
|-activate|p2a: Crawdaunt|move: Sticky Web
|-unboost|p2a: Crawdaunt|spe|1
|turn|17
|
|t:|1658928759
|move|p2a: Crawdaunt|Aqua Jet|p1a: Krookodile
|-supereffective|p1a: Krookodile
|-damage|p1a: Krookodile|0 fnt
|faint|p1a: Krookodile
|
|upkeep
|
|t:|1658928768
|switch|p1a: Azumarill|Azumarill, F|69/100
|-damage|p1a: Azumarill|56/100|[from] Stealth Rock
|turn|18
|
|t:|1658928774
|switch|p2a: Swampert|Swampert, M|38/100
|-damage|p2a: Swampert|32/100|[from] Stealth Rock
|-activate|p2a: Swampert|move: Sticky Web
|-unboost|p2a: Swampert|spe|1
|move|p1a: Azumarill|Play Rough|p2a: Swampert
|-damage|p2a: Swampert|0 fnt
|faint|p2a: Swampert
|
|upkeep
|
|t:|1658928776
|switch|p2a: Chansey|Chansey, F|88/100
|-damage|p2a: Chansey|75/100|[from] Stealth Rock
|-activate|p2a: Chansey|move: Sticky Web
|-unboost|p2a: Chansey|spe|1
|turn|19
|
|t:|1658928788
|switch|p1a: Ribombee|Ribombee, M|76/100
|-damage|p1a: Ribombee|51/100|[from] Stealth Rock
|move|p2a: Chansey|Thunder Wave|p1a: Ribombee
|-status|p1a: Ribombee|par
|
|upkeep
|turn|20
|
|t:|1658928797
|move|p1a: Ribombee|Stun Spore|p2a: Chansey
|-status|p2a: Chansey|par
|move|p2a: Chansey|Teleport|p2a: Chansey
|
|t:|1658928808
|-curestatus|p2a: Chansey|par|[from] ability: Natural Cure
|switch|p2a: Crawdaunt|Crawdaunt, F|88/100|[from]move: Teleport
|-damage|p2a: Crawdaunt|76/100|[from] Stealth Rock
|-activate|p2a: Crawdaunt|move: Sticky Web
|-unboost|p2a: Crawdaunt|spe|1
|
|upkeep
|turn|21
|
|t:|1658928819
|cant|p1a: Ribombee|par
|move|p2a: Crawdaunt|Liquidation|p1a: Ribombee
|-damage|p1a: Ribombee|0 fnt
|faint|p1a: Ribombee
|
|upkeep
|c|☆sgpg-fun|damn i used moonblast there
|c|☆sgpg-fun|but aqua jet would have killed
|
|t:|1658928837
|switch|p1a: Azumarill|Azumarill, F|56/100
|-damage|p1a: Azumarill|44/100|[from] Stealth Rock
|turn|22
|
|t:|1658928842
|switch|p2a: Chansey|Chansey, F|75/100
|-damage|p2a: Chansey|63/100|[from] Stealth Rock
|-activate|p2a: Chansey|move: Sticky Web
|-unboost|p2a: Chansey|spe|1
|move|p1a: Azumarill|Play Rough|p2a: Chansey
|-damage|p2a: Chansey|28/100
|
|upkeep
|turn|23
|
|t:|1658928852
|move|p1a: Azumarill|Play Rough|p2a: Chansey
|-damage|p2a: Chansey|0 fnt
|faint|p2a: Chansey
|
|upkeep
|
|t:|1658928854
|switch|p2a: Crawdaunt|Crawdaunt, F|76/100
|-damage|p2a: Crawdaunt|63/100|[from] Stealth Rock
|-activate|p2a: Crawdaunt|move: Sticky Web
|-unboost|p2a: Crawdaunt|spe|1
|turn|24
|
|t:|1658928862
|move|p2a: Crawdaunt|Aqua Jet|p1a: Azumarill
|-resisted|p1a: Azumarill
|-damage|p1a: Azumarill|20/100
|move|p1a: Azumarill|Play Rough|p2a: Crawdaunt
|-supereffective|p2a: Crawdaunt
|-damage|p2a: Crawdaunt|0 fnt
|faint|p2a: Crawdaunt
|
|win|sgpg-fun
|raw|sgpg-fun's rating: 1228 &rarr; <strong>1268</strong><br />(+40 for winning)
|raw|Eazigzagoon's rating: 1470 &rarr; <strong>1438</strong><br />(-32 for losing)
|l|☆Eazigzagoon
|c|☆sgpg-fun|gg
||Ladder isn't responding, score probably updated but might not have (Request timeout).
