|j|☆megasalappo
|j|☆Rvp4president
|t:|1662295134
|gametype|singles
|player|p1|megasalappo|266|1375
|player|p2|Rvp4president|265|1582
|teamsize|p1|6
|teamsize|p2|6
|gen|8
|tier|[Gen 8] UU
|rated|
|rule|Sleep Clause Mod: Limit one foe put to sleep
|rule|Species Clause: Limit one of each Pokémon
|rule|OHKO Clause: OHKO moves are banned
|rule|Evasion Items Clause: Evasion items are banned
|rule|Evasion Moves Clause: Evasion moves are banned
|rule|Endless Battle Clause: Forcing endless battles is banned
|rule|HP Percentage Mod: HP is shown in percentages
|rule|Dynamax Clause: You cannot dynamax
|clearpoke
|poke|p1|Scizor, M|
|poke|p1|Chandelure, M|
|poke|p1|Azumarill, M|
|poke|p1|Celebi|
|poke|p1|Mandibuzz, F|
|poke|p1|Tyrantrum, M|
|poke|p2|Amoonguss, F|
|poke|p2|Chansey, F|
|poke|p2|Keldeo-Resolute|
|poke|p2|Diggersby, F|
|poke|p2|Skarmory, M|
|poke|p2|Thundurus-Therian, M|
|teampreview
|inactive|Battle timer is ON: inactive players will automatically lose when time's up. (requested by Rvp4president)
|
|t:|1662295162
|start
|switch|p1a: Celebi|Celebi|100/100
|switch|p2a: Thundurus|Thundurus-Therian, M|100/100
|turn|1
|c|☆megasalappo|Yo
|c|☆megasalappo|Ppo guy
|
|t:|1662295180
|move|p2a: Thundurus|Volt Switch|p1a: Celebi
|-resisted|p1a: Celebi
|-damage|p1a: Celebi|86/100
|
|t:|1662295183
|switch|p2a: Chansey|Chansey, F, shiny|100/100|[from]move: Volt Switch
|move|p1a: Celebi|Stealth Rock|p2a: Chansey
|-sidestart|p2: Rvp4president|move: Stealth Rock
|
|-heal|p1a: Celebi|93/100|[from] item: Leftovers
|upkeep
|turn|2
|c|☆megasalappo|Glgl
|
|t:|1662295198
|switch|p1a: Tyrantrum|Tyrantrum, M|100/100
|move|p2a: Chansey|Stealth Rock|p1a: Tyrantrum
|-sidestart|p1: megasalappo|move: Stealth Rock
|
|upkeep
|turn|3
|
|t:|1662295202
|switch|p2a: Skarmory|Skarmory, M|100/100
|-damage|p2a: Skarmory|88/100|[from] Stealth Rock
|move|p1a: Tyrantrum|Dragon Dance|p1a: Tyrantrum
|-boost|p1a: Tyrantrum|atk|1
|-boost|p1a: Tyrantrum|spe|1
|
|upkeep
|turn|4
|
|t:|1662295207
|move|p1a: Tyrantrum|Head Smash|p2a: Skarmory
|-damage|p2a: Skarmory|9/100
|-damage|p1a: Tyrantrum|84/100|[from] item: Rocky Helmet|[of] p2a: Skarmory
|-damage|p1a: Tyrantrum|74/100|[from] item: Life Orb
|move|p2a: Skarmory|Roost|p2a: Skarmory
|-heal|p2a: Skarmory|59/100
|-singleturn|p2a: Skarmory|move: Roost
|
|upkeep
|turn|5
|
|t:|1662295218
|switch|p2a: Amoonguss|Amoonguss, F|100/100
|-damage|p2a: Amoonguss|88/100|[from] Stealth Rock
|move|p1a: Tyrantrum|Head Smash|p2a: Amoonguss|[miss]
|-miss|p1a: Tyrantrum|p2a: Amoonguss
|
|-heal|p2a: Amoonguss|94/100|[from] item: Black Sludge
|upkeep
|turn|6
|
|t:|1662295239
|move|p1a: Tyrantrum|Head Smash|p2a: Amoonguss
|-damage|p2a: Amoonguss|0 fnt
|faint|p2a: Amoonguss
|-damage|p1a: Tyrantrum|64/100|[from] item: Life Orb
|
|upkeep
|
|t:|1662295247
|switch|p2a: Thundurus|Thundurus-Therian, M|100/100
|-damage|p2a: Thundurus|76/100|[from] Stealth Rock
|turn|7
|
|t:|1662295253
|move|p2a: Thundurus|Focus Blast|p1a: Tyrantrum|[miss]
|-miss|p2a: Thundurus|p1a: Tyrantrum
|move|p1a: Tyrantrum|Head Smash|p2a: Thundurus|[miss]
|-miss|p1a: Tyrantrum|p2a: Thundurus
|
|upkeep
|turn|8
|
|t:|1662295261
|move|p2a: Thundurus|Focus Blast|p1a: Tyrantrum
|-supereffective|p1a: Tyrantrum
|-damage|p1a: Tyrantrum|0 fnt
|faint|p1a: Tyrantrum
|
|upkeep
|
|t:|1662295264
|switch|p1a: Chandelure|Chandelure, M|100/100
|-damage|p1a: Chandelure|76/100|[from] Stealth Rock
|turn|9
|
|t:|1662295267
|switch|p2a: Chansey|Chansey, F, shiny|100/100
|-damage|p2a: Chansey|88/100|[from] Stealth Rock
|move|p1a: Chandelure|Trick|p2a: Chansey
|-activate|p1a: Chandelure|move: Trick|[of] p2a: Chansey
|-item|p2a: Chansey|Choice Scarf|[from] move: Trick
|-item|p1a: Chandelure|Eviolite|[from] move: Trick
|
|upkeep
|turn|10
|
|t:|1662295278
|move|p1a: Chandelure|Fire Blast|p2a: Chansey
|-damage|p2a: Chansey|60/100
|move|p2a: Chansey|Toxic|p1a: Chandelure
|-status|p1a: Chandelure|tox
|
|-damage|p1a: Chandelure|69/100 tox|[from] psn
|upkeep
|turn|11
|
|t:|1662295284
|switch|p2a: Keldeo|Keldeo-Resolute|100/100
|-damage|p2a: Keldeo|94/100|[from] Stealth Rock
|move|p1a: Chandelure|Fire Blast|p2a: Keldeo
|-resisted|p2a: Keldeo
|-damage|p2a: Keldeo|59/100
|
|-damage|p1a: Chandelure|57/100 tox|[from] psn
|upkeep
|turn|12
|
|t:|1662295294
|move|p2a: Keldeo|Icy Wind|p1a: Chandelure
|-resisted|p1a: Chandelure
|-damage|p1a: Chandelure|37/100 tox
|-unboost|p1a: Chandelure|spe|1
|move|p1a: Chandelure|Energy Ball|p2a: Keldeo
|-supereffective|p2a: Keldeo
|-damage|p2a: Keldeo|0 fnt
|faint|p2a: Keldeo
|
|-damage|p1a: Chandelure|19/100 tox|[from] psn
|upkeep
|
|t:|1662295304
|switch|p2a: Chansey|Chansey, F, shiny|60/100
|-damage|p2a: Chansey|47/100|[from] Stealth Rock
|turn|13
|
|t:|1662295315
|move|p2a: Chansey|Soft-Boiled|p2a: Chansey
|-heal|p2a: Chansey|97/100
|move|p1a: Chandelure|Fire Blast|p2a: Chansey
|-damage|p2a: Chansey|67/100
|
|-damage|p1a: Chandelure|0 fnt|[from] psn
|faint|p1a: Chandelure
|upkeep
|inactive|megasalappo has 120 seconds left.
|
|t:|1662295341
|switch|p1a: Azumarill|Azumarill, M|100/100
|-damage|p1a: Azumarill|88/100|[from] Stealth Rock
|turn|14
|
|t:|1662295357
|move|p2a: Chansey|Soft-Boiled|p2a: Chansey
|-heal|p2a: Chansey|100/100
|move|p1a: Azumarill|Liquidation|p2a: Chansey
|-damage|p2a: Chansey|50/100
|
|upkeep
|turn|15
|
|t:|1662295364
|move|p2a: Chansey|Soft-Boiled|p2a: Chansey
|-heal|p2a: Chansey|99/100
|move|p1a: Azumarill|Liquidation|p2a: Chansey
|-damage|p2a: Chansey|46/100
|
|upkeep
|turn|16
|
|t:|1662295377
|switch|p2a: Thundurus|Thundurus-Therian, M|76/100
|-damage|p2a: Thundurus|51/100|[from] Stealth Rock
|move|p1a: Azumarill|Liquidation|p2a: Thundurus
|-damage|p2a: Thundurus|0 fnt
|faint|p2a: Thundurus
|
|upkeep
|
|t:|1662295383
|switch|p2a: Skarmory|Skarmory, M|59/100
|-damage|p2a: Skarmory|46/100|[from] Stealth Rock
|turn|17
|
|t:|1662295386
|move|p2a: Skarmory|Roost|p2a: Skarmory
|-heal|p2a: Skarmory|96/100
|-singleturn|p2a: Skarmory|move: Roost
|move|p1a: Azumarill|Liquidation|p2a: Skarmory
|-damage|p2a: Skarmory|65/100
|-damage|p1a: Azumarill|71/100|[from] item: Rocky Helmet|[of] p2a: Skarmory
|
|upkeep
|turn|18
|
|t:|1662295391
|move|p2a: Skarmory|Roost|p2a: Skarmory
|-heal|p2a: Skarmory|100/100
|-singleturn|p2a: Skarmory|move: Roost
|move|p1a: Azumarill|Knock Off|p2a: Skarmory
|-damage|p2a: Skarmory|76/100
|-damage|p1a: Azumarill|55/100|[from] item: Rocky Helmet|[of] p2a: Skarmory
|-enditem|p2a: Skarmory|Rocky Helmet|[from] move: Knock Off|[of] p1a: Azumarill
|
|upkeep
|turn|19
|
|t:|1662295397
|move|p2a: Skarmory|Roost|p2a: Skarmory
|-heal|p2a: Skarmory|100/100
|-singleturn|p2a: Skarmory|move: Roost
|move|p1a: Azumarill|Liquidation|p2a: Skarmory
|-damage|p2a: Skarmory|71/100
|-unboost|p2a: Skarmory|def|1
|
|upkeep
|turn|20
|
|t:|1662295402
|move|p2a: Skarmory|Roost|p2a: Skarmory
|-heal|p2a: Skarmory|100/100
|-singleturn|p2a: Skarmory|move: Roost
|move|p1a: Azumarill|Liquidation|p2a: Skarmory
|-damage|p2a: Skarmory|51/100
|
|upkeep
|turn|21
|
|t:|1662295408
|move|p2a: Skarmory|Roost|p2a: Skarmory
|-heal|p2a: Skarmory|100/100
|-singleturn|p2a: Skarmory|move: Roost
|move|p1a: Azumarill|Liquidation|p2a: Skarmory
|-damage|p2a: Skarmory|50/100
|
|upkeep
|turn|22
|
|t:|1662295414
|move|p2a: Skarmory|Roost|p2a: Skarmory
|-heal|p2a: Skarmory|99/100
|-singleturn|p2a: Skarmory|move: Roost
|move|p1a: Azumarill|Liquidation|p2a: Skarmory
|-damage|p2a: Skarmory|55/100
|
|upkeep
|turn|23
|
|t:|1662295423
|move|p1a: Azumarill|Liquidation|p2a: Skarmory
|-damage|p2a: Skarmory|5/100
|move|p2a: Skarmory|Counter|p1a: Azumarill
|-damage|p1a: Azumarill|0 fnt
|faint|p1a: Azumarill
|
|upkeep
|
|t:|1662295432
|switch|p1a: Celebi|Celebi|93/100
|-damage|p1a: Celebi|80/100|[from] Stealth Rock
|turn|24
|
|t:|1662295436
|move|p1a: Celebi|Psychic|p2a: Skarmory
|-resisted|p2a: Skarmory
|-damage|p2a: Skarmory|0 fnt
|faint|p2a: Skarmory
|
|-heal|p1a: Celebi|86/100|[from] item: Leftovers
|upkeep
|
|t:|1662295441
|switch|p2a: Diggersby|Diggersby, F, shiny|100/100
|-damage|p2a: Diggersby|94/100|[from] Stealth Rock
|turn|25
|
|t:|1662295451
|move|p2a: Diggersby|Knock Off|p1a: Celebi
|-supereffective|p1a: Celebi
|-damage|p1a: Celebi|0 fnt
|-enditem|p1a: Celebi|Leftovers|[from] move: Knock Off|[of] p2a: Diggersby
|faint|p1a: Celebi
|
|upkeep
|
|t:|1662295457
|switch|p1a: Mandibuzz|Mandibuzz, F|100/100
|-damage|p1a: Mandibuzz|76/100|[from] Stealth Rock
|turn|26
|
|t:|1662295459
|switch|p2a: Chansey|Chansey, F, shiny|46/100
|-damage|p2a: Chansey|34/100|[from] Stealth Rock
|move|p1a: Mandibuzz|U-turn|p2a: Chansey
|-damage|p2a: Chansey|22/100
|
|t:|1662295461
|switch|p1a: Scizor|Scizor, M|100/100|[from]move: U-turn
|-damage|p1a: Scizor|88/100|[from] Stealth Rock
|
|upkeep
|turn|27
|
|t:|1662295466
|move|p1a: Scizor|Bullet Punch|p2a: Chansey
|-damage|p2a: Chansey|0 fnt
|faint|p2a: Chansey
|
|upkeep
|
|t:|1662295468
|switch|p2a: Diggersby|Diggersby, F, shiny|94/100
|-damage|p2a: Diggersby|88/100|[from] Stealth Rock
|turn|28
|
|t:|1662295474
|move|p1a: Scizor|Bullet Punch|p2a: Diggersby
|-damage|p2a: Diggersby|14/100
|move|p2a: Diggersby|Body Slam|p1a: Scizor
|-resisted|p1a: Scizor
|-damage|p1a: Scizor|43/100
|
|upkeep
|turn|29
|
|t:|1662295480
|move|p1a: Scizor|Bullet Punch|p2a: Diggersby
|-damage|p2a: Diggersby|0 fnt
|faint|p2a: Diggersby
|
|win|megasalappo
|raw|megasalappo's rating: 1375 &rarr; <strong>1406</strong><br />(+31 for winning)
|raw|Rvp4president's rating: 1582 &rarr; <strong>1551</strong><br />(-31 for losing)
|l|☆Rvp4president
|c|☆megasalappo|Gg
