|html|<div class="broadcast-blue"><strong>[Gen 8] UU is currently suspecting Thundurus! For information on how to participate check out the <a href="https://www.smogon.com/forums/threads/np-ss-uu-stage-9-1-king-of-the-clouds.3689570/">suspect thread</a>.</strong></div>
|j|☆Gogole2021
|j|☆robbierayspants38
|t:|1630523483
|gametype|singles
|player|p1|Gogole2021|rood|1176
|player|p2|robbierayspants38|265|1178
|teamsize|p1|6
|teamsize|p2|6
|gen|8
|tier|[Gen 8] UU
|rated|
|rule|Sleep Clause Mod: Limit one foe put to sleep
|rule|Species Clause: Limit one of each Pokémon
|rule|OHKO Clause: OHKO moves are banned
|rule|Evasion Moves Clause: Evasion moves are banned
|rule|Endless Battle Clause: Forcing endless battles is banned
|rule|HP Percentage Mod: HP is shown in percentages
|rule|Dynamax Clause: You cannot dynamax
|clearpoke
|poke|p1|Kommo-o, M|
|poke|p1|Jirachi|
|poke|p1|Seismitoad, F|
|poke|p1|Zarude|
|poke|p1|Rotom-Heat|
|poke|p1|Nihilego|
|poke|p2|Pelipper, F|
|poke|p2|Azumarill, F|
|poke|p2|Diggersby, F|
|poke|p2|Tentacruel, M|
|poke|p2|Jirachi|
|poke|p2|Keldeo-Resolute|
|teampreview
|
|t:|1630523510
|start
|switch|p1a: Zarude|Zarude|100/100
|switch|p2a: Jirachi|Jirachi|100/100
|turn|1
|
|t:|1630523519
|move|p1a: Zarude|Darkest Lariat|p2a: Jirachi
|-supereffective|p2a: Jirachi
|-damage|p2a: Jirachi|33/100
|move|p2a: Jirachi|U-turn|p1a: Zarude
|-supereffective|p1a: Zarude
|-damage|p1a: Zarude|36/100
|
|t:|1630523529
|switch|p2a: Keldeo|Keldeo-Resolute|100/100|[from]move: U-turn
|
|upkeep
|turn|2
|
|t:|1630523538
|switch|p1a: Seismitoad|Seismitoad, F|100/100
|move|p2a: Keldeo|Secret Sword|p1a: Seismitoad
|-damage|p1a: Seismitoad|49/100
|
|-heal|p1a: Seismitoad|55/100|[from] item: Leftovers
|upkeep
|turn|3
|
|t:|1630523557
|switch|p2a: Pelipper|Pelipper, F|100/100
|-weather|RainDance|[from] ability: Drizzle|[of] p2a: Pelipper
|move|p1a: Seismitoad|Earthquake|p2a: Pelipper
|-immune|p2a: Pelipper
|
|-weather|RainDance|[upkeep]
|-heal|p1a: Seismitoad|61/100|[from] item: Leftovers
|upkeep
|turn|4
|
|t:|1630523569
|move|p1a: Seismitoad|Stealth Rock|p2a: Pelipper
|-sidestart|p2: robbierayspants38|move: Stealth Rock
|move|p2a: Pelipper|U-turn|p1a: Seismitoad
|-damage|p1a: Seismitoad|54/100
|
|t:|1630523596
|switch|p2a: Azumarill|Azumarill, F|100/100|[from]move: U-turn
|-damage|p2a: Azumarill|88/100|[from] Stealth Rock
|
|-weather|RainDance|[upkeep]
|-heal|p1a: Seismitoad|60/100|[from] item: Leftovers
|upkeep
|turn|5
|
|t:|1630523608
|move|p1a: Seismitoad|Earthquake|p2a: Azumarill
|-damage|p2a: Azumarill|48/100
|-enditem|p2a: Azumarill|Sitrus Berry|[eat]
|-heal|p2a: Azumarill|73/100|[from] item: Sitrus Berry
|move|p2a: Azumarill|Play Rough|p1a: Seismitoad
|-damage|p1a: Seismitoad|13/100
|
|-weather|RainDance|[upkeep]
|-heal|p1a: Seismitoad|19/100|[from] item: Leftovers
|upkeep
|turn|6
|
|t:|1630523624
|move|p1a: Seismitoad|Earthquake|p2a: Azumarill
|-damage|p2a: Azumarill|33/100
|move|p2a: Azumarill|Knock Off|p1a: Seismitoad
|-damage|p1a: Seismitoad|0 fnt
|-enditem|p1a: Seismitoad|Leftovers|[from] move: Knock Off|[of] p2a: Azumarill
|faint|p1a: Seismitoad
|
|-weather|RainDance|[upkeep]
|upkeep
|
|t:|1630523641
|switch|p1a: Zarude|Zarude|36/100
|turn|7
|
|t:|1630523651
|move|p2a: Azumarill|Aqua Jet|p1a: Zarude
|-resisted|p1a: Zarude
|-damage|p1a: Zarude|18/100
|move|p1a: Zarude|Power Whip|p2a: Azumarill
|-supereffective|p2a: Azumarill
|-damage|p2a: Azumarill|0 fnt
|faint|p2a: Azumarill
|
|-weather|RainDance|[upkeep]
|upkeep
|
|t:|1630523683
|switch|p2a: Jirachi|Jirachi|33/100
|-damage|p2a: Jirachi|27/100|[from] Stealth Rock
|turn|8
|
|t:|1630523691
|switch|p1a: Rotom|Rotom-Heat|100/100
|move|p2a: Jirachi|U-turn|p1a: Rotom
|-resisted|p1a: Rotom
|-damage|p1a: Rotom|93/100
|
|t:|1630523702
|switch|p2a: Keldeo|Keldeo-Resolute|100/100|[from]move: U-turn
|-damage|p2a: Keldeo|94/100|[from] Stealth Rock
|
|-weather|RainDance|[upkeep]
|upkeep
|turn|9
|
|t:|1630523712
|move|p2a: Keldeo|Surf|p1a: Rotom
|-supereffective|p1a: Rotom
|-damage|p1a: Rotom|0 fnt
|faint|p1a: Rotom
|
|-weather|RainDance|[upkeep]
|upkeep
|
|t:|1630523721
|switch|p1a: Zarude|Zarude|18/100
|turn|10
|
|t:|1630523728
|switch|p2a: Tentacruel|Tentacruel, M|100/100
|-damage|p2a: Tentacruel|88/100|[from] Stealth Rock
|move|p1a: Zarude|Power Whip|p2a: Tentacruel
|-damage|p2a: Tentacruel|28/100
|
|-weather|none
|-heal|p2a: Tentacruel|34/100|[from] item: Black Sludge
|upkeep
|turn|11
|
|t:|1630523742
|move|p1a: Zarude|Power Whip|p2a: Tentacruel
|-damage|p2a: Tentacruel|0 fnt
|faint|p2a: Tentacruel
|
|upkeep
|
|t:|1630523745
|switch|p2a: Pelipper|Pelipper, F|100/100
|-damage|p2a: Pelipper|76/100|[from] Stealth Rock
|-weather|RainDance|[from] ability: Drizzle|[of] p2a: Pelipper
|turn|12
|
|t:|1630523763
|switch|p1a: Nihilego|Nihilego|100/100
|move|p2a: Pelipper|U-turn|p1a: Nihilego
|-resisted|p1a: Nihilego
|-damage|p1a: Nihilego|92/100
|
|t:|1630523769
|switch|p2a: Diggersby|Diggersby, F|100/100|[from]move: U-turn
|-damage|p2a: Diggersby|94/100|[from] Stealth Rock
|
|-weather|RainDance|[upkeep]
|upkeep
|turn|13
|
|t:|1630523784
|switch|p1a: Zarude|Zarude|18/100
|move|p2a: Diggersby|Spikes|p1a: Zarude
|-sidestart|p1: Gogole2021|Spikes
|
|-weather|RainDance|[upkeep]
|upkeep
|turn|14
|
|t:|1630523797
|switch|p2a: Jirachi|Jirachi|27/100
|-damage|p2a: Jirachi|21/100|[from] Stealth Rock
|move|p1a: Zarude|Power Whip|p2a: Jirachi
|-resisted|p2a: Jirachi
|-damage|p2a: Jirachi|0 fnt
|faint|p2a: Jirachi
|
|-weather|RainDance|[upkeep]
|upkeep
|
|t:|1630523808
|switch|p2a: Pelipper|Pelipper, F|76/100
|-damage|p2a: Pelipper|51/100|[from] Stealth Rock
|turn|15
|
|t:|1630523814
|move|p1a: Zarude|Power Whip|p2a: Pelipper|[miss]
|-miss|p1a: Zarude|p2a: Pelipper
|move|p2a: Pelipper|U-turn|p1a: Zarude
|-supereffective|p1a: Zarude
|-damage|p1a: Zarude|0 fnt
|faint|p1a: Zarude
|
|t:|1630523834
|switch|p2a: Diggersby|Diggersby, F|94/100|[from]move: U-turn
|-damage|p2a: Diggersby|88/100|[from] Stealth Rock
|
|-weather|RainDance|[upkeep]
|upkeep
|
|t:|1630523857
|switch|p1a: Kommo-o|Kommo-o, M|100/100
|-damage|p1a: Kommo-o|88/100|[from] Spikes
|turn|16
|inactive|Battle timer is ON: inactive players will automatically lose when time's up. (requested by Gogole2021)
|
|t:|1630523930
|move|p2a: Diggersby|Earthquake|p1a: Kommo-o
|-damage|p1a: Kommo-o|28/100
|move|p1a: Kommo-o|Dragon Dance|p1a: Kommo-o
|-boost|p1a: Kommo-o|atk|1
|-boost|p1a: Kommo-o|spe|1
|
|-weather|RainDance|[upkeep]
|upkeep
|turn|17
|
|t:|1630523947
|move|p1a: Kommo-o|Close Combat|p2a: Diggersby
|-supereffective|p2a: Diggersby
|-damage|p2a: Diggersby|0 fnt
|-unboost|p1a: Kommo-o|def|1
|-unboost|p1a: Kommo-o|spd|1
|faint|p2a: Diggersby
|
|-weather|RainDance|[upkeep]
|upkeep
|
|t:|1630523958
|switch|p2a: Pelipper|Pelipper, F|51/100
|-damage|p2a: Pelipper|26/100|[from] Stealth Rock
|turn|18
|
|t:|1630523965
|move|p1a: Kommo-o|Dragon Claw|p2a: Pelipper
|-damage|p2a: Pelipper|0 fnt
|faint|p2a: Pelipper
|
|-weather|RainDance|[upkeep]
|upkeep
|
|t:|1630523970
|switch|p2a: Keldeo|Keldeo-Resolute|94/100
|-damage|p2a: Keldeo|88/100|[from] Stealth Rock
|turn|19
|
|t:|1630523978
|move|p1a: Kommo-o|Close Combat|p2a: Keldeo
|-damage|p2a: Keldeo|0 fnt
|-unboost|p1a: Kommo-o|def|1
|-unboost|p1a: Kommo-o|spd|1
|faint|p2a: Keldeo
|
|win|Gogole2021
|raw|Gogole2021's rating: 1177 &rarr; <strong>1202</strong><br />(+25 for winning)
|raw|robbierayspants38's rating: 1177 &rarr; <strong>1152</strong><br />(-25 for losing)
||Ladder isn't responding, score probably updated but might not have (Request timeout).
|l|☆robbierayspants38
