|j|☆BEsc
|j|☆Eltoras
|player|p1|BEsc|102|1380
|player|p2|Eltoras|blue|1439
|teamsize|p1|6
|teamsize|p2|6
|gametype|singles
|gen|8
|tier|[Gen 8] UU
|rated|
|clearpoke
|poke|p1|Tyranitar, F|
|poke|p1|Keldeo-Resolute|
|poke|p1|Aegislash, F|
|poke|p1|Conkeldurr, M|
|poke|p1|Rotom-Wash|
|poke|p1|Jirachi|
|poke|p2|Mienshao, M|
|poke|p2|Keldeo-Resolute|
|poke|p2|Noivern, F|
|poke|p2|Hatterene, F|
|poke|p2|Weezing-Galar, M|
|poke|p2|Tyranitar, F|
|rule|Sleep Clause Mod: Limit one foe put to sleep
|rule|Species Clause: Limit one of each Pokémon
|rule|OHKO Clause: OHKO moves are banned
|rule|Evasion Moves Clause: Evasion moves are banned
|rule|Endless Battle Clause: Forcing endless battles is banned
|rule|HP Percentage Mod: HP is shown in percentages
|rule|Dynamax Clause: You cannot dynamax
|teampreview
|inactive|Battle timer is ON: inactive players will automatically lose when time's up. (requested by BEsc)
|
|start
|switch|p1a: Jirachi|Jirachi|100/100
|switch|p2a: Mienshao|Mienshao, M|100/100
|turn|1
|
|switch|p1a: Tyranitar|Tyranitar, F|100/100
|-weather|Sandstorm|[from] ability: Sand Stream|[of] p1a: Tyranitar
|move|p2a: Mienshao|Knock Off|p1a: Tyranitar
|-resisted|p1a: Tyranitar
|-damage|p1a: Tyranitar|82/100
|-enditem|p1a: Tyranitar|Weakness Policy|[from] move: Knock Off|[of] p2a: Mienshao
|-damage|p2a: Mienshao|91/100|[from] item: Life Orb
|
|-weather|Sandstorm|[upkeep]
|-damage|p2a: Mienshao|85/100|[from] Sandstorm
|upkeep
|turn|2
|
|switch|p1a: Aegislash|Aegislash, F|100/100
|-item|p1a: Aegislash|Air Balloon
|move|p2a: Mienshao|Close Combat|p1a: Aegislash
|-immune|p1a: Aegislash
|
|-weather|Sandstorm|[upkeep]
|-damage|p2a: Mienshao|79/100|[from] Sandstorm
|upkeep
|turn|3
|
|switch|p1a: Tyranitar|Tyranitar, F|82/100
|move|p2a: Mienshao|U-turn|p1a: Tyranitar
|-supereffective|p1a: Tyranitar
|-damage|p1a: Tyranitar|22/100
|-damage|p2a: Mienshao|69/100|[from] item: Life Orb
|
|switch|p2a: Keldeo|Keldeo-Resolute|100/100|[from]move: U-turn
|
|-weather|Sandstorm|[upkeep]
|-damage|p2a: Keldeo|94/100|[from] Sandstorm
|-heal|p2a: Keldeo|100/100|[from] item: Leftovers
|upkeep
|turn|4
|
|switch|p1a: Aegislash|Aegislash, F|100/100
|-item|p1a: Aegislash|Air Balloon
|move|p2a: Keldeo|Scald|p1a: Aegislash
|-damage|p1a: Aegislash|63/100
|-enditem|p1a: Aegislash|Air Balloon
|
|-weather|Sandstorm|[upkeep]
|-damage|p2a: Keldeo|94/100|[from] Sandstorm
|-heal|p2a: Keldeo|100/100|[from] item: Leftovers
|upkeep
|turn|5
|
|switch|p1a: Rotom|Rotom-Wash|100/100
|move|p2a: Keldeo|Scald|p1a: Rotom
|-resisted|p1a: Rotom
|-damage|p1a: Rotom|77/100
|
|-weather|none
|-heal|p1a: Rotom|83/100|[from] item: Leftovers
|upkeep
|turn|6
|
|move|p2a: Keldeo|Flip Turn|p1a: Rotom
|-resisted|p1a: Rotom
|-damage|p1a: Rotom|77/100
|
|switch|p2a: Tyranitar|Tyranitar, F|100/100|[from]move: Flip Turn
|-weather|Sandstorm|[from] ability: Sand Stream|[of] p2a: Tyranitar
|move|p1a: Rotom|Volt Switch|p2a: Tyranitar
|-damage|p2a: Tyranitar|88/100
|
|switch|p1a: Conkeldurr|Conkeldurr, M|100/100|[from]move: Volt Switch
|
|-weather|Sandstorm|[upkeep]
|-damage|p1a: Conkeldurr|95/100|[from] Sandstorm
|-heal|p2a: Tyranitar|94/100|[from] item: Leftovers
|-status|p1a: Conkeldurr|brn|[from] item: Flame Orb
|upkeep
|turn|7
|
|switch|p2a: Weezing|Weezing-Galar, M|100/100
|-ability|p2a: Weezing|Neutralizing Gas
|move|p1a: Conkeldurr|Facade|p2a: Weezing
|-damage|p2a: Weezing|64/100
|
|-weather|Sandstorm|[upkeep]
|-damage|p1a: Conkeldurr|89/100 brn|[from] Sandstorm
|-damage|p2a: Weezing|58/100|[from] Sandstorm
|-heal|p2a: Weezing|64/100|[from] item: Black Sludge
|-damage|p1a: Conkeldurr|83/100 brn|[from] brn
|upkeep
|turn|8
|
|switch|p1a: Jirachi|Jirachi|100/100
|move|p2a: Weezing|Pain Split|p1a: Jirachi
|-sethp|p1a: Jirachi|77/100|[from] move: Pain Split|[silent]
|-sethp|p2a: Weezing|93/100|[from] move: Pain Split
|
|-weather|Sandstorm|[upkeep]
|-damage|p2a: Weezing|87/100|[from] Sandstorm
|-heal|p1a: Jirachi|83/100|[from] item: Leftovers
|-heal|p2a: Weezing|93/100|[from] item: Black Sludge
|upkeep
|turn|9
|
|switch|p2a: Noivern|Noivern, F|100/100
|-item|p1a: Jirachi|Leftovers|[from] ability: Frisk|[of] p2a: Noivern|[identify]
|move|p1a: Jirachi|Stealth Rock|p2a: Noivern
|-sidestart|p2: Eltoras|move: Stealth Rock
|
|-weather|Sandstorm|[upkeep]
|-damage|p2a: Noivern|94/100|[from] Sandstorm
|-heal|p1a: Jirachi|89/100|[from] item: Leftovers
|upkeep
|turn|10
|
|switch|p1a: Rotom|Rotom-Wash|77/100
|move|p2a: Noivern|Defog|p1a: Rotom
|-unboost|p1a: Rotom|evasion|1
|-sideend|p2: Eltoras|Stealth Rock|[from] move: Defog|[of] p2a: Noivern
|
|-weather|none
|-heal|p1a: Rotom|84/100|[from] item: Leftovers
|upkeep
|turn|11
|
|move|p2a: Noivern|U-turn|p1a: Rotom
|-damage|p1a: Rotom|73/100
|
|switch|p2a: Tyranitar|Tyranitar, F|94/100|[from]move: U-turn
|-weather|Sandstorm|[from] ability: Sand Stream|[of] p2a: Tyranitar
|move|p1a: Rotom|Volt Switch|p2a: Tyranitar
|-damage|p2a: Tyranitar|82/100
|
|switch|p1a: Conkeldurr|Conkeldurr, M|83/100 brn|[from]move: Volt Switch
|
|-weather|Sandstorm|[upkeep]
|-damage|p1a: Conkeldurr|77/100 brn|[from] Sandstorm
|-heal|p2a: Tyranitar|88/100|[from] item: Leftovers
|-damage|p1a: Conkeldurr|71/100 brn|[from] brn
|upkeep
|turn|12
|
|switch|p2a: Weezing|Weezing-Galar, M|93/100
|-ability|p2a: Weezing|Neutralizing Gas
|move|p1a: Conkeldurr|Drain Punch|p2a: Weezing
|-resisted|p2a: Weezing
|-damage|p2a: Weezing|89/100
|-heal|p1a: Conkeldurr|72/100 brn|[from] drain|[of] p2a: Weezing
|
|-weather|Sandstorm|[upkeep]
|-damage|p1a: Conkeldurr|66/100 brn|[from] Sandstorm
|-damage|p2a: Weezing|83/100|[from] Sandstorm
|-heal|p2a: Weezing|89/100|[from] item: Black Sludge
|-damage|p1a: Conkeldurr|60/100 brn|[from] brn
|upkeep
|turn|13
|
|switch|p1a: Jirachi|Jirachi|89/100
|switch|p2a: Mienshao|Mienshao, M|100/100
|
|-weather|Sandstorm|[upkeep]
|-damage|p2a: Mienshao|95/100|[from] Sandstorm
|-heal|p1a: Jirachi|96/100|[from] item: Leftovers
|upkeep
|turn|14
|
|move|p2a: Mienshao|Knock Off|p1a: Jirachi
|-supereffective|p1a: Jirachi
|-damage|p1a: Jirachi|27/100
|-enditem|p1a: Jirachi|Leftovers|[from] move: Knock Off|[of] p2a: Mienshao
|-damage|p2a: Mienshao|85/100|[from] item: Life Orb
|move|p1a: Jirachi|Iron Head|p2a: Mienshao
|-damage|p2a: Mienshao|30/100
|
|-weather|Sandstorm|[upkeep]
|-damage|p2a: Mienshao|24/100|[from] Sandstorm
|upkeep
|turn|15
|
|move|p2a: Mienshao|U-turn|p1a: Jirachi
|-damage|p1a: Jirachi|1/100
|-damage|p2a: Mienshao|14/100|[from] item: Life Orb
|
|switch|p2a: Keldeo|Keldeo-Resolute|100/100|[from]move: U-turn
|move|p1a: Jirachi|Iron Head|p2a: Keldeo
|-resisted|p2a: Keldeo
|-crit|p2a: Keldeo
|-damage|p2a: Keldeo|78/100
|
|-weather|none
|-heal|p2a: Keldeo|84/100|[from] item: Leftovers
|upkeep
|turn|16
|
|switch|p1a: Rotom|Rotom-Wash|73/100
|move|p2a: Keldeo|Flip Turn|p1a: Rotom
|-resisted|p1a: Rotom
|-damage|p1a: Rotom|67/100
|
|switch|p2a: Tyranitar|Tyranitar, F|88/100|[from]move: Flip Turn
|-weather|Sandstorm|[from] ability: Sand Stream|[of] p2a: Tyranitar
|
|-weather|Sandstorm|[upkeep]
|-damage|p1a: Rotom|60/100|[from] Sandstorm
|-heal|p1a: Rotom|67/100|[from] item: Leftovers
|-heal|p2a: Tyranitar|94/100|[from] item: Leftovers
|upkeep
|turn|17
|
|move|p1a: Rotom|Hydro Pump|p2a: Tyranitar|[miss]
|-miss|p1a: Rotom|p2a: Tyranitar
|move|p2a: Tyranitar|Stealth Rock|p1a: Rotom
|-sidestart|p1: BEsc|move: Stealth Rock
|
|-weather|Sandstorm|[upkeep]
|-damage|p1a: Rotom|60/100|[from] Sandstorm
|-heal|p1a: Rotom|67/100|[from] item: Leftovers
|-heal|p2a: Tyranitar|100/100|[from] item: Leftovers
|upkeep
|turn|18
|
|switch|p2a: Noivern|Noivern, F|94/100
|-item|p1a: Rotom|Leftovers|[from] ability: Frisk|[of] p2a: Noivern|[identify]
|move|p1a: Rotom|Defog|p2a: Noivern
|-unboost|p2a: Noivern|evasion|1
|-sideend|p1: BEsc|Stealth Rock|[from] move: Defog|[of] p1a: Rotom
|
|-weather|Sandstorm|[upkeep]
|-damage|p2a: Noivern|88/100|[from] Sandstorm
|-damage|p1a: Rotom|60/100|[from] Sandstorm
|-heal|p1a: Rotom|67/100|[from] item: Leftovers
|upkeep
|turn|19
|
|move|p2a: Noivern|Air Slash|p1a: Rotom
|-resisted|p1a: Rotom
|-damage|p1a: Rotom|54/100
|move|p1a: Rotom|Volt Switch|p2a: Noivern
|-damage|p2a: Noivern|58/100
|
|switch|p1a: Keldeo|Keldeo-Resolute|100/100|[from]move: Volt Switch
|
|-weather|Sandstorm|[upkeep]
|-damage|p1a: Keldeo|94/100|[from] Sandstorm
|-damage|p2a: Noivern|52/100|[from] Sandstorm
|upkeep
|turn|20
|
|switch|p2a: Hatterene|Hatterene, F|100/100
|move|p1a: Keldeo|Hydro Pump|p2a: Hatterene
|-damage|p2a: Hatterene|37/100
|
|-weather|none
|upkeep
|turn|21
|
|move|p1a: Keldeo|Hydro Pump|p2a: Hatterene
|-damage|p2a: Hatterene|0 fnt
|faint|p2a: Hatterene
|
|upkeep
|
|switch|p2a: Noivern|Noivern, F|52/100
|-item|p1a: Keldeo|Choice Scarf|[from] ability: Frisk|[of] p2a: Noivern|[identify]
|turn|22
|l|☆BEsc
|inactive|BEsc disconnected and has a minute to reconnect!
|player|p1|
|j|☆BEsc
|inactive|BEsc reconnected and has 120 seconds left.
|player|p1|BEsc|102
|
|switch|p1a: Rotom|Rotom-Wash|54/100
|move|p2a: Noivern|Roost|p2a: Noivern
|-heal|p2a: Noivern|100/100
|-singleturn|p2a: Noivern|move: Roost
|
|-heal|p1a: Rotom|60/100|[from] item: Leftovers
|upkeep
|turn|23
|
|move|p2a: Noivern|U-turn|p1a: Rotom
|-damage|p1a: Rotom|49/100
|
|switch|p2a: Tyranitar|Tyranitar, F|100/100|[from]move: U-turn
|-weather|Sandstorm|[from] ability: Sand Stream|[of] p2a: Tyranitar
|move|p1a: Rotom|Pain Split|p2a: Tyranitar
|-sethp|p2a: Tyranitar|69/100|[from] move: Pain Split|[silent]
|-sethp|p1a: Rotom|91/100|[from] move: Pain Split
|
|-weather|Sandstorm|[upkeep]
|-damage|p1a: Rotom|85/100|[from] Sandstorm
|-heal|p1a: Rotom|91/100|[from] item: Leftovers
|-heal|p2a: Tyranitar|75/100|[from] item: Leftovers
|upkeep
|turn|24
|
|move|p1a: Rotom|Hydro Pump|p2a: Tyranitar
|-supereffective|p2a: Tyranitar
|-damage|p2a: Tyranitar|39/100
|move|p2a: Tyranitar|Crunch|p1a: Rotom
|-damage|p1a: Rotom|46/100
|-unboost|p1a: Rotom|def|1
|
|-weather|Sandstorm|[upkeep]
|-damage|p1a: Rotom|39/100|[from] Sandstorm
|-heal|p1a: Rotom|46/100|[from] item: Leftovers
|-heal|p2a: Tyranitar|45/100|[from] item: Leftovers
|upkeep
|turn|25
|
|move|p1a: Rotom|Volt Switch|p2a: Tyranitar
|-crit|p2a: Tyranitar
|-damage|p2a: Tyranitar|27/100
|
|switch|p1a: Keldeo|Keldeo-Resolute|94/100|[from]move: Volt Switch
|move|p2a: Tyranitar|Crunch|p1a: Keldeo
|-resisted|p1a: Keldeo
|-damage|p1a: Keldeo|73/100
|-ability|p1a: Keldeo|Justified|boost
|-boost|p1a: Keldeo|atk|1
|
|-weather|Sandstorm|[upkeep]
|-damage|p1a: Keldeo|67/100|[from] Sandstorm
|-heal|p2a: Tyranitar|33/100|[from] item: Leftovers
|upkeep
|turn|26
|
|switch|p2a: Noivern|Noivern, F|100/100
|-item|p1a: Keldeo|Choice Scarf|[from] ability: Frisk|[of] p2a: Noivern|[identify]
|move|p1a: Keldeo|Hydro Pump|p2a: Noivern
|-resisted|p2a: Noivern
|-damage|p2a: Noivern|66/100
|
|-weather|Sandstorm|[upkeep]
|-damage|p1a: Keldeo|61/100|[from] Sandstorm
|-damage|p2a: Noivern|60/100|[from] Sandstorm
|upkeep
|turn|27
|
|switch|p1a: Rotom|Rotom-Wash|46/100
|move|p2a: Noivern|U-turn|p1a: Rotom
|-damage|p1a: Rotom|33/100
|
|switch|p2a: Mienshao|Mienshao, M|47/100|[from]move: U-turn
|
|-weather|none
|-heal|p1a: Rotom|40/100|[from] item: Leftovers
|upkeep
|turn|28
|
|switch|p1a: Conkeldurr|Conkeldurr, M|60/100 brn
|move|p2a: Mienshao|Knock Off|p1a: Conkeldurr
|-resisted|p1a: Conkeldurr
|-damage|p1a: Conkeldurr|39/100 brn
|-enditem|p1a: Conkeldurr|Flame Orb|[from] move: Knock Off|[of] p2a: Mienshao
|-damage|p2a: Mienshao|37/100|[from] item: Life Orb
|
|-damage|p1a: Conkeldurr|33/100 brn|[from] brn
|upkeep
|turn|29
|
|switch|p2a: Weezing|Weezing-Galar, M|89/100
|-ability|p2a: Weezing|Neutralizing Gas
|switch|p1a: Keldeo|Keldeo-Resolute|61/100
|
|-heal|p2a: Weezing|95/100|[from] item: Black Sludge
|upkeep
|turn|30
|
|move|p1a: Keldeo|Hydro Pump|p2a: Weezing
|-damage|p2a: Weezing|7/100
|move|p2a: Weezing|Strange Steam|p1a: Keldeo
|-supereffective|p1a: Keldeo
|-damage|p1a: Keldeo|0 fnt
|faint|p1a: Keldeo
|
|-heal|p2a: Weezing|13/100|[from] item: Black Sludge
|upkeep
|
|switch|p1a: Rotom|Rotom-Wash|40/100
|turn|31
|
|move|p1a: Rotom|Volt Switch|p2a: Weezing
|-damage|p2a: Weezing|0 fnt
|faint|p2a: Weezing
|
|switch|p1a: Aegislash|Aegislash, F|63/100|[from]move: Volt Switch
|
|upkeep
|
|switch|p2a: Keldeo|Keldeo-Resolute|84/100
|turn|32
|
|-formechange|p1a: Aegislash|Aegislash-Blade||[from] ability: Stance Change
|move|p1a: Aegislash|Shadow Sneak|p2a: Keldeo
|-damage|p2a: Keldeo|58/100
|move|p2a: Keldeo|Scald|p1a: Aegislash
|-damage|p1a: Aegislash|0 fnt
|faint|p1a: Aegislash
|
|-heal|p2a: Keldeo|64/100|[from] item: Leftovers
|upkeep
|
|switch|p1a: Rotom|Rotom-Wash|40/100
|turn|33
|
|move|p2a: Keldeo|Secret Sword|p1a: Rotom
|-damage|p1a: Rotom|0 fnt
|faint|p1a: Rotom
|
|-heal|p2a: Keldeo|70/100|[from] item: Leftovers
|upkeep
|
|switch|p1a: Conkeldurr|Conkeldurr, M|33/100 brn
|turn|34
|inactive|Eltoras has 120 seconds left.
|
|move|p2a: Keldeo|Scald|p1a: Conkeldurr
|-damage|p1a: Conkeldurr|0 fnt
|faint|p1a: Conkeldurr
|
|-heal|p2a: Keldeo|76/100|[from] item: Leftovers
|upkeep
|
|switch|p1a: Tyranitar|Tyranitar, F|22/100
|-weather|Sandstorm|[from] ability: Sand Stream|[of] p1a: Tyranitar
|turn|35
|
|move|p2a: Keldeo|Secret Sword|p1a: Tyranitar
|-supereffective|p1a: Tyranitar
|-damage|p1a: Tyranitar|0 fnt
|faint|p1a: Tyranitar
|
|-weather|Sandstorm|[upkeep]
|-damage|p2a: Keldeo|70/100|[from] Sandstorm
|-heal|p2a: Keldeo|76/100|[from] item: Leftovers
|upkeep
|
|switch|p1a: Jirachi|Jirachi|1/100
|turn|36
|
|move|p2a: Keldeo|Secret Sword|p1a: Jirachi
|-damage|p1a: Jirachi|0 fnt
|faint|p1a: Jirachi
|
|win|Eltoras
|c|☆Eltoras|gg
