|j|☆Zephyyyr
|j|☆MadMat_Tattoo
|t:|1662545357
|gametype|singles
|player|p1|Zephyyyr|richboy|1425
|player|p2|MadMat_Tattoo|biker-gen4|1315
|teamsize|p1|6
|teamsize|p2|6
|gen|8
|tier|[Gen 8] UU
|rated|
|rule|Sleep Clause Mod: Limit one foe put to sleep
|rule|Species Clause: Limit one of each Pokémon
|rule|OHKO Clause: OHKO moves are banned
|rule|Evasion Items Clause: Evasion items are banned
|rule|Evasion Moves Clause: Evasion moves are banned
|rule|Endless Battle Clause: Forcing endless battles is banned
|rule|HP Percentage Mod: HP is shown in percentages
|rule|Dynamax Clause: You cannot dynamax
|clearpoke
|poke|p1|Cloyster, M|
|poke|p1|Zygarde-10%|
|poke|p1|Cobalion|
|poke|p1|Zarude|
|poke|p1|Slowking, M|
|poke|p1|Salamence, F|
|poke|p2|Gyarados, F|
|poke|p2|Nidoking, M|
|poke|p2|Scizor, F|
|poke|p2|Azumarill, M|
|poke|p2|Mamoswine, M|
|poke|p2|Salamence, F|
|teampreview
|inactive|Battle timer is ON: inactive players will automatically lose when time's up. (requested by MadMat_Tattoo)
|
|t:|1662545379
|start
|switch|p1a: Slowking|Slowking, M|100/100
|switch|p2a: Mamoswine|Mamoswine, M|100/100
|turn|1
|
|t:|1662545383
|move|p2a: Mamoswine|Knock Off|p1a: Slowking
|-supereffective|p1a: Slowking
|-enditem|p1a: Slowking|Colbur Berry|[eat]
|-enditem|p1a: Slowking|Colbur Berry|[weaken]
|-damage|p1a: Slowking|67/100
|move|p1a: Slowking|Scald|p2a: Mamoswine
|-supereffective|p2a: Mamoswine
|-damage|p2a: Mamoswine|27/100
|
|upkeep
|turn|2
|
|t:|1662545392
|switch|p2a: Gyarados|Gyarados, F|100/100
|move|p1a: Slowking|Scald|p2a: Gyarados
|-resisted|p2a: Gyarados
|-damage|p2a: Gyarados|87/100
|
|-heal|p2a: Gyarados|93/100|[from] item: Leftovers
|upkeep
|turn|3
|
|t:|1662545401
|switch|p1a: Cobalion|Cobalion, shiny|100/100
|move|p2a: Gyarados|Substitute|p2a: Gyarados
|-start|p2a: Gyarados|Substitute
|-damage|p2a: Gyarados|68/100
|
|-heal|p2a: Gyarados|74/100|[from] item: Leftovers
|upkeep
|turn|4
|
|t:|1662545406
|move|p1a: Cobalion|Volt Switch|p2a: Gyarados
|-supereffective|p2a: Gyarados
|-end|p2a: Gyarados|Substitute
|
|t:|1662545408
|switch|p1a: Zarude|Zarude|100/100|[from]move: Volt Switch
|move|p2a: Gyarados|Dragon Dance|p2a: Gyarados
|-boost|p2a: Gyarados|atk|1
|-boost|p2a: Gyarados|spe|1
|
|-heal|p2a: Gyarados|80/100|[from] item: Leftovers
|upkeep
|turn|5
|
|t:|1662545413
|move|p1a: Zarude|Power Whip|p2a: Gyarados
|-damage|p2a: Gyarados|1/100
|move|p2a: Gyarados|Substitute|p2a: Gyarados
|-fail|p2a: Gyarados|move: Substitute|[weak]
|
|-heal|p2a: Gyarados|7/100|[from] item: Leftovers
|upkeep
|turn|6
|
|t:|1662545425
|move|p1a: Zarude|Power Whip|p2a: Gyarados
|-damage|p2a: Gyarados|0 fnt
|faint|p2a: Gyarados
|
|upkeep
|
|t:|1662545428
|switch|p2a: Scizor|Scizor, F|100/100
|turn|7
|
|t:|1662545430
|switch|p1a: Cobalion|Cobalion, shiny|100/100
|move|p2a: Scizor|Swords Dance|p2a: Scizor
|-boost|p2a: Scizor|atk|2
|
|upkeep
|turn|8
|
|t:|1662545441
|move|p2a: Scizor|Bullet Punch|p1a: Cobalion
|-resisted|p1a: Cobalion
|-damage|p1a: Cobalion|70/100
|-damage|p2a: Scizor|84/100|[from] item: Rocky Helmet|[of] p1a: Cobalion
|move|p1a: Cobalion|Stealth Rock|p2a: Scizor
|-sidestart|p2: MadMat_Tattoo|move: Stealth Rock
|
|-heal|p2a: Scizor|90/100|[from] item: Leftovers
|upkeep
|turn|9
|
|t:|1662545445
|move|p1a: Cobalion|Volt Switch|p2a: Scizor
|-damage|p2a: Scizor|70/100
|
|t:|1662545450
|switch|p1a: Salamence|Salamence, F|100/100|[from]move: Volt Switch
|-ability|p1a: Salamence|Intimidate|boost
|-unboost|p2a: Scizor|atk|1
|move|p2a: Scizor|Swords Dance|p2a: Scizor
|-boost|p2a: Scizor|atk|2
|
|-heal|p2a: Scizor|76/100|[from] item: Leftovers
|upkeep
|turn|10
|
|t:|1662545460
|move|p1a: Salamence|Flamethrower|p2a: Scizor
|-supereffective|p2a: Scizor
|-damage|p2a: Scizor|0 fnt
|faint|p2a: Scizor
|
|upkeep
|
|t:|1662545463
|switch|p2a: Azumarill|Azumarill, M|100/100
|-damage|p2a: Azumarill|88/100|[from] Stealth Rock
|turn|11
|
|t:|1662545476
|move|p1a: Salamence|Dual Wingbeat|p2a: Azumarill
|-damage|p2a: Azumarill|68/100
|-damage|p2a: Azumarill|47/100
|-enditem|p2a: Azumarill|Sitrus Berry|[eat]
|-heal|p2a: Azumarill|72/100|[from] item: Sitrus Berry
|-hitcount|p2a: Azumarill|2
|move|p2a: Azumarill|Belly Drum|p2a: Azumarill
|-damage|p2a: Azumarill|22/100
|-setboost|p2a: Azumarill|atk|6|[from] move: Belly Drum
|
|upkeep
|turn|12
|
|t:|1662545485
|move|p2a: Azumarill|Aqua Jet|p1a: Salamence
|-resisted|p1a: Salamence
|-damage|p1a: Salamence|62/100
|move|p1a: Salamence|Dual Wingbeat|p2a: Azumarill
|-damage|p2a: Azumarill|0 fnt
|faint|p2a: Azumarill
|-hitcount|p2: Azumarill|1
|
|upkeep
|
|t:|1662545490
|switch|p2a: Mamoswine|Mamoswine, M|27/100
|-damage|p2a: Mamoswine|15/100|[from] Stealth Rock
|turn|13
|
|t:|1662545498
|switch|p1a: Cobalion|Cobalion, shiny|70/100
|move|p2a: Mamoswine|Ice Shard|p1a: Cobalion
|-resisted|p1a: Cobalion
|-crit|p1a: Cobalion
|-damage|p1a: Cobalion|51/100
|
|upkeep
|turn|14
|
|t:|1662545504
|switch|p2a: Nidoking|Nidoking, M|100/100
|-damage|p2a: Nidoking|94/100|[from] Stealth Rock
|move|p1a: Cobalion|Close Combat|p2a: Nidoking
|-resisted|p2a: Nidoking
|-damage|p2a: Nidoking|62/100
|-unboost|p1a: Cobalion|def|1
|-unboost|p1a: Cobalion|spd|1
|
|upkeep
|turn|15
|
|t:|1662545514
|switch|p1a: Slowking|Slowking, M|99/100
|move|p2a: Nidoking|Flamethrower|p1a: Slowking
|-resisted|p1a: Slowking
|-crit|p1a: Slowking
|-damage|p1a: Slowking|78/100
|
|upkeep
|turn|16
|
|t:|1662545525
|move|p2a: Nidoking|Sludge Wave|p1a: Slowking
|-damage|p1a: Slowking|30/100
|move|p1a: Slowking|Teleport|p1a: Slowking
|
|t:|1662545527
|switch|p1a: Zygarde|Zygarde-10%|100/100|[from]move: Teleport
|-ability|p1a: Zygarde|Aura Break
|
|upkeep
|turn|17
|
|t:|1662545534
|move|p1a: Zygarde|Thousand Arrows|p2a: Nidoking
|-supereffective|p2a: Nidoking
|-damage|p2a: Nidoking|0 fnt
|faint|p2a: Nidoking
|
|upkeep
|
|t:|1662545537
|switch|p2a: Mamoswine|Mamoswine, M|15/100
|-damage|p2a: Mamoswine|2/100|[from] Stealth Rock
|turn|18
|
|t:|1662545557
|switch|p1a: Cloyster|Cloyster, M|100/100
|move|p2a: Mamoswine|Ice Shard|p1a: Cloyster
|-resisted|p1a: Cloyster
|-damage|p1a: Cloyster|94/100
|
|upkeep
|turn|19
|-message|MadMat_Tattoo forfeited.
|
|win|Zephyyyr
|raw|Zephyyyr's rating: 1425 &rarr; <strong>1439</strong><br />(+14 for winning)
|raw|MadMat_Tattoo's rating: 1315 &rarr; <strong>1301</strong><br />(-14 for losing)
|l|☆MadMat_Tattoo
||Ladder isn't responding, score probably updated but might not have (Request timeout).
