|j|☆Low Ladder Terror
|j|☆xinc
|t:|1607631905
|player|p1|Low Ladder Terror|teamrocket|
|player|p2|xinc|159|
|teamsize|p1|6
|teamsize|p2|6
|gametype|singles
|gen|8
|tier|[Gen 8] UU
|rated|Tournament battle
|clearpoke
|poke|p1|Conkeldurr, F|
|poke|p1|Jirachi|
|poke|p1|Seismitoad, F|
|poke|p1|Weezing-Galar, F|
|poke|p1|Keldeo-Resolute|
|poke|p1|Zarude|
|poke|p2|Torkoal, M|
|poke|p2|Venusaur, F|
|poke|p2|Latias, F|
|poke|p2|Victini|
|poke|p2|Bisharp, F|
|poke|p2|Mimikyu, M|
|rule|Sleep Clause Mod: Limit one foe put to sleep
|rule|Species Clause: Limit one of each Pokémon
|rule|OHKO Clause: OHKO moves are banned
|rule|Evasion Moves Clause: Evasion moves are banned
|rule|Endless Battle Clause: Forcing endless battles is banned
|rule|HP Percentage Mod: HP is shown in percentages
|rule|Dynamax Clause: You cannot dynamax
|teampreview
|inactive|Battle timer is ON: inactive players will automatically lose when time's up. (requested by Low Ladder Terror)
|j| SSRW24 CF
|j| laevin ㋛
|j| ZamaShield79
|c|☆Low Ladder Terror|oh no sun
|c|☆Low Ladder Terror|gg
|c|☆xinc|what's sun
|c|☆xinc|here comes the sun, doodoo doodoo
|j| gglrg
|inactive|Low Ladder Terror has 120 seconds left.
|c|☆xinc|hf
|j| zed3f
|c| gglrg|fuck i lost to this shit
|
|t:|1607631947
|start
|switch|p1a: Keldeo|Keldeo-Resolute|100/100
|switch|p2a: Victini|Victini|100/100
|turn|1
|
|t:|1607631955
|switch|p1a: Seismitoad|Seismitoad, F, shiny|100/100
|switch|p2a: Latias|Latias, F|100/100
|
|upkeep
|turn|2
|c| ZamaShield79|the darn sun
|c| gglrg|flinch at the beginning tho
|l| zed3f
|j| Metool B
|inactive|xinc has 120 seconds left.
|
|t:|1607631991
|move|p2a: Latias|Draco Meteor|p1a: Seismitoad
|-damage|p1a: Seismitoad|32/100
|-unboost|p2a: Latias|spa|2
|move|p1a: Seismitoad|Stealth Rock|p2a: Latias
|-sidestart|p2: xinc|move: Stealth Rock
|
|-heal|p1a: Seismitoad|38/100|[from] item: Leftovers
|upkeep
|turn|3
|inactive|xinc has 120 seconds left.
|
|t:|1607632023
|switch|p2a: Bisharp|Bisharp, F|100/100
|-damage|p2a: Bisharp|95/100|[from] Stealth Rock
|move|p1a: Seismitoad|Knock Off|p2a: Bisharp
|-resisted|p2a: Bisharp
|-damage|p2a: Bisharp|81/100
|-enditem|p2a: Bisharp|Black Glasses|[from] move: Knock Off|[of] p1a: Seismitoad
|
|-heal|p1a: Seismitoad|44/100|[from] item: Leftovers
|upkeep
|turn|4
|j| Gb3k
|j| Deepintheabyss
|
|t:|1607632032
|move|p2a: Bisharp|Knock Off|p1a: Seismitoad
|-damage|p1a: Seismitoad|7/100
|-enditem|p1a: Seismitoad|Leftovers|[from] move: Knock Off|[of] p2a: Bisharp
|move|p1a: Seismitoad|Earthquake|p2a: Bisharp
|-supereffective|p2a: Bisharp
|-damage|p2a: Bisharp|1/100
|
|upkeep
|turn|5
|
|t:|1607632041
|move|p2a: Bisharp|Knock Off|p1a: Seismitoad
|-damage|p1a: Seismitoad|0 fnt
|faint|p1a: Seismitoad
|
|upkeep
|inactive|Low Ladder Terror has 120 seconds left.
|
|t:|1607632073
|switch|p1a: Keldeo|Keldeo-Resolute|100/100
|turn|6
|j| BigFatMantis
|
|t:|1607632077
|move|p1a: Keldeo|Flip Turn|p2a: Bisharp
|-damage|p2a: Bisharp|0 fnt
|faint|p2a: Bisharp
|inactive|Low Ladder Terror has 120 seconds left.
|
|t:|1607632097
|switch|p1a: Weezing|Weezing-Galar, F, shiny|100/100|[from]move: Flip Turn
|
|upkeep
|
|t:|1607632103
|switch|p2a: Torkoal|Torkoal, M|100/100
|-damage|p2a: Torkoal|76/100|[from] Stealth Rock
|-weather|SunnyDay|[from] ability: Drought|[of] p2a: Torkoal
|turn|7
|
|t:|1607632112
|move|p1a: Weezing|Sludge Bomb|p2a: Torkoal
|-damage|p2a: Torkoal|21/100
|-status|p2a: Torkoal|psn
|move|p2a: Torkoal|Rapid Spin|p1a: Weezing
|-damage|p1a: Weezing|93/100
|-boost|p2a: Torkoal|spe|1
|-sideend|p2: xinc|Stealth Rock|[from] move: Rapid Spin|[of] p2a: Torkoal
|
|-weather|SunnyDay|[upkeep]
|-heal|p1a: Weezing|99/100|[from] item: Black Sludge
|-damage|p2a: Torkoal|9/100 psn|[from] psn
|upkeep
|turn|8
|c| SSRW24 CF|if only this was the infamous choice scarf neutralizing gas weeing
|inactive|xinc has 120 seconds left.
|c| ZamaShield79|if only
|c| gglrg|if only yes
|inactive|Low Ladder Terror has 120 seconds left.
|
|t:|1607632166
|switch|p2a: Venusaur|Venusaur, F|100/100
|move|p1a: Weezing|Fire Blast|p2a: Venusaur
|-supereffective|p2a: Venusaur
|-damage|p2a: Venusaur|0 fnt
|faint|p2a: Venusaur
|
|-weather|SunnyDay|[upkeep]
|-heal|p1a: Weezing|100/100|[from] item: Black Sludge
|upkeep
|c|☆xinc|f
|c|☆xinc|smart move
|
|t:|1607632174
|switch|p2a: Victini|Victini|100/100
|turn|9
|c| BigFatMantis|something will die
|c| ZamaShield79|yall gl and hf
|c| BigFatMantis|but what
|inactive|Low Ladder Terror has 120 seconds left.
|
|t:|1607632191
|switch|p1a: Conkeldurr|Conkeldurr, F, shiny|100/100
|move|p2a: Victini|V-create|p1a: Conkeldurr
|-damage|p1a: Conkeldurr|0 fnt
|-unboost|p2a: Victini|spe|1
|-unboost|p2a: Victini|def|1
|-unboost|p2a: Victini|spd|1
|faint|p1a: Conkeldurr
|
|-weather|SunnyDay|[upkeep]
|upkeep
|
|t:|1607632195
|switch|p1a: Zarude|Zarude|100/100
|turn|10
|c| ZamaShield79|somethings gonna die
|c| ZamaShield79|op
|c| gglrg|conk
|c| ZamaShield79|conk is ded now
|
|t:|1607632207
|switch|p2a: Latias|Latias, F|100/100
|move|p1a: Zarude|Darkest Lariat|p2a: Latias
|-supereffective|p2a: Latias
|-damage|p2a: Latias|0 fnt
|faint|p2a: Latias
|
|-weather|SunnyDay|[upkeep]
|upkeep
|
|t:|1607632213
|switch|p2a: Mimikyu|Mimikyu, M|100/100
|turn|11
|c| gglrg|zarude looking good
|c| SSRW24 CF|zarude ultimate anti sun strat
|c| SSRW24 CF|become immune to torkoal yawn
|inactive|Low Ladder Terror has 120 seconds left.
|
|t:|1607632250
|switch|p1a: Weezing|Weezing-Galar, F, shiny|100/100
|move|p2a: Mimikyu|Play Rough|p1a: Weezing
|-resisted|p1a: Weezing
|-damage|p1a: Weezing|78/100
|-damage|p2a: Mimikyu|91/100|[from] item: Life Orb
|
|-weather|SunnyDay|[upkeep]
|-heal|p1a: Weezing|85/100|[from] item: Black Sludge
|upkeep
|turn|12
|j| Mindnight
|
|t:|1607632263
|switch|p2a: Victini|Victini|100/100
|move|p1a: Weezing|Sludge Bomb|p2a: Victini
|-damage|p2a: Victini|61/100
|-status|p2a: Victini|psn
|
|-weather|SunnyDay|[upkeep]
|-heal|p1a: Weezing|91/100|[from] item: Black Sludge
|-damage|p2a: Victini|49/100 psn|[from] psn
|upkeep
|turn|13
|c| ZamaShield79|this is the best anti sun strat with zarude
|c| Mindnight|pog
|c| ZamaShield79|poggers
|c|☆xinc|tfw 30% procs 100% of the time
|inactive|xinc has 90 seconds left.
|
|t:|1607632279
|switch|p1a: Jirachi|Jirachi, shiny|100/100
|move|p2a: Victini|V-create|p1a: Jirachi
|-supereffective|p1a: Jirachi
|-damage|p1a: Jirachi|0 fnt
|-unboost|p2a: Victini|spe|1
|-unboost|p2a: Victini|def|1
|-unboost|p2a: Victini|spd|1
|faint|p1a: Jirachi
|
|-weather|SunnyDay|[upkeep]
|-damage|p2a: Victini|36/100 psn|[from] psn
|upkeep
|
|t:|1607632291
|switch|p1a: Zarude|Zarude|100/100
|turn|14
|c| Mindnight|kel win anyway
|
|t:|1607632300
|move|p1a: Zarude|Darkest Lariat|p2a: Victini
|-supereffective|p2a: Victini
|-damage|p2a: Victini|0 fnt
|faint|p2a: Victini
|
|-weather|none
|upkeep
|
|t:|1607632304
|switch|p2a: Mimikyu|Mimikyu, M|91/100
|turn|15
|j| Artzu✪
|
|t:|1607632308
|move|p1a: Zarude|Darkest Lariat|p2a: Mimikyu
|-activate|p2a: Mimikyu|ability: Disguise
|-damage|p2a: Mimikyu|91/100
|detailschange|p2a: Mimikyu|Mimikyu-Busted, M
|-damage|p2a: Mimikyu|78/100|[from] pokemon: Mimikyu-Busted
|move|p2a: Mimikyu|Swords Dance|p2a: Mimikyu
|-boost|p2a: Mimikyu|atk|2
|
|upkeep
|turn|16
|
|t:|1607632311
|move|p1a: Zarude|Darkest Lariat|p2a: Mimikyu
|-damage|p2a: Mimikyu|10/100
|move|p2a: Mimikyu|Play Rough|p1a: Zarude
|-supereffective|p1a: Zarude
|-damage|p1a: Zarude|0 fnt
|-damage|p2a: Mimikyu|0 fnt|[from] item: Life Orb
|faint|p1a: Zarude
|faint|p2a: Mimikyu
|
|upkeep
|l| Mindnight
|
|t:|1607632317
|switch|p1a: Weezing|Weezing-Galar, F, shiny|91/100
|switch|p2a: Torkoal|Torkoal, M|9/100 psn
|-weather|SunnyDay|[from] ability: Drought|[of] p2a: Torkoal
|turn|17
|c| SSRW24 CF|mimikyu has such pathetic bulk
|
|t:|1607632327
|move|p1a: Weezing|Sludge Bomb|p2a: Torkoal
|-damage|p2a: Torkoal|0 fnt
|faint|p2a: Torkoal
|
|win|Low Ladder Terror
|n|☆Low Ladder Terror|lowladderterror
|n|☆xinc|xinc
|n| SSRW24 CF|ssrw24cf
|n| laevin ㋛|laevin
|n| ZamaShield79|zamashield79
|n| gglrg|gglrg
|n| Metool B|metoolb
|n| Gb3k|gb3k
|n| Deepintheabyss|deepintheabyss
|n| BigFatMantis|bigfatmantis
|n| Artzu✪|artzu
