|j|☆Drasfer06
|j|☆Stnecoldjaneausten
|t:|1666283553
|gametype|singles
|player|p1|Drasfer06|shadowtriad|1568
|player|p2|Stnecoldjaneausten|265|1567
|teamsize|p1|6
|teamsize|p2|6
|gen|8
|tier|[Gen 8] UU
|rated|
|rule|Sleep Clause Mod: Limit one foe put to sleep
|rule|Species Clause: Limit one of each Pokémon
|rule|OHKO Clause: OHKO moves are banned
|rule|Evasion Items Clause: Evasion items are banned
|rule|Evasion Moves Clause: Evasion moves are banned
|rule|Endless Battle Clause: Forcing endless battles is banned
|rule|HP Percentage Mod: HP is shown in percentages
|rule|Dynamax Clause: You cannot dynamax
|clearpoke
|poke|p1|Thundurus-Therian, M|
|poke|p1|Cobalion|
|poke|p1|Suicune|
|poke|p1|Ribombee, M|
|poke|p1|Polteageist|
|poke|p1|Krookodile, M|
|poke|p2|Skarmory, F|
|poke|p2|Chansey, F|
|poke|p2|Conkeldurr, M|
|poke|p2|Crobat, F|
|poke|p2|Primarina, F|
|poke|p2|Excadrill, M|
|teampreview
|inactive|Battle timer is ON: inactive players will automatically lose when time's up. (requested by Drasfer06)
|inactive|Drasfer06 has 120 seconds left.
|
|t:|1666283588
|start
|switch|p1a: Thor 🏆⚡|Thundurus-Therian, M, shiny|100/100
|switch|p2a: Crobat|Crobat, F|100/100
|turn|1
|
|t:|1666283595
|move|p2a: Crobat|U-turn|p1a: Thor 🏆⚡
|-resisted|p1a: Thor 🏆⚡
|-damage|p1a: Thor 🏆⚡|90/100
|
|t:|1666283597
|switch|p2a: Chansey|Chansey, F|100/100|[from]move: U-turn
|move|p1a: Thor 🏆⚡|Knock Off|p2a: Chansey
|-crit|p2a: Chansey
|-damage|p2a: Chansey|77/100
|-enditem|p2a: Chansey|Eviolite|[from] move: Knock Off|[of] p1a: Thor 🏆⚡
|
|upkeep
|turn|2
|
|t:|1666283605
|switch|p1a: Power ranger💙🔥|Cobalion, shiny|100/100
|move|p2a: Chansey|Teleport|p2a: Chansey
|
|t:|1666283623
|switch|p2a: Skarmory|Skarmory, F|100/100|[from]move: Teleport
|
|upkeep
|turn|3
|j| Serek94
|
|t:|1666283631
|switch|p1a: Thor 🏆⚡|Thundurus-Therian, M, shiny|90/100
|move|p2a: Skarmory|Spikes|p1a: Thor 🏆⚡
|-sidestart|p1: Drasfer06|Spikes
|
|upkeep
|turn|4
|
|t:|1666283637
|switch|p2a: Chansey|Chansey, F|77/100
|move|p1a: Thor 🏆⚡|Thunderbolt|p2a: Chansey
|-damage|p2a: Chansey|54/100
|
|upkeep
|turn|5
|inactive|Drasfer06 has 120 seconds left.
|inactive|Drasfer06 has 90 seconds left.
|
|t:|1666283704
|move|p1a: Thor 🏆⚡|Thunderbolt|p2a: Chansey
|-damage|p2a: Chansey|31/100
|move|p2a: Chansey|Toxic|p1a: Thor 🏆⚡
|-status|p1a: Thor 🏆⚡|tox
|
|-damage|p1a: Thor 🏆⚡|84/100 tox|[from] psn
|upkeep
|turn|6
|inactive|Drasfer06 has 90 seconds left.
|
|t:|1666283716
|move|p1a: Thor 🏆⚡|Thunderbolt|p2a: Chansey
|-crit|p2a: Chansey
|-damage|p2a: Chansey|0 fnt
|faint|p2a: Chansey
|
|-damage|p1a: Thor 🏆⚡|72/100 tox|[from] psn
|upkeep
|c|☆Stnecoldjaneausten|Can’t make that up
|c|☆Stnecoldjaneausten|Third time today
|inactive|Stnecoldjaneausten has 120 seconds left.
|
|t:|1666283759
|switch|p2a: Crobat|Crobat, F|100/100
|turn|7
|inactive|Drasfer06 has 90 seconds left.
|
|t:|1666283783
|switch|p1a: Crystal💎🌊|Suicune, shiny|100/100
|-damage|p1a: Crystal💎🌊|88/100|[from] Spikes
|-ability|p1a: Crystal💎🌊|Pressure
|move|p2a: Crobat|U-turn|p1a: Crystal💎🌊
|-damage|p1a: Crystal💎🌊|78/100
|
|t:|1666283786
|switch|p2a: Primarina|Primarina, F|100/100|[from]move: U-turn
|
|-heal|p1a: Crystal💎🌊|84/100|[from] item: Leftovers
|upkeep
|turn|8
|inactive|Drasfer06 has 90 seconds left.
|
|t:|1666283808
|move|p2a: Primarina|Moonblast|p1a: Crystal💎🌊
|-damage|p1a: Crystal💎🌊|26/100
|move|p1a: Crystal💎🌊|Calm Mind|p1a: Crystal💎🌊
|-boost|p1a: Crystal💎🌊|spa|1
|-boost|p1a: Crystal💎🌊|spd|1
|
|-heal|p1a: Crystal💎🌊|32/100|[from] item: Leftovers
|upkeep
|turn|9
|inactive|Drasfer06 has 90 seconds left.
|
|t:|1666283817
|move|p2a: Primarina|Moonblast|p1a: Crystal💎🌊
|-damage|p1a: Crystal💎🌊|0 fnt
|faint|p1a: Crystal💎🌊
|
|upkeep
|inactive|Drasfer06 has 90 seconds left.
|
|t:|1666283832
|switch|p1a: Thor 🏆⚡|Thundurus-Therian, M, shiny|72/100 tox
|turn|10
|inactive|Stnecoldjaneausten has 90 seconds left.
|
|t:|1666283868
|switch|p2a: Excadrill|Excadrill, M|100/100
|-ability|p2a: Excadrill|Mold Breaker
|move|p1a: Thor 🏆⚡|Thunderbolt|p2a: Excadrill
|-immune|p2a: Excadrill
|
|-damage|p1a: Thor 🏆⚡|66/100 tox|[from] psn
|upkeep
|turn|11
|
|t:|1666283879
|switch|p2a: Crobat|Crobat, F|100/100
|move|p1a: Thor 🏆⚡|Knock Off|p2a: Crobat
|-damage|p2a: Crobat|76/100
|-enditem|p2a: Crobat|Heavy-Duty Boots|[from] move: Knock Off|[of] p1a: Thor 🏆⚡
|
|-damage|p1a: Thor 🏆⚡|54/100 tox|[from] psn
|upkeep
|turn|12
|inactive|Stnecoldjaneausten has 90 seconds left.
|
|t:|1666283893
|move|p2a: Crobat|U-turn|p1a: Thor 🏆⚡
|-resisted|p1a: Thor 🏆⚡
|-damage|p1a: Thor 🏆⚡|43/100 tox
|
|t:|1666283897
|switch|p2a: Excadrill|Excadrill, M|100/100|[from]move: U-turn
|-ability|p2a: Excadrill|Mold Breaker
|move|p1a: Thor 🏆⚡|Defog|p2a: Excadrill
|-unboost|p2a: Excadrill|evasion|1
|-sideend|p1: Drasfer06|Spikes|[from] move: Defog|[of] p1a: Thor 🏆⚡
|
|-damage|p1a: Thor 🏆⚡|25/100 tox|[from] psn
|upkeep
|turn|13
|
|t:|1666283908
|switch|p2a: Crobat|Crobat, F|76/100
|move|p1a: Thor 🏆⚡|Knock Off|p2a: Crobat
|-damage|p2a: Crobat|61/100
|
|-damage|p1a: Thor 🏆⚡|1/100 tox|[from] psn
|upkeep
|turn|14
|
|t:|1666283919
|switch|p1a: Power ranger💙🔥|Cobalion, shiny|100/100
|move|p2a: Crobat|U-turn|p1a: Power ranger💙🔥
|-resisted|p1a: Power ranger💙🔥
|-damage|p1a: Power ranger💙🔥|98/100
|
|t:|1666283927
|switch|p2a: Skarmory|Skarmory, F|100/100|[from]move: U-turn
|
|-heal|p1a: Power ranger💙🔥|100/100|[from] item: Leftovers
|upkeep
|turn|15
|
|t:|1666283934
|switch|p1a: Teadeath☕💜|Polteageist, shiny|100/100
|move|p2a: Skarmory|Spikes|p1a: Teadeath☕💜
|-sidestart|p1: Drasfer06|Spikes
|
|upkeep
|turn|16
|
|t:|1666283941
|move|p1a: Teadeath☕💜|Shadow Ball|p2a: Skarmory
|-damage|p2a: Skarmory|33/100
|move|p2a: Skarmory|Toxic|p1a: Teadeath☕💜
|-status|p1a: Teadeath☕💜|tox
|
|-damage|p1a: Teadeath☕💜|94/100 tox|[from] psn
|upkeep
|turn|17
|inactive|Drasfer06 has 120 seconds left.
|inactive|Stnecoldjaneausten has 120 seconds left.
|
|t:|1666283978
|move|p1a: Teadeath☕💜|Shadow Ball|p2a: Skarmory
|-damage|p2a: Skarmory|0 fnt
|faint|p2a: Skarmory
|
|-damage|p1a: Teadeath☕💜|82/100 tox|[from] psn
|upkeep
|inactive|Stnecoldjaneausten has 90 seconds left.
|
|t:|1666284011
|switch|p2a: Crobat|Crobat, F|61/100
|turn|18
|j| Valiant Hearts
|
|t:|1666284022
|switch|p1a: Power ranger💙🔥|Cobalion, shiny|100/100
|-damage|p1a: Power ranger💙🔥|88/100|[from] Spikes
|move|p2a: Crobat|Brave Bird|p1a: Power ranger💙🔥
|-damage|p1a: Power ranger💙🔥|56/100
|-damage|p2a: Crobat|52/100|[from] Recoil
|
|-heal|p1a: Power ranger💙🔥|62/100|[from] item: Leftovers
|upkeep
|turn|19
|
|t:|1666284034
|move|p2a: Crobat|Roost|p2a: Crobat
|-heal|p2a: Crobat|100/100
|-singleturn|p2a: Crobat|move: Roost
|move|p1a: Power ranger💙🔥|Iron Head|p2a: Crobat
|-damage|p2a: Crobat|67/100
|
|-heal|p1a: Power ranger💙🔥|68/100|[from] item: Leftovers
|upkeep
|turn|20
|
|t:|1666284048
|move|p2a: Crobat|Brave Bird|p1a: Power ranger💙🔥
|-damage|p1a: Power ranger💙🔥|35/100
|-damage|p2a: Crobat|57/100|[from] Recoil
|move|p1a: Power ranger💙🔥|Stone Edge|p2a: Crobat
|-supereffective|p2a: Crobat
|-damage|p2a: Crobat|0 fnt
|faint|p2a: Crobat
|
|-heal|p1a: Power ranger💙🔥|41/100|[from] item: Leftovers
|upkeep
|
|t:|1666284056
|switch|p2a: Conkeldurr|Conkeldurr, M|100/100
|turn|21
|
|t:|1666284081
|switch|p1a: Thor 🏆⚡|Thundurus-Therian, M, shiny|1/100 tox
|move|p2a: Conkeldurr|Knock Off|p1a: Thor 🏆⚡
|-damage|p1a: Thor 🏆⚡|0 fnt
|-enditem|p1a: Thor 🏆⚡|Heavy-Duty Boots|[from] move: Knock Off|[of] p2a: Conkeldurr
|faint|p1a: Thor 🏆⚡
|
|-status|p2a: Conkeldurr|brn|[from] item: Flame Orb
|upkeep
|inactive|Drasfer06 has 120 seconds left.
|
|t:|1666284107
|switch|p1a: Teadeath☕💜|Polteageist, shiny|82/100 tox
|-damage|p1a: Teadeath☕💜|70/100 tox|[from] Spikes
|turn|22
|
|t:|1666284129
|move|p1a: Teadeath☕💜|Shadow Ball|p2a: Conkeldurr
|-damage|p2a: Conkeldurr|39/100 brn
|move|p2a: Conkeldurr|Knock Off|p1a: Teadeath☕💜
|-supereffective|p1a: Teadeath☕💜
|-damage|p1a: Teadeath☕💜|0 fnt
|-enditem|p1a: Teadeath☕💜|Focus Sash|[from] move: Knock Off|[of] p2a: Conkeldurr
|faint|p1a: Teadeath☕💜
|
|-damage|p2a: Conkeldurr|33/100 brn|[from] brn
|upkeep
|
|t:|1666284149
|switch|p1a: Ribombee|Ribombee, M, shiny|100/100
|-damage|p1a: Ribombee|88/100|[from] Spikes
|turn|23
|
|t:|1666284162
|switch|p2a: Excadrill|Excadrill, M|100/100
|-ability|p2a: Excadrill|Mold Breaker
|move|p1a: Ribombee|Moonblast|p2a: Excadrill
|-resisted|p2a: Excadrill
|-damage|p2a: Excadrill|73/100
|-unboost|p2a: Excadrill|spa|1
|
|-heal|p2a: Excadrill|79/100|[from] item: Leftovers
|upkeep
|turn|24
|
|t:|1666284179
|move|p1a: Ribombee|Energy Ball|p2a: Excadrill
|-damage|p2a: Excadrill|45/100
|move|p2a: Excadrill|Rapid Spin|p1a: Ribombee
|-damage|p1a: Ribombee|56/100
|-boost|p2a: Excadrill|spe|1
|
|-heal|p2a: Excadrill|51/100|[from] item: Leftovers
|upkeep
|turn|25
|
|t:|1666284204
|move|p2a: Excadrill|Iron Head|p1a: Ribombee
|-supereffective|p1a: Ribombee
|-damage|p1a: Ribombee|0 fnt
|faint|p1a: Ribombee
|
|-heal|p2a: Excadrill|57/100|[from] item: Leftovers
|upkeep
|
|t:|1666284212
|switch|p1a: Rambo🔥💢|Krookodile, M|100/100
|-damage|p1a: Rambo🔥💢|88/100|[from] Spikes
|turn|26
|
|t:|1666284217
|move|p2a: Excadrill|Earthquake|p1a: Rambo🔥💢
|-damage|p1a: Rambo🔥💢|23/100
|move|p1a: Rambo🔥💢|Earthquake|p2a: Excadrill
|-supereffective|p2a: Excadrill
|-damage|p2a: Excadrill|0 fnt
|faint|p2a: Excadrill
|-ability|p1a: Rambo🔥💢|Moxie|boost
|-boost|p1a: Rambo🔥💢|atk|1
|-damage|p1a: Rambo🔥💢|13/100|[from] item: Life Orb
|
|upkeep
|
|t:|1666284223
|switch|p2a: Conkeldurr|Conkeldurr, M|33/100 brn
|turn|27
|-message|Drasfer06 forfeited.
|
|win|Stnecoldjaneausten
|raw|Drasfer06's rating: 1568 &rarr; <strong>1548</strong><br />(-20 for losing)
|raw|Stnecoldjaneausten's rating: 1567 &rarr; <strong>1587</strong><br />(+20 for winning)
|l|☆Drasfer06
|c|☆Stnecoldjaneausten|Gg
|l| Valiant Hearts
