|j|☆stoward
|j|☆galactest bro !
|t:|1619086987
|gametype|singles
|player|p1|stoward|evelyn|1368
|player|p2|galactest bro !|101|1528
|teamsize|p1|6
|teamsize|p2|6
|gen|8
|tier|[Gen 8] UU
|rated|
|clearpoke
|poke|p1|Suicune|
|poke|p1|Weezing-Galar, F|
|poke|p1|Umbreon, F|
|poke|p1|Mew|
|poke|p1|Diancie|
|poke|p1|Amoonguss, M|
|poke|p2|Keldeo-Resolute|
|poke|p2|Scizor, M|
|poke|p2|Moltres|
|poke|p2|Tangrowth, F|
|poke|p2|Rhyperior, M|
|poke|p2|Mew|
|rule|Sleep Clause Mod: Limit one foe put to sleep
|rule|Species Clause: Limit one of each Pokémon
|rule|OHKO Clause: OHKO moves are banned
|rule|Evasion Moves Clause: Evasion moves are banned
|rule|Endless Battle Clause: Forcing endless battles is banned
|rule|HP Percentage Mod: HP is shown in percentages
|rule|Dynamax Clause: You cannot dynamax
|teampreview
|inactive|Battle timer is ON: inactive players will automatically lose when time's up. (requested by stoward)
|c|☆stoward|hf
|
|t:|1619087037
|start
|switch|p1a: Diancie|Diancie|100/100
|switch|p2a: Tangrowth|Tangrowth, F|100/100
|turn|1
|
|t:|1619087045
|move|p1a: Diancie|Stealth Rock|p2a: Tangrowth
|-sidestart|p2: galactest bro !|move: Stealth Rock
|move|p2a: Tangrowth|Knock Off|p1a: Diancie
|-resisted|p1a: Diancie
|-damage|p1a: Diancie|92/100
|-enditem|p1a: Diancie|Leftovers|[from] move: Knock Off|[of] p2a: Tangrowth
|
|upkeep
|turn|2
|
|t:|1619087054
|move|p2a: Tangrowth|Sludge Bomb|p1a: Diancie
|-damage|p1a: Diancie|79/100
|-status|p1a: Diancie|psn
|move|p1a: Diancie|Mystical Fire|p2a: Tangrowth
|-supereffective|p2a: Tangrowth
|-damage|p2a: Tangrowth|78/100
|-unboost|p2a: Tangrowth|spa|1
|
|-damage|p1a: Diancie|66/100 psn|[from] psn
|upkeep
|turn|3
|
|t:|1619087068
|switch|p1a: Weezing|Weezing-Galar, F|100/100
|-ability|p1a: Weezing|Neutralizing Gas
|move|p2a: Tangrowth|Knock Off|p1a: Weezing
|-resisted|p1a: Weezing
|-damage|p1a: Weezing|94/100
|-enditem|p1a: Weezing|Black Sludge|[from] move: Knock Off|[of] p2a: Tangrowth
|
|upkeep
|turn|4
|
|t:|1619087083
|move|p1a: Weezing|Toxic Spikes|p2a: Tangrowth
|-sidestart|p2: galactest bro !|move: Toxic Spikes
|move|p2a: Tangrowth|Earthquake|p1a: Weezing
|-supereffective|p1a: Weezing
|-damage|p1a: Weezing|63/100
|
|upkeep
|turn|5
|
|t:|1619087098
|-end|p1a: Weezing|ability: Neutralizing Gas
|switch|p1a: Suicune|Suicune|100/100
|-ability|p1a: Suicune|Pressure
|switch|p2a: Moltres|Moltres|100/100
|
|upkeep
|turn|6
|
|t:|1619087110
|move|p2a: Moltres|Hurricane|p1a: Suicune
|-damage|p1a: Suicune|62/100
|move|p1a: Suicune|Calm Mind|p1a: Suicune
|-boost|p1a: Suicune|spa|1
|-boost|p1a: Suicune|spd|1
|
|-heal|p1a: Suicune|68/100|[from] item: Leftovers
|upkeep
|turn|7
|j| Bxdkfojf
|
|t:|1619087117
|move|p2a: Moltres|U-turn|p1a: Suicune
|-damage|p1a: Suicune|59/100
|
|t:|1619087119
|switch|p2a: Mew|Mew|100/100|[from]move: U-turn
|-damage|p2a: Mew|88/100|[from] Stealth Rock
|-status|p2a: Mew|psn
|move|p1a: Suicune|Roar|p2a: Mew
|drag|p2a: Rhyperior|Rhyperior, M|100/100
|-damage|p2a: Rhyperior|94/100|[from] Stealth Rock
|-status|p2a: Rhyperior|psn
|
|-heal|p1a: Suicune|66/100|[from] item: Leftovers
|-heal|p2a: Rhyperior|100/100 psn|[from] item: Leftovers
|-damage|p2a: Rhyperior|88/100 psn|[from] psn
|upkeep
|turn|8
|
|t:|1619087132
|move|p1a: Suicune|Scald|p2a: Rhyperior
|-supereffective|p2a: Rhyperior
|-damage|p2a: Rhyperior|0 fnt
|faint|p2a: Rhyperior
|
|-heal|p1a: Suicune|72/100|[from] item: Leftovers
|upkeep
|
|t:|1619087139
|switch|p2a: Mew|Mew|88/100 psn
|-damage|p2a: Mew|76/100 psn|[from] Stealth Rock
|turn|9
|
|t:|1619087143
|move|p2a: Mew|Trick|p1a: Suicune
|-activate|p2a: Mew|move: Trick|[of] p1a: Suicune
|-item|p1a: Suicune|Choice Scarf|[from] move: Trick
|-item|p2a: Mew|Leftovers|[from] move: Trick
|move|p1a: Suicune|Calm Mind|p1a: Suicune
|-boost|p1a: Suicune|spa|1
|-boost|p1a: Suicune|spd|1
|
|-heal|p2a: Mew|82/100 psn|[from] item: Leftovers
|-damage|p2a: Mew|70/100 psn|[from] psn
|upkeep
|turn|10
|
|t:|1619087154
|switch|p1a: Umbreon|Umbreon, F|100/100
|move|p2a: Mew|Spikes|p1a: Umbreon
|-sidestart|p1: stoward|Spikes
|
|-heal|p2a: Mew|76/100 psn|[from] item: Leftovers
|-damage|p2a: Mew|63/100 psn|[from] psn
|upkeep
|turn|11
|
|t:|1619087171
|move|p2a: Mew|Soft-Boiled|p2a: Mew
|-heal|p2a: Mew|100/100 psn
|move|p1a: Umbreon|Foul Play|p2a: Mew
|-supereffective|p2a: Mew
|-damage|p2a: Mew|54/100 psn
|
|-heal|p2a: Mew|60/100 psn|[from] item: Leftovers
|-damage|p2a: Mew|48/100 psn|[from] psn
|upkeep
|turn|12
|l| Bxdkfojf
|c|☆stoward|I guess if I've loaded up fat shit I don't get to call something annoying
|c|☆stoward|but that mew is annoying af
|c|☆stoward|did not expect scarf
|
|t:|1619087188
|switch|p2a: Moltres|Moltres|100/100
|switch|p1a: Mew|Mew|100/100
|-damage|p1a: Mew|88/100|[from] Spikes
|
|-heal|p1a: Mew|94/100|[from] item: Leftovers
|upkeep
|turn|13
|
|t:|1619087203
|move|p1a: Mew|Knock Off|p2a: Moltres
|-damage|p2a: Moltres|74/100
|-status|p1a: Mew|brn|[from] ability: Flame Body|[of] p2a: Moltres
|-activate|p1a: Mew|ability: Synchronize
|-immune|p2a: Moltres
|-enditem|p2a: Moltres|Heavy-Duty Boots|[from] move: Knock Off|[of] p1a: Mew
|move|p2a: Moltres|U-turn|p1a: Mew
|-supereffective|p1a: Mew
|-damage|p1a: Mew|70/100 brn
|
|t:|1619087216
|switch|p2a: Scizor|Scizor, M|100/100|[from]move: U-turn
|-damage|p2a: Scizor|88/100|[from] Stealth Rock
|
|-heal|p1a: Mew|76/100 brn|[from] item: Leftovers
|-damage|p1a: Mew|70/100 brn|[from] brn
|upkeep
|turn|14
|
|t:|1619087225
|move|p1a: Mew|Will-O-Wisp|p2a: Scizor
|-status|p2a: Scizor|brn
|move|p2a: Scizor|Swords Dance|p2a: Scizor
|-boost|p2a: Scizor|atk|2
|
|-heal|p1a: Mew|76/100 brn|[from] item: Leftovers
|-damage|p1a: Mew|70/100 brn|[from] brn
|-damage|p2a: Scizor|82/100 brn|[from] brn
|upkeep
|turn|15
|
|t:|1619087233
|switch|p1a: Suicune|Suicune|72/100
|-damage|p1a: Suicune|59/100|[from] Spikes
|-ability|p1a: Suicune|Pressure
|move|p2a: Scizor|Swords Dance|p2a: Scizor
|-boost|p2a: Scizor|atk|2
|
|-damage|p2a: Scizor|76/100 brn|[from] brn
|upkeep
|turn|16
|
|t:|1619087242
|move|p2a: Scizor|Roost|p2a: Scizor
|-heal|p2a: Scizor|100/100 brn
|-singleturn|p2a: Scizor|move: Roost
|move|p1a: Suicune|Roar|p2a: Scizor
|drag|p2a: Mew|Mew|48/100 psn
|-damage|p2a: Mew|35/100 psn|[from] Stealth Rock
|
|-heal|p2a: Mew|42/100 psn|[from] item: Leftovers
|-damage|p2a: Mew|29/100 psn|[from] psn
|upkeep
|turn|17
|-message|galactest bro ! forfeited.
|
|win|stoward
|raw|stoward's rating: 1368 &rarr; <strong>1397</strong><br />(+29 for winning)
|raw|galactest bro !'s rating: 1528 &rarr; <strong>1499</strong><br />(-29 for losing)
|l|☆galactest bro !
|c|☆stoward|gg
