|j|☆strombolijoe
|j|☆bioche80
|t:|1628632740
|gametype|singles
|player|p1|strombolijoe|2|1336
|player|p2|bioche80|artist-gen4|1458
|teamsize|p1|6
|teamsize|p2|6
|gen|8
|tier|[Gen 8] UU
|rated|
|rule|Sleep Clause Mod: Limit one foe put to sleep
|rule|Species Clause: Limit one of each Pokémon
|rule|OHKO Clause: OHKO moves are banned
|rule|Evasion Moves Clause: Evasion moves are banned
|rule|Endless Battle Clause: Forcing endless battles is banned
|rule|HP Percentage Mod: HP is shown in percentages
|rule|Dynamax Clause: You cannot dynamax
|clearpoke
|poke|p1|Mamoswine, M|
|poke|p1|Gyarados, F|
|poke|p1|Thundurus-Therian, M|
|poke|p1|Kommo-o, F|
|poke|p1|Jirachi|
|poke|p1|Primarina, M|
|poke|p2|Mamoswine, F|
|poke|p2|Keldeo-Resolute|
|poke|p2|Rotom-Heat|
|poke|p2|Roserade, M|
|poke|p2|Jirachi|
|poke|p2|Tapu Bulu|
|teampreview
|
|t:|1628632756
|start
|switch|p1a: Mamoswine|Mamoswine, M|100/100
|switch|p2a: Keldeo|Keldeo-Resolute|100/100
|turn|1
|
|t:|1628632784
|move|p2a: Keldeo|Scald|p1a: Mamoswine
|-supereffective|p1a: Mamoswine
|-enditem|p1a: Mamoswine|Focus Sash
|-damage|p1a: Mamoswine|1/100
|-damage|p2a: Keldeo|91/100|[from] item: Life Orb
|move|p1a: Mamoswine|Stealth Rock|p2a: Keldeo
|-sidestart|p2: bioche80|move: Stealth Rock
|
|upkeep
|turn|2
|
|t:|1628632797
|move|p1a: Mamoswine|Ice Shard|p2a: Keldeo
|-resisted|p2a: Keldeo
|-damage|p2a: Keldeo|79/100
|move|p2a: Keldeo|Secret Sword|p1a: Mamoswine
|-supereffective|p1a: Mamoswine
|-damage|p1a: Mamoswine|0 fnt
|faint|p1a: Mamoswine
|-damage|p2a: Keldeo|70/100|[from] item: Life Orb
|
|upkeep
|j| Enrique2103
|
|t:|1628632810
|switch|p1a: Primarina|Primarina, M|100/100
|turn|3
|l| Enrique2103
|
|t:|1628632820
|switch|p2a: Roserade|Roserade, M|100/100
|-damage|p2a: Roserade|88/100|[from] Stealth Rock
|move|p1a: Primarina|Hyper Voice|p2a: Roserade
|-resisted|p2a: Roserade
|-damage|p2a: Roserade|64/100
|
|upkeep
|turn|4
|
|t:|1628632833
|switch|p1a: Jirachi|Jirachi|100/100
|move|p2a: Roserade|Giga Drain|p1a: Jirachi
|-resisted|p1a: Jirachi
|-damage|p1a: Jirachi|80/100
|-heal|p2a: Roserade|75/100|[from] drain|[of] p1a: Jirachi
|
|upkeep
|turn|5
|inactive|Battle timer is ON: inactive players will automatically lose when time's up. (requested by bioche80)
|
|t:|1628632864
|switch|p2a: Rotom|Rotom-Heat|100/100
|move|p1a: Jirachi|Zen Headbutt|p2a: Rotom
|-damage|p2a: Rotom|49/100
|
|upkeep
|turn|6
|
|t:|1628632873
|switch|p2a: Jirachi|Jirachi|100/100
|-damage|p2a: Jirachi|94/100|[from] Stealth Rock
|move|p1a: Jirachi|Zen Headbutt|p2a: Jirachi|[miss]
|-miss|p1a: Jirachi|p2a: Jirachi
|
|upkeep
|turn|7
|
|t:|1628632885
|switch|p1a: Primarina|Primarina, M|100/100
|move|p2a: Jirachi|U-turn|p1a: Primarina
|-resisted|p1a: Primarina
|-damage|p1a: Primarina|88/100
|
|t:|1628632896
|switch|p2a: Rotom|Rotom-Heat|49/100|[from]move: U-turn
|
|upkeep
|turn|8
|
|t:|1628632903
|move|p2a: Rotom|Defog|p1a: Primarina
|-unboost|p1a: Primarina|evasion|1
|-sideend|p2: bioche80|Stealth Rock|[from] move: Defog|[of] p2a: Rotom
|move|p1a: Primarina|Hyper Voice|p2a: Rotom
|-supereffective|p2a: Rotom
|-damage|p2a: Rotom|0 fnt
|faint|p2a: Rotom
|
|upkeep
|
|t:|1628632915
|switch|p2a: Mamoswine|Mamoswine, F|100/100
|turn|9
|
|t:|1628632919
|move|p2a: Mamoswine|Earthquake|p1a: Primarina
|-damage|p1a: Primarina|0 fnt
|faint|p1a: Primarina
|-damage|p2a: Mamoswine|91/100|[from] item: Life Orb
|
|upkeep
|
|t:|1628632925
|switch|p1a: Gyarados|Gyarados, F|100/100
|-ability|p1a: Gyarados|Intimidate|boost
|-unboost|p2a: Mamoswine|atk|1
|turn|10
|
|t:|1628632935
|switch|p2a: Jirachi|Jirachi|94/100
|move|p1a: Gyarados|Dragon Dance|p1a: Gyarados
|-boost|p1a: Gyarados|atk|1
|-boost|p1a: Gyarados|spe|1
|
|upkeep
|turn|11
|
|t:|1628632941
|move|p2a: Jirachi|Trick|p1a: Gyarados
|-activate|p2a: Jirachi|move: Trick|[of] p1a: Gyarados
|-item|p1a: Gyarados|Choice Scarf|[from] move: Trick
|-item|p2a: Jirachi|Heavy-Duty Boots|[from] move: Trick
|move|p1a: Gyarados|Earthquake|p2a: Jirachi
|-supereffective|p2a: Jirachi
|-damage|p2a: Jirachi|0 fnt
|faint|p2a: Jirachi
|
|upkeep
|
|t:|1628632948
|switch|p2a: Tapu Bulu|Tapu Bulu|100/100
|-fieldstart|move: Grassy Terrain|[from] ability: Grassy Surge|[of] p2a: Tapu Bulu
|turn|12
|
|t:|1628632952
|move|p1a: Gyarados|Earthquake|p2a: Tapu Bulu
|-resisted|p2a: Tapu Bulu
|-damage|p2a: Tapu Bulu|91/100
|move|p2a: Tapu Bulu|Bulk Up|p2a: Tapu Bulu
|-boost|p2a: Tapu Bulu|atk|1
|-boost|p2a: Tapu Bulu|def|1
|
|-heal|p2a: Tapu Bulu|97/100|[from] Grassy Terrain
|upkeep
|turn|13
|
|t:|1628632960
|switch|p1a: Kommo-o|Kommo-o, F|100/100
|move|p2a: Tapu Bulu|Bulk Up|p2a: Tapu Bulu
|-boost|p2a: Tapu Bulu|atk|1
|-boost|p2a: Tapu Bulu|def|1
|
|-heal|p2a: Tapu Bulu|100/100|[from] Grassy Terrain
|upkeep
|turn|14
|
|t:|1628632969
|move|p1a: Kommo-o|Poison Jab|p2a: Tapu Bulu
|-supereffective|p2a: Tapu Bulu
|-damage|p2a: Tapu Bulu|69/100
|-status|p2a: Tapu Bulu|psn
|-damage|p1a: Kommo-o|84/100|[from] item: Rocky Helmet|[of] p2a: Tapu Bulu
|move|p2a: Tapu Bulu|Close Combat|p1a: Kommo-o
|-damage|p1a: Kommo-o|14/100
|-unboost|p2a: Tapu Bulu|def|1
|-unboost|p2a: Tapu Bulu|spd|1
|
|-heal|p1a: Kommo-o|20/100|[from] Grassy Terrain
|-heal|p1a: Kommo-o|26/100|[from] item: Leftovers
|-heal|p2a: Tapu Bulu|75/100 psn|[from] Grassy Terrain
|-damage|p2a: Tapu Bulu|63/100 psn|[from] psn
|upkeep
|turn|15
|
|t:|1628632986
|move|p1a: Kommo-o|Poison Jab|p2a: Tapu Bulu
|-supereffective|p2a: Tapu Bulu
|-damage|p2a: Tapu Bulu|15/100 psn
|-damage|p1a: Kommo-o|10/100|[from] item: Rocky Helmet|[of] p2a: Tapu Bulu
|move|p2a: Tapu Bulu|Close Combat|p1a: Kommo-o
|-damage|p1a: Kommo-o|0 fnt
|-unboost|p2a: Tapu Bulu|def|1
|-unboost|p2a: Tapu Bulu|spd|1
|faint|p1a: Kommo-o
|
|-heal|p2a: Tapu Bulu|21/100 psn|[from] Grassy Terrain
|-damage|p2a: Tapu Bulu|9/100 psn|[from] psn
|upkeep
|
|t:|1628633008
|switch|p1a: Gyarados|Gyarados, F|100/100
|-ability|p1a: Gyarados|Intimidate|boost
|-unboost|p2a: Tapu Bulu|atk|1
|turn|16
|
|t:|1628633025
|move|p1a: Gyarados|Earthquake|p2a: Tapu Bulu
|-resisted|p2a: Tapu Bulu
|-damage|p2a: Tapu Bulu|3/100 psn
|move|p2a: Tapu Bulu|Toxic|p1a: Gyarados
|-status|p1a: Gyarados|tox
|
|-heal|p2a: Tapu Bulu|9/100 psn|[from] Grassy Terrain
|-damage|p1a: Gyarados|94/100 tox|[from] psn
|-damage|p2a: Tapu Bulu|0 fnt|[from] psn
|faint|p2a: Tapu Bulu
|-fieldend|move: Grassy Terrain
|upkeep
|inactive|bioche80 has 120 seconds left.
|
|t:|1628633046
|switch|p2a: Mamoswine|Mamoswine, F|91/100
|turn|17
|
|t:|1628633053
|switch|p1a: Jirachi|Jirachi|80/100
|move|p2a: Mamoswine|Knock Off|p1a: Jirachi
|-supereffective|p1a: Jirachi
|-damage|p1a: Jirachi|0 fnt
|-enditem|p1a: Jirachi|Choice Band|[from] move: Knock Off|[of] p2a: Mamoswine
|faint|p1a: Jirachi
|-damage|p2a: Mamoswine|81/100|[from] item: Life Orb
|
|upkeep
|
|t:|1628633061
|switch|p1a: Thundurus|Thundurus-Therian, M|100/100
|turn|18
|
|t:|1628633069
|move|p2a: Mamoswine|Ice Shard|p1a: Thundurus
|-supereffective|p1a: Thundurus
|-crit|p1a: Thundurus
|-damage|p1a: Thundurus|0 fnt
|faint|p1a: Thundurus
|-damage|p2a: Mamoswine|71/100|[from] item: Life Orb
|
|upkeep
|c|☆strombolijoe|well gg
|-message|strombolijoe forfeited.
|
|win|bioche80
|l|☆strombolijoe
|raw|strombolijoe's rating: 1336 &rarr; <strong>1323</strong><br />(-13 for losing)
|raw|bioche80's rating: 1458 &rarr; <strong>1471</strong><br />(+13 for winning)
|c|☆bioche80|gg
||Ladder isn't responding, score probably updated but might not have (Request timeout).
