|j|☆Goro Yagami 7
|j|‽kev64
|t:|1660769273
|gametype|singles
|player|p1|Goro Yagami 7|170|1467
|player|p2|kev64|ethan|1426
|teamsize|p1|6
|teamsize|p2|6
|gen|8
|tier|[Gen 8] UU
|rated|
|rule|Sleep Clause Mod: Limit one foe put to sleep
|rule|Species Clause: Limit one of each Pokémon
|rule|OHKO Clause: OHKO moves are banned
|rule|Evasion Items Clause: Evasion items are banned
|rule|Evasion Moves Clause: Evasion moves are banned
|rule|Endless Battle Clause: Forcing endless battles is banned
|rule|HP Percentage Mod: HP is shown in percentages
|rule|Dynamax Clause: You cannot dynamax
|clearpoke
|poke|p1|Excadrill, M|
|poke|p1|Celesteela|
|poke|p1|Gyarados, F|
|poke|p1|Scizor, F|
|poke|p1|Azelf|
|poke|p1|Keldeo-Resolute|
|poke|p2|Scizor, M|
|poke|p2|Zarude|
|poke|p2|Keldeo-Resolute|
|poke|p2|Nidoking, M|
|poke|p2|Zygarde-10%|
|poke|p2|Moltres|
|teampreview
|inactive|Battle timer is ON: inactive players will automatically lose when time's up. (requested by kev64)
|
|t:|1660769287
|start
|switch|p1a: Excadrill|Excadrill, M|100/100
|switch|p2a: Zygarde|Zygarde-10%|100/100
|-ability|p2a: Zygarde|Aura Break
|-ability|p1a: Excadrill|Mold Breaker
|turn|1
|
|t:|1660769296
|move|p2a: Zygarde|Thousand Arrows|p1a: Excadrill
|-supereffective|p1a: Excadrill
|-enditem|p1a: Excadrill|Focus Sash
|-damage|p1a: Excadrill|1/100
|move|p1a: Excadrill|Rock Tomb|p2a: Zygarde
|-resisted|p2a: Zygarde
|-damage|p2a: Zygarde|82/100
|-unboost|p2a: Zygarde|spe|1
|
|upkeep
|turn|2
|
|t:|1660769312
|switch|p2a: Zarude|Zarude|100/100
|move|p1a: Excadrill|Stealth Rock|p2a: Zarude
|-sidestart|p2: kev64|move: Stealth Rock
|
|upkeep
|turn|3
|
|t:|1660769317
|move|p2a: Zarude|Darkest Lariat|p1a: Excadrill
|-damage|p1a: Excadrill|0 fnt
|faint|p1a: Excadrill
|
|upkeep
|
|t:|1660769327
|switch|p1a: Scizor|Scizor, F|100/100
|turn|4
|
|t:|1660769332
|move|p2a: Zarude|U-turn|p1a: Scizor
|-resisted|p1a: Scizor
|-damage|p1a: Scizor|86/100
|
|t:|1660769334
|switch|p2a: Scizor|Scizor, M|100/100|[from]move: U-turn
|-damage|p2a: Scizor|88/100|[from] Stealth Rock
|move|p1a: Scizor|Knock Off|p2a: Scizor
|-damage|p2a: Scizor|54/100
|-damage|p1a: Scizor|70/100|[from] item: Rocky Helmet|[of] p2a: Scizor
|-enditem|p2a: Scizor|Rocky Helmet|[from] move: Knock Off|[of] p1a: Scizor
|-damage|p1a: Scizor|60/100|[from] item: Life Orb
|
|upkeep
|turn|5
|
|t:|1660769348
|switch|p1a: Keldeo|Keldeo-Resolute|100/100
|move|p2a: Scizor|Roost|p2a: Scizor
|-heal|p2a: Scizor|100/100
|-singleturn|p2a: Scizor|move: Roost
|
|upkeep
|turn|6
|
|t:|1660769358
|move|p1a: Keldeo|Scald|p2a: Scizor
|-damage|p2a: Scizor|53/100
|move|p2a: Scizor|U-turn|p1a: Keldeo
|-resisted|p1a: Keldeo
|-damage|p1a: Keldeo|85/100
|
|t:|1660769366
|switch|p2a: Keldeo|Keldeo-Resolute|100/100|[from]move: U-turn
|-damage|p2a: Keldeo|94/100|[from] Stealth Rock
|
|-heal|p1a: Keldeo|91/100|[from] item: Leftovers
|upkeep
|turn|7
|
|t:|1660769370
|switch|p1a: Azelf|Azelf|100/100
|move|p2a: Keldeo|Flip Turn|p1a: Azelf
|-crit|p1a: Azelf
|-damage|p1a: Azelf|66/100
|
|t:|1660769377
|switch|p2a: Moltres|Moltres|100/100|[from]move: Flip Turn
|
|upkeep
|turn|8
|
|t:|1660769385
|move|p1a: Azelf|Nasty Plot|p1a: Azelf
|-boost|p1a: Azelf|spa|2
|move|p2a: Moltres|Defog|p1a: Azelf
|-unboost|p1a: Azelf|evasion|1
|-sideend|p2: kev64|Stealth Rock|[from] move: Defog|[of] p2a: Moltres
|
|upkeep
|turn|9
|
|t:|1660769389
|move|p1a: Azelf|Psyshock|p2a: Moltres
|-damage|p2a: Moltres|25/100
|move|p2a: Moltres|Mystical Fire|p1a: Azelf
|-damage|p1a: Azelf|18/100
|-unboost|p1a: Azelf|spa|1
|
|upkeep
|turn|10
|
|t:|1660769401
|switch|p2a: Scizor|Scizor, M|53/100
|move|p1a: Azelf|Flamethrower|p2a: Scizor
|-supereffective|p2a: Scizor
|-damage|p2a: Scizor|0 fnt
|faint|p2a: Scizor
|
|upkeep
|
|t:|1660769407
|switch|p2a: Zygarde|Zygarde-10%|82/100
|-ability|p2a: Zygarde|Aura Break
|turn|11
|
|t:|1660769410
|move|p2a: Zygarde|Extreme Speed|p1a: Azelf
|-damage|p1a: Azelf|0 fnt
|faint|p1a: Azelf
|
|upkeep
|
|t:|1660769419
|switch|p1a: Scizor|Scizor, F|60/100
|turn|12
|
|t:|1660769434
|switch|p2a: Keldeo|Keldeo-Resolute|94/100
|move|p1a: Scizor|Dual Wingbeat|p2a: Keldeo
|-supereffective|p2a: Keldeo
|-damage|p2a: Keldeo|27/100
|-supereffective|p2a: Keldeo
|-damage|p2a: Keldeo|0 fnt
|faint|p2a: Keldeo
|-hitcount|p2: Keldeo|2
|-damage|p1a: Scizor|50/100|[from] item: Life Orb
|
|upkeep
|
|t:|1660769444
|switch|p2a: Nidoking|Nidoking, M|100/100
|turn|13
|
|t:|1660769452
|move|p1a: Scizor|Bullet Punch|p2a: Nidoking
|-damage|p2a: Nidoking|33/100
|-damage|p1a: Scizor|40/100|[from] item: Life Orb
|move|p2a: Nidoking|Stealth Rock|p1a: Scizor
|-sidestart|p1: Goro Yagami 7|move: Stealth Rock
|
|upkeep
|turn|14
|
|t:|1660769474
|switch|p2a: Moltres|Moltres|25/100
|move|p1a: Scizor|Bullet Punch|p2a: Moltres
|-resisted|p2a: Moltres
|-damage|p2a: Moltres|4/100
|-damage|p1a: Scizor|30/100|[from] item: Life Orb
|
|upkeep
|turn|15
|
|t:|1660769478
|move|p1a: Scizor|Bullet Punch|p2a: Moltres
|-resisted|p2a: Moltres
|-damage|p2a: Moltres|0 fnt
|faint|p2a: Moltres
|-damage|p1a: Scizor|20/100|[from] item: Life Orb
|
|upkeep
|
|t:|1660769483
|switch|p2a: Zarude|Zarude|100/100
|turn|16
|
|t:|1660769487
|move|p1a: Scizor|Bullet Punch|p2a: Zarude
|-damage|p2a: Zarude|55/100
|-damage|p1a: Scizor|10/100|[from] item: Life Orb
|move|p2a: Zarude|U-turn|p1a: Scizor
|-resisted|p1a: Scizor
|-damage|p1a: Scizor|0 fnt
|faint|p1a: Scizor
|j| Maractus-4-UU
|
|t:|1660769494
|switch|p2a: Nidoking|Nidoking, M|33/100|[from]move: U-turn
|
|upkeep
|
|t:|1660769500
|switch|p1a: Keldeo|Keldeo-Resolute|91/100
|-damage|p1a: Keldeo|85/100|[from] Stealth Rock
|turn|17
|
|t:|1660769505
|move|p1a: Keldeo|Scald|p2a: Nidoking
|-supereffective|p2a: Nidoking
|-damage|p2a: Nidoking|0 fnt
|faint|p2a: Nidoking
|
|-heal|p1a: Keldeo|91/100|[from] item: Leftovers
|upkeep
|
|t:|1660769507
|switch|p2a: Zarude|Zarude|55/100
|turn|18
|
|t:|1660769512
|move|p1a: Keldeo|Secret Sword|p2a: Zarude
|-supereffective|p2a: Zarude
|-damage|p2a: Zarude|0 fnt
|faint|p2a: Zarude
|
|-heal|p1a: Keldeo|97/100|[from] item: Leftovers
|upkeep
|
|t:|1660769516
|switch|p2a: Zygarde|Zygarde-10%|82/100
|-ability|p2a: Zygarde|Aura Break
|turn|19
|
|t:|1660769523
|move|p2a: Zygarde|Thousand Arrows|p1a: Keldeo
|-damage|p1a: Keldeo|26/100
|move|p1a: Keldeo|Scald|p2a: Zygarde
|-damage|p2a: Zygarde|12/100
|
|-heal|p1a: Keldeo|32/100|[from] item: Leftovers
|upkeep
|turn|20
|
|t:|1660769527
|move|p2a: Zygarde|Thousand Arrows|p1a: Keldeo
|-damage|p1a: Keldeo|0 fnt
|faint|p1a: Keldeo
|
|upkeep
|
|t:|1660769529
|switch|p1a: Celesteela|Celesteela|100/100
|-damage|p1a: Celesteela|88/100|[from] Stealth Rock
|turn|21
|
|t:|1660769533
|move|p2a: Zygarde|Thousand Arrows|p1a: Celesteela
|-damage|p1a: Celesteela|34/100
|-start|p1a: Celesteela|Smack Down
|move|p1a: Celesteela|Air Slash|p2a: Zygarde
|-crit|p2a: Zygarde
|-damage|p2a: Zygarde|0 fnt
|faint|p2a: Zygarde
|
|win|Goro Yagami 7
|raw|Goro Yagami 7's rating: 1467 &rarr; <strong>1485</strong><br />(+18 for winning)
|raw|kev64's rating: 1426 &rarr; <strong>1408</strong><br />(-18 for losing)
|c|☆Goro Yagami 7|gg
|l|‽kev64
|l| Maractus-4-UU
||Ladder isn't responding, score probably updated but might not have (Request timeout).
