|j|☆suloxiv ♫
|j|☆UULT91w udon
|t:|1651712047
|gametype|singles
|player|p1|suloxiv ♫|bill-gen3|
|player|p2|UULT91w udon|dawn|
|teamsize|p1|6
|teamsize|p2|6
|gen|8
|tier|[Gen 8] UU
|rated|Tournament battle
|rule|Sleep Clause Mod: Limit one foe put to sleep
|rule|Species Clause: Limit one of each Pokémon
|rule|OHKO Clause: OHKO moves are banned
|rule|Evasion Moves Clause: Evasion moves are banned
|rule|Endless Battle Clause: Forcing endless battles is banned
|rule|HP Percentage Mod: HP is shown in percentages
|rule|Dynamax Clause: You cannot dynamax
|clearpoke
|poke|p1|Registeel|
|poke|p1|Mandibuzz, F|
|poke|p1|Tapu Bulu|
|poke|p1|Chansey, F|
|poke|p1|Hippowdon, M|
|poke|p1|Slowking, F|
|poke|p2|Rotom-Wash|
|poke|p2|Scizor, M|
|poke|p2|Hippowdon, F|
|poke|p2|Amoonguss, M|
|poke|p2|Mandibuzz, F|
|poke|p2|Celesteela|
|teampreview
|j| hariyana grande
|c|☆suloxiv ♫|hf
|c|☆UULT91w udon|u2
|
|t:|1651712070
|start
|switch|p1a: Hippowdon|Hippowdon, M|100/100
|switch|p2a: Rotom|Rotom-Wash|100/100
|-weather|Sandstorm|[from] ability: Sand Stream|[of] p1a: Hippowdon
|turn|1
|
|t:|1651712080
|move|p2a: Rotom|Hydro Pump|p1a: Hippowdon|[miss]
|-miss|p2a: Rotom|p1a: Hippowdon
|move|p1a: Hippowdon|Stealth Rock|p2a: Rotom
|-sidestart|p2: UULT91w udon|move: Stealth Rock
|
|-weather|Sandstorm|[upkeep]
|-damage|p2a: Rotom|95/100|[from] Sandstorm
|upkeep
|turn|2
|c|☆suloxiv ♫|mb
|
|t:|1651712091
|move|p2a: Rotom|Hydro Pump|p1a: Hippowdon
|-supereffective|p1a: Hippowdon
|-damage|p1a: Hippowdon|0 fnt
|faint|p1a: Hippowdon
|
|-weather|Sandstorm|[upkeep]
|-damage|p2a: Rotom|89/100|[from] Sandstorm
|upkeep
|c|☆suloxiv ♫|oh
|c|☆suloxiv ♫|that
|c|☆suloxiv ♫|,
|c| hariyana grande|all g
|c|☆suloxiv ♫|bitch go away
|l| hariyana grande
|c|☆UULT91w udon|Ground type is weak to water type
|c|☆suloxiv ♫|yeah but i didnt expect u to click it again there
|
|t:|1651712140
|switch|p1a: Chansey|Chansey, F|100/100
|turn|3
|j| UULT91w HaxxLR
|
|t:|1651712158
|switch|p2a: Mandibuzz|Mandibuzz, F|100/100
|move|p1a: Chansey|Seismic Toss|p2a: Mandibuzz
|-damage|p2a: Mandibuzz|77/100
|
|-weather|Sandstorm|[upkeep]
|-damage|p1a: Chansey|94/100|[from] Sandstorm
|upkeep
|turn|4
|
|t:|1651712163
|switch|p1a: Tapu Bulu|Tapu Bulu|100/100
|-fieldstart|move: Grassy Terrain|[from] ability: Grassy Surge|[of] p1a: Tapu Bulu
|move|p2a: Mandibuzz|Defog|p1a: Tapu Bulu
|-unboost|p1a: Tapu Bulu|evasion|1
|-sideend|p2: UULT91w udon|Stealth Rock|[from] move: Defog|[of] p2a: Mandibuzz
|-fieldend|move: Grassy Terrain
|
|-weather|Sandstorm|[upkeep]
|-damage|p1a: Tapu Bulu|94/100|[from] Sandstorm
|upkeep
|turn|5
|
|t:|1651712170
|switch|p1a: Mandibuzz|Mandibuzz, F|100/100
|move|p2a: Mandibuzz|U-turn|p1a: Mandibuzz
|-crit|p1a: Mandibuzz
|-damage|p1a: Mandibuzz|91/100
|j| SWeetpea70511
|
|t:|1651712174
|switch|p2a: Rotom|Rotom-Wash|89/100|[from]move: U-turn
|
|-weather|none
|upkeep
|turn|6
|
|t:|1651712177
|move|p2a: Rotom|Volt Switch|p1a: Mandibuzz
|-supereffective|p1a: Mandibuzz
|-damage|p1a: Mandibuzz|11/100
|
|t:|1651712181
|switch|p2a: Amoonguss|Amoonguss, M|100/100|[from]move: Volt Switch
|move|p1a: Mandibuzz|Roost|p1a: Mandibuzz
|-heal|p1a: Mandibuzz|61/100
|-singleturn|p1a: Mandibuzz|move: Roost
|
|upkeep
|turn|7
|c|☆suloxiv ♫|what the fuck
|c|☆suloxiv ♫|is that specs
|c|☆suloxiv ♫|???
|c|☆suloxiv ♫|should not be doing 70 to my mandibuzz holy
|
|t:|1651712199
|move|p1a: Mandibuzz|Knock Off|p2a: Amoonguss
|-damage|p2a: Amoonguss|85/100
|-damage|p1a: Mandibuzz|44/100|[from] item: Rocky Helmet|[of] p2a: Amoonguss
|-enditem|p2a: Amoonguss|Rocky Helmet|[from] move: Knock Off|[of] p1a: Mandibuzz
|move|p2a: Amoonguss|Sludge Bomb|p1a: Mandibuzz
|-damage|p1a: Mandibuzz|20/100
|
|upkeep
|turn|8
|
|t:|1651712203
|switch|p2a: Rotom|Rotom-Wash|89/100
|move|p1a: Mandibuzz|Roost|p1a: Mandibuzz
|-heal|p1a: Mandibuzz|70/100
|-singleturn|p1a: Mandibuzz|move: Roost
|
|upkeep
|turn|9
|j| 9gvghbkjnl
|
|t:|1651712221
|switch|p1a: Chansey|Chansey, F|94/100
|move|p2a: Rotom|Volt Switch|p1a: Chansey
|-damage|p1a: Chansey|78/100
|
|t:|1651712224
|switch|p2a: Scizor|Scizor, M|100/100|[from]move: Volt Switch
|
|upkeep
|turn|10
|
|t:|1651712229
|switch|p1a: Tapu Bulu|Tapu Bulu|94/100
|-fieldstart|move: Grassy Terrain|[from] ability: Grassy Surge|[of] p1a: Tapu Bulu
|move|p2a: Scizor|Knock Off|p1a: Tapu Bulu
|-resisted|p1a: Tapu Bulu
|-damage|p1a: Tapu Bulu|76/100
|-damage|p2a: Scizor|84/100|[from] item: Rocky Helmet|[of] p1a: Tapu Bulu
|-enditem|p1a: Tapu Bulu|Rocky Helmet|[from] move: Knock Off|[of] p2a: Scizor
|
|-heal|p1a: Tapu Bulu|82/100|[from] Grassy Terrain
|-heal|p2a: Scizor|90/100|[from] Grassy Terrain
|upkeep
|turn|11
|
|t:|1651712258
|switch|p1a: Mandibuzz|Mandibuzz, F|70/100
|switch|p2a: Mandibuzz|Mandibuzz, F|77/100
|
|upkeep
|turn|12
|c| 9gvghbkjnl|is sports.gg dead?
|
|t:|1651712266
|move|p1a: Mandibuzz|Knock Off|p2a: Mandibuzz
|-resisted|p2a: Mandibuzz
|-damage|p2a: Mandibuzz|70/100
|-enditem|p2a: Mandibuzz|Heavy-Duty Boots|[from] move: Knock Off|[of] p1a: Mandibuzz
|move|p2a: Mandibuzz|U-turn|p1a: Mandibuzz
|-damage|p1a: Mandibuzz|63/100
|c|☆suloxiv ♫|idk what that is
|
|t:|1651712271
|switch|p2a: Rotom|Rotom-Wash|89/100|[from]move: U-turn
|
|upkeep
|turn|13
|
|t:|1651712282
|switch|p1a: Chansey|Chansey, F|78/100
|move|p2a: Rotom|Volt Switch|p1a: Chansey
|-damage|p1a: Chansey|62/100
|
|t:|1651712289
|switch|p2a: Scizor|Scizor, M|90/100|[from]move: Volt Switch
|
|-heal|p2a: Scizor|96/100|[from] Grassy Terrain
|-heal|p1a: Chansey|68/100|[from] Grassy Terrain
|upkeep
|turn|14
|
|t:|1651712298
|move|p2a: Scizor|U-turn|p1a: Chansey
|-damage|p1a: Chansey|26/100
|
|t:|1651712302
|switch|p2a: Hippowdon|Hippowdon, F|100/100|[from]move: U-turn
|-weather|Sandstorm|[from] ability: Sand Stream|[of] p2a: Hippowdon
|move|p1a: Chansey|Soft-Boiled|p1a: Chansey
|-heal|p1a: Chansey|76/100
|
|-weather|Sandstorm|[upkeep]
|-damage|p1a: Chansey|70/100|[from] Sandstorm
|-heal|p1a: Chansey|76/100|[from] Grassy Terrain
|-fieldend|move: Grassy Terrain
|upkeep
|turn|15
|
|t:|1651712305
|move|p1a: Chansey|Toxic|p2a: Hippowdon
|-status|p2a: Hippowdon|tox
|move|p2a: Hippowdon|Stealth Rock|p1a: Chansey
|-sidestart|p1: suloxiv ♫|move: Stealth Rock
|
|-weather|Sandstorm|[upkeep]
|-damage|p1a: Chansey|70/100|[from] Sandstorm
|-damage|p2a: Hippowdon|94/100 tox|[from] psn
|upkeep
|turn|16
|
|t:|1651712310
|switch|p1a: Mandibuzz|Mandibuzz, F|63/100
|switch|p2a: Scizor|Scizor, M|96/100
|
|-weather|Sandstorm|[upkeep]
|upkeep
|turn|17
|
|t:|1651712321
|switch|p2a: Mandibuzz|Mandibuzz, F|70/100
|move|p1a: Mandibuzz|Foul Play|p2a: Mandibuzz
|-resisted|p2a: Mandibuzz
|-damage|p2a: Mandibuzz|63/100
|
|-weather|Sandstorm|[upkeep]
|upkeep
|turn|18
|
|t:|1651712327
|move|p1a: Mandibuzz|Defog|p2a: Mandibuzz
|-unboost|p2a: Mandibuzz|evasion|1
|-sideend|p1: suloxiv ♫|Stealth Rock|[from] move: Defog|[of] p1a: Mandibuzz
|move|p2a: Mandibuzz|U-turn|p1a: Mandibuzz
|-damage|p1a: Mandibuzz|56/100
|
|t:|1651712330
|switch|p2a: Rotom|Rotom-Wash|89/100|[from]move: U-turn
|
|-weather|none
|upkeep
|turn|19
|
|t:|1651712341
|switch|p1a: Tapu Bulu|Tapu Bulu|82/100
|-fieldstart|move: Grassy Terrain|[from] ability: Grassy Surge|[of] p1a: Tapu Bulu
|move|p2a: Rotom|Volt Switch|p1a: Tapu Bulu
|-resisted|p1a: Tapu Bulu
|-damage|p1a: Tapu Bulu|57/100
|
|t:|1651712343
|switch|p2a: Scizor|Scizor, M|96/100|[from]move: Volt Switch
|
|-heal|p1a: Tapu Bulu|64/100|[from] Grassy Terrain
|-heal|p2a: Scizor|100/100|[from] Grassy Terrain
|upkeep
|turn|20
|c|☆suloxiv ♫|that is absolutely specs
|
|t:|1651712363
|switch|p1a: Registeel|Registeel|100/100
|move|p2a: Scizor|Dual Wingbeat|p1a: Registeel
|-resisted|p1a: Registeel
|-damage|p1a: Registeel|92/100
|-resisted|p1a: Registeel
|-damage|p1a: Registeel|83/100
|-hitcount|p1a: Registeel|2
|
|-heal|p1a: Registeel|89/100|[from] Grassy Terrain
|upkeep
|turn|21
|j| mncmt
|
|t:|1651712369
|switch|p2a: Rotom|Rotom-Wash|89/100
|move|p1a: Registeel|Iron Defense|p1a: Registeel
|-boost|p1a: Registeel|def|2
|
|-heal|p1a: Registeel|95/100|[from] Grassy Terrain
|upkeep
|turn|22
|
|t:|1651712375
|switch|p1a: Tapu Bulu|Tapu Bulu|64/100
|move|p2a: Rotom|Trick|p1a: Tapu Bulu
|-activate|p2a: Rotom|move: Trick|[of] p1a: Tapu Bulu
|-item|p1a: Tapu Bulu|Choice Specs|[from] move: Trick
|-enditem|p2a: Rotom|Choice Specs|[silent]|[from] move: Trick
|
|-heal|p1a: Tapu Bulu|70/100|[from] Grassy Terrain
|upkeep
|turn|23
|
|t:|1651712389
|switch|p2a: Scizor|Scizor, M|100/100
|switch|p1a: Chansey|Chansey, F|70/100
|
|-heal|p1a: Chansey|76/100|[from] Grassy Terrain
|-fieldend|move: Grassy Terrain
|upkeep
|turn|24
|
|t:|1651712396
|switch|p1a: Slowking|Slowking, F|100/100
|move|p2a: Scizor|U-turn|p1a: Slowking
|-supereffective|p1a: Slowking
|-crit|p1a: Slowking
|-damage|p1a: Slowking|0 fnt
|faint|p1a: Slowking
|
|t:|1651712402
|switch|p2a: Celesteela|Celesteela|100/100|[from]move: U-turn
|
|upkeep
|
|t:|1651712404
|switch|p1a: Registeel|Registeel|95/100
|turn|25
|
|t:|1651712407
|move|p2a: Celesteela|Leech Seed|p1a: Registeel
|-start|p1a: Registeel|move: Leech Seed
|move|p1a: Registeel|Amnesia|p1a: Registeel
|-boost|p1a: Registeel|spd|2
|
|-damage|p1a: Registeel|83/100|[from] Leech Seed|[of] p2a: Celesteela
|upkeep
|turn|26
|
|t:|1651712409
|move|p2a: Celesteela|Substitute|p2a: Celesteela
|-start|p2a: Celesteela|Substitute
|-damage|p2a: Celesteela|76/100
|move|p1a: Registeel|Iron Defense|p1a: Registeel
|-boost|p1a: Registeel|def|2
|
|-heal|p2a: Celesteela|82/100|[from] item: Leftovers
|-damage|p1a: Registeel|70/100|[from] Leech Seed|[of] p2a: Celesteela
|-heal|p2a: Celesteela|93/100|[silent]
|upkeep
|turn|27
|c|☆suloxiv ♫|,
|
|t:|1651712418
|move|p2a: Celesteela|Flamethrower|p1a: Registeel
|-supereffective|p1a: Registeel
|-damage|p1a: Registeel|56/100
|move|p1a: Registeel|Iron Defense|p1a: Registeel
|-boost|p1a: Registeel|def|2
|
|-heal|p2a: Celesteela|99/100|[from] item: Leftovers
|-damage|p1a: Registeel|44/100|[from] Leech Seed|[of] p2a: Celesteela
|-heal|p2a: Celesteela|100/100|[silent]
|upkeep
|turn|28
|
|t:|1651712422
|move|p2a: Celesteela|Flamethrower|p1a: Registeel
|-supereffective|p1a: Registeel
|-damage|p1a: Registeel|28/100
|move|p1a: Registeel|Amnesia|p1a: Registeel
|-boost|p1a: Registeel|spd|2
|
|-damage|p1a: Registeel|16/100|[from] Leech Seed|[of] p2a: Celesteela
|upkeep
|turn|29
|
|t:|1651712425
|move|p2a: Celesteela|Flamethrower|p1a: Registeel
|-supereffective|p1a: Registeel
|-damage|p1a: Registeel|5/100
|move|p1a: Registeel|Rest|p1a: Registeel
|-status|p1a: Registeel|slp|[from] move: Rest
|-heal|p1a: Registeel|100/100 slp|[silent]
|-enditem|p1a: Registeel|Chesto Berry|[eat]
|-curestatus|p1a: Registeel|slp|[msg]
|
|-damage|p1a: Registeel|88/100|[from] Leech Seed|[of] p2a: Celesteela
|upkeep
|turn|30
|
|t:|1651712428
|move|p2a: Celesteela|Flamethrower|p1a: Registeel
|-supereffective|p1a: Registeel
|-damage|p1a: Registeel|79/100
|move|p1a: Registeel|Body Press|p2a: Celesteela
|-end|p2a: Celesteela|Substitute
|
|-damage|p1a: Registeel|66/100|[from] Leech Seed|[of] p2a: Celesteela
|upkeep
|turn|31
|
|t:|1651712432
|move|p2a: Celesteela|Substitute|p2a: Celesteela
|-start|p2a: Celesteela|Substitute
|-damage|p2a: Celesteela|76/100
|move|p1a: Registeel|Body Press|p2a: Celesteela
|-end|p2a: Celesteela|Substitute
|
|-heal|p2a: Celesteela|82/100|[from] item: Leftovers
|-damage|p1a: Registeel|54/100|[from] Leech Seed|[of] p2a: Celesteela
|-heal|p2a: Celesteela|93/100|[silent]
|upkeep
|turn|32
|j| hariyana grande
|
|t:|1651712434
|move|p2a: Celesteela|Substitute|p2a: Celesteela
|-start|p2a: Celesteela|Substitute
|-damage|p2a: Celesteela|68/100
|move|p1a: Registeel|Amnesia|p1a: Registeel
|-boost|p1a: Registeel|spd|2
|
|-heal|p2a: Celesteela|74/100|[from] item: Leftovers
|-damage|p1a: Registeel|41/100|[from] Leech Seed|[of] p2a: Celesteela
|-heal|p2a: Celesteela|85/100|[silent]
|upkeep
|turn|33
|
|t:|1651712439
|move|p2a: Celesteela|Flamethrower|p1a: Registeel
|-supereffective|p1a: Registeel
|-damage|p1a: Registeel|33/100
|move|p1a: Registeel|Body Press|p2a: Celesteela
|-end|p2a: Celesteela|Substitute
|
|-heal|p2a: Celesteela|91/100|[from] item: Leftovers
|-damage|p1a: Registeel|20/100|[from] Leech Seed|[of] p2a: Celesteela
|-heal|p2a: Celesteela|100/100|[silent]
|upkeep
|turn|34
|
|t:|1651712444
|move|p2a: Celesteela|Substitute|p2a: Celesteela
|-start|p2a: Celesteela|Substitute
|-damage|p2a: Celesteela|76/100
|move|p1a: Registeel|Rest|p1a: Registeel
|-status|p1a: Registeel|slp|[from] move: Rest
|-heal|p1a: Registeel|100/100 slp|[silent]
|
|-heal|p2a: Celesteela|82/100|[from] item: Leftovers
|-damage|p1a: Registeel|88/100 slp|[from] Leech Seed|[of] p2a: Celesteela
|-heal|p2a: Celesteela|93/100|[silent]
|upkeep
|turn|35
|
|t:|1651712449
|move|p2a: Celesteela|Flamethrower|p1a: Registeel
|-supereffective|p1a: Registeel
|-damage|p1a: Registeel|80/100 slp
|cant|p1a: Registeel|slp
|
|-heal|p2a: Celesteela|99/100|[from] item: Leftovers
|-damage|p1a: Registeel|67/100 slp|[from] Leech Seed|[of] p2a: Celesteela
|-heal|p2a: Celesteela|100/100|[silent]
|upkeep
|turn|36
|
|t:|1651712452
|move|p2a: Celesteela|Flamethrower|p1a: Registeel
|-supereffective|p1a: Registeel
|-damage|p1a: Registeel|59/100 slp
|cant|p1a: Registeel|slp
|
|-damage|p1a: Registeel|46/100 slp|[from] Leech Seed|[of] p2a: Celesteela
|upkeep
|turn|37
|
|t:|1651712456
|move|p2a: Celesteela|Flamethrower|p1a: Registeel
|-supereffective|p1a: Registeel
|-damage|p1a: Registeel|38/100 slp
|-curestatus|p1a: Registeel|slp|[msg]
|move|p1a: Registeel|Body Press|p2a: Celesteela
|-end|p2a: Celesteela|Substitute
|
|-damage|p1a: Registeel|25/100|[from] Leech Seed|[of] p2a: Celesteela
|upkeep
|turn|38
|
|t:|1651712466
|move|p2a: Celesteela|Substitute|p2a: Celesteela
|-start|p2a: Celesteela|Substitute
|-damage|p2a: Celesteela|76/100
|move|p1a: Registeel|Rest|p1a: Registeel
|-status|p1a: Registeel|slp|[from] move: Rest
|-heal|p1a: Registeel|100/100 slp|[silent]
|
|-heal|p2a: Celesteela|82/100|[from] item: Leftovers
|-damage|p1a: Registeel|88/100 slp|[from] Leech Seed|[of] p2a: Celesteela
|-heal|p2a: Celesteela|93/100|[silent]
|upkeep
|turn|39
|
|t:|1651712470
|move|p2a: Celesteela|Flamethrower|p1a: Registeel
|-supereffective|p1a: Registeel
|-damage|p1a: Registeel|80/100 slp
|cant|p1a: Registeel|slp
|
|-heal|p2a: Celesteela|99/100|[from] item: Leftovers
|-damage|p1a: Registeel|68/100 slp|[from] Leech Seed|[of] p2a: Celesteela
|-heal|p2a: Celesteela|100/100|[silent]
|upkeep
|turn|40
|
|t:|1651712474
|move|p2a: Celesteela|Flamethrower|p1a: Registeel
|-supereffective|p1a: Registeel
|-damage|p1a: Registeel|60/100 slp
|cant|p1a: Registeel|slp
|
|-damage|p1a: Registeel|47/100 slp|[from] Leech Seed|[of] p2a: Celesteela
|upkeep
|turn|41
|
|t:|1651712479
|move|p2a: Celesteela|Flamethrower|p1a: Registeel
|-supereffective|p1a: Registeel
|-damage|p1a: Registeel|40/100 slp
|-curestatus|p1a: Registeel|slp|[msg]
|move|p1a: Registeel|Rest|p1a: Registeel
|-status|p1a: Registeel|slp|[from] move: Rest
|-heal|p1a: Registeel|100/100 slp|[silent]
|
|-damage|p1a: Registeel|88/100 slp|[from] Leech Seed|[of] p2a: Celesteela
|upkeep
|turn|42
|
|t:|1651712484
|move|p2a: Celesteela|Leech Seed||[still]
|-fail|p2a: Celesteela
|cant|p1a: Registeel|slp
|
|-damage|p1a: Registeel|75/100 slp|[from] Leech Seed|[of] p2a: Celesteela
|upkeep
|turn|43
|
|t:|1651712487
|move|p2a: Celesteela|Leech Seed|p1a: Registeel|[miss]
|-miss|p2a: Celesteela|p1a: Registeel
|cant|p1a: Registeel|slp
|
|-damage|p1a: Registeel|63/100 slp|[from] Leech Seed|[of] p2a: Celesteela
|upkeep
|turn|44
|
|t:|1651712491
|move|p2a: Celesteela|Leech Seed|p1a: Registeel|[miss]
|-miss|p2a: Celesteela|p1a: Registeel
|-curestatus|p1a: Registeel|slp|[msg]
|move|p1a: Registeel|Body Press|p2a: Celesteela
|-end|p2a: Celesteela|Substitute
|
|-damage|p1a: Registeel|50/100|[from] Leech Seed|[of] p2a: Celesteela
|upkeep
|turn|45
|
|t:|1651712495
|move|p2a: Celesteela|Substitute|p2a: Celesteela
|-start|p2a: Celesteela|Substitute
|-damage|p2a: Celesteela|76/100
|move|p1a: Registeel|Body Press|p2a: Celesteela
|-end|p2a: Celesteela|Substitute
|
|-heal|p2a: Celesteela|82/100|[from] item: Leftovers
|-damage|p1a: Registeel|38/100|[from] Leech Seed|[of] p2a: Celesteela
|-heal|p2a: Celesteela|93/100|[silent]
|upkeep
|turn|46
|
|t:|1651712498
|move|p2a: Celesteela|Substitute|p2a: Celesteela
|-start|p2a: Celesteela|Substitute
|-damage|p2a: Celesteela|68/100
|move|p1a: Registeel|Rest|p1a: Registeel
|-status|p1a: Registeel|slp|[from] move: Rest
|-heal|p1a: Registeel|100/100 slp|[silent]
|
|-heal|p2a: Celesteela|74/100|[from] item: Leftovers
|-damage|p1a: Registeel|88/100 slp|[from] Leech Seed|[of] p2a: Celesteela
|-heal|p2a: Celesteela|85/100|[silent]
|upkeep
|turn|47
|
|t:|1651712501
|move|p2a: Celesteela|Leech Seed||[still]
|-fail|p2a: Celesteela
|cant|p1a: Registeel|slp
|
|-heal|p2a: Celesteela|91/100|[from] item: Leftovers
|-damage|p1a: Registeel|75/100 slp|[from] Leech Seed|[of] p2a: Celesteela
|-heal|p2a: Celesteela|100/100|[silent]
|upkeep
|turn|48
|
|t:|1651712504
|move|p2a: Celesteela|Leech Seed||[still]
|-fail|p2a: Celesteela
|cant|p1a: Registeel|slp
|
|-damage|p1a: Registeel|63/100 slp|[from] Leech Seed|[of] p2a: Celesteela
|upkeep
|turn|49
|
|t:|1651712508
|move|p2a: Celesteela|Flamethrower|p1a: Registeel
|-supereffective|p1a: Registeel
|-damage|p1a: Registeel|55/100 slp
|-curestatus|p1a: Registeel|slp|[msg]
|move|p1a: Registeel|Iron Defense|p1a: Registeel
|-boost|p1a: Registeel|def|2
|
|-damage|p1a: Registeel|43/100|[from] Leech Seed|[of] p2a: Celesteela
|upkeep
|turn|50
|c| 9gvghbkjnl|welp have fun bozos
|
|t:|1651712516
|move|p2a: Celesteela|Flamethrower|p1a: Registeel
|-supereffective|p1a: Registeel
|-damage|p1a: Registeel|35/100
|move|p1a: Registeel|Rest|p1a: Registeel
|-status|p1a: Registeel|slp|[from] move: Rest
|-heal|p1a: Registeel|100/100 slp|[silent]
|
|-damage|p1a: Registeel|88/100 slp|[from] Leech Seed|[of] p2a: Celesteela
|upkeep
|turn|51
|c| 9gvghbkjnl|also register always loses this matchup
|l| 9gvghbkjnl
|
|t:|1651712529
|move|p2a: Celesteela|Flamethrower|p1a: Registeel
|-supereffective|p1a: Registeel
|-damage|p1a: Registeel|81/100 slp
|cant|p1a: Registeel|slp
|
|-damage|p1a: Registeel|68/100 slp|[from] Leech Seed|[of] p2a: Celesteela
|upkeep
|turn|52
|
|t:|1651712535
|move|p2a: Celesteela|Flamethrower|p1a: Registeel
|-supereffective|p1a: Registeel
|-damage|p1a: Registeel|60/100 slp
|cant|p1a: Registeel|slp
|
|-damage|p1a: Registeel|48/100 slp|[from] Leech Seed|[of] p2a: Celesteela
|upkeep
|turn|53
|c|☆suloxiv ♫|im pp stalling the hell outta steela rn but ok
|c|☆suloxiv ♫|that guy was something
|
|t:|1651712565
|move|p2a: Celesteela|Heavy Slam|p1a: Registeel
|-resisted|p1a: Registeel
|-damage|p1a: Registeel|46/100 slp
|-curestatus|p1a: Registeel|slp|[msg]
|move|p1a: Registeel|Body Press|p2a: Celesteela
|-end|p2a: Celesteela|Substitute
|
|-damage|p1a: Registeel|33/100|[from] Leech Seed|[of] p2a: Celesteela
|upkeep
|turn|54
|
|t:|1651712587
|switch|p2a: Amoonguss|Amoonguss, M|100/100
|move|p1a: Registeel|Body Press|p2a: Amoonguss
|-resisted|p2a: Amoonguss
|-damage|p2a: Amoonguss|53/100
|
|-damage|p1a: Registeel|21/100|[from] Leech Seed|[of] p2a: Amoonguss
|-heal|p2a: Amoonguss|64/100|[silent]
|upkeep
|turn|55
|
|t:|1651712594
|move|p1a: Registeel|Rest|p1a: Registeel
|-status|p1a: Registeel|slp|[from] move: Rest
|-heal|p1a: Registeel|100/100 slp|[silent]
|move|p2a: Amoonguss|Foul Play|p1a: Registeel
|-damage|p1a: Registeel|99/100 slp
|
|-damage|p1a: Registeel|86/100 slp|[from] Leech Seed|[of] p2a: Amoonguss
|-heal|p2a: Amoonguss|74/100|[silent]
|upkeep
|turn|56
|
|t:|1651712596
|switch|p2a: Celesteela|Celesteela|100/100
|cant|p1a: Registeel|slp
|
|-damage|p1a: Registeel|74/100 slp|[from] Leech Seed|[of] p2a: Celesteela
|upkeep
|turn|57
|
|t:|1651712604
|move|p2a: Celesteela|Heavy Slam|p1a: Registeel
|-resisted|p1a: Registeel
|-damage|p1a: Registeel|71/100 slp
|cant|p1a: Registeel|slp
|
|-damage|p1a: Registeel|59/100 slp|[from] Leech Seed|[of] p2a: Celesteela
|upkeep
|turn|58
|
|t:|1651712607
|move|p2a: Celesteela|Substitute|p2a: Celesteela
|-start|p2a: Celesteela|Substitute
|-damage|p2a: Celesteela|76/100
|-curestatus|p1a: Registeel|slp|[msg]
|move|p1a: Registeel|Body Press|p2a: Celesteela
|-end|p2a: Celesteela|Substitute
|
|-heal|p2a: Celesteela|82/100|[from] item: Leftovers
|-damage|p1a: Registeel|46/100|[from] Leech Seed|[of] p2a: Celesteela
|-heal|p2a: Celesteela|93/100|[silent]
|upkeep
|turn|59
|
|t:|1651712618
|switch|p2a: Amoonguss|Amoonguss, M|100/100
|move|p1a: Registeel|Amnesia|p1a: Registeel
|-boost|p1a: Registeel|spd|0
|
|-damage|p1a: Registeel|34/100|[from] Leech Seed|[of] p2a: Amoonguss
|upkeep
|turn|60
|
|t:|1651712625
|move|p1a: Registeel|Body Press|p2a: Amoonguss
|-resisted|p2a: Amoonguss
|-damage|p2a: Amoonguss|49/100
|move|p2a: Amoonguss|Seed Bomb|p1a: Registeel
|-resisted|p1a: Registeel
|-damage|p1a: Registeel|32/100
|
|-damage|p1a: Registeel|20/100|[from] Leech Seed|[of] p2a: Amoonguss
|-heal|p2a: Amoonguss|59/100|[silent]
|upkeep
|turn|61
|
|t:|1651712633
|move|p1a: Registeel|Rest|p1a: Registeel
|-status|p1a: Registeel|slp|[from] move: Rest
|-heal|p1a: Registeel|100/100 slp|[silent]
|move|p2a: Amoonguss|Spore|p1a: Registeel
|-fail|p1a: Registeel|slp
|
|-damage|p1a: Registeel|88/100 slp|[from] Leech Seed|[of] p2a: Amoonguss
|-heal|p2a: Amoonguss|70/100|[silent]
|upkeep
|turn|62
|
|t:|1651712642
|cant|p1a: Registeel|slp
|move|p2a: Amoonguss|Seed Bomb|p1a: Registeel
|-resisted|p1a: Registeel
|-damage|p1a: Registeel|86/100 slp
|
|-damage|p1a: Registeel|74/100 slp|[from] Leech Seed|[of] p2a: Amoonguss
|-heal|p2a: Amoonguss|80/100|[silent]
|upkeep
|turn|63
|
|t:|1651712645
|switch|p2a: Celesteela|Celesteela|93/100
|cant|p1a: Registeel|slp
|
|-heal|p2a: Celesteela|99/100|[from] item: Leftovers
|-damage|p1a: Registeel|61/100 slp|[from] Leech Seed|[of] p2a: Celesteela
|-heal|p2a: Celesteela|100/100|[silent]
|upkeep
|turn|64
|c|☆suloxiv ♫|yeah i cant play this out, i gtg
|c|☆suloxiv ♫|gg
|-message|suloxiv ♫ forfeited.
|
|win|UULT91w udon
|n|☆suloxiv ♫|suloxiv
|n|☆UULT91w udon|uult91wudon
|n| UULT91w HaxxLR|uult91whaxxlr
|n| SWeetpea70511|sweetpea70511
|n| mncmt|mncmt
|n| hariyana grande|hariyanagrande
