|j|☆L'Ermite
|j|☆Fathiryxi
|t:|1637958378
|gametype|singles
|player|p1|L'Ermite|furisodegirl-black|
|player|p2|Fathiryxi|preschoolers|
|teamsize|p1|6
|teamsize|p2|6
|gen|8
|tier|[Gen 8] UU
|rated|Tournament battle
|rule|Sleep Clause Mod: Limit one foe put to sleep
|rule|Species Clause: Limit one of each Pokémon
|rule|OHKO Clause: OHKO moves are banned
|rule|Evasion Moves Clause: Evasion moves are banned
|rule|Endless Battle Clause: Forcing endless battles is banned
|rule|HP Percentage Mod: HP is shown in percentages
|rule|Dynamax Clause: You cannot dynamax
|clearpoke
|poke|p1|Hatterene, F|
|poke|p1|Rotom-Wash|
|poke|p1|Mienshao, F|
|poke|p1|Crobat, M|
|poke|p1|Hydreigon, M|
|poke|p1|Tapu Bulu|
|poke|p2|Rotom-Heat|
|poke|p2|Primarina, F|
|poke|p2|Amoonguss, F|
|poke|p2|Excadrill, M|
|poke|p2|Mandibuzz, F|
|poke|p2|Mienshao, F|
|teampreview
|
|t:|1637958456
|start
|switch|p1a: Rotom|Rotom-Wash|100/100
|switch|p2a: Rotom|Rotom-Heat|100/100
|turn|1
|j| Corperate N
|c|☆L'Ermite|fathi je timer
|inactive|Battle timer is ON: inactive players will automatically lose when time's up. (requested by L'Ermite)
|c|☆Fathiryxi|ok ok
|
|t:|1637958494
|switch|p2a: Amoonguss|Amoonguss, F|100/100
|move|p1a: Rotom|Volt Switch|p2a: Amoonguss
|-resisted|p2a: Amoonguss
|-damage|p2a: Amoonguss|86/100
|
|t:|1637958497
|switch|p1a: Crobat|Crobat, M|100/100|[from]move: Volt Switch
|
|upkeep
|turn|2
|
|t:|1637958515
|switch|p2a: Primarina|Primarina, F|100/100
|move|p1a: Crobat|Brave Bird|p2a: Primarina
|-damage|p2a: Primarina|64/100
|-damage|p1a: Crobat|89/100|[from] Recoil
|
|-heal|p2a: Primarina|70/100|[from] item: Leftovers
|upkeep
|turn|3
|
|t:|1637958526
|move|p1a: Crobat|U-turn|p2a: Primarina
|-resisted|p2a: Primarina
|-damage|p2a: Primarina|63/100
|
|t:|1637958533
|switch|p1a: Tapu Bulu|Tapu Bulu|100/100|[from]move: U-turn
|-fieldstart|move: Grassy Terrain|[from] ability: Grassy Surge|[of] p1a: Tapu Bulu
|move|p2a: Primarina|Scald|p1a: Tapu Bulu
|-resisted|p1a: Tapu Bulu
|-damage|p1a: Tapu Bulu|83/100
|
|-heal|p1a: Tapu Bulu|89/100|[from] Grassy Terrain
|-heal|p2a: Primarina|69/100|[from] Grassy Terrain
|-heal|p2a: Primarina|75/100|[from] item: Leftovers
|upkeep
|turn|4
|
|t:|1637958545
|switch|p1a: Hatterene|Hatterene, F|100/100
|switch|p2a: Amoonguss|Amoonguss, F|100/100
|
|upkeep
|turn|5
|
|t:|1637958549
|switch|p2a: Excadrill|Excadrill, M|100/100
|-ability|p2a: Excadrill|Mold Breaker
|move|p1a: Hatterene|Calm Mind|p1a: Hatterene
|-boost|p1a: Hatterene|spa|1
|-boost|p1a: Hatterene|spd|1
|
|upkeep
|turn|6
|
|t:|1637958564
|move|p2a: Excadrill|Toxic|p1a: Hatterene
|-status|p1a: Hatterene|tox
|move|p1a: Hatterene|Mystical Fire|p2a: Excadrill
|-supereffective|p2a: Excadrill
|-damage|p2a: Excadrill|40/100
|-unboost|p2a: Excadrill|spa|1
|
|-heal|p2a: Excadrill|46/100|[from] Grassy Terrain
|-heal|p2a: Excadrill|52/100|[from] item: Leftovers
|-damage|p1a: Hatterene|95/100 tox|[from] psn
|upkeep
|turn|7
|c|☆L'Ermite|:(
|
|t:|1637958585
|switch|p2a: Primarina|Primarina, F|75/100
|move|p1a: Hatterene|Mystical Fire|p2a: Primarina
|-resisted|p2a: Primarina
|-damage|p2a: Primarina|63/100
|-unboost|p2a: Primarina|spa|1
|
|-heal|p2a: Primarina|69/100|[from] Grassy Terrain
|-heal|p2a: Primarina|75/100|[from] item: Leftovers
|-heal|p1a: Hatterene|100/100 tox|[from] Grassy Terrain
|-damage|p1a: Hatterene|89/100 tox|[from] psn
|-fieldend|move: Grassy Terrain
|upkeep
|turn|8
|inactive|Fathiryxi has 120 seconds left.
|
|t:|1637958618
|switch|p2a: Mandibuzz|Mandibuzz, F|100/100
|switch|p1a: Rotom|Rotom-Wash|100/100
|
|upkeep
|turn|9
|l| Corperate N
|
|t:|1637958639
|switch|p2a: Amoonguss|Amoonguss, F|100/100
|move|p1a: Rotom|Trick|p2a: Amoonguss
|-activate|p1a: Rotom|move: Trick|[of] p2a: Amoonguss
|-item|p2a: Amoonguss|Choice Scarf|[from] move: Trick
|-item|p1a: Rotom|Rocky Helmet|[from] move: Trick
|
|upkeep
|turn|10
|
|t:|1637958653
|move|p1a: Rotom|Volt Switch|p2a: Amoonguss
|-resisted|p2a: Amoonguss
|-damage|p2a: Amoonguss|86/100
|
|t:|1637958658
|switch|p1a: Hatterene|Hatterene, F|89/100 tox|[from]move: Volt Switch
|move|p2a: Amoonguss|Spore|p1a: Hatterene
|move|p1a: Hatterene|Spore|p2a: Amoonguss|[from]ability: Magic Bounce
|-immune|p2a: Amoonguss
|
|-heal|p1a: Hatterene|95/100 tox|[from] item: Leftovers
|-damage|p1a: Hatterene|89/100 tox|[from] psn
|upkeep
|turn|11
|
|t:|1637958669
|switch|p2a: Rotom|Rotom-Heat|100/100
|switch|p1a: Mienshao|Mienshao, F|100/100
|
|upkeep
|turn|12
|
|t:|1637958697
|move|p2a: Rotom|Volt Switch|p1a: Mienshao
|-damage|p1a: Mienshao|57/100
|
|t:|1637958701
|switch|p2a: Amoonguss|Amoonguss, F|100/100|[from]move: Volt Switch
|move|p1a: Mienshao|U-turn|p2a: Amoonguss
|-damage|p2a: Amoonguss|80/100
|-damage|p1a: Mienshao|47/100|[from] item: Life Orb
|c|☆L'Ermite|je me sens moins seul hihi
|
|t:|1637958712
|switch|p1a: Crobat|Crobat, M|89/100|[from]move: U-turn
|
|upkeep
|turn|13
|inactive|Fathiryxi has 120 seconds left.
|
|t:|1637958723
|switch|p2a: Rotom|Rotom-Heat|100/100
|move|p1a: Crobat|Brave Bird|p2a: Rotom
|-resisted|p2a: Rotom
|-damage|p2a: Rotom|79/100
|-damage|p1a: Crobat|83/100|[from] Recoil
|
|upkeep
|turn|14
|inactive|Fathiryxi has 120 seconds left.
|
|t:|1637958730
|switch|p1a: Hydreigon|Hydreigon, M|100/100
|move|p2a: Rotom|Volt Switch|p1a: Hydreigon
|-resisted|p1a: Hydreigon
|-damage|p1a: Hydreigon|86/100
|inactive|Fathiryxi has 120 seconds left.
|j|@laevin
|l|@laevin
|
|t:|1637958739
|switch|p2a: Mienshao|Mienshao, F|100/100|[from]move: Volt Switch
|
|-heal|p1a: Hydreigon|92/100|[from] item: Leftovers
|upkeep
|turn|15
|inactive|Fathiryxi has 120 seconds left.
|
|t:|1637958766
|switch|p1a: Tapu Bulu|Tapu Bulu|89/100
|-fieldstart|move: Grassy Terrain|[from] ability: Grassy Surge|[of] p1a: Tapu Bulu
|move|p2a: Mienshao|Knock Off|p1a: Tapu Bulu
|-resisted|p1a: Tapu Bulu
|-damage|p1a: Tapu Bulu|75/100
|-damage|p2a: Mienshao|84/100|[from] item: Rocky Helmet|[of] p1a: Tapu Bulu
|-enditem|p1a: Tapu Bulu|Rocky Helmet|[from] move: Knock Off|[of] p2a: Mienshao
|-damage|p2a: Mienshao|74/100|[from] item: Life Orb
|
|-heal|p2a: Mienshao|80/100|[from] Grassy Terrain
|-heal|p1a: Tapu Bulu|81/100|[from] Grassy Terrain
|upkeep
|turn|16
|
|t:|1637958779
|move|p2a: Mienshao|U-turn|p1a: Tapu Bulu
|-damage|p1a: Tapu Bulu|60/100
|-damage|p2a: Mienshao|70/100|[from] item: Life Orb
|j| ferdidekanto
|
|t:|1637958783
|switch|p2a: Amoonguss|Amoonguss, F|100/100|[from]move: U-turn
|move|p1a: Tapu Bulu|Dazzling Gleam|p2a: Amoonguss
|-resisted|p2a: Amoonguss
|-damage|p2a: Amoonguss|91/100
|
|-heal|p1a: Tapu Bulu|66/100|[from] Grassy Terrain
|-heal|p2a: Amoonguss|97/100|[from] Grassy Terrain
|upkeep
|turn|17
|
|t:|1637958792
|switch|p1a: Crobat|Crobat, M|83/100
|move|p2a: Amoonguss|Spore|p1a: Crobat
|-status|p1a: Crobat|slp|[from] move: Spore
|
|-heal|p2a: Amoonguss|100/100|[from] Grassy Terrain
|upkeep
|turn|18
|inactive|Fathiryxi has 120 seconds left.
|
|t:|1637958800
|switch|p1a: Mienshao|Mienshao, F|80/100
|switch|p2a: Rotom|Rotom-Heat|79/100
|
|-heal|p1a: Mienshao|86/100|[from] Grassy Terrain
|upkeep
|turn|19
|inactive|Fathiryxi has 120 seconds left.
|
|t:|1637958827
|switch|p1a: Rotom|Rotom-Wash|100/100
|move|p2a: Rotom|Volt Switch|p1a: Rotom
|-damage|p1a: Rotom|68/100
|
|t:|1637958835
|switch|p2a: Amoonguss|Amoonguss, F|100/100|[from]move: Volt Switch
|
|-fieldend|move: Grassy Terrain
|upkeep
|turn|20
|
|t:|1637958847
|move|p1a: Rotom|Volt Switch|p2a: Amoonguss
|-resisted|p2a: Amoonguss
|-damage|p2a: Amoonguss|87/100
|
|t:|1637958850
|switch|p1a: Crobat|Crobat, M|83/100 slp|[from]move: Volt Switch
|move|p2a: Amoonguss|Foul Play|p1a: Crobat
|-damage|p1a: Crobat|59/100 slp
|
|upkeep
|turn|21
|inactive|Fathiryxi has 120 seconds left.
|
|t:|1637958855
|switch|p1a: Mienshao|Mienshao, F|100/100
|switch|p2a: Rotom|Rotom-Heat|79/100
|
|upkeep
|turn|22
|
|t:|1637958860
|move|p2a: Rotom|Volt Switch|p1a: Mienshao
|-damage|p1a: Mienshao|53/100
|
|t:|1637958863
|switch|p2a: Amoonguss|Amoonguss, F|100/100|[from]move: Volt Switch
|move|p1a: Mienshao|Close Combat|p2a: Amoonguss
|-resisted|p2a: Amoonguss
|-damage|p2a: Amoonguss|72/100
|-unboost|p1a: Mienshao|def|1
|-unboost|p1a: Mienshao|spd|1
|-damage|p1a: Mienshao|43/100|[from] item: Life Orb
|
|upkeep
|turn|23
|j|+Aqua8Jet
|inactive|Fathiryxi has 120 seconds left.
|
|t:|1637958889
|move|p1a: Mienshao|U-turn|p2a: Amoonguss
|-damage|p2a: Amoonguss|50/100
|-damage|p1a: Mienshao|33/100|[from] item: Life Orb
|
|t:|1637958892
|switch|p1a: Hydreigon|Hydreigon, M|92/100|[from]move: U-turn
|move|p2a: Amoonguss|Sludge Bomb|p1a: Hydreigon
|-damage|p1a: Hydreigon|63/100
|
|-heal|p1a: Hydreigon|69/100|[from] item: Leftovers
|upkeep
|turn|24
|l| ferdidekanto
|inactive|Fathiryxi has 120 seconds left.
|
|t:|1637958903
|switch|p2a: Primarina|Primarina, F|75/100
|move|p1a: Hydreigon|Dark Pulse|p2a: Primarina
|-resisted|p2a: Primarina
|-damage|p2a: Primarina|61/100
|
|-heal|p1a: Hydreigon|75/100|[from] item: Leftovers
|-heal|p2a: Primarina|67/100|[from] item: Leftovers
|upkeep
|turn|25
|
|t:|1637958912
|switch|p1a: Tapu Bulu|Tapu Bulu|66/100
|-fieldstart|move: Grassy Terrain|[from] ability: Grassy Surge|[of] p1a: Tapu Bulu
|switch|p2a: Rotom|Rotom-Heat|79/100
|
|-heal|p1a: Tapu Bulu|72/100|[from] Grassy Terrain
|upkeep
|turn|26
|
|t:|1637958925
|move|p2a: Rotom|Volt Switch|p1a: Tapu Bulu
|-resisted|p1a: Tapu Bulu
|-damage|p1a: Tapu Bulu|58/100
|
|t:|1637958929
|switch|p2a: Amoonguss|Amoonguss, F|84/100|[from]move: Volt Switch
|move|p1a: Tapu Bulu|Toxic|p2a: Amoonguss
|-immune|p2a: Amoonguss
|
|-heal|p1a: Tapu Bulu|64/100|[from] Grassy Terrain
|-heal|p2a: Amoonguss|90/100|[from] Grassy Terrain
|upkeep
|turn|27
|
|t:|1637958939
|switch|p1a: Crobat|Crobat, M|59/100 slp
|switch|p2a: Rotom|Rotom-Heat|79/100
|
|upkeep
|turn|28
|
|t:|1637958945
|switch|p1a: Hydreigon|Hydreigon, M|75/100
|move|p2a: Rotom|Volt Switch|p1a: Hydreigon
|-resisted|p1a: Hydreigon
|-damage|p1a: Hydreigon|60/100
|
|t:|1637958951
|switch|p2a: Mienshao|Mienshao, F|100/100|[from]move: Volt Switch
|
|-heal|p1a: Hydreigon|67/100|[from] item: Leftovers
|upkeep
|turn|29
|
|t:|1637958959
|switch|p1a: Rotom|Rotom-Wash|68/100
|move|p2a: Mienshao|U-turn|p1a: Rotom
|-damage|p1a: Rotom|23/100
|-damage|p2a: Mienshao|84/100|[from] item: Rocky Helmet|[of] p1a: Rotom
|-damage|p2a: Mienshao|74/100|[from] item: Life Orb
|
|t:|1637958968
|switch|p2a: Rotom|Rotom-Heat|79/100|[from]move: U-turn
|
|-fieldend|move: Grassy Terrain
|upkeep
|turn|30
|
|t:|1637958984
|move|p2a: Rotom|Volt Switch|p1a: Rotom
|-damage|p1a: Rotom|0 fnt
|faint|p1a: Rotom
|
|t:|1637959002
|switch|p2a: Mienshao|Mienshao, F|100/100|[from]move: Volt Switch
|
|upkeep
|
|t:|1637959010
|switch|p1a: Mienshao|Mienshao, F|66/100
|turn|31
|
|t:|1637959015
|switch|p2a: Amoonguss|Amoonguss, F|100/100
|move|p1a: Mienshao|Close Combat|p2a: Amoonguss
|-resisted|p2a: Amoonguss
|-damage|p2a: Amoonguss|74/100
|-unboost|p1a: Mienshao|def|1
|-unboost|p1a: Mienshao|spd|1
|-damage|p1a: Mienshao|56/100|[from] item: Life Orb
|
|upkeep
|turn|32
|
|t:|1637959026
|move|p1a: Mienshao|U-turn|p2a: Amoonguss
|-damage|p2a: Amoonguss|51/100
|-damage|p1a: Mienshao|46/100|[from] item: Life Orb
|
|t:|1637959030
|switch|p1a: Hydreigon|Hydreigon, M|67/100|[from]move: U-turn
|move|p2a: Amoonguss|Sludge Bomb|p1a: Hydreigon
|-damage|p1a: Hydreigon|37/100
|
|-heal|p1a: Hydreigon|43/100|[from] item: Leftovers
|upkeep
|turn|33
|
|t:|1637959041
|switch|p2a: Primarina|Primarina, F|67/100
|move|p1a: Hydreigon|Roost|p1a: Hydreigon
|-heal|p1a: Hydreigon|93/100
|-singleturn|p1a: Hydreigon|move: Roost
|
|-heal|p1a: Hydreigon|99/100|[from] item: Leftovers
|-heal|p2a: Primarina|73/100|[from] item: Leftovers
|upkeep
|turn|34
|
|t:|1637959049
|switch|p1a: Tapu Bulu|Tapu Bulu|64/100
|-fieldstart|move: Grassy Terrain|[from] ability: Grassy Surge|[of] p1a: Tapu Bulu
|switch|p2a: Rotom|Rotom-Heat|79/100
|
|-heal|p1a: Tapu Bulu|70/100|[from] Grassy Terrain
|upkeep
|turn|35
|
|t:|1637959055
|move|p2a: Rotom|Volt Switch|p1a: Tapu Bulu
|-resisted|p1a: Tapu Bulu
|-damage|p1a: Tapu Bulu|56/100
|
|t:|1637959059
|switch|p2a: Amoonguss|Amoonguss, F|85/100|[from]move: Volt Switch
|move|p1a: Tapu Bulu|Synthesis|p1a: Tapu Bulu
|-heal|p1a: Tapu Bulu|100/100
|
|-heal|p2a: Amoonguss|91/100|[from] Grassy Terrain
|upkeep
|turn|36
|
|t:|1637959068
|switch|p1a: Crobat|Crobat, M|59/100 slp
|move|p2a: Amoonguss|Sludge Bomb|p1a: Crobat
|-resisted|p1a: Crobat
|-damage|p1a: Crobat|43/100 slp
|
|-heal|p2a: Amoonguss|97/100|[from] Grassy Terrain
|upkeep
|turn|37
|
|t:|1637959074
|switch|p2a: Rotom|Rotom-Heat|79/100
|cant|p1a: Crobat|slp
|
|upkeep
|turn|38
|
|t:|1637959080
|switch|p1a: Hydreigon|Hydreigon, M|99/100
|move|p2a: Rotom|Volt Switch|p1a: Hydreigon
|-resisted|p1a: Hydreigon
|-damage|p1a: Hydreigon|84/100
|
|t:|1637959085
|switch|p2a: Mienshao|Mienshao, F|100/100|[from]move: Volt Switch
|
|-heal|p1a: Hydreigon|90/100|[from] item: Leftovers
|-fieldend|move: Grassy Terrain
|upkeep
|turn|39
|
|t:|1637959099
|switch|p1a: Tapu Bulu|Tapu Bulu|100/100
|-fieldstart|move: Grassy Terrain|[from] ability: Grassy Surge|[of] p1a: Tapu Bulu
|move|p2a: Mienshao|U-turn|p1a: Tapu Bulu
|-damage|p1a: Tapu Bulu|77/100
|-damage|p2a: Mienshao|91/100|[from] item: Life Orb
|
|t:|1637959110
|switch|p2a: Amoonguss|Amoonguss, F|100/100|[from]move: U-turn
|
|-heal|p1a: Tapu Bulu|83/100|[from] Grassy Terrain
|upkeep
|turn|40
|
|t:|1637959121
|switch|p1a: Hydreigon|Hydreigon, M|90/100
|switch|p2a: Rotom|Rotom-Heat|79/100
|
|-heal|p1a: Hydreigon|96/100|[from] item: Leftovers
|upkeep
|turn|41
|
|t:|1637959128
|move|p2a: Rotom|Volt Switch|p1a: Hydreigon
|-resisted|p1a: Hydreigon
|-damage|p1a: Hydreigon|82/100
|
|t:|1637959134
|switch|p2a: Primarina|Primarina, F|73/100|[from]move: Volt Switch
|move|p1a: Hydreigon|Dark Pulse|p2a: Primarina
|-resisted|p2a: Primarina
|-damage|p2a: Primarina|58/100
|
|-heal|p1a: Hydreigon|88/100|[from] item: Leftovers
|-heal|p2a: Primarina|65/100|[from] Grassy Terrain
|-heal|p2a: Primarina|71/100|[from] item: Leftovers
|upkeep
|turn|42
|
|t:|1637959146
|move|p1a: Hydreigon|Dark Pulse|p2a: Primarina
|-resisted|p2a: Primarina
|-damage|p2a: Primarina|57/100
|cant|p2a: Primarina|flinch
|
|-heal|p1a: Hydreigon|94/100|[from] item: Leftovers
|-heal|p2a: Primarina|63/100|[from] Grassy Terrain
|-heal|p2a: Primarina|69/100|[from] item: Leftovers
|upkeep
|turn|43
|
|t:|1637959154
|move|p1a: Hydreigon|Draco Meteor|p2a: Primarina
|-immune|p2a: Primarina
|move|p2a: Primarina|Scald|p1a: Hydreigon
|-resisted|p1a: Hydreigon
|-damage|p1a: Hydreigon|76/100
|
|-heal|p1a: Hydreigon|82/100|[from] item: Leftovers
|-heal|p2a: Primarina|75/100|[from] Grassy Terrain
|-heal|p2a: Primarina|82/100|[from] item: Leftovers
|-fieldend|move: Grassy Terrain
|upkeep
|turn|44
|
|t:|1637959164
|move|p1a: Hydreigon|Draco Meteor|p2a: Primarina
|-immune|p2a: Primarina
|move|p2a: Primarina|Scald|p1a: Hydreigon
|-resisted|p1a: Hydreigon
|-damage|p1a: Hydreigon|63/100
|-status|p1a: Hydreigon|brn
|
|-heal|p1a: Hydreigon|69/100 brn|[from] item: Leftovers
|-heal|p2a: Primarina|88/100|[from] item: Leftovers
|-damage|p1a: Hydreigon|63/100 brn|[from] brn
|upkeep
|turn|45
|
|t:|1637959173
|switch|p1a: Tapu Bulu|Tapu Bulu|83/100
|-fieldstart|move: Grassy Terrain|[from] ability: Grassy Surge|[of] p1a: Tapu Bulu
|move|p2a: Primarina|Scald|p1a: Tapu Bulu
|-resisted|p1a: Tapu Bulu
|-damage|p1a: Tapu Bulu|65/100
|
|-heal|p1a: Tapu Bulu|71/100|[from] Grassy Terrain
|-heal|p2a: Primarina|94/100|[from] Grassy Terrain
|-heal|p2a: Primarina|99/100|[from] item: Leftovers
|upkeep
|turn|46
|
|t:|1637959184
|switch|p1a: Hydreigon|Hydreigon, M|63/100 brn
|switch|p2a: Amoonguss|Amoonguss, F|100/100
|
|-heal|p1a: Hydreigon|69/100 brn|[from] item: Leftovers
|-damage|p1a: Hydreigon|63/100 brn|[from] brn
|upkeep
|turn|47
|
|t:|1637959189
|switch|p2a: Primarina|Primarina, F|99/100
|move|p1a: Hydreigon|Roost|p1a: Hydreigon
|-heal|p1a: Hydreigon|100/100 brn
|-singleturn|p1a: Hydreigon|move: Roost
|
|-heal|p2a: Primarina|100/100|[from] Grassy Terrain
|-damage|p1a: Hydreigon|94/100 brn|[from] brn
|upkeep
|turn|48
|
|t:|1637959199
|switch|p1a: Tapu Bulu|Tapu Bulu|71/100
|move|p2a: Primarina|Draining Kiss|p1a: Tapu Bulu
|-damage|p1a: Tapu Bulu|50/100
|
|-heal|p1a: Tapu Bulu|56/100|[from] Grassy Terrain
|upkeep
|turn|49
|
|t:|1637959207
|switch|p2a: Amoonguss|Amoonguss, F|100/100
|move|p1a: Tapu Bulu|Synthesis|p1a: Tapu Bulu
|-heal|p1a: Tapu Bulu|100/100
|
|-fieldend|move: Grassy Terrain
|upkeep
|turn|50
|
|t:|1637959220
|move|p1a: Tapu Bulu|Horn Leech|p2a: Amoonguss
|-resisted|p2a: Amoonguss
|-damage|p2a: Amoonguss|94/100
|move|p2a: Amoonguss|Sludge Bomb|p1a: Tapu Bulu
|-supereffective|p1a: Tapu Bulu
|-damage|p1a: Tapu Bulu|0 fnt
|faint|p1a: Tapu Bulu
|
|upkeep
|-message|L'Ermite forfeited.
|
|win|Fathiryxi
|n|☆L'Ermite|lermite
|n|☆Fathiryxi|fathiryxi
|n| Aqua8Jet|aqua8jet
