|raw|<div class="broadcast-blue"><strong>This battle is required to be public due to a player having a name starting with 'uult91w'.</div>
|j|☆UULT91w udon
|j|☆UULT91w Mimilucha
|t:|1651916697
|gametype|singles
|player|p1|UULT91w udon|dawn|1514
|player|p2|UULT91w Mimilucha|ilima|1646
|teamsize|p1|6
|teamsize|p2|6
|gen|8
|tier|[Gen 8] UU
|rated|
|rule|Sleep Clause Mod: Limit one foe put to sleep
|rule|Species Clause: Limit one of each Pokémon
|rule|OHKO Clause: OHKO moves are banned
|rule|Evasion Moves Clause: Evasion moves are banned
|rule|Endless Battle Clause: Forcing endless battles is banned
|rule|HP Percentage Mod: HP is shown in percentages
|rule|Dynamax Clause: You cannot dynamax
|clearpoke
|poke|p1|Salamence, M|
|poke|p1|Rotom-Wash|
|poke|p1|Scizor, M|
|poke|p1|Reuniclus, F|
|poke|p1|Nidoqueen, F|
|poke|p1|Zarude|
|poke|p2|Aegislash, M|
|poke|p2|Zarude|
|poke|p2|Cobalion|
|poke|p2|Slowking, F|
|poke|p2|Mamoswine, M|
|poke|p2|Noivern, F|
|teampreview
|inactive|Battle timer is ON: inactive players will automatically lose when time's up. (requested by UULT91w Mimilucha)
|c|☆UULT91w udon|hf
|c|☆UULT91w Mimilucha|=
|j| Micciu20250
|c| Micciu20250|MIMI !!!
|inactive|UULT91w udon has 120 seconds left.
|inactive|UULT91w Mimilucha has 120 seconds left.
|
|t:|1651916743
|start
|switch|p1a: Salamence|Salamence, M|100/100
|switch|p2a: Slowking|Slowking, F|100/100
|-ability|p1a: Salamence|Intimidate|boost
|-unboost|p2a: Slowking|atk|1
|turn|1
|
|t:|1651916752
|move|p1a: Salamence|Draco Meteor|p2a: Slowking
|-damage|p2a: Slowking|27/100
|-unboost|p1a: Salamence|spa|2
|move|p2a: Slowking|Teleport|p2a: Slowking
|
|t:|1651916756
|switch|p2a: Mamoswine|Mamoswine, M|100/100|[from]move: Teleport
|
|upkeep
|turn|2
|
|t:|1651916763
|switch|p1a: Rotom|Rotom-Wash|100/100
|move|p2a: Mamoswine|Knock Off|p1a: Rotom
|-damage|p1a: Rotom|68/100
|-enditem|p1a: Rotom|Heavy-Duty Boots|[from] move: Knock Off|[of] p2a: Mamoswine
|
|upkeep
|turn|3
|j| Jelly Cookie
|
|t:|1651916777
|switch|p2a: Zarude|Zarude|100/100
|move|p1a: Rotom|Volt Switch|p2a: Zarude
|-resisted|p2a: Zarude
|-damage|p2a: Zarude|89/100
|
|t:|1651916781
|switch|p1a: Scizor|Scizor, M|100/100|[from]move: Volt Switch
|
|upkeep
|turn|4
|
|t:|1651916787
|move|p2a: Zarude|U-turn|p1a: Scizor
|-resisted|p1a: Scizor
|-damage|p1a: Scizor|91/100
|
|t:|1651916789
|switch|p2a: Noivern|Noivern, F|100/100|[from]move: U-turn
|move|p1a: Scizor|U-turn|p2a: Noivern
|-resisted|p2a: Noivern
|-crit|p2a: Noivern
|-damage|p2a: Noivern|70/100
|
|t:|1651916793
|switch|p1a: Reuniclus|Reuniclus, F|100/100|[from]move: U-turn
|
|upkeep
|turn|5
|
|t:|1651916796
|move|p2a: Noivern|U-turn|p1a: Reuniclus
|-supereffective|p1a: Reuniclus
|-damage|p1a: Reuniclus|77/100
|
|t:|1651916798
|switch|p2a: Slowking|Slowking, F|61/100|[from]move: U-turn
|move|p1a: Reuniclus|Future Sight|p2a: Slowking
|-start|p1a: Reuniclus|move: Future Sight
|
|upkeep
|turn|6
|j| UULT91wdragonitenb
|j| Beka
|
|t:|1651916828
|switch|p1a: Scizor|Scizor, M|91/100
|move|p2a: Slowking|Teleport|p2a: Slowking
|
|t:|1651916838
|switch|p2a: Noivern|Noivern, F|70/100|[from]move: Teleport
|
|upkeep
|turn|7
|j| dragonitenb
|j| Menacce17
|c|☆UULT91w udon|Big question
|inactive|UULT91w udon has 120 seconds left.
|c| Menacce17|Go udon
|c| Micciu20250|😐
|inactive|UULT91w udon has 90 seconds left.
|
|t:|1651916893
|switch|p1a: Salamence|Salamence, M|100/100
|-ability|p1a: Salamence|Intimidate|boost
|-unboost|p2a: Noivern|atk|1
|move|p2a: Noivern|U-turn|p1a: Salamence
|-resisted|p1a: Salamence
|-damage|p1a: Salamence|96/100
|
|t:|1651916897
|switch|p2a: Slowking|Slowking, F|94/100|[from]move: U-turn
|
|-end|p2a: Slowking|move: Future Sight
|-resisted|p2a: Slowking
|-damage|p2a: Slowking|72/100
|upkeep
|turn|8
|l| Jelly Cookie
|inactive|UULT91w udon has 90 seconds left.
|j| Jelly Cookie
|
|t:|1651916918
|switch|p2a: Cobalion|Cobalion|100/100
|move|p1a: Salamence|Draco Meteor|p2a: Cobalion|[miss]
|-miss|p1a: Salamence|p2a: Cobalion
|
|upkeep
|turn|9
|
|t:|1651916937
|switch|p2a: Mamoswine|Mamoswine, M|100/100
|switch|p1a: Nidoqueen|Nidoqueen, F|100/100
|
|upkeep
|turn|10
|
|t:|1651916945
|switch|p1a: Rotom|Rotom-Wash|68/100
|move|p2a: Mamoswine|Icicle Crash|p1a: Rotom
|-resisted|p1a: Rotom
|-damage|p1a: Rotom|39/100
|
|upkeep
|turn|11
|
|t:|1651916951
|switch|p2a: Zarude|Zarude|89/100
|move|p1a: Rotom|Pain Split|p2a: Zarude
|-sethp|p2a: Zarude|61/100|[from] move: Pain Split|[silent]
|-sethp|p1a: Rotom|71/100|[from] move: Pain Split
|
|upkeep
|turn|12
|
|t:|1651916958
|switch|p1a: Scizor|Scizor, M|91/100
|move|p2a: Zarude|U-turn|p1a: Scizor
|-resisted|p1a: Scizor
|-damage|p1a: Scizor|83/100
|
|t:|1651916961
|switch|p2a: Noivern|Noivern, F|70/100|[from]move: U-turn
|
|upkeep
|turn|13
|
|t:|1651916978
|switch|p1a: Reuniclus|Reuniclus, F|100/100
|move|p2a: Noivern|U-turn|p1a: Reuniclus
|-supereffective|p1a: Reuniclus
|-damage|p1a: Reuniclus|79/100
|l| Menacce17
|j| UULT91w St3ve
|l| Jelly Cookie
|
|t:|1651917005
|switch|p2a: Zarude|Zarude|61/100|[from]move: U-turn
|
|upkeep
|turn|14
|inactive|UULT91w udon has 90 seconds left.
|
|t:|1651917028
|switch|p1a: Scizor|Scizor, M|83/100
|move|p2a: Zarude|U-turn|p1a: Scizor
|-resisted|p1a: Scizor
|-damage|p1a: Scizor|74/100
|l| Micciu20250
|j| Micciu20250
|
|t:|1651917045
|switch|p2a: Noivern|Noivern, F|70/100|[from]move: U-turn
|
|upkeep
|turn|15
|
|t:|1651917049
|move|p2a: Noivern|U-turn|p1a: Scizor
|-resisted|p1a: Scizor
|-damage|p1a: Scizor|69/100
|
|t:|1651917052
|switch|p2a: Cobalion|Cobalion|100/100|[from]move: U-turn
|move|p1a: Scizor|U-turn|p2a: Cobalion
|-resisted|p2a: Cobalion
|-damage|p2a: Cobalion|94/100
|-damage|p1a: Scizor|52/100|[from] item: Rocky Helmet|[of] p2a: Cobalion
|
|t:|1651917061
|switch|p1a: Nidoqueen|Nidoqueen, F|100/100|[from]move: U-turn
|
|upkeep
|turn|16
|
|t:|1651917063
|move|p2a: Cobalion|Stealth Rock|p1a: Nidoqueen
|-sidestart|p1: UULT91w udon|move: Stealth Rock
|move|p1a: Nidoqueen|Stealth Rock|p2a: Cobalion
|-sidestart|p2: UULT91w Mimilucha|move: Stealth Rock
|
|upkeep
|turn|17
|
|t:|1651917069
|switch|p2a: Noivern|Noivern, F|70/100
|move|p1a: Nidoqueen|Sludge Wave|p2a: Noivern
|-damage|p2a: Noivern|0 fnt
|faint|p2a: Noivern
|
|upkeep
|
|t:|1651917073
|switch|p2a: Mamoswine|Mamoswine, M|100/100
|-damage|p2a: Mamoswine|88/100|[from] Stealth Rock
|turn|18
|
|t:|1651917088
|switch|p1a: Rotom|Rotom-Wash|71/100
|-damage|p1a: Rotom|59/100|[from] Stealth Rock
|move|p2a: Mamoswine|Icicle Crash|p1a: Rotom
|-resisted|p1a: Rotom
|-damage|p1a: Rotom|34/100
|
|upkeep
|turn|19
|inactive|UULT91w udon has 120 seconds left.
|
|t:|1651917111
|switch|p2a: Zarude|Zarude|61/100
|move|p1a: Rotom|Volt Switch|p2a: Zarude
|-resisted|p2a: Zarude
|-damage|p2a: Zarude|49/100
|
|t:|1651917114
|switch|p1a: Scizor|Scizor, M|52/100|[from]move: Volt Switch
|
|upkeep
|turn|20
|
|t:|1651917118
|move|p2a: Zarude|U-turn|p1a: Scizor
|-resisted|p1a: Scizor
|-damage|p1a: Scizor|44/100
|
|t:|1651917120
|switch|p2a: Cobalion|Cobalion|94/100|[from]move: U-turn
|-damage|p2a: Cobalion|91/100|[from] Stealth Rock
|move|p1a: Scizor|Roost|p1a: Scizor
|-heal|p1a: Scizor|94/100
|-singleturn|p1a: Scizor|move: Roost
|
|upkeep
|turn|21
|
|t:|1651917133
|switch|p1a: Nidoqueen|Nidoqueen, F|100/100
|-damage|p1a: Nidoqueen|94/100|[from] Stealth Rock
|move|p2a: Cobalion|Close Combat|p1a: Nidoqueen
|-resisted|p1a: Nidoqueen
|-damage|p1a: Nidoqueen|70/100
|-unboost|p2a: Cobalion|def|1
|-unboost|p2a: Cobalion|spd|1
|
|upkeep
|turn|22
|
|t:|1651917149
|switch|p2a: Zarude|Zarude|49/100
|move|p1a: Nidoqueen|Earth Power|p2a: Zarude
|-resisted|p2a: Zarude
|-crit|p2a: Zarude
|-damage|p2a: Zarude|6/100
|
|upkeep
|turn|23
|
|t:|1651917168
|move|p2a: Zarude|Darkest Lariat|p1a: Nidoqueen
|-damage|p1a: Nidoqueen|27/100
|move|p1a: Nidoqueen|Earth Power|p2a: Zarude
|-resisted|p2a: Zarude
|-damage|p2a: Zarude|0 fnt
|faint|p2a: Zarude
|
|upkeep
|j| Jelly Cookie
|
|t:|1651917173
|switch|p2a: Cobalion|Cobalion|91/100
|-damage|p2a: Cobalion|87/100|[from] Stealth Rock
|turn|24
|
|t:|1651917184
|move|p2a: Cobalion|Iron Head|p1a: Nidoqueen
|-damage|p1a: Nidoqueen|0 fnt
|faint|p1a: Nidoqueen
|
|upkeep
|
|t:|1651917187
|switch|p1a: Reuniclus|Reuniclus, F|100/100
|-damage|p1a: Reuniclus|88/100|[from] Stealth Rock
|turn|25
|
|t:|1651917205
|move|p2a: Cobalion|Iron Head|p1a: Reuniclus
|-damage|p1a: Reuniclus|56/100
|cant|p1a: Reuniclus|flinch
|
|upkeep
|turn|26
|
|t:|1651917209
|move|p2a: Cobalion|Iron Head|p1a: Reuniclus
|-damage|p1a: Reuniclus|24/100
|move|p1a: Reuniclus|Focus Blast|p2a: Cobalion
|-supereffective|p2a: Cobalion
|-damage|p2a: Cobalion|0 fnt
|faint|p2a: Cobalion
|
|upkeep
|
|t:|1651917214
|switch|p2a: Aegislash|Aegislash, M|100/100
|-damage|p2a: Aegislash|94/100|[from] Stealth Rock
|turn|27
|
|t:|1651917230
|-formechange|p2a: Aegislash|Aegislash-Blade||[from] ability: Stance Change
|move|p2a: Aegislash|Flash Cannon|p1a: Reuniclus
|-damage|p1a: Reuniclus|0 fnt
|faint|p1a: Reuniclus
|
|upkeep
|
|t:|1651917234
|switch|p1a: Zarude|Zarude|100/100
|-damage|p1a: Zarude|88/100|[from] Stealth Rock
|turn|28
|
|t:|1651917241
|switch|p2a: Slowking|Slowking, F|100/100
|-damage|p2a: Slowking|88/100|[from] Stealth Rock
|move|p1a: Zarude|Darkest Lariat|p2a: Slowking
|-supereffective|p2a: Slowking
|-damage|p2a: Slowking|0 fnt
|faint|p2a: Slowking
|
|upkeep
|
|t:|1651917243
|switch|p2a: Aegislash|Aegislash, M|94/100
|-damage|p2a: Aegislash|88/100|[from] Stealth Rock
|turn|29
|
|t:|1651917248
|move|p1a: Zarude|Darkest Lariat|p2a: Aegislash
|-supereffective|p2a: Aegislash
|-damage|p2a: Aegislash|0 fnt
|faint|p2a: Aegislash
|
|upkeep
|
|t:|1651917252
|switch|p2a: Mamoswine|Mamoswine, M|88/100
|-damage|p2a: Mamoswine|76/100|[from] Stealth Rock
|turn|30
|
|t:|1651917260
|switch|p1a: Rotom|Rotom-Wash|34/100
|-damage|p1a: Rotom|21/100|[from] Stealth Rock
|move|p2a: Mamoswine|Ice Shard|p1a: Rotom
|-resisted|p1a: Rotom
|-crit|p1a: Rotom
|-damage|p1a: Rotom|0 fnt
|faint|p1a: Rotom
|
|upkeep
|
|t:|1651917262
|switch|p1a: Scizor|Scizor, M|94/100
|turn|31
|
|t:|1651917265
|move|p1a: Scizor|Bullet Punch|p2a: Mamoswine
|-supereffective|p2a: Mamoswine
|-damage|p2a: Mamoswine|20/100
|move|p2a: Mamoswine|Earthquake|p1a: Scizor
|-damage|p1a: Scizor|51/100
|
|upkeep
|turn|32
|
|t:|1651917268
|move|p1a: Scizor|Bullet Punch|p2a: Mamoswine
|-supereffective|p2a: Mamoswine
|-damage|p2a: Mamoswine|0 fnt
|faint|p2a: Mamoswine
|
|win|UULT91w udon
|raw|UULT91w udon's rating: 1514 &rarr; <strong>1541</strong><br />(+27 for winning)
|raw|UULT91w Mimilucha's rating: 1646 &rarr; <strong>1619</strong><br />(-27 for losing)
|l|☆UULT91w Mimilucha
|j| Givriix
|l| Beka
|c|☆UULT91w udon|gg
