|j|☆detonating
|j|☆GryphonEX
|t:|1662870329
|gametype|singles
|player|p1|detonating|psychic-gen4|1459
|player|p2|GryphonEX|gardenia|1493
|teamsize|p1|6
|teamsize|p2|6
|gen|8
|tier|[Gen 8] UU
|rated|
|rule|Sleep Clause Mod: Limit one foe put to sleep
|rule|Species Clause: Limit one of each Pokémon
|rule|OHKO Clause: OHKO moves are banned
|rule|Evasion Items Clause: Evasion items are banned
|rule|Evasion Moves Clause: Evasion moves are banned
|rule|Endless Battle Clause: Forcing endless battles is banned
|rule|HP Percentage Mod: HP is shown in percentages
|rule|Dynamax Clause: You cannot dynamax
|clearpoke
|poke|p1|Heliolisk, F|
|poke|p1|Chandelure, M|
|poke|p1|Krookodile, F|
|poke|p1|Slowking, F|
|poke|p1|Zygarde-10%|
|poke|p1|Salamence, M|
|poke|p2|Hydreigon, M|
|poke|p2|Suicune|
|poke|p2|Zarude|
|poke|p2|Salamence, M|
|poke|p2|Chansey, F|
|poke|p2|Corsola-Galar, F|
|teampreview
|inactive|Battle timer is ON: inactive players will automatically lose when time's up. (requested by detonating)
|
|t:|1662870344
|start
|switch|p1a: Krookodile|Krookodile, F|100/100
|switch|p2a: Suicune|Suicune|100/100
|-ability|p1a: Krookodile|Intimidate|boost
|-unboost|p2a: Suicune|atk|1
|-ability|p2a: Suicune|Pressure
|turn|1
|
|t:|1662870347
|switch|p1a: Heliolisk|Heliolisk, F|100/100
|move|p2a: Suicune|Calm Mind|p2a: Suicune
|-boost|p2a: Suicune|spa|1
|-boost|p2a: Suicune|spd|1
|
|upkeep
|turn|2
|
|t:|1662870350
|switch|p2a: Chansey|Chansey, F|100/100
|move|p1a: Heliolisk|Thunderbolt|p2a: Chansey
|-damage|p2a: Chansey|82/100
|
|upkeep
|turn|3
|
|t:|1662870355
|switch|p1a: Krookodile|Krookodile, F|100/100
|-ability|p1a: Krookodile|Intimidate|boost
|-unboost|p2a: Chansey|atk|1
|move|p2a: Chansey|Thunder Wave|p1a: Krookodile
|-immune|p1a: Krookodile
|
|upkeep
|turn|4
|
|t:|1662870358
|switch|p2a: Suicune|Suicune|100/100
|-ability|p2a: Suicune|Pressure
|move|p1a: Krookodile|Knock Off|p2a: Suicune
|-damage|p2a: Suicune|76/100
|-enditem|p2a: Suicune|Leftovers|[from] move: Knock Off|[of] p1a: Krookodile
|
|upkeep
|turn|5
|
|t:|1662870362
|switch|p1a: Heliolisk|Heliolisk, F|100/100
|move|p2a: Suicune|Ice Beam|p1a: Heliolisk
|-damage|p1a: Heliolisk|75/100
|
|upkeep
|turn|6
|
|t:|1662870367
|switch|p2a: Chansey|Chansey, F|82/100
|move|p1a: Heliolisk|Volt Switch|p2a: Chansey
|-damage|p2a: Chansey|68/100
|
|t:|1662870376
|switch|p1a: Zygarde|Zygarde-10%|100/100|[from]move: Volt Switch
|-ability|p1a: Zygarde|Aura Break
|
|upkeep
|turn|7
|
|t:|1662870379
|switch|p2a: Suicune|Suicune|76/100
|-ability|p2a: Suicune|Pressure
|move|p1a: Zygarde|Dragon Dance|p1a: Zygarde
|-boost|p1a: Zygarde|atk|1
|-boost|p1a: Zygarde|spe|1
|
|upkeep
|turn|8
|
|t:|1662870383
|switch|p1a: Slowking|Slowking, F|100/100
|move|p2a: Suicune|Ice Beam|p1a: Slowking
|-resisted|p1a: Slowking
|-damage|p1a: Slowking|95/100
|
|-heal|p1a: Slowking|100/100|[from] item: Leftovers
|upkeep
|turn|9
|
|t:|1662870390
|move|p2a: Suicune|Calm Mind|p2a: Suicune
|-boost|p2a: Suicune|spa|1
|-boost|p2a: Suicune|spd|1
|move|p1a: Slowking|Teleport|p1a: Slowking
|
|t:|1662870393
|switch|p1a: Heliolisk|Heliolisk, F|75/100|[from]move: Teleport
|
|upkeep
|turn|10
|
|t:|1662870397
|move|p1a: Heliolisk|Thunderbolt|p2a: Suicune
|-supereffective|p2a: Suicune
|-damage|p2a: Suicune|12/100
|move|p2a: Suicune|Ice Beam|p1a: Heliolisk
|-damage|p1a: Heliolisk|35/100
|
|upkeep
|turn|11
|
|t:|1662870400
|switch|p2a: Corsola|Corsola-Galar, F|100/100
|move|p1a: Heliolisk|Thunderbolt|p2a: Corsola
|-damage|p2a: Corsola|70/100
|
|upkeep
|turn|12
|
|t:|1662870409
|switch|p1a: Slowking|Slowking, F|100/100
|move|p2a: Corsola|Stealth Rock|p1a: Slowking
|-sidestart|p1: detonating|move: Stealth Rock
|
|upkeep
|turn|13
|
|t:|1662870416
|move|p2a: Corsola|Will-O-Wisp|p1a: Slowking
|-status|p1a: Slowking|brn
|move|p1a: Slowking|Future Sight|p2a: Corsola
|-start|p1a: Slowking|move: Future Sight
|
|-damage|p1a: Slowking|94/100 brn|[from] brn
|upkeep
|turn|14
|
|t:|1662870421
|switch|p2a: Suicune|Suicune|12/100
|-ability|p2a: Suicune|Pressure
|move|p1a: Slowking|Teleport|p1a: Slowking
|
|t:|1662870438
|switch|p1a: Krookodile|Krookodile, F|100/100|[from]move: Teleport
|-damage|p1a: Krookodile|94/100|[from] Stealth Rock
|-ability|p1a: Krookodile|Intimidate|boost
|-unboost|p2a: Suicune|atk|1
|
|upkeep
|turn|15
|
|t:|1662870448
|move|p1a: Krookodile|Knock Off|p2a: Suicune
|-damage|p2a: Suicune|0 fnt
|faint|p2a: Suicune
|
|-hint|Future Sight did not hit because the target is fainted.
|upkeep
|
|t:|1662870462
|switch|p2a: Hydreigon|Hydreigon, M|100/100
|turn|16
|
|t:|1662870466
|switch|p1a: Slowking|Slowking, F|100/100 brn
|-damage|p1a: Slowking|88/100 brn|[from] Stealth Rock
|move|p2a: Hydreigon|Dark Pulse|p1a: Slowking
|-supereffective|p1a: Slowking
|-damage|p1a: Slowking|16/100 brn
|
|-heal|p1a: Slowking|22/100 brn|[from] item: Leftovers
|-damage|p1a: Slowking|16/100 brn|[from] brn
|upkeep
|turn|17
|
|t:|1662870469
|switch|p1a: Krookodile|Krookodile, F|94/100
|-damage|p1a: Krookodile|88/100|[from] Stealth Rock
|-ability|p1a: Krookodile|Intimidate|boost
|-unboost|p2a: Hydreigon|atk|1
|move|p2a: Hydreigon|Dark Pulse|p1a: Krookodile
|-resisted|p1a: Krookodile
|-damage|p1a: Krookodile|47/100
|
|upkeep
|turn|18
|
|t:|1662870480
|switch|p2a: Salamence|Salamence, M|100/100
|-ability|p2a: Salamence|Intimidate|boost
|-unboost|p1a: Krookodile|atk|1
|move|p1a: Krookodile|Knock Off|p2a: Salamence
|-damage|p2a: Salamence|80/100
|-enditem|p2a: Salamence|Heavy-Duty Boots|[from] move: Knock Off|[of] p1a: Krookodile
|
|upkeep
|turn|19
|
|t:|1662870490
|switch|p1a: Salamence|Salamence, M|100/100
|-ability|p1a: Salamence|Intimidate|boost
|-unboost|p2a: Salamence|atk|1
|switch|p2a: Corsola|Corsola-Galar, F|70/100
|
|upkeep
|turn|20
|
|t:|1662870494
|move|p1a: Salamence|Defog|p2a: Corsola
|-unboost|p2a: Corsola|evasion|1
|-sideend|p1: detonating|Stealth Rock|[from] move: Defog|[of] p1a: Salamence
|move|p2a: Corsola|Strength Sap|p1a: Salamence
|-unboost|p1a: Salamence|atk|1
|-heal|p2a: Corsola|100/100
|
|upkeep
|turn|21
|
|t:|1662870498
|switch|p1a: Chandelure|Chandelure, M|100/100
|move|p2a: Corsola|Will-O-Wisp|p1a: Chandelure
|-start|p1a: Chandelure|ability: Flash Fire
|
|upkeep
|turn|22
|
|t:|1662870506
|switch|p2a: Chansey|Chansey, F|68/100
|move|p1a: Chandelure|Flamethrower|p2a: Chansey
|-damage|p2a: Chansey|28/100
|
|upkeep
|turn|23
|
|t:|1662870508
|move|p1a: Chandelure|Flamethrower|p2a: Chansey
|-damage|p2a: Chansey|0 fnt
|faint|p2a: Chansey
|
|upkeep
|
|t:|1662870515
|switch|p2a: Hydreigon|Hydreigon, M|100/100
|turn|24
|inactive|detonating has 120 seconds left.
|
|t:|1662870550
|-end|p1a: Chandelure|ability: Flash Fire|[silent]
|switch|p1a: Slowking|Slowking, F|49/100 brn
|move|p2a: Hydreigon|Draco Meteor|p1a: Slowking
|-damage|p1a: Slowking|0 fnt
|-unboost|p2a: Hydreigon|spa|2
|faint|p1a: Slowking
|
|upkeep
|inactive|detonating has 120 seconds left.
|
|t:|1662870584
|switch|p1a: Krookodile|Krookodile, F|47/100
|-ability|p1a: Krookodile|Intimidate|boost
|-unboost|p2a: Hydreigon|atk|1
|turn|25
|j| LiarFairy≧◡≦
|
|t:|1662870589
|switch|p2a: Salamence|Salamence, M|80/100
|-ability|p2a: Salamence|Intimidate|boost
|-unboost|p1a: Krookodile|atk|1
|move|p1a: Krookodile|Stealth Rock|p2a: Salamence
|-sidestart|p2: GryphonEX|move: Stealth Rock
|
|upkeep
|turn|26
|
|t:|1662870609
|switch|p1a: Salamence|Salamence, M|100/100
|-ability|p1a: Salamence|Intimidate|boost
|-unboost|p2a: Salamence|atk|1
|move|p2a: Salamence|Defog|p1a: Salamence
|-unboost|p1a: Salamence|evasion|1
|-sideend|p2: GryphonEX|Stealth Rock|[from] move: Defog|[of] p2a: Salamence
|
|upkeep
|turn|27
|
|t:|1662870612
|switch|p2a: Corsola|Corsola-Galar, F|100/100
|move|p1a: Salamence|Dragon Tail|p2a: Corsola
|-damage|p2a: Corsola|83/100
|drag|p2a: Zarude|Zarude|100/100
|
|upkeep
|turn|28
|
|t:|1662870621
|move|p2a: Zarude|Darkest Lariat|p1a: Salamence
|-damage|p1a: Salamence|55/100
|move|p1a: Salamence|Hurricane|p2a: Zarude
|-supereffective|p2a: Zarude
|-damage|p2a: Zarude|21/100
|
|upkeep
|turn|29
|inactive|detonating has 120 seconds left.
|
|t:|1662870630
|switch|p2a: Corsola|Corsola-Galar, F|83/100
|move|p1a: Salamence|Roost|p1a: Salamence
|-heal|p1a: Salamence|100/100
|-singleturn|p1a: Salamence|move: Roost
|
|upkeep
|turn|30
|
|t:|1662870633
|switch|p1a: Chandelure|Chandelure, M|100/100
|move|p2a: Corsola|Will-O-Wisp|p1a: Chandelure
|-start|p1a: Chandelure|ability: Flash Fire
|
|upkeep
|turn|31
|
|t:|1662870637
|move|p1a: Chandelure|Overheat|p2a: Corsola
|-damage|p2a: Corsola|0 fnt
|-unboost|p1a: Chandelure|spa|2
|faint|p2a: Corsola
|
|upkeep
|
|t:|1662870645
|switch|p2a: Hydreigon|Hydreigon, M|100/100
|turn|32
|inactive|detonating has 120 seconds left.
|
|t:|1662870681
|-end|p1a: Chandelure|ability: Flash Fire|[silent]
|switch|p1a: Krookodile|Krookodile, F|47/100
|-ability|p1a: Krookodile|Intimidate|boost
|-unboost|p2a: Hydreigon|atk|1
|move|p2a: Hydreigon|Dark Pulse|p1a: Krookodile
|-resisted|p1a: Krookodile
|-damage|p1a: Krookodile|8/100
|
|upkeep
|turn|33
|inactive|detonating has 120 seconds left.
|
|t:|1662870702
|move|p1a: Krookodile|Stealth Rock|p2a: Hydreigon
|-sidestart|p2: GryphonEX|move: Stealth Rock
|move|p2a: Hydreigon|Dark Pulse|p1a: Krookodile
|-resisted|p1a: Krookodile
|-damage|p1a: Krookodile|0 fnt
|faint|p1a: Krookodile
|
|upkeep
|
|t:|1662870708
|switch|p1a: Zygarde|Zygarde-10%|100/100
|-ability|p1a: Zygarde|Aura Break
|turn|34
|
|t:|1662870713
|move|p1a: Zygarde|Thousand Arrows|p2a: Hydreigon
|-damage|p2a: Hydreigon|41/100
|-start|p2a: Hydreigon|Smack Down
|-damage|p1a: Zygarde|91/100|[from] item: Life Orb
|move|p2a: Hydreigon|Dark Pulse|p1a: Zygarde
|-damage|p1a: Zygarde|0 fnt
|faint|p1a: Zygarde
|
|upkeep
|
|t:|1662870716
|switch|p1a: Heliolisk|Heliolisk, F|35/100
|turn|35
|
|t:|1662870727
|move|p1a: Heliolisk|Hyper Voice|p2a: Hydreigon
|-damage|p2a: Hydreigon|0 fnt
|faint|p2a: Hydreigon
|
|upkeep
|
|t:|1662870729
|switch|p2a: Salamence|Salamence, M|80/100
|-damage|p2a: Salamence|55/100|[from] Stealth Rock
|-ability|p2a: Salamence|Intimidate|boost
|-unboost|p1a: Heliolisk|atk|1
|turn|36
|
|t:|1662870731
|move|p1a: Heliolisk|Hyper Voice|p2a: Salamence
|-damage|p2a: Salamence|0 fnt
|faint|p2a: Salamence
|
|upkeep
|
|t:|1662870733
|switch|p2a: Zarude|Zarude|21/100
|-damage|p2a: Zarude|9/100|[from] Stealth Rock
|turn|37
|
|t:|1662870734
|move|p1a: Heliolisk|Hyper Voice|p2a: Zarude
|-damage|p2a: Zarude|0 fnt
|faint|p2a: Zarude
|
|win|detonating
|raw|detonating's rating: 1459 &rarr; <strong>1481</strong><br />(+22 for winning)
|raw|GryphonEX's rating: 1493 &rarr; <strong>1471</strong><br />(-22 for losing)
|l|☆GryphonEX
||Ladder isn't responding, score probably updated but might not have (Request timeout).
