|j|☆roubiignole
|j|☆Corporate Donkey
|t:|1659805129
|gametype|singles
|player|p1|roubiignole|1|1457
|player|p2|Corporate Donkey|ingo|1359
|teamsize|p1|6
|teamsize|p2|6
|gen|8
|tier|[Gen 8] UU
|rated|
|rule|Sleep Clause Mod: Limit one foe put to sleep
|rule|Species Clause: Limit one of each Pokémon
|rule|OHKO Clause: OHKO moves are banned
|rule|Evasion Items Clause: Evasion items are banned
|rule|Evasion Moves Clause: Evasion moves are banned
|rule|Endless Battle Clause: Forcing endless battles is banned
|rule|HP Percentage Mod: HP is shown in percentages
|rule|Dynamax Clause: You cannot dynamax
|clearpoke
|poke|p1|Torkoal, M|
|poke|p1|Hatterene, F|
|poke|p1|Darmanitan, F|
|poke|p1|Venusaur, F|
|poke|p1|Swampert, F|
|poke|p1|Celesteela|
|poke|p2|Cobalion|
|poke|p2|Salamence, M|
|poke|p2|Diggersby, M|
|poke|p2|Necrozma|
|poke|p2|Primarina, F|
|poke|p2|Amoonguss, M|
|teampreview
|
|t:|1659805156
|start
|switch|p1a: Torkoal|Torkoal, M, shiny|100/100
|switch|p2a: Rodrigo|Salamence, M|100/100
|-ability|p2a: Rodrigo|Intimidate|boost
|-unboost|p1a: Torkoal|atk|1
|-weather|SunnyDay|[from] ability: Drought|[of] p1a: Torkoal
|turn|1
|
|t:|1659805166
|switch|p2a: Necrozma|Necrozma|100/100
|move|p1a: Torkoal|Lava Plume|p2a: Necrozma
|-crit|p2a: Necrozma
|-damage|p2a: Necrozma|47/100
|
|-weather|SunnyDay|[upkeep]
|upkeep
|turn|2
|
|t:|1659805175
|move|p2a: Necrozma|Moonlight|p2a: Necrozma
|-heal|p2a: Necrozma|100/100
|move|p1a: Torkoal|Lava Plume|p2a: Necrozma
|-damage|p2a: Necrozma|67/100
|
|-weather|SunnyDay|[upkeep]
|upkeep
|turn|3
|
|t:|1659805183
|move|p2a: Necrozma|Calm Mind|p2a: Necrozma
|-boost|p2a: Necrozma|spa|1
|-boost|p2a: Necrozma|spd|1
|move|p1a: Torkoal|Lava Plume|p2a: Necrozma
|-damage|p2a: Necrozma|45/100
|
|-weather|SunnyDay|[upkeep]
|upkeep
|turn|4
|
|t:|1659805191
|switch|p1a: Darmanitan|Darmanitan, F, shiny|100/100
|move|p2a: Necrozma|Moonlight|p2a: Necrozma
|-heal|p2a: Necrozma|100/100
|
|-weather|SunnyDay|[upkeep]
|upkeep
|turn|5
|
|t:|1659805199
|move|p1a: Darmanitan|Flare Blitz|p2a: Necrozma
|-damage|p2a: Necrozma|13/100
|-damage|p1a: Darmanitan|68/100|[from] Recoil
|move|p2a: Necrozma|Photon Geyser|p1a: Darmanitan
|-damage|p1a: Darmanitan|0 fnt
|faint|p1a: Darmanitan
|
|-weather|SunnyDay|[upkeep]
|upkeep
|
|t:|1659805214
|switch|p1a: Venusaur|Venusaur, F, shiny|100/100
|turn|6
|
|t:|1659805221
|switch|p2a: Rodrigo|Salamence, M|100/100
|-ability|p2a: Rodrigo|Intimidate|boost
|-unboost|p1a: Venusaur|atk|1
|move|p1a: Venusaur|Weather Ball|p2a: Rodrigo
|-resisted|p2a: Rodrigo
|-damage|p2a: Rodrigo|70/100
|-damage|p1a: Venusaur|91/100|[from] item: Life Orb
|
|-weather|SunnyDay|[upkeep]
|upkeep
|turn|7
|
|t:|1659805232
|move|p1a: Venusaur|Sludge Bomb|p2a: Rodrigo
|-damage|p2a: Rodrigo|17/100
|-damage|p1a: Venusaur|81/100|[from] item: Life Orb
|move|p2a: Rodrigo|Dual Wingbeat|p1a: Venusaur
|-supereffective|p1a: Venusaur
|-damage|p1a: Venusaur|32/100
|-supereffective|p1a: Venusaur
|-damage|p1a: Venusaur|0 fnt
|faint|p1a: Venusaur
|-hitcount|p1: Venusaur|2
|
|-weather|SunnyDay|[upkeep]
|upkeep
|
|t:|1659805248
|switch|p1a: Celesteela|Celesteela, shiny|100/100
|turn|8
|
|t:|1659805254
|move|p2a: Rodrigo|Flamethrower|p1a: Celesteela
|-supereffective|p1a: Celesteela
|-damage|p1a: Celesteela|58/100
|move|p1a: Celesteela|Heavy Slam|p2a: Rodrigo
|-damage|p2a: Rodrigo|0 fnt
|faint|p2a: Rodrigo
|-ability|p1a: Celesteela|Beast Boost|boost
|-boost|p1a: Celesteela|def|1
|
|-weather|none
|-heal|p1a: Celesteela|64/100|[from] item: Leftovers
|upkeep
|
|t:|1659805268
|switch|p2a: Necrozma|Necrozma|13/100
|turn|9
|
|t:|1659805274
|move|p2a: Necrozma|Moonlight|p2a: Necrozma
|-heal|p2a: Necrozma|63/100
|move|p1a: Celesteela|Flamethrower|p2a: Necrozma
|-damage|p2a: Necrozma|42/100
|
|-heal|p1a: Celesteela|70/100|[from] item: Leftovers
|upkeep
|turn|10
|
|t:|1659805283
|move|p2a: Necrozma|Moonlight|p2a: Necrozma
|-heal|p2a: Necrozma|92/100
|move|p1a: Celesteela|Leech Seed|p2a: Necrozma
|-start|p2a: Necrozma|move: Leech Seed
|
|-heal|p1a: Celesteela|76/100|[from] item: Leftovers
|-damage|p2a: Necrozma|80/100|[from] Leech Seed|[of] p1a: Celesteela
|-heal|p1a: Celesteela|89/100|[silent]
|upkeep
|turn|11
|
|t:|1659805292
|switch|p2a: Amoonguss|Amoonguss, M|100/100
|move|p1a: Celesteela|Heavy Slam|p2a: Amoonguss
|-damage|p2a: Amoonguss|69/100
|
|-heal|p1a: Celesteela|95/100|[from] item: Leftovers
|-heal|p2a: Amoonguss|75/100|[from] item: Black Sludge
|upkeep
|turn|12
|
|t:|1659805304
|move|p1a: Celesteela|Flamethrower|p2a: Amoonguss
|-supereffective|p2a: Amoonguss
|-damage|p2a: Amoonguss|38/100
|move|p2a: Amoonguss|Spore|p1a: Celesteela
|-status|p1a: Celesteela|slp|[from] move: Spore
|
|-heal|p1a: Celesteela|100/100 slp|[from] item: Leftovers
|-heal|p2a: Amoonguss|45/100|[from] item: Black Sludge
|upkeep
|turn|13
|
|t:|1659805314
|switch|p2a: Necrozma|Necrozma|80/100
|cant|p1a: Celesteela|slp
|
|upkeep
|turn|14
|
|t:|1659805323
|move|p2a: Necrozma|Calm Mind|p2a: Necrozma
|-boost|p2a: Necrozma|spa|1
|-boost|p2a: Necrozma|spd|1
|-curestatus|p1a: Celesteela|slp|[msg]
|move|p1a: Celesteela|Leech Seed|p2a: Necrozma
|-start|p2a: Necrozma|move: Leech Seed
|
|-damage|p2a: Necrozma|67/100|[from] Leech Seed|[of] p1a: Celesteela
|upkeep
|turn|15
|
|t:|1659805332
|move|p2a: Necrozma|Calm Mind|p2a: Necrozma
|-boost|p2a: Necrozma|spa|1
|-boost|p2a: Necrozma|spd|1
|move|p1a: Celesteela|Heavy Slam|p2a: Necrozma
|-damage|p2a: Necrozma|43/100
|
|-damage|p2a: Necrozma|31/100|[from] Leech Seed|[of] p1a: Celesteela
|upkeep
|turn|16
|
|t:|1659805340
|move|p2a: Necrozma|Moonlight|p2a: Necrozma
|-heal|p2a: Necrozma|81/100
|move|p1a: Celesteela|Heavy Slam|p2a: Necrozma
|-damage|p2a: Necrozma|57/100
|
|-damage|p2a: Necrozma|45/100|[from] Leech Seed|[of] p1a: Celesteela
|upkeep
|turn|17
|inactive|Battle timer is ON: inactive players will automatically lose when time's up. (requested by roubiignole)
|
|t:|1659805413
|move|p2a: Necrozma|Moonlight|p2a: Necrozma
|-heal|p2a: Necrozma|95/100
|move|p1a: Celesteela|Heavy Slam|p2a: Necrozma
|-damage|p2a: Necrozma|68/100
|
|-damage|p2a: Necrozma|56/100|[from] Leech Seed|[of] p1a: Celesteela
|upkeep
|turn|18
|
|t:|1659805422
|move|p2a: Necrozma|Heat Wave|p1a: Celesteela
|-supereffective|p1a: Celesteela
|-damage|p1a: Celesteela|16/100
|-status|p1a: Celesteela|brn
|move|p1a: Celesteela|Heavy Slam|p2a: Necrozma
|-damage|p2a: Necrozma|44/100
|
|-heal|p1a: Celesteela|22/100 brn|[from] item: Leftovers
|-damage|p2a: Necrozma|32/100|[from] Leech Seed|[of] p1a: Celesteela
|-heal|p1a: Celesteela|34/100 brn|[silent]
|-damage|p1a: Celesteela|28/100 brn|[from] brn
|upkeep
|turn|19
|
|t:|1659805443
|move|p2a: Necrozma|Moonlight|p2a: Necrozma
|-heal|p2a: Necrozma|82/100
|move|p1a: Celesteela|Heavy Slam|p2a: Necrozma
|-damage|p2a: Necrozma|69/100
|
|-heal|p1a: Celesteela|34/100 brn|[from] item: Leftovers
|-damage|p2a: Necrozma|57/100|[from] Leech Seed|[of] p1a: Celesteela
|-heal|p1a: Celesteela|47/100 brn|[silent]
|-damage|p1a: Celesteela|41/100 brn|[from] brn
|upkeep
|turn|20
|
|t:|1659805454
|move|p1a: Celesteela|Protect|p1a: Celesteela
|-singleturn|p1a: Celesteela|Protect
|move|p2a: Necrozma|Heat Wave|p1a: Celesteela
|-activate|p1a: Celesteela|move: Protect
|
|-heal|p1a: Celesteela|47/100 brn|[from] item: Leftovers
|-damage|p2a: Necrozma|44/100|[from] Leech Seed|[of] p1a: Celesteela
|-heal|p1a: Celesteela|59/100 brn|[silent]
|-damage|p1a: Celesteela|53/100 brn|[from] brn
|upkeep
|turn|21
|j| Lawdav
|l| Lawdav
|
|t:|1659805465
|move|p2a: Necrozma|Heat Wave|p1a: Celesteela
|-supereffective|p1a: Celesteela
|-damage|p1a: Celesteela|0 fnt
|faint|p1a: Celesteela
|
|upkeep
|
|t:|1659805470
|switch|p1a: Swampert|Swampert, F|100/100
|turn|22
|
|t:|1659805474
|move|p2a: Necrozma|Moonlight|p2a: Necrozma
|-heal|p2a: Necrozma|94/100
|move|p1a: Swampert|Earthquake|p2a: Necrozma
|-damage|p2a: Necrozma|65/100
|
|-damage|p2a: Necrozma|53/100|[from] Leech Seed|[of] p1a: Swampert
|upkeep
|turn|23
|
|t:|1659805483
|move|p2a: Necrozma|Photon Geyser|p1a: Swampert
|-damage|p1a: Swampert|34/100
|move|p1a: Swampert|Earthquake|p2a: Necrozma
|-damage|p2a: Necrozma|25/100
|
|-heal|p1a: Swampert|41/100|[from] item: Leftovers
|-damage|p2a: Necrozma|13/100|[from] Leech Seed|[of] p1a: Swampert
|-heal|p1a: Swampert|53/100|[silent]
|upkeep
|turn|24
|
|t:|1659805502
|move|p2a: Necrozma|Photon Geyser|p1a: Swampert
|-damage|p1a: Swampert|0 fnt
|faint|p1a: Swampert
|
|upkeep
|
|t:|1659805509
|switch|p1a: Torkoal|Torkoal, M, shiny|100/100
|-weather|SunnyDay|[from] ability: Drought|[of] p1a: Torkoal
|turn|25
|
|t:|1659805514
|move|p2a: Necrozma|Photon Geyser|p1a: Torkoal
|-crit|p1a: Torkoal
|-damage|p1a: Torkoal|0 fnt
|faint|p1a: Torkoal
|
|-weather|SunnyDay|[upkeep]
|upkeep
|
|t:|1659805522
|switch|p1a: Hatterene|Hatterene, F, shiny|100/100
|turn|26
|
|t:|1659805526
|move|p2a: Necrozma|Heat Wave|p1a: Hatterene
|-damage|p1a: Hatterene|0 fnt
|faint|p1a: Hatterene
|
|win|Corporate Donkey
|raw|roubiignole's rating: 1457 &rarr; <strong>1432</strong><br />(-25 for losing)
|raw|Corporate Donkey's rating: 1359 &rarr; <strong>1384</strong><br />(+25 for winning)
|l|☆roubiignole
|c|☆Corporate Donkey|gg
||Ladder isn't responding, score probably updated but might not have (Request timeout).
