|j|☆PurplePete15
|j|☆Savannah Vibes
|t:|1645131788
|gametype|singles
|player|p1|PurplePete15|cilan|1503
|player|p2|Savannah Vibes|phoebe-gen3|1614
|teamsize|p1|6
|teamsize|p2|6
|gen|8
|tier|[Gen 8] UU
|rated|
|rule|Sleep Clause Mod: Limit one foe put to sleep
|rule|Species Clause: Limit one of each Pokémon
|rule|OHKO Clause: OHKO moves are banned
|rule|Evasion Moves Clause: Evasion moves are banned
|rule|Endless Battle Clause: Forcing endless battles is banned
|rule|HP Percentage Mod: HP is shown in percentages
|rule|Dynamax Clause: You cannot dynamax
|clearpoke
|poke|p1|Keldeo-Resolute|
|poke|p1|Thundurus-Therian, M|
|poke|p1|Tangrowth, M|
|poke|p1|Excadrill, F|
|poke|p1|Celesteela|
|poke|p1|Hydreigon, M|
|poke|p2|Azelf|
|poke|p2|Scolipede, F|
|poke|p2|Krookodile, M|
|poke|p2|Aegislash, M|
|poke|p2|Nihilego|
|poke|p2|Celesteela|
|teampreview
|inactive|Battle timer is ON: inactive players will automatically lose when time's up. (requested by PurplePete15)
|
|t:|1645131831
|start
|switch|p1a: Celesteela|Celesteela|100/100
|switch|p2a: Charging the Void|Scolipede, F|100/100
|turn|1
|
|t:|1645131838
|move|p2a: Charging the Void|Spikes|p1a: Celesteela
|-sidestart|p1: PurplePete15|Spikes
|move|p1a: Celesteela|Flamethrower|p2a: Charging the Void
|-supereffective|p2a: Charging the Void
|-damage|p2a: Charging the Void|19/100
|
|-ability|p2a: Charging the Void|Speed Boost|boost
|-boost|p2a: Charging the Void|spe|1
|upkeep
|turn|2
|
|t:|1645131842
|move|p2a: Charging the Void|Endeavor|p1a: Celesteela
|-damage|p1a: Celesteela|13/100
|move|p1a: Celesteela|Flamethrower|p2a: Charging the Void
|-supereffective|p2a: Charging the Void
|-damage|p2a: Charging the Void|0 fnt
|faint|p2a: Charging the Void
|-ability|p1a: Celesteela|Beast Boost|boost
|-boost|p1a: Celesteela|spd|1
|
|-heal|p1a: Celesteela|19/100|[from] item: Leftovers
|upkeep
|
|t:|1645131847
|switch|p2a: Collapse|Krookodile, M|100/100
|-ability|p2a: Collapse|Intimidate|boost
|-unboost|p1a: Celesteela|atk|1
|turn|3
|
|t:|1645131849
|move|p2a: Collapse|Knock Off|p1a: Celesteela
|-damage|p1a: Celesteela|0 fnt
|-enditem|p1a: Celesteela|Leftovers|[from] move: Knock Off|[of] p2a: Collapse
|faint|p1a: Celesteela
|
|upkeep
|
|t:|1645131855
|switch|p1a: Keldeo|Keldeo-Resolute|100/100
|-damage|p1a: Keldeo|88/100|[from] Spikes
|turn|4
|
|t:|1645131865
|switch|p2a: Pteropticon|Azelf|100/100
|move|p1a: Keldeo|Scald|p2a: Pteropticon
|-damage|p2a: Pteropticon|30/100
|
|-heal|p1a: Keldeo|94/100|[from] item: Leftovers
|upkeep
|turn|5
|
|t:|1645131878
|switch|p1a: Excadrill|Excadrill, F|100/100
|-damage|p1a: Excadrill|88/100|[from] Spikes
|-ability|p1a: Excadrill|Mold Breaker
|move|p2a: Pteropticon|Dazzling Gleam|p1a: Excadrill
|-resisted|p1a: Excadrill
|-damage|p1a: Excadrill|76/100
|
|-heal|p1a: Excadrill|82/100|[from] item: Leftovers
|upkeep
|turn|6
|
|t:|1645131884
|switch|p1a: Hydreigon|Hydreigon, M|100/100
|move|p2a: Pteropticon|Fire Blast|p1a: Hydreigon|[miss]
|-miss|p2a: Pteropticon|p1a: Hydreigon
|
|upkeep
|turn|7
|
|t:|1645131890
|move|p1a: Hydreigon|U-turn|p2a: Pteropticon
|-supereffective|p2a: Pteropticon
|-damage|p2a: Pteropticon|0 fnt
|faint|p2a: Pteropticon
|
|t:|1645131896
|switch|p1a: Thundurus|Thundurus-Therian, M|100/100|[from]move: U-turn
|
|upkeep
|
|t:|1645131901
|switch|p2a: Psychotropia|Nihilego|100/100
|turn|8
|
|t:|1645131910
|switch|p2a: Cygnus Terminal|Celesteela|100/100
|switch|p1a: Excadrill|Excadrill, F|82/100
|-damage|p1a: Excadrill|69/100|[from] Spikes
|-ability|p1a: Excadrill|Mold Breaker
|
|-heal|p1a: Excadrill|75/100|[from] item: Leftovers
|upkeep
|turn|9
|
|t:|1645131919
|move|p1a: Excadrill|Rapid Spin|p2a: Cygnus Terminal
|-resisted|p2a: Cygnus Terminal
|-damage|p2a: Cygnus Terminal|93/100
|-boost|p1a: Excadrill|spe|1
|-sideend|p1: PurplePete15|Spikes|[from] move: Rapid Spin|[of] p1a: Excadrill
|move|p2a: Cygnus Terminal|Autotomize|p2a: Cygnus Terminal
|-boost|p2a: Cygnus Terminal|spe|2
|-start|p2a: Cygnus Terminal|Autotomize
|
|-heal|p1a: Excadrill|81/100|[from] item: Leftovers
|upkeep
|turn|10
|
|t:|1645131928
|move|p1a: Excadrill|Rock Tomb|p2a: Cygnus Terminal
|-damage|p2a: Cygnus Terminal|75/100
|-unboost|p2a: Cygnus Terminal|spe|1
|move|p2a: Cygnus Terminal|Flamethrower|p1a: Excadrill
|-supereffective|p1a: Excadrill
|-damage|p1a: Excadrill|26/100
|
|-heal|p1a: Excadrill|32/100|[from] item: Leftovers
|upkeep
|turn|11
|
|t:|1645131934
|move|p1a: Excadrill|Rock Tomb|p2a: Cygnus Terminal
|-damage|p2a: Cygnus Terminal|57/100
|-unboost|p2a: Cygnus Terminal|spe|1
|move|p2a: Cygnus Terminal|Autotomize|p2a: Cygnus Terminal
|-boost|p2a: Cygnus Terminal|spe|2
|-start|p2a: Cygnus Terminal|Autotomize
|
|-heal|p1a: Excadrill|38/100|[from] item: Leftovers
|upkeep
|turn|12
|
|t:|1645131938
|move|p1a: Excadrill|Rock Tomb|p2a: Cygnus Terminal
|-damage|p2a: Cygnus Terminal|39/100
|-unboost|p2a: Cygnus Terminal|spe|1
|move|p2a: Cygnus Terminal|Autotomize|p2a: Cygnus Terminal
|-boost|p2a: Cygnus Terminal|spe|2
|-start|p2a: Cygnus Terminal|Autotomize
|
|-heal|p1a: Excadrill|44/100|[from] item: Leftovers
|upkeep
|turn|13
|
|t:|1645131942
|move|p2a: Cygnus Terminal|Flamethrower|p1a: Excadrill
|-supereffective|p1a: Excadrill
|-damage|p1a: Excadrill|0 fnt
|faint|p1a: Excadrill
|-ability|p2a: Cygnus Terminal|Beast Boost|boost
|-boost|p2a: Cygnus Terminal|spa|1
|
|upkeep
|
|t:|1645131945
|switch|p1a: Hydreigon|Hydreigon, M|100/100
|turn|14
|
|t:|1645131948
|move|p2a: Cygnus Terminal|Meteor Beam||[still]
|-prepare|p2a: Cygnus Terminal|Meteor Beam
|-boost|p2a: Cygnus Terminal|spa|1
|-enditem|p2a: Cygnus Terminal|Power Herb
|-anim|p2a: Cygnus Terminal|Meteor Beam|p1a: Hydreigon
|-damage|p1a: Hydreigon|5/100
|move|p1a: Hydreigon|Dark Pulse|p2a: Cygnus Terminal
|-damage|p2a: Cygnus Terminal|1/100
|
|upkeep
|turn|15
|
|t:|1645131961
|move|p2a: Cygnus Terminal|Flamethrower|p1a: Hydreigon
|-resisted|p1a: Hydreigon
|-damage|p1a: Hydreigon|0 fnt
|faint|p1a: Hydreigon
|-ability|p2a: Cygnus Terminal|Beast Boost|boost
|-boost|p2a: Cygnus Terminal|spa|1
|
|upkeep
|
|t:|1645131964
|switch|p1a: Thundurus|Thundurus-Therian, M|100/100
|turn|16
|
|t:|1645131966
|move|p2a: Cygnus Terminal|Flamethrower|p1a: Thundurus
|-damage|p1a: Thundurus|0 fnt
|faint|p1a: Thundurus
|-ability|p2a: Cygnus Terminal|Beast Boost|boost
|-boost|p2a: Cygnus Terminal|spa|1
|
|upkeep
|
|t:|1645131970
|switch|p1a: Tangrowth|Tangrowth, M|100/100
|turn|17
|
|t:|1645131974
|move|p2a: Cygnus Terminal|Flamethrower|p1a: Tangrowth
|-supereffective|p1a: Tangrowth
|-damage|p1a: Tangrowth|0 fnt
|faint|p1a: Tangrowth
|-ability|p2a: Cygnus Terminal|Beast Boost|boost
|-boost|p2a: Cygnus Terminal|spa|1
|
|upkeep
|
|t:|1645131977
|switch|p1a: Keldeo|Keldeo-Resolute|94/100
|turn|18
|
|t:|1645131979
|move|p2a: Cygnus Terminal|Air Slash|p1a: Keldeo|[miss]
|-miss|p2a: Cygnus Terminal|p1a: Keldeo
|move|p1a: Keldeo|Scald|p2a: Cygnus Terminal
|-damage|p2a: Cygnus Terminal|0 fnt
|faint|p2a: Cygnus Terminal
|
|-heal|p1a: Keldeo|100/100|[from] item: Leftovers
|upkeep
|
|t:|1645131984
|switch|p2a: Psychotropia|Nihilego|100/100
|turn|19
|
|t:|1645131987
|move|p1a: Keldeo|Calm Mind|p1a: Keldeo
|-boost|p1a: Keldeo|spa|1
|-boost|p1a: Keldeo|spd|1
|move|p2a: Psychotropia|Sludge Bomb|p1a: Keldeo
|-damage|p1a: Keldeo|68/100
|
|-heal|p1a: Keldeo|74/100|[from] item: Leftovers
|upkeep
|turn|20
|
|t:|1645131993
|move|p1a: Keldeo|Calm Mind|p1a: Keldeo
|-boost|p1a: Keldeo|spa|1
|-boost|p1a: Keldeo|spd|1
|move|p2a: Psychotropia|Sludge Bomb|p1a: Keldeo
|-damage|p1a: Keldeo|47/100
|
|-heal|p1a: Keldeo|53/100|[from] item: Leftovers
|upkeep
|turn|21
|
|t:|1645131995
|move|p1a: Keldeo|Scald|p2a: Psychotropia
|-supereffective|p2a: Psychotropia
|-damage|p2a: Psychotropia|0 fnt
|faint|p2a: Psychotropia
|
|-heal|p1a: Keldeo|59/100|[from] item: Leftovers
|upkeep
|
|t:|1645131997
|switch|p2a: Ultimate Artificer|Aegislash, M|100/100
|turn|22
|
|t:|1645131999
|move|p1a: Keldeo|Scald|p2a: Ultimate Artificer
|-damage|p2a: Ultimate Artificer|30/100
|-status|p2a: Ultimate Artificer|brn
|-formechange|p2a: Ultimate Artificer|Aegislash-Blade||[from] ability: Stance Change
|move|p2a: Ultimate Artificer|Close Combat|p1a: Keldeo
|-damage|p1a: Keldeo|32/100
|-unboost|p2a: Ultimate Artificer|def|1
|-unboost|p2a: Ultimate Artificer|spd|1
|
|-heal|p1a: Keldeo|38/100|[from] item: Leftovers
|-damage|p2a: Ultimate Artificer|24/100 brn|[from] brn
|upkeep
|turn|23
|c|☆Savannah Vibes|lol
|c|☆Savannah Vibes|oh well
|
|t:|1645132004
|move|p2a: Ultimate Artificer|Shadow Sneak|p1a: Keldeo
|-damage|p1a: Keldeo|26/100
|move|p1a: Keldeo|Scald|p2a: Ultimate Artificer
|-damage|p2a: Ultimate Artificer|0 fnt
|faint|p2a: Ultimate Artificer
|
|-heal|p1a: Keldeo|32/100|[from] item: Leftovers
|upkeep
|c|☆PurplePete15|lol
|
|t:|1645132006
|switch|p2a: Collapse|Krookodile, M|100/100
|-ability|p2a: Collapse|Intimidate|boost
|-unboost|p1a: Keldeo|atk|1
|turn|24
|c|☆PurplePete15|sorry bro
|c|☆Savannah Vibes|happens
|c|☆Savannah Vibes|probably should have fted
|
|t:|1645132015
|move|p1a: Keldeo|Scald|p2a: Collapse
|-supereffective|p2a: Collapse
|-damage|p2a: Collapse|0 fnt
|faint|p2a: Collapse
|
|win|PurplePete15
|raw|PurplePete15's rating: 1503 &rarr; <strong>1529</strong><br />(+26 for winning)
|raw|Savannah Vibes's rating: 1614 &rarr; <strong>1588</strong><br />(-26 for losing)
|l|☆Savannah Vibes
|c|☆PurplePete15|id say gg
