|j|☆Ethan get better
|j|☆DarkHorse344
|t:|1667491000
|gametype|singles
|player|p1|Ethan get better|170|1404
|player|p2|DarkHorse344|brendan-gen3rs|1350
|teamsize|p1|6
|teamsize|p2|6
|gen|8
|tier|[Gen 8] UU
|rated|
|rule|Sleep Clause Mod: Limit one foe put to sleep
|rule|Species Clause: Limit one of each Pokémon
|rule|OHKO Clause: OHKO moves are banned
|rule|Evasion Items Clause: Evasion items are banned
|rule|Evasion Moves Clause: Evasion moves are banned
|rule|Endless Battle Clause: Forcing endless battles is banned
|rule|HP Percentage Mod: HP is shown in percentages
|rule|Dynamax Clause: You cannot dynamax
|clearpoke
|poke|p1|Zarude|
|poke|p1|Primarina, M|
|poke|p1|Conkeldurr, F|
|poke|p1|Mandibuzz, F|
|poke|p1|Nidoking, M|
|poke|p1|Jirachi|
|poke|p2|Registeel|
|poke|p2|Zygarde-10%|
|poke|p2|Chansey, F|
|poke|p2|Amoonguss, M|
|poke|p2|Conkeldurr, M|
|poke|p2|Salamence, M|
|teampreview
|inactive|Battle timer is ON: inactive players will automatically lose when time's up. (requested by Ethan get better)
|inactive|Ethan get better has 120 seconds left.
|
|t:|1667491047
|start
|switch|p1a: Conkeldurr|Conkeldurr, F|100/100
|switch|p2a: Registeel|Registeel|100/100
|turn|1
|
|t:|1667491063
|switch|p2a: Salamence|Salamence, M|100/100
|-ability|p2a: Salamence|Intimidate|boost
|-unboost|p1a: Conkeldurr|atk|1
|move|p1a: Conkeldurr|Bulk Up|p1a: Conkeldurr
|-boost|p1a: Conkeldurr|atk|1
|-boost|p1a: Conkeldurr|def|1
|
|-status|p1a: Conkeldurr|brn|[from] item: Flame Orb
|upkeep
|turn|2
|
|t:|1667491073
|move|p2a: Salamence|Dual Wingbeat|p1a: Conkeldurr
|-supereffective|p1a: Conkeldurr
|-damage|p1a: Conkeldurr|81/100 brn
|-supereffective|p1a: Conkeldurr
|-damage|p1a: Conkeldurr|59/100 brn
|-hitcount|p1a: Conkeldurr|2
|move|p1a: Conkeldurr|Facade|p2a: Salamence
|-damage|p2a: Salamence|19/100
|
|-damage|p1a: Conkeldurr|53/100 brn|[from] brn
|upkeep
|turn|3
|
|t:|1667491086
|move|p2a: Salamence|Flamethrower|p1a: Conkeldurr
|-damage|p1a: Conkeldurr|30/100 brn
|move|p1a: Conkeldurr|Drain Punch|p2a: Salamence
|-resisted|p2a: Salamence
|-damage|p2a: Salamence|0 fnt
|-heal|p1a: Conkeldurr|39/100 brn|[from] drain|[of] p2a: Salamence
|faint|p2a: Salamence
|
|-damage|p1a: Conkeldurr|33/100 brn|[from] brn
|upkeep
|
|t:|1667491098
|switch|p2a: Amoonguss|Amoonguss, M|100/100
|turn|4
|
|t:|1667491105
|move|p1a: Conkeldurr|Drain Punch|p2a: Amoonguss
|-resisted|p2a: Amoonguss
|-damage|p2a: Amoonguss|76/100
|-heal|p1a: Conkeldurr|45/100 brn|[from] drain|[of] p2a: Amoonguss
|-damage|p1a: Conkeldurr|29/100 brn|[from] item: Rocky Helmet|[of] p2a: Amoonguss
|move|p2a: Amoonguss|Giga Drain|p1a: Conkeldurr
|-damage|p1a: Conkeldurr|3/100 brn
|-heal|p2a: Amoonguss|88/100|[from] drain|[of] p1a: Conkeldurr
|
|-damage|p1a: Conkeldurr|0 fnt|[from] brn
|faint|p1a: Conkeldurr
|upkeep
|
|t:|1667491124
|switch|p1a: Nidoking|Nidoking, M|100/100
|turn|5
|
|t:|1667491143
|switch|p1a: Jirachi|Jirachi|100/100
|switch|p2a: Chansey|Chansey, F|100/100
|
|upkeep
|turn|6
|
|t:|1667491149
|move|p1a: Jirachi|Stealth Rock|p2a: Chansey
|-sidestart|p2: DarkHorse344|move: Stealth Rock
|move|p2a: Chansey|Thunder Wave|p1a: Jirachi
|-status|p1a: Jirachi|par
|
|upkeep
|turn|7
|
|t:|1667491156
|move|p1a: Jirachi|U-turn|p2a: Chansey
|-damage|p2a: Chansey|91/100
|
|t:|1667491160
|switch|p1a: Zarude|Zarude|100/100|[from]move: U-turn
|move|p2a: Chansey|Teleport|p2a: Chansey
|
|t:|1667491172
|switch|p2a: Registeel|Registeel|100/100|[from]move: Teleport
|-damage|p2a: Registeel|94/100|[from] Stealth Rock
|
|-heal|p2a: Registeel|100/100|[from] item: Leftovers
|upkeep
|turn|8
|
|t:|1667491182
|move|p1a: Zarude|U-turn|p2a: Registeel
|-resisted|p2a: Registeel
|-damage|p2a: Registeel|95/100
|
|t:|1667491190
|switch|p1a: Nidoking|Nidoking, M|100/100|[from]move: U-turn
|move|p2a: Registeel|Amnesia|p2a: Registeel
|-boost|p2a: Registeel|spd|2
|
|-heal|p2a: Registeel|100/100|[from] item: Leftovers
|upkeep
|turn|9
|
|t:|1667491199
|move|p1a: Nidoking|Earth Power|p2a: Registeel
|-supereffective|p2a: Registeel
|-damage|p2a: Registeel|62/100
|move|p2a: Registeel|Amnesia|p2a: Registeel
|-boost|p2a: Registeel|spd|2
|
|-heal|p2a: Registeel|68/100|[from] item: Leftovers
|upkeep
|turn|10
|
|t:|1667491208
|move|p1a: Nidoking|Earth Power|p2a: Registeel
|-supereffective|p2a: Registeel
|-damage|p2a: Registeel|44/100
|move|p2a: Registeel|Amnesia|p2a: Registeel
|-boost|p2a: Registeel|spd|2
|
|-heal|p2a: Registeel|50/100|[from] item: Leftovers
|upkeep
|turn|11
|
|t:|1667491218
|move|p1a: Nidoking|Earth Power|p2a: Registeel
|-supereffective|p2a: Registeel
|-damage|p2a: Registeel|31/100
|move|p2a: Registeel|Iron Defense|p2a: Registeel
|-boost|p2a: Registeel|def|2
|
|-heal|p2a: Registeel|37/100|[from] item: Leftovers
|upkeep
|turn|12
|
|t:|1667491227
|move|p1a: Nidoking|Earth Power|p2a: Registeel
|-supereffective|p2a: Registeel
|-damage|p2a: Registeel|15/100
|move|p2a: Registeel|Rest|p2a: Registeel
|-status|p2a: Registeel|slp|[from] move: Rest
|-heal|p2a: Registeel|100/100 slp|[silent]
|
|upkeep
|turn|13
|
|t:|1667491235
|move|p1a: Nidoking|Earth Power|p2a: Registeel
|-supereffective|p2a: Registeel
|-damage|p2a: Registeel|80/100 slp
|cant|p2a: Registeel|slp
|
|-heal|p2a: Registeel|86/100 slp|[from] item: Leftovers
|upkeep
|turn|14
|
|t:|1667491243
|move|p1a: Nidoking|Earth Power|p2a: Registeel
|-supereffective|p2a: Registeel
|-damage|p2a: Registeel|65/100 slp
|cant|p2a: Registeel|slp
|
|-heal|p2a: Registeel|71/100 slp|[from] item: Leftovers
|upkeep
|turn|15
|
|t:|1667491251
|move|p1a: Nidoking|Earth Power|p2a: Registeel
|-supereffective|p2a: Registeel
|-damage|p2a: Registeel|52/100 slp
|-curestatus|p2a: Registeel|slp|[msg]
|move|p2a: Registeel|Iron Defense|p2a: Registeel
|-boost|p2a: Registeel|def|2
|
|-heal|p2a: Registeel|58/100|[from] item: Leftovers
|upkeep
|turn|16
|
|t:|1667491260
|move|p1a: Nidoking|Earth Power|p2a: Registeel
|-supereffective|p2a: Registeel
|-damage|p2a: Registeel|36/100
|move|p2a: Registeel|Body Press|p1a: Nidoking
|-resisted|p1a: Nidoking
|-damage|p1a: Nidoking|31/100
|
|-heal|p2a: Registeel|43/100|[from] item: Leftovers
|upkeep
|turn|17
|
|t:|1667491276
|move|p1a: Nidoking|Earth Power|p2a: Registeel
|-supereffective|p2a: Registeel
|-damage|p2a: Registeel|21/100
|move|p2a: Registeel|Body Press|p1a: Nidoking
|-resisted|p1a: Nidoking
|-damage|p1a: Nidoking|0 fnt
|faint|p1a: Nidoking
|
|-heal|p2a: Registeel|27/100|[from] item: Leftovers
|upkeep
|
|t:|1667491289
|switch|p1a: Zarude|Zarude|100/100
|turn|18
|
|t:|1667491293
|move|p1a: Zarude|Close Combat|p2a: Registeel
|-supereffective|p2a: Registeel
|-damage|p2a: Registeel|14/100
|-unboost|p1a: Zarude|def|1
|-unboost|p1a: Zarude|spd|1
|move|p2a: Registeel|Rest|p2a: Registeel
|-status|p2a: Registeel|slp|[from] move: Rest
|-heal|p2a: Registeel|100/100 slp|[silent]
|
|upkeep
|turn|19
|
|t:|1667491313
|switch|p1a: Primarina|Primarina, M|100/100
|cant|p2a: Registeel|slp
|
|upkeep
|turn|20
|
|t:|1667491322
|move|p1a: Primarina|Surf|p2a: Registeel
|-damage|p2a: Registeel|94/100 slp
|cant|p2a: Registeel|slp
|
|-heal|p2a: Registeel|100/100 slp|[from] item: Leftovers
|upkeep
|turn|21
|
|t:|1667491333
|move|p1a: Primarina|Surf|p2a: Registeel
|-damage|p2a: Registeel|94/100 slp
|-curestatus|p2a: Registeel|slp|[msg]
|move|p2a: Registeel|Body Press|p1a: Primarina
|-resisted|p1a: Primarina
|-damage|p1a: Primarina|46/100
|
|-heal|p1a: Primarina|52/100|[from] item: Leftovers
|-heal|p2a: Registeel|100/100|[from] item: Leftovers
|upkeep
|turn|22
|
|t:|1667491353
|switch|p1a: Jirachi|Jirachi|100/100 par
|move|p2a: Registeel|Body Press|p1a: Jirachi
|-damage|p1a: Jirachi|26/100 par
|
|-heal|p1a: Jirachi|32/100 par|[from] item: Leftovers
|upkeep
|turn|23
|-message|Ethan get better forfeited.
|
|win|DarkHorse344
|raw|Ethan get better's rating: 1404 &rarr; <strong>1381</strong><br />(-23 for losing)
|raw|DarkHorse344's rating: 1350 &rarr; <strong>1373</strong><br />(+23 for winning)
|l|☆Ethan get better
