|j|☆Bamarah
|j|‽PICHULESKY
|player|p1|Bamarah|eusine-gen2|1419
|player|p2|PICHULESKY|265|1259
|teamsize|p1|6
|teamsize|p2|6
|gametype|singles
|gen|8
|tier|[Gen 8] UU
|rated|
|clearpoke
|poke|p1|Noivern, M|
|poke|p1|Keldeo-Resolute|
|poke|p1|Darmanitan, M|
|poke|p1|Chandelure, M|
|poke|p1|Skarmory, M|
|poke|p1|Blissey, F|
|poke|p2|Keldeo|
|poke|p2|Pangoro, M|
|poke|p2|Rhyperior, M|
|poke|p2|Hatterene, F|
|poke|p2|Grimmsnarl, M|
|poke|p2|Noivern, F|
|rule|Sleep Clause Mod: Limit one foe put to sleep
|rule|Species Clause: Limit one of each Pokémon
|rule|OHKO Clause: OHKO moves are banned
|rule|Evasion Moves Clause: Evasion moves are banned
|rule|Endless Battle Clause: Forcing endless battles is banned
|rule|HP Percentage Mod: HP is shown in percentages
|rule|Dynamax Clause: You cannot dynamax
|teampreview
|inactive|Battle timer is ON: inactive players will automatically lose when time's up. (requested by Bamarah)
|
|start
|switch|p1a: Darmanitan|Darmanitan, M, shiny|100/100
|switch|p2a: Keldeo|Keldeo|100/100
|turn|1
|
|move|p1a: Darmanitan|U-turn|p2a: Keldeo
|-resisted|p2a: Keldeo
|-damage|p2a: Keldeo|87/100
|
|switch|p1a: Noivern|Noivern, M, shiny|100/100|[from]move: U-turn
|move|p2a: Keldeo|Hydro Pump|p1a: Noivern
|-resisted|p1a: Noivern
|-damage|p1a: Noivern|56/100
|
|upkeep
|turn|2
|
|switch|p2a: Rhyperior|Rhyperior, M|100/100
|move|p1a: Noivern|Hurricane|p2a: Rhyperior|[miss]
|-miss|p1a: Noivern|p2a: Rhyperior
|
|upkeep
|turn|3
|
|switch|p1a: Keldeo|Keldeo-Resolute|100/100
|move|p2a: Rhyperior|Stealth Rock|p1a: Keldeo
|-sidestart|p1: Bamarah|move: Stealth Rock
|
|upkeep
|turn|4
|
|switch|p2a: Noivern|Noivern, F|100/100
|move|p1a: Keldeo|Icy Wind|p2a: Noivern
|-supereffective|p2a: Noivern
|-crit|p2a: Noivern
|-damage|p2a: Noivern|0 fnt
|-damage|p1a: Keldeo|91/100|[from] item: Life Orb
|faint|p2a: Noivern
|
|upkeep
|
|switch|p2a: Hatterene|Hatterene, F|100/100
|turn|5
|
|switch|p1a: Chandelure|Chandelure, M, shiny|100/100
|-damage|p1a: Chandelure|76/100|[from] Stealth Rock
|switch|p2a: Pangoro|Pangoro, M|100/100
|
|upkeep
|turn|6
|
|move|p1a: Chandelure|Memento|p2a: Pangoro
|-unboost|p2a: Pangoro|atk|2
|-unboost|p2a: Pangoro|spa|2
|faint|p1a: Chandelure
|move|p2a: Pangoro|Close Combat|p1: Chandelure|[notarget]
|-fail|p2a: Pangoro
|
|upkeep
|
|switch|p1a: Noivern|Noivern, M, shiny|56/100
|-damage|p1a: Noivern|31/100|[from] Stealth Rock
|turn|7
|
|switch|p2a: Hatterene|Hatterene, F|100/100
|move|p1a: Noivern|Hurricane|p2a: Hatterene
|-crit|p2a: Hatterene
|-damage|p2a: Hatterene|2/100
|-damage|p1a: Noivern|21/100|[from] item: Life Orb
|
|-heal|p2a: Hatterene|8/100|[from] item: Leftovers
|upkeep
|turn|8
|
|switch|p2a: Rhyperior|Rhyperior, M|100/100
|move|p1a: Noivern|Flamethrower|p2a: Rhyperior
|-resisted|p2a: Rhyperior
|-damage|p2a: Rhyperior|85/100
|-damage|p1a: Noivern|11/100|[from] item: Life Orb
|
|-heal|p2a: Rhyperior|91/100|[from] item: Leftovers
|upkeep
|turn|9
|
|move|p1a: Noivern|Defog|p2a: Rhyperior
|-unboost|p2a: Rhyperior|evasion|1
|-sideend|p1: Bamarah|Stealth Rock|[from] move: Defog|[of] p1a: Noivern
|move|p2a: Rhyperior|Roar|p1a: Noivern
|drag|p1a: Keldeo|Keldeo-Resolute|91/100
|
|-heal|p2a: Rhyperior|97/100|[from] item: Leftovers
|upkeep
|turn|10
|
|switch|p2a: Keldeo|Keldeo|87/100
|move|p1a: Keldeo|Surf|p2a: Keldeo
|-resisted|p2a: Keldeo
|-damage|p2a: Keldeo|53/100
|-damage|p1a: Keldeo|81/100|[from] item: Life Orb
|
|upkeep
|turn|11
|
|move|p2a: Keldeo|Flip Turn|p1a: Keldeo
|-resisted|p1a: Keldeo
|-damage|p1a: Keldeo|73/100
|
|switch|p2a: Hatterene|Hatterene, F|8/100|[from]move: Flip Turn
|move|p1a: Keldeo|Secret Sword|p2a: Hatterene
|-resisted|p2a: Hatterene
|-damage|p2a: Hatterene|0 fnt
|-damage|p1a: Keldeo|63/100|[from] item: Life Orb
|faint|p2a: Hatterene
|
|upkeep
|
|switch|p2a: Grimmsnarl|Grimmsnarl, M|100/100
|turn|12
|
|move|p2a: Grimmsnarl|Light Screen|p2a: Grimmsnarl
|-sidestart|p2: PICHULESKY|move: Light Screen
|move|p1a: Keldeo|Surf|p2a: Grimmsnarl
|-damage|p2a: Grimmsnarl|63/100
|-damage|p1a: Keldeo|53/100|[from] item: Life Orb
|
|upkeep
|turn|13
|
|move|p1a: Keldeo|Surf|p2a: Grimmsnarl
|-damage|p2a: Grimmsnarl|23/100
|-damage|p1a: Keldeo|43/100|[from] item: Life Orb
|move|p2a: Grimmsnarl|Spirit Break|p1a: Keldeo
|-supereffective|p1a: Keldeo
|-damage|p1a: Keldeo|0 fnt
|faint|p1a: Keldeo
|
|upkeep
|
|switch|p1a: Darmanitan|Darmanitan, M, shiny|100/100
|turn|14
|
|move|p2a: Grimmsnarl|Reflect|p2a: Grimmsnarl
|-sidestart|p2: PICHULESKY|Reflect
|move|p1a: Darmanitan|Flare Blitz|p2a: Grimmsnarl
|-damage|p2a: Grimmsnarl|0 fnt
|-damage|p1a: Darmanitan|93/100|[from] Recoil
|faint|p2a: Grimmsnarl
|
|upkeep
|
|switch|p2a: Rhyperior|Rhyperior, M|97/100
|turn|15
|
|switch|p1a: Skarmory|Skarmory, M, shiny|100/100
|move|p2a: Rhyperior|Stealth Rock|p1a: Skarmory
|-sidestart|p1: Bamarah|move: Stealth Rock
|
|-heal|p2a: Rhyperior|100/100|[from] item: Leftovers
|upkeep
|turn|16
|
|switch|p2a: Keldeo|Keldeo|53/100
|move|p1a: Skarmory|Iron Defense|p1a: Skarmory
|-boost|p1a: Skarmory|def|2
|
|upkeep
|turn|17
|
|move|p2a: Keldeo|Hydro Pump|p1a: Skarmory
|-ability|p1a: Skarmory|Sturdy
|-damage|p1a: Skarmory|1/100
|move|p1a: Skarmory|Body Press|p2a: Keldeo
|-damage|p2a: Keldeo|14/100
|
|-heal|p1a: Skarmory|7/100|[from] item: Leftovers
|upkeep
|turn|18
|
|move|p2a: Keldeo|Hydro Pump|p1a: Skarmory
|-damage|p1a: Skarmory|0 fnt
|faint|p1a: Skarmory
|
|upkeep
|
|switch|p1a: Blissey|Blissey, F, shiny|100/100
|-damage|p1a: Blissey|88/100|[from] Stealth Rock
|turn|19
|
|switch|p2a: Pangoro|Pangoro, M|100/100
|move|p1a: Blissey|Seismic Toss|p2a: Pangoro
|-damage|p2a: Pangoro|70/100
|
|-heal|p1a: Blissey|94/100|[from] item: Leftovers
|-sideend|p2: PICHULESKY|move: Light Screen
|upkeep
|turn|20
|
|switch|p1a: Noivern|Noivern, M, shiny|11/100
|-damage|p1a: Noivern|0 fnt|[from] Stealth Rock
|faint|p1a: Noivern
|move|p2a: Pangoro|Close Combat|p1: Noivern|[notarget]
|-fail|p2a: Pangoro
|
|upkeep
|
|switch|p1a: Darmanitan|Darmanitan, M, shiny|93/100
|-damage|p1a: Darmanitan|68/100|[from] Stealth Rock
|turn|21
|
|switch|p2a: Keldeo|Keldeo|14/100
|move|p1a: Darmanitan|Flare Blitz|p2a: Keldeo
|-resisted|p2a: Keldeo
|-damage|p2a: Keldeo|0 fnt
|-damage|p1a: Darmanitan|64/100|[from] Recoil
|faint|p2a: Keldeo
|
|-sideend|p2: PICHULESKY|Reflect
|upkeep
|
|switch|p2a: Rhyperior|Rhyperior, M|100/100
|turn|22
|
|switch|p1a: Blissey|Blissey, F, shiny|94/100
|-damage|p1a: Blissey|82/100|[from] Stealth Rock
|switch|p2a: Pangoro|Pangoro, M|70/100
|
|-heal|p1a: Blissey|88/100|[from] item: Leftovers
|upkeep
|turn|23
|
|move|p2a: Pangoro|Close Combat|p1a: Blissey
|-supereffective|p1a: Blissey
|-damage|p1a: Blissey|0 fnt
|-unboost|p2a: Pangoro|def|1
|-unboost|p2a: Pangoro|spd|1
|faint|p1a: Blissey
|
|upkeep
|
|switch|p1a: Darmanitan|Darmanitan, M, shiny|64/100
|-damage|p1a: Darmanitan|39/100|[from] Stealth Rock
|turn|24
|
|move|p1a: Darmanitan|Earthquake|p2a: Pangoro
|-damage|p2a: Pangoro|0 fnt
|faint|p2a: Pangoro
|
|upkeep
|
|switch|p2a: Rhyperior|Rhyperior, M|100/100
|turn|25
|
|move|p1a: Darmanitan|Earthquake|p2a: Rhyperior
|-supereffective|p2a: Rhyperior
|-damage|p2a: Rhyperior|68/100
|move|p2a: Rhyperior|Earthquake|p1a: Darmanitan
|-supereffective|p1a: Darmanitan
|-damage|p1a: Darmanitan|0 fnt
|faint|p1a: Darmanitan
|
|win|PICHULESKY
|l|☆Bamarah
||Ladder (probably) updated, but score could not be retrieved (Request timeout).
