|j|☆Liz Angeles
|j|☆London_cal_93
|t:|1664876080
|gametype|singles
|player|p1|Liz Angeles|marley|1543
|player|p2|London_cal_93|101|1430
|teamsize|p1|6
|teamsize|p2|6
|gen|8
|tier|[Gen 8] UU
|rated|
|rule|Sleep Clause Mod: Limit one foe put to sleep
|rule|Species Clause: Limit one of each Pokémon
|rule|OHKO Clause: OHKO moves are banned
|rule|Evasion Items Clause: Evasion items are banned
|rule|Evasion Moves Clause: Evasion moves are banned
|rule|Endless Battle Clause: Forcing endless battles is banned
|rule|HP Percentage Mod: HP is shown in percentages
|rule|Dynamax Clause: You cannot dynamax
|clearpoke
|poke|p1|Chansey, F|
|poke|p1|Regieleki|
|poke|p1|Golisopod, M|
|poke|p1|Cobalion|
|poke|p1|Salamence, F|
|poke|p1|Nihilego|
|poke|p2|Skarmory, F|
|poke|p2|Nidoking, M|
|poke|p2|Haxorus, M|
|poke|p2|Azumarill, M|
|poke|p2|Xurkitree|
|poke|p2|Polteageist|
|teampreview
|inactive|Battle timer is ON: inactive players will automatically lose when time's up. (requested by London_cal_93)
|
|t:|1664876099
|start
|switch|p1a: Cobalion|Cobalion|100/100
|switch|p2a: Xurkitree|Xurkitree|100/100
|turn|1
|
|t:|1664876106
|switch|p1a: Chansey|Chansey, F|100/100
|move|p2a: Xurkitree|Thunderbolt|p1a: Chansey
|-damage|p1a: Chansey|81/100
|-status|p1a: Chansey|par
|
|upkeep
|turn|2
|
|t:|1664876111
|switch|p2a: Azumarill|Azumarill, M|100/100
|move|p1a: Chansey|Teleport|p1a: Chansey
|
|t:|1664876116
|-curestatus|p1a: Chansey|par|[from] ability: Natural Cure
|switch|p1a: Regieleki|Regieleki|100/100|[from]move: Teleport
|
|upkeep
|turn|3
|
|t:|1664876126
|switch|p2a: Nidoking|Nidoking, M|100/100
|move|p1a: Regieleki|Volt Switch|p2a: Nidoking
|-immune|p2a: Nidoking
|
|upkeep
|turn|4
|
|t:|1664876136
|switch|p1a: Chansey|Chansey, F|81/100
|move|p2a: Nidoking|Sludge Wave|p1a: Chansey
|-damage|p1a: Chansey|59/100
|
|upkeep
|turn|5
|
|t:|1664876143
|move|p2a: Nidoking|Sludge Wave|p1a: Chansey
|-damage|p1a: Chansey|40/100
|move|p1a: Chansey|Soft-Boiled|p1a: Chansey
|-heal|p1a: Chansey|90/100
|
|upkeep
|turn|6
|
|t:|1664876150
|switch|p2a: Polteageist|Polteageist|100/100
|move|p1a: Chansey|Teleport|p1a: Chansey
|
|t:|1664876158
|switch|p1a: Regieleki|Regieleki|100/100|[from]move: Teleport
|
|upkeep
|turn|7
|
|t:|1664876163
|move|p1a: Regieleki|Volt Switch|p2a: Polteageist
|-crit|p2a: Polteageist
|-damage|p2a: Polteageist|27/100
|
|t:|1664876165
|switch|p1a: Golisopod|Golisopod, M|100/100|[from]move: Volt Switch
|move|p2a: Polteageist|Shadow Ball|p1a: Golisopod
|-damage|p1a: Golisopod|47/100
|-activate|p1a: Golisopod|ability: Emergency Exit
|
|t:|1664876184
|switch|p1a: Nihilego|Nihilego|100/100
|
|upkeep
|turn|8
|
|t:|1664876191
|move|p1a: Nihilego|Power Gem|p2a: Polteageist
|-damage|p2a: Polteageist|0 fnt
|faint|p2a: Polteageist
|-ability|p1a: Nihilego|Beast Boost|boost
|-boost|p1a: Nihilego|spa|1
|
|upkeep
|l|☆London_cal_93
|inactive|London_cal_93 disconnected and has a minute to reconnect!
|player|p2|
|j| Senior Fathom
|j|☆London_cal_93
|inactive|London_cal_93 reconnected and has 120 seconds left.
|player|p2|London_cal_93|101
|
|t:|1664876226
|switch|p2a: Azumarill|Azumarill, M|100/100
|turn|9
|
|t:|1664876229
|move|p2a: Azumarill|Aqua Jet|p1a: Nihilego
|-supereffective|p1a: Nihilego
|-crit|p1a: Nihilego
|-damage|p1a: Nihilego|0 fnt
|faint|p1a: Nihilego
|
|upkeep
|
|t:|1664876235
|switch|p1a: Regieleki|Regieleki|100/100
|turn|10
|
|t:|1664876245
|switch|p1a: Chansey|Chansey, F|90/100
|move|p2a: Azumarill|Aqua Jet|p1a: Chansey
|-damage|p1a: Chansey|64/100
|
|upkeep
|turn|11
|
|t:|1664876255
|switch|p2a: Skarmory|Skarmory, F|100/100
|move|p1a: Chansey|Soft-Boiled|p1a: Chansey
|-heal|p1a: Chansey|100/100
|
|upkeep
|turn|12
|
|t:|1664876262
|switch|p1a: Golisopod|Golisopod, M|47/100
|move|p2a: Skarmory|Stealth Rock|p1a: Golisopod
|-sidestart|p1: Liz Angeles|move: Stealth Rock
|
|upkeep
|turn|13
|
|t:|1664876264
|move|p2a: Skarmory|Spikes|p1a: Golisopod
|-sidestart|p1: Liz Angeles|Spikes
|move|p1a: Golisopod|Spikes|p2a: Skarmory
|-sidestart|p2: London_cal_93|Spikes
|
|upkeep
|turn|14
|
|t:|1664876267
|move|p2a: Skarmory|Spikes|p1a: Golisopod
|-sidestart|p1: Liz Angeles|Spikes
|move|p1a: Golisopod|Spikes|p2a: Skarmory
|-sidestart|p2: London_cal_93|Spikes
|
|upkeep
|turn|15
|
|t:|1664876269
|move|p2a: Skarmory|Spikes|p1a: Golisopod
|-sidestart|p1: Liz Angeles|Spikes
|move|p1a: Golisopod|Spikes|p2a: Skarmory
|-sidestart|p2: London_cal_93|Spikes
|
|upkeep
|turn|16
|
|t:|1664876275
|switch|p1a: Salamence|Salamence, F|100/100
|-ability|p1a: Salamence|Intimidate|boost
|-unboost|p2a: Skarmory|atk|1
|move|p2a: Skarmory|Whirlwind|p1a: Salamence
|drag|p1a: Cobalion|Cobalion|100/100
|-damage|p1a: Cobalion|97/100|[from] Stealth Rock
|-damage|p1a: Cobalion|73/100|[from] Spikes
|
|upkeep
|turn|17
|
|t:|1664876283
|move|p1a: Cobalion|Stealth Rock|p2a: Skarmory
|-sidestart|p2: London_cal_93|move: Stealth Rock
|move|p2a: Skarmory|Whirlwind|p1a: Cobalion
|drag|p1a: Chansey|Chansey, F|100/100
|-damage|p1a: Chansey|88/100|[from] Stealth Rock
|-damage|p1a: Chansey|63/100|[from] Spikes
|
|upkeep
|turn|18
|
|t:|1664876288
|move|p1a: Chansey|Soft-Boiled|p1a: Chansey
|-heal|p1a: Chansey|100/100
|move|p2a: Skarmory|Whirlwind|p1a: Chansey
|drag|p1a: Salamence|Salamence, F|100/100
|-ability|p1a: Salamence|Intimidate|boost
|-unboost|p2a: Skarmory|atk|1
|
|upkeep
|turn|19
|
|t:|1664876291
|move|p1a: Salamence|Flamethrower|p2a: Skarmory
|-supereffective|p2a: Skarmory
|-damage|p2a: Skarmory|47/100
|move|p2a: Skarmory|Whirlwind|p1a: Salamence
|drag|p1a: Regieleki|Regieleki|100/100
|
|upkeep
|turn|20
|
|t:|1664876296
|move|p1a: Regieleki|Rapid Spin|p2a: Skarmory
|-resisted|p2a: Skarmory
|-damage|p2a: Skarmory|44/100
|-boost|p1a: Regieleki|spe|1
|-damage|p1a: Regieleki|84/100|[from] item: Rocky Helmet|[of] p2a: Skarmory
|-sideend|p1: Liz Angeles|Spikes|[from] move: Rapid Spin|[of] p1a: Regieleki
|-sideend|p1: Liz Angeles|Stealth Rock|[from] move: Rapid Spin|[of] p1a: Regieleki
|move|p2a: Skarmory|Whirlwind|p1a: Regieleki
|drag|p1a: Chansey|Chansey, F|100/100
|
|upkeep
|turn|21
|
|t:|1664876301
|switch|p1a: Regieleki|Regieleki|84/100
|move|p2a: Skarmory|Brave Bird|p1a: Regieleki
|-resisted|p1a: Regieleki
|-damage|p1a: Regieleki|69/100
|-damage|p2a: Skarmory|37/100|[from] Recoil
|
|upkeep
|turn|22
|
|t:|1664876304
|move|p1a: Regieleki|Volt Switch|p2a: Skarmory
|-supereffective|p2a: Skarmory
|-damage|p2a: Skarmory|0 fnt
|faint|p2a: Skarmory
|
|t:|1664876313
|switch|p1a: Chansey|Chansey, F|100/100|[from]move: Volt Switch
|
|upkeep
|
|t:|1664876317
|switch|p2a: Haxorus|Haxorus, M|100/100
|-damage|p2a: Haxorus|76/100|[from] Spikes
|-damage|p2a: Haxorus|63/100|[from] Stealth Rock
|-ability|p2a: Haxorus|Mold Breaker
|turn|23
|
|t:|1664876322
|switch|p1a: Salamence|Salamence, F|100/100
|-ability|p1a: Salamence|Intimidate|boost
|-unboost|p2a: Haxorus|atk|1
|move|p2a: Haxorus|Dragon Dance|p2a: Haxorus
|-boost|p2a: Haxorus|atk|1
|-boost|p2a: Haxorus|spe|1
|
|upkeep
|turn|24
|
|t:|1664876328
|switch|p1a: Cobalion|Cobalion|73/100
|move|p2a: Haxorus|Outrage|p1a: Cobalion
|-resisted|p1a: Cobalion
|-damage|p1a: Cobalion|31/100
|-damage|p2a: Haxorus|47/100|[from] item: Rocky Helmet|[of] p1a: Cobalion
|-damage|p2a: Haxorus|37/100|[from] item: Life Orb
|
|upkeep
|turn|25
|
|t:|1664876342
|move|p2a: Haxorus|Outrage|p1a: Cobalion|[from]lockedmove
|-resisted|p1a: Cobalion
|-damage|p1a: Cobalion|0 fnt
|-damage|p2a: Haxorus|21/100|[from] item: Rocky Helmet|[of] p1a: Cobalion
|faint|p1a: Cobalion
|-damage|p2a: Haxorus|11/100|[from] item: Life Orb
|-start|p2a: Haxorus|confusion|[fatigue]
|
|upkeep
|
|t:|1664876351
|switch|p1a: Golisopod|Golisopod, M|47/100
|turn|26
|
|t:|1664876354
|move|p1a: Golisopod|First Impression|p2a: Haxorus
|-damage|p2a: Haxorus|0 fnt
|faint|p2a: Haxorus
|
|upkeep
|
|t:|1664876360
|switch|p2a: Xurkitree|Xurkitree|100/100
|-damage|p2a: Xurkitree|76/100|[from] Spikes
|-damage|p2a: Xurkitree|63/100|[from] Stealth Rock
|turn|27
|
|t:|1664876366
|switch|p1a: Chansey|Chansey, F|100/100
|move|p2a: Xurkitree|Volt Switch|p1a: Chansey
|-damage|p1a: Chansey|84/100
|
|t:|1664876368
|switch|p2a: Azumarill|Azumarill, M|100/100|[from]move: Volt Switch
|-damage|p2a: Azumarill|75/100|[from] Spikes
|-damage|p2a: Azumarill|63/100|[from] Stealth Rock
|
|upkeep
|turn|28
|
|t:|1664876371
|move|p1a: Chansey|Toxic|p2a: Azumarill
|-status|p2a: Azumarill|tox
|move|p2a: Azumarill|Liquidation|p1a: Chansey
|-damage|p1a: Chansey|29/100
|-unboost|p1a: Chansey|def|1
|
|-damage|p2a: Azumarill|57/100 tox|[from] psn
|upkeep
|turn|29
|
|t:|1664876378
|switch|p1a: Salamence|Salamence, F|100/100
|-ability|p1a: Salamence|Intimidate|boost
|-unboost|p2a: Azumarill|atk|1
|move|p2a: Azumarill|Liquidation|p1a: Salamence
|-resisted|p1a: Salamence
|-damage|p1a: Salamence|78/100
|-unboost|p1a: Salamence|def|1
|
|-damage|p2a: Azumarill|45/100 tox|[from] psn
|upkeep
|turn|30
|
|t:|1664876385
|switch|p2a: Xurkitree|Xurkitree|63/100
|-damage|p2a: Xurkitree|39/100|[from] Spikes
|-damage|p2a: Xurkitree|26/100|[from] Stealth Rock
|move|p1a: Salamence|Hurricane|p2a: Xurkitree|[miss]
|-miss|p1a: Salamence|p2a: Xurkitree
|
|upkeep
|turn|31
|
|t:|1664876391
|switch|p1a: Regieleki|Regieleki|69/100
|move|p2a: Xurkitree|Volt Switch|p1a: Regieleki
|-resisted|p1a: Regieleki
|-damage|p1a: Regieleki|22/100
|
|t:|1664876394
|switch|p2a: Azumarill|Azumarill, M|45/100 tox|[from]move: Volt Switch
|-damage|p2a: Azumarill|20/100 tox|[from] Spikes
|-damage|p2a: Azumarill|7/100 tox|[from] Stealth Rock
|
|-damage|p2a: Azumarill|1/100 tox|[from] psn
|upkeep
|turn|32
|
|t:|1664876403
|move|p1a: Regieleki|Ancient Power|p2a: Azumarill
|-damage|p2a: Azumarill|0 fnt
|faint|p2a: Azumarill
|
|upkeep
|
|t:|1664876405
|switch|p2a: Nidoking|Nidoking, M|100/100
|-damage|p2a: Nidoking|76/100|[from] Spikes
|-damage|p2a: Nidoking|70/100|[from] Stealth Rock
|turn|33
|
|t:|1664876419
|move|p1a: Regieleki|Ancient Power|p2a: Nidoking
|-resisted|p2a: Nidoking
|-damage|p2a: Nidoking|59/100
|move|p2a: Nidoking|Sludge Wave|p1a: Regieleki
|-damage|p1a: Regieleki|0 fnt
|faint|p1a: Regieleki
|
|upkeep
|
|t:|1664876424
|switch|p1a: Chansey|Chansey, F|29/100
|turn|34
|
|t:|1664876427
|move|p2a: Nidoking|Sludge Wave|p1a: Chansey
|-damage|p1a: Chansey|6/100
|move|p1a: Chansey|Soft-Boiled|p1a: Chansey
|-heal|p1a: Chansey|56/100
|
|upkeep
|turn|35
|
|t:|1664876434
|move|p2a: Nidoking|Sludge Wave|p1a: Chansey
|-damage|p1a: Chansey|35/100
|move|p1a: Chansey|Soft-Boiled|p1a: Chansey
|-heal|p1a: Chansey|86/100
|
|upkeep
|turn|36
|c|☆London_cal_93|That’s so lucky
|c|☆Liz Angeles|what is
|inactive|London_cal_93 has 120 seconds left.
|inactive|London_cal_93 has 90 seconds left.
|inactive|London_cal_93 has 60 seconds left.
|c|☆London_cal_93|Leaving regileki in against azu was a bad play by you
|c|☆Liz Angeles|how
|c|☆Liz Angeles|azu died
|c|☆London_cal_93|Aqua jet kills you
|c|☆Liz Angeles|and eleki can't touch nido
|inactive|London_cal_93 has 30 seconds left.
|inactive|London_cal_93 has 20 seconds left.
|c|☆Liz Angeles|switching out accomplished nothing
|inactive|London_cal_93 has 15 seconds left.
|inactive|London_cal_93 has 10 seconds left.
|inactive|London_cal_93 has 5 seconds left.
|
|t:|1664876580
|move|p2a: Nidoking|Sludge Wave|p1a: Chansey
|-damage|p1a: Chansey|62/100
|move|p1a: Chansey|Seismic Toss|p2a: Nidoking
|-damage|p2a: Nidoking|26/100
|
|upkeep
|turn|37
|inactive|London_cal_93 has 15 seconds left this turn.
|
|t:|1664876587
|move|p2a: Nidoking|Ice Beam|p1a: Chansey
|-damage|p1a: Chansey|49/100
|move|p1a: Chansey|Seismic Toss|p2a: Nidoking
|-damage|p2a: Nidoking|0 fnt
|faint|p2a: Nidoking
|
|upkeep
|inactive|London_cal_93 has 20 seconds left this turn.
|inactive|London_cal_93 has 15 seconds left.
|inactive|London_cal_93 has 10 seconds left.
|inactive|London_cal_93 has 5 seconds left.
|-message|London_cal_93 lost due to inactivity.
|
|win|Liz Angeles
|raw|Liz Angeles's rating: 1543 &rarr; <strong>1557</strong><br />(+14 for winning)
|raw|London_cal_93's rating: 1430 &rarr; <strong>1416</strong><br />(-14 for losing)
|c|☆London_cal_93|I’m aware. Hence I was winning but you did bad play vs azu and won because of it
|l|☆London_cal_93
||Ladder isn't responding, score probably updated but might not have (Request timeout).
|l| Senior Fathom
