|j|☆obese pigeon 2
|j|☆DeltaRott
|t:|1597164308
|player|p1|obese pigeon 2|269|1556
|player|p2|DeltaRott|269|1470
|teamsize|p1|6
|teamsize|p2|6
|gametype|singles
|gen|8
|tier|[Gen 8] UU
|rated|
|clearpoke
|poke|p1|Darmanitan, M|
|poke|p1|Skarmory, F|
|poke|p1|Quagsire, M|
|poke|p1|Sylveon, F|
|poke|p1|Tentacruel, M|
|poke|p1|Jirachi|
|poke|p2|Ditto|
|poke|p2|Kyurem|
|poke|p2|Cofagrigus, F|
|poke|p2|Weezing-Galar, F|
|poke|p2|Bisharp, F|
|poke|p2|Slowking, M|
|rule|Sleep Clause Mod: Limit one foe put to sleep
|rule|Species Clause: Limit one of each Pokémon
|rule|OHKO Clause: OHKO moves are banned
|rule|Evasion Moves Clause: Evasion moves are banned
|rule|Endless Battle Clause: Forcing endless battles is banned
|rule|HP Percentage Mod: HP is shown in percentages
|rule|Dynamax Clause: You cannot dynamax
|teampreview
|
|t:|1597164325
|start
|switch|p1a: peckerface|Skarmory, F, shiny|100/100
|switch|p2a: Slowking|Slowking, M|100/100
|turn|1
|
|t:|1597164330
|move|p1a: peckerface|Spikes|p2a: Slowking
|-sidestart|p2: DeltaRott|Spikes
|move|p2a: Slowking|Scald|p1a: peckerface
|-damage|p1a: peckerface|65/100
|
|upkeep
|turn|2
|
|t:|1597164337
|switch|p1a: flesh tentacles|Sylveon, F|100/100
|move|p2a: Slowking|Scald|p1a: flesh tentacles
|-damage|p1a: flesh tentacles|86/100
|-status|p1a: flesh tentacles|brn
|
|-heal|p1a: flesh tentacles|92/100 brn|[from] item: Leftovers
|-damage|p1a: flesh tentacles|86/100 brn|[from] brn
|upkeep
|turn|3
|
|t:|1597164342
|move|p1a: flesh tentacles|Wish|p1a: flesh tentacles
|move|p2a: Slowking|Psyshock|p1a: flesh tentacles
|-damage|p1a: flesh tentacles|50/100 brn
|
|-heal|p1a: flesh tentacles|56/100 brn|[from] item: Leftovers
|-damage|p1a: flesh tentacles|50/100 brn|[from] brn
|upkeep
|turn|4
|j| Kim Kardashian
|
|t:|1597164347
|move|p1a: flesh tentacles|Hyper Voice|p2a: Slowking
|-damage|p2a: Slowking|71/100
|move|p2a: Slowking|Teleport|p2a: Slowking
|
|t:|1597164351
|switch|p2a: Weezing|Weezing-Galar, F|100/100|[from]move: Teleport
|-ability|p2a: Weezing|Neutralizing Gas
|-damage|p2a: Weezing|88/100|[from] Spikes
|
|-heal|p1a: flesh tentacles|99/100 brn|[from] move: Wish|[wisher] flesh tentacles
|-heal|p1a: flesh tentacles|100/100 brn|[from] item: Leftovers
|-heal|p2a: Weezing|94/100|[from] item: Black Sludge
|-damage|p1a: flesh tentacles|94/100 brn|[from] brn
|upkeep
|turn|5
|
|t:|1597164363
|switch|p1a: DEATH STAR|Jirachi|100/100
|move|p2a: Weezing|Defog|p1a: DEATH STAR
|-unboost|p1a: DEATH STAR|evasion|1
|-sideend|p2: DeltaRott|Spikes|[from] move: Defog|[of] p2a: Weezing
|
|-heal|p2a: Weezing|99/100|[from] item: Black Sludge
|upkeep
|turn|6
|
|t:|1597164368
|move|p1a: DEATH STAR|Stealth Rock|p2a: Weezing
|-sidestart|p2: DeltaRott|move: Stealth Rock
|move|p2a: Weezing|Toxic Spikes|p1a: DEATH STAR
|-sidestart|p1: obese pigeon 2|move: Toxic Spikes
|
|-heal|p2a: Weezing|100/100|[from] item: Black Sludge
|upkeep
|turn|7
|
|t:|1597164372
|switch|p2a: Ditto|Ditto|100/100
|-damage|p2a: Ditto|88/100|[from] Stealth Rock
|-transform|p2a: Ditto|p1a: DEATH STAR|[from] ability: Imposter
|move|p1a: DEATH STAR|Thunder Wave|p2a: Ditto
|-status|p2a: Ditto|par
|
|upkeep
|turn|8
|
|t:|1597164380
|move|p1a: DEATH STAR|Iron Head|p2a: Ditto
|-resisted|p2a: Ditto
|-damage|p2a: Ditto|72/100 par
|cant|p2a: Ditto|flinch
|
|upkeep
|turn|9
|j| JustFranco
|
|t:|1597164384
|move|p1a: DEATH STAR|Iron Head|p2a: Ditto
|-resisted|p2a: Ditto
|-damage|p2a: Ditto|55/100 par
|cant|p2a: Ditto|flinch
|
|upkeep
|turn|10
|
|t:|1597164388
|move|p1a: DEATH STAR|Iron Head|p2a: Ditto
|-resisted|p2a: Ditto
|-damage|p2a: Ditto|39/100 par
|cant|p2a: Ditto|flinch
|
|upkeep
|turn|11
|
|t:|1597164391
|move|p1a: DEATH STAR|Iron Head|p2a: Ditto
|-resisted|p2a: Ditto
|-damage|p2a: Ditto|24/100 par
|cant|p2a: Ditto|flinch
|
|upkeep
|turn|12
|
|t:|1597164395
|move|p1a: DEATH STAR|Iron Head|p2a: Ditto
|-resisted|p2a: Ditto
|-damage|p2a: Ditto|8/100 par
|move|p2a: Ditto|Thunder Wave|p1a: DEATH STAR
|-status|p1a: DEATH STAR|par
|
|upkeep
|turn|13
|
|t:|1597164400
|switch|p2a: Bisharp|Bisharp, F, shiny|100/100
|-damage|p2a: Bisharp|95/100|[from] Stealth Rock
|-ability|p2a: Bisharp|Pressure
|cant|p1a: DEATH STAR|par
|
|-heal|p2a: Bisharp|100/100|[from] item: Leftovers
|upkeep
|turn|14
|
|t:|1597164408
|switch|p1a: nani?|Quagsire, M|100/100
|-status|p1a: nani?|psn
|move|p2a: Bisharp|Substitute|p2a: Bisharp
|-start|p2a: Bisharp|Substitute
|-damage|p2a: Bisharp|76/100
|
|-heal|p2a: Bisharp|82/100|[from] item: Leftovers
|-damage|p1a: nani?|88/100 psn|[from] psn
|upkeep
|turn|15
|
|t:|1597164416
|move|p2a: Bisharp|Protect|p2a: Bisharp
|-singleturn|p2a: Bisharp|Protect
|move|p1a: nani?|Earthquake|p2a: Bisharp
|-activate|p2a: Bisharp|move: Protect
|
|-heal|p2a: Bisharp|88/100|[from] item: Leftovers
|-heal|p1a: nani?|94/100 psn|[from] item: Leftovers
|-damage|p1a: nani?|82/100 psn|[from] psn
|upkeep
|turn|16
|
|t:|1597164420
|move|p2a: Bisharp|Torment|p1a: nani?
|-start|p1a: nani?|Torment
|move|p1a: nani?|Earthquake|p2a: Bisharp
|-supereffective|p2a: Bisharp
|-end|p2a: Bisharp|Substitute
|
|-heal|p2a: Bisharp|94/100|[from] item: Leftovers
|-heal|p1a: nani?|88/100 psn|[from] item: Leftovers
|-damage|p1a: nani?|75/100 psn|[from] psn
|upkeep
|turn|17
|
|t:|1597164429
|move|p2a: Bisharp|Substitute|p2a: Bisharp
|-start|p2a: Bisharp|Substitute
|-damage|p2a: Bisharp|69/100
|move|p1a: nani?|Recover|p1a: nani?
|-heal|p1a: nani?|100/100 psn
|
|-heal|p2a: Bisharp|75/100|[from] item: Leftovers
|-damage|p1a: nani?|88/100 psn|[from] psn
|upkeep
|turn|18
|
|t:|1597164433
|switch|p1a: normal tentacles|Tentacruel, M, shiny|100/100
|-sideend|p1: obese pigeon 2|move: Toxic Spikes|[of] p1a: normal tentacles
|move|p2a: Bisharp|Iron Head|p1a: normal tentacles
|-resisted|p1a: normal tentacles
|-damage|p1a: normal tentacles|77/100
|
|-heal|p1a: normal tentacles|83/100|[from] item: Black Sludge
|-heal|p2a: Bisharp|81/100|[from] item: Leftovers
|upkeep
|turn|19
|
|t:|1597164442
|move|p1a: normal tentacles|Toxic Spikes|p2a: Bisharp
|-sidestart|p2: DeltaRott|move: Toxic Spikes
|move|p2a: Bisharp|Torment|p1a: normal tentacles
|-start|p1a: normal tentacles|Torment
|
|-heal|p1a: normal tentacles|90/100|[from] item: Black Sludge
|-heal|p2a: Bisharp|87/100|[from] item: Leftovers
|upkeep
|turn|20
|
|t:|1597164447
|move|p1a: normal tentacles|Scald|p2a: Bisharp
|-activate|p2a: Bisharp|move: Substitute|[damage]
|move|p2a: Bisharp|Iron Head|p1a: normal tentacles
|-resisted|p1a: normal tentacles
|-damage|p1a: normal tentacles|67/100
|
|-heal|p1a: normal tentacles|73/100|[from] item: Black Sludge
|-heal|p2a: Bisharp|93/100|[from] item: Leftovers
|upkeep
|turn|21
|l| JustFranco
|
|t:|1597164458
|move|p1a: normal tentacles|Toxic Spikes|p2a: Bisharp
|-sidestart|p2: DeltaRott|move: Toxic Spikes
|move|p2a: Bisharp|Substitute|p2a: Bisharp
|-fail|p2a: Bisharp|move: Substitute
|
|-heal|p1a: normal tentacles|79/100|[from] item: Black Sludge
|-heal|p2a: Bisharp|99/100|[from] item: Leftovers
|upkeep
|turn|22
|
|t:|1597164468
|switch|p1a: peckerface|Skarmory, F, shiny|65/100
|move|p2a: Bisharp|Substitute|p2a: Bisharp
|-fail|p2a: Bisharp|move: Substitute
|
|-heal|p2a: Bisharp|100/100|[from] item: Leftovers
|upkeep
|turn|23
|
|t:|1597164475
|move|p2a: Bisharp|Torment|p1a: peckerface
|-start|p1a: peckerface|Torment
|move|p1a: peckerface|Roost|p1a: peckerface
|-heal|p1a: peckerface|100/100
|-singleturn|p1a: peckerface|move: Roost
|
|upkeep
|turn|24
|
|t:|1597164484
|switch|p2a: Slowking|Slowking, M|100/100
|move|p1a: peckerface|Spikes|p2a: Slowking
|-sidestart|p2: DeltaRott|Spikes
|
|upkeep
|turn|25
|
|t:|1597164490
|move|p1a: peckerface|Whirlwind|p2a: Slowking
|drag|p2a: Ditto|Ditto|8/100 par
|-damage|p2a: Ditto|0 fnt|[from] Spikes
|faint|p2a: Ditto
|
|upkeep
|
|t:|1597164498
|switch|p2a: Weezing|Weezing-Galar, F|100/100
|-ability|p2a: Weezing|Neutralizing Gas
|-damage|p2a: Weezing|88/100|[from] Stealth Rock
|-sideend|p2: DeltaRott|move: Toxic Spikes|[of] p2a: Weezing
|-damage|p2a: Weezing|76/100|[from] Spikes
|turn|26
|
|t:|1597164505
|switch|p1a: HE|Darmanitan, M|100/100
|move|p2a: Weezing|Defog|p1a: HE
|-unboost|p1a: HE|evasion|1
|-sideend|p2: DeltaRott|Spikes|[from] move: Defog|[of] p2a: Weezing
|-sideend|p2: DeltaRott|Stealth Rock|[from] move: Defog|[of] p2a: Weezing
|
|-heal|p2a: Weezing|82/100|[from] item: Black Sludge
|upkeep
|turn|27
|
|t:|1597164508
|move|p1a: HE|Flare Blitz|p2a: Weezing
|-damage|p2a: Weezing|5/100
|-damage|p1a: HE|79/100|[from] Recoil
|move|p2a: Weezing|Pain Split|p1a: HE
|-sethp|p1a: HE|42/100|[from] move: Pain Split|[silent]
|-sethp|p2a: Weezing|48/100|[from] move: Pain Split
|
|-heal|p2a: Weezing|54/100|[from] item: Black Sludge
|upkeep
|turn|28
|
|t:|1597164518
|switch|p2a: Slowking|Slowking, M|100/100
|move|p1a: HE|Flare Blitz|p2a: Slowking
|-resisted|p2a: Slowking
|-damage|p2a: Slowking|56/100
|-damage|p1a: HE|25/100|[from] Recoil
|
|upkeep
|turn|29
|
|t:|1597164527
|switch|p1a: flesh tentacles|Sylveon, F|94/100 brn
|move|p2a: Slowking|Psyshock|p1a: flesh tentacles
|-damage|p1a: flesh tentacles|59/100 brn
|
|-heal|p1a: flesh tentacles|65/100 brn|[from] item: Leftovers
|-damage|p1a: flesh tentacles|59/100 brn|[from] brn
|upkeep
|turn|30
|
|t:|1597164534
|move|p1a: flesh tentacles|Heal Bell|p1a: flesh tentacles
|-activate|p1a: flesh tentacles|move: Heal Bell
|-curestatus|p1a: flesh tentacles|brn|[msg]
|-curestatus|p1: DEATH STAR|par|[msg]
|-curestatus|p1: nani?|psn|[msg]
|move|p2a: Slowking|Teleport|p2a: Slowking
|
|t:|1597164544
|switch|p2a: Cofagrigus|Cofagrigus, F|100/100|[from]move: Teleport
|
|-heal|p1a: flesh tentacles|65/100|[from] item: Leftovers
|upkeep
|turn|31
|
|t:|1597164551
|move|p1a: flesh tentacles|Wish|p1a: flesh tentacles
|move|p2a: Cofagrigus|Trick Room|p2a: Cofagrigus
|-fieldstart|move: Trick Room|[of] p2a: Cofagrigus
|
|-heal|p1a: flesh tentacles|71/100|[from] item: Leftovers
|upkeep
|turn|32
|
|t:|1597164559
|switch|p1a: normal tentacles|Tentacruel, M, shiny|79/100
|move|p2a: Cofagrigus|Nasty Plot|p2a: Cofagrigus
|-boost|p2a: Cofagrigus|spa|2
|
|-heal|p1a: normal tentacles|100/100|[from] move: Wish|[wisher] flesh tentacles
|upkeep
|turn|33
|
|t:|1597164563
|move|p2a: Cofagrigus|Shadow Ball|p1a: normal tentacles
|-damage|p1a: normal tentacles|60/100
|move|p1a: normal tentacles|Knock Off|p2a: Cofagrigus
|-supereffective|p2a: Cofagrigus
|-enditem|p2a: Cofagrigus|Colbur Berry|[eat]
|-enditem|p2a: Cofagrigus|Colbur Berry|[weaken]
|-damage|p2a: Cofagrigus|90/100
|-activate|p2a: Cofagrigus|ability: Mummy|Liquid Ooze|[of] p1a: normal tentacles
|
|-heal|p1a: normal tentacles|66/100|[from] item: Black Sludge
|upkeep
|turn|34
|
|t:|1597164577
|switch|p1a: flesh tentacles|Sylveon, F|71/100
|move|p2a: Cofagrigus|Shadow Ball|p1a: flesh tentacles
|-damage|p1a: flesh tentacles|36/100
|
|-heal|p1a: flesh tentacles|42/100|[from] item: Leftovers
|upkeep
|turn|35
|
|t:|1597164584
|move|p2a: Cofagrigus|Nasty Plot|p2a: Cofagrigus
|-boost|p2a: Cofagrigus|spa|2
|move|p1a: flesh tentacles|Wish|p1a: flesh tentacles
|
|-heal|p1a: flesh tentacles|48/100|[from] item: Leftovers
|-fieldend|move: Trick Room
|upkeep
|turn|36
|
|t:|1597164592
|move|p1a: flesh tentacles|Hyper Voice|p2a: Cofagrigus
|-damage|p2a: Cofagrigus|44/100
|move|p2a: Cofagrigus|Shadow Ball|p1a: flesh tentacles
|-damage|p1a: flesh tentacles|0 fnt
|faint|p1a: flesh tentacles
|
|upkeep
|
|t:|1597164599
|switch|p1a: HE|Darmanitan, M|25/100
|turn|37
|
|t:|1597164606
|switch|p2a: Slowking|Slowking, M|89/100
|move|p1a: HE|Flare Blitz|p2a: Slowking
|-resisted|p2a: Slowking
|-damage|p2a: Slowking|43/100
|-damage|p1a: HE|8/100|[from] Recoil
|
|upkeep
|turn|38
|
|t:|1597164628
|switch|p2a: Kyurem|Kyurem|100/100
|-ability|p2a: Kyurem|Pressure
|move|p1a: HE|Flare Blitz|p2a: Kyurem
|-damage|p2a: Kyurem|8/100
|-damage|p1a: HE|0 fnt|[from] Recoil
|faint|p1a: HE
|
|upkeep
|
|t:|1597164634
|switch|p1a: DEATH STAR|Jirachi|100/100
|turn|39
|
|t:|1597164638
|switch|p2a: Bisharp|Bisharp, F, shiny|100/100
|-ability|p2a: Bisharp|Pressure
|move|p1a: DEATH STAR|Iron Head|p2a: Bisharp
|-resisted|p2a: Bisharp
|-damage|p2a: Bisharp|88/100
|
|-heal|p2a: Bisharp|94/100|[from] item: Leftovers
|upkeep
|turn|40
|
|t:|1597164644
|move|p1a: DEATH STAR|Stealth Rock|p2a: Bisharp
|-sidestart|p2: DeltaRott|move: Stealth Rock
|move|p2a: Bisharp|Torment|p1a: DEATH STAR
|-start|p1a: DEATH STAR|Torment
|
|-heal|p2a: Bisharp|99/100|[from] item: Leftovers
|upkeep
|turn|41
|
|t:|1597164649
|move|p2a: Bisharp|Protect|p2a: Bisharp
|-singleturn|p2a: Bisharp|Protect
|move|p1a: DEATH STAR|U-turn|p2a: Bisharp
|-activate|p2a: Bisharp|move: Protect
|
|-heal|p2a: Bisharp|100/100|[from] item: Leftovers
|upkeep
|turn|42
|
|t:|1597164655
|switch|p1a: peckerface|Skarmory, F, shiny|100/100
|move|p2a: Bisharp|Substitute|p2a: Bisharp
|-start|p2a: Bisharp|Substitute
|-damage|p2a: Bisharp|76/100
|
|-heal|p2a: Bisharp|82/100|[from] item: Leftovers
|upkeep
|turn|43
|
|t:|1597164662
|switch|p2a: Kyurem|Kyurem|8/100
|-ability|p2a: Kyurem|Pressure
|move|p1a: peckerface|Spikes|p2a: Kyurem
|-sidestart|p2: DeltaRott|Spikes
|
|upkeep
|turn|44
|
|t:|1597164666
|move|p2a: Kyurem|Roost|p2a: Kyurem
|-heal|p2a: Kyurem|58/100
|-singleturn|p2a: Kyurem|move: Roost
|move|p1a: peckerface|Body Press|p2a: Kyurem
|-supereffective|p2a: Kyurem
|-damage|p2a: Kyurem|14/100
|
|upkeep
|turn|45
|
|t:|1597164671
|switch|p1a: DEATH STAR|Jirachi|100/100
|move|p2a: Kyurem|Roost|p2a: Kyurem
|-heal|p2a: Kyurem|64/100
|-singleturn|p2a: Kyurem|move: Roost
|
|upkeep
|turn|46
|
|t:|1597164678
|move|p2a: Kyurem|Roost|p2a: Kyurem
|-heal|p2a: Kyurem|100/100
|-singleturn|p2a: Kyurem|move: Roost
|move|p1a: DEATH STAR|Iron Head|p2a: Kyurem
|-supereffective|p2a: Kyurem
|-damage|p2a: Kyurem|63/100
|
|upkeep
|turn|47
|
|t:|1597164682
|switch|p2a: Slowking|Slowking, M|76/100
|move|p1a: DEATH STAR|Thunder Wave|p2a: Slowking
|-status|p2a: Slowking|par
|
|upkeep
|turn|48
|
|t:|1597164688
|move|p1a: DEATH STAR|Iron Head|p2a: Slowking
|-resisted|p2a: Slowking
|-damage|p2a: Slowking|65/100 par
|move|p2a: Slowking|Teleport|p2a: Slowking
|
|t:|1597164692
|switch|p2a: Bisharp|Bisharp, F, shiny|82/100|[from]move: Teleport
|-damage|p2a: Bisharp|76/100|[from] Stealth Rock
|-damage|p2a: Bisharp|63/100|[from] Spikes
|-ability|p2a: Bisharp|Pressure
|
|-heal|p2a: Bisharp|69/100|[from] item: Leftovers
|upkeep
|turn|49
|
|t:|1597164697
|move|p2a: Bisharp|Protect|p2a: Bisharp
|-singleturn|p2a: Bisharp|Protect
|move|p1a: DEATH STAR|Thunder Wave|p2a: Bisharp
|-activate|p2a: Bisharp|move: Protect
|
|-heal|p2a: Bisharp|75/100|[from] item: Leftovers
|upkeep
|turn|50
|
|t:|1597164701
|switch|p2a: Slowking|Slowking, M|99/100 par
|move|p1a: DEATH STAR|U-turn|p2a: Slowking
|-supereffective|p2a: Slowking
|-damage|p2a: Slowking|75/100 par
|
|t:|1597164710
|switch|p1a: nani?|Quagsire, M|88/100|[from]move: U-turn
|
|-heal|p1a: nani?|94/100|[from] item: Leftovers
|upkeep
|turn|51
|
|t:|1597164715
|switch|p1a: DEATH STAR|Jirachi|100/100
|cant|p2a: Slowking|par
|
|upkeep
|turn|52
|
|t:|1597164720
|move|p1a: DEATH STAR|Iron Head|p2a: Slowking
|-resisted|p2a: Slowking
|-damage|p2a: Slowking|65/100 par
|move|p2a: Slowking|Scald|p1a: DEATH STAR
|-damage|p1a: DEATH STAR|83/100
|
|-heal|p1a: DEATH STAR|89/100|[from] item: Leftovers
|upkeep
|turn|53
|
|t:|1597164725
|move|p1a: DEATH STAR|Iron Head|p2a: Slowking
|-resisted|p2a: Slowking
|-damage|p2a: Slowking|54/100 par
|move|p2a: Slowking|Scald|p1a: DEATH STAR
|-damage|p1a: DEATH STAR|74/100
|
|-heal|p1a: DEATH STAR|80/100|[from] item: Leftovers
|upkeep
|turn|54
|
|t:|1597164730
|move|p1a: DEATH STAR|Iron Head|p2a: Slowking
|-resisted|p2a: Slowking
|-damage|p2a: Slowking|43/100 par
|cant|p2a: Slowking|flinch
|
|-heal|p1a: DEATH STAR|86/100|[from] item: Leftovers
|upkeep
|turn|55
|
|t:|1597164734
|move|p1a: DEATH STAR|Iron Head|p2a: Slowking
|-resisted|p2a: Slowking
|-damage|p2a: Slowking|34/100 par
|cant|p2a: Slowking|flinch
|
|-heal|p1a: DEATH STAR|92/100|[from] item: Leftovers
|upkeep
|turn|56
|
|t:|1597164739
|move|p1a: DEATH STAR|Iron Head|p2a: Slowking
|-resisted|p2a: Slowking
|-damage|p2a: Slowking|24/100 par
|cant|p2a: Slowking|par
|
|-heal|p1a: DEATH STAR|98/100|[from] item: Leftovers
|upkeep
|turn|57
|
|t:|1597164745
|switch|p2a: Weezing|Weezing-Galar, F|54/100
|-ability|p2a: Weezing|Neutralizing Gas
|-damage|p2a: Weezing|42/100|[from] Spikes
|-damage|p2a: Weezing|30/100|[from] Stealth Rock
|move|p1a: DEATH STAR|Iron Head|p2a: Weezing
|-supereffective|p2a: Weezing
|-damage|p2a: Weezing|0 fnt
|faint|p2a: Weezing
|
|-heal|p1a: DEATH STAR|100/100|[from] item: Leftovers
|upkeep
|
|t:|1597164751
|switch|p2a: Slowking|Slowking, M|58/100 par
|turn|58
|
|t:|1597164761
|move|p1a: DEATH STAR|U-turn|p2a: Slowking
|-supereffective|p2a: Slowking
|-damage|p2a: Slowking|35/100 par
|
|t:|1597164763
|switch|p1a: peckerface|Skarmory, F, shiny|100/100|[from]move: U-turn
|cant|p2a: Slowking|par
|
|upkeep
|turn|59
|
|t:|1597164770
|move|p1a: peckerface|Spikes|p2a: Slowking
|-sidestart|p2: DeltaRott|Spikes
|move|p2a: Slowking|Slack Off|p2a: Slowking
|-heal|p2a: Slowking|85/100 par
|
|upkeep
|turn|60
|j| oddhowl
|
|t:|1597164774
|move|p1a: peckerface|Spikes|p2a: Slowking
|-sidestart|p2: DeltaRott|Spikes
|move|p2a: Slowking|Scald|p1a: peckerface
|-damage|p1a: peckerface|62/100
|
|upkeep
|turn|61
|
|t:|1597164778
|move|p1a: peckerface|Roost|p1a: peckerface
|-heal|p1a: peckerface|100/100
|-singleturn|p1a: peckerface|move: Roost
|move|p2a: Slowking|Scald|p1a: peckerface
|-damage|p1a: peckerface|63/100
|
|upkeep
|turn|62
|
|t:|1597164783
|switch|p1a: nani?|Quagsire, M|94/100
|move|p2a: Slowking|Scald|p1a: nani?
|-damage|p1a: nani?|61/100
|
|-heal|p1a: nani?|67/100|[from] item: Leftovers
|upkeep
|turn|63
|
|t:|1597164796
|move|p1a: nani?|Recover|p1a: nani?
|-heal|p1a: nani?|100/100
|move|p2a: Slowking|Teleport|p2a: Slowking
|
|t:|1597164799
|switch|p2a: Kyurem|Kyurem|63/100|[from]move: Teleport
|-ability|p2a: Kyurem|Pressure
|
|upkeep
|turn|64
|
|t:|1597164807
|switch|p1a: DEATH STAR|Jirachi|100/100
|move|p2a: Kyurem|Substitute|p2a: Kyurem
|-start|p2a: Kyurem|Substitute
|-damage|p2a: Kyurem|38/100
|
|upkeep
|turn|65
|
|t:|1597164811
|move|p2a: Kyurem|Roost|p2a: Kyurem
|-heal|p2a: Kyurem|89/100
|-singleturn|p2a: Kyurem|move: Roost
|move|p1a: DEATH STAR|U-turn|p2a: Kyurem
|-activate|p2a: Kyurem|move: Substitute|[damage]
|
|t:|1597164814
|switch|p1a: normal tentacles|Tentacruel, M, shiny|66/100|[from]move: U-turn
|
|-heal|p1a: normal tentacles|72/100|[from] item: Black Sludge
|upkeep
|turn|66
|
|t:|1597164818
|move|p2a: Kyurem|Freeze-Dry|p1a: normal tentacles
|-supereffective|p1a: normal tentacles
|-damage|p1a: normal tentacles|34/100
|move|p1a: normal tentacles|Toxic Spikes|p2a: Kyurem
|-sidestart|p2: DeltaRott|move: Toxic Spikes
|
|-heal|p1a: normal tentacles|40/100|[from] item: Black Sludge
|upkeep
|turn|67
|
|t:|1597164822
|move|p2a: Kyurem|Freeze-Dry|p1a: normal tentacles
|-supereffective|p1a: normal tentacles
|-damage|p1a: normal tentacles|0 fnt
|faint|p1a: normal tentacles
|
|upkeep
|
|t:|1597164825
|switch|p1a: DEATH STAR|Jirachi|100/100
|turn|68
|
|t:|1597164832
|move|p2a: Kyurem|Freeze-Dry|p1a: DEATH STAR
|-resisted|p1a: DEATH STAR
|-damage|p1a: DEATH STAR|92/100
|move|p1a: DEATH STAR|U-turn|p2a: Kyurem
|-activate|p2a: Kyurem|move: Substitute|[damage]
|c|☆obese pigeon 2|ohno
|-message|obese pigeon 2 forfeited.
|
|win|DeltaRott
