|raw|<div class="broadcast-blue"><strong>This battle is required to be public due to a player having a name starting with 'uult91w'.</div>
|j|☆chiharu haru
|j|☆UULT91w Mimilucha
|t:|1652009234
|gametype|singles
|player|p1|chiharu haru|picnicker|1475
|player|p2|UULT91w Mimilucha|lucas|1562
|teamsize|p1|6
|teamsize|p2|6
|gen|8
|tier|[Gen 8] UU
|rated|
|rule|Sleep Clause Mod: Limit one foe put to sleep
|rule|Species Clause: Limit one of each Pokémon
|rule|OHKO Clause: OHKO moves are banned
|rule|Evasion Moves Clause: Evasion moves are banned
|rule|Endless Battle Clause: Forcing endless battles is banned
|rule|HP Percentage Mod: HP is shown in percentages
|rule|Dynamax Clause: You cannot dynamax
|clearpoke
|poke|p1|Scizor, F|
|poke|p1|Rotom-Wash|
|poke|p1|Hippowdon, M|
|poke|p1|Zarude|
|poke|p1|Moltres|
|poke|p1|Zygarde-10%|
|poke|p2|Scizor, F|
|poke|p2|Chansey, F|
|poke|p2|Skarmory, F|
|poke|p2|Quagsire, F|
|poke|p2|Umbreon, M|
|poke|p2|Slowking, F|
|teampreview
|inactive|Battle timer is ON: inactive players will automatically lose when time's up. (requested by UULT91w Mimilucha)
|j| UULT91w Micciu
|inactive|chiharu haru has 120 seconds left.
|
|t:|1652009268
|start
|switch|p1a: cutter butter|Scizor, F|100/100
|switch|p2a: Scizor|Scizor, F|100/100
|turn|1
|
|t:|1652009278
|switch|p1a: command the sand|Hippowdon, M|100/100
|-weather|Sandstorm|[from] ability: Sand Stream|[of] p1a: command the sand
|switch|p2a: Skarmory|Skarmory, F|100/100
|
|-weather|Sandstorm|[upkeep]
|upkeep
|turn|2
|
|t:|1652009282
|switch|p1a: wishy washy|Rotom-Wash|100/100
|move|p2a: Skarmory|Iron Defense|p2a: Skarmory
|-boost|p2a: Skarmory|def|2
|
|-weather|Sandstorm|[upkeep]
|-damage|p1a: wishy washy|94/100|[from] Sandstorm
|-heal|p1a: wishy washy|100/100|[from] item: Leftovers
|upkeep
|turn|3
|
|t:|1652009287
|switch|p2a: Chansey|Chansey, F|100/100
|move|p1a: wishy washy|Volt Switch|p2a: Chansey
|-damage|p2a: Chansey|93/100
|
|t:|1652009293
|switch|p1a: cutter butter|Scizor, F|100/100|[from]move: Volt Switch
|
|-weather|Sandstorm|[upkeep]
|-damage|p2a: Chansey|87/100|[from] Sandstorm
|upkeep
|turn|4
|
|t:|1652009309
|switch|p2a: Skarmory|Skarmory, F|100/100
|move|p1a: cutter butter|Knock Off|p2a: Skarmory
|-damage|p2a: Skarmory|82/100
|-damage|p1a: cutter butter|84/100|[from] item: Rocky Helmet|[of] p2a: Skarmory
|-enditem|p2a: Skarmory|Rocky Helmet|[from] move: Knock Off|[of] p1a: cutter butter
|
|-weather|Sandstorm|[upkeep]
|upkeep
|turn|5
|
|t:|1652009333
|move|p2a: Skarmory|Iron Defense|p2a: Skarmory
|-boost|p2a: Skarmory|def|2
|move|p1a: cutter butter|U-turn|p2a: Skarmory
|-resisted|p2a: Skarmory
|-damage|p2a: Skarmory|79/100
|
|t:|1652009344
|switch|p1a: wishy washy|Rotom-Wash|100/100|[from]move: U-turn
|
|-weather|none
|upkeep
|turn|6
|
|t:|1652009347
|switch|p2a: Quagsire|Quagsire, F|100/100
|move|p1a: wishy washy|Volt Switch|p2a: Quagsire
|-immune|p2a: Quagsire
|
|upkeep
|turn|7
|j| ASKOV
|l| ASKOV
|inactive|chiharu haru has 120 seconds left.
|
|t:|1652009381
|switch|p1a: command the sand|Hippowdon, M|100/100
|-weather|Sandstorm|[from] ability: Sand Stream|[of] p1a: command the sand
|move|p2a: Quagsire|Toxic|p1a: command the sand|[miss]
|-miss|p2a: Quagsire|p1a: command the sand
|
|-weather|Sandstorm|[upkeep]
|upkeep
|turn|8
|
|t:|1652009396
|switch|p2a: Skarmory|Skarmory, F|79/100
|move|p1a: command the sand|Toxic|p2a: Skarmory
|-immune|p2a: Skarmory
|
|-weather|Sandstorm|[upkeep]
|upkeep
|turn|9
|
|t:|1652009403
|move|p2a: Skarmory|Iron Defense|p2a: Skarmory
|-boost|p2a: Skarmory|def|2
|move|p1a: command the sand|Stealth Rock|p2a: Skarmory
|-sidestart|p2: UULT91w Mimilucha|move: Stealth Rock
|
|-weather|Sandstorm|[upkeep]
|upkeep
|turn|10
|
|t:|1652009416
|switch|p1a: moltres leches|Moltres|100/100
|move|p2a: Skarmory|Defog|p1a: moltres leches
|-unboost|p1a: moltres leches|evasion|1
|-sideend|p2: UULT91w Mimilucha|Stealth Rock|[from] move: Defog|[of] p2a: Skarmory
|
|-weather|Sandstorm|[upkeep]
|-damage|p1a: moltres leches|94/100|[from] Sandstorm
|upkeep
|turn|11
|
|t:|1652009435
|switch|p2a: Chansey|Chansey, F|87/100
|move|p1a: moltres leches|U-turn|p2a: Chansey
|-damage|p2a: Chansey|77/100
|
|t:|1652009453
|switch|p1a: cutter butter|Scizor, F|84/100|[from]move: U-turn
|
|-weather|none
|upkeep
|turn|12
|
|t:|1652009458
|switch|p2a: Skarmory|Skarmory, F|79/100
|move|p1a: cutter butter|U-turn|p2a: Skarmory
|-resisted|p2a: Skarmory
|-damage|p2a: Skarmory|74/100
|
|t:|1652009470
|switch|p1a: wishy washy|Rotom-Wash|100/100|[from]move: U-turn
|
|upkeep
|turn|13
|
|t:|1652009487
|switch|p2a: Quagsire|Quagsire, F|100/100
|move|p1a: wishy washy|Volt Switch|p2a: Quagsire
|-immune|p2a: Quagsire
|
|upkeep
|turn|14
|inactive|chiharu haru has 120 seconds left.
|
|t:|1652009531
|switch|p1a: command the sand|Hippowdon, M|100/100
|-weather|Sandstorm|[from] ability: Sand Stream|[of] p1a: command the sand
|move|p2a: Quagsire|Toxic|p1a: command the sand
|-status|p1a: command the sand|tox
|
|-weather|Sandstorm|[upkeep]
|-damage|p1a: command the sand|94/100 tox|[from] psn
|upkeep
|turn|15
|j| P.Otaku❄
|
|t:|1652009555
|switch|p2a: Skarmory|Skarmory, F|74/100
|move|p1a: command the sand|Stealth Rock|p2a: Skarmory
|-sidestart|p2: UULT91w Mimilucha|move: Stealth Rock
|
|-weather|Sandstorm|[upkeep]
|-heal|p1a: command the sand|100/100 tox|[from] item: Leftovers
|-damage|p1a: command the sand|88/100 tox|[from] psn
|upkeep
|turn|16
|inactive|chiharu haru has 120 seconds left.
|j| 07l中国大妈
|
|t:|1652009569
|switch|p1a: moltres leches|Moltres|94/100
|move|p2a: Skarmory|Defog|p1a: moltres leches
|-unboost|p1a: moltres leches|evasion|1
|-sideend|p2: UULT91w Mimilucha|Stealth Rock|[from] move: Defog|[of] p2a: Skarmory
|
|-weather|Sandstorm|[upkeep]
|-damage|p1a: moltres leches|88/100|[from] Sandstorm
|upkeep
|turn|17
|
|t:|1652009588
|switch|p2a: Slowking|Slowking, F|100/100
|move|p1a: moltres leches|U-turn|p2a: Slowking
|-supereffective|p2a: Slowking
|-damage|p2a: Slowking|80/100
|inactive|chiharu haru has 120 seconds left.
|
|t:|1652009601
|switch|p1a: zapolite|Zarude|100/100|[from]move: U-turn
|
|-weather|Sandstorm|[upkeep]
|-damage|p1a: zapolite|95/100|[from] Sandstorm
|-damage|p2a: Slowking|74/100|[from] Sandstorm
|upkeep
|turn|18
|
|t:|1652009623
|switch|p2a: Scizor|Scizor, F|100/100
|move|p1a: zapolite|U-turn|p2a: Scizor
|-resisted|p2a: Scizor
|-damage|p2a: Scizor|86/100
|
|t:|1652009630
|switch|p1a: moltres leches|Moltres|88/100|[from]move: U-turn
|
|-weather|none
|-heal|p2a: Scizor|92/100|[from] item: Leftovers
|upkeep
|turn|19
|l| P.Otaku❄
|
|t:|1652009643
|switch|p2a: Chansey|Chansey, F|77/100
|move|p1a: moltres leches|U-turn|p2a: Chansey
|-damage|p2a: Chansey|68/100
|
|t:|1652009652
|switch|p1a: cutter butter|Scizor, F|84/100|[from]move: U-turn
|
|upkeep
|turn|20
|
|t:|1652009663
|switch|p2a: Skarmory|Skarmory, F|74/100
|move|p1a: cutter butter|U-turn|p2a: Skarmory
|-resisted|p2a: Skarmory
|-damage|p2a: Skarmory|69/100
|
|t:|1652009672
|switch|p1a: moltres leches|Moltres|88/100|[from]move: U-turn
|
|upkeep
|turn|21
|
|t:|1652009684
|switch|p2a: Chansey|Chansey, F|68/100
|move|p1a: moltres leches|Flamethrower|p2a: Chansey
|-damage|p2a: Chansey|57/100
|
|upkeep
|turn|22
|
|t:|1652009690
|move|p1a: moltres leches|U-turn|p2a: Chansey
|-damage|p2a: Chansey|47/100
|
|t:|1652009693
|switch|p1a: cutter butter|Scizor, F|84/100|[from]move: U-turn
|move|p2a: Chansey|Soft-Boiled|p2a: Chansey
|-heal|p2a: Chansey|98/100
|
|upkeep
|turn|23
|
|t:|1652009707
|switch|p2a: Skarmory|Skarmory, F|69/100
|move|p1a: cutter butter|U-turn|p2a: Skarmory
|-resisted|p2a: Skarmory
|-damage|p2a: Skarmory|64/100
|
|t:|1652009718
|switch|p1a: moltres leches|Moltres|88/100|[from]move: U-turn
|
|upkeep
|turn|24
|
|t:|1652009735
|switch|p2a: Slowking|Slowking, F|100/100
|move|p1a: moltres leches|Flamethrower|p2a: Slowking
|-resisted|p2a: Slowking
|-damage|p2a: Slowking|86/100
|
|upkeep
|turn|25
|inactive|UULT91w Mimilucha has 120 seconds left.
|
|t:|1652009761
|move|p1a: moltres leches|U-turn|p2a: Slowking
|-supereffective|p2a: Slowking
|-damage|p2a: Slowking|64/100
|
|t:|1652009764
|switch|p1a: zapolite|Zarude|95/100|[from]move: U-turn
|move|p2a: Slowking|Scald|p1a: zapolite
|-resisted|p1a: zapolite
|-damage|p1a: zapolite|80/100
|
|upkeep
|turn|26
|inactive|UULT91w Mimilucha has 120 seconds left.
|
|t:|1652009780
|switch|p2a: Skarmory|Skarmory, F|64/100
|move|p1a: zapolite|Darkest Lariat|p2a: Skarmory
|-damage|p2a: Skarmory|25/100
|
|upkeep
|turn|27
|
|t:|1652009796
|switch|p2a: Umbreon|Umbreon, M|100/100
|move|p1a: zapolite|Darkest Lariat|p2a: Umbreon
|-resisted|p2a: Umbreon
|-damage|p2a: Umbreon|79/100
|
|-heal|p2a: Umbreon|85/100|[from] item: Leftovers
|upkeep
|turn|28
|
|t:|1652009815
|move|p1a: zapolite|Darkest Lariat|p2a: Umbreon
|-resisted|p2a: Umbreon
|-damage|p2a: Umbreon|66/100
|move|p2a: Umbreon|Wish|p2a: Umbreon
|
|-heal|p2a: Umbreon|73/100|[from] item: Leftovers
|upkeep
|turn|29
|
|t:|1652009834
|switch|p1a: wishy washy|Rotom-Wash|100/100
|move|p2a: Umbreon|Foul Play|p1a: wishy washy
|-damage|p1a: wishy washy|86/100
|
|-heal|p2a: Umbreon|100/100|[from] move: Wish|[wisher] Umbreon
|-heal|p1a: wishy washy|92/100|[from] item: Leftovers
|upkeep
|turn|30
|
|t:|1652009842
|switch|p2a: Quagsire|Quagsire, F|100/100
|move|p1a: wishy washy|Volt Switch|p2a: Quagsire
|-immune|p2a: Quagsire
|
|-heal|p1a: wishy washy|98/100|[from] item: Leftovers
|upkeep
|turn|31
|
|t:|1652009847
|switch|p1a: command the sand|Hippowdon, M|88/100 tox
|-weather|Sandstorm|[from] ability: Sand Stream|[of] p1a: command the sand
|move|p2a: Quagsire|Scald|p1a: command the sand
|-supereffective|p1a: command the sand
|-damage|p1a: command the sand|48/100 tox
|
|-weather|Sandstorm|[upkeep]
|-heal|p1a: command the sand|54/100 tox|[from] item: Leftovers
|-damage|p1a: command the sand|48/100 tox|[from] psn
|upkeep
|turn|32
|
|t:|1652009867
|switch|p2a: Skarmory|Skarmory, F|25/100
|move|p1a: command the sand|Stealth Rock|p2a: Skarmory
|-sidestart|p2: UULT91w Mimilucha|move: Stealth Rock
|
|-weather|Sandstorm|[upkeep]
|-heal|p1a: command the sand|54/100 tox|[from] item: Leftovers
|-damage|p1a: command the sand|41/100 tox|[from] psn
|upkeep
|turn|33
|
|t:|1652009885
|switch|p1a: moltres leches|Moltres|88/100
|move|p2a: Skarmory|Defog|p1a: moltres leches
|-unboost|p1a: moltres leches|evasion|1
|-sideend|p2: UULT91w Mimilucha|Stealth Rock|[from] move: Defog|[of] p2a: Skarmory
|
|-weather|Sandstorm|[upkeep]
|-damage|p1a: moltres leches|82/100|[from] Sandstorm
|upkeep
|turn|34
|
|t:|1652009890
|switch|p2a: Slowking|Slowking, F|97/100
|move|p1a: moltres leches|U-turn|p2a: Slowking
|-supereffective|p2a: Slowking
|-damage|p2a: Slowking|77/100
|
|t:|1652009900
|switch|p1a: cutter butter|Scizor, F|84/100|[from]move: U-turn
|
|-weather|Sandstorm|[upkeep]
|-damage|p2a: Slowking|71/100|[from] Sandstorm
|upkeep
|turn|35
|inactive|UULT91w Mimilucha has 120 seconds left.
|
|t:|1652009931
|switch|p2a: Scizor|Scizor, F|92/100
|move|p1a: cutter butter|U-turn|p2a: Scizor
|-resisted|p2a: Scizor
|-damage|p2a: Scizor|75/100
|
|t:|1652009960
|switch|p1a: moltres leches|Moltres|82/100|[from]move: U-turn
|
|-weather|none
|-heal|p2a: Scizor|82/100|[from] item: Leftovers
|upkeep
|turn|36
|
|t:|1652009971
|switch|p2a: Slowking|Slowking, F|100/100
|move|p1a: moltres leches|U-turn|p2a: Slowking
|-supereffective|p2a: Slowking
|-damage|p2a: Slowking|79/100
|
|t:|1652009973
|switch|p1a: cutter butter|Scizor, F|84/100|[from]move: U-turn
|
|upkeep
|turn|37
|
|t:|1652009983
|switch|p2a: Skarmory|Skarmory, F|25/100
|move|p1a: cutter butter|U-turn|p2a: Skarmory
|-resisted|p2a: Skarmory
|-damage|p2a: Skarmory|19/100
|
|t:|1652010009
|switch|p1a: moltres leches|Moltres|82/100|[from]move: U-turn
|
|upkeep
|turn|38
|
|t:|1652010020
|switch|p2a: Quagsire|Quagsire, F|100/100
|move|p1a: moltres leches|Flamethrower|p2a: Quagsire
|-resisted|p2a: Quagsire
|-damage|p2a: Quagsire|81/100
|
|-heal|p2a: Quagsire|87/100|[from] item: Leftovers
|upkeep
|turn|39
|
|t:|1652010027
|move|p1a: moltres leches|U-turn|p2a: Quagsire
|-damage|p2a: Quagsire|76/100
|
|t:|1652010029
|switch|p1a: zapolite|Zarude|80/100|[from]move: U-turn
|move|p2a: Quagsire|Scald|p1a: zapolite
|-resisted|p1a: zapolite
|-damage|p1a: zapolite|69/100
|
|-heal|p2a: Quagsire|82/100|[from] item: Leftovers
|upkeep
|turn|40
|
|t:|1652010037
|switch|p2a: Umbreon|Umbreon, M|100/100
|move|p1a: zapolite|U-turn|p2a: Umbreon
|-supereffective|p2a: Umbreon
|-damage|p2a: Umbreon|52/100
|
|t:|1652010042
|switch|p1a: cutter butter|Scizor, F|84/100|[from]move: U-turn
|
|-heal|p2a: Umbreon|58/100|[from] item: Leftovers
|upkeep
|turn|41
|
|t:|1652010050
|move|p2a: Umbreon|Protect|p2a: Umbreon
|-singleturn|p2a: Umbreon|Protect
|move|p1a: cutter butter|U-turn|p2a: Umbreon
|-activate|p2a: Umbreon|move: Protect
|
|-heal|p2a: Umbreon|64/100|[from] item: Leftovers
|upkeep
|turn|42
|
|t:|1652010055
|switch|p2a: Scizor|Scizor, F|82/100
|move|p1a: cutter butter|U-turn|p2a: Scizor
|-resisted|p2a: Scizor
|-crit|p2a: Scizor
|-damage|p2a: Scizor|59/100
|
|t:|1652010077
|switch|p1a: moltres leches|Moltres|82/100|[from]move: U-turn
|
|-heal|p2a: Scizor|65/100|[from] item: Leftovers
|upkeep
|turn|43
|j| P.Otaku❄
|inactive|chiharu haru has 120 seconds left.
|
|t:|1652010107
|move|p1a: moltres leches|U-turn|p2a: Scizor
|-resisted|p2a: Scizor
|-damage|p2a: Scizor|57/100
|inactive|chiharu haru has 90 seconds left.
|j| SBD Training
|
|t:|1652010152
|switch|p1a: Zygarde-10% off|Zygarde-10%|100/100|[from]move: U-turn
|-ability|p1a: Zygarde-10% off|Aura Break
|move|p2a: Scizor|Knock Off|p1a: Zygarde-10% off
|-damage|p1a: Zygarde-10% off|54/100
|-enditem|p1a: Zygarde-10% off|Choice Band|[from] move: Knock Off|[of] p2a: Scizor
|
|-heal|p2a: Scizor|64/100|[from] item: Leftovers
|upkeep
|turn|44
|
|t:|1652010164
|switch|p1a: moltres leches|Moltres|82/100
|move|p2a: Scizor|Roost|p2a: Scizor
|-heal|p2a: Scizor|100/100
|-singleturn|p2a: Scizor|move: Roost
|
|upkeep
|turn|45
|
|t:|1652010168
|switch|p2a: Chansey|Chansey, F|98/100
|move|p1a: moltres leches|U-turn|p2a: Chansey
|-damage|p2a: Chansey|88/100
|
|t:|1652010177
|switch|p1a: cutter butter|Scizor, F|84/100|[from]move: U-turn
|
|upkeep
|turn|46
|
|t:|1652010188
|switch|p2a: Scizor|Scizor, F|100/100
|move|p1a: cutter butter|Knock Off|p2a: Scizor
|-damage|p2a: Scizor|70/100
|-enditem|p2a: Scizor|Leftovers|[from] move: Knock Off|[of] p1a: cutter butter
|
|upkeep
|turn|47
|
|t:|1652010193
|move|p2a: Scizor|Roost|p2a: Scizor
|-heal|p2a: Scizor|100/100
|-singleturn|p2a: Scizor|move: Roost
|move|p1a: cutter butter|U-turn|p2a: Scizor
|-resisted|p2a: Scizor
|-damage|p2a: Scizor|86/100
|
|t:|1652010195
|switch|p1a: moltres leches|Moltres|82/100|[from]move: U-turn
|
|upkeep
|turn|48
|
|t:|1652010200
|switch|p2a: Slowking|Slowking, F|100/100
|move|p1a: moltres leches|U-turn|p2a: Slowking
|-supereffective|p2a: Slowking
|-damage|p2a: Slowking|81/100
|
|t:|1652010213
|switch|p1a: cutter butter|Scizor, F|84/100|[from]move: U-turn
|
|upkeep
|turn|49
|
|t:|1652010218
|switch|p2a: Scizor|Scizor, F|86/100
|move|p1a: cutter butter|U-turn|p2a: Scizor
|-resisted|p2a: Scizor
|-damage|p2a: Scizor|69/100
|
|t:|1652010227
|switch|p1a: moltres leches|Moltres|82/100|[from]move: U-turn
|
|upkeep
|turn|50
|
|t:|1652010237
|switch|p2a: Slowking|Slowking, F|100/100
|move|p1a: moltres leches|U-turn|p2a: Slowking
|-supereffective|p2a: Slowking
|-damage|p2a: Slowking|79/100
|
|t:|1652010248
|switch|p1a: cutter butter|Scizor, F|84/100|[from]move: U-turn
|
|upkeep
|turn|51
|
|t:|1652010255
|move|p1a: cutter butter|U-turn|p2a: Slowking
|-supereffective|p2a: Slowking
|-damage|p2a: Slowking|29/100
|
|t:|1652010258
|switch|p1a: zapolite|Zarude|69/100|[from]move: U-turn
|move|p2a: Slowking|Slack Off|p2a: Slowking
|-heal|p2a: Slowking|79/100
|
|upkeep
|turn|52
|l| P.Otaku❄
|
|t:|1652010270
|switch|p2a: Scizor|Scizor, F|69/100
|move|p1a: zapolite|U-turn|p2a: Scizor
|-resisted|p2a: Scizor
|-damage|p2a: Scizor|52/100
|
|t:|1652010274
|switch|p1a: moltres leches|Moltres|82/100|[from]move: U-turn
|
|upkeep
|turn|53
|
|t:|1652010278
|move|p1a: moltres leches|Flamethrower|p2a: Scizor
|-supereffective|p2a: Scizor
|-damage|p2a: Scizor|0 fnt
|faint|p2a: Scizor
|
|upkeep
|
|t:|1652010281
|switch|p2a: Umbreon|Umbreon, M|64/100
|turn|54
|
|t:|1652010290
|move|p1a: moltres leches|U-turn|p2a: Umbreon
|-supereffective|p2a: Umbreon
|-damage|p2a: Umbreon|46/100
|
|t:|1652010292
|switch|p1a: cutter butter|Scizor, F|84/100|[from]move: U-turn
|move|p2a: Umbreon|Wish|p2a: Umbreon
|
|-heal|p2a: Umbreon|52/100|[from] item: Leftovers
|upkeep
|turn|55
|
|t:|1652010294
|move|p2a: Umbreon|Protect|p2a: Umbreon
|-singleturn|p2a: Umbreon|Protect
|move|p1a: cutter butter|Roost|p1a: cutter butter
|-heal|p1a: cutter butter|100/100
|-singleturn|p1a: cutter butter|move: Roost
|
|-heal|p2a: Umbreon|100/100|[from] move: Wish|[wisher] Umbreon
|upkeep
|turn|56
|
|t:|1652010300
|move|p2a: Umbreon|Wish|p2a: Umbreon
|move|p1a: cutter butter|U-turn|p2a: Umbreon
|-supereffective|p2a: Umbreon
|-damage|p2a: Umbreon|60/100
|
|t:|1652010307
|switch|p1a: zapolite|Zarude|69/100|[from]move: U-turn
|
|-heal|p2a: Umbreon|66/100|[from] item: Leftovers
|upkeep
|turn|57
|
|t:|1652010311
|move|p2a: Umbreon|Protect|p2a: Umbreon
|-singleturn|p2a: Umbreon|Protect
|move|p1a: zapolite|U-turn|p2a: Umbreon
|-activate|p2a: Umbreon|move: Protect
|
|-heal|p2a: Umbreon|100/100|[from] move: Wish|[wisher] Umbreon
|upkeep
|turn|58
|
|t:|1652010315
|move|p1a: zapolite|U-turn|p2a: Umbreon
|-supereffective|p2a: Umbreon
|-damage|p2a: Umbreon|52/100
|
|t:|1652010322
|switch|p1a: cutter butter|Scizor, F|100/100|[from]move: U-turn
|move|p2a: Umbreon|Wish|p2a: Umbreon
|
|-heal|p2a: Umbreon|58/100|[from] item: Leftovers
|upkeep
|turn|59
|
|t:|1652010330
|switch|p2a: Skarmory|Skarmory, F|19/100
|move|p1a: cutter butter|U-turn|p2a: Skarmory
|-resisted|p2a: Skarmory
|-damage|p2a: Skarmory|15/100
|
|t:|1652010339
|switch|p1a: moltres leches|Moltres|82/100|[from]move: U-turn
|
|-heal|p2a: Skarmory|78/100|[from] move: Wish|[wisher] Umbreon
|upkeep
|turn|60
|
|t:|1652010343
|switch|p2a: Slowking|Slowking, F|100/100
|move|p1a: moltres leches|U-turn|p2a: Slowking
|-supereffective|p2a: Slowking
|-damage|p2a: Slowking|81/100
|
|t:|1652010347
|switch|p1a: cutter butter|Scizor, F|100/100|[from]move: U-turn
|
|upkeep
|turn|61
|
|t:|1652010350
|switch|p2a: Skarmory|Skarmory, F|78/100
|move|p1a: cutter butter|U-turn|p2a: Skarmory
|-resisted|p2a: Skarmory
|-damage|p2a: Skarmory|73/100
|
|t:|1652010356
|switch|p1a: wishy washy|Rotom-Wash|98/100|[from]move: U-turn
|
|-heal|p1a: wishy washy|100/100|[from] item: Leftovers
|upkeep
|turn|62
|
|t:|1652010381
|switch|p2a: Quagsire|Quagsire, F|82/100
|move|p1a: wishy washy|Hydro Pump|p2a: Quagsire|[miss]
|-miss|p1a: wishy washy|p2a: Quagsire
|
|-heal|p2a: Quagsire|88/100|[from] item: Leftovers
|upkeep
|turn|63
|
|t:|1652010389
|switch|p1a: zapolite|Zarude|69/100
|move|p2a: Quagsire|Toxic|p1a: zapolite
|-status|p1a: zapolite|tox
|
|-heal|p2a: Quagsire|94/100|[from] item: Leftovers
|-damage|p1a: zapolite|63/100 tox|[from] psn
|upkeep
|turn|64
|
|t:|1652010397
|switch|p2a: Chansey|Chansey, F|88/100
|move|p1a: zapolite|U-turn|p2a: Chansey
|-damage|p2a: Chansey|67/100
|
|t:|1652010403
|switch|p1a: cutter butter|Scizor, F|100/100|[from]move: U-turn
|
|upkeep
|turn|65
|
|t:|1652010405
|switch|p2a: Skarmory|Skarmory, F|73/100
|move|p1a: cutter butter|U-turn|p2a: Skarmory
|-resisted|p2a: Skarmory
|-damage|p2a: Skarmory|68/100
|
|t:|1652010410
|switch|p1a: moltres leches|Moltres|82/100|[from]move: U-turn
|
|upkeep
|turn|66
|
|t:|1652010436
|switch|p2a: Chansey|Chansey, F|67/100
|move|p1a: moltres leches|U-turn|p2a: Chansey
|-damage|p2a: Chansey|57/100
|
|t:|1652010441
|switch|p1a: cutter butter|Scizor, F|100/100|[from]move: U-turn
|
|upkeep
|turn|67
|
|t:|1652010443
|switch|p2a: Skarmory|Skarmory, F|68/100
|move|p1a: cutter butter|U-turn|p2a: Skarmory
|-resisted|p2a: Skarmory
|-damage|p2a: Skarmory|63/100
|
|t:|1652010450
|switch|p1a: moltres leches|Moltres|82/100|[from]move: U-turn
|
|upkeep
|turn|68
|
|t:|1652010460
|switch|p2a: Chansey|Chansey, F|57/100
|move|p1a: moltres leches|Flamethrower|p2a: Chansey
|-damage|p2a: Chansey|44/100
|
|upkeep
|turn|69
|
|t:|1652010463
|move|p1a: moltres leches|U-turn|p2a: Chansey
|-damage|p2a: Chansey|35/100
|
|t:|1652010464
|switch|p1a: cutter butter|Scizor, F|100/100|[from]move: U-turn
|move|p2a: Chansey|Soft-Boiled|p2a: Chansey
|-heal|p2a: Chansey|86/100
|
|upkeep
|turn|70
|
|t:|1652010468
|move|p1a: cutter butter|U-turn|p2a: Chansey
|-damage|p2a: Chansey|64/100
|
|t:|1652010474
|switch|p1a: command the sand|Hippowdon, M|41/100 tox|[from]move: U-turn
|-weather|Sandstorm|[from] ability: Sand Stream|[of] p1a: command the sand
|move|p2a: Chansey|Stealth Rock|p1a: command the sand
|-sidestart|p1: chiharu haru|move: Stealth Rock
|
|-weather|Sandstorm|[upkeep]
|-damage|p2a: Chansey|58/100|[from] Sandstorm
|-heal|p1a: command the sand|48/100 tox|[from] item: Leftovers
|-damage|p1a: command the sand|41/100 tox|[from] psn
|upkeep
|turn|71
|
|t:|1652010479
|switch|p2a: Skarmory|Skarmory, F|63/100
|move|p1a: command the sand|Stealth Rock|p2a: Skarmory
|-sidestart|p2: UULT91w Mimilucha|move: Stealth Rock
|
|-weather|Sandstorm|[upkeep]
|-heal|p1a: command the sand|48/100 tox|[from] item: Leftovers
|-damage|p1a: command the sand|35/100 tox|[from] psn
|upkeep
|turn|72
|
|t:|1652010487
|switch|p1a: moltres leches|Moltres|82/100
|move|p2a: Skarmory|Defog|p1a: moltres leches
|-unboost|p1a: moltres leches|evasion|1
|-sideend|p1: chiharu haru|Stealth Rock|[from] move: Defog|[of] p2a: Skarmory
|-sideend|p2: UULT91w Mimilucha|Stealth Rock|[from] move: Defog|[of] p2a: Skarmory
|
|-weather|Sandstorm|[upkeep]
|-damage|p1a: moltres leches|76/100|[from] Sandstorm
|upkeep
|turn|73
|
|t:|1652010491
|move|p1a: moltres leches|U-turn|p2a: Skarmory
|-resisted|p2a: Skarmory
|-damage|p2a: Skarmory|61/100
|
|t:|1652010505
|switch|p1a: command the sand|Hippowdon, M|35/100 tox|[from]move: U-turn
|move|p2a: Skarmory|Roost|p2a: Skarmory
|-heal|p2a: Skarmory|100/100
|-singleturn|p2a: Skarmory|move: Roost
|
|-weather|Sandstorm|[upkeep]
|-heal|p1a: command the sand|41/100 tox|[from] item: Leftovers
|-damage|p1a: command the sand|35/100 tox|[from] psn
|upkeep
|turn|74
|
|t:|1652010507
|move|p2a: Skarmory|Body Press|p1a: command the sand
|-damage|p1a: command the sand|18/100 tox
|move|p1a: command the sand|Slack Off|p1a: command the sand
|-heal|p1a: command the sand|68/100 tox
|
|-weather|none
|-heal|p1a: command the sand|74/100 tox|[from] item: Leftovers
|-damage|p1a: command the sand|62/100 tox|[from] psn
|upkeep
|turn|75
|
|t:|1652010513
|move|p2a: Skarmory|Iron Defense|p2a: Skarmory
|-boost|p2a: Skarmory|def|2
|move|p1a: command the sand|Stealth Rock|p2a: Skarmory
|-sidestart|p2: UULT91w Mimilucha|move: Stealth Rock
|
|-heal|p1a: command the sand|68/100 tox|[from] item: Leftovers
|-damage|p1a: command the sand|49/100 tox|[from] psn
|upkeep
|turn|76
|
|t:|1652010515
|switch|p1a: moltres leches|Moltres|76/100
|move|p2a: Skarmory|Defog|p1a: moltres leches
|-unboost|p1a: moltres leches|evasion|1
|-sideend|p2: UULT91w Mimilucha|Stealth Rock|[from] move: Defog|[of] p2a: Skarmory
|
|upkeep
|turn|77
|
|t:|1652010525
|switch|p2a: Slowking|Slowking, F|100/100
|move|p1a: moltres leches|U-turn|p2a: Slowking
|-supereffective|p2a: Slowking
|-damage|p2a: Slowking|79/100
|
|t:|1652010528
|switch|p1a: cutter butter|Scizor, F|100/100|[from]move: U-turn
|
|upkeep
|turn|78
|
|t:|1652010530
|switch|p2a: Skarmory|Skarmory, F|100/100
|move|p1a: cutter butter|U-turn|p2a: Skarmory
|-resisted|p2a: Skarmory
|-damage|p2a: Skarmory|95/100
|
|t:|1652010532
|switch|p1a: command the sand|Hippowdon, M|49/100 tox|[from]move: U-turn
|-weather|Sandstorm|[from] ability: Sand Stream|[of] p1a: command the sand
|
|-weather|Sandstorm|[upkeep]
|-heal|p1a: command the sand|56/100 tox|[from] item: Leftovers
|-damage|p1a: command the sand|49/100 tox|[from] psn
|upkeep
|turn|79
|
|t:|1652010535
|move|p2a: Skarmory|Iron Defense|p2a: Skarmory
|-boost|p2a: Skarmory|def|2
|move|p1a: command the sand|Slack Off|p1a: command the sand
|-heal|p1a: command the sand|99/100 tox
|
|-weather|Sandstorm|[upkeep]
|-heal|p1a: command the sand|100/100 tox|[from] item: Leftovers
|-damage|p1a: command the sand|88/100 tox|[from] psn
|upkeep
|turn|80
|
|t:|1652010539
|switch|p1a: moltres leches|Moltres|76/100
|move|p2a: Skarmory|Iron Defense|p2a: Skarmory
|-boost|p2a: Skarmory|def|2
|
|-weather|Sandstorm|[upkeep]
|-damage|p1a: moltres leches|70/100|[from] Sandstorm
|upkeep
|turn|81
|l|sbdtraining
|
|t:|1652010548
|switch|p2a: Chansey|Chansey, F|58/100
|move|p1a: moltres leches|Flamethrower|p2a: Chansey
|-crit|p2a: Chansey
|-damage|p2a: Chansey|40/100
|
|-weather|Sandstorm|[upkeep]
|-damage|p1a: moltres leches|64/100|[from] Sandstorm
|-damage|p2a: Chansey|34/100|[from] Sandstorm
|upkeep
|turn|82
|
|t:|1652010555
|move|p1a: moltres leches|Hurricane|p2a: Chansey|[miss]
|-miss|p1a: moltres leches|p2a: Chansey
|move|p2a: Chansey|Soft-Boiled|p2a: Chansey
|-heal|p2a: Chansey|84/100
|
|-weather|none
|upkeep
|turn|83
|
|t:|1652010557
|move|p1a: moltres leches|U-turn|p2a: Chansey
|-damage|p2a: Chansey|75/100
|
|t:|1652010559
|switch|p1a: command the sand|Hippowdon, M|88/100 tox|[from]move: U-turn
|-weather|Sandstorm|[from] ability: Sand Stream|[of] p1a: command the sand
|move|p2a: Chansey|Stealth Rock|p1a: command the sand
|-sidestart|p1: chiharu haru|move: Stealth Rock
|
|-weather|Sandstorm|[upkeep]
|-damage|p2a: Chansey|69/100|[from] Sandstorm
|-heal|p1a: command the sand|94/100 tox|[from] item: Leftovers
|-damage|p1a: command the sand|88/100 tox|[from] psn
|upkeep
|turn|84
|
|t:|1652010562
|switch|p2a: Skarmory|Skarmory, F|95/100
|move|p1a: command the sand|Stealth Rock|p2a: Skarmory
|-sidestart|p2: UULT91w Mimilucha|move: Stealth Rock
|
|-weather|Sandstorm|[upkeep]
|-heal|p1a: command the sand|94/100 tox|[from] item: Leftovers
|-damage|p1a: command the sand|82/100 tox|[from] psn
|upkeep
|turn|85
|
|t:|1652010566
|switch|p1a: moltres leches|Moltres|64/100
|move|p2a: Skarmory|Defog|p1a: moltres leches
|-unboost|p1a: moltres leches|evasion|1
|-sideend|p1: chiharu haru|Stealth Rock|[from] move: Defog|[of] p2a: Skarmory
|-sideend|p2: UULT91w Mimilucha|Stealth Rock|[from] move: Defog|[of] p2a: Skarmory
|
|-weather|Sandstorm|[upkeep]
|-damage|p1a: moltres leches|58/100|[from] Sandstorm
|upkeep
|turn|86
|
|t:|1652010569
|switch|p2a: Chansey|Chansey, F|69/100
|move|p1a: moltres leches|Roost|p1a: moltres leches
|-heal|p1a: moltres leches|100/100
|-singleturn|p1a: moltres leches|move: Roost
|
|-weather|Sandstorm|[upkeep]
|-damage|p1a: moltres leches|94/100|[from] Sandstorm
|-damage|p2a: Chansey|63/100|[from] Sandstorm
|upkeep
|turn|87
|
|t:|1652010574
|move|p1a: moltres leches|U-turn|p2a: Chansey
|-damage|p2a: Chansey|54/100
|
|t:|1652010575
|switch|p1a: command the sand|Hippowdon, M|82/100 tox|[from]move: U-turn
|move|p2a: Chansey|Soft-Boiled|p2a: Chansey
|-heal|p2a: Chansey|100/100
|
|-weather|none
|-heal|p1a: command the sand|88/100 tox|[from] item: Leftovers
|-damage|p1a: command the sand|82/100 tox|[from] psn
|upkeep
|turn|88
|
|t:|1652010579
|switch|p2a: Skarmory|Skarmory, F|95/100
|move|p1a: command the sand|Stealth Rock|p2a: Skarmory
|-sidestart|p2: UULT91w Mimilucha|move: Stealth Rock
|
|-heal|p1a: command the sand|88/100 tox|[from] item: Leftovers
|-damage|p1a: command the sand|76/100 tox|[from] psn
|upkeep
|turn|89
|
|t:|1652010583
|move|p2a: Skarmory|Defog|p1a: command the sand
|-unboost|p1a: command the sand|evasion|1
|-sideend|p2: UULT91w Mimilucha|Stealth Rock|[from] move: Defog|[of] p2a: Skarmory
|move|p1a: command the sand|Slack Off|p1a: command the sand
|-heal|p1a: command the sand|100/100 tox
|
|-damage|p1a: command the sand|82/100 tox|[from] psn
|upkeep
|turn|90
|
|t:|1652010586
|move|p2a: Skarmory|Iron Defense|p2a: Skarmory
|-boost|p2a: Skarmory|def|2
|move|p1a: command the sand|Stealth Rock|p2a: Skarmory
|-sidestart|p2: UULT91w Mimilucha|move: Stealth Rock
|
|-heal|p1a: command the sand|88/100 tox|[from] item: Leftovers
|-damage|p1a: command the sand|63/100 tox|[from] psn
|upkeep
|turn|91
|
|t:|1652010588
|switch|p1a: moltres leches|Moltres|94/100
|move|p2a: Skarmory|Defog|p1a: moltres leches
|-unboost|p1a: moltres leches|evasion|1
|-sideend|p2: UULT91w Mimilucha|Stealth Rock|[from] move: Defog|[of] p2a: Skarmory
|
|upkeep
|turn|92
|
|t:|1652010592
|switch|p2a: Slowking|Slowking, F|100/100
|move|p1a: moltres leches|Flamethrower|p2a: Slowking
|-resisted|p2a: Slowking
|-damage|p2a: Slowking|86/100
|
|upkeep
|turn|93
|
|t:|1652010598
|switch|p1a: zapolite|Zarude|63/100 tox
|move|p2a: Slowking|Scald|p1a: zapolite
|-resisted|p1a: zapolite
|-damage|p1a: zapolite|50/100 tox
|
|-damage|p1a: zapolite|44/100 tox|[from] psn
|upkeep
|turn|94
|
|t:|1652010606
|switch|p2a: Chansey|Chansey, F|100/100
|move|p1a: zapolite|Jungle Healing|p1a: zapolite
|-heal|p1a: zapolite|69/100 tox
|-curestatus|p1a: zapolite|tox|[msg]
|
|upkeep
|turn|95
|
|t:|1652010623
|switch|p1a: cutter butter|Scizor, F|100/100
|move|p2a: Chansey|Seismic Toss|p1a: cutter butter
|-damage|p1a: cutter butter|71/100
|
|upkeep
|turn|96
|
|t:|1652010626
|switch|p2a: Skarmory|Skarmory, F|95/100
|move|p1a: cutter butter|Knock Off|p2a: Skarmory
|-damage|p2a: Skarmory|83/100
|
|upkeep
|turn|97
|
|t:|1652010633
|switch|p1a: moltres leches|Moltres|94/100
|move|p2a: Skarmory|Iron Defense|p2a: Skarmory
|-boost|p2a: Skarmory|def|2
|
|upkeep
|turn|98
|
|t:|1652010636
|switch|p2a: Slowking|Slowking, F|100/100
|move|p1a: moltres leches|Flamethrower|p2a: Slowking
|-resisted|p2a: Slowking
|-damage|p2a: Slowking|85/100
|
|upkeep
|turn|99
|
|t:|1652010648
|switch|p1a: zapolite|Zarude|69/100
|move|p2a: Slowking|Scald|p1a: zapolite
|-resisted|p1a: zapolite
|-damage|p1a: zapolite|56/100
|-status|p1a: zapolite|brn
|
|-damage|p1a: zapolite|50/100 brn|[from] brn
|upkeep
|turn|100
|
|t:|1652010652
|switch|p2a: Umbreon|Umbreon, M|58/100
|move|p1a: zapolite|Jungle Healing|p1a: zapolite
|-heal|p1a: zapolite|75/100 brn
|-curestatus|p1a: zapolite|brn|[msg]
|
|-heal|p2a: Umbreon|64/100|[from] item: Leftovers
|upkeep
|turn|101
|
|t:|1652010658
|switch|p1a: cutter butter|Scizor, F|71/100
|move|p2a: Umbreon|Wish|p2a: Umbreon
|
|-heal|p2a: Umbreon|71/100|[from] item: Leftovers
|upkeep
|turn|102
|
|t:|1652010661
|move|p2a: Umbreon|Foul Play|p1a: cutter butter
|-damage|p1a: cutter butter|37/100
|move|p1a: cutter butter|Roost|p1a: cutter butter
|-heal|p1a: cutter butter|87/100
|-singleturn|p1a: cutter butter|move: Roost
|
|-heal|p2a: Umbreon|100/100|[from] move: Wish|[wisher] Umbreon
|upkeep
|turn|103
|
|t:|1652010670
|move|p2a: Umbreon|Foul Play|p1a: cutter butter
|-damage|p1a: cutter butter|55/100
|move|p1a: cutter butter|Knock Off|p2a: Umbreon
|-resisted|p2a: Umbreon
|-damage|p2a: Umbreon|90/100
|-enditem|p2a: Umbreon|Leftovers|[from] move: Knock Off|[of] p1a: cutter butter
|
|upkeep
|turn|104
|
|t:|1652010676
|switch|p2a: Skarmory|Skarmory, F|83/100
|move|p1a: cutter butter|Roost|p1a: cutter butter
|-heal|p1a: cutter butter|100/100
|-singleturn|p1a: cutter butter|move: Roost
|
|upkeep
|turn|105
|
|t:|1652010680
|move|p2a: Skarmory|Body Press|p1a: cutter butter
|-damage|p1a: cutter butter|76/100
|move|p1a: cutter butter|U-turn|p2a: Skarmory
|-resisted|p2a: Skarmory
|-damage|p2a: Skarmory|78/100
|
|t:|1652010685
|switch|p1a: command the sand|Hippowdon, M|63/100 tox|[from]move: U-turn
|-weather|Sandstorm|[from] ability: Sand Stream|[of] p1a: command the sand
|
|-weather|Sandstorm|[upkeep]
|-heal|p1a: command the sand|69/100 tox|[from] item: Leftovers
|-damage|p1a: command the sand|63/100 tox|[from] psn
|upkeep
|turn|106
|
|t:|1652010688
|move|p2a: Skarmory|Body Press|p1a: command the sand
|-damage|p1a: command the sand|46/100 tox
|move|p1a: command the sand|Slack Off|p1a: command the sand
|-heal|p1a: command the sand|96/100 tox
|
|-weather|Sandstorm|[upkeep]
|-heal|p1a: command the sand|100/100 tox|[from] item: Leftovers
|-damage|p1a: command the sand|88/100 tox|[from] psn
|upkeep
|turn|107
|
|t:|1652010692
|move|p2a: Skarmory|Iron Defense|p2a: Skarmory
|-boost|p2a: Skarmory|def|2
|move|p1a: command the sand|Stealth Rock|p2a: Skarmory
|-sidestart|p2: UULT91w Mimilucha|move: Stealth Rock
|
|-weather|Sandstorm|[upkeep]
|-heal|p1a: command the sand|94/100 tox|[from] item: Leftovers
|-damage|p1a: command the sand|76/100 tox|[from] psn
|upkeep
|turn|108
|
|t:|1652010710
|switch|p1a: cutter butter|Scizor, F|76/100
|move|p2a: Skarmory|Defog|p1a: cutter butter
|-unboost|p1a: cutter butter|evasion|1
|-sideend|p2: UULT91w Mimilucha|Stealth Rock|[from] move: Defog|[of] p2a: Skarmory
|
|-weather|Sandstorm|[upkeep]
|upkeep
|turn|109
|
|t:|1652010712
|switch|p1a: moltres leches|Moltres|94/100
|move|p2a: Skarmory|Body Press|p1a: moltres leches
|-resisted|p1a: moltres leches
|-damage|p1a: moltres leches|66/100
|-status|p2a: Skarmory|brn|[from] ability: Flame Body|[of] p1a: moltres leches
|
|-weather|none
|-damage|p2a: Skarmory|72/100 brn|[from] brn
|upkeep
|turn|110
|
|t:|1652010718
|move|p1a: moltres leches|U-turn|p2a: Skarmory
|-resisted|p2a: Skarmory
|-damage|p2a: Skarmory|71/100 brn
|
|t:|1652010722
|switch|p1a: wishy washy|Rotom-Wash|100/100|[from]move: U-turn
|move|p2a: Skarmory|Body Press|p1a: wishy washy
|-damage|p1a: wishy washy|74/100
|
|-heal|p1a: wishy washy|80/100|[from] item: Leftovers
|-damage|p2a: Skarmory|64/100 brn|[from] brn
|upkeep
|turn|111
|
|t:|1652010732
|switch|p1a: cutter butter|Scizor, F|76/100
|switch|p2a: Umbreon|Umbreon, M|90/100
|
|upkeep
|turn|112
|
|t:|1652010737
|move|p2a: Umbreon|Wish|p2a: Umbreon
|move|p1a: cutter butter|U-turn|p2a: Umbreon
|-supereffective|p2a: Umbreon
|-damage|p2a: Umbreon|46/100
|
|t:|1652010751
|switch|p1a: zapolite|Zarude|75/100|[from]move: U-turn
|
|upkeep
|turn|113
|
|t:|1652010755
|move|p2a: Umbreon|Protect|p2a: Umbreon
|-singleturn|p2a: Umbreon|Protect
|move|p1a: zapolite|U-turn|p2a: Umbreon
|-activate|p2a: Umbreon|move: Protect
|
|-heal|p2a: Umbreon|96/100|[from] move: Wish|[wisher] Umbreon
|upkeep
|turn|114
|j| Dltct QianJiang
|
|t:|1652010758
|move|p1a: zapolite|U-turn|p2a: Umbreon
|-supereffective|p2a: Umbreon
|-damage|p2a: Umbreon|48/100
|
|t:|1652010760
|switch|p1a: cutter butter|Scizor, F|76/100|[from]move: U-turn
|move|p2a: Umbreon|Wish|p2a: Umbreon
|
|upkeep
|turn|115
|
|t:|1652010764
|move|p2a: Umbreon|Protect|p2a: Umbreon
|-singleturn|p2a: Umbreon|Protect
|move|p1a: cutter butter|U-turn|p2a: Umbreon
|-activate|p2a: Umbreon|move: Protect
|
|-heal|p2a: Umbreon|98/100|[from] move: Wish|[wisher] Umbreon
|upkeep
|turn|116
|
|t:|1652010778
|switch|p2a: Skarmory|Skarmory, F|64/100 brn
|move|p1a: cutter butter|U-turn|p2a: Skarmory
|-resisted|p2a: Skarmory
|-damage|p2a: Skarmory|60/100 brn
|inactive|chiharu haru has 120 seconds left.
|
|t:|1652010813
|switch|p1a: moltres leches|Moltres|66/100|[from]move: U-turn
|
|-damage|p2a: Skarmory|54/100 brn|[from] brn
|upkeep
|turn|117
|
|t:|1652010819
|switch|p2a: Chansey|Chansey, F|100/100
|move|p1a: moltres leches|Hurricane|p2a: Chansey
|-damage|p2a: Chansey|86/100
|-start|p2a: Chansey|confusion
|
|upkeep
|turn|118
|
|t:|1652010823
|move|p1a: moltres leches|U-turn|p2a: Chansey
|-damage|p2a: Chansey|77/100
|
|t:|1652010824
|switch|p1a: command the sand|Hippowdon, M|76/100 tox|[from]move: U-turn
|-weather|Sandstorm|[from] ability: Sand Stream|[of] p1a: command the sand
|-activate|p2a: Chansey|confusion
|-damage|p2a: Chansey|76/100|[from] confusion
|
|-weather|Sandstorm|[upkeep]
|-damage|p2a: Chansey|70/100|[from] Sandstorm
|-heal|p1a: command the sand|82/100 tox|[from] item: Leftovers
|-damage|p1a: command the sand|76/100 tox|[from] psn
|upkeep
|turn|119
|
|t:|1652010828
|switch|p2a: Skarmory|Skarmory, F|54/100 brn
|move|p1a: command the sand|Stealth Rock|p2a: Skarmory
|-sidestart|p2: UULT91w Mimilucha|move: Stealth Rock
|
|-weather|Sandstorm|[upkeep]
|-heal|p1a: command the sand|82/100 tox|[from] item: Leftovers
|-damage|p1a: command the sand|69/100 tox|[from] psn
|-damage|p2a: Skarmory|47/100 brn|[from] brn
|upkeep
|turn|120
|j|+Tuthur
|
|t:|1652010841
|switch|p1a: moltres leches|Moltres|66/100
|move|p2a: Skarmory|Defog|p1a: moltres leches
|-unboost|p1a: moltres leches|evasion|1
|-sideend|p2: UULT91w Mimilucha|Stealth Rock|[from] move: Defog|[of] p2a: Skarmory
|
|-weather|Sandstorm|[upkeep]
|-damage|p1a: moltres leches|60/100|[from] Sandstorm
|-damage|p2a: Skarmory|41/100 brn|[from] brn
|upkeep
|turn|121
|
|t:|1652010855
|switch|p2a: Chansey|Chansey, F|70/100
|move|p1a: moltres leches|Flamethrower|p2a: Chansey
|-damage|p2a: Chansey|58/100
|
|-weather|Sandstorm|[upkeep]
|-damage|p1a: moltres leches|54/100|[from] Sandstorm
|-damage|p2a: Chansey|52/100|[from] Sandstorm
|upkeep
|turn|122
|
|t:|1652010860
|move|p1a: moltres leches|U-turn|p2a: Chansey
|-damage|p2a: Chansey|42/100
|
|t:|1652010862
|switch|p1a: command the sand|Hippowdon, M|69/100 tox|[from]move: U-turn
|move|p2a: Chansey|Soft-Boiled|p2a: Chansey
|-heal|p2a: Chansey|92/100
|
|-weather|none
|-heal|p1a: command the sand|76/100 tox|[from] item: Leftovers
|-damage|p1a: command the sand|69/100 tox|[from] psn
|upkeep
|turn|123
|
|t:|1652010865
|move|p2a: Chansey|Stealth Rock|p1a: command the sand
|-sidestart|p1: chiharu haru|move: Stealth Rock
|move|p1a: command the sand|Stealth Rock|p2a: Chansey
|-sidestart|p2: UULT91w Mimilucha|move: Stealth Rock
|
|-heal|p1a: command the sand|76/100 tox|[from] item: Leftovers
|-damage|p1a: command the sand|63/100 tox|[from] psn
|upkeep
|turn|124
|
|t:|1652010873
|move|p2a: Chansey|Seismic Toss|p1a: command the sand
|-damage|p1a: command the sand|39/100 tox
|move|p1a: command the sand|Slack Off|p1a: command the sand
|-heal|p1a: command the sand|90/100 tox
|
|-heal|p1a: command the sand|96/100 tox|[from] item: Leftovers
|-damage|p1a: command the sand|77/100 tox|[from] psn
|upkeep
|turn|125
|l| 07l中国大妈
|
|t:|1652010879
|switch|p2a: Skarmory|Skarmory, F|41/100 brn
|-damage|p2a: Skarmory|29/100 brn|[from] Stealth Rock
|switch|p1a: cutter butter|Scizor, F|76/100
|
|-damage|p2a: Skarmory|23/100 brn|[from] brn
|upkeep
|turn|126
|
|t:|1652010889
|move|p2a: Skarmory|Roost|p2a: Skarmory
|-heal|p2a: Skarmory|73/100 brn
|-singleturn|p2a: Skarmory|move: Roost
|move|p1a: cutter butter|U-turn|p2a: Skarmory
|-resisted|p2a: Skarmory
|-damage|p2a: Skarmory|64/100 brn
|
|t:|1652010892
|switch|p1a: moltres leches|Moltres|54/100|[from]move: U-turn
|
|-damage|p2a: Skarmory|57/100 brn|[from] brn
|upkeep
|turn|127
|
|t:|1652010922
|switch|p2a: Slowking|Slowking, F|100/100
|-damage|p2a: Slowking|88/100|[from] Stealth Rock
|move|p1a: moltres leches|Flamethrower|p2a: Slowking
|-resisted|p2a: Slowking
|-damage|p2a: Slowking|74/100
|
|upkeep
|turn|128
|inactive|chiharu haru has 120 seconds left.
|
|t:|1652010933
|switch|p1a: zapolite|Zarude|75/100
|-damage|p1a: zapolite|63/100|[from] Stealth Rock
|move|p2a: Slowking|Scald|p1a: zapolite
|-resisted|p1a: zapolite
|-damage|p1a: zapolite|50/100
|-status|p1a: zapolite|brn
|
|-damage|p1a: zapolite|44/100 brn|[from] brn
|upkeep
|turn|129
|
|t:|1652010939
|move|p1a: zapolite|Jungle Healing|p1a: zapolite
|-heal|p1a: zapolite|69/100 brn
|-curestatus|p1a: zapolite|brn|[msg]
|move|p2a: Slowking|Calm Mind|p2a: Slowking
|-boost|p2a: Slowking|spa|1
|-boost|p2a: Slowking|spd|1
|
|upkeep
|turn|130
|
|t:|1652010947
|switch|p1a: wishy washy|Rotom-Wash|80/100
|-damage|p1a: wishy washy|68/100|[from] Stealth Rock
|move|p2a: Slowking|Scald|p1a: wishy washy
|-resisted|p1a: wishy washy
|-damage|p1a: wishy washy|47/100
|-status|p1a: wishy washy|brn
|
|-heal|p1a: wishy washy|53/100 brn|[from] item: Leftovers
|-damage|p1a: wishy washy|47/100 brn|[from] brn
|upkeep
|turn|131
|c|+Tuthur|beau cm
|
|t:|1652010956
|move|p1a: wishy washy|Pain Split|p2a: Slowking
|-sethp|p2a: Slowking|55/100|[from] move: Pain Split|[silent]
|-sethp|p1a: wishy washy|71/100 brn|[from] move: Pain Split
|move|p2a: Slowking|Scald|p1a: wishy washy
|-resisted|p1a: wishy washy
|-damage|p1a: wishy washy|50/100 brn
|
|-heal|p1a: wishy washy|56/100 brn|[from] item: Leftovers
|-damage|p1a: wishy washy|50/100 brn|[from] brn
|upkeep
|turn|132
|
|t:|1652010963
|move|p1a: wishy washy|Volt Switch|p2a: Slowking
|-supereffective|p2a: Slowking
|-damage|p2a: Slowking|26/100
|
|t:|1652010965
|switch|p1a: zapolite|Zarude|69/100|[from]move: Volt Switch
|-damage|p1a: zapolite|57/100|[from] Stealth Rock
|move|p2a: Slowking|Scald|p1a: zapolite
|-resisted|p1a: zapolite
|-damage|p1a: zapolite|37/100
|
|upkeep
|turn|133
|
|t:|1652010972
|switch|p2a: Quagsire|Quagsire, F|94/100
|-damage|p2a: Quagsire|88/100|[from] Stealth Rock
|move|p1a: zapolite|U-turn|p2a: Quagsire
|-damage|p2a: Quagsire|64/100
|inactive|chiharu haru has 120 seconds left.
|
|t:|1652011006
|switch|p1a: wishy washy|Rotom-Wash|50/100 brn|[from]move: U-turn
|-damage|p1a: wishy washy|37/100 brn|[from] Stealth Rock
|
|-heal|p1a: wishy washy|44/100 brn|[from] item: Leftovers
|-heal|p2a: Quagsire|70/100|[from] item: Leftovers
|-damage|p1a: wishy washy|37/100 brn|[from] brn
|upkeep
|turn|134
|
|t:|1652011012
|move|p1a: wishy washy|Hydro Pump|p2a: Quagsire
|-damage|p2a: Quagsire|27/100
|move|p2a: Quagsire|Recover|p2a: Quagsire
|-heal|p2a: Quagsire|77/100
|
|-heal|p1a: wishy washy|44/100 brn|[from] item: Leftovers
|-heal|p2a: Quagsire|83/100|[from] item: Leftovers
|-damage|p1a: wishy washy|37/100 brn|[from] brn
|upkeep
|turn|135
|
|t:|1652011021
|move|p1a: wishy washy|Pain Split|p2a: Quagsire
|-sethp|p2a: Quagsire|56/100|[from] move: Pain Split|[silent]
|-sethp|p1a: wishy washy|73/100 brn|[from] move: Pain Split
|move|p2a: Quagsire|Scald|p1a: wishy washy
|-resisted|p1a: wishy washy
|-damage|p1a: wishy washy|61/100 brn
|
|-heal|p1a: wishy washy|68/100 brn|[from] item: Leftovers
|-heal|p2a: Quagsire|62/100|[from] item: Leftovers
|-damage|p1a: wishy washy|61/100 brn|[from] brn
|upkeep
|turn|136
|
|t:|1652011026
|move|p1a: wishy washy|Volt Switch|p2a: Quagsire
|-immune|p2a: Quagsire
|move|p2a: Quagsire|Recover|p2a: Quagsire
|-heal|p2a: Quagsire|100/100
|
|-heal|p1a: wishy washy|68/100 brn|[from] item: Leftovers
|-damage|p1a: wishy washy|61/100 brn|[from] brn
|upkeep
|turn|137
|
|t:|1652011030
|move|p1a: wishy washy|Volt Switch|p2a: Quagsire
|-immune|p2a: Quagsire
|move|p2a: Quagsire|Toxic||[still]
|-fail|p2a: Quagsire
|
|-heal|p1a: wishy washy|68/100 brn|[from] item: Leftovers
|-damage|p1a: wishy washy|61/100 brn|[from] brn
|upkeep
|turn|138
|
|t:|1652011036
|move|p1a: wishy washy|Volt Switch|p2a: Quagsire
|-immune|p2a: Quagsire
|move|p2a: Quagsire|Toxic||[still]
|-fail|p2a: Quagsire
|
|-heal|p1a: wishy washy|68/100 brn|[from] item: Leftovers
|-damage|p1a: wishy washy|61/100 brn|[from] brn
|upkeep
|turn|139
|
|t:|1652011039
|move|p1a: wishy washy|Hydro Pump|p2a: Quagsire
|-crit|p2a: Quagsire
|-damage|p2a: Quagsire|34/100
|move|p2a: Quagsire|Toxic||[still]
|-fail|p2a: Quagsire
|
|-heal|p1a: wishy washy|68/100 brn|[from] item: Leftovers
|-heal|p2a: Quagsire|40/100|[from] item: Leftovers
|-damage|p1a: wishy washy|61/100 brn|[from] brn
|upkeep
|turn|140
|
|t:|1652011044
|move|p1a: wishy washy|Volt Switch|p2a: Quagsire
|-immune|p2a: Quagsire
|move|p2a: Quagsire|Recover|p2a: Quagsire
|-heal|p2a: Quagsire|90/100
|
|-heal|p1a: wishy washy|68/100 brn|[from] item: Leftovers
|-heal|p2a: Quagsire|96/100|[from] item: Leftovers
|-damage|p1a: wishy washy|61/100 brn|[from] brn
|upkeep
|turn|141
|
|t:|1652011050
|move|p1a: wishy washy|Volt Switch|p2a: Quagsire
|-immune|p2a: Quagsire
|move|p2a: Quagsire|Toxic||[still]
|-fail|p2a: Quagsire
|
|-heal|p1a: wishy washy|68/100 brn|[from] item: Leftovers
|-heal|p2a: Quagsire|100/100|[from] item: Leftovers
|-damage|p1a: wishy washy|61/100 brn|[from] brn
|upkeep
|turn|142
|
|t:|1652011057
|move|p1a: wishy washy|Volt Switch|p2a: Quagsire
|-immune|p2a: Quagsire
|move|p2a: Quagsire|Haze|p2a: Quagsire
|-clearallboost
|
|-heal|p1a: wishy washy|68/100 brn|[from] item: Leftovers
|-damage|p1a: wishy washy|61/100 brn|[from] brn
|upkeep
|turn|143
|j| Ananta21
|
|t:|1652011072
|move|p1a: wishy washy|Pain Split|p2a: Quagsire
|-sethp|p2a: Quagsire|74/100|[from] move: Pain Split|[silent]
|-sethp|p1a: wishy washy|96/100 brn|[from] move: Pain Split
|move|p2a: Quagsire|Haze|p2a: Quagsire
|-clearallboost
|
|-heal|p1a: wishy washy|100/100 brn|[from] item: Leftovers
|-heal|p2a: Quagsire|80/100|[from] item: Leftovers
|-damage|p1a: wishy washy|94/100 brn|[from] brn
|upkeep
|turn|144
|
|t:|1652011082
|move|p1a: wishy washy|Hydro Pump|p2a: Quagsire|[miss]
|-miss|p1a: wishy washy|p2a: Quagsire
|move|p2a: Quagsire|Scald|p1a: wishy washy
|-resisted|p1a: wishy washy
|-damage|p1a: wishy washy|84/100 brn
|
|-heal|p1a: wishy washy|90/100 brn|[from] item: Leftovers
|-heal|p2a: Quagsire|86/100|[from] item: Leftovers
|-damage|p1a: wishy washy|84/100 brn|[from] brn
|upkeep
|turn|145
|j| Opela
|
|t:|1652011089
|move|p1a: wishy washy|Volt Switch|p2a: Quagsire
|-immune|p2a: Quagsire
|move|p2a: Quagsire|Scald|p1a: wishy washy
|-resisted|p1a: wishy washy
|-damage|p1a: wishy washy|74/100 brn
|
|-heal|p1a: wishy washy|80/100 brn|[from] item: Leftovers
|-heal|p2a: Quagsire|92/100|[from] item: Leftovers
|-damage|p1a: wishy washy|74/100 brn|[from] brn
|upkeep
|turn|146
|
|t:|1652011093
|move|p1a: wishy washy|Pain Split|p2a: Quagsire
|-sethp|p2a: Quagsire|75/100|[from] move: Pain Split|[silent]
|-sethp|p1a: wishy washy|97/100 brn|[from] move: Pain Split
|move|p2a: Quagsire|Scald|p1a: wishy washy
|-resisted|p1a: wishy washy
|-damage|p1a: wishy washy|87/100 brn
|
|-heal|p1a: wishy washy|93/100 brn|[from] item: Leftovers
|-heal|p2a: Quagsire|81/100|[from] item: Leftovers
|-damage|p1a: wishy washy|87/100 brn|[from] brn
|upkeep
|turn|147
|
|t:|1652011102
|move|p1a: wishy washy|Pain Split|p2a: Quagsire
|-sethp|p2a: Quagsire|74/100|[from] move: Pain Split|[silent]
|-sethp|p1a: wishy washy|96/100 brn|[from] move: Pain Split
|move|p2a: Quagsire|Scald|p1a: wishy washy
|-resisted|p1a: wishy washy
|-damage|p1a: wishy washy|86/100 brn
|
|-heal|p1a: wishy washy|92/100 brn|[from] item: Leftovers
|-heal|p2a: Quagsire|80/100|[from] item: Leftovers
|-damage|p1a: wishy washy|86/100 brn|[from] brn
|upkeep
|turn|148
|
|t:|1652011111
|move|p1a: wishy washy|Pain Split|p2a: Quagsire
|-sethp|p2a: Quagsire|73/100|[from] move: Pain Split|[silent]
|-sethp|p1a: wishy washy|95/100 brn|[from] move: Pain Split
|move|p2a: Quagsire|Haze|p2a: Quagsire
|-clearallboost
|
|-heal|p1a: wishy washy|100/100 brn|[from] item: Leftovers
|-heal|p2a: Quagsire|79/100|[from] item: Leftovers
|-damage|p1a: wishy washy|94/100 brn|[from] brn
|upkeep
|turn|149
|
|t:|1652011128
|move|p1a: wishy washy|Volt Switch|p2a: Quagsire
|-immune|p2a: Quagsire
|move|p2a: Quagsire|Haze|p2a: Quagsire
|-clearallboost
|
|-heal|p1a: wishy washy|100/100 brn|[from] item: Leftovers
|-heal|p2a: Quagsire|85/100|[from] item: Leftovers
|-damage|p1a: wishy washy|94/100 brn|[from] brn
|upkeep
|turn|150
|inactive|chiharu haru has 120 seconds left.
|
|t:|1652011135
|move|p1a: wishy washy|Pain Split|p2a: Quagsire
|-sethp|p2a: Quagsire|79/100|[from] move: Pain Split|[silent]
|-sethp|p1a: wishy washy|100/100 brn|[from] move: Pain Split
|move|p2a: Quagsire|Haze|p2a: Quagsire
|-clearallboost
|
|-heal|p2a: Quagsire|85/100|[from] item: Leftovers
|-damage|p1a: wishy washy|94/100 brn|[from] brn
|upkeep
|turn|151
|inactive|chiharu haru has 120 seconds left.
|
|t:|1652011146
|move|p1a: wishy washy|Volt Switch|p2a: Quagsire
|-immune|p2a: Quagsire
|move|p2a: Quagsire|Haze|p2a: Quagsire
|-clearallboost
|
|-heal|p1a: wishy washy|100/100 brn|[from] item: Leftovers
|-heal|p2a: Quagsire|91/100|[from] item: Leftovers
|-damage|p1a: wishy washy|94/100 brn|[from] brn
|upkeep
|turn|152
|
|t:|1652011151
|move|p1a: wishy washy|Volt Switch|p2a: Quagsire
|-immune|p2a: Quagsire
|move|p2a: Quagsire|Haze|p2a: Quagsire
|-clearallboost
|
|-heal|p1a: wishy washy|100/100 brn|[from] item: Leftovers
|-heal|p2a: Quagsire|97/100|[from] item: Leftovers
|-damage|p1a: wishy washy|94/100 brn|[from] brn
|upkeep
|turn|153
|
|t:|1652011155
|move|p1a: wishy washy|Hydro Pump|p2a: Quagsire
|-damage|p2a: Quagsire|51/100
|move|p2a: Quagsire|Haze|p2a: Quagsire
|-clearallboost
|
|-heal|p1a: wishy washy|100/100 brn|[from] item: Leftovers
|-heal|p2a: Quagsire|57/100|[from] item: Leftovers
|-damage|p1a: wishy washy|94/100 brn|[from] brn
|upkeep
|turn|154
|
|t:|1652011161
|move|p1a: wishy washy|Hydro Pump|p2a: Quagsire
|-damage|p2a: Quagsire|15/100
|move|p2a: Quagsire|Recover|p2a: Quagsire
|-heal|p2a: Quagsire|65/100
|
|-heal|p1a: wishy washy|100/100 brn|[from] item: Leftovers
|-heal|p2a: Quagsire|71/100|[from] item: Leftovers
|-damage|p1a: wishy washy|94/100 brn|[from] brn
|upkeep
|turn|155
|
|t:|1652011167
|switch|p1a: zapolite|Zarude|37/100
|-damage|p1a: zapolite|24/100|[from] Stealth Rock
|move|p2a: Quagsire|Recover|p2a: Quagsire
|-heal|p2a: Quagsire|100/100
|
|upkeep
|turn|156
|inactive|chiharu haru has 120 seconds left.
|
|t:|1652011176
|move|p1a: zapolite|Jungle Healing|p1a: zapolite
|-heal|p1a: zapolite|50/100
|move|p2a: Quagsire|Toxic|p1a: zapolite
|-status|p1a: zapolite|tox
|
|-damage|p1a: zapolite|44/100 tox|[from] psn
|upkeep
|turn|157
|
|t:|1652011179
|switch|p2a: Skarmory|Skarmory, F|57/100 brn
|-damage|p2a: Skarmory|45/100 brn|[from] Stealth Rock
|move|p1a: zapolite|Jungle Healing|p1a: zapolite
|-heal|p1a: zapolite|69/100 tox
|-curestatus|p1a: zapolite|tox|[msg]
|
|-damage|p2a: Skarmory|39/100 brn|[from] brn
|upkeep
|turn|158
|inactive|chiharu haru has 120 seconds left.
|
|t:|1652011186
|switch|p1a: moltres leches|Moltres|54/100
|move|p2a: Skarmory|Roost|p2a: Skarmory
|-heal|p2a: Skarmory|89/100 brn
|-singleturn|p2a: Skarmory|move: Roost
|
|-damage|p2a: Skarmory|83/100 brn|[from] brn
|upkeep
|turn|159
|
|t:|1652011191
|switch|p2a: Slowking|Slowking, F|59/100
|-damage|p2a: Slowking|47/100|[from] Stealth Rock
|move|p1a: moltres leches|Roost|p1a: moltres leches
|-heal|p1a: moltres leches|100/100
|-singleturn|p1a: moltres leches|move: Roost
|
|upkeep
|turn|160
|
|t:|1652011193
|move|p1a: moltres leches|U-turn|p2a: Slowking
|-supereffective|p2a: Slowking
|-damage|p2a: Slowking|26/100
|
|t:|1652011197
|switch|p1a: zapolite|Zarude|69/100|[from]move: U-turn
|-damage|p1a: zapolite|56/100|[from] Stealth Rock
|move|p2a: Slowking|Slack Off|p2a: Slowking
|-heal|p2a: Slowking|76/100
|
|upkeep
|turn|161
|
|t:|1652011201
|switch|p2a: Umbreon|Umbreon, M|98/100
|-damage|p2a: Umbreon|86/100|[from] Stealth Rock
|move|p1a: zapolite|Darkest Lariat|p2a: Umbreon
|-resisted|p2a: Umbreon
|-damage|p2a: Umbreon|64/100
|
|upkeep
|turn|162
|
|t:|1652011206
|switch|p1a: cutter butter|Scizor, F|76/100
|move|p2a: Umbreon|Wish|p2a: Umbreon
|
|upkeep
|turn|163
|
|t:|1652011211
|move|p2a: Umbreon|Foul Play|p1a: cutter butter
|-damage|p1a: cutter butter|42/100
|move|p1a: cutter butter|Roost|p1a: cutter butter
|-heal|p1a: cutter butter|92/100
|-singleturn|p1a: cutter butter|move: Roost
|
|-heal|p2a: Umbreon|100/100|[from] move: Wish|[wisher] Umbreon
|upkeep
|turn|164
|
|t:|1652011219
|move|p2a: Umbreon|Foul Play|p1a: cutter butter
|-damage|p1a: cutter butter|54/100
|move|p1a: cutter butter|U-turn|p2a: Umbreon
|-supereffective|p2a: Umbreon
|-damage|p2a: Umbreon|56/100
|
|t:|1652011226
|switch|p1a: zapolite|Zarude|56/100|[from]move: U-turn
|-damage|p1a: zapolite|44/100|[from] Stealth Rock
|
|upkeep
|turn|165
|
|t:|1652011235
|move|p1a: zapolite|U-turn|p2a: Umbreon
|-supereffective|p2a: Umbreon
|-damage|p2a: Umbreon|14/100
|
|t:|1652011237
|switch|p1a: cutter butter|Scizor, F|54/100|[from]move: U-turn
|move|p2a: Umbreon|Wish|p2a: Umbreon
|
|upkeep
|turn|166
|
|t:|1652011240
|move|p2a: Umbreon|Protect|p2a: Umbreon
|-singleturn|p2a: Umbreon|Protect
|move|p1a: cutter butter|Roost|p1a: cutter butter
|-heal|p1a: cutter butter|100/100
|-singleturn|p1a: cutter butter|move: Roost
|
|-heal|p2a: Umbreon|64/100|[from] move: Wish|[wisher] Umbreon
|upkeep
|turn|167
|
|t:|1652011243
|move|p2a: Umbreon|Wish|p2a: Umbreon
|move|p1a: cutter butter|U-turn|p2a: Umbreon
|-supereffective|p2a: Umbreon
|-damage|p2a: Umbreon|21/100
|
|t:|1652011255
|switch|p1a: Zygarde-10% off|Zygarde-10%|54/100|[from]move: U-turn
|-damage|p1a: Zygarde-10% off|48/100|[from] Stealth Rock
|-ability|p1a: Zygarde-10% off|Aura Break
|
|upkeep
|turn|168
|inactive|chiharu haru has 120 seconds left.
|
|t:|1652011262
|move|p2a: Umbreon|Protect|p2a: Umbreon
|-singleturn|p2a: Umbreon|Protect
|move|p1a: Zygarde-10% off|Thousand Arrows|p2a: Umbreon
|-activate|p2a: Umbreon|move: Protect
|
|-heal|p2a: Umbreon|71/100|[from] move: Wish|[wisher] Umbreon
|upkeep
|turn|169
|inactive|chiharu haru has 120 seconds left.
|
|t:|1652011271
|move|p1a: Zygarde-10% off|Toxic|p2a: Umbreon
|-status|p2a: Umbreon|tox
|move|p2a: Umbreon|Wish|p2a: Umbreon
|
|-damage|p2a: Umbreon|65/100 tox|[from] psn
|upkeep
|turn|170
|
|t:|1652011275
|move|p1a: Zygarde-10% off|Thousand Arrows|p2a: Umbreon
|-damage|p2a: Umbreon|38/100 tox
|move|p2a: Umbreon|Heal Bell|p2a: Umbreon
|-activate|p2a: Umbreon|move: Heal Bell
|-curestatus|p2a: Umbreon|tox|[msg]
|-curestatus|p2: Skarmory|brn|[msg]
|
|-heal|p2a: Umbreon|88/100|[from] move: Wish|[wisher] Umbreon
|upkeep
|turn|171
|inactive|chiharu haru has 120 seconds left.
|
|t:|1652011281
|move|p1a: Zygarde-10% off|Toxic|p2a: Umbreon
|-status|p2a: Umbreon|tox
|move|p2a: Umbreon|Foul Play|p1a: Zygarde-10% off
|-damage|p1a: Zygarde-10% off|0 fnt
|faint|p1a: Zygarde-10% off
|
|-damage|p2a: Umbreon|82/100 tox|[from] psn
|upkeep
|l| Dltct QianJiang
|
|t:|1652011285
|switch|p1a: cutter butter|Scizor, F|100/100
|turn|172
|
|t:|1652011290
|switch|p2a: Skarmory|Skarmory, F|83/100
|-damage|p2a: Skarmory|71/100|[from] Stealth Rock
|move|p1a: cutter butter|U-turn|p2a: Skarmory
|-resisted|p2a: Skarmory
|-damage|p2a: Skarmory|66/100
|inactive|chiharu haru has 120 seconds left.
|
|t:|1652011296
|switch|p1a: moltres leches|Moltres|100/100|[from]move: U-turn
|
|upkeep
|turn|173
|inactive|chiharu haru has 120 seconds left.
|
|t:|1652011302
|move|p1a: moltres leches|Flamethrower|p2a: Skarmory
|-supereffective|p2a: Skarmory
|-damage|p2a: Skarmory|0 fnt
|faint|p2a: Skarmory
|
|upkeep
|
|t:|1652011305
|switch|p2a: Chansey|Chansey, F|92/100
|-damage|p2a: Chansey|80/100|[from] Stealth Rock
|turn|174
|-message|UULT91w Mimilucha forfeited.
|
|win|chiharu haru
|raw|chiharu haru's rating: 1475 &rarr; <strong>1500</strong><br />(+25 for winning)
|raw|UULT91w Mimilucha's rating: 1562 &rarr; <strong>1537</strong><br />(-25 for losing)
|l|☆UULT91w Mimilucha
|c|☆chiharu haru|gg
