|j|☆Deathspank
|j|☆oddmushroom
|t:|1602210714
|player|p1|Deathspank|265|1167
|player|p2|oddmushroom|gambler|1229
|teamsize|p1|6
|teamsize|p2|6
|gametype|singles
|gen|8
|tier|[Gen 8] UU
|rated|
|clearpoke
|poke|p1|Boltund, M|
|poke|p1|Pyukumuku, F|
|poke|p1|Sylveon, F|
|poke|p1|Tentacruel, F|
|poke|p1|Marowak-Alola, M|
|poke|p1|Zarude|
|poke|p2|Crustle, F|
|poke|p2|Meowstic, M|
|poke|p2|Maractus, M|
|poke|p2|Bisharp, F|
|poke|p2|Noivern, M|
|poke|p2|Starmie|
|rule|Sleep Clause Mod: Limit one foe put to sleep
|rule|Species Clause: Limit one of each Pokémon
|rule|OHKO Clause: OHKO moves are banned
|rule|Evasion Moves Clause: Evasion moves are banned
|rule|Endless Battle Clause: Forcing endless battles is banned
|rule|HP Percentage Mod: HP is shown in percentages
|rule|Dynamax Clause: You cannot dynamax
|teampreview
|
|t:|1602210723
|start
|switch|p1a: Zarude|Zarude|100/100
|switch|p2a: Bisharp|Bisharp, F|100/100
|turn|1
|
|t:|1602210733
|switch|p2a: Starmie|Starmie|100/100
|move|p1a: Zarude|Close Combat|p2a: Starmie
|-resisted|p2a: Starmie
|-damage|p2a: Starmie|66/100
|-unboost|p1a: Zarude|def|1
|-unboost|p1a: Zarude|spd|1
|
|upkeep
|turn|2
|
|t:|1602210745
|switch|p1a: Sylveon|Sylveon, F|100/100
|move|p2a: Starmie|Ice Beam|p1a: Sylveon
|-damage|p1a: Sylveon|80/100
|-heal|p2a: Starmie|69/100|[from] item: Shell Bell|[of] p1a: Sylveon
|
|-heal|p1a: Sylveon|86/100|[from] item: Leftovers
|upkeep
|turn|3
|
|t:|1602210752
|move|p2a: Starmie|Scald|p1a: Sylveon
|-damage|p1a: Sylveon|60/100
|-heal|p2a: Starmie|72/100|[from] item: Shell Bell|[of] p1a: Sylveon
|move|p1a: Sylveon|Hyper Voice|p2a: Starmie
|-damage|p2a: Starmie|23/100
|
|-heal|p1a: Sylveon|66/100|[from] item: Leftovers
|upkeep
|turn|4
|
|t:|1602210756
|switch|p2a: Maractus|Maractus, M|100/100
|move|p1a: Sylveon|Wish|p1a: Sylveon
|
|-heal|p1a: Sylveon|72/100|[from] item: Leftovers
|upkeep
|turn|5
|
|t:|1602210766
|switch|p1a: Marowak|Marowak-Alola, M|100/100
|move|p2a: Maractus|Leech Seed|p1a: Marowak
|-start|p1a: Marowak|move: Leech Seed
|
|-damage|p1a: Marowak|88/100|[from] Leech Seed|[of] p2a: Maractus
|upkeep
|turn|6
|
|t:|1602210776
|move|p2a: Maractus|Cotton Guard|p2a: Maractus
|-boost|p2a: Maractus|def|3
|move|p1a: Marowak|Flare Blitz|p2a: Maractus
|-supereffective|p2a: Maractus
|-damage|p2a: Maractus|12/100
|-damage|p1a: Marowak|56/100|[from] Recoil
|
|-damage|p1a: Marowak|44/100|[from] Leech Seed|[of] p2a: Maractus
|-heal|p2a: Maractus|27/100|[silent]
|upkeep
|turn|7
|
|t:|1602210785
|switch|p2a: Noivern|Noivern, M|100/100
|move|p1a: Marowak|Flare Blitz|p2a: Noivern
|-resisted|p2a: Noivern
|-crit|p2a: Noivern
|-damage|p2a: Noivern|10/100
|-damage|p1a: Marowak|14/100|[from] Recoil
|
|-damage|p1a: Marowak|2/100|[from] Leech Seed|[of] p2a: Noivern
|-heal|p2a: Noivern|22/100|[silent]
|upkeep
|turn|8
|
|t:|1602210794
|move|p2a: Noivern|Roost|p2a: Noivern
|-heal|p2a: Noivern|72/100
|-singleturn|p2a: Noivern|move: Roost
|move|p1a: Marowak|Flare Blitz|p2a: Noivern
|-resisted|p2a: Noivern
|-damage|p2a: Noivern|13/100
|-damage|p1a: Marowak|0 fnt|[from] Recoil
|faint|p1a: Marowak
|
|upkeep
|
|t:|1602210819
|switch|p1a: Tentacruel|Tentacruel, F|100/100
|turn|9
|
|t:|1602210824
|switch|p2a: Meowstic|Meowstic, M|100/100
|move|p1a: Tentacruel|Knock Off|p2a: Meowstic
|-supereffective|p2a: Meowstic
|-enditem|p2a: Meowstic|Colbur Berry|[eat]
|-enditem|p2a: Meowstic|Colbur Berry|[weaken]
|-damage|p2a: Meowstic|84/100
|
|upkeep
|turn|10
|
|t:|1602210840
|switch|p1a: Zarude|Zarude|100/100
|move|p2a: Meowstic|Thunder Wave|p1a: Zarude
|-hint|Since gen 7, Dark is immune to Prankster moves.
|-immune|p1a: Zarude
|
|upkeep
|turn|11
|
|t:|1602210847
|switch|p2a: Bisharp|Bisharp, F|100/100
|move|p1a: Zarude|U-turn|p2a: Bisharp
|-damage|p2a: Bisharp|68/100
|
|t:|1602210853
|switch|p1a: Pyukumuku|Pyukumuku, F|100/100|[from]move: U-turn
|
|upkeep
|turn|12
|
|t:|1602210856
|move|p2a: Bisharp|Knock Off|p1a: Pyukumuku
|-damage|p1a: Pyukumuku|63/100
|-enditem|p1a: Pyukumuku|Leftovers|[from] move: Knock Off|[of] p2a: Bisharp
|move|p1a: Pyukumuku|Block|p2a: Bisharp
|-activate|p2a: Bisharp|trapped
|
|upkeep
|turn|13
|
|t:|1602210863
|move|p2a: Bisharp|Knock Off|p1a: Pyukumuku
|-damage|p1a: Pyukumuku|40/100
|move|p1a: Pyukumuku|Soak|p2a: Bisharp
|-start|p2a: Bisharp|typechange|Water
|
|upkeep
|turn|14
|
|t:|1602210870
|move|p2a: Bisharp|Iron Head|p1a: Pyukumuku
|-resisted|p1a: Pyukumuku
|-damage|p1a: Pyukumuku|31/100
|cant|p1a: Pyukumuku|flinch
|
|upkeep
|turn|15
|
|t:|1602210878
|move|p2a: Bisharp|Iron Head|p1a: Pyukumuku
|-resisted|p1a: Pyukumuku
|-damage|p1a: Pyukumuku|22/100
|move|p1a: Pyukumuku|Rest|p1a: Pyukumuku
|-status|p1a: Pyukumuku|slp|[from] move: Rest
|-heal|p1a: Pyukumuku|100/100 slp|[silent]
|
|upkeep
|turn|16
|
|t:|1602210884
|move|p2a: Bisharp|Knock Off|p1a: Pyukumuku
|-damage|p1a: Pyukumuku|84/100 slp
|cant|p1a: Pyukumuku|slp
|
|upkeep
|turn|17
|
|t:|1602210887
|move|p2a: Bisharp|Knock Off|p1a: Pyukumuku
|-damage|p1a: Pyukumuku|68/100 slp
|cant|p1a: Pyukumuku|slp
|
|upkeep
|turn|18
|
|t:|1602210893
|move|p2a: Bisharp|Knock Off|p1a: Pyukumuku
|-damage|p1a: Pyukumuku|53/100 slp
|-curestatus|p1a: Pyukumuku|slp|[msg]
|move|p1a: Pyukumuku|Toxic|p2a: Bisharp
|-status|p2a: Bisharp|tox
|
|-damage|p2a: Bisharp|62/100 tox|[from] psn
|upkeep
|turn|19
|
|t:|1602210899
|move|p2a: Bisharp|Knock Off|p1a: Pyukumuku
|-damage|p1a: Pyukumuku|39/100
|move|p1a: Pyukumuku|Rest|p1a: Pyukumuku
|-status|p1a: Pyukumuku|slp|[from] move: Rest
|-heal|p1a: Pyukumuku|100/100 slp|[silent]
|
|-damage|p2a: Bisharp|50/100 tox|[from] psn
|upkeep
|turn|20
|
|t:|1602210903
|move|p2a: Bisharp|Knock Off|p1a: Pyukumuku
|-damage|p1a: Pyukumuku|86/100 slp
|cant|p1a: Pyukumuku|slp
|
|-damage|p2a: Bisharp|32/100 tox|[from] psn
|upkeep
|turn|21
|inactive|Battle timer is ON: inactive players will automatically lose when time's up. (requested by oddmushroom)
|
|t:|1602210912
|move|p2a: Bisharp|Knock Off|p1a: Pyukumuku
|-damage|p1a: Pyukumuku|70/100 slp
|cant|p1a: Pyukumuku|slp
|
|-damage|p2a: Bisharp|8/100 tox|[from] psn
|upkeep
|turn|22
|
|t:|1602210923
|move|p2a: Bisharp|Knock Off|p1a: Pyukumuku
|-damage|p1a: Pyukumuku|55/100 slp
|-curestatus|p1a: Pyukumuku|slp|[msg]
|move|p1a: Pyukumuku|Rest|p1a: Pyukumuku
|-status|p1a: Pyukumuku|slp|[from] move: Rest
|-heal|p1a: Pyukumuku|100/100 slp|[silent]
|
|-damage|p2a: Bisharp|0 fnt|[from] psn
|faint|p2a: Bisharp
|upkeep
|
|t:|1602210929
|switch|p2a: Maractus|Maractus, M|27/100
|turn|23
|
|t:|1602210938
|switch|p1a: Tentacruel|Tentacruel, F|100/100
|move|p2a: Maractus|Spikes|p1a: Tentacruel
|-sidestart|p1: Deathspank|Spikes
|
|upkeep
|turn|24
|
|t:|1602210947
|move|p1a: Tentacruel|Rapid Spin|p2a: Maractus
|-damage|p2a: Maractus|18/100
|-boost|p1a: Tentacruel|spe|1
|-sideend|p1: Deathspank|Spikes|[from] move: Rapid Spin|[of] p1a: Tentacruel
|move|p2a: Maractus|Spikes|p1a: Tentacruel
|-sidestart|p1: Deathspank|Spikes
|
|upkeep
|turn|25
|
|t:|1602210953
|move|p1a: Tentacruel|Rapid Spin|p2a: Maractus
|-damage|p2a: Maractus|9/100
|-boost|p1a: Tentacruel|spe|1
|-sideend|p1: Deathspank|Spikes|[from] move: Rapid Spin|[of] p1a: Tentacruel
|move|p2a: Maractus|Leech Seed|p1a: Tentacruel
|-start|p1a: Tentacruel|move: Leech Seed
|
|-damage|p1a: Tentacruel|88/100|[from] Leech Seed|[of] p2a: Maractus
|-heal|p2a: Maractus|26/100|[silent]
|upkeep
|turn|26
|
|t:|1602210961
|move|p1a: Tentacruel|Rapid Spin|p2a: Maractus
|-damage|p2a: Maractus|17/100
|-boost|p1a: Tentacruel|spe|1
|-end|p1a: Tentacruel|Leech Seed|[from] move: Rapid Spin|[of] p1a: Tentacruel
|move|p2a: Maractus|Spikes|p1a: Tentacruel
|-sidestart|p1: Deathspank|Spikes
|
|-heal|p1a: Tentacruel|94/100|[from] item: Black Sludge
|upkeep
|turn|27
|
|t:|1602210969
|move|p1a: Tentacruel|Rapid Spin|p2a: Maractus
|-damage|p2a: Maractus|8/100
|-boost|p1a: Tentacruel|spe|1
|-sideend|p1: Deathspank|Spikes|[from] move: Rapid Spin|[of] p1a: Tentacruel
|move|p2a: Maractus|Leech Seed|p1a: Tentacruel
|-start|p1a: Tentacruel|move: Leech Seed
|
|-heal|p1a: Tentacruel|99/100|[from] item: Black Sludge
|-damage|p1a: Tentacruel|88/100|[from] Leech Seed|[of] p2a: Maractus
|-heal|p2a: Maractus|24/100|[silent]
|upkeep
|turn|28
|
|t:|1602210976
|move|p1a: Tentacruel|Knock Off|p2a: Maractus
|-damage|p2a: Maractus|7/100
|-enditem|p2a: Maractus|Big Root|[from] move: Knock Off|[of] p1a: Tentacruel
|move|p2a: Maractus|Leech Seed||[still]
|-fail|p2a: Maractus
|
|-heal|p1a: Tentacruel|94/100|[from] item: Black Sludge
|-damage|p1a: Tentacruel|82/100|[from] Leech Seed|[of] p2a: Maractus
|-heal|p2a: Maractus|20/100|[silent]
|upkeep
|turn|29
|
|t:|1602210985
|move|p1a: Tentacruel|Rapid Spin|p2a: Maractus
|-damage|p2a: Maractus|11/100
|-boost|p1a: Tentacruel|spe|1
|-end|p1a: Tentacruel|Leech Seed|[from] move: Rapid Spin|[of] p1a: Tentacruel
|move|p2a: Maractus|Cotton Guard|p2a: Maractus
|-boost|p2a: Maractus|def|3
|
|-heal|p1a: Tentacruel|88/100|[from] item: Black Sludge
|upkeep
|turn|30
|
|t:|1602210995
|move|p1a: Tentacruel|Knock Off|p2a: Maractus
|-damage|p2a: Maractus|6/100
|move|p2a: Maractus|Leech Seed|p1a: Tentacruel
|-start|p1a: Tentacruel|move: Leech Seed
|
|-heal|p1a: Tentacruel|94/100|[from] item: Black Sludge
|-damage|p1a: Tentacruel|81/100|[from] Leech Seed|[of] p2a: Maractus
|-heal|p2a: Maractus|19/100|[silent]
|upkeep
|turn|31
|
|t:|1602211003
|switch|p1a: Sylveon|Sylveon, F|72/100
|move|p2a: Maractus|Cotton Guard|p2a: Maractus
|-boost|p2a: Maractus|def|3
|
|-heal|p1a: Sylveon|78/100|[from] item: Leftovers
|upkeep
|turn|32
|
|t:|1602211007
|move|p2a: Maractus|Leech Seed|p1a: Sylveon
|-start|p1a: Sylveon|move: Leech Seed
|move|p1a: Sylveon|Hyper Voice|p2a: Maractus
|-damage|p2a: Maractus|0 fnt
|faint|p2a: Maractus
|
|-heal|p1a: Sylveon|85/100|[from] item: Leftovers
|upkeep
|
|t:|1602211012
|switch|p2a: Crustle|Crustle, F|100/100
|turn|33
|
|t:|1602211019
|move|p1a: Sylveon|Heal Bell|p1a: Sylveon
|-activate|p1a: Sylveon|move: Heal Bell
|-curestatus|p1: Pyukumuku|slp|[msg]
|move|p2a: Crustle|Curse|p2a: Crustle
|-unboost|p2a: Crustle|spe|1
|-boost|p2a: Crustle|atk|1
|-boost|p2a: Crustle|def|1
|
|-heal|p1a: Sylveon|91/100|[from] item: Leftovers
|-damage|p1a: Sylveon|78/100|[from] Leech Seed|[of] p2a: Crustle
|upkeep
|turn|34
|
|t:|1602211026
|switch|p1a: Pyukumuku|Pyukumuku, F|100/100
|move|p2a: Crustle|Rock Blast|p1a: Pyukumuku
|-damage|p1a: Pyukumuku|94/100
|-damage|p1a: Pyukumuku|88/100
|-damage|p1a: Pyukumuku|82/100
|-damage|p1a: Pyukumuku|76/100
|-hitcount|p1a: Pyukumuku|4
|
|upkeep
|turn|35
|
|t:|1602211033
|move|p2a: Crustle|Rock Blast|p1a: Pyukumuku
|-damage|p1a: Pyukumuku|70/100
|-damage|p1a: Pyukumuku|64/100
|-damage|p1a: Pyukumuku|58/100
|-damage|p1a: Pyukumuku|51/100
|-damage|p1a: Pyukumuku|44/100
|-hitcount|p1a: Pyukumuku|5
|move|p1a: Pyukumuku|Block|p2a: Crustle
|-activate|p2a: Crustle|trapped
|
|upkeep
|turn|36
|
|t:|1602211052
|move|p2a: Crustle|Rock Blast|p1a: Pyukumuku
|-damage|p1a: Pyukumuku|38/100
|-damage|p1a: Pyukumuku|32/100
|-hitcount|p1a: Pyukumuku|2
|move|p1a: Pyukumuku|Toxic|p2a: Crustle
|-status|p2a: Crustle|tox
|
|-damage|p2a: Crustle|94/100 tox|[from] psn
|upkeep
|turn|37
|
|t:|1602211063
|move|p2a: Crustle|Rock Blast|p1a: Pyukumuku
|-damage|p1a: Pyukumuku|26/100
|-damage|p1a: Pyukumuku|19/100
|-hitcount|p1a: Pyukumuku|2
|move|p1a: Pyukumuku|Rest|p1a: Pyukumuku
|-status|p1a: Pyukumuku|slp|[from] move: Rest
|-heal|p1a: Pyukumuku|100/100 slp|[silent]
|
|-heal|p2a: Crustle|100/100 tox|[from] item: Leftovers
|-damage|p2a: Crustle|88/100 tox|[from] psn
|upkeep
|turn|38
|-message|oddmushroom forfeited.
|
|win|Deathspank
|l|☆oddmushroom
|raw|Deathspank's rating: 1167 &rarr; <strong>1197</strong><br />(+30 for winning)
|raw|oddmushroom's rating: 1229 &rarr; <strong>1200</strong><br />(-29 for losing)
