|j|☆Erindor
|j|☆DarkHorse344
|t:|1667865388
|gametype|singles
|player|p1|Erindor|plasmagrunt|1426
|player|p2|DarkHorse344|brendan-gen3rs|1504
|teamsize|p1|6
|teamsize|p2|6
|gen|8
|tier|[Gen 8] UU
|rated|
|rule|Sleep Clause Mod: Limit one foe put to sleep
|rule|Species Clause: Limit one of each Pokémon
|rule|OHKO Clause: OHKO moves are banned
|rule|Evasion Items Clause: Evasion items are banned
|rule|Evasion Moves Clause: Evasion moves are banned
|rule|Endless Battle Clause: Forcing endless battles is banned
|rule|HP Percentage Mod: HP is shown in percentages
|rule|Dynamax Clause: You cannot dynamax
|clearpoke
|poke|p1|Excadrill, M|
|poke|p1|Celesteela|
|poke|p1|Gyarados, M|
|poke|p1|Scizor, M|
|poke|p1|Azelf|
|poke|p1|Keldeo-Resolute|
|poke|p2|Politoed, M|
|poke|p2|Kingdra, F|
|poke|p2|Salamence, M|
|poke|p2|Amoonguss, M|
|poke|p2|Kabutops, F|
|poke|p2|Tornadus, M|
|teampreview
|
|t:|1667865393
|start
|switch|p1a: Excadrill|Excadrill, M|100/100
|switch|p2a: Politoed|Politoed, M|100/100
|-ability|p1a: Excadrill|Mold Breaker
|-weather|RainDance|[from] ability: Drizzle|[of] p2a: Politoed
|turn|1
|
|t:|1667865401
|move|p1a: Excadrill|Stealth Rock|p2a: Politoed
|-sidestart|p2: DarkHorse344|move: Stealth Rock
|move|p2a: Politoed|Scald|p1a: Excadrill
|-supereffective|p1a: Excadrill
|-enditem|p1a: Excadrill|Focus Sash
|-damage|p1a: Excadrill|1/100
|
|-weather|RainDance|[upkeep]
|upkeep
|turn|2
|
|t:|1667865407
|move|p1a: Excadrill|Earthquake|p2a: Politoed
|-damage|p2a: Politoed|58/100
|move|p2a: Politoed|Scald|p1a: Excadrill
|-supereffective|p1a: Excadrill
|-damage|p1a: Excadrill|0 fnt
|faint|p1a: Excadrill
|
|-weather|RainDance|[upkeep]
|upkeep
|
|t:|1667865419
|switch|p1a: Celesteela|Celesteela|100/100
|turn|3
|
|t:|1667865430
|switch|p2a: Amoonguss|Amoonguss, M|100/100
|-damage|p2a: Amoonguss|88/100|[from] Stealth Rock
|move|p1a: Celesteela|Autotomize|p1a: Celesteela
|-boost|p1a: Celesteela|spe|2
|-start|p1a: Celesteela|Autotomize
|
|-weather|RainDance|[upkeep]
|upkeep
|turn|4
|
|t:|1667865437
|move|p1a: Celesteela|Air Slash|p2a: Amoonguss
|-supereffective|p2a: Amoonguss
|-damage|p2a: Amoonguss|17/100
|-enditem|p2a: Amoonguss|Eject Button
|
|t:|1667865451
|switch|p2a: Kingdra|Kingdra, F|100/100
|-damage|p2a: Kingdra|88/100|[from] Stealth Rock
|
|-weather|RainDance|[upkeep]
|upkeep
|turn|5
|
|t:|1667865454
|move|p2a: Kingdra|Surf|p1a: Celesteela
|-damage|p1a: Celesteela|5/100
|move|p1a: Celesteela|Autotomize|p1a: Celesteela
|-boost|p1a: Celesteela|spe|2
|-start|p1a: Celesteela|Autotomize
|
|-weather|RainDance|[upkeep]
|upkeep
|turn|6
|
|t:|1667865459
|move|p1a: Celesteela|Air Slash|p2a: Kingdra
|-damage|p2a: Kingdra|39/100
|move|p2a: Kingdra|Surf|p1a: Celesteela
|-damage|p1a: Celesteela|0 fnt
|faint|p1a: Celesteela
|
|-weather|RainDance|[upkeep]
|upkeep
|
|t:|1667865471
|switch|p1a: Gyarados|Gyarados, M|100/100
|turn|7
|
|t:|1667865474
|move|p2a: Kingdra|Surf|p1a: Gyarados
|-resisted|p1a: Gyarados
|-damage|p1a: Gyarados|53/100
|move|p1a: Gyarados|Dragon Dance|p1a: Gyarados
|-boost|p1a: Gyarados|atk|1
|-boost|p1a: Gyarados|spe|1
|
|-weather|RainDance|[upkeep]
|upkeep
|turn|8
|
|t:|1667865483
|move|p2a: Kingdra|Surf|p1a: Gyarados
|-resisted|p1a: Gyarados
|-damage|p1a: Gyarados|6/100
|move|p1a: Gyarados|Waterfall|p2a: Kingdra
|-resisted|p2a: Kingdra
|-damage|p2a: Kingdra|2/100
|
|-weather|none
|upkeep
|turn|9
|
|t:|1667865496
|switch|p2a: Salamence|Salamence, M|100/100
|-ability|p2a: Salamence|Intimidate|boost
|-unboost|p1a: Gyarados|atk|1
|move|p1a: Gyarados|Waterfall|p2a: Salamence
|-resisted|p2a: Salamence
|-damage|p2a: Salamence|71/100
|
|upkeep
|turn|10
|
|t:|1667865502
|move|p1a: Gyarados|Ice Fang|p2a: Salamence
|-supereffective|p2a: Salamence
|-damage|p2a: Salamence|0 fnt
|faint|p2a: Salamence
|-ability|p1a: Gyarados|Moxie|boost
|-boost|p1a: Gyarados|atk|1
|
|upkeep
|
|t:|1667865507
|switch|p2a: Kabutops|Kabutops, F|100/100
|-damage|p2a: Kabutops|88/100|[from] Stealth Rock
|turn|11
|
|t:|1667865511
|move|p2a: Kabutops|Aqua Jet|p1a: Gyarados
|-resisted|p1a: Gyarados
|-damage|p1a: Gyarados|0 fnt
|faint|p1a: Gyarados
|-damage|p2a: Kabutops|78/100|[from] item: Life Orb
|
|upkeep
|
|t:|1667865513
|switch|p1a: Keldeo|Keldeo-Resolute|100/100
|turn|12
|
|t:|1667865523
|switch|p2a: Tornadus|Tornadus, M|100/100
|-damage|p2a: Tornadus|76/100|[from] Stealth Rock
|move|p1a: Keldeo|Calm Mind|p1a: Keldeo
|-boost|p1a: Keldeo|spa|1
|-boost|p1a: Keldeo|spd|1
|
|upkeep
|turn|13
|
|t:|1667865529
|move|p2a: Tornadus|Hurricane|p1a: Keldeo
|-supereffective|p1a: Keldeo
|-damage|p1a: Keldeo|0 fnt
|faint|p1a: Keldeo
|
|upkeep
|
|t:|1667865532
|switch|p1a: Azelf|Azelf|100/100
|turn|14
|
|t:|1667865538
|move|p1a: Azelf|Nasty Plot|p1a: Azelf
|-boost|p1a: Azelf|spa|2
|move|p2a: Tornadus|Hurricane|p1a: Azelf
|-damage|p1a: Azelf|0 fnt
|faint|p1a: Azelf
|
|upkeep
|-message|Erindor forfeited.
|
|win|DarkHorse344
|raw|Erindor's rating: 1426 &rarr; <strong>1410</strong><br />(-16 for losing)
|raw|DarkHorse344's rating: 1504 &rarr; <strong>1520</strong><br />(+16 for winning)
