|j|☆Bamarah
|j|☆Sir Fresh
|player|p1|Bamarah|eusine-gen2|1255
|player|p2|Sir Fresh|92|1369
|teamsize|p1|6
|teamsize|p2|6
|gametype|singles
|gen|8
|tier|[Gen 8] UU
|rated|
|clearpoke
|poke|p1|Noivern, M|
|poke|p1|Gengar, M|
|poke|p1|Keldeo-Resolute|
|poke|p1|Darmanitan, M|
|poke|p1|Skarmory, M|
|poke|p1|Blissey, F|
|poke|p2|Crawdaunt, M|
|poke|p2|Porygon-Z|
|poke|p2|Roserade, F|
|poke|p2|Skarmory, M|
|poke|p2|Gardevoir, F|
|poke|p2|Flygon, M|
|rule|Sleep Clause Mod: Limit one foe put to sleep
|rule|Species Clause: Limit one of each Pokémon
|rule|OHKO Clause: OHKO moves are banned
|rule|Evasion Moves Clause: Evasion moves are banned
|rule|Endless Battle Clause: Forcing endless battles is banned
|rule|HP Percentage Mod: HP is shown in percentages
|rule|Dynamax Clause: You cannot dynamax
|teampreview
|inactive|Battle timer is ON: inactive players will automatically lose when time's up. (requested by Bamarah)
|
|start
|switch|p1a: Darmanitan|Darmanitan, M, shiny|100/100
|switch|p2a: Crawdaunt|Crawdaunt, M|100/100
|turn|1
|
|switch|p1a: Keldeo|Keldeo-Resolute|100/100
|move|p2a: Crawdaunt|Knock Off|p1a: Keldeo
|-resisted|p1a: Keldeo
|-damage|p1a: Keldeo|48/100
|-ability|p1a: Keldeo|Justified|boost
|-boost|p1a: Keldeo|atk|1
|-enditem|p1a: Keldeo|Life Orb|[from] move: Knock Off|[of] p2a: Crawdaunt
|-damage|p2a: Crawdaunt|91/100|[from] item: Life Orb
|
|upkeep
|turn|2
|
|switch|p2a: Roserade|Roserade, F|100/100
|move|p1a: Keldeo|Icy Wind|p2a: Roserade
|-supereffective|p2a: Roserade
|-damage|p2a: Roserade|70/100
|-unboost|p2a: Roserade|spe|1
|
|-heal|p2a: Roserade|76/100|[from] item: Black Sludge
|upkeep
|turn|3
|
|switch|p1a: Gengar|Gengar, M, shiny|100/100
|move|p2a: Roserade|Spikes|p1a: Gengar
|-sidestart|p1: Bamarah|Spikes
|
|-heal|p2a: Roserade|82/100|[from] item: Black Sludge
|upkeep
|turn|4
|
|move|p1a: Gengar|Psychic|p2a: Roserade
|-supereffective|p2a: Roserade
|-damage|p2a: Roserade|15/100
|move|p2a: Roserade|Sludge Bomb|p1a: Gengar
|-resisted|p1a: Gengar
|-damage|p1a: Gengar|86/100
|
|-heal|p2a: Roserade|21/100|[from] item: Black Sludge
|upkeep
|turn|5
|
|switch|p1a: Skarmory|Skarmory, M, shiny|100/100
|switch|p2a: Crawdaunt|Crawdaunt, M|91/100
|
|upkeep
|turn|6
|
|move|p1a: Skarmory|Iron Defense|p1a: Skarmory
|-boost|p1a: Skarmory|def|2
|move|p2a: Crawdaunt|Knock Off|p1a: Skarmory
|-damage|p1a: Skarmory|67/100
|-enditem|p1a: Skarmory|Leftovers|[from] move: Knock Off|[of] p2a: Crawdaunt
|-damage|p2a: Crawdaunt|81/100|[from] item: Life Orb
|
|upkeep
|turn|7
|
|switch|p2a: Gardevoir|Gardevoir, F|100/100
|-ability|p2a: Gardevoir|Sturdy|[from] ability: Trace|[of] p1a: Skarmory
|move|p1a: Skarmory|Body Press|p2a: Gardevoir
|-resisted|p2a: Gardevoir
|-damage|p2a: Gardevoir|74/100
|
|upkeep
|turn|8
|
|switch|p1a: Blissey|Blissey, F, shiny|100/100
|-damage|p1a: Blissey|88/100|[from] Spikes
|move|p2a: Gardevoir|Trick|p1a: Blissey
|-activate|p2a: Gardevoir|move: Trick|[of] p1a: Blissey
|-item|p1a: Blissey|Choice Scarf|[from] move: Trick
|-item|p2a: Gardevoir|Leftovers|[from] move: Trick
|
|-heal|p2a: Gardevoir|80/100|[from] item: Leftovers
|upkeep
|turn|9
|
|switch|p2a: Skarmory|Skarmory, M|100/100
|move|p1a: Blissey|Thunder Wave|p2a: Skarmory
|-status|p2a: Skarmory|par
|
|upkeep
|turn|10
|
|switch|p1a: Noivern|Noivern, M, shiny|100/100
|-item|p2a: Skarmory|Rocky Helmet|[from] ability: Frisk|[of] p1a: Noivern|[identify]
|move|p2a: Skarmory|Stealth Rock|p1a: Noivern
|-sidestart|p1: Bamarah|move: Stealth Rock
|
|upkeep
|turn|11
|
|switch|p2a: Gardevoir|Gardevoir, F|80/100
|-ability|p2a: Gardevoir|Frisk|[from] ability: Trace|[of] p1a: Noivern
|-item|p1a: Noivern|Life Orb|[from] ability: Frisk|[of] p2a: Gardevoir|[identify]
|move|p1a: Noivern|Defog|p2a: Gardevoir
|-unboost|p2a: Gardevoir|evasion|1
|-sideend|p1: Bamarah|Spikes|[from] move: Defog|[of] p1a: Noivern
|-sideend|p1: Bamarah|Stealth Rock|[from] move: Defog|[of] p1a: Noivern
|
|-heal|p2a: Gardevoir|86/100|[from] item: Leftovers
|upkeep
|turn|12
|
|switch|p1a: Blissey|Blissey, F, shiny|88/100
|move|p2a: Gardevoir|Moonblast|p1a: Blissey
|-damage|p1a: Blissey|75/100
|-unboost|p1a: Blissey|spa|1
|
|-heal|p2a: Gardevoir|93/100|[from] item: Leftovers
|upkeep
|turn|13
|
|switch|p2a: Skarmory|Skarmory, M|100/100 par
|move|p1a: Blissey|Seismic Toss|p2a: Skarmory
|-damage|p2a: Skarmory|71/100 par
|-damage|p1a: Blissey|58/100|[from] item: Rocky Helmet|[of] p2a: Skarmory
|
|upkeep
|turn|14
|
|switch|p1a: Noivern|Noivern, M, shiny|100/100
|-item|p2a: Skarmory|Rocky Helmet|[from] ability: Frisk|[of] p1a: Noivern|[identify]
|switch|p2a: Roserade|Roserade, F|21/100
|
|-heal|p2a: Roserade|28/100|[from] item: Black Sludge
|upkeep
|turn|15
|
|switch|p2a: Gardevoir|Gardevoir, F|93/100
|-ability|p2a: Gardevoir|Frisk|[from] ability: Trace|[of] p1a: Noivern
|-item|p1a: Noivern|Life Orb|[from] ability: Frisk|[of] p2a: Gardevoir|[identify]
|move|p1a: Noivern|Flamethrower|p2a: Gardevoir
|-damage|p2a: Gardevoir|53/100
|-damage|p1a: Noivern|91/100|[from] item: Life Orb
|
|-heal|p2a: Gardevoir|59/100|[from] item: Leftovers
|upkeep
|turn|16
|
|switch|p1a: Blissey|Blissey, F, shiny|58/100
|move|p2a: Gardevoir|Moonblast|p1a: Blissey
|-damage|p1a: Blissey|44/100
|-unboost|p1a: Blissey|spa|1
|
|-heal|p2a: Gardevoir|65/100|[from] item: Leftovers
|upkeep
|turn|17
|
|switch|p2a: Roserade|Roserade, F|28/100
|move|p1a: Blissey|Wish|p1a: Blissey
|
|-heal|p2a: Roserade|34/100|[from] item: Black Sludge
|upkeep
|turn|18
|inactive|Sir Fresh has 120 seconds left.
|
|switch|p1a: Noivern|Noivern, M, shiny|91/100
|-item|p2a: Roserade|Black Sludge|[from] ability: Frisk|[of] p1a: Noivern|[identify]
|move|p2a: Roserade|Giga Drain|p1a: Noivern
|-resisted|p1a: Noivern
|-damage|p1a: Noivern|79/100
|-heal|p2a: Roserade|39/100|[from] drain|[of] p1a: Noivern
|
|-heal|p1a: Noivern|100/100|[from] move: Wish|[wisher] Blissey
|-heal|p2a: Roserade|46/100|[from] item: Black Sludge
|upkeep
|turn|19
|
|move|p1a: Noivern|Flamethrower|p2a: Roserade
|-supereffective|p2a: Roserade
|-crit|p2a: Roserade
|-damage|p2a: Roserade|0 fnt
|-damage|p1a: Noivern|91/100|[from] item: Life Orb
|faint|p2a: Roserade
|
|upkeep
|inactive|Sir Fresh has 90 seconds left.
|inactive|Sir Fresh has 60 seconds left.
|inactive|Sir Fresh has 30 seconds left.
|inactive|Sir Fresh has 20 seconds left.
|inactive|Sir Fresh has 15 seconds left.
|inactive|Sir Fresh has 10 seconds left.
|inactive|Sir Fresh has 5 seconds left.
|-message|Sir Fresh lost due to inactivity.
|
|win|Bamarah
