|j|☆Meute
|j|☆gyeonggi
|t:|1665684297
|gametype|singles
|player|p1|Meute|lance-masters|1477
|player|p2|gyeonggi|unknownf|1521
|teamsize|p1|6
|teamsize|p2|6
|gen|8
|tier|[Gen 8] UU
|rated|
|rule|Sleep Clause Mod: Limit one foe put to sleep
|rule|Species Clause: Limit one of each Pokémon
|rule|OHKO Clause: OHKO moves are banned
|rule|Evasion Items Clause: Evasion items are banned
|rule|Evasion Moves Clause: Evasion moves are banned
|rule|Endless Battle Clause: Forcing endless battles is banned
|rule|HP Percentage Mod: HP is shown in percentages
|rule|Dynamax Clause: You cannot dynamax
|clearpoke
|poke|p1|Necrozma|
|poke|p1|Registeel|
|poke|p1|Tapu Bulu|
|poke|p1|Slowking, M|
|poke|p1|Cobalion|
|poke|p1|Hydreigon, M|
|poke|p2|Tangrowth, F|
|poke|p2|Chansey, F|
|poke|p2|Skarmory, F|
|poke|p2|Reuniclus, F|
|poke|p2|Quagsire, M|
|poke|p2|Togekiss, F|
|teampreview
|inactive|Battle timer is ON: inactive players will automatically lose when time's up. (requested by Meute)
|
|t:|1665684312
|start
|switch|p1a: Cobalion|Cobalion|100/100
|switch|p2a: Tarzan|Tangrowth, F|100/100
|turn|1
|
|t:|1665684318
|move|p1a: Cobalion|Stealth Rock|p2a: Tarzan
|-sidestart|p2: gyeonggi|move: Stealth Rock
|move|p2a: Tarzan|Focus Blast|p1a: Cobalion
|-supereffective|p1a: Cobalion
|-damage|p1a: Cobalion|21/100
|
|upkeep
|turn|2
|
|t:|1665684326
|move|p1a: Cobalion|Volt Switch|p2a: Tarzan
|-resisted|p2a: Tarzan
|-crit|p2a: Tarzan
|-damage|p2a: Tarzan|90/100
|
|t:|1665684332
|switch|p1a: Slowking|Slowking, M|100/100|[from]move: Volt Switch
|move|p2a: Tarzan|Giga Drain|p1a: Slowking
|-supereffective|p1a: Slowking
|-damage|p1a: Slowking|55/100
|-heal|p2a: Tarzan|100/100|[from] drain|[of] p1a: Slowking
|
|upkeep
|turn|3
|
|t:|1665684338
|move|p2a: Tarzan|Knock Off|p1a: Slowking
|-supereffective|p1a: Slowking
|-enditem|p1a: Slowking|Colbur Berry|[eat]
|-enditem|p1a: Slowking|Colbur Berry|[weaken]
|-damage|p1a: Slowking|38/100
|move|p1a: Slowking|Teleport|p1a: Slowking
|
|t:|1665684352
|switch|p1a: Registeel|Registeel|100/100|[from]move: Teleport
|
|upkeep
|turn|4
|
|t:|1665684356
|switch|p2a: Special|Quagsire, M|100/100
|-damage|p2a: Special|94/100|[from] Stealth Rock
|move|p1a: Registeel|Iron Defense|p1a: Registeel
|-boost|p1a: Registeel|def|2
|
|upkeep
|turn|5
|
|t:|1665684362
|move|p1a: Registeel|Iron Defense|p1a: Registeel
|-boost|p1a: Registeel|def|2
|move|p2a: Special|Haze|p2a: Special
|-clearallboost
|
|upkeep
|turn|6
|
|t:|1665684367
|move|p1a: Registeel|Iron Defense|p1a: Registeel
|-boost|p1a: Registeel|def|2
|move|p2a: Special|Scald|p1a: Registeel
|-damage|p1a: Registeel|86/100
|-status|p1a: Registeel|brn
|
|-damage|p1a: Registeel|80/100 brn|[from] brn
|upkeep
|turn|7
|
|t:|1665684372
|move|p1a: Registeel|Rest|p1a: Registeel
|-status|p1a: Registeel|slp|[from] move: Rest
|-heal|p1a: Registeel|100/100 slp|[silent]
|-enditem|p1a: Registeel|Chesto Berry|[eat]
|-curestatus|p1a: Registeel|slp|[msg]
|move|p2a: Special|Haze|p2a: Special
|-clearallboost
|
|upkeep
|turn|8
|
|t:|1665684378
|move|p1a: Registeel|Iron Defense|p1a: Registeel
|-boost|p1a: Registeel|def|2
|move|p2a: Special|Scald|p1a: Registeel
|-damage|p1a: Registeel|88/100
|
|upkeep
|turn|9
|
|t:|1665684384
|move|p1a: Registeel|Body Press|p2a: Special
|-damage|p2a: Special|71/100
|move|p2a: Special|Haze|p2a: Special
|-clearallboost
|
|upkeep
|turn|10
|
|t:|1665684393
|switch|p1a: Slowking|Slowking, M|71/100
|move|p2a: Special|Recover|p2a: Special
|-heal|p2a: Special|100/100
|
|upkeep
|turn|11
|
|t:|1665684403
|switch|p2a: Toge-ther|Togekiss, F|100/100
|move|p1a: Slowking|Scald|p2a: Toge-ther
|-damage|p2a: Toge-ther|80/100
|-status|p2a: Toge-ther|brn
|
|-damage|p2a: Toge-ther|73/100 brn|[from] brn
|upkeep
|turn|12
|
|t:|1665684406
|move|p2a: Toge-ther|Defog|p1a: Slowking
|-unboost|p1a: Slowking|evasion|1
|-sideend|p2: gyeonggi|Stealth Rock|[from] move: Defog|[of] p2a: Toge-ther
|move|p1a: Slowking|Teleport|p1a: Slowking
|
|t:|1665684425
|switch|p1a: Necrozma|Necrozma|100/100|[from]move: Teleport
|
|-damage|p2a: Toge-ther|67/100 brn|[from] brn
|upkeep
|turn|13
|
|t:|1665684431
|switch|p2a: Diabetic|Chansey, F|100/100
|move|p1a: Necrozma|Calm Mind|p1a: Necrozma
|-boost|p1a: Necrozma|spa|1
|-boost|p1a: Necrozma|spd|1
|
|upkeep
|turn|14
|
|t:|1665684435
|switch|p1a: Registeel|Registeel|88/100
|move|p2a: Diabetic|Toxic|p1a: Registeel
|-immune|p1a: Registeel
|
|upkeep
|turn|15
|
|t:|1665684442
|move|p2a: Diabetic|Aromatherapy|p2a: Diabetic
|-activate|p2a: Diabetic|move: Aromatherapy
|-curestatus|p2: Toge-ther|brn|[msg]
|move|p1a: Registeel|Body Press|p2a: Diabetic
|-supereffective|p2a: Diabetic
|-damage|p2a: Diabetic|56/100
|
|upkeep
|turn|16
|
|t:|1665684451
|switch|p2a: Special|Quagsire, M|100/100
|move|p1a: Registeel|Iron Defense|p1a: Registeel
|-boost|p1a: Registeel|def|2
|
|upkeep
|turn|17
|
|t:|1665684454
|move|p1a: Registeel|Body Press|p2a: Special
|-damage|p2a: Special|75/100
|move|p2a: Special|Haze|p2a: Special
|-clearallboost
|
|upkeep
|turn|18
|
|t:|1665684458
|switch|p1a: Slowking|Slowking, M|100/100
|move|p2a: Special|Scald|p1a: Slowking
|-resisted|p1a: Slowking
|-crit|p1a: Slowking
|-damage|p1a: Slowking|89/100
|-status|p1a: Slowking|brn
|
|-damage|p1a: Slowking|83/100 brn|[from] brn
|upkeep
|turn|19
|
|t:|1665684468
|switch|p2a: Reuniclus|Reuniclus, F|100/100
|move|p1a: Slowking|Teleport|p1a: Slowking
|
|t:|1665684474
|switch|p1a: Hydreigon|Hydreigon, M|100/100|[from]move: Teleport
|
|upkeep
|turn|20
|
|t:|1665684478
|switch|p2a: Toge-ther|Togekiss, F|67/100
|move|p1a: Hydreigon|Dark Pulse|p2a: Toge-ther
|-resisted|p2a: Toge-ther
|-damage|p2a: Toge-ther|52/100
|
|upkeep
|turn|21
|
|t:|1665684481
|move|p1a: Hydreigon|Taunt|p2a: Toge-ther
|-start|p2a: Toge-ther|move: Taunt
|cant|p2a: Toge-ther|move: Taunt|Roost
|
|upkeep
|turn|22
|
|t:|1665684491
|switch|p1a: Slowking|Slowking, M|100/100 brn
|move|p2a: Toge-ther|Air Slash|p1a: Slowking
|-damage|p1a: Slowking|75/100 brn
|
|-damage|p1a: Slowking|69/100 brn|[from] brn
|upkeep
|turn|23
|
|t:|1665684500
|switch|p2a: Diabetic|Chansey, F|56/100
|switch|p1a: Registeel|Registeel|88/100
|
|upkeep
|turn|24
|
|t:|1665684514
|switch|p2a: Toge-ther|Togekiss, F|52/100
|move|p1a: Registeel|Body Press|p2a: Toge-ther
|-resisted|p2a: Toge-ther
|-damage|p2a: Toge-ther|46/100
|
|upkeep
|turn|25
|
|t:|1665684522
|move|p2a: Toge-ther|Roost|p2a: Toge-ther
|-heal|p2a: Toge-ther|96/100
|-singleturn|p2a: Toge-ther|move: Roost
|move|p1a: Registeel|Iron Defense|p1a: Registeel
|-boost|p1a: Registeel|def|2
|
|upkeep
|turn|26
|
|t:|1665684528
|move|p2a: Toge-ther|Flamethrower|p1a: Registeel
|-supereffective|p1a: Registeel
|-damage|p1a: Registeel|57/100
|move|p1a: Registeel|Iron Defense|p1a: Registeel
|-boost|p1a: Registeel|def|2
|
|upkeep
|turn|27
|
|t:|1665684534
|move|p2a: Toge-ther|Flamethrower|p1a: Registeel
|-supereffective|p1a: Registeel
|-damage|p1a: Registeel|27/100
|move|p1a: Registeel|Body Press|p2a: Toge-ther
|-resisted|p2a: Toge-ther
|-damage|p2a: Toge-ther|81/100
|
|upkeep
|turn|28
|
|t:|1665684541
|switch|p1a: Slowking|Slowking, M|100/100 brn
|move|p2a: Toge-ther|Air Slash|p1a: Slowking
|-damage|p1a: Slowking|76/100 brn
|
|-damage|p1a: Slowking|70/100 brn|[from] brn
|upkeep
|turn|29
|
|t:|1665684547
|move|p2a: Toge-ther|Air Slash|p1a: Slowking
|-damage|p1a: Slowking|47/100 brn
|cant|p1a: Slowking|flinch
|
|-damage|p1a: Slowking|41/100 brn|[from] brn
|upkeep
|turn|30
|
|t:|1665684550
|move|p2a: Toge-ther|Air Slash|p1a: Slowking
|-damage|p1a: Slowking|18/100 brn
|cant|p1a: Slowking|flinch
|
|-damage|p1a: Slowking|12/100 brn|[from] brn
|upkeep
|turn|31
|
|t:|1665684555
|switch|p1a: Necrozma|Necrozma|100/100
|move|p2a: Toge-ther|Flamethrower|p1a: Necrozma
|-damage|p1a: Necrozma|76/100
|
|upkeep
|turn|32
|
|t:|1665684562
|switch|p2a: Diabetic|Chansey, F|56/100
|move|p1a: Necrozma|Calm Mind|p1a: Necrozma
|-boost|p1a: Necrozma|spa|1
|-boost|p1a: Necrozma|spd|1
|
|upkeep
|turn|33
|
|t:|1665684571
|switch|p1a: Cobalion|Cobalion|21/100
|move|p2a: Diabetic|Soft-Boiled|p2a: Diabetic
|-heal|p2a: Diabetic|100/100
|
|upkeep
|turn|34
|
|t:|1665684578
|switch|p2a: KFC|Skarmory, F|100/100
|move|p1a: Cobalion|Stealth Rock|p2a: KFC
|-sidestart|p2: gyeonggi|move: Stealth Rock
|
|upkeep
|turn|35
|
|t:|1665684582
|move|p1a: Cobalion|Volt Switch|p2a: KFC
|-supereffective|p2a: KFC
|-damage|p2a: KFC|65/100
|
|t:|1665684586
|switch|p1a: Hydreigon|Hydreigon, M|100/100|[from]move: Volt Switch
|move|p2a: KFC|Defog|p1a: Hydreigon
|-unboost|p1a: Hydreigon|evasion|1
|-sideend|p2: gyeonggi|Stealth Rock|[from] move: Defog|[of] p2a: KFC
|
|-heal|p2a: KFC|71/100|[from] item: Leftovers
|upkeep
|turn|36
|
|t:|1665684599
|switch|p1a: Necrozma|Necrozma|76/100
|switch|p2a: Diabetic|Chansey, F|100/100
|
|upkeep
|turn|37
|
|t:|1665684605
|switch|p1a: Registeel|Registeel|27/100
|move|p2a: Diabetic|Seismic Toss|p1a: Registeel
|-damage|p1a: Registeel|0 fnt
|faint|p1a: Registeel
|
|upkeep
|
|t:|1665684609
|switch|p1a: Cobalion|Cobalion|21/100
|turn|38
|
|t:|1665684613
|move|p1a: Cobalion|Close Combat|p2a: Diabetic
|-supereffective|p2a: Diabetic
|-damage|p2a: Diabetic|35/100
|-unboost|p1a: Cobalion|def|1
|-unboost|p1a: Cobalion|spd|1
|move|p2a: Diabetic|Seismic Toss|p1a: Cobalion
|-damage|p1a: Cobalion|0 fnt
|-damage|p2a: Diabetic|18/100|[from] item: Rocky Helmet|[of] p1a: Cobalion
|faint|p1a: Cobalion
|
|upkeep
|
|t:|1665684624
|switch|p1a: Hydreigon|Hydreigon, M|100/100
|turn|39
|
|t:|1665684630
|switch|p2a: Toge-ther|Togekiss, F|81/100
|move|p1a: Hydreigon|Taunt|p2a: Toge-ther
|-start|p2a: Toge-ther|move: Taunt
|
|upkeep
|turn|40
|
|t:|1665684644
|move|p1a: Hydreigon|Dark Pulse|p2a: Toge-ther
|-resisted|p2a: Toge-ther
|-damage|p2a: Toge-ther|64/100
|move|p2a: Toge-ther|Air Slash|p1a: Hydreigon
|-damage|p1a: Hydreigon|69/100
|
|-heal|p1a: Hydreigon|75/100|[from] item: Leftovers
|upkeep
|turn|41
|
|t:|1665684662
|switch|p2a: Tarzan|Tangrowth, F|100/100
|move|p1a: Hydreigon|Dark Pulse|p2a: Tarzan
|-damage|p2a: Tarzan|59/100
|
|-heal|p1a: Hydreigon|81/100|[from] item: Leftovers
|upkeep
|turn|42
|
|t:|1665684671
|switch|p1a: Slowking|Slowking, M|46/100 brn
|switch|p2a: Reuniclus|Reuniclus, F|100/100
|
|-damage|p1a: Slowking|39/100 brn|[from] brn
|upkeep
|turn|43
|
|t:|1665684678
|move|p2a: Reuniclus|Future Sight|p1a: Slowking
|-start|p2a: Reuniclus|move: Future Sight
|move|p1a: Slowking|Teleport|p1a: Slowking
|
|t:|1665684686
|switch|p1a: Hydreigon|Hydreigon, M|81/100|[from]move: Teleport
|
|-heal|p1a: Hydreigon|87/100|[from] item: Leftovers
|upkeep
|turn|44
|
|t:|1665684689
|move|p1a: Hydreigon|Dark Pulse|p2a: Reuniclus
|-supereffective|p2a: Reuniclus
|-damage|p2a: Reuniclus|58/100
|cant|p2a: Reuniclus|flinch
|
|-heal|p1a: Hydreigon|93/100|[from] item: Leftovers
|upkeep
|turn|45
|
|t:|1665684700
|move|p1a: Hydreigon|Dark Pulse|p2a: Reuniclus
|-supereffective|p2a: Reuniclus
|-damage|p2a: Reuniclus|21/100
|move|p2a: Reuniclus|Focus Blast|p1a: Hydreigon|[miss]
|-miss|p2a: Reuniclus|p1a: Hydreigon
|
|-end|p1a: Hydreigon|move: Future Sight
|-immune|p1a: Hydreigon
|-heal|p1a: Hydreigon|99/100|[from] item: Leftovers
|upkeep
|turn|46
|
|t:|1665684709
|switch|p2a: Toge-ther|Togekiss, F|64/100
|move|p1a: Hydreigon|Dark Pulse|p2a: Toge-ther
|-resisted|p2a: Toge-ther
|-damage|p2a: Toge-ther|49/100
|
|-heal|p1a: Hydreigon|100/100|[from] item: Leftovers
|upkeep
|turn|47
|
|t:|1665684713
|move|p1a: Hydreigon|Taunt|p2a: Toge-ther
|-start|p2a: Toge-ther|move: Taunt
|move|p2a: Toge-ther|Air Slash|p1a: Hydreigon
|-damage|p1a: Hydreigon|68/100
|
|-heal|p1a: Hydreigon|74/100|[from] item: Leftovers
|upkeep
|turn|48
|
|t:|1665684720
|move|p1a: Hydreigon|Dark Pulse|p2a: Toge-ther
|-resisted|p2a: Toge-ther
|-damage|p2a: Toge-ther|34/100
|move|p2a: Toge-ther|Air Slash|p1a: Hydreigon
|-damage|p1a: Hydreigon|37/100
|
|-heal|p1a: Hydreigon|43/100|[from] item: Leftovers
|upkeep
|turn|49
|
|t:|1665684728
|move|p1a: Hydreigon|Roost|p1a: Hydreigon
|-heal|p1a: Hydreigon|93/100
|-singleturn|p1a: Hydreigon|move: Roost
|move|p2a: Toge-ther|Air Slash|p1a: Hydreigon
|-damage|p1a: Hydreigon|56/100
|
|-heal|p1a: Hydreigon|62/100|[from] item: Leftovers
|-end|p2a: Toge-ther|move: Taunt
|upkeep
|turn|50
|
|t:|1665684736
|move|p1a: Hydreigon|Dark Pulse|p2a: Toge-ther
|-resisted|p2a: Toge-ther
|-damage|p2a: Toge-ther|18/100
|move|p2a: Toge-ther|Air Slash|p1a: Hydreigon
|-damage|p1a: Hydreigon|31/100
|
|-heal|p1a: Hydreigon|37/100|[from] item: Leftovers
|upkeep
|turn|51
|
|t:|1665684743
|move|p1a: Hydreigon|Taunt|p2a: Toge-ther
|-start|p2a: Toge-ther|move: Taunt
|cant|p2a: Toge-ther|move: Taunt|Roost
|
|-heal|p1a: Hydreigon|43/100|[from] item: Leftovers
|upkeep
|turn|52
|
|t:|1665684748
|switch|p2a: Reuniclus|Reuniclus, F|54/100
|move|p1a: Hydreigon|Dark Pulse|p2a: Reuniclus
|-supereffective|p2a: Reuniclus
|-damage|p2a: Reuniclus|17/100
|
|-heal|p1a: Hydreigon|49/100|[from] item: Leftovers
|upkeep
|turn|53
|
|t:|1665684754
|switch|p2a: Tarzan|Tangrowth, F|92/100
|move|p1a: Hydreigon|Dark Pulse|p2a: Tarzan
|-damage|p2a: Tarzan|50/100
|
|-heal|p1a: Hydreigon|55/100|[from] item: Leftovers
|upkeep
|turn|54
|
|t:|1665684758
|move|p2a: Tarzan|Protect|p2a: Tarzan
|-singleturn|p2a: Tarzan|Protect
|move|p1a: Hydreigon|Dark Pulse|p2a: Tarzan
|-activate|p2a: Tarzan|move: Protect
|
|-heal|p1a: Hydreigon|61/100|[from] item: Leftovers
|upkeep
|turn|55
|
|t:|1665684767
|switch|p1a: Slowking|Slowking, M|73/100 brn
|switch|p2a: Toge-ther|Togekiss, F|18/100
|
|-damage|p1a: Slowking|67/100 brn|[from] brn
|upkeep
|turn|56
|
|t:|1665684775
|move|p2a: Toge-ther|Roost|p2a: Toge-ther
|-heal|p2a: Toge-ther|68/100
|-singleturn|p2a: Toge-ther|move: Roost
|move|p1a: Slowking|Teleport|p1a: Slowking
|
|t:|1665684783
|switch|p1a: Tapu Bulu|Tapu Bulu|100/100|[from]move: Teleport
|-fieldstart|move: Grassy Terrain|[from] ability: Grassy Surge|[of] p1a: Tapu Bulu
|
|-heal|p2a: Toge-ther|74/100|[from] Grassy Terrain
|upkeep
|turn|57
|
|t:|1665684799
|switch|p1a: Necrozma|Necrozma|76/100
|switch|p2a: Tarzan|Tangrowth, F|83/100
|
|-heal|p1a: Necrozma|82/100|[from] Grassy Terrain
|-heal|p2a: Tarzan|89/100|[from] Grassy Terrain
|upkeep
|turn|58
|
|t:|1665684812
|switch|p2a: KFC|Skarmory, F|71/100
|move|p1a: Necrozma|Calm Mind|p1a: Necrozma
|-boost|p1a: Necrozma|spa|1
|-boost|p1a: Necrozma|spd|1
|
|-heal|p1a: Necrozma|88/100|[from] Grassy Terrain
|-heal|p2a: KFC|77/100|[from] item: Leftovers
|upkeep
|turn|59
|
|t:|1665684816
|move|p1a: Necrozma|Heat Wave|p2a: KFC
|-supereffective|p2a: KFC
|-damage|p2a: KFC|0 fnt
|faint|p2a: KFC
|
|-heal|p1a: Necrozma|94/100|[from] Grassy Terrain
|upkeep
|
|t:|1665684828
|switch|p2a: Special|Quagsire, M|75/100
|turn|60
|
|t:|1665684837
|move|p1a: Necrozma|Photon Geyser|p2a: Special
|-damage|p2a: Special|0 fnt
|faint|p2a: Special
|
|-heal|p1a: Necrozma|100/100|[from] Grassy Terrain
|-fieldend|move: Grassy Terrain
|upkeep
|
|t:|1665684851
|switch|p2a: Diabetic|Chansey, F|18/100
|turn|61
|
|t:|1665684856
|move|p1a: Necrozma|Photon Geyser|p2a: Diabetic
|-damage|p2a: Diabetic|0 fnt
|faint|p2a: Diabetic
|
|upkeep
|-message|gyeonggi forfeited.
|
|win|Meute
|raw|Meute's rating: 1477 &rarr; <strong>1500</strong><br />(+23 for winning)
|raw|gyeonggi's rating: 1521 &rarr; <strong>1498</strong><br />(-23 for losing)
|l|☆gyeonggi
||Ladder isn't responding, score probably updated but might not have (Request timeout).
