|j|☆UULT94A Bhalal
|j|☆congelateur-sama
|t:|1653510164
|gametype|singles
|player|p1|UULT94A Bhalal|clown|
|player|p2|congelateur-sama|#fcpl4raichicheurs|
|teamsize|p1|6
|teamsize|p2|6
|gen|8
|tier|[Gen 8] UU
|rule|Sleep Clause Mod: Limit one foe put to sleep
|rule|Species Clause: Limit one of each Pokémon
|rule|OHKO Clause: OHKO moves are banned
|rule|Evasion Moves Clause: Evasion moves are banned
|rule|Endless Battle Clause: Forcing endless battles is banned
|rule|HP Percentage Mod: HP is shown in percentages
|rule|Dynamax Clause: You cannot dynamax
|clearpoke
|poke|p1|Ribombee, M|
|poke|p1|Politoed, M|
|poke|p1|Kingdra, F|
|poke|p1|Seismitoad, M|
|poke|p1|Celesteela|
|poke|p1|Poliwrath, F|
|poke|p2|Seismitoad, F|
|poke|p2|Klefki, F|
|poke|p2|Noivern, F|
|poke|p2|Chandelure, M|
|poke|p2|Celebi|
|poke|p2|Heracross, M|
|teampreview
|inactive|Battle timer is ON: inactive players will automatically lose when time's up. (requested by UULT94A Bhalal)
|c|☆congelateur-sama|hf
|c|☆UULT94A Bhalal|gl hf
|c|☆congelateur-sama|oh non je me suis trompé de team, j'ai pick une ru (lol)
|inactive|UULT94A Bhalal has 270 seconds left.
|inactive|congelateur-sama has 270 seconds left.
|c|☆congelateur-sama|pas de timer
|inactiveoff|Battle timer is now OFF.
|c|☆congelateur-sama|mes pâtes vont trop cuire sinon
|j| F0rdPrefect
|c|☆congelateur-sama|ok i'm back
|c|☆congelateur-sama|let's go
|
|t:|1653510281
|start
|switch|p1a: Ribombee|Ribombee, M|100/100
|switch|p2a: Seismitoad|Seismitoad, F|100/100
|turn|1
|
|t:|1653510291
|switch|p2a: Chandelure|Chandelure, M|100/100
|move|p1a: Ribombee|Sticky Web|p2a: Chandelure
|-sidestart|p2: congelateur-sama|move: Sticky Web
|
|upkeep
|turn|2
|
|t:|1653510314
|move|p1a: Ribombee|U-turn|p2a: Chandelure
|-resisted|p2a: Chandelure
|-damage|p2a: Chandelure|96/100
|j| uult94a yvn
|
|t:|1653510323
|switch|p1a: Politoed|Politoed, M|100/100|[from]move: U-turn
|-weather|RainDance|[from] ability: Drizzle|[of] p1a: Politoed
|move|p2a: Chandelure|Toxic|p1a: Politoed
|-status|p1a: Politoed|tox
|
|-weather|RainDance|[upkeep]
|-damage|p1a: Politoed|94/100 tox|[from] psn
|upkeep
|turn|3
|j| Erwann41
|l| uult94a yvn
|
|t:|1653510361
|switch|p2a: Seismitoad|Seismitoad, F|100/100
|-activate|p2a: Seismitoad|move: Sticky Web
|-unboost|p2a: Seismitoad|spe|1
|switch|p1a: Celesteela|Celesteela|100/100
|
|-weather|RainDance|[upkeep]
|upkeep
|turn|4
|
|t:|1653510376
|move|p1a: Celesteela|Leech Seed|p2a: Seismitoad
|-start|p2a: Seismitoad|move: Leech Seed
|move|p2a: Seismitoad|Stealth Rock|p1a: Celesteela
|-sidestart|p1: UULT94A Bhalal|move: Stealth Rock
|
|-weather|RainDance|[upkeep]
|-damage|p2a: Seismitoad|88/100|[from] Leech Seed|[of] p1a: Celesteela
|upkeep
|turn|5
|j| Volcaronium
|c|☆congelateur-sama|un set de nainzi ça
|c|☆UULT94A Bhalal|oui
|c|☆UULT94A Bhalal|mais un set qui marche
|
|t:|1653510429
|switch|p2a: Chandelure|Chandelure, M|96/100
|move|p1a: Celesteela|Heavy Slam|p2a: Chandelure
|-resisted|p2a: Chandelure
|-damage|p2a: Chandelure|67/100
|
|-weather|RainDance|[upkeep]
|upkeep
|turn|6
|
|t:|1653510439
|move|p2a: Chandelure|Taunt|p1a: Celesteela
|-start|p1a: Celesteela|move: Taunt
|cant|p1a: Celesteela|move: Taunt|Leech Seed
|
|-weather|RainDance|[upkeep]
|upkeep
|turn|7
|c|☆congelateur-sama|mange ta shadow ball
|
|t:|1653510472
|move|p2a: Chandelure|Hex|p1a: Celesteela
|-damage|p1a: Celesteela|78/100
|move|p1a: Celesteela|Heavy Slam|p2a: Chandelure
|-resisted|p2a: Chandelure
|-damage|p2a: Chandelure|36/100
|
|-weather|RainDance|[upkeep]
|-heal|p1a: Celesteela|84/100|[from] item: Leftovers
|upkeep
|turn|8
|c|☆congelateur-sama|0
|c|☆UULT94A Bhalal|toxic shadow ball :brain:
|
|t:|1653510485
|switch|p2a: Seismitoad|Seismitoad, F|88/100
|-activate|p2a: Seismitoad|move: Sticky Web
|-unboost|p2a: Seismitoad|spe|1
|move|p1a: Celesteela|Heavy Slam|p2a: Seismitoad
|-resisted|p2a: Seismitoad
|-damage|p2a: Seismitoad|74/100
|
|-weather|RainDance|[upkeep]
|-heal|p1a: Celesteela|90/100|[from] item: Leftovers
|-heal|p2a: Seismitoad|80/100|[from] item: Leftovers
|-end|p1a: Celesteela|move: Taunt
|upkeep
|turn|9
|
|t:|1653510490
|move|p1a: Celesteela|Leech Seed|p2a: Seismitoad
|-start|p2a: Seismitoad|move: Leech Seed
|move|p2a: Seismitoad|Knock Off|p1a: Celesteela
|-crit|p1a: Celesteela
|-damage|p1a: Celesteela|61/100
|-enditem|p1a: Celesteela|Leftovers|[from] move: Knock Off|[of] p2a: Seismitoad
|
|-weather|none
|-heal|p2a: Seismitoad|86/100|[from] item: Leftovers
|-damage|p2a: Seismitoad|74/100|[from] Leech Seed|[of] p1a: Celesteela
|-heal|p1a: Celesteela|74/100|[silent]
|upkeep
|turn|10
|
|t:|1653510514
|switch|p2a: Chandelure|Chandelure, M|36/100
|move|p1a: Celesteela|Heavy Slam|p2a: Chandelure
|-resisted|p2a: Chandelure
|-damage|p2a: Chandelure|7/100
|
|upkeep
|turn|11
|l| Volcaronium
|
|t:|1653510531
|switch|p1a: Politoed|Politoed, M|94/100 tox
|-damage|p1a: Politoed|82/100 tox|[from] Stealth Rock
|-weather|RainDance|[from] ability: Drizzle|[of] p1a: Politoed
|move|p2a: Chandelure|Fire Blast|p1a: Politoed
|-resisted|p1a: Politoed
|-damage|p1a: Politoed|68/100 tox
|
|-weather|RainDance|[upkeep]
|-damage|p1a: Politoed|62/100 tox|[from] psn
|upkeep
|turn|12
|c|☆congelateur-sama|MES PATES !!!
|
|t:|1653510566
|switch|p1a: Celesteela|Celesteela|74/100
|-damage|p1a: Celesteela|62/100|[from] Stealth Rock
|move|p2a: Chandelure|Hex|p1a: Celesteela
|-damage|p1a: Celesteela|38/100
|
|-weather|RainDance|[upkeep]
|upkeep
|turn|13
|c| Erwann41|Ses pâtes carbo qui vont être trop cuite !
|
|t:|1653510602
|move|p2a: Chandelure|Fire Blast|p1a: Celesteela
|-supereffective|p1a: Celesteela
|-damage|p1a: Celesteela|0 fnt
|faint|p1a: Celesteela
|
|-weather|RainDance|[upkeep]
|upkeep
|c|☆congelateur-sama|il est
|c|☆congelateur-sama|mort
|j| Dschungelheilung
|c|☆UULT94A Bhalal|finito comme dirait macron
|c|☆congelateur-sama|xd
|
|t:|1653510635
|switch|p1a: Seismitoad|Seismitoad, M|100/100
|-damage|p1a: Seismitoad|95/100|[from] Stealth Rock
|turn|14
|c| Dschungelheilung|bhalalent
|c|☆UULT94A Bhalal|Dschungelheilungent
|
|t:|1653510656
|move|p1a: Seismitoad|Weather Ball|p2a: Chandelure
|-supereffective|p2a: Chandelure
|-damage|p2a: Chandelure|0 fnt
|faint|p2a: Chandelure
|-damage|p1a: Seismitoad|85/100|[from] item: Life Orb
|
|-weather|RainDance|[upkeep]
|upkeep
|j| Micciu20250
|j| Antonazz
|c| Micciu20250|C’est quoi ca
|c| Micciu20250|steveee
|c| Micciu20250|😹
|c|☆UULT94A Bhalal|tssk ça fait des emotes
|
|t:|1653510710
|switch|p2a: Celebi|Celebi|100/100
|-activate|p2a: Celebi|move: Sticky Web
|-unboost|p2a: Celebi|spe|1
|turn|15
|c| Erwann41|go le ban pour faute de gout
|
|t:|1653510735
|move|p1a: Seismitoad|Sludge Wave|p2a: Celebi
|-supereffective|p2a: Celebi
|-damage|p2a: Celebi|25/100
|-damage|p1a: Seismitoad|75/100|[from] item: Life Orb
|move|p2a: Celebi|Psychic|p1a: Seismitoad
|-crit|p1a: Seismitoad
|-damage|p1a: Seismitoad|4/100
|
|-weather|RainDance|[upkeep]
|-heal|p2a: Celebi|31/100|[from] item: Leftovers
|upkeep
|turn|16
|c| Micciu20250|Mais tu fous quoi avec du RU 😹
|c|☆congelateur-sama|chut micciu le racsite
|j| Drafeu-kun
|c| Micciu20250|Comment ça raciste 😐
|c|☆UULT94A Bhalal|spotted ?
|c| Erwann41|il est pas raciste il a un ami noir
|
|t:|1653510789
|move|p1a: Seismitoad|Sludge Wave|p2a: Celebi
|-supereffective|p2a: Celebi
|-damage|p2a: Celebi|0 fnt
|faint|p2a: Celebi
|-damage|p1a: Seismitoad|0 fnt|[from] item: Life Orb
|faint|p1a: Seismitoad
|
|-weather|RainDance|[upkeep]
|upkeep
|c| Erwann41|il m a dit ca la dernière fois
|
|t:|1653510800
|switch|p2a: Klefki|Klefki, F|100/100
|switch|p1a: Ribombee|Ribombee, M|100/100
|-damage|p1a: Ribombee|76/100|[from] Stealth Rock
|-activate|p2a: Klefki|move: Sticky Web
|-unboost|p2a: Klefki|spe|1
|turn|17
|
|t:|1653510817
|move|p2a: Klefki|Switcheroo|p1a: Ribombee
|-activate|p2a: Klefki|move: Trick|[of] p1a: Ribombee
|-item|p1a: Ribombee|Sticky Barb|[from] move: Switcheroo
|-item|p2a: Klefki|Focus Sash|[from] move: Switcheroo
|move|p1a: Ribombee|Stun Spore|p2a: Klefki|[miss]
|-miss|p1a: Ribombee|p2a: Klefki
|
|-weather|RainDance|[upkeep]
|-damage|p1a: Ribombee|63/100|[from] item: Sticky Barb
|upkeep
|turn|18
|c| Dschungelheilung|hax
|
|t:|1653510836
|move|p2a: Klefki|Spikes|p1a: Ribombee
|-sidestart|p1: UULT94A Bhalal|Spikes
|move|p1a: Ribombee|Stun Spore|p2a: Klefki
|-status|p2a: Klefki|par
|
|-weather|none
|-damage|p1a: Ribombee|51/100|[from] item: Sticky Barb
|upkeep
|turn|19
|
|t:|1653510840
|move|p2a: Klefki|Spikes|p1a: Ribombee
|-sidestart|p1: UULT94A Bhalal|Spikes
|move|p1a: Ribombee|U-turn|p2a: Klefki
|-resisted|p2a: Klefki
|-damage|p2a: Klefki|96/100 par
|
|t:|1653510845
|switch|p1a: Politoed|Politoed, M|62/100 tox|[from]move: U-turn
|-damage|p1a: Politoed|50/100 tox|[from] Stealth Rock
|-damage|p1a: Politoed|33/100 tox|[from] Spikes
|-weather|RainDance|[from] ability: Drizzle|[of] p1a: Politoed
|
|-weather|RainDance|[upkeep]
|-damage|p1a: Politoed|27/100 tox|[from] psn
|upkeep
|turn|20
|
|t:|1653510854
|move|p2a: Klefki|Spikes|p1a: Politoed
|-sidestart|p1: UULT94A Bhalal|Spikes
|move|p1a: Politoed|Scald|p2a: Klefki
|-damage|p2a: Klefki|59/100 par
|
|-weather|RainDance|[upkeep]
|-damage|p1a: Politoed|14/100 tox|[from] psn
|upkeep
|turn|21
|j| gallamolecuisto
|
|t:|1653510891
|switch|p2a: Seismitoad|Seismitoad, F|74/100
|-activate|p2a: Seismitoad|move: Sticky Web
|-unboost|p2a: Seismitoad|spe|1
|move|p1a: Politoed|Ice Beam|p2a: Seismitoad
|-damage|p2a: Seismitoad|51/100
|
|-weather|RainDance|[upkeep]
|-heal|p2a: Seismitoad|57/100|[from] item: Leftovers
|-damage|p1a: Politoed|0 fnt|[from] psn
|faint|p1a: Politoed
|upkeep
|
|t:|1653510971
|switch|p1a: Poliwrath|Poliwrath, F|100/100
|-damage|p1a: Poliwrath|94/100|[from] Stealth Rock
|-damage|p1a: Poliwrath|69/100|[from] Spikes
|turn|22
|
|t:|1653510985
|move|p1a: Poliwrath|Close Combat|p2a: Seismitoad
|-damage|p2a: Seismitoad|21/100
|-unboost|p1a: Poliwrath|def|1
|-unboost|p1a: Poliwrath|spd|1
|move|p2a: Seismitoad|Toxic|p1a: Poliwrath
|-status|p1a: Poliwrath|tox
|
|-weather|RainDance|[upkeep]
|-heal|p2a: Seismitoad|27/100|[from] item: Leftovers
|-damage|p1a: Poliwrath|63/100 tox|[from] psn
|upkeep
|turn|23
|
|t:|1653511003
|switch|p2a: Heracross|Heracross, M|100/100
|-activate|p2a: Heracross|move: Sticky Web
|-unboost|p2a: Heracross|spe|1
|move|p1a: Poliwrath|Darkest Lariat|p2a: Heracross
|-resisted|p2a: Heracross
|-damage|p2a: Heracross|82/100
|
|-weather|RainDance|[upkeep]
|-damage|p1a: Poliwrath|51/100 tox|[from] psn
|upkeep
|turn|24
|
|t:|1653511021
|move|p1a: Poliwrath|Liquidation|p2a: Heracross
|-damage|p2a: Heracross|0 fnt
|faint|p2a: Heracross
|
|-weather|RainDance|[upkeep]
|-damage|p1a: Poliwrath|32/100 tox|[from] psn
|upkeep
|-enditem|p1a: Poliwrath|Sitrus Berry|[eat]
|-heal|p1a: Poliwrath|57/100 tox|[from] item: Sitrus Berry
|j| Kssr
|c| Kssr|VAMOS CONGELO
|
|t:|1653511073
|switch|p2a: Noivern|Noivern, F|100/100
|turn|25
|
|t:|1653511095
|switch|p2a: Seismitoad|Seismitoad, F|27/100
|-activate|p2a: Seismitoad|move: Sticky Web
|-unboost|p2a: Seismitoad|spe|1
|move|p1a: Poliwrath|Liquidation|p2a: Seismitoad
|-heal|p2a: Seismitoad|51/100|[from] ability: Water Absorb|[of] p1a: Poliwrath
|
|-weather|RainDance|[upkeep]
|-heal|p2a: Seismitoad|58/100|[from] item: Leftovers
|-damage|p1a: Poliwrath|32/100 tox|[from] psn
|upkeep
|turn|26
|c|☆UULT94A Bhalal|np
|
|t:|1653511111
|move|p1a: Poliwrath|Close Combat|p2a: Seismitoad
|-damage|p2a: Seismitoad|21/100
|-unboost|p1a: Poliwrath|def|1
|-unboost|p1a: Poliwrath|spd|1
|move|p2a: Seismitoad|Scald|p1a: Poliwrath
|-resisted|p1a: Poliwrath
|-crit|p1a: Poliwrath
|-damage|p1a: Poliwrath|0 fnt
|faint|p1a: Poliwrath
|
|-weather|none
|-heal|p2a: Seismitoad|27/100|[from] item: Leftovers
|upkeep
|
|t:|1653511119
|switch|p1a: Ribombee|Ribombee, M|51/100
|-damage|p1a: Ribombee|26/100|[from] Stealth Rock
|-damage|p1a: Ribombee|1/100|[from] Spikes
|turn|27
|c| Dschungelheilung|en gros ça va se jouer sur du parahax
|c|☆UULT94A Bhalal|j'ai loose jcrois
|c| Dschungelheilung|et encore
|c| Kssr|Nn
|c|☆UULT94A Bhalal|j'aurais du aller sur kingdra
|c| Dschungelheilung|ya vern qui dep
|
|t:|1653511142
|switch|p2a: Klefki|Klefki, F|59/100 par
|-activate|p2a: Klefki|move: Sticky Web
|-unboost|p2a: Klefki|spe|1
|move|p1a: Ribombee|Moonblast|p2a: Klefki
|-resisted|p2a: Klefki
|-damage|p2a: Klefki|43/100 par
|-unboost|p2a: Klefki|spa|1
|
|-damage|p1a: Ribombee|0 fnt|[from] item: Sticky Barb
|faint|p1a: Ribombee
|upkeep
|
|t:|1653511145
|switch|p1a: Kingdra|Kingdra, F|100/100
|-damage|p1a: Kingdra|88/100|[from] Stealth Rock
|-damage|p1a: Kingdra|63/100|[from] Spikes
|turn|28
|c| Kssr|Ca dep si vern a dm
|c| Kssr|(Oui)
|c| Dschungelheilung|twave too
|c| Erwann41|imagine on miss
|c| Dschungelheilung|sur la clé
|c| Kssr|(Je crois)
|c| Erwann41|imagine
|
|t:|1653511178
|cant|p2a: Klefki|par
|move|p1a: Kingdra|Hurricane|p2a: Klefki|[miss]
|-miss|p1a: Kingdra|p2a: Klefki
|
|upkeep
|turn|29
|c| Micciu20250|Tu as 0 respect steve
|
|t:|1653511183
|move|p2a: Klefki|Thunder Wave|p1a: Kingdra
|-status|p1a: Kingdra|par
|move|p1a: Kingdra|Surf|p2a: Klefki
|-damage|p2a: Klefki|0 fnt
|faint|p2a: Klefki
|-damage|p1a: Kingdra|53/100 par|[from] item: Life Orb
|
|upkeep
|
|t:|1653511187
|switch|p2a: Noivern|Noivern, F|100/100
|turn|30
|c| Micciu20250|Tse le gars qui joue altaria
|c| Kssr|Cmt ca 0 respect
|c| Kssr|Il a ru
|c| Kssr|RU
|
|t:|1653511205
|move|p2a: Noivern|Draco Meteor|p1a: Kingdra
|-supereffective|p1a: Kingdra
|-damage|p1a: Kingdra|0 fnt
|-unboost|p2a: Noivern|spa|2
|faint|p1a: Kingdra
|
|win|congelateur-sama
|c| Micciu20250|On est en UU 😹
|c|☆UULT94A Bhalal|gg
|c|☆congelateur-sama|gg
|c| Kssr|Crackito wsj
|l| Kssr
|l| Micciu20250
