|raw|<div class="broadcast-blue"><strong>This battle is required to be public due to a player having a name starting with 'uult84z'.</div>
|j|☆UULT84z Drei
|j|☆Valiant Hearts
|t:|1623356991
|gametype|singles
|player|p1|UULT84z Drei|cynthia|1569
|player|p2|Valiant Hearts|psychic-gen3|1572
|teamsize|p1|6
|teamsize|p2|6
|gen|8
|tier|[Gen 8] UU
|rated|
|rule|Sleep Clause Mod: Limit one foe put to sleep
|rule|Species Clause: Limit one of each Pokémon
|rule|OHKO Clause: OHKO moves are banned
|rule|Evasion Moves Clause: Evasion moves are banned
|rule|Endless Battle Clause: Forcing endless battles is banned
|rule|HP Percentage Mod: HP is shown in percentages
|rule|Dynamax Clause: You cannot dynamax
|clearpoke
|poke|p1|Salamence, F|
|poke|p1|Aegislash, F|
|poke|p1|Zarude-Dada|
|poke|p1|Nihilego|
|poke|p1|Lycanroc-Dusk, F|
|poke|p1|Buzzwole|
|poke|p2|Thundurus, M|
|poke|p2|Sylveon, M|
|poke|p2|Seismitoad, F|
|poke|p2|Roserade, F|
|poke|p2|Moltres-Galar|
|poke|p2|Jirachi|
|teampreview
|j| ulky
|c| ulky|told u drei u could do it
|inactive|Battle timer is ON: inactive players will automatically lose when time's up. (requested by UULT84z Drei)
|
|t:|1623357016
|start
|switch|p1a: Buzzwole|Buzzwole|100/100
|switch|p2a: Roserade|Roserade, F|100/100
|turn|1
|c| ulky|ur doing really good
|
|t:|1623357029
|move|p2a: Roserade|Sleep Powder|p1a: Buzzwole|[miss]
|-miss|p2a: Roserade|p1a: Buzzwole
|move|p1a: Buzzwole|Earthquake|p2a: Roserade
|-damage|p2a: Roserade|17/100
|-damage|p1a: Buzzwole|90/100|[from] item: Life Orb
|
|-heal|p2a: Roserade|23/100|[from] item: Black Sludge
|upkeep
|turn|2
|
|t:|1623357043
|move|p2a: Roserade|Synthesis|p2a: Roserade
|-heal|p2a: Roserade|73/100
|move|p1a: Buzzwole|Earthquake|p2a: Roserade
|-damage|p2a: Roserade|1/100
|-damage|p1a: Buzzwole|80/100|[from] item: Life Orb
|
|-heal|p2a: Roserade|8/100|[from] item: Black Sludge
|upkeep
|turn|3
|
|t:|1623357047
|move|p2a: Roserade|Sleep Powder|p1a: Buzzwole|[miss]
|-miss|p2a: Roserade|p1a: Buzzwole
|move|p1a: Buzzwole|Stone Edge|p2a: Roserade|[miss]
|-miss|p1a: Buzzwole|p2a: Roserade
|
|-heal|p2a: Roserade|14/100|[from] item: Black Sludge
|upkeep
|turn|4
|
|t:|1623357050
|move|p2a: Roserade|Sleep Powder|p1a: Buzzwole
|-status|p1a: Buzzwole|slp|[from] move: Sleep Powder
|cant|p1a: Buzzwole|slp
|
|-heal|p2a: Roserade|20/100|[from] item: Black Sludge
|upkeep
|turn|5
|
|t:|1623357069
|switch|p1a: Nihilego|Nihilego|100/100
|move|p2a: Roserade|Synthesis|p2a: Roserade
|-heal|p2a: Roserade|70/100
|
|-heal|p2a: Roserade|76/100|[from] item: Black Sludge
|upkeep
|turn|6
|
|t:|1623357072
|move|p1a: Nihilego|Stealth Rock|p2a: Roserade
|-sidestart|p2: Valiant Hearts|move: Stealth Rock
|move|p2a: Roserade|Spikes|p1a: Nihilego
|-sidestart|p1: UULT84z Drei|Spikes
|
|-heal|p2a: Roserade|82/100|[from] item: Black Sludge
|upkeep
|turn|7
|
|t:|1623357079
|move|p1a: Nihilego|Knock Off|p2a: Roserade
|-damage|p2a: Roserade|63/100
|-enditem|p2a: Roserade|Black Sludge|[from] move: Knock Off|[of] p1a: Nihilego
|move|p2a: Roserade|Spikes|p1a: Nihilego
|-sidestart|p1: UULT84z Drei|Spikes
|
|upkeep
|turn|8
|
|t:|1623357082
|move|p1a: Nihilego|Sludge Wave|p2a: Roserade
|-damage|p2a: Roserade|15/100
|move|p2a: Roserade|Synthesis|p2a: Roserade
|-heal|p2a: Roserade|65/100
|
|upkeep
|turn|9
|
|t:|1623357092
|move|p1a: Nihilego|Knock Off|p2a: Roserade
|-damage|p2a: Roserade|53/100
|move|p2a: Roserade|Synthesis|p2a: Roserade
|-heal|p2a: Roserade|100/100
|
|upkeep
|turn|10
|
|t:|1623357094
|switch|p2a: Jirachi|Jirachi|100/100
|-damage|p2a: Jirachi|94/100|[from] Stealth Rock
|move|p1a: Nihilego|Sludge Wave|p2a: Jirachi
|-immune|p2a: Jirachi
|
|upkeep
|turn|11
|j| uult84z km
|
|t:|1623357103
|switch|p1a: Aegislash|Aegislash, F|100/100
|-damage|p1a: Aegislash|84/100|[from] Spikes
|move|p2a: Jirachi|U-turn|p1a: Aegislash
|-resisted|p1a: Aegislash
|-damage|p1a: Aegislash|80/100
|
|t:|1623357108
|switch|p2a: Moltres|Moltres-Galar|100/100|[from]move: U-turn
|
|-heal|p1a: Aegislash|86/100|[from] item: Leftovers
|upkeep
|turn|12
|
|t:|1623357110
|switch|p1a: Nihilego|Nihilego|100/100
|-damage|p1a: Nihilego|84/100|[from] Spikes
|move|p2a: Moltres|Fiery Wrath|p1a: Nihilego
|-damage|p1a: Nihilego|60/100
|
|-heal|p1a: Nihilego|66/100|[from] item: Black Sludge
|upkeep
|turn|13
|
|t:|1623357113
|switch|p2a: Seismitoad|Seismitoad, F|100/100
|-damage|p2a: Seismitoad|94/100|[from] Stealth Rock
|move|p1a: Nihilego|Knock Off|p2a: Seismitoad
|-damage|p2a: Seismitoad|86/100
|-enditem|p2a: Seismitoad|Leftovers|[from] move: Knock Off|[of] p1a: Nihilego
|
|-heal|p1a: Nihilego|72/100|[from] item: Black Sludge
|upkeep
|turn|14
|
|t:|1623357120
|switch|p1a: Zarude|Zarude-Dada|100/100
|move|p2a: Seismitoad|Stealth Rock|p1a: Zarude
|-sidestart|p1: UULT84z Drei|move: Stealth Rock
|
|upkeep
|turn|15
|j| JustFranco
|
|t:|1623357123
|move|p1a: Zarude|U-turn|p2a: Seismitoad
|-damage|p2a: Seismitoad|71/100
|
|t:|1623357128
|switch|p1a: Salamence|Salamence, F|100/100|[from]move: U-turn
|-ability|p1a: Salamence|Intimidate|boost
|-unboost|p2a: Seismitoad|atk|1
|move|p2a: Seismitoad|Toxic|p1a: Salamence
|-status|p1a: Salamence|tox
|
|-damage|p1a: Salamence|94/100 tox|[from] psn
|upkeep
|turn|16
|
|t:|1623357135
|switch|p2a: Jirachi|Jirachi|94/100
|-damage|p2a: Jirachi|88/100|[from] Stealth Rock
|move|p1a: Salamence|Defog|p2a: Jirachi
|-unboost|p2a: Jirachi|evasion|1
|-sideend|p2: Valiant Hearts|Stealth Rock|[from] move: Defog|[of] p1a: Salamence
|-sideend|p1: UULT84z Drei|Spikes|[from] move: Defog|[of] p1a: Salamence
|-sideend|p1: UULT84z Drei|Stealth Rock|[from] move: Defog|[of] p1a: Salamence
|
|-damage|p1a: Salamence|82/100 tox|[from] psn
|upkeep
|turn|17
|
|t:|1623357138
|switch|p1a: Aegislash|Aegislash, F|86/100
|move|p2a: Jirachi|U-turn|p1a: Aegislash
|-resisted|p1a: Aegislash
|-damage|p1a: Aegislash|82/100
|
|t:|1623357142
|switch|p2a: Moltres|Moltres-Galar|100/100|[from]move: U-turn
|
|-heal|p1a: Aegislash|88/100|[from] item: Leftovers
|upkeep
|turn|18
|
|t:|1623357145
|switch|p2a: Seismitoad|Seismitoad, F|71/100
|switch|p1a: Nihilego|Nihilego|72/100
|
|-heal|p1a: Nihilego|78/100|[from] item: Black Sludge
|upkeep
|turn|19
|
|t:|1623357149
|switch|p1a: Zarude|Zarude-Dada|100/100
|move|p2a: Seismitoad|Stealth Rock|p1a: Zarude
|-sidestart|p1: UULT84z Drei|move: Stealth Rock
|
|upkeep
|turn|20
|
|t:|1623357152
|switch|p2a: Moltres|Moltres-Galar|100/100
|move|p1a: Zarude|Power Whip|p2a: Moltres
|-resisted|p2a: Moltres
|-damage|p2a: Moltres|68/100
|
|upkeep
|turn|21
|
|t:|1623357158
|move|p1a: Zarude|Power Whip|p2a: Moltres
|-resisted|p2a: Moltres
|-damage|p2a: Moltres|36/100
|-ability|p2a: Moltres|Berserk|boost
|-boost|p2a: Moltres|spa|1
|move|p2a: Moltres|Fiery Wrath|p1a: Zarude
|-resisted|p1a: Zarude
|-damage|p1a: Zarude|77/100
|
|upkeep
|turn|22
|
|t:|1623357163
|move|p1a: Zarude|U-turn|p2a: Moltres
|-damage|p2a: Moltres|12/100
|
|t:|1623357164
|switch|p1a: Nihilego|Nihilego|78/100|[from]move: U-turn
|-damage|p1a: Nihilego|66/100|[from] Stealth Rock
|move|p2a: Moltres|Rest|p2a: Moltres
|-status|p2a: Moltres|slp|[from] move: Rest
|-heal|p2a: Moltres|100/100 slp|[silent]
|
|-heal|p1a: Nihilego|72/100|[from] item: Black Sludge
|upkeep
|turn|23
|
|t:|1623357169
|switch|p2a: Jirachi|Jirachi|88/100
|move|p1a: Nihilego|Stealth Rock|p2a: Jirachi
|-sidestart|p2: Valiant Hearts|move: Stealth Rock
|
|-heal|p1a: Nihilego|78/100|[from] item: Black Sludge
|upkeep
|turn|24
|
|t:|1623357177
|switch|p1a: Buzzwole|Buzzwole|80/100 slp
|-damage|p1a: Buzzwole|68/100 slp|[from] Stealth Rock
|move|p2a: Jirachi|Fire Punch|p1a: Buzzwole
|-supereffective|p1a: Buzzwole
|-damage|p1a: Buzzwole|36/100 slp
|
|upkeep
|turn|25
|
|t:|1623357186
|switch|p2a: Sylveon|Sylveon, M|100/100
|switch|p1a: Salamence|Salamence, F|82/100 tox
|-ability|p1a: Salamence|Intimidate|boost
|-unboost|p2a: Sylveon|atk|1
|
|-damage|p1a: Salamence|76/100 tox|[from] psn
|upkeep
|turn|26
|
|t:|1623357193
|switch|p1a: Aegislash|Aegislash, F|88/100
|-damage|p1a: Aegislash|82/100|[from] Stealth Rock
|move|p2a: Sylveon|Wish|p2a: Sylveon
|
|-heal|p1a: Aegislash|88/100|[from] item: Leftovers
|upkeep
|turn|27
|
|t:|1623357200
|switch|p2a: Seismitoad|Seismitoad, F|71/100
|-damage|p2a: Seismitoad|65/100|[from] Stealth Rock
|-formechange|p1a: Aegislash|Aegislash-Blade||[from] ability: Stance Change
|move|p1a: Aegislash|Shadow Ball|p2a: Seismitoad
|-damage|p2a: Seismitoad|28/100
|
|-heal|p2a: Seismitoad|75/100|[from] move: Wish|[wisher] Sylveon
|-heal|p1a: Aegislash|94/100|[from] item: Leftovers
|upkeep
|turn|28
|
|t:|1623357217
|-formechange|p1a: Aegislash|Aegislash||[from] ability: Stance Change
|move|p1a: Aegislash|King's Shield|p1a: Aegislash
|-singleturn|p1a: Aegislash|Protect
|move|p2a: Seismitoad|Scald|p1a: Aegislash
|-activate|p1a: Aegislash|move: Protect
|
|-heal|p1a: Aegislash|100/100|[from] item: Leftovers
|upkeep
|turn|29
|
|t:|1623357224
|switch|p1a: Zarude|Zarude-Dada|77/100
|switch|p2a: Moltres|Moltres-Galar|100/100 slp
|
|upkeep
|turn|30
|
|t:|1623357227
|move|p1a: Zarude|U-turn|p2a: Moltres
|-damage|p2a: Moltres|78/100 slp
|j| UULT84z BFMengz
|
|t:|1623357229
|switch|p1a: Nihilego|Nihilego|78/100|[from]move: U-turn
|-damage|p1a: Nihilego|66/100|[from] Stealth Rock
|cant|p2a: Moltres|slp
|move|p2a: Moltres|Sleep Talk|p2a: Moltres
|move|p2a: Moltres|Rest||[from]move: Sleep Talk|[still]
|-fail|p2a: Moltres
|
|-heal|p1a: Nihilego|72/100|[from] item: Black Sludge
|upkeep
|turn|31
|
|t:|1623357235
|switch|p2a: Seismitoad|Seismitoad, F|75/100
|-damage|p2a: Seismitoad|69/100|[from] Stealth Rock
|move|p1a: Nihilego|Knock Off|p2a: Seismitoad
|-damage|p2a: Seismitoad|63/100
|
|-heal|p1a: Nihilego|78/100|[from] item: Black Sludge
|upkeep
|turn|32
|
|t:|1623357242
|switch|p1a: Zarude|Zarude-Dada|77/100
|switch|p2a: Thundurus|Thundurus, M|100/100
|
|upkeep
|turn|33
|
|t:|1623357246
|switch|p1a: Aegislash|Aegislash, F|100/100
|-damage|p1a: Aegislash|94/100|[from] Stealth Rock
|move|p2a: Thundurus|U-turn|p1a: Aegislash
|-resisted|p1a: Aegislash
|-damage|p1a: Aegislash|91/100
|
|t:|1623357252
|switch|p2a: Moltres|Moltres-Galar|78/100 slp|[from]move: U-turn
|
|-heal|p1a: Aegislash|97/100|[from] item: Leftovers
|upkeep
|turn|34
|
|t:|1623357254
|switch|p1a: Nihilego|Nihilego|78/100
|-damage|p1a: Nihilego|66/100|[from] Stealth Rock
|cant|p2a: Moltres|slp
|move|p2a: Moltres|Sleep Talk|p2a: Moltres
|move|p2a: Moltres|Rest||[from]move: Sleep Talk|[still]
|-fail|p2a: Moltres
|
|-heal|p1a: Nihilego|72/100|[from] item: Black Sludge
|upkeep
|turn|35
|
|t:|1623357267
|switch|p2a: Jirachi|Jirachi|88/100
|-damage|p2a: Jirachi|82/100|[from] Stealth Rock
|move|p1a: Nihilego|Sludge Wave|p2a: Jirachi
|-immune|p2a: Jirachi
|
|-heal|p1a: Nihilego|78/100|[from] item: Black Sludge
|upkeep
|turn|36
|
|t:|1623357270
|switch|p1a: Aegislash|Aegislash, F|97/100
|-damage|p1a: Aegislash|91/100|[from] Stealth Rock
|move|p2a: Jirachi|U-turn|p1a: Aegislash
|-resisted|p1a: Aegislash
|-damage|p1a: Aegislash|87/100
|
|t:|1623357299
|switch|p2a: Moltres|Moltres-Galar|78/100 slp|[from]move: U-turn
|
|-heal|p1a: Aegislash|93/100|[from] item: Leftovers
|upkeep
|turn|37
|j| clozap9
|
|t:|1623357304
|switch|p1a: Nihilego|Nihilego|78/100
|-damage|p1a: Nihilego|66/100|[from] Stealth Rock
|-curestatus|p2a: Moltres|slp|[msg]
|move|p2a: Moltres|Fiery Wrath|p1a: Nihilego
|-damage|p1a: Nihilego|41/100
|
|-heal|p1a: Nihilego|47/100|[from] item: Black Sludge
|upkeep
|turn|38
|
|t:|1623357310
|switch|p2a: Seismitoad|Seismitoad, F|63/100
|-damage|p2a: Seismitoad|57/100|[from] Stealth Rock
|move|p1a: Nihilego|Power Gem|p2a: Seismitoad
|-resisted|p2a: Seismitoad
|-damage|p2a: Seismitoad|35/100
|
|-heal|p1a: Nihilego|53/100|[from] item: Black Sludge
|upkeep
|turn|39
|
|t:|1623357320
|switch|p1a: Zarude|Zarude-Dada|77/100
|switch|p2a: Thundurus|Thundurus, M|100/100
|
|upkeep
|turn|40
|
|t:|1623357326
|switch|p1a: Aegislash|Aegislash, F|93/100
|-damage|p1a: Aegislash|87/100|[from] Stealth Rock
|move|p2a: Thundurus|Knock Off|p1a: Aegislash
|-supereffective|p1a: Aegislash
|-damage|p1a: Aegislash|47/100
|-enditem|p1a: Aegislash|Leftovers|[from] move: Knock Off|[of] p2a: Thundurus
|
|upkeep
|turn|41
|
|t:|1623357336
|move|p2a: Thundurus|U-turn|p1a: Aegislash
|-resisted|p1a: Aegislash
|-damage|p1a: Aegislash|44/100
|
|t:|1623357340
|switch|p2a: Moltres|Moltres-Galar|78/100|[from]move: U-turn
|move|p1a: Aegislash|Toxic|p2a: Moltres
|-status|p2a: Moltres|tox
|
|-damage|p2a: Moltres|72/100 tox|[from] psn
|upkeep
|turn|42
|l| uult84z km
|
|t:|1623357350
|switch|p1a: Nihilego|Nihilego|53/100
|-damage|p1a: Nihilego|41/100|[from] Stealth Rock
|move|p2a: Moltres|Fiery Wrath|p1a: Nihilego
|-damage|p1a: Nihilego|15/100
|
|-heal|p1a: Nihilego|21/100|[from] item: Black Sludge
|-damage|p2a: Moltres|60/100 tox|[from] psn
|upkeep
|turn|43
|
|t:|1623357375
|switch|p2a: Seismitoad|Seismitoad, F|35/100
|-damage|p2a: Seismitoad|29/100|[from] Stealth Rock
|move|p1a: Nihilego|Knock Off|p2a: Seismitoad
|-damage|p2a: Seismitoad|22/100
|
|-heal|p1a: Nihilego|27/100|[from] item: Black Sludge
|upkeep
|turn|44
|
|t:|1623357392
|move|p1a: Nihilego|Sludge Wave|p2a: Seismitoad
|-resisted|p2a: Seismitoad
|-damage|p2a: Seismitoad|0 fnt
|faint|p2a: Seismitoad
|-ability|p1a: Nihilego|Beast Boost|boost
|-boost|p1a: Nihilego|spa|1
|
|-heal|p1a: Nihilego|33/100|[from] item: Black Sludge
|upkeep
|
|t:|1623357398
|switch|p2a: Jirachi|Jirachi|82/100
|-damage|p2a: Jirachi|76/100|[from] Stealth Rock
|turn|45
|
|t:|1623357401
|switch|p1a: Aegislash|Aegislash, F|44/100
|-damage|p1a: Aegislash|38/100|[from] Stealth Rock
|move|p2a: Jirachi|Iron Head|p1a: Aegislash
|-resisted|p1a: Aegislash
|-damage|p1a: Aegislash|25/100
|
|upkeep
|turn|46
|
|t:|1623357408
|switch|p2a: Moltres|Moltres-Galar|60/100 tox
|switch|p1a: Nihilego|Nihilego|33/100
|-damage|p1a: Nihilego|21/100|[from] Stealth Rock
|
|-heal|p1a: Nihilego|27/100|[from] item: Black Sludge
|-damage|p2a: Moltres|54/100 tox|[from] psn
|upkeep
|turn|47
|
|t:|1623357415
|switch|p2a: Roserade|Roserade, F|100/100
|-damage|p2a: Roserade|88/100|[from] Stealth Rock
|move|p1a: Nihilego|Knock Off|p2a: Roserade
|-damage|p2a: Roserade|75/100
|
|-heal|p1a: Nihilego|33/100|[from] item: Black Sludge
|upkeep
|turn|48
|
|t:|1623357417
|move|p1a: Nihilego|Sludge Wave|p2a: Roserade
|-damage|p2a: Roserade|27/100
|move|p2a: Roserade|Giga Drain|p1a: Nihilego
|-damage|p1a: Nihilego|11/100
|-heal|p2a: Roserade|40/100|[from] drain|[of] p1a: Nihilego
|
|-heal|p1a: Nihilego|17/100|[from] item: Black Sludge
|upkeep
|turn|49
|
|t:|1623357425
|switch|p2a: Jirachi|Jirachi|76/100
|-damage|p2a: Jirachi|70/100|[from] Stealth Rock
|move|p1a: Nihilego|Knock Off|p2a: Jirachi
|-supereffective|p2a: Jirachi
|-damage|p2a: Jirachi|45/100
|-enditem|p2a: Jirachi|Choice Scarf|[from] move: Knock Off|[of] p1a: Nihilego
|
|-heal|p1a: Nihilego|23/100|[from] item: Black Sludge
|upkeep
|turn|50
|
|t:|1623357433
|switch|p1a: Aegislash|Aegislash, F|25/100
|-damage|p1a: Aegislash|18/100|[from] Stealth Rock
|move|p2a: Jirachi|Iron Head|p1a: Aegislash
|-resisted|p1a: Aegislash
|-damage|p1a: Aegislash|4/100
|
|upkeep
|turn|51
|
|t:|1623357438
|move|p1a: Aegislash|King's Shield|p1a: Aegislash
|-singleturn|p1a: Aegislash|Protect
|move|p2a: Jirachi|Iron Head|p1a: Aegislash
|-activate|p1a: Aegislash|move: Protect
|-unboost|p2a: Jirachi|atk|1
|
|upkeep
|turn|52
|
|t:|1623357441
|move|p2a: Jirachi|Iron Head|p1a: Aegislash
|-resisted|p1a: Aegislash
|-damage|p1a: Aegislash|0 fnt
|faint|p1a: Aegislash
|
|upkeep
|
|t:|1623357443
|switch|p1a: Lycanroc|Lycanroc-Dusk, F|100/100
|-damage|p1a: Lycanroc|88/100|[from] Stealth Rock
|turn|53
|
|t:|1623357446
|move|p1a: Lycanroc|Crunch|p2a: Jirachi
|-supereffective|p2a: Jirachi
|-damage|p2a: Jirachi|0 fnt
|faint|p2a: Jirachi
|-damage|p1a: Lycanroc|78/100|[from] item: Life Orb
|
|upkeep
|
|t:|1623357451
|switch|p2a: Sylveon|Sylveon, M|100/100
|turn|54
|
|t:|1623357455
|switch|p1a: Buzzwole|Buzzwole|36/100 slp
|-damage|p1a: Buzzwole|24/100 slp|[from] Stealth Rock
|move|p2a: Sylveon|Hyper Voice|p1a: Buzzwole
|-supereffective|p1a: Buzzwole
|-damage|p1a: Buzzwole|0 fnt
|faint|p1a: Buzzwole
|
|upkeep
|
|t:|1623357457
|switch|p1a: Nihilego|Nihilego|23/100
|-damage|p1a: Nihilego|11/100|[from] Stealth Rock
|turn|55
|
|t:|1623357472
|switch|p2a: Roserade|Roserade, F|40/100
|-damage|p2a: Roserade|28/100|[from] Stealth Rock
|move|p1a: Nihilego|Sludge Wave|p2a: Roserade
|-damage|p2a: Roserade|0 fnt
|faint|p2a: Roserade
|-ability|p1a: Nihilego|Beast Boost|boost
|-boost|p1a: Nihilego|spa|1
|
|-heal|p1a: Nihilego|17/100|[from] item: Black Sludge
|upkeep
|
|t:|1623357474
|switch|p2a: Thundurus|Thundurus, M|100/100
|turn|56
|
|t:|1623357478
|switch|p1a: Salamence|Salamence, F|76/100 tox
|-ability|p1a: Salamence|Intimidate|boost
|-unboost|p2a: Thundurus|atk|1
|-ability|p2a: Thundurus|Defiant
|-boost|p2a: Thundurus|atk|2
|move|p2a: Thundurus|Thunderbolt|p1a: Salamence
|-damage|p1a: Salamence|29/100 tox
|
|-damage|p1a: Salamence|23/100 tox|[from] psn
|upkeep
|turn|57
|
|t:|1623357482
|move|p2a: Thundurus|Knock Off|p1a: Salamence
|-damage|p1a: Salamence|0 fnt
|-enditem|p1a: Salamence|Heavy-Duty Boots|[from] move: Knock Off|[of] p2a: Thundurus
|faint|p1a: Salamence
|
|upkeep
|
|t:|1623357485
|switch|p1a: Lycanroc|Lycanroc-Dusk, F|78/100
|-damage|p1a: Lycanroc|66/100|[from] Stealth Rock
|turn|58
|inactive|Valiant Hearts has 120 seconds left.
|
|t:|1623357517
|switch|p2a: Moltres|Moltres-Galar|54/100 tox
|move|p1a: Lycanroc|Accelerock|p2a: Moltres
|-supereffective|p2a: Moltres
|-damage|p2a: Moltres|0 fnt
|faint|p2a: Moltres
|-damage|p1a: Lycanroc|56/100|[from] item: Life Orb
|
|upkeep
|
|t:|1623357520
|switch|p2a: Sylveon|Sylveon, M|100/100
|turn|59
|
|t:|1623357549
|switch|p1a: Zarude|Zarude-Dada|77/100
|move|p2a: Sylveon|Hyper Voice|p1a: Zarude
|-supereffective|p1a: Zarude
|-damage|p1a: Zarude|0 fnt
|faint|p1a: Zarude
|
|upkeep
|
|t:|1623357551
|switch|p1a: Nihilego|Nihilego|17/100
|-damage|p1a: Nihilego|4/100|[from] Stealth Rock
|turn|60
|inactive|UULT84z Drei has 120 seconds left.
|inactive|Valiant Hearts has 120 seconds left.
|
|t:|1623357576
|move|p1a: Nihilego|Sludge Wave|p2a: Sylveon
|-supereffective|p2a: Sylveon
|-damage|p2a: Sylveon|31/100
|move|p2a: Sylveon|Hyper Voice|p1a: Nihilego
|-resisted|p1a: Nihilego
|-damage|p1a: Nihilego|0 fnt
|faint|p1a: Nihilego
|
|upkeep
|
|t:|1623357578
|switch|p1a: Lycanroc|Lycanroc-Dusk, F|56/100
|-damage|p1a: Lycanroc|43/100|[from] Stealth Rock
|turn|61
|inactive|UULT84z Drei has 120 seconds left.
|inactive|Valiant Hearts has 120 seconds left.
|inactive|Valiant Hearts has 90 seconds left.
|
|t:|1623357636
|move|p1a: Lycanroc|Close Combat|p2a: Sylveon
|-resisted|p2a: Sylveon
|-damage|p2a: Sylveon|6/100
|-unboost|p1a: Lycanroc|def|1
|-unboost|p1a: Lycanroc|spd|1
|-damage|p1a: Lycanroc|33/100|[from] item: Life Orb
|move|p2a: Sylveon|Hyper Voice|p1a: Lycanroc
|-damage|p1a: Lycanroc|0 fnt
|faint|p1a: Lycanroc
|
|win|Valiant Hearts
|raw|UULT84z Drei's rating: 1569 &rarr; <strong>1549</strong><br />(-20 for losing)
|raw|Valiant Hearts's rating: 1572 &rarr; <strong>1592</strong><br />(+20 for winning)
|c|☆UULT84z Drei|how much
|c|☆UULT84z Drei|def
|c|☆UULT84z Drei|max?
|c|☆Valiant Hearts|Max
|c|☆Valiant Hearts|As it should be
|c|☆UULT84z Drei|jesus fuck shouldve risked edge
|c|☆UULT84z Drei|252 Atk Life Orb Tough Claws Lycanroc-Dusk Close Combat vs. 252 HP / 128 Def Sylveon: 122-144 (30.9 - 36.5%) -- guaranteed OHKO
|l| UULT84z BFMengz
|c|☆Valiant Hearts|Mhm
||Ladder isn't responding, score probably updated but might not have (Request timeout).
|l| clozap9
|c|☆Valiant Hearts|Even then you needed a roll on thund
|c|☆Valiant Hearts|Gg
|l|☆Valiant Hearts
|l|☆UULT84z Drei
|l| ulky
|l| JustFranco
|j|☆Valiant Hearts
|player|p2|Valiant Hearts|psychic-gen3
