|j|☆endless_struggle
|j|☆galactest bro !
|t:|1619080080
|gametype|singles
|player|p1|endless_struggle|102|1413
|player|p2|galactest bro !|101|1498
|teamsize|p1|6
|teamsize|p2|6
|gen|8
|tier|[Gen 8] UU
|rated|
|clearpoke
|poke|p1|Raikou|
|poke|p1|Primarina, F|
|poke|p1|Salamence, M|
|poke|p1|Scizor, M|
|poke|p1|Krookodile, F|
|poke|p1|Tangrowth, F|
|poke|p2|Keldeo-Resolute|
|poke|p2|Scizor, M|
|poke|p2|Moltres|
|poke|p2|Tangrowth, M|
|poke|p2|Rhyperior, F|
|poke|p2|Mew|
|rule|Sleep Clause Mod: Limit one foe put to sleep
|rule|Species Clause: Limit one of each Pokémon
|rule|OHKO Clause: OHKO moves are banned
|rule|Evasion Moves Clause: Evasion moves are banned
|rule|Endless Battle Clause: Forcing endless battles is banned
|rule|HP Percentage Mod: HP is shown in percentages
|rule|Dynamax Clause: You cannot dynamax
|teampreview
|inactive|Battle timer is ON: inactive players will automatically lose when time's up. (requested by galactest bro !)
|
|t:|1619080155
|start
|switch|p1a: Krookodile|Krookodile, F|100/100
|switch|p2a: Keldeo|Keldeo-Resolute|100/100
|-ability|p1a: Krookodile|Intimidate|boost
|-unboost|p2a: Keldeo|atk|1
|turn|1
|
|t:|1619080164
|switch|p1a: Tangrowth|Tangrowth, F|100/100
|move|p2a: Keldeo|Secret Sword|p1a: Tangrowth
|-damage|p1a: Tangrowth|53/100
|
|upkeep
|turn|2
|
|t:|1619080180
|switch|p2a: Tangrowth|Tangrowth, M|100/100
|move|p1a: Tangrowth|Knock Off|p2a: Tangrowth
|-damage|p2a: Tangrowth|84/100
|-enditem|p2a: Tangrowth|Assault Vest|[from] move: Knock Off|[of] p1a: Tangrowth
|
|upkeep
|turn|3
|
|t:|1619080187
|move|p1a: Tangrowth|Sludge Bomb|p2a: Tangrowth
|-supereffective|p2a: Tangrowth
|-damage|p2a: Tangrowth|40/100
|move|p2a: Tangrowth|Knock Off|p1a: Tangrowth
|-damage|p1a: Tangrowth|36/100
|-enditem|p1a: Tangrowth|Assault Vest|[from] move: Knock Off|[of] p2a: Tangrowth
|
|upkeep
|turn|4
|
|t:|1619080198
|switch|p1a: Scizor|Scizor, M|100/100
|switch|p2a: Scizor|Scizor, M|100/100
|
|upkeep
|turn|5
|
|t:|1619080208
|switch|p2a: Moltres|Moltres|100/100
|move|p1a: Scizor|Dual Wingbeat|p2a: Moltres
|-damage|p2a: Moltres|58/100
|-damage|p2a: Moltres|20/100
|-hitcount|p2a: Moltres|2
|
|upkeep
|turn|6
|
|t:|1619080221
|switch|p1a: Raikou|Raikou|100/100
|-ability|p1a: Raikou|Pressure
|move|p2a: Moltres|Roost|p2a: Moltres
|-heal|p2a: Moltres|70/100
|-singleturn|p2a: Moltres|move: Roost
|
|upkeep
|turn|7
|
|t:|1619080231
|switch|p2a: Tangrowth|Tangrowth, M|73/100
|move|p1a: Raikou|Substitute|p1a: Raikou
|-start|p1a: Raikou|Substitute
|-damage|p1a: Raikou|76/100
|
|-heal|p1a: Raikou|82/100|[from] item: Leftovers
|upkeep
|turn|8
|
|t:|1619080242
|move|p1a: Raikou|Thunderbolt|p2a: Tangrowth
|-resisted|p2a: Tangrowth
|-damage|p2a: Tangrowth|54/100
|move|p2a: Tangrowth|Earthquake|p1a: Raikou
|-supereffective|p1a: Raikou
|-end|p1a: Raikou|Substitute
|
|-heal|p1a: Raikou|88/100|[from] item: Leftovers
|upkeep
|turn|9
|
|t:|1619080251
|move|p1a: Raikou|Substitute|p1a: Raikou
|-start|p1a: Raikou|Substitute
|-damage|p1a: Raikou|63/100
|move|p2a: Tangrowth|Knock Off|p1a: Raikou
|-end|p1a: Raikou|Substitute
|
|-heal|p1a: Raikou|69/100|[from] item: Leftovers
|upkeep
|turn|10
|
|t:|1619080260
|switch|p1a: Salamence|Salamence, M|100/100
|-ability|p1a: Salamence|Intimidate|boost
|-unboost|p2a: Tangrowth|atk|1
|move|p2a: Tangrowth|Knock Off|p1a: Salamence
|-damage|p1a: Salamence|80/100
|-enditem|p1a: Salamence|Heavy-Duty Boots|[from] move: Knock Off|[of] p2a: Tangrowth
|
|upkeep
|turn|11
|
|t:|1619080272
|switch|p1a: Tangrowth|Tangrowth, F|69/100
|switch|p2a: Rhyperior|Rhyperior, F|100/100
|
|upkeep
|turn|12
|
|t:|1619080284
|switch|p2a: Scizor|Scizor, M|100/100
|move|p1a: Tangrowth|Knock Off|p2a: Scizor
|-damage|p2a: Scizor|74/100
|-enditem|p2a: Scizor|Safety Goggles|[from] move: Knock Off|[of] p1a: Tangrowth
|
|upkeep
|turn|13
|
|t:|1619080311
|switch|p2a: Rhyperior|Rhyperior, F|100/100
|switch|p1a: Salamence|Salamence, M|80/100
|-ability|p1a: Salamence|Intimidate|boost
|-unboost|p2a: Rhyperior|atk|1
|
|upkeep
|turn|14
|
|t:|1619080324
|switch|p1a: Tangrowth|Tangrowth, F|100/100
|move|p2a: Rhyperior|Stealth Rock|p1a: Tangrowth
|-sidestart|p1: endless_struggle|move: Stealth Rock
|
|upkeep
|turn|15
|
|t:|1619080339
|switch|p1a: Scizor|Scizor, M|100/100
|-damage|p1a: Scizor|88/100|[from] Stealth Rock
|switch|p2a: Scizor|Scizor, M|74/100
|
|upkeep
|turn|16
|inactive|galactest bro ! has 120 seconds left.
|
|t:|1619080366
|switch|p2a: Rhyperior|Rhyperior, F|100/100
|move|p1a: Scizor|Dual Wingbeat|p2a: Rhyperior
|-resisted|p2a: Rhyperior
|-damage|p2a: Rhyperior|90/100
|-resisted|p2a: Rhyperior
|-damage|p2a: Rhyperior|80/100
|-hitcount|p2a: Rhyperior|2
|
|-heal|p2a: Rhyperior|86/100|[from] item: Leftovers
|upkeep
|turn|17
|inactive|galactest bro ! has 120 seconds left.
|
|t:|1619080382
|switch|p1a: Tangrowth|Tangrowth, F|100/100
|-damage|p1a: Tangrowth|88/100|[from] Stealth Rock
|move|p2a: Rhyperior|Stone Edge|p1a: Tangrowth
|-damage|p1a: Tangrowth|51/100
|
|-heal|p2a: Rhyperior|93/100|[from] item: Leftovers
|upkeep
|turn|18
|inactive|galactest bro ! has 120 seconds left.
|j| Dbdkfnff
|inactive|galactest bro ! has 90 seconds left.
|inactive|endless_struggle has 120 seconds left.
|
|t:|1619080442
|switch|p1a: Scizor|Scizor, M|88/100
|-damage|p1a: Scizor|76/100|[from] Stealth Rock
|switch|p2a: Scizor|Scizor, M|74/100
|
|upkeep
|turn|19
|inactive|galactest bro ! has 60 seconds left.
|
|t:|1619080465
|switch|p2a: Moltres|Moltres|70/100
|move|p1a: Scizor|U-turn|p2a: Moltres
|-resisted|p2a: Moltres
|-damage|p2a: Moltres|53/100
|
|t:|1619080480
|switch|p1a: Krookodile|Krookodile, F|100/100|[from]move: U-turn
|-damage|p1a: Krookodile|94/100|[from] Stealth Rock
|-ability|p1a: Krookodile|Intimidate|boost
|-unboost|p2a: Moltres|atk|1
|
|upkeep
|turn|20
|inactive|galactest bro ! has 60 seconds left.
|
|t:|1619080502
|switch|p2a: Tangrowth|Tangrowth, M|87/100
|move|p1a: Krookodile|Stealth Rock|p2a: Tangrowth
|-sidestart|p2: galactest bro !|move: Stealth Rock
|
|upkeep
|turn|21
|inactive|endless_struggle has 120 seconds left.
|inactive|galactest bro ! has 60 seconds left.
|
|t:|1619080512
|switch|p1a: Scizor|Scizor, M|76/100
|-damage|p1a: Scizor|63/100|[from] Stealth Rock
|move|p2a: Tangrowth|Sludge Bomb|p1a: Scizor
|-immune|p1a: Scizor
|
|upkeep
|turn|22
|inactive|galactest bro ! has 60 seconds left.
|
|t:|1619080526
|switch|p2a: Rhyperior|Rhyperior, F|93/100
|-damage|p2a: Rhyperior|86/100|[from] Stealth Rock
|move|p1a: Scizor|U-turn|p2a: Rhyperior
|-damage|p2a: Rhyperior|50/100
|
|t:|1619080536
|switch|p1a: Krookodile|Krookodile, F|94/100|[from]move: U-turn
|-damage|p1a: Krookodile|88/100|[from] Stealth Rock
|-ability|p1a: Krookodile|Intimidate|boost
|-unboost|p2a: Rhyperior|atk|1
|
|-heal|p2a: Rhyperior|56/100|[from] item: Leftovers
|upkeep
|turn|23
|l| Dbdkfnff
|
|t:|1619080547
|switch|p2a: Tangrowth|Tangrowth, M|100/100
|-damage|p2a: Tangrowth|88/100|[from] Stealth Rock
|move|p1a: Krookodile|Knock Off|p2a: Tangrowth
|-damage|p2a: Tangrowth|68/100
|
|upkeep
|turn|24
|
|t:|1619080561
|switch|p1a: Salamence|Salamence, M|80/100
|-damage|p1a: Salamence|55/100|[from] Stealth Rock
|-ability|p1a: Salamence|Intimidate|boost
|-unboost|p2a: Tangrowth|atk|1
|switch|p2a: Keldeo|Keldeo-Resolute|100/100
|-damage|p2a: Keldeo|94/100|[from] Stealth Rock
|
|upkeep
|turn|25
|inactive|galactest bro ! has 60 seconds left.
|
|t:|1619080589
|switch|p2a: Rhyperior|Rhyperior, F|56/100
|-damage|p2a: Rhyperior|50/100|[from] Stealth Rock
|switch|p1a: Primarina|Primarina, F|100/100
|-damage|p1a: Primarina|88/100|[from] Stealth Rock
|
|-heal|p1a: Primarina|94/100|[from] item: Leftovers
|-heal|p2a: Rhyperior|56/100|[from] item: Leftovers
|upkeep
|turn|26
|inactive|galactest bro ! has 30 seconds left.
|
|t:|1619080620
|switch|p2a: Tangrowth|Tangrowth, M|100/100
|-damage|p2a: Tangrowth|88/100|[from] Stealth Rock
|move|p1a: Primarina|Scald|p2a: Tangrowth
|-resisted|p2a: Tangrowth
|-damage|p2a: Tangrowth|72/100
|
|-heal|p1a: Primarina|99/100|[from] item: Leftovers
|upkeep
|turn|27
|
|t:|1619080629
|switch|p1a: Scizor|Scizor, M|63/100
|-damage|p1a: Scizor|51/100|[from] Stealth Rock
|move|p2a: Tangrowth|Giga Drain|p1a: Scizor
|-resisted|p1a: Scizor
|-damage|p1a: Scizor|40/100
|-heal|p2a: Tangrowth|75/100|[from] drain|[of] p1a: Scizor
|
|upkeep
|turn|28
|
|t:|1619080640
|switch|p2a: Moltres|Moltres|53/100
|move|p1a: Scizor|U-turn|p2a: Moltres
|-resisted|p2a: Moltres
|-damage|p2a: Moltres|35/100
|
|t:|1619080664
|switch|p1a: Krookodile|Krookodile, F|88/100|[from]move: U-turn
|-damage|p1a: Krookodile|82/100|[from] Stealth Rock
|-ability|p1a: Krookodile|Intimidate|boost
|-unboost|p2a: Moltres|atk|1
|
|upkeep
|turn|29
|
|t:|1619080674
|switch|p2a: Tangrowth|Tangrowth, M|100/100
|-damage|p2a: Tangrowth|88/100|[from] Stealth Rock
|move|p1a: Krookodile|Darkest Lariat|p2a: Tangrowth
|-damage|p2a: Tangrowth|61/100
|
|upkeep
|turn|30
|
|t:|1619080694
|switch|p1a: Tangrowth|Tangrowth, F|84/100
|-damage|p1a: Tangrowth|72/100|[from] Stealth Rock
|switch|p2a: Keldeo|Keldeo-Resolute|94/100
|-damage|p2a: Keldeo|88/100|[from] Stealth Rock
|
|upkeep
|turn|31
|
|t:|1619080706
|switch|p2a: Scizor|Scizor, M|74/100
|-damage|p2a: Scizor|62/100|[from] Stealth Rock
|switch|p1a: Primarina|Primarina, F|99/100
|-damage|p1a: Primarina|88/100|[from] Stealth Rock
|
|-heal|p1a: Primarina|94/100|[from] item: Leftovers
|upkeep
|turn|32
|inactive|galactest bro ! has 30 seconds left.
|inactive|galactest bro ! has 20 seconds left.
|inactive|galactest bro ! has 15 seconds left.
|inactive|galactest bro ! has 10 seconds left.
|
|t:|1619080751
|move|p2a: Scizor|Bullet Punch|p1a: Primarina
|-damage|p1a: Primarina|59/100
|move|p1a: Primarina|Scald|p2a: Scizor
|-crit|p2a: Scizor
|-damage|p2a: Scizor|0 fnt
|faint|p2a: Scizor
|
|-heal|p1a: Primarina|65/100|[from] item: Leftovers
|upkeep
|inactive|galactest bro ! has 15 seconds left this turn.
|c|☆endless_struggle|timer bro
|inactive|galactest bro ! has 10 seconds left.
|j| Dbdkfnff
|inactive|galactest bro ! has 5 seconds left.
|
|t:|1619080762
|switch|p2a: Mew|Mew|100/100
|-damage|p2a: Mew|88/100|[from] Stealth Rock
|turn|33
|inactive|galactest bro ! has 15 seconds left this turn.
|
|t:|1619080767
|switch|p1a: Krookodile|Krookodile, F|82/100
|-damage|p1a: Krookodile|76/100|[from] Stealth Rock
|-ability|p1a: Krookodile|Intimidate|boost
|-unboost|p2a: Mew|atk|1
|move|p2a: Mew|Trick|p1a: Krookodile
|-activate|p2a: Mew|move: Trick|[of] p1a: Krookodile
|-item|p1a: Krookodile|Choice Scarf|[from] move: Trick
|-item|p2a: Mew|Choice Scarf|[from] move: Trick
|
|upkeep
|turn|34
|inactive|galactest bro ! has 25 seconds left this turn.
|inactive|galactest bro ! has 20 seconds left.
|
|t:|1619080775
|switch|p2a: Tangrowth|Tangrowth, M|95/100
|-damage|p2a: Tangrowth|82/100|[from] Stealth Rock
|move|p1a: Krookodile|Darkest Lariat|p2a: Tangrowth
|-damage|p2a: Tangrowth|54/100
|
|upkeep
|turn|35
|inactive|galactest bro ! has 30 seconds left this turn.
|
|t:|1619080783
|switch|p1a: Scizor|Scizor, M|40/100
|-damage|p1a: Scizor|28/100|[from] Stealth Rock
|switch|p2a: Keldeo|Keldeo-Resolute|88/100
|-damage|p2a: Keldeo|82/100|[from] Stealth Rock
|
|upkeep
|turn|36
|inactive|galactest bro ! has 30 seconds left.
|
|t:|1619080790
|switch|p1a: Tangrowth|Tangrowth, F|100/100
|-damage|p1a: Tangrowth|88/100|[from] Stealth Rock
|move|p2a: Keldeo|Air Slash|p1a: Tangrowth
|-supereffective|p1a: Tangrowth
|-damage|p1a: Tangrowth|8/100
|
|upkeep
|turn|37
|
|t:|1619080804
|switch|p1a: Raikou|Raikou|69/100
|-damage|p1a: Raikou|57/100|[from] Stealth Rock
|-ability|p1a: Raikou|Pressure
|move|p2a: Keldeo|Air Slash|p1a: Raikou
|-resisted|p1a: Raikou
|-damage|p1a: Raikou|37/100
|
|-heal|p1a: Raikou|43/100|[from] item: Leftovers
|upkeep
|turn|38
|
|t:|1619080814
|switch|p1a: Scizor|Scizor, M|28/100
|-damage|p1a: Scizor|15/100|[from] Stealth Rock
|switch|p2a: Tangrowth|Tangrowth, M|87/100
|-damage|p2a: Tangrowth|75/100|[from] Stealth Rock
|
|upkeep
|turn|39
|
|t:|1619080826
|switch|p2a: Moltres|Moltres|35/100
|move|p1a: Scizor|U-turn|p2a: Moltres
|-resisted|p2a: Moltres
|-damage|p2a: Moltres|19/100
|
|t:|1619080839
|switch|p1a: Salamence|Salamence, M|55/100|[from]move: U-turn
|-damage|p1a: Salamence|31/100|[from] Stealth Rock
|-ability|p1a: Salamence|Intimidate|boost
|-unboost|p2a: Moltres|atk|1
|
|upkeep
|turn|40
|
|t:|1619080845
|move|p1a: Salamence|Outrage|p2a: Moltres
|-damage|p2a: Moltres|0 fnt
|faint|p2a: Moltres
|
|upkeep
|
|t:|1619080856
|switch|p2a: Keldeo|Keldeo-Resolute|82/100
|-damage|p2a: Keldeo|76/100|[from] Stealth Rock
|turn|41
|
|t:|1619080863
|move|p2a: Keldeo|Secret Sword|p1a: Salamence
|-resisted|p1a: Salamence
|-damage|p1a: Salamence|0 fnt
|faint|p1a: Salamence
|
|upkeep
|inactive|endless_struggle has 120 seconds left.
|
|t:|1619080897
|switch|p1a: Primarina|Primarina, F|65/100
|-damage|p1a: Primarina|53/100|[from] Stealth Rock
|turn|42
|
|t:|1619080904
|switch|p2a: Tangrowth|Tangrowth, M|100/100
|-damage|p2a: Tangrowth|88/100|[from] Stealth Rock
|switch|p1a: Tangrowth|Tangrowth, F|41/100
|-damage|p1a: Tangrowth|28/100|[from] Stealth Rock
|
|upkeep
|turn|43
|
|t:|1619080917
|switch|p2a: Mew|Mew|88/100
|-damage|p2a: Mew|76/100|[from] Stealth Rock
|move|p1a: Tangrowth|Sludge Bomb|p2a: Mew
|-damage|p2a: Mew|56/100
|
|upkeep
|turn|44
|
|t:|1619080926
|switch|p1a: Raikou|Raikou|43/100
|-damage|p1a: Raikou|31/100|[from] Stealth Rock
|-ability|p1a: Raikou|Pressure
|move|p2a: Mew|Spikes|p1a: Raikou
|-sidestart|p1: endless_struggle|Spikes
|
|-heal|p1a: Raikou|37/100|[from] item: Leftovers
|upkeep
|turn|45
|
|t:|1619080935
|switch|p2a: Rhyperior|Rhyperior, F|56/100
|-damage|p2a: Rhyperior|50/100|[from] Stealth Rock
|move|p1a: Raikou|Calm Mind|p1a: Raikou
|-boost|p1a: Raikou|spa|1
|-boost|p1a: Raikou|spd|1
|
|-heal|p1a: Raikou|43/100|[from] item: Leftovers
|-heal|p2a: Rhyperior|56/100|[from] item: Leftovers
|upkeep
|turn|46
|
|t:|1619080944
|switch|p2a: Tangrowth|Tangrowth, M|100/100
|-damage|p2a: Tangrowth|88/100|[from] Stealth Rock
|move|p1a: Raikou|Scald|p2a: Tangrowth
|-resisted|p2a: Tangrowth
|-damage|p2a: Tangrowth|72/100
|
|-heal|p1a: Raikou|50/100|[from] item: Leftovers
|upkeep
|turn|47
|inactive|endless_struggle has 120 seconds left.
|inactive|endless_struggle has 90 seconds left.
|
|t:|1619081013
|move|p1a: Raikou|Thunderbolt|p2a: Tangrowth
|-resisted|p2a: Tangrowth
|-damage|p2a: Tangrowth|43/100
|move|p2a: Tangrowth|Earthquake|p1a: Raikou
|-supereffective|p1a: Raikou
|-damage|p1a: Raikou|0 fnt
|faint|p1a: Raikou
|
|upkeep
|
|t:|1619081021
|switch|p1a: Tangrowth|Tangrowth, F|62/100
|-damage|p1a: Tangrowth|49/100|[from] Stealth Rock
|-damage|p1a: Tangrowth|37/100|[from] Spikes
|turn|48
|
|t:|1619081030
|switch|p2a: Mew|Mew|56/100
|-damage|p2a: Mew|44/100|[from] Stealth Rock
|move|p1a: Tangrowth|Sludge Bomb|p2a: Mew
|-damage|p2a: Mew|20/100
|
|upkeep
|turn|49
|inactive|galactest bro ! has 90 seconds left.
|
|t:|1619081046
|switch|p1a: Scizor|Scizor, M|15/100
|-damage|p1a: Scizor|3/100|[from] Stealth Rock
|-damage|p1a: Scizor|0 fnt|[from] Spikes
|faint|p1a: Scizor
|move|p2a: Mew|Spikes|p1: Scizor
|-sidestart|p1: endless_struggle|Spikes
|
|upkeep
|
|t:|1619081058
|switch|p1a: Krookodile|Krookodile, F|76/100
|-damage|p1a: Krookodile|70/100|[from] Stealth Rock
|-damage|p1a: Krookodile|54/100|[from] Spikes
|-ability|p1a: Krookodile|Intimidate|boost
|-unboost|p2a: Mew|atk|1
|turn|50
|inactive|galactest bro ! has 90 seconds left.
|inactive|endless_struggle has 90 seconds left.
|
|t:|1619081086
|move|p2a: Mew|Spikes|p1a: Krookodile
|-sidestart|p1: endless_struggle|Spikes
|move|p1a: Krookodile|Earthquake|p2a: Mew
|-damage|p2a: Mew|0 fnt
|faint|p2a: Mew
|
|upkeep
|inactive|galactest bro ! has 90 seconds left.
|
|t:|1619081092
|switch|p2a: Tangrowth|Tangrowth, M|76/100
|-damage|p2a: Tangrowth|64/100|[from] Stealth Rock
|turn|51
|
|t:|1619081099
|switch|p1a: Tangrowth|Tangrowth, F|70/100
|-damage|p1a: Tangrowth|45/100|[from] Spikes
|-damage|p1a: Tangrowth|33/100|[from] Stealth Rock
|move|p2a: Tangrowth|Sludge Bomb|p1a: Tangrowth
|-supereffective|p1a: Tangrowth
|-damage|p1a: Tangrowth|0 fnt
|faint|p1a: Tangrowth
|
|upkeep
|c|☆endless_struggle|gg
|
|t:|1619081104
|switch|p1a: Krookodile|Krookodile, F|54/100
|-damage|p1a: Krookodile|29/100|[from] Spikes
|-damage|p1a: Krookodile|23/100|[from] Stealth Rock
|-ability|p1a: Krookodile|Intimidate|boost
|-unboost|p2a: Tangrowth|atk|1
|turn|52
|c|☆galactest bro !|gg nice game ;)
|
|t:|1619081114
|move|p1a: Krookodile|Darkest Lariat|p2a: Tangrowth
|-damage|p2a: Tangrowth|36/100
|move|p2a: Tangrowth|Giga Drain|p1a: Krookodile
|-supereffective|p1a: Krookodile
|-damage|p1a: Krookodile|0 fnt
|-heal|p2a: Tangrowth|45/100|[from] drain|[of] p1a: Krookodile
|faint|p1a: Krookodile
|
|upkeep
|
|t:|1619081119
|switch|p1a: Primarina|Primarina, F|53/100
|-damage|p1a: Primarina|40/100|[from] Stealth Rock
|-damage|p1a: Primarina|15/100|[from] Spikes
|turn|53
|
|t:|1619081127
|move|p1a: Primarina|Moonblast|p2a: Tangrowth
|-damage|p2a: Tangrowth|11/100
|move|p2a: Tangrowth|Giga Drain|p1a: Primarina
|-supereffective|p1a: Primarina
|-damage|p1a: Primarina|0 fnt
|-heal|p2a: Tangrowth|17/100|[from] drain|[of] p1a: Primarina
|faint|p1a: Primarina
|
|win|galactest bro !
|raw|endless_struggle's rating: 1413 &rarr; <strong>1398</strong><br />(-15 for losing)
|raw|galactest bro !'s rating: 1498 &rarr; <strong>1513</strong><br />(+15 for winning)
|l|☆endless_struggle
|l| Dbdkfnff
