|j|☆GryphonEx
|j|☆Fousfull
|t:|1666378061
|gametype|singles
|player|p1|GryphonEx|gardenia|1603
|player|p2|Fousfull|maid|1516
|teamsize|p1|6
|teamsize|p2|6
|gen|8
|tier|[Gen 8] UU
|rated|
|rule|Sleep Clause Mod: Limit one foe put to sleep
|rule|Species Clause: Limit one of each Pokémon
|rule|OHKO Clause: OHKO moves are banned
|rule|Evasion Items Clause: Evasion items are banned
|rule|Evasion Moves Clause: Evasion moves are banned
|rule|Endless Battle Clause: Forcing endless battles is banned
|rule|HP Percentage Mod: HP is shown in percentages
|rule|Dynamax Clause: You cannot dynamax
|clearpoke
|poke|p1|Hydreigon, F|
|poke|p1|Crawdaunt, M|
|poke|p1|Zarude|
|poke|p1|Salamence, F|
|poke|p1|Chansey, F|
|poke|p1|Corsola-Galar, M|
|poke|p2|Umbreon, M|
|poke|p2|Hippowdon, M|
|poke|p2|Chansey, F|
|poke|p2|Jellicent, M|
|poke|p2|Skarmory, F|
|poke|p2|Articuno|
|teampreview
|
|t:|1666378067
|start
|switch|p1a: Diggs W|Crawdaunt, M|100/100
|switch|p2a: tooth and claw|Hippowdon, M|100/100
|-weather|Sandstorm|[from] ability: Sand Stream|[of] p2a: tooth and claw
|turn|1
|c|☆GryphonEx|Good luck
|
|t:|1666378074
|switch|p2a: age of steel|Skarmory, F|100/100
|move|p1a: Diggs W|Knock Off|p2a: age of steel
|-damage|p2a: age of steel|37/100
|-damage|p1a: Diggs W|84/100|[from] item: Rocky Helmet|[of] p2a: age of steel
|-enditem|p2a: age of steel|Rocky Helmet|[from] move: Knock Off|[of] p1a: Diggs W
|
|-weather|Sandstorm|[upkeep]
|-damage|p1a: Diggs W|78/100|[from] Sandstorm
|upkeep
|turn|2
|
|t:|1666378083
|move|p1a: Diggs W|Knock Off|p2a: age of steel
|-damage|p2a: age of steel|0 fnt
|faint|p2a: age of steel
|
|-weather|Sandstorm|[upkeep]
|-damage|p1a: Diggs W|72/100|[from] Sandstorm
|upkeep
|
|t:|1666378087
|switch|p2a: new earth|Articuno|100/100
|-ability|p2a: new earth|Pressure
|turn|3
|
|t:|1666378092
|switch|p2a: tooth and claw|Hippowdon, M|100/100
|switch|p1a: Corsola-Kanye|Chansey, F|100/100
|
|-weather|Sandstorm|[upkeep]
|-damage|p1a: Corsola-Kanye|94/100|[from] Sandstorm
|upkeep
|turn|4
|
|t:|1666378101
|move|p2a: tooth and claw|Stealth Rock|p1a: Corsola-Kanye
|-sidestart|p1: GryphonEx|move: Stealth Rock
|move|p1a: Corsola-Kanye|Teleport|p1a: Corsola-Kanye
|
|t:|1666378104
|switch|p1a: Diggs W|Crawdaunt, M|72/100|[from]move: Teleport
|-damage|p1a: Diggs W|60/100|[from] Stealth Rock
|
|-weather|Sandstorm|[upkeep]
|-damage|p1a: Diggs W|54/100|[from] Sandstorm
|upkeep
|turn|5
|
|t:|1666378109
|switch|p2a: army of ghosts|Jellicent, M|100/100
|move|p1a: Diggs W|Knock Off|p2a: army of ghosts
|-supereffective|p2a: army of ghosts
|-damage|p2a: army of ghosts|0 fnt
|-start|p1a: Diggs W|Disable|Knock Off|[from] ability: Cursed Body|[of] p2a: army of ghosts
|-enditem|p2a: army of ghosts|Heavy-Duty Boots|[from] move: Knock Off|[of] p1a: Diggs W
|faint|p2a: army of ghosts
|
|-weather|none
|upkeep
|c|☆Fousfull|Gg
|c|☆Fousfull|Crawduant owns
|c|☆GryphonEx|Already?
|c|☆Fousfull|Sorry for using stall
|-message|Fousfull forfeited.
|
|win|GryphonEx
|raw|GryphonEx's rating: 1603 &rarr; <strong>1618</strong><br />(+15 for winning)
|raw|Fousfull's rating: 1516 &rarr; <strong>1501</strong><br />(-15 for losing)
|c|☆Fousfull|But i have to prove a point
|l|☆Fousfull
||Ladder isn't responding, score probably updated but might not have (Request timeout).
