|j|☆Dracovishstan
|j|☆Lnua
|player|p1|Dracovishstan|gambler|1279
|player|p2|Lnua|misty-gen2|1303
|teamsize|p1|6
|teamsize|p2|6
|gametype|singles
|gen|8
|tier|[Gen 8] UU
|rated|
|clearpoke
|poke|p1|Gigalith, M|
|poke|p1|Chandelure, F|
|poke|p1|Lucario, M|
|poke|p1|Rotom-Wash|
|poke|p1|Machamp, M|
|poke|p1|Golisopod, M|
|poke|p2|Noivern, F|
|poke|p2|Rhyperior, F|
|poke|p2|Sylveon, M|
|poke|p2|Reuniclus, F|
|poke|p2|Milotic, F|
|poke|p2|Cobalion|
|rule|Sleep Clause Mod: Limit one foe put to sleep
|rule|Species Clause: Limit one of each Pokémon
|rule|OHKO Clause: OHKO moves are banned
|rule|Evasion Moves Clause: Evasion moves are banned
|rule|Endless Battle Clause: Forcing endless battles is banned
|rule|HP Percentage Mod: HP is shown in percentages
|rule|Dynamax Clause: You cannot dynamax
|teampreview
|inactive|Battle timer is ON: inactive players will automatically lose when time's up. (requested by Lnua)
|j| foode
|
|start
|switch|p1a: Machamp|Machamp, M|100/100
|switch|p2a: Rhyperior|Rhyperior, F|100/100
|turn|1
|
|switch|p2a: yawn|Sylveon, M|100/100
|move|p1a: Machamp|Dynamic Punch|p2a: yawn
|-resisted|p2a: yawn
|-crit|p2a: yawn
|-damage|p2a: yawn|63/100
|-start|p2a: yawn|confusion
|
|-heal|p2a: yawn|69/100|[from] item: Leftovers
|upkeep
|turn|2
|c| foode|/me
|c|☆Lnua|hello
|inactive|Dracovishstan has 120 seconds left.
|c| foode|^^hi^^
|c|☆Lnua|oh wow
|
|move|p1a: Machamp|Bullet Punch|p2a: yawn
|-supereffective|p2a: yawn
|-damage|p2a: yawn|44/100
|-activate|p2a: yawn|confusion
|-damage|p2a: yawn|40/100|[from] confusion
|
|-heal|p2a: yawn|47/100|[from] item: Leftovers
|upkeep
|turn|3
|c|☆Dracovishstan|hi
|c| foode|not u
|
|move|p1a: Machamp|Bullet Punch|p2a: yawn
|-supereffective|p2a: yawn
|-damage|p2a: yawn|23/100
|-activate|p2a: yawn|confusion
|-damage|p2a: yawn|19/100|[from] confusion
|
|-heal|p2a: yawn|25/100|[from] item: Leftovers
|upkeep
|turn|4
|c| foode|-_-
|c|☆Dracovishstan|why not me
|c| foode|^^-_-^^
|c|☆Dracovishstan|thats mean
|c|☆Lnua|...
|c| foode|ur a dracovishstan
|c| foode|that mon is dumb
|c| foode|so ur dumb
|
|move|p1a: Machamp|Bullet Punch|p2a: yawn
|-supereffective|p2a: yawn
|-damage|p2a: yawn|0 fnt
|faint|p2a: yawn
|
|upkeep
|c|☆Dracovishstan|yeah ik
|c|☆Lnua|I hate this game
|c|☆Dracovishstan|dracovish is dumb
|c|☆Dracovishstan|but hear me out
|c|☆Dracovishstan|clefable is dumber
|inactive|Lnua has 120 seconds left.
|c|☆Lnua|no one cares
|
|switch|p2a: Milotic|Milotic, F|100/100
|turn|5
|inactive|Dracovishstan has 120 seconds left.
|c|☆Dracovishstan|I care
|
|move|p2a: Milotic|Scald|p1a: Machamp
|-damage|p1a: Machamp|81/100
|move|p1a: Machamp|Dynamic Punch|p2a: Milotic
|-damage|p2a: Milotic|55/100
|-start|p2a: Milotic|confusion
|
|-heal|p2a: Milotic|61/100|[from] item: Leftovers
|upkeep
|turn|6
|inactive|Dracovishstan has 120 seconds left.
|
|-activate|p2a: Milotic|confusion
|-damage|p2a: Milotic|57/100|[from] confusion
|move|p1a: Machamp|Knock Off|p2a: Milotic
|-damage|p2a: Milotic|25/100
|-enditem|p2a: Milotic|Leftovers|[from] move: Knock Off|[of] p1a: Machamp
|
|upkeep
|turn|7
|
|-end|p2a: Milotic|confusion
|move|p2a: Milotic|Recover|p2a: Milotic
|-heal|p2a: Milotic|75/100
|move|p1a: Machamp|Dynamic Punch|p2a: Milotic
|-damage|p2a: Milotic|24/100
|-start|p2a: Milotic|confusion
|
|upkeep
|turn|8
|
|-activate|p2a: Milotic|confusion
|move|p2a: Milotic|Scald|p1a: Machamp
|-damage|p1a: Machamp|64/100
|-status|p1a: Machamp|brn
|move|p1a: Machamp|Dynamic Punch|p2a: Milotic
|-damage|p2a: Milotic|1/100
|
|-damage|p1a: Machamp|57/100 brn|[from] brn
|upkeep
|turn|9
|
|move|p1a: Machamp|Bullet Punch|p2a: Milotic
|-resisted|p2a: Milotic
|-damage|p2a: Milotic|0 fnt
|faint|p2a: Milotic
|
|-damage|p1a: Machamp|51/100 brn|[from] brn
|upkeep
|
|switch|p2a: Noivern|Noivern, F|100/100
|-item|p1a: Machamp|Assault Vest|[from] ability: Frisk|[of] p2a: Noivern|[identify]
|turn|10
|
|move|p2a: Noivern|Draco Meteor|p1a: Machamp
|-damage|p1a: Machamp|11/100 brn
|-unboost|p2a: Noivern|spa|2
|move|p1a: Machamp|Dynamic Punch|p2a: Noivern
|-resisted|p2a: Noivern
|-damage|p2a: Noivern|81/100
|-start|p2a: Noivern|confusion
|
|-damage|p1a: Machamp|5/100 brn|[from] brn
|upkeep
|turn|11
|
|-activate|p2a: Noivern|confusion
|move|p2a: Noivern|Roost|p2a: Noivern
|-heal|p2a: Noivern|100/100
|-singleturn|p2a: Noivern|move: Roost
|move|p1a: Machamp|Knock Off|p2a: Noivern
|-damage|p2a: Noivern|78/100
|-enditem|p2a: Noivern|Heavy-Duty Boots|[from] move: Knock Off|[of] p1a: Machamp
|
|-damage|p1a: Machamp|0 fnt|[from] brn
|faint|p1a: Machamp
|upkeep
|
|switch|p1a: Lucario|Lucario, M|100/100
|turn|12
|
|switch|p2a: Cobalion|Cobalion|100/100
|move|p1a: Lucario|Swords Dance|p1a: Lucario
|-boost|p1a: Lucario|atk|2
|
|upkeep
|turn|13
|
|move|p2a: Cobalion|Close Combat|p1a: Lucario
|-supereffective|p1a: Lucario
|-damage|p1a: Lucario|0 fnt
|-unboost|p2a: Cobalion|def|1
|-unboost|p2a: Cobalion|spd|1
|faint|p1a: Lucario
|
|upkeep
|
|switch|p1a: Chandelure|Chandelure, F|100/100
|turn|14
|
|switch|p2a: Rhyperior|Rhyperior, F|100/100
|move|p1a: Chandelure|Shadow Ball|p2a: Rhyperior
|-crit|p2a: Rhyperior
|-damage|p2a: Rhyperior|42/100
|
|-heal|p2a: Rhyperior|49/100|[from] item: Leftovers
|upkeep
|turn|15
|
|move|p1a: Chandelure|Energy Ball|p2a: Rhyperior
|-supereffective|p2a: Rhyperior
|-damage|p2a: Rhyperior|0 fnt
|faint|p2a: Rhyperior
|
|upkeep
|
|switch|p2a: Reuniclus|Reuniclus, F|100/100
|turn|16
|
|move|p1a: Chandelure|Shadow Ball|p2a: Reuniclus
|-supereffective|p2a: Reuniclus
|-damage|p2a: Reuniclus|63/100
|move|p2a: Reuniclus|Future Sight|p1a: Chandelure
|-start|p2a: Reuniclus|move: Future Sight
|
|upkeep
|turn|17
|inactive|Dracovishstan has 120 seconds left.
|
|move|p1a: Chandelure|Shadow Ball|p2a: Reuniclus
|-supereffective|p2a: Reuniclus
|-damage|p2a: Reuniclus|21/100
|-unboost|p2a: Reuniclus|spd|1
|move|p2a: Reuniclus|Psychic|p1a: Chandelure
|-damage|p1a: Chandelure|50/100
|-unboost|p1a: Chandelure|spd|1
|
|upkeep
|turn|18
|
|switch|p2a: Cobalion|Cobalion|100/100
|move|p1a: Chandelure|Shadow Ball|p2a: Cobalion
|-damage|p2a: Cobalion|43/100
|-unboost|p2a: Cobalion|spd|1
|
|-end|p1a: Chandelure|move: Future Sight
|-damage|p1a: Chandelure|0 fnt
|-heal|p2a: Cobalion|49/100|[from] item: Leftovers
|faint|p1a: Chandelure
|upkeep
|
|switch|p1a: Rotom|Rotom-Wash|100/100
|turn|19
|
|switch|p2a: Reuniclus|Reuniclus, F|54/100
|move|p1a: Rotom|Nasty Plot|p1a: Rotom
|-boost|p1a: Rotom|spa|2
|
|upkeep
|turn|20
|
|move|p1a: Rotom|Hydro Pump|p2a: Reuniclus
|-damage|p2a: Reuniclus|8/100
|move|p2a: Reuniclus|Future Sight|p1a: Rotom
|-start|p2a: Reuniclus|move: Future Sight
|
|upkeep
|turn|21
|inactive|Dracovishstan has 120 seconds left.
|
|move|p1a: Rotom|Volt Switch|p2a: Reuniclus
|-damage|p2a: Reuniclus|0 fnt
|faint|p2a: Reuniclus
|
|switch|p1a: Gigalith|Gigalith, M|100/100|[from]move: Volt Switch
|-weather|Sandstorm|[from] ability: Sand Stream|[of] p1a: Gigalith
|
|-weather|Sandstorm|[upkeep]
|upkeep
|
|switch|p2a: Cobalion|Cobalion|49/100
|turn|22
|inactive|Dracovishstan has 120 seconds left.
|
|move|p2a: Cobalion|Magnet Rise|p2a: Cobalion
|-start|p2a: Cobalion|Magnet Rise
|move|p1a: Gigalith|Earthquake|p2a: Cobalion
|-immune|p2a: Cobalion
|
|-weather|Sandstorm|[upkeep]
|-end|p1a: Gigalith|move: Future Sight
|-damage|p1a: Gigalith|77/100
|-heal|p2a: Cobalion|55/100|[from] item: Leftovers
|-heal|p1a: Gigalith|83/100|[from] item: Leftovers
|upkeep
|turn|23
|
|move|p2a: Cobalion|Swords Dance|p2a: Cobalion
|-boost|p2a: Cobalion|atk|2
|move|p1a: Gigalith|Rock Blast|p2a: Cobalion
|-resisted|p2a: Cobalion
|-damage|p2a: Cobalion|53/100
|-resisted|p2a: Cobalion
|-damage|p2a: Cobalion|51/100
|-resisted|p2a: Cobalion
|-damage|p2a: Cobalion|49/100
|-hitcount|p2a: Cobalion|3
|
|-weather|Sandstorm|[upkeep]
|-heal|p2a: Cobalion|55/100|[from] item: Leftovers
|-heal|p1a: Gigalith|90/100|[from] item: Leftovers
|upkeep
|turn|24
|
|move|p2a: Cobalion|Swords Dance|p2a: Cobalion
|-boost|p2a: Cobalion|atk|2
|move|p1a: Gigalith|Stealth Rock|p2a: Cobalion
|-sidestart|p2: Lnua|move: Stealth Rock
|
|-weather|Sandstorm|[upkeep]
|-heal|p2a: Cobalion|61/100|[from] item: Leftovers
|-heal|p1a: Gigalith|96/100|[from] item: Leftovers
|upkeep
|turn|25
|
|move|p2a: Cobalion|Swords Dance|p2a: Cobalion
|-boost|p2a: Cobalion|atk|2
|move|p1a: Gigalith|Rock Blast|p2a: Cobalion
|-resisted|p2a: Cobalion
|-damage|p2a: Cobalion|59/100
|-resisted|p2a: Cobalion
|-damage|p2a: Cobalion|57/100
|-resisted|p2a: Cobalion
|-damage|p2a: Cobalion|55/100
|-hitcount|p2a: Cobalion|3
|
|-weather|none
|-heal|p2a: Cobalion|61/100|[from] item: Leftovers
|-heal|p1a: Gigalith|100/100|[from] item: Leftovers
|upkeep
|turn|26
|
|move|p2a: Cobalion|Iron Head|p1a: Gigalith
|-supereffective|p1a: Gigalith
|-damage|p1a: Gigalith|0 fnt
|faint|p1a: Gigalith
|
|-heal|p2a: Cobalion|67/100|[from] item: Leftovers
|-end|p2a: Cobalion|Magnet Rise
|upkeep
|
|switch|p1a: Rotom|Rotom-Wash|100/100
|turn|27
|
|move|p2a: Cobalion|Close Combat|p1a: Rotom
|-damage|p1a: Rotom|0 fnt
|-unboost|p2a: Cobalion|def|1
|-unboost|p2a: Cobalion|spd|1
|faint|p1a: Rotom
|
|-heal|p2a: Cobalion|73/100|[from] item: Leftovers
|upkeep
|
|switch|p1a: Its Ya Boi|Golisopod, M|100/100
|turn|28
|
|move|p1a: Its Ya Boi|First Impression|p2a: Cobalion
|-resisted|p2a: Cobalion
|-damage|p2a: Cobalion|53/100
|move|p2a: Cobalion|Iron Head|p1a: Its Ya Boi
|-resisted|p1a: Its Ya Boi
|-damage|p1a: Its Ya Boi|42/100
|
|-heal|p2a: Cobalion|59/100|[from] item: Leftovers
|upkeep
|turn|29
|
|move|p1a: Its Ya Boi|Aqua Jet|p2a: Cobalion
|-damage|p2a: Cobalion|31/100
|move|p2a: Cobalion|Close Combat|p1a: Its Ya Boi
|-resisted|p1a: Its Ya Boi
|-damage|p1a: Its Ya Boi|0 fnt
|-unboost|p2a: Cobalion|def|1
|-unboost|p2a: Cobalion|spd|1
|faint|p1a: Its Ya Boi
|
|win|Lnua
|l|☆Dracovishstan
||Ladder (probably) updated, but score could not be retrieved (Response not received).
