|j|☆uult4 zoomsux
|j|☆uult4 tundra
|player|p1|uult4 zoomsux|youngster-gen4|1648
|player|p2|uult4 tundra|grimsley-gen7|1679
|teamsize|p1|6
|teamsize|p2|6
|gametype|singles
|gen|8
|tier|[Gen 8] UU
|rated|
|clearpoke
|poke|p1|Noivern, M|
|poke|p1|Sylveon, F|
|poke|p1|Rhyperior, F|
|poke|p1|Escavalier, M|
|poke|p1|Roserade, M|
|poke|p1|Incineroar, M|
|poke|p2|Gastrodon, M|
|poke|p2|Noivern, M|
|poke|p2|Umbreon, F|
|poke|p2|Weezing-Galar, M|
|poke|p2|Copperajah, F|
|poke|p2|Reuniclus, F|
|rule|Sleep Clause Mod: Limit one foe put to sleep
|rule|Species Clause: Limit one of each Pokémon
|rule|OHKO Clause: OHKO moves are banned
|rule|Evasion Moves Clause: Evasion moves are banned
|rule|Endless Battle Clause: Forcing endless battles is banned
|rule|HP Percentage Mod: HP is shown in percentages
|rule|Dynamax Clause: You cannot dynamax
|teampreview
|c|☆uult4 zoomsux|hf
|
|start
|switch|p1a: Rhyperior|Rhyperior, F|100/100
|switch|p2a: Weezing|Weezing-Galar, M|100/100
|turn|1
|
|move|p2a: Weezing|Toxic|p1a: Rhyperior
|-status|p1a: Rhyperior|tox
|move|p1a: Rhyperior|Stealth Rock|p2a: Weezing
|-sidestart|p2: uult4 tundra|move: Stealth Rock
|
|-damage|p1a: Rhyperior|94/100 tox|[from] psn
|upkeep
|turn|2
|
|switch|p1a: Roserade|Roserade, M|100/100
|move|p2a: Weezing|Toxic Spikes|p1a: Roserade
|-sidestart|p1: uult4 zoomsux|move: Toxic Spikes
|
|upkeep
|turn|3
|
|switch|p2a: Copperajah|Copperajah, F|100/100
|-damage|p2a: Copperajah|94/100|[from] Stealth Rock
|move|p1a: Roserade|Sleep Powder|p2a: Copperajah
|-status|p2a: Copperajah|slp|[from] move: Sleep Powder
|
|-heal|p2a: Copperajah|100/100 slp|[from] item: Leftovers
|upkeep
|turn|4
|
|switch|p1a: Rhyperior|Rhyperior, F|94/100 tox
|cant|p2a: Copperajah|slp
|
|-heal|p1a: Rhyperior|100/100 tox|[from] item: Leftovers
|-damage|p1a: Rhyperior|94/100 tox|[from] psn
|upkeep
|turn|5
|
|switch|p1a: Roserade|Roserade, M|100/100
|-sideend|p1: uult4 zoomsux|move: Toxic Spikes|[of] p1a: Roserade
|switch|p2a: Umbreon|Umbreon, F|100/100
|-damage|p2a: Umbreon|88/100|[from] Stealth Rock
|
|-heal|p2a: Umbreon|94/100|[from] item: Leftovers
|upkeep
|turn|6
|
|switch|p1a: Escavalier|Escavalier, M|100/100
|switch|p2a: Copperajah|Copperajah, F|100/100 slp
|-damage|p2a: Copperajah|94/100 slp|[from] Stealth Rock
|
|-heal|p2a: Copperajah|100/100 slp|[from] item: Leftovers
|upkeep
|turn|7
|
|switch|p2a: Gastrodon|Gastrodon, M|100/100
|-damage|p2a: Gastrodon|94/100|[from] Stealth Rock
|move|p1a: Escavalier|Close Combat|p2a: Gastrodon
|-damage|p2a: Gastrodon|67/100
|-unboost|p1a: Escavalier|def|1
|-unboost|p1a: Escavalier|spd|1
|
|-heal|p2a: Gastrodon|73/100|[from] item: Leftovers
|upkeep
|turn|8
|
|move|p2a: Gastrodon|Earthquake|p1a: Escavalier
|-damage|p1a: Escavalier|66/100
|move|p1a: Escavalier|Knock Off|p2a: Gastrodon
|-crit|p2a: Gastrodon
|-damage|p2a: Gastrodon|40/100
|-enditem|p2a: Gastrodon|Leftovers|[from] move: Knock Off|[of] p1a: Escavalier
|
|-heal|p1a: Escavalier|73/100|[from] item: Leftovers
|upkeep
|turn|9
|
|switch|p1a: Roserade|Roserade, M|100/100
|move|p2a: Gastrodon|Recover|p2a: Gastrodon
|-heal|p2a: Gastrodon|90/100
|
|upkeep
|turn|10
|
|switch|p1a: Escavalier|Escavalier, M|73/100
|switch|p2a: Copperajah|Copperajah, F|100/100 slp
|-damage|p2a: Copperajah|94/100 slp|[from] Stealth Rock
|
|-heal|p2a: Copperajah|100/100 slp|[from] item: Leftovers
|-heal|p1a: Escavalier|79/100|[from] item: Leftovers
|upkeep
|turn|11
|
|switch|p2a: Gastrodon|Gastrodon, M|90/100
|-damage|p2a: Gastrodon|84/100|[from] Stealth Rock
|switch|p1a: Incineroar|Incineroar, M|100/100
|-ability|p1a: Incineroar|Intimidate|boost
|-unboost|p2a: Gastrodon|atk|1
|
|upkeep
|turn|12
|j| UULT3 Adrift
|
|move|p1a: Incineroar|Toxic|p2a: Gastrodon|[miss]
|-miss|p1a: Incineroar|p2a: Gastrodon
|move|p2a: Gastrodon|Earthquake|p1a: Incineroar
|-supereffective|p1a: Incineroar
|-damage|p1a: Incineroar|59/100
|
|upkeep
|turn|13
|
|switch|p1a: Roserade|Roserade, M|100/100
|move|p2a: Gastrodon|Earthquake|p1a: Roserade
|-damage|p1a: Roserade|72/100
|
|-heal|p1a: Roserade|78/100|[from] item: Black Sludge
|upkeep
|turn|14
|
|switch|p1a: Incineroar|Incineroar, M|59/100
|-ability|p1a: Incineroar|Intimidate|boost
|-unboost|p2a: Gastrodon|atk|1
|switch|p2a: Copperajah|Copperajah, F|100/100 slp
|-damage|p2a: Copperajah|94/100 slp|[from] Stealth Rock
|
|-heal|p2a: Copperajah|100/100 slp|[from] item: Leftovers
|upkeep
|turn|15
|
|switch|p2a: Gastrodon|Gastrodon, M|84/100
|-damage|p2a: Gastrodon|78/100|[from] Stealth Rock
|move|p1a: Incineroar|Knock Off|p2a: Gastrodon
|-damage|p2a: Gastrodon|55/100
|
|upkeep
|turn|16
|
|move|p1a: Incineroar|Toxic|p2a: Gastrodon
|-status|p2a: Gastrodon|tox
|move|p2a: Gastrodon|Earthquake|p1a: Incineroar
|-supereffective|p1a: Incineroar
|-damage|p1a: Incineroar|0 fnt
|faint|p1a: Incineroar
|
|-damage|p2a: Gastrodon|49/100 tox|[from] psn
|upkeep
|
|switch|p1a: Escavalier|Escavalier, M|79/100
|turn|17
|
|switch|p2a: Noivern|Noivern, M|100/100
|move|p1a: Escavalier|Knock Off|p2a: Noivern
|-damage|p2a: Noivern|61/100
|-enditem|p2a: Noivern|Heavy-Duty Boots|[from] move: Knock Off|[of] p1a: Escavalier
|
|-heal|p1a: Escavalier|85/100|[from] item: Leftovers
|upkeep
|turn|18
|
|switch|p1a: Sylveon|Sylveon, F|100/100
|move|p2a: Noivern|Flamethrower|p1a: Sylveon
|-damage|p1a: Sylveon|86/100
|
|-heal|p1a: Sylveon|92/100|[from] item: Leftovers
|upkeep
|turn|19
|
|switch|p2a: Reuniclus|Reuniclus, F|100/100
|switch|p1a: Rhyperior|Rhyperior, F|94/100 tox
|
|-heal|p1a: Rhyperior|100/100 tox|[from] item: Leftovers
|-damage|p1a: Rhyperior|94/100 tox|[from] psn
|upkeep
|turn|20
|
|switch|p1a: Escavalier|Escavalier, M|85/100
|move|p2a: Reuniclus|Acid Armor|p2a: Reuniclus
|-boost|p2a: Reuniclus|def|2
|
|-heal|p1a: Escavalier|91/100|[from] item: Leftovers
|upkeep
|turn|21
|
|move|p2a: Reuniclus|Acid Armor|p2a: Reuniclus
|-boost|p2a: Reuniclus|def|2
|move|p1a: Escavalier|Swords Dance|p1a: Escavalier
|-boost|p1a: Escavalier|atk|2
|
|-heal|p1a: Escavalier|97/100|[from] item: Leftovers
|upkeep
|turn|22
|
|move|p2a: Reuniclus|Acid Armor|p2a: Reuniclus
|-boost|p2a: Reuniclus|def|2
|move|p1a: Escavalier|Swords Dance|p1a: Escavalier
|-boost|p1a: Escavalier|atk|2
|
|-heal|p1a: Escavalier|100/100|[from] item: Leftovers
|upkeep
|turn|23
|
|move|p2a: Reuniclus|Calm Mind|p2a: Reuniclus
|-boost|p2a: Reuniclus|spa|1
|-boost|p2a: Reuniclus|spd|1
|move|p1a: Escavalier|Megahorn|p2a: Reuniclus
|-supereffective|p2a: Reuniclus
|-damage|p2a: Reuniclus|39/100
|
|-heal|p2a: Reuniclus|45/100|[from] item: Leftovers
|upkeep
|turn|24
|
|move|p2a: Reuniclus|Recover|p2a: Reuniclus
|-heal|p2a: Reuniclus|95/100
|move|p1a: Escavalier|Megahorn|p2a: Reuniclus|[miss]
|-miss|p1a: Escavalier|p2a: Reuniclus
|
|-heal|p2a: Reuniclus|100/100|[from] item: Leftovers
|upkeep
|turn|25
|
|move|p2a: Reuniclus|Stored Power|p1a: Escavalier
|-resisted|p1a: Escavalier
|-damage|p1a: Escavalier|44/100
|move|p1a: Escavalier|Megahorn|p2a: Reuniclus
|-supereffective|p2a: Reuniclus
|-damage|p2a: Reuniclus|37/100
|
|-heal|p2a: Reuniclus|43/100|[from] item: Leftovers
|-heal|p1a: Escavalier|50/100|[from] item: Leftovers
|upkeep
|turn|26
|-message|uult4 zoomsux forfeited.
|
|win|uult4 tundra
|l|☆uult4 zoomsux
|l| UULT3 Adrift
|raw|uult4 zoomsux's rating: 1648 &rarr; <strong>1630</strong><br />(-18 for losing)
|raw|uult4 tundra's rating: 1680 &rarr; <strong>1698</strong><br />(+18 for winning)
