|html|<div class="broadcast-blue"><strong>[Gen 8] UU is currently suspecting Aegislash! For information on how to participate check out the <a href="https://www.smogon.com/forums/threads/np-ss-uu-stage-11-1-kingslayer.3698890/">suspect thread</a>.</strong></div>
|j|☆Hydreigon > Latias
|j|☆pif
|t:|1647744853
|gametype|singles
|player|p1|Hydreigon > Latias|guitarist|1621
|player|p2|pif|#uutrio2ladder|1698
|teamsize|p1|6
|teamsize|p2|6
|gen|8
|tier|[Gen 8] UU
|rated|
|rule|Sleep Clause Mod: Limit one foe put to sleep
|rule|Species Clause: Limit one of each Pokémon
|rule|OHKO Clause: OHKO moves are banned
|rule|Evasion Moves Clause: Evasion moves are banned
|rule|Endless Battle Clause: Forcing endless battles is banned
|rule|HP Percentage Mod: HP is shown in percentages
|rule|Dynamax Clause: You cannot dynamax
|clearpoke
|poke|p1|Chansey, F|
|poke|p1|Salamence, F|
|poke|p1|Tangrowth, M|
|poke|p1|Quagsire, M|
|poke|p1|Umbreon, M|
|poke|p1|Registeel|
|poke|p2|Conkeldurr, M|
|poke|p2|Tangrowth, F|
|poke|p2|Aegislash, F|
|poke|p2|Swampert, F|
|poke|p2|Mandibuzz, F|
|poke|p2|Zygarde-10%|
|teampreview
|c|☆Hydreigon > Latias|crap
|c|☆pif|hf
|c|☆Hydreigon > Latias|u 2
|j| hariyana grande
|
|t:|1647744887
|start
|switch|p1a: Tangrowth|Tangrowth, M|100/100
|switch|p2a: Tangrowth|Tangrowth, F|100/100
|turn|1
|
|t:|1647744904
|move|p2a: Tangrowth|Knock Off|p1a: Tangrowth
|-damage|p1a: Tangrowth|86/100
|-enditem|p1a: Tangrowth|Assault Vest|[from] move: Knock Off|[of] p2a: Tangrowth
|move|p1a: Tangrowth|Sludge Bomb|p2a: Tangrowth
|-supereffective|p2a: Tangrowth
|-crit|p2a: Tangrowth
|-damage|p2a: Tangrowth|55/100
|-status|p2a: Tangrowth|psn
|
|-damage|p2a: Tangrowth|43/100 psn|[from] psn
|upkeep
|turn|2
|l| hariyana grande
|j|+udongirl
|
|t:|1647744940
|switch|p2a: Conkeldurr|Conkeldurr, M|100/100
|move|p1a: Tangrowth|Knock Off|p2a: Conkeldurr
|-resisted|p2a: Conkeldurr
|-damage|p2a: Conkeldurr|90/100
|-enditem|p2a: Conkeldurr|Leftovers|[from] move: Knock Off|[of] p1a: Tangrowth
|
|upkeep
|turn|3
|
|t:|1647744948
|move|p2a: Conkeldurr|Bulk Up|p2a: Conkeldurr
|-boost|p2a: Conkeldurr|atk|1
|-boost|p2a: Conkeldurr|def|1
|move|p1a: Tangrowth|Power Whip|p2a: Conkeldurr
|-damage|p2a: Conkeldurr|67/100
|
|upkeep
|turn|4
|
|t:|1647744953
|switch|p1a: Quagsire|Quagsire, M|100/100
|move|p2a: Conkeldurr|Knock Off|p1a: Quagsire
|-damage|p1a: Quagsire|79/100
|-enditem|p1a: Quagsire|Leftovers|[from] move: Knock Off|[of] p2a: Conkeldurr
|
|upkeep
|turn|5
|
|t:|1647744964
|move|p2a: Conkeldurr|Drain Punch|p1a: Quagsire
|-damage|p1a: Quagsire|50/100
|-heal|p2a: Conkeldurr|81/100|[from] drain|[of] p1a: Quagsire
|move|p1a: Quagsire|Toxic|p2a: Conkeldurr
|-status|p2a: Conkeldurr|tox
|
|-damage|p2a: Conkeldurr|75/100 tox|[from] psn
|upkeep
|turn|6
|j| hariyana grande
|
|t:|1647744973
|move|p2a: Conkeldurr|Drain Punch|p1a: Quagsire
|-damage|p1a: Quagsire|7/100
|-heal|p2a: Conkeldurr|96/100 tox|[from] drain|[of] p1a: Quagsire
|move|p1a: Quagsire|Recover|p1a: Quagsire
|-heal|p1a: Quagsire|57/100
|
|-damage|p2a: Conkeldurr|84/100 tox|[from] psn
|upkeep
|turn|7
|
|t:|1647744989
|switch|p2a: Tangrowth|Tangrowth, F|76/100 psn
|switch|p1a: Salamence|Salamence, F|100/100
|-ability|p1a: Salamence|Intimidate|boost
|-unboost|p2a: Tangrowth|atk|1
|
|-damage|p2a: Tangrowth|64/100 psn|[from] psn
|upkeep
|turn|8
|
|t:|1647744995
|switch|p2a: Swampert|Swampert, F|100/100
|move|p1a: Salamence|Dual Wingbeat|p2a: Swampert
|-damage|p2a: Swampert|88/100
|-damage|p2a: Swampert|75/100
|-hitcount|p2a: Swampert|2
|
|-heal|p2a: Swampert|81/100|[from] item: Leftovers
|upkeep
|turn|9
|
|t:|1647744999
|switch|p1a: Chansey|Chansey, F|100/100
|move|p2a: Swampert|Stealth Rock|p1a: Chansey
|-sidestart|p1: Hydreigon > Latias|move: Stealth Rock
|
|-heal|p2a: Swampert|87/100|[from] item: Leftovers
|upkeep
|turn|10
|
|t:|1647745006
|move|p2a: Swampert|Flip Turn|p1a: Chansey
|-damage|p1a: Chansey|87/100
|
|t:|1647745009
|switch|p2a: Conkeldurr|Conkeldurr, M|84/100 tox|[from]move: Flip Turn
|move|p1a: Chansey|Stealth Rock|p2a: Conkeldurr
|-sidestart|p2: pif|move: Stealth Rock
|
|-damage|p2a: Conkeldurr|78/100 tox|[from] psn
|upkeep
|turn|11
|
|t:|1647745013
|switch|p1a: Salamence|Salamence, F|100/100
|-ability|p1a: Salamence|Intimidate|boost
|-unboost|p2a: Conkeldurr|atk|1
|move|p2a: Conkeldurr|Knock Off|p1a: Salamence
|-damage|p1a: Salamence|71/100
|-enditem|p1a: Salamence|Heavy-Duty Boots|[from] move: Knock Off|[of] p2a: Conkeldurr
|
|-damage|p2a: Conkeldurr|66/100 tox|[from] psn
|upkeep
|turn|12
|
|t:|1647745020
|switch|p2a: Swampert|Swampert, F|87/100
|-damage|p2a: Swampert|81/100|[from] Stealth Rock
|move|p1a: Salamence|Roost|p1a: Salamence
|-heal|p1a: Salamence|100/100
|-singleturn|p1a: Salamence|move: Roost
|
|-heal|p2a: Swampert|87/100|[from] item: Leftovers
|upkeep
|turn|13
|
|t:|1647745024
|switch|p1a: Tangrowth|Tangrowth, M|100/100
|-damage|p1a: Tangrowth|88/100|[from] Stealth Rock
|move|p2a: Swampert|Toxic|p1a: Tangrowth
|-status|p1a: Tangrowth|tox
|
|-heal|p2a: Swampert|93/100|[from] item: Leftovers
|-damage|p1a: Tangrowth|82/100 tox|[from] psn
|upkeep
|turn|14
|
|t:|1647745029
|move|p2a: Swampert|Flip Turn|p1a: Tangrowth
|-resisted|p1a: Tangrowth
|-damage|p1a: Tangrowth|75/100 tox
|
|t:|1647745036
|switch|p2a: Tangrowth|Tangrowth, F|97/100 psn|[from]move: Flip Turn
|-damage|p2a: Tangrowth|85/100 psn|[from] Stealth Rock
|move|p1a: Tangrowth|Knock Off|p2a: Tangrowth
|-damage|p2a: Tangrowth|70/100 psn
|-enditem|p2a: Tangrowth|Assault Vest|[from] move: Knock Off|[of] p1a: Tangrowth
|
|-damage|p2a: Tangrowth|57/100 psn|[from] psn
|-damage|p1a: Tangrowth|62/100 tox|[from] psn
|upkeep
|turn|15
|
|t:|1647745047
|move|p2a: Tangrowth|Sludge Bomb|p1a: Tangrowth
|-supereffective|p1a: Tangrowth
|-damage|p1a: Tangrowth|22/100 tox
|move|p1a: Tangrowth|Sludge Bomb|p2a: Tangrowth
|-supereffective|p2a: Tangrowth
|-damage|p2a: Tangrowth|14/100 psn
|
|-damage|p2a: Tangrowth|2/100 psn|[from] psn
|-damage|p1a: Tangrowth|3/100 tox|[from] psn
|upkeep
|turn|16
|
|t:|1647745060
|switch|p2a: Swampert|Swampert, F|93/100
|-damage|p2a: Swampert|87/100|[from] Stealth Rock
|switch|p1a: Registeel|Registeel|100/100
|-damage|p1a: Registeel|94/100|[from] Stealth Rock
|
|-heal|p2a: Swampert|93/100|[from] item: Leftovers
|-heal|p1a: Registeel|100/100|[from] item: Leftovers
|upkeep
|turn|17
|
|t:|1647745071
|switch|p1a: Tangrowth|Tangrowth, M|37/100 tox
|-damage|p1a: Tangrowth|24/100 tox|[from] Stealth Rock
|move|p2a: Swampert|Flip Turn|p1a: Tangrowth
|-resisted|p1a: Tangrowth
|-damage|p1a: Tangrowth|17/100 tox
|
|t:|1647745083
|switch|p2a: Zygarde|Zygarde-10%|100/100|[from]move: Flip Turn
|-damage|p2a: Zygarde|94/100|[from] Stealth Rock
|-ability|p2a: Zygarde|Aura Break
|
|-damage|p1a: Tangrowth|11/100 tox|[from] psn
|upkeep
|turn|18
|
|t:|1647745089
|switch|p1a: Umbreon|Umbreon, M|100/100
|-damage|p1a: Umbreon|88/100|[from] Stealth Rock
|move|p2a: Zygarde|Superpower|p1a: Umbreon
|-supereffective|p1a: Umbreon
|-damage|p1a: Umbreon|26/100
|-unboost|p2a: Zygarde|atk|1
|-unboost|p2a: Zygarde|def|1
|
|-heal|p1a: Umbreon|33/100|[from] item: Leftovers
|upkeep
|turn|19
|j| JamaicanRillabeezy
|
|t:|1647745095
|move|p1a: Umbreon|Protect|p1a: Umbreon
|-singleturn|p1a: Umbreon|Protect
|move|p2a: Zygarde|Superpower|p1a: Umbreon
|-activate|p1a: Umbreon|move: Protect
|
|-heal|p1a: Umbreon|39/100|[from] item: Leftovers
|upkeep
|turn|20
|c| JamaicanRillabeezy|Yooo
|c| JamaicanRillabeezy|the homies
|
|t:|1647745106
|switch|p2a: Swampert|Swampert, F|93/100
|-damage|p2a: Swampert|87/100|[from] Stealth Rock
|switch|p1a: Tangrowth|Tangrowth, M|44/100 tox
|-damage|p1a: Tangrowth|32/100 tox|[from] Stealth Rock
|
|-heal|p2a: Swampert|93/100|[from] item: Leftovers
|-damage|p1a: Tangrowth|25/100 tox|[from] psn
|upkeep
|turn|21
|c| JamaicanRillabeezy|Pif what team is this
|
|t:|1647745112
|move|p2a: Swampert|Flip Turn|p1a: Tangrowth
|-resisted|p1a: Tangrowth
|-damage|p1a: Tangrowth|18/100 tox
|c|☆pif|a good one!
|c|☆pif|maybe
|
|t:|1647745123
|switch|p2a: Mandibuzz|Mandibuzz, F|100/100|[from]move: Flip Turn
|move|p1a: Tangrowth|Synthesis|p1a: Tangrowth
|-heal|p1a: Tangrowth|68/100 tox
|
|-damage|p1a: Tangrowth|55/100 tox|[from] psn
|upkeep
|turn|22
|c| JamaicanRillabeezy|Everything you dish out is good
|c| JamaicanRillabeezy|lmao
|
|t:|1647745130
|move|p2a: Mandibuzz|U-turn|p1a: Tangrowth
|-supereffective|p1a: Tangrowth
|-damage|p1a: Tangrowth|41/100 tox
|c|+udongirl|maybe。。。
|c| JamaicanRillabeezy|Some zygarde + Aegi bulky offensive
|l| hariyana grande
|
|t:|1647745168
|switch|p2a: Conkeldurr|Conkeldurr, M|66/100 tox|[from]move: U-turn
|-damage|p2a: Conkeldurr|60/100 tox|[from] Stealth Rock
|move|p1a: Tangrowth|Synthesis|p1a: Tangrowth
|-heal|p1a: Tangrowth|91/100 tox
|
|-damage|p2a: Conkeldurr|54/100 tox|[from] psn
|-damage|p1a: Tangrowth|73/100 tox|[from] psn
|upkeep
|turn|23
|j| hariyana grande
|
|t:|1647745180
|switch|p1a: Salamence|Salamence, F|100/100
|-damage|p1a: Salamence|76/100|[from] Stealth Rock
|-ability|p1a: Salamence|Intimidate|boost
|-unboost|p2a: Conkeldurr|atk|1
|move|p2a: Conkeldurr|Drain Punch|p1a: Salamence
|-resisted|p1a: Salamence
|-damage|p1a: Salamence|58/100
|-heal|p2a: Conkeldurr|63/100 tox|[from] drain|[of] p1a: Salamence
|
|-damage|p2a: Conkeldurr|51/100 tox|[from] psn
|upkeep
|turn|24
|
|t:|1647745188
|switch|p2a: Swampert|Swampert, F|93/100
|-damage|p2a: Swampert|87/100|[from] Stealth Rock
|move|p1a: Salamence|Roost|p1a: Salamence
|-heal|p1a: Salamence|100/100
|-singleturn|p1a: Salamence|move: Roost
|
|-heal|p2a: Swampert|93/100|[from] item: Leftovers
|upkeep
|turn|25
|c| JamaicanRillabeezy|Leftovers conk better than flame orb?
|
|t:|1647745209
|switch|p1a: Tangrowth|Tangrowth, M|100/100 tox
|-damage|p1a: Tangrowth|88/100 tox|[from] Stealth Rock
|move|p2a: Swampert|Flip Turn|p1a: Tangrowth
|-resisted|p1a: Tangrowth
|-damage|p1a: Tangrowth|81/100 tox
|c|☆Hydreigon > Latias|its longetivity
|
|t:|1647745228
|switch|p2a: Tangrowth|Tangrowth, F|35/100 psn|[from]move: Flip Turn
|-damage|p2a: Tangrowth|23/100 psn|[from] Stealth Rock
|
|-damage|p2a: Tangrowth|10/100 psn|[from] psn
|-damage|p1a: Tangrowth|75/100 tox|[from] psn
|upkeep
|turn|26
|
|t:|1647745234
|switch|p2a: Mandibuzz|Mandibuzz, F|100/100
|move|p1a: Tangrowth|Knock Off|p2a: Mandibuzz
|-resisted|p2a: Mandibuzz
|-damage|p2a: Mandibuzz|94/100
|-enditem|p2a: Mandibuzz|Heavy-Duty Boots|[from] move: Knock Off|[of] p1a: Tangrowth
|
|-damage|p1a: Tangrowth|63/100 tox|[from] psn
|upkeep
|turn|27
|
|t:|1647745244
|move|p2a: Mandibuzz|U-turn|p1a: Tangrowth
|-supereffective|p1a: Tangrowth
|-damage|p1a: Tangrowth|48/100 tox
|
|t:|1647745255
|switch|p2a: Swampert|Swampert, F|93/100|[from]move: U-turn
|-damage|p2a: Swampert|87/100|[from] Stealth Rock
|move|p1a: Tangrowth|Synthesis|p1a: Tangrowth
|-heal|p1a: Tangrowth|98/100 tox
|
|-heal|p2a: Swampert|93/100|[from] item: Leftovers
|-damage|p1a: Tangrowth|79/100 tox|[from] psn
|upkeep
|turn|28
|
|t:|1647745262
|move|p2a: Swampert|Flip Turn|p1a: Tangrowth
|-resisted|p1a: Tangrowth
|-damage|p1a: Tangrowth|72/100 tox
|
|t:|1647745265
|switch|p2a: Mandibuzz|Mandibuzz, F|94/100|[from]move: Flip Turn
|-damage|p2a: Mandibuzz|69/100|[from] Stealth Rock
|move|p1a: Tangrowth|Sludge Bomb|p2a: Mandibuzz
|-damage|p2a: Mandibuzz|51/100
|-status|p2a: Mandibuzz|psn
|
|-damage|p2a: Mandibuzz|39/100 psn|[from] psn
|-damage|p1a: Tangrowth|47/100 tox|[from] psn
|upkeep
|turn|29
|
|t:|1647745273
|move|p2a: Mandibuzz|Roost|p2a: Mandibuzz
|-heal|p2a: Mandibuzz|89/100 psn
|-singleturn|p2a: Mandibuzz|move: Roost
|move|p1a: Tangrowth|Synthesis|p1a: Tangrowth
|-heal|p1a: Tangrowth|97/100 tox
|
|-damage|p2a: Mandibuzz|77/100 psn|[from] psn
|-damage|p1a: Tangrowth|66/100 tox|[from] psn
|upkeep
|turn|30
|c| JamaicanRillabeezy|Cool
|
|t:|1647745284
|switch|p1a: Registeel|Registeel|100/100
|-damage|p1a: Registeel|94/100|[from] Stealth Rock
|move|p2a: Mandibuzz|U-turn|p1a: Registeel
|-resisted|p1a: Registeel
|-damage|p1a: Registeel|92/100
|
|t:|1647745293
|switch|p2a: Zygarde|Zygarde-10%|94/100|[from]move: U-turn
|-damage|p2a: Zygarde|88/100|[from] Stealth Rock
|-ability|p2a: Zygarde|Aura Break
|
|-heal|p1a: Registeel|98/100|[from] item: Leftovers
|upkeep
|turn|31
|
|t:|1647745300
|switch|p1a: Tangrowth|Tangrowth, M|99/100 tox
|-damage|p1a: Tangrowth|87/100 tox|[from] Stealth Rock
|move|p2a: Zygarde|Outrage|p1a: Tangrowth
|-damage|p1a: Tangrowth|34/100 tox
|
|-damage|p1a: Tangrowth|28/100 tox|[from] psn
|upkeep
|turn|32
|
|t:|1647745308
|switch|p1a: Registeel|Registeel|98/100
|-damage|p1a: Registeel|92/100|[from] Stealth Rock
|move|p2a: Zygarde|Outrage|p1a: Registeel|[from]lockedmove
|-resisted|p1a: Registeel
|-damage|p1a: Registeel|73/100
|-start|p2a: Zygarde|confusion|[fatigue]
|
|-heal|p1a: Registeel|79/100|[from] item: Leftovers
|upkeep
|turn|33
|
|t:|1647745322
|switch|p2a: Swampert|Swampert, F|93/100
|-damage|p2a: Swampert|87/100|[from] Stealth Rock
|switch|p1a: Umbreon|Umbreon, M|39/100
|-damage|p1a: Umbreon|26/100|[from] Stealth Rock
|
|-heal|p1a: Umbreon|32/100|[from] item: Leftovers
|-heal|p2a: Swampert|93/100|[from] item: Leftovers
|upkeep
|turn|34
|
|t:|1647745331
|move|p1a: Umbreon|Wish|p1a: Umbreon
|move|p2a: Swampert|Toxic|p1a: Umbreon
|-status|p1a: Umbreon|tox
|
|-heal|p1a: Umbreon|38/100 tox|[from] item: Leftovers
|-heal|p2a: Swampert|99/100|[from] item: Leftovers
|-damage|p1a: Umbreon|32/100 tox|[from] psn
|upkeep
|turn|35
|
|t:|1647745343
|move|p1a: Umbreon|Heal Bell|p1a: Umbreon
|-activate|p1a: Umbreon|move: Heal Bell
|-curestatus|p1a: Umbreon|tox|[msg]
|-curestatus|p1: Tangrowth|tox|[msg]
|move|p2a: Swampert|Flip Turn|p1a: Umbreon
|-damage|p1a: Umbreon|20/100
|c|+udongirl|why not synchronize
|
|t:|1647745350
|switch|p2a: Tangrowth|Tangrowth, F|44/100 psn|[from]move: Flip Turn
|-damage|p2a: Tangrowth|31/100 psn|[from] Stealth Rock
|
|-heal|p1a: Umbreon|70/100|[from] move: Wish|[wisher] Umbreon
|-heal|p1a: Umbreon|76/100|[from] item: Leftovers
|-damage|p2a: Tangrowth|19/100 psn|[from] psn
|upkeep
|turn|36
|c|☆Hydreigon > Latias|prob better against mamo
|c| JamaicanRillabeezy|Jirachi?
|c|☆Hydreigon > Latias|idk ask pif
|c|☆Hydreigon > Latias|they made the team
|
|t:|1647745369
|switch|p2a: Aegislash|Aegislash, F|100/100
|-damage|p2a: Aegislash|94/100|[from] Stealth Rock
|move|p1a: Umbreon|Foul Play|p2a: Aegislash
|-supereffective|p2a: Aegislash
|-damage|p2a: Aegislash|73/100
|
|-heal|p1a: Umbreon|82/100|[from] item: Leftovers
|-heal|p2a: Aegislash|79/100|[from] item: Leftovers
|upkeep
|turn|37
|c| JamaicanRillabeezy|Jirachi can flinch you to death og
|c| JamaicanRillabeezy|ig
|c| hariyana grande|better for gyarados and rachi and mamo yeah
|c|☆Hydreigon > Latias|mamo to
|
|t:|1647745401
|switch|p1a: Registeel|Registeel|79/100
|-damage|p1a: Registeel|73/100|[from] Stealth Rock
|move|p2a: Aegislash|Toxic|p1a: Registeel
|-immune|p1a: Registeel
|
|-heal|p2a: Aegislash|86/100|[from] item: Leftovers
|-heal|p1a: Registeel|79/100|[from] item: Leftovers
|upkeep
|turn|38
|c| JamaicanRillabeezy|what if gyara got liquidate
|
|t:|1647745411
|-formechange|p2a: Aegislash|Aegislash-Blade||[from] ability: Stance Change
|move|p2a: Aegislash|Shadow Ball|p1a: Registeel
|-damage|p1a: Registeel|49/100
|move|p1a: Registeel|Iron Defense|p1a: Registeel
|-boost|p1a: Registeel|def|2
|
|-heal|p2a: Aegislash|92/100|[from] item: Leftovers
|-heal|p1a: Registeel|55/100|[from] item: Leftovers
|upkeep
|turn|39
|
|t:|1647745422
|move|p2a: Aegislash|Shadow Ball|p1a: Registeel
|-damage|p1a: Registeel|23/100
|move|p1a: Registeel|Rest|p1a: Registeel
|-status|p1a: Registeel|slp|[from] move: Rest
|-heal|p1a: Registeel|100/100 slp|[silent]
|
|-heal|p2a: Aegislash|98/100|[from] item: Leftovers
|upkeep
|turn|40
|
|t:|1647745429
|switch|p2a: Tangrowth|Tangrowth, F|52/100 psn
|-damage|p2a: Tangrowth|40/100 psn|[from] Stealth Rock
|cant|p1a: Registeel|slp
|
|-damage|p2a: Tangrowth|28/100 psn|[from] psn
|upkeep
|turn|41
|
|t:|1647745440
|switch|p1a: Tangrowth|Tangrowth, M|61/100
|-damage|p1a: Tangrowth|49/100|[from] Stealth Rock
|move|p2a: Tangrowth|Knock Off|p1a: Tangrowth
|-damage|p1a: Tangrowth|39/100
|
|-damage|p2a: Tangrowth|16/100 psn|[from] psn
|upkeep
|turn|42
|
|t:|1647745449
|switch|p1a: Umbreon|Umbreon, M|82/100
|-damage|p1a: Umbreon|69/100|[from] Stealth Rock
|move|p2a: Tangrowth|Knock Off|p1a: Umbreon
|-resisted|p1a: Umbreon
|-damage|p1a: Umbreon|63/100
|-enditem|p1a: Umbreon|Leftovers|[from] move: Knock Off|[of] p2a: Tangrowth
|
|-damage|p2a: Tangrowth|3/100 psn|[from] psn
|upkeep
|turn|43
|
|t:|1647745456
|switch|p2a: Aegislash|Aegislash, F|98/100
|-damage|p2a: Aegislash|92/100|[from] Stealth Rock
|move|p1a: Umbreon|Wish|p1a: Umbreon
|
|-heal|p2a: Aegislash|98/100|[from] item: Leftovers
|upkeep
|turn|44
|c| hariyana grande|how
|
|t:|1647745463
|move|p1a: Umbreon|Heal Bell|p1a: Umbreon
|-activate|p1a: Umbreon|move: Heal Bell
|-curestatus|p1: Registeel|slp|[msg]
|move|p2a: Aegislash|Toxic|p1a: Umbreon
|-status|p1a: Umbreon|tox
|
|-heal|p1a: Umbreon|100/100 tox|[from] move: Wish|[wisher] Umbreon
|-heal|p2a: Aegislash|100/100|[from] item: Leftovers
|-damage|p1a: Umbreon|94/100 tox|[from] psn
|upkeep
|turn|45
|
|t:|1647745471
|switch|p1a: Registeel|Registeel|100/100
|-damage|p1a: Registeel|94/100|[from] Stealth Rock
|move|p2a: Aegislash|Toxic|p1a: Registeel
|-immune|p1a: Registeel
|
|-heal|p1a: Registeel|100/100|[from] item: Leftovers
|upkeep
|turn|46
|
|t:|1647745474
|-formechange|p2a: Aegislash|Aegislash-Blade||[from] ability: Stance Change
|move|p2a: Aegislash|Shadow Ball|p1a: Registeel
|-damage|p1a: Registeel|68/100
|move|p1a: Registeel|Iron Defense|p1a: Registeel
|-boost|p1a: Registeel|def|2
|
|-heal|p1a: Registeel|74/100|[from] item: Leftovers
|upkeep
|turn|47
|
|t:|1647745477
|move|p2a: Aegislash|Shadow Ball|p1a: Registeel
|-crit|p1a: Registeel
|-damage|p1a: Registeel|30/100
|move|p1a: Registeel|Amnesia|p1a: Registeel
|-boost|p1a: Registeel|spd|2
|
|-heal|p1a: Registeel|36/100|[from] item: Leftovers
|upkeep
|turn|48
|
|t:|1647745481
|move|p2a: Aegislash|Shadow Ball|p1a: Registeel
|-damage|p1a: Registeel|20/100
|move|p1a: Registeel|Rest|p1a: Registeel
|-status|p1a: Registeel|slp|[from] move: Rest
|-heal|p1a: Registeel|100/100 slp|[silent]
|
|upkeep
|turn|49
|
|t:|1647745483
|switch|p2a: Tangrowth|Tangrowth, F|37/100 psn
|-damage|p2a: Tangrowth|24/100 psn|[from] Stealth Rock
|cant|p1a: Registeel|slp
|
|-damage|p2a: Tangrowth|12/100 psn|[from] psn
|upkeep
|turn|50
|
|t:|1647745487
|switch|p2a: Aegislash|Aegislash, F|100/100
|-damage|p2a: Aegislash|94/100|[from] Stealth Rock
|cant|p1a: Registeel|slp
|
|-heal|p2a: Aegislash|100/100|[from] item: Leftovers
|upkeep
|turn|51
|
|t:|1647745490
|-formechange|p2a: Aegislash|Aegislash-Blade||[from] ability: Stance Change
|move|p2a: Aegislash|Shadow Ball|p1a: Registeel
|-damage|p1a: Registeel|86/100 slp
|-curestatus|p1a: Registeel|slp|[msg]
|move|p1a: Registeel|Iron Defense|p1a: Registeel
|-boost|p1a: Registeel|def|2
|
|-heal|p1a: Registeel|92/100|[from] item: Leftovers
|upkeep
|turn|52
|
|t:|1647745493
|move|p2a: Aegislash|Shadow Ball|p1a: Registeel
|-damage|p1a: Registeel|74/100
|move|p1a: Registeel|Amnesia|p1a: Registeel
|-boost|p1a: Registeel|spd|2
|
|-heal|p1a: Registeel|80/100|[from] item: Leftovers
|upkeep
|turn|53
|
|t:|1647745496
|move|p2a: Aegislash|Shadow Ball|p1a: Registeel
|-damage|p1a: Registeel|69/100
|move|p1a: Registeel|Amnesia|p1a: Registeel
|-boost|p1a: Registeel|spd|2
|
|-heal|p1a: Registeel|75/100|[from] item: Leftovers
|upkeep
|turn|54
|
|t:|1647745498
|move|p2a: Aegislash|Shadow Ball|p1a: Registeel
|-damage|p1a: Registeel|68/100
|move|p1a: Registeel|Iron Defense|p1a: Registeel
|-boost|p1a: Registeel|def|2
|
|-heal|p1a: Registeel|74/100|[from] item: Leftovers
|upkeep
|turn|55
|
|t:|1647745501
|move|p2a: Aegislash|Shadow Ball|p1a: Registeel
|-damage|p1a: Registeel|66/100
|move|p1a: Registeel|Iron Defense|p1a: Registeel
|-boost|p1a: Registeel|def|0
|
|-heal|p1a: Registeel|72/100|[from] item: Leftovers
|upkeep
|turn|56
|
|t:|1647745504
|move|p2a: Aegislash|Shadow Ball|p1a: Registeel
|-damage|p1a: Registeel|63/100
|move|p1a: Registeel|Amnesia|p1a: Registeel
|-boost|p1a: Registeel|spd|0
|
|-heal|p1a: Registeel|69/100|[from] item: Leftovers
|upkeep
|turn|57
|
|t:|1647745507
|move|p2a: Aegislash|Shadow Ball|p1a: Registeel
|-damage|p1a: Registeel|61/100
|move|p1a: Registeel|Amnesia|p1a: Registeel
|-boost|p1a: Registeel|spd|0
|
|-heal|p1a: Registeel|67/100|[from] item: Leftovers
|upkeep
|turn|58
|
|t:|1647745510
|move|p2a: Aegislash|Shadow Ball|p1a: Registeel
|-damage|p1a: Registeel|59/100
|move|p1a: Registeel|Amnesia|p1a: Registeel
|-boost|p1a: Registeel|spd|0
|
|-heal|p1a: Registeel|65/100|[from] item: Leftovers
|upkeep
|turn|59
|
|t:|1647745512
|move|p2a: Aegislash|Shadow Ball|p1a: Registeel
|-damage|p1a: Registeel|57/100
|move|p1a: Registeel|Amnesia|p1a: Registeel
|-boost|p1a: Registeel|spd|0
|
|-heal|p1a: Registeel|63/100|[from] item: Leftovers
|upkeep
|turn|60
|
|t:|1647745515
|move|p2a: Aegislash|Toxic|p1a: Registeel
|-immune|p1a: Registeel
|move|p1a: Registeel|Amnesia|p1a: Registeel
|-boost|p1a: Registeel|spd|0
|
|-heal|p1a: Registeel|69/100|[from] item: Leftovers
|upkeep
|turn|61
|
|t:|1647745520
|move|p2a: Aegislash|Toxic|p1a: Registeel|[miss]
|-miss|p2a: Aegislash|p1a: Registeel
|move|p1a: Registeel|Amnesia|p1a: Registeel
|-boost|p1a: Registeel|spd|0
|
|-heal|p1a: Registeel|75/100|[from] item: Leftovers
|upkeep
|turn|62
|
|t:|1647745525
|move|p2a: Aegislash|Toxic|p1a: Registeel
|-immune|p1a: Registeel
|move|p1a: Registeel|Amnesia|p1a: Registeel
|-boost|p1a: Registeel|spd|0
|
|-heal|p1a: Registeel|81/100|[from] item: Leftovers
|upkeep
|turn|63
|
|t:|1647745528
|switch|p2a: Tangrowth|Tangrowth, F|45/100 psn
|-damage|p2a: Tangrowth|33/100 psn|[from] Stealth Rock
|move|p1a: Registeel|Body Press|p2a: Tangrowth
|-damage|p2a: Tangrowth|0 fnt
|faint|p2a: Tangrowth
|
|-heal|p1a: Registeel|87/100|[from] item: Leftovers
|upkeep
|c|☆pif|how
|
|t:|1647745536
|switch|p2a: Aegislash|Aegislash, F|100/100
|-damage|p2a: Aegislash|94/100|[from] Stealth Rock
|turn|64
|
|t:|1647745542
|move|p2a: Aegislash|King's Shield|p2a: Aegislash
|-singleturn|p2a: Aegislash|Protect
|move|p1a: Registeel|Amnesia|p1a: Registeel
|-boost|p1a: Registeel|spd|0
|
|-heal|p2a: Aegislash|100/100|[from] item: Leftovers
|-heal|p1a: Registeel|93/100|[from] item: Leftovers
|upkeep
|turn|65
|c|☆Hydreigon > Latias|i watched u do this on stream to...
|
|t:|1647745549
|move|p2a: Aegislash|Toxic|p1a: Registeel|[miss]
|-miss|p2a: Aegislash|p1a: Registeel
|move|p1a: Registeel|Iron Defense|p1a: Registeel
|-boost|p1a: Registeel|def|0
|
|-heal|p1a: Registeel|99/100|[from] item: Leftovers
|upkeep
|turn|66
|
|t:|1647745552
|move|p2a: Aegislash|King's Shield|p2a: Aegislash
|-singleturn|p2a: Aegislash|Protect
|move|p1a: Registeel|Amnesia|p1a: Registeel
|-boost|p1a: Registeel|spd|0
|
|-heal|p1a: Registeel|100/100|[from] item: Leftovers
|upkeep
|turn|67
|
|t:|1647745556
|move|p2a: Aegislash|King's Shield||[still]
|-fail|p2a: Aegislash
|move|p1a: Registeel|Amnesia|p1a: Registeel
|-boost|p1a: Registeel|spd|0
|
|upkeep
|turn|68
|
|t:|1647745560
|move|p2a: Aegislash|King's Shield|p2a: Aegislash
|-singleturn|p2a: Aegislash|Protect
|move|p1a: Registeel|Amnesia|p1a: Registeel
|-boost|p1a: Registeel|spd|0
|
|upkeep
|turn|69
|
|t:|1647745566
|switch|p2a: Swampert|Swampert, F|99/100
|-damage|p2a: Swampert|93/100|[from] Stealth Rock
|move|p1a: Registeel|Amnesia|p1a: Registeel
|-boost|p1a: Registeel|spd|0
|
|-heal|p2a: Swampert|99/100|[from] item: Leftovers
|upkeep
|turn|70
|
|t:|1647745569
|move|p2a: Swampert|Flip Turn|p1a: Registeel
|-damage|p1a: Registeel|98/100
|
|t:|1647745570
|switch|p2a: Aegislash|Aegislash, F|100/100|[from]move: Flip Turn
|-damage|p2a: Aegislash|94/100|[from] Stealth Rock
|move|p1a: Registeel|Body Press|p2a: Aegislash
|-immune|p2a: Aegislash
|
|-heal|p2a: Aegislash|100/100|[from] item: Leftovers
|-heal|p1a: Registeel|100/100|[from] item: Leftovers
|upkeep
|turn|71
|
|t:|1647745573
|switch|p2a: Swampert|Swampert, F|99/100
|-damage|p2a: Swampert|93/100|[from] Stealth Rock
|move|p1a: Registeel|Amnesia|p1a: Registeel
|-boost|p1a: Registeel|spd|0
|
|-heal|p2a: Swampert|99/100|[from] item: Leftovers
|upkeep
|turn|72
|
|t:|1647745574
|move|p2a: Swampert|Flip Turn|p1a: Registeel
|-damage|p1a: Registeel|97/100
|
|t:|1647745576
|switch|p2a: Aegislash|Aegislash, F|100/100|[from]move: Flip Turn
|-damage|p2a: Aegislash|94/100|[from] Stealth Rock
|move|p1a: Registeel|Amnesia|p1a: Registeel
|-boost|p1a: Registeel|spd|0
|
|-heal|p2a: Aegislash|100/100|[from] item: Leftovers
|-heal|p1a: Registeel|100/100|[from] item: Leftovers
|upkeep
|turn|73
|
|t:|1647745579
|move|p2a: Aegislash|King's Shield|p2a: Aegislash
|-singleturn|p2a: Aegislash|Protect
|move|p1a: Registeel|Amnesia|p1a: Registeel
|-boost|p1a: Registeel|spd|0
|
|upkeep
|turn|74
|
|t:|1647745581
|move|p2a: Aegislash|King's Shield|p2a: Aegislash
|-singleturn|p2a: Aegislash|Protect
|move|p1a: Registeel|Amnesia|p1a: Registeel
|-boost|p1a: Registeel|spd|0
|
|upkeep
|turn|75
|
|t:|1647745582
|move|p2a: Aegislash|Toxic|p1a: Registeel|[miss]
|-miss|p2a: Aegislash|p1a: Registeel
|move|p1a: Registeel|Body Press|p2a: Aegislash
|-immune|p2a: Aegislash
|
|upkeep
|turn|76
|
|t:|1647745585
|move|p2a: Aegislash|Substitute|p2a: Aegislash
|-start|p2a: Aegislash|Substitute
|-damage|p2a: Aegislash|76/100
|move|p1a: Registeel|Amnesia|p1a: Registeel
|-boost|p1a: Registeel|spd|0
|
|-heal|p2a: Aegislash|82/100|[from] item: Leftovers
|upkeep
|turn|77
|
|t:|1647745588
|move|p2a: Aegislash|Substitute|p2a: Aegislash
|-fail|p2a: Aegislash|move: Substitute
|move|p1a: Registeel|Iron Defense|p1a: Registeel
|-boost|p1a: Registeel|def|0
|
|-heal|p2a: Aegislash|88/100|[from] item: Leftovers
|upkeep
|turn|78
|
|t:|1647745590
|move|p2a: Aegislash|Substitute|p2a: Aegislash
|-fail|p2a: Aegislash|move: Substitute
|move|p1a: Registeel|Amnesia|p1a: Registeel
|-boost|p1a: Registeel|spd|0
|
|-heal|p2a: Aegislash|94/100|[from] item: Leftovers
|upkeep
|turn|79
|
|t:|1647745593
|move|p2a: Aegislash|Substitute|p2a: Aegislash
|-fail|p2a: Aegislash|move: Substitute
|move|p1a: Registeel|Iron Defense|p1a: Registeel
|-boost|p1a: Registeel|def|0
|
|-heal|p2a: Aegislash|100/100|[from] item: Leftovers
|upkeep
|turn|80
|
|t:|1647745597
|move|p2a: Aegislash|Substitute|p2a: Aegislash
|-fail|p2a: Aegislash|move: Substitute
|move|p1a: Registeel|Amnesia|p1a: Registeel
|-boost|p1a: Registeel|spd|0
|
|upkeep
|turn|81
|
|t:|1647745599
|move|p2a: Aegislash|Toxic|p1a: Registeel
|-immune|p1a: Registeel
|move|p1a: Registeel|Iron Defense|p1a: Registeel
|-boost|p1a: Registeel|def|0
|
|upkeep
|turn|82
|
|t:|1647745601
|switch|p2a: Swampert|Swampert, F|99/100
|-damage|p2a: Swampert|93/100|[from] Stealth Rock
|move|p1a: Registeel|Iron Defense|p1a: Registeel
|-boost|p1a: Registeel|def|0
|
|-heal|p2a: Swampert|99/100|[from] item: Leftovers
|upkeep
|turn|83
|j| quagysaurus
|
|t:|1647745605
|move|p2a: Swampert|Flip Turn|p1a: Registeel
|-damage|p1a: Registeel|97/100
|
|t:|1647745607
|switch|p2a: Aegislash|Aegislash, F|100/100|[from]move: Flip Turn
|-damage|p2a: Aegislash|94/100|[from] Stealth Rock
|move|p1a: Registeel|Rest|p1a: Registeel
|-status|p1a: Registeel|slp|[from] move: Rest
|-heal|p1a: Registeel|100/100 slp|[silent]
|
|-heal|p2a: Aegislash|100/100|[from] item: Leftovers
|upkeep
|turn|84
|
|t:|1647745619
|switch|p2a: Swampert|Swampert, F|99/100
|-damage|p2a: Swampert|93/100|[from] Stealth Rock
|cant|p1a: Registeel|slp
|
|-heal|p2a: Swampert|99/100|[from] item: Leftovers
|upkeep
|turn|85
|c|+udongirl|nice
|
|t:|1647745623
|move|p2a: Swampert|Earthquake|p1a: Registeel
|-supereffective|p1a: Registeel
|-damage|p1a: Registeel|90/100 slp
|cant|p1a: Registeel|slp
|
|-heal|p2a: Swampert|100/100|[from] item: Leftovers
|-heal|p1a: Registeel|96/100 slp|[from] item: Leftovers
|upkeep
|turn|86
|
|t:|1647745627
|switch|p2a: Aegislash|Aegislash, F|100/100
|-damage|p2a: Aegislash|94/100|[from] Stealth Rock
|-curestatus|p1a: Registeel|slp|[msg]
|move|p1a: Registeel|Iron Defense|p1a: Registeel
|-boost|p1a: Registeel|def|0
|
|-heal|p2a: Aegislash|100/100|[from] item: Leftovers
|-heal|p1a: Registeel|100/100|[from] item: Leftovers
|upkeep
|turn|87
|
|t:|1647745633
|move|p2a: Aegislash|Toxic|p1a: Registeel
|-immune|p1a: Registeel
|move|p1a: Registeel|Amnesia|p1a: Registeel
|-boost|p1a: Registeel|spd|0
|
|upkeep
|turn|88
|
|t:|1647745635
|move|p2a: Aegislash|King's Shield|p2a: Aegislash
|-singleturn|p2a: Aegislash|Protect
|move|p1a: Registeel|Amnesia|p1a: Registeel
|-boost|p1a: Registeel|spd|0
|
|upkeep
|turn|89
|
|t:|1647745638
|move|p2a: Aegislash|King's Shield||[still]
|-fail|p2a: Aegislash
|move|p1a: Registeel|Body Press|p2a: Aegislash
|-immune|p2a: Aegislash
|
|upkeep
|turn|90
|
|t:|1647745641
|move|p2a: Aegislash|King's Shield|p2a: Aegislash
|-singleturn|p2a: Aegislash|Protect
|move|p1a: Registeel|Iron Defense|p1a: Registeel
|-boost|p1a: Registeel|def|0
|
|upkeep
|turn|91
|
|t:|1647745643
|move|p2a: Aegislash|Toxic|p1a: Registeel
|-immune|p1a: Registeel
|move|p1a: Registeel|Iron Defense|p1a: Registeel
|-boost|p1a: Registeel|def|0
|
|upkeep
|turn|92
|
|t:|1647745645
|move|p2a: Aegislash|Substitute|p2a: Aegislash
|-start|p2a: Aegislash|Substitute
|-damage|p2a: Aegislash|76/100
|move|p1a: Registeel|Iron Defense|p1a: Registeel
|-boost|p1a: Registeel|def|0
|
|-heal|p2a: Aegislash|82/100|[from] item: Leftovers
|upkeep
|turn|93
|
|t:|1647745648
|move|p2a: Aegislash|Substitute|p2a: Aegislash
|-fail|p2a: Aegislash|move: Substitute
|move|p1a: Registeel|Iron Defense|p1a: Registeel
|-boost|p1a: Registeel|def|0
|
|-heal|p2a: Aegislash|88/100|[from] item: Leftovers
|upkeep
|turn|94
|
|t:|1647745653
|move|p2a: Aegislash|Substitute|p2a: Aegislash
|-fail|p2a: Aegislash|move: Substitute
|move|p1a: Registeel|Iron Defense|p1a: Registeel
|-boost|p1a: Registeel|def|0
|
|-heal|p2a: Aegislash|94/100|[from] item: Leftovers
|upkeep
|turn|95
|
|t:|1647745656
|move|p2a: Aegislash|Substitute|p2a: Aegislash
|-fail|p2a: Aegislash|move: Substitute
|move|p1a: Registeel|Body Press|p2a: Aegislash
|-immune|p2a: Aegislash
|
|-heal|p2a: Aegislash|100/100|[from] item: Leftovers
|upkeep
|turn|96
|
|t:|1647745665
|move|p2a: Aegislash|Substitute|p2a: Aegislash
|-fail|p2a: Aegislash|move: Substitute
|move|p1a: Registeel|Amnesia|p1a: Registeel
|-boost|p1a: Registeel|spd|0
|
|upkeep
|turn|97
|
|t:|1647745667
|move|p2a: Aegislash|King's Shield|p2a: Aegislash
|-singleturn|p2a: Aegislash|Protect
|move|p1a: Registeel|Iron Defense|p1a: Registeel
|-boost|p1a: Registeel|def|0
|
|upkeep
|turn|98
|
|t:|1647745672
|switch|p2a: Swampert|Swampert, F|100/100
|-damage|p2a: Swampert|94/100|[from] Stealth Rock
|move|p1a: Registeel|Iron Defense|p1a: Registeel
|-boost|p1a: Registeel|def|0
|
|-heal|p2a: Swampert|100/100|[from] item: Leftovers
|upkeep
|turn|99
|c| JamaicanRillabeezy|Looking kinda scary
|
|t:|1647745678
|switch|p2a: Aegislash|Aegislash, F|100/100
|-damage|p2a: Aegislash|94/100|[from] Stealth Rock
|move|p1a: Registeel|Rest|p1a: Registeel
|-fail|p1a: Registeel|heal
|
|-heal|p2a: Aegislash|100/100|[from] item: Leftovers
|upkeep
|turn|100
|
|t:|1647745686
|-formechange|p2a: Aegislash|Aegislash-Blade||[from] ability: Stance Change
|move|p2a: Aegislash|Shadow Ball|p1a: Registeel
|-damage|p1a: Registeel|92/100
|move|p1a: Registeel|Iron Defense|p1a: Registeel
|-boost|p1a: Registeel|def|0
|
|-heal|p1a: Registeel|98/100|[from] item: Leftovers
|upkeep
|turn|101
|
|t:|1647745694
|-formechange|p2a: Aegislash|Aegislash||[from] ability: Stance Change
|move|p2a: Aegislash|King's Shield|p2a: Aegislash
|-singleturn|p2a: Aegislash|Protect
|move|p1a: Registeel|Body Press|p2a: Aegislash
|-activate|p2a: Aegislash|move: Protect
|-fail|p1a: Registeel|unboost|[from] ability: Clear Body|[of] p1a: Registeel
|
|-heal|p1a: Registeel|100/100|[from] item: Leftovers
|upkeep
|turn|102
|
|t:|1647745697
|move|p2a: Aegislash|Toxic|p1a: Registeel
|-immune|p1a: Registeel
|move|p1a: Registeel|Amnesia|p1a: Registeel
|-boost|p1a: Registeel|spd|0
|
|upkeep
|turn|103
|
|t:|1647745701
|move|p2a: Aegislash|Substitute|p2a: Aegislash
|-start|p2a: Aegislash|Substitute
|-damage|p2a: Aegislash|76/100
|move|p1a: Registeel|Body Press|p2a: Aegislash
|-immune|p2a: Aegislash
|
|-heal|p2a: Aegislash|82/100|[from] item: Leftovers
|upkeep
|turn|104
|
|t:|1647745703
|move|p2a: Aegislash|Substitute|p2a: Aegislash
|-fail|p2a: Aegislash|move: Substitute
|move|p1a: Registeel|Amnesia|p1a: Registeel
|-boost|p1a: Registeel|spd|0
|
|-heal|p2a: Aegislash|88/100|[from] item: Leftovers
|upkeep
|turn|105
|c| JamaicanRillabeezy|If there was a option to skip turns in battle
|
|t:|1647745710
|move|p2a: Aegislash|Substitute|p2a: Aegislash
|-fail|p2a: Aegislash|move: Substitute
|move|p1a: Registeel|Amnesia|p1a: Registeel
|-boost|p1a: Registeel|spd|0
|
|-heal|p2a: Aegislash|94/100|[from] item: Leftovers
|upkeep
|turn|106
|c| JamaicanRillabeezy|stall would be infinite
|
|t:|1647745715
|switch|p2a: Swampert|Swampert, F|100/100
|-damage|p2a: Swampert|94/100|[from] Stealth Rock
|move|p1a: Registeel|Iron Defense|p1a: Registeel
|-boost|p1a: Registeel|def|0
|
|-heal|p2a: Swampert|100/100|[from] item: Leftovers
|upkeep
|turn|107
|
|t:|1647745720
|switch|p2a: Aegislash|Aegislash, F|94/100
|-damage|p2a: Aegislash|88/100|[from] Stealth Rock
|move|p1a: Registeel|Iron Defense|p1a: Registeel
|-boost|p1a: Registeel|def|0
|
|-heal|p2a: Aegislash|94/100|[from] item: Leftovers
|upkeep
|turn|108
|
|t:|1647745726
|move|p2a: Aegislash|Substitute|p2a: Aegislash
|-start|p2a: Aegislash|Substitute
|-damage|p2a: Aegislash|69/100
|move|p1a: Registeel|Amnesia|p1a: Registeel
|-boost|p1a: Registeel|spd|0
|
|-heal|p2a: Aegislash|76/100|[from] item: Leftovers
|upkeep
|turn|109
|
|t:|1647745729
|move|p2a: Aegislash|Substitute|p2a: Aegislash
|-fail|p2a: Aegislash|move: Substitute
|move|p1a: Registeel|Rest|p1a: Registeel
|-fail|p1a: Registeel|heal
|
|-heal|p2a: Aegislash|82/100|[from] item: Leftovers
|upkeep
|turn|110
|
|t:|1647745733
|move|p2a: Aegislash|King's Shield|p2a: Aegislash
|-singleturn|p2a: Aegislash|Protect
|move|p1a: Registeel|Body Press|p2a: Aegislash
|-activate|p2a: Aegislash|move: Protect
|-fail|p1a: Registeel|unboost|[from] ability: Clear Body|[of] p1a: Registeel
|
|-heal|p2a: Aegislash|88/100|[from] item: Leftovers
|upkeep
|turn|111
|
|t:|1647745737
|move|p2a: Aegislash|Toxic|p1a: Registeel|[miss]
|-miss|p2a: Aegislash|p1a: Registeel
|move|p1a: Registeel|Rest|p1a: Registeel
|-fail|p1a: Registeel|heal
|
|-heal|p2a: Aegislash|94/100|[from] item: Leftovers
|upkeep
|turn|112
|
|t:|1647745741
|move|p2a: Aegislash|Toxic|p1a: Registeel
|-immune|p1a: Registeel
|move|p1a: Registeel|Rest|p1a: Registeel
|-fail|p1a: Registeel|heal
|
|-heal|p2a: Aegislash|100/100|[from] item: Leftovers
|upkeep
|turn|113
|
|t:|1647745744
|move|p2a: Aegislash|King's Shield|p2a: Aegislash
|-singleturn|p2a: Aegislash|Protect
|move|p1a: Registeel|Rest|p1a: Registeel
|-fail|p1a: Registeel|heal
|
|upkeep
|turn|114
|
|t:|1647745750
|switch|p2a: Swampert|Swampert, F|100/100
|-damage|p2a: Swampert|94/100|[from] Stealth Rock
|move|p1a: Registeel|Rest|p1a: Registeel
|-fail|p1a: Registeel|heal
|
|-heal|p2a: Swampert|100/100|[from] item: Leftovers
|upkeep
|turn|115
|
|t:|1647745753
|switch|p1a: Tangrowth|Tangrowth, M|72/100
|-damage|p1a: Tangrowth|59/100|[from] Stealth Rock
|move|p2a: Swampert|Stealth Rock||[still]
|-fail|p2a: Swampert
|
|upkeep
|turn|116
|
|t:|1647745763
|move|p2a: Swampert|Flip Turn|p1a: Tangrowth
|-resisted|p1a: Tangrowth
|-crit|p1a: Tangrowth
|-damage|p1a: Tangrowth|49/100
|
|t:|1647745767
|switch|p2a: Mandibuzz|Mandibuzz, F|77/100 psn|[from]move: Flip Turn
|-damage|p2a: Mandibuzz|52/100 psn|[from] Stealth Rock
|move|p1a: Tangrowth|Knock Off|p2a: Mandibuzz
|-resisted|p2a: Mandibuzz
|-damage|p2a: Mandibuzz|47/100 psn
|
|-damage|p2a: Mandibuzz|35/100 psn|[from] psn
|upkeep
|turn|117
|
|t:|1647745772
|move|p2a: Mandibuzz|Roost|p2a: Mandibuzz
|-heal|p2a: Mandibuzz|85/100 psn
|-singleturn|p2a: Mandibuzz|move: Roost
|move|p1a: Tangrowth|Power Whip|p2a: Mandibuzz
|-damage|p2a: Mandibuzz|60/100 psn
|
|-damage|p2a: Mandibuzz|47/100 psn|[from] psn
|upkeep
|turn|118
|
|t:|1647745776
|move|p2a: Mandibuzz|Roost|p2a: Mandibuzz
|-heal|p2a: Mandibuzz|97/100 psn
|-singleturn|p2a: Mandibuzz|move: Roost
|move|p1a: Tangrowth|Power Whip|p2a: Mandibuzz
|-damage|p2a: Mandibuzz|70/100 psn
|
|-damage|p2a: Mandibuzz|58/100 psn|[from] psn
|upkeep
|turn|119
|
|t:|1647745781
|move|p2a: Mandibuzz|Foul Play|p1a: Tangrowth
|-damage|p1a: Tangrowth|28/100
|move|p1a: Tangrowth|Synthesis|p1a: Tangrowth
|-heal|p1a: Tangrowth|78/100
|
|-damage|p2a: Mandibuzz|46/100 psn|[from] psn
|upkeep
|turn|120
|
|t:|1647745784
|move|p2a: Mandibuzz|Roost|p2a: Mandibuzz
|-heal|p2a: Mandibuzz|96/100 psn
|-singleturn|p2a: Mandibuzz|move: Roost
|move|p1a: Tangrowth|Power Whip|p2a: Mandibuzz
|-damage|p2a: Mandibuzz|71/100 psn
|
|-damage|p2a: Mandibuzz|59/100 psn|[from] psn
|upkeep
|turn|121
|
|t:|1647745792
|move|p2a: Mandibuzz|Foul Play|p1a: Tangrowth
|-damage|p1a: Tangrowth|56/100
|move|p1a: Tangrowth|Knock Off|p2a: Mandibuzz
|-resisted|p2a: Mandibuzz
|-damage|p2a: Mandibuzz|54/100 psn
|
|-damage|p2a: Mandibuzz|42/100 psn|[from] psn
|upkeep
|turn|122
|
|t:|1647745798
|move|p2a: Mandibuzz|Roost|p2a: Mandibuzz
|-heal|p2a: Mandibuzz|92/100 psn
|-singleturn|p2a: Mandibuzz|move: Roost
|move|p1a: Tangrowth|Power Whip|p2a: Mandibuzz|[miss]
|-miss|p1a: Tangrowth|p2a: Mandibuzz
|
|-damage|p2a: Mandibuzz|80/100 psn|[from] psn
|upkeep
|turn|123
|
|t:|1647745803
|move|p2a: Mandibuzz|Foul Play|p1a: Tangrowth
|-damage|p1a: Tangrowth|36/100
|move|p1a: Tangrowth|Knock Off|p2a: Mandibuzz
|-resisted|p2a: Mandibuzz
|-damage|p2a: Mandibuzz|75/100 psn
|
|-damage|p2a: Mandibuzz|63/100 psn|[from] psn
|upkeep
|turn|124
|
|t:|1647745806
|move|p2a: Mandibuzz|U-turn|p1a: Tangrowth
|-supereffective|p1a: Tangrowth
|-damage|p1a: Tangrowth|20/100
|
|t:|1647745809
|switch|p2a: Aegislash|Aegislash, F|100/100|[from]move: U-turn
|-damage|p2a: Aegislash|94/100|[from] Stealth Rock
|move|p1a: Tangrowth|Synthesis|p1a: Tangrowth
|-heal|p1a: Tangrowth|70/100
|
|-heal|p2a: Aegislash|100/100|[from] item: Leftovers
|upkeep
|turn|125
|j| LoveStallLiveLife
|
|t:|1647745817
|switch|p2a: Conkeldurr|Conkeldurr, M|51/100 tox
|-damage|p2a: Conkeldurr|45/100 tox|[from] Stealth Rock
|move|p1a: Tangrowth|Sludge Bomb|p2a: Conkeldurr
|-damage|p2a: Conkeldurr|24/100 tox
|
|-damage|p2a: Conkeldurr|18/100 tox|[from] psn
|upkeep
|turn|126
|
|t:|1647745826
|move|p2a: Conkeldurr|Drain Punch|p1a: Tangrowth
|-damage|p1a: Tangrowth|36/100
|-heal|p2a: Conkeldurr|36/100 tox|[from] drain|[of] p1a: Tangrowth
|move|p1a: Tangrowth|Power Whip|p2a: Conkeldurr
|-damage|p2a: Conkeldurr|0 fnt
|faint|p2a: Conkeldurr
|
|upkeep
|
|t:|1647745838
|switch|p2a: Zygarde|Zygarde-10%|88/100
|-damage|p2a: Zygarde|82/100|[from] Stealth Rock
|-ability|p2a: Zygarde|Aura Break
|turn|127
|j| Skjsnsne
|
|t:|1647745846
|switch|p1a: Quagsire|Quagsire, M|57/100
|-damage|p1a: Quagsire|51/100|[from] Stealth Rock
|move|p2a: Zygarde|Thousand Arrows|p1a: Quagsire
|-damage|p1a: Quagsire|12/100
|
|upkeep
|turn|128
|
|t:|1647745849
|switch|p1a: Tangrowth|Tangrowth, M|69/100
|-damage|p1a: Tangrowth|57/100|[from] Stealth Rock
|move|p2a: Zygarde|Thousand Arrows|p1a: Tangrowth
|-resisted|p1a: Tangrowth
|-damage|p1a: Tangrowth|37/100
|
|upkeep
|turn|129
|
|t:|1647745852
|switch|p2a: Mandibuzz|Mandibuzz, F|63/100 psn
|-damage|p2a: Mandibuzz|38/100 psn|[from] Stealth Rock
|move|p1a: Tangrowth|Synthesis|p1a: Tangrowth
|-heal|p1a: Tangrowth|87/100
|
|-damage|p2a: Mandibuzz|26/100 psn|[from] psn
|upkeep
|turn|130
|
|t:|1647745859
|move|p2a: Mandibuzz|Roost|p2a: Mandibuzz
|-heal|p2a: Mandibuzz|76/100 psn
|-singleturn|p2a: Mandibuzz|move: Roost
|move|p1a: Tangrowth|Power Whip|p2a: Mandibuzz|[miss]
|-miss|p1a: Tangrowth|p2a: Mandibuzz
|
|-damage|p2a: Mandibuzz|64/100 psn|[from] psn
|upkeep
|turn|131
|
|t:|1647745864
|move|p2a: Mandibuzz|Foul Play|p1a: Tangrowth
|-damage|p1a: Tangrowth|66/100
|move|p1a: Tangrowth|Power Whip|p2a: Mandibuzz
|-resisted|p2a: Mandibuzz
|-damage|p2a: Mandibuzz|51/100 psn
|
|-damage|p2a: Mandibuzz|39/100 psn|[from] psn
|upkeep
|turn|132
|
|t:|1647745869
|move|p2a: Mandibuzz|Roost|p2a: Mandibuzz
|-heal|p2a: Mandibuzz|89/100 psn
|-singleturn|p2a: Mandibuzz|move: Roost
|move|p1a: Tangrowth|Power Whip|p2a: Mandibuzz|[miss]
|-miss|p1a: Tangrowth|p2a: Mandibuzz
|
|-damage|p2a: Mandibuzz|76/100 psn|[from] psn
|upkeep
|turn|133
|
|t:|1647745875
|move|p2a: Mandibuzz|U-turn|p1a: Tangrowth
|-supereffective|p1a: Tangrowth
|-damage|p1a: Tangrowth|52/100
|
|t:|1647745878
|switch|p2a: Aegislash|Aegislash, F|100/100|[from]move: U-turn
|-damage|p2a: Aegislash|94/100|[from] Stealth Rock
|move|p1a: Tangrowth|Sludge Bomb|p2a: Aegislash
|-immune|p2a: Aegislash
|
|-heal|p2a: Aegislash|100/100|[from] item: Leftovers
|upkeep
|turn|134
|
|t:|1647745887
|switch|p1a: Chansey|Chansey, F|87/100
|-damage|p1a: Chansey|74/100|[from] Stealth Rock
|-formechange|p2a: Aegislash|Aegislash-Blade||[from] ability: Stance Change
|move|p2a: Aegislash|Shadow Ball|p1a: Chansey
|-immune|p1a: Chansey
|
|upkeep
|turn|135
|j| paradiso11
|
|t:|1647745893
|move|p2a: Aegislash|Toxic|p1a: Chansey|[miss]
|-miss|p2a: Aegislash|p1a: Chansey
|move|p1a: Chansey|Toxic|p2a: Aegislash
|-immune|p2a: Aegislash
|
|upkeep
|turn|136
|
|t:|1647745896
|move|p2a: Aegislash|Toxic|p1a: Chansey
|-status|p1a: Chansey|tox
|move|p1a: Chansey|Toxic|p2a: Aegislash
|-immune|p2a: Aegislash
|
|-damage|p1a: Chansey|68/100 tox|[from] psn
|upkeep
|turn|137
|l| Skjsnsne
|
|t:|1647745901
|-curestatus|p1a: Chansey|tox|[from] ability: Natural Cure
|switch|p1a: Registeel|Registeel|100/100
|-damage|p1a: Registeel|94/100|[from] Stealth Rock
|move|p2a: Aegislash|Shadow Ball|p1a: Registeel
|-damage|p1a: Registeel|60/100
|
|-heal|p1a: Registeel|66/100|[from] item: Leftovers
|upkeep
|turn|138
|
|t:|1647745907
|switch|p2a: Swampert|Swampert, F|100/100
|-damage|p2a: Swampert|94/100|[from] Stealth Rock
|switch|p1a: Chansey|Chansey, F|68/100
|-damage|p1a: Chansey|56/100|[from] Stealth Rock
|
|-heal|p2a: Swampert|100/100|[from] item: Leftovers
|upkeep
|turn|139
|
|t:|1647745910
|move|p2a: Swampert|Flip Turn|p1a: Chansey
|-damage|p1a: Chansey|41/100
|
|t:|1647745912
|switch|p2a: Zygarde|Zygarde-10%|82/100|[from]move: Flip Turn
|-damage|p2a: Zygarde|76/100|[from] Stealth Rock
|-ability|p2a: Zygarde|Aura Break
|move|p1a: Chansey|Soft-Boiled|p1a: Chansey
|-heal|p1a: Chansey|91/100
|
|upkeep
|turn|140
|j| imoneforareej
|
|t:|1647745931
|move|p2a: Zygarde|Outrage|p1a: Chansey
|-damage|p1a: Chansey|38/100
|move|p1a: Chansey|Toxic|p2a: Zygarde
|-status|p2a: Zygarde|tox
|
|-damage|p2a: Zygarde|70/100 tox|[from] psn
|upkeep
|turn|141
|
|t:|1647745936
|switch|p1a: Registeel|Registeel|66/100
|-damage|p1a: Registeel|60/100|[from] Stealth Rock
|move|p2a: Zygarde|Outrage|p1a: Registeel|[from]lockedmove
|-resisted|p1a: Registeel
|-damage|p1a: Registeel|40/100
|
|-heal|p1a: Registeel|47/100|[from] item: Leftovers
|-damage|p2a: Zygarde|58/100 tox|[from] psn
|upkeep
|turn|142
|
|t:|1647745939
|move|p2a: Zygarde|Outrage|p1a: Registeel|[from]lockedmove
|-resisted|p1a: Registeel
|-damage|p1a: Registeel|27/100
|-start|p2a: Zygarde|confusion|[fatigue]
|move|p1a: Registeel|Rest|p1a: Registeel
|-status|p1a: Registeel|slp|[from] move: Rest
|-heal|p1a: Registeel|100/100 slp|[silent]
|
|-damage|p2a: Zygarde|40/100 tox|[from] psn
|upkeep
|turn|143
|c|☆Hydreigon > Latias|oh couldve bpressed...
|
|t:|1647745950
|switch|p2a: Swampert|Swampert, F|100/100
|-damage|p2a: Swampert|94/100|[from] Stealth Rock
|switch|p1a: Umbreon|Umbreon, M|94/100 tox
|-damage|p1a: Umbreon|82/100 tox|[from] Stealth Rock
|
|-heal|p2a: Swampert|100/100|[from] item: Leftovers
|-damage|p1a: Umbreon|76/100 tox|[from] psn
|upkeep
|turn|144
|j| Jasjjew
|j| Punisher
|
|t:|1647745958
|move|p1a: Umbreon|Heal Bell|p1a: Umbreon
|-activate|p1a: Umbreon|move: Heal Bell
|-curestatus|p1a: Umbreon|tox|[msg]
|-curestatus|p1: Registeel|slp|[msg]
|move|p2a: Swampert|Toxic|p1a: Umbreon
|-status|p1a: Umbreon|tox
|
|-damage|p1a: Umbreon|70/100 tox|[from] psn
|upkeep
|turn|145
|
|t:|1647745968
|move|p1a: Umbreon|Wish|p1a: Umbreon
|move|p2a: Swampert|Flip Turn|p1a: Umbreon
|-damage|p1a: Umbreon|57/100 tox
|
|t:|1647745971
|switch|p2a: Zygarde|Zygarde-10%|40/100 tox|[from]move: Flip Turn
|-damage|p2a: Zygarde|34/100 tox|[from] Stealth Rock
|-ability|p2a: Zygarde|Aura Break
|
|-damage|p2a: Zygarde|28/100 tox|[from] psn
|-damage|p1a: Umbreon|45/100 tox|[from] psn
|upkeep
|turn|146
|
|t:|1647745998
|switch|p1a: Tangrowth|Tangrowth, M|85/100
|-damage|p1a: Tangrowth|73/100|[from] Stealth Rock
|move|p2a: Zygarde|Outrage|p1a: Tangrowth
|-damage|p1a: Tangrowth|21/100
|
|-heal|p1a: Tangrowth|69/100|[from] move: Wish|[wisher] Umbreon
|-damage|p2a: Zygarde|16/100 tox|[from] psn
|upkeep
|turn|147
|c| paradiso11|pif isn't this stall build similar to your glowbro stall from like last year?
|
|t:|1647746022
|move|p2a: Zygarde|Outrage|p1a: Tangrowth|[from]lockedmove
|-damage|p1a: Tangrowth|19/100
|move|p1a: Tangrowth|Synthesis|p1a: Tangrowth
|-heal|p1a: Tangrowth|69/100
|
|-damage|p2a: Zygarde|0 fnt|[from] psn
|faint|p2a: Zygarde
|upkeep
|c|☆Hydreigon > Latias|no this is his stall from a stream
|c|☆pif|i hadmore than one
|c| paradiso11|ah
|
|t:|1647746055
|switch|p2a: Aegislash|Aegislash, F|100/100
|-damage|p2a: Aegislash|94/100|[from] Stealth Rock
|turn|148
|c|☆pif|please
|c|☆pif|ur gonna win
|c|☆pif|dont 6-0 me
|
|t:|1647746070
|switch|p1a: Chansey|Chansey, F|38/100
|-damage|p1a: Chansey|26/100|[from] Stealth Rock
|-formechange|p2a: Aegislash|Aegislash-Blade||[from] ability: Stance Change
|move|p2a: Aegislash|Shadow Ball|p1a: Chansey
|-immune|p1a: Chansey
|
|-heal|p2a: Aegislash|100/100|[from] item: Leftovers
|upkeep
|turn|149
|
|t:|1647746073
|switch|p2a: Swampert|Swampert, F|100/100
|-damage|p2a: Swampert|94/100|[from] Stealth Rock
|move|p1a: Chansey|Soft-Boiled|p1a: Chansey
|-heal|p1a: Chansey|76/100
|
|-heal|p2a: Swampert|100/100|[from] item: Leftovers
|upkeep
|turn|150
|c|☆pif|ok
|c|☆pif|fine
|
|t:|1647746078
|switch|p1a: Quagsire|Quagsire, M|12/100
|-damage|p1a: Quagsire|6/100|[from] Stealth Rock
|move|p2a: Swampert|Toxic|p1a: Quagsire
|-status|p1a: Quagsire|tox
|
|-damage|p1a: Quagsire|0 fnt|[from] psn
|faint|p1a: Quagsire
|upkeep
|-message|pif forfeited.
|
|win|Hydreigon > Latias
|raw|Hydreigon &gt; Latias's rating: 1621 &rarr; <strong>1645</strong><br />(+24 for winning)
|raw|pif's rating: 1698 &rarr; <strong>1674</strong><br />(-24 for losing)
|c|☆pif|gg
|c|☆Hydreigon > Latias|gg
|c|☆pif|nice win
|l|☆pif
|l| Punisher
|c|☆Hydreigon > Latias|gg didnt expcect to win but gg.. yeah
|l|+udongirl
||Ladder isn't responding, score probably updated but might not have (Request timeout).
