|inactive|Battle timer is ON: inactive players will automatically lose when time's up.
|j|☆Moutemoute
|j|☆suloxiv 愛
|t:|1662501761
|gametype|singles
|player|p1|Moutemoute|#moutemoute|
|player|p2|suloxiv 愛|n-masters2|
|teamsize|p1|6
|teamsize|p2|6
|gen|8
|tier|[Gen 8] UU
|rated|Tournament battle
|rule|Sleep Clause Mod: Limit one foe put to sleep
|rule|Species Clause: Limit one of each Pokémon
|rule|OHKO Clause: OHKO moves are banned
|rule|Evasion Items Clause: Evasion items are banned
|rule|Evasion Moves Clause: Evasion moves are banned
|rule|Endless Battle Clause: Forcing endless battles is banned
|rule|HP Percentage Mod: HP is shown in percentages
|rule|Dynamax Clause: You cannot dynamax
|rule|Blitz: Super-fast timer
|clearpoke
|poke|p1|Golurk|
|poke|p1|Cobalion|
|poke|p1|Rotom-Wash|
|poke|p1|Slowbro-Galar, M|
|poke|p1|Zarude|
|poke|p1|Noivern, M|
|poke|p2|Skarmory, M|
|poke|p2|Hydreigon, M|
|poke|p2|Amoonguss, F|
|poke|p2|Hippowdon, F|
|poke|p2|Keldeo-Resolute|
|poke|p2|Chansey, F|
|teampreview
|j| Flopciety
|c|☆suloxiv 愛|hf
|j| CassieCrow
|c|☆Moutemoute|hf
|inactive|Moutemoute has 30 seconds left.
|
|t:|1662501774
|start
|switch|p1a: Cobalion|Cobalion|100/100
|switch|p2a: Keldeo|Keldeo-Resolute|100/100
|turn|1
|
|t:|1662501778
|move|p2a: Keldeo|Hydro Pump|p1a: Cobalion|[miss]
|-miss|p2a: Keldeo|p1a: Cobalion
|move|p1a: Cobalion|Stealth Rock|p2a: Keldeo
|-sidestart|p2: suloxiv 愛|move: Stealth Rock
|
|upkeep
|turn|2
|j| Queen of Bean ✿
|
|t:|1662501780
|switch|p1a: Rotom|Rotom-Wash|100/100
|move|p2a: Keldeo|Hydro Pump|p1a: Rotom|[miss]
|-miss|p2a: Keldeo|p1a: Rotom
|
|upkeep
|turn|3
|c|☆suloxiv 愛|slay!
|
|t:|1662501784
|switch|p2a: Amoonguss|Amoonguss, F|100/100
|-damage|p2a: Amoonguss|88/100|[from] Stealth Rock
|move|p1a: Rotom|Volt Switch|p2a: Amoonguss
|-resisted|p2a: Amoonguss
|-damage|p2a: Amoonguss|76/100
|
|t:|1662501788
|switch|p1a: Golurk|Golurk|100/100|[from]move: Volt Switch
|
|upkeep
|turn|4
|inactive|suloxiv 愛 has 10 seconds left.
|
|t:|1662501794
|switch|p2a: Hydreigon|Hydreigon, M|100/100
|-damage|p2a: Hydreigon|88/100|[from] Stealth Rock
|move|p1a: Golurk|Poltergeist|p2a: Hydreigon
|-activate|p2a: Hydreigon|move: Poltergeist|Leftovers
|-resisted|p2a: Hydreigon
|-damage|p2a: Hydreigon|38/100
|
|-heal|p2a: Hydreigon|44/100|[from] item: Leftovers
|upkeep
|turn|5
|
|t:|1662501799
|switch|p1a: Cobalion|Cobalion|100/100
|move|p2a: Hydreigon|Roost|p2a: Hydreigon
|-heal|p2a: Hydreigon|94/100
|-singleturn|p2a: Hydreigon|move: Roost
|
|-heal|p2a: Hydreigon|100/100|[from] item: Leftovers
|upkeep
|turn|6
|inactive|Moutemoute has 10 seconds left.
|
|t:|1662501807
|switch|p1a: Golurk|Golurk|100/100
|switch|p2a: Hippowdon|Hippowdon, F|100/100
|-damage|p2a: Hippowdon|94/100|[from] Stealth Rock
|-weather|Sandstorm|[from] ability: Sand Stream|[of] p2a: Hippowdon
|
|-weather|Sandstorm|[upkeep]
|-heal|p2a: Hippowdon|100/100|[from] item: Leftovers
|upkeep
|turn|7
|
|t:|1662501812
|move|p1a: Golurk|Poltergeist|p2a: Hippowdon
|-activate|p2a: Hippowdon|move: Poltergeist|Leftovers
|-damage|p2a: Hippowdon|42/100
|move|p2a: Hippowdon|Slack Off|p2a: Hippowdon
|-heal|p2a: Hippowdon|92/100
|
|-weather|Sandstorm|[upkeep]
|-heal|p2a: Hippowdon|98/100|[from] item: Leftovers
|upkeep
|turn|8
|
|t:|1662501815
|switch|p1a: Zarude|Zarude|100/100
|switch|p2a: Hydreigon|Hydreigon, M|100/100
|-damage|p2a: Hydreigon|88/100|[from] Stealth Rock
|
|-weather|Sandstorm|[upkeep]
|-damage|p1a: Zarude|95/100|[from] Sandstorm
|-damage|p2a: Hydreigon|82/100|[from] Sandstorm
|-heal|p2a: Hydreigon|88/100|[from] item: Leftovers
|upkeep
|turn|9
|
|t:|1662501819
|switch|p2a: Amoonguss|Amoonguss, F|100/100
|-damage|p2a: Amoonguss|88/100|[from] Stealth Rock
|move|p1a: Zarude|U-turn|p2a: Amoonguss
|-damage|p2a: Amoonguss|71/100
|-damage|p1a: Zarude|78/100|[from] item: Rocky Helmet|[of] p2a: Amoonguss
|
|t:|1662501822
|switch|p1a: Golurk|Golurk|100/100|[from]move: U-turn
|
|-weather|Sandstorm|[upkeep]
|-damage|p2a: Amoonguss|65/100|[from] Sandstorm
|upkeep
|turn|10
|
|t:|1662501825
|switch|p2a: Hydreigon|Hydreigon, M|88/100
|-damage|p2a: Hydreigon|76/100|[from] Stealth Rock
|move|p1a: Golurk|Poltergeist|p2a: Hydreigon
|-activate|p2a: Hydreigon|move: Poltergeist|Leftovers
|-resisted|p2a: Hydreigon
|-damage|p2a: Hydreigon|24/100
|
|-weather|none
|-heal|p2a: Hydreigon|30/100|[from] item: Leftovers
|upkeep
|turn|11
|inactive|Moutemoute has 10 seconds left.
|inactive|suloxiv 愛 has 10 seconds left.
|
|t:|1662501831
|switch|p1a: Cobalion|Cobalion|100/100
|move|p2a: Hydreigon|Roost|p2a: Hydreigon
|-heal|p2a: Hydreigon|80/100
|-singleturn|p2a: Hydreigon|move: Roost
|
|-heal|p2a: Hydreigon|86/100|[from] item: Leftovers
|upkeep
|turn|12
|
|t:|1662501835
|switch|p1a: Golurk|Golurk|100/100
|switch|p2a: Amoonguss|Amoonguss, F|98/100
|-damage|p2a: Amoonguss|86/100|[from] Stealth Rock
|
|upkeep
|turn|13
|
|t:|1662501838
|move|p1a: Golurk|Close Combat|p2a: Amoonguss
|-resisted|p2a: Amoonguss
|-damage|p2a: Amoonguss|63/100
|-unboost|p1a: Golurk|def|1
|-unboost|p1a: Golurk|spd|1
|-damage|p1a: Golurk|84/100|[from] item: Rocky Helmet|[of] p2a: Amoonguss
|move|p2a: Amoonguss|Foul Play|p1a: Golurk
|-supereffective|p1a: Golurk
|-damage|p1a: Golurk|0 fnt
|faint|p1a: Golurk
|
|upkeep
|j| HaxxLR
|c|☆Moutemoute|bruh
|inactive|Moutemoute has 10 seconds left.
|
|t:|1662501845
|switch|p1a: Noivern|Noivern, M|100/100
|turn|14
|
|t:|1662501849
|switch|p2a: Chansey|Chansey, F|100/100
|-damage|p2a: Chansey|88/100|[from] Stealth Rock
|move|p1a: Noivern|Flamethrower|p2a: Chansey
|-damage|p2a: Chansey|79/100
|
|upkeep
|turn|15
|
|t:|1662501852
|move|p1a: Noivern|U-turn|p2a: Chansey
|-damage|p2a: Chansey|73/100
|
|t:|1662501853
|switch|p1a: Slowbro|Slowbro-Galar, M|100/100|[from]move: U-turn
|move|p2a: Chansey|Teleport|p2a: Chansey
|
|t:|1662501856
|switch|p2a: Hippowdon|Hippowdon, F|98/100|[from]move: Teleport
|-damage|p2a: Hippowdon|92/100|[from] Stealth Rock
|-weather|Sandstorm|[from] ability: Sand Stream|[of] p2a: Hippowdon
|
|-weather|Sandstorm|[upkeep]
|-damage|p1a: Slowbro|94/100|[from] Sandstorm
|-heal|p2a: Hippowdon|98/100|[from] item: Leftovers
|upkeep
|turn|16
|
|t:|1662501859
|switch|p1a: Rotom|Rotom-Wash|100/100
|move|p2a: Hippowdon|Stealth Rock|p1a: Rotom
|-sidestart|p1: Moutemoute|move: Stealth Rock
|
|-weather|Sandstorm|[upkeep]
|-damage|p1a: Rotom|95/100|[from] Sandstorm
|-heal|p1a: Rotom|100/100|[from] item: Leftovers
|-heal|p2a: Hippowdon|100/100|[from] item: Leftovers
|upkeep
|turn|17
|inactive|suloxiv 愛 has 10 seconds left.
|inactive|suloxiv 愛 has 5 seconds left.
|-message|suloxiv 愛 lost due to inactivity.
|
|win|Moutemoute
|n|☆Moutemoute|moutemoute
|n|☆suloxiv 愛|suloxiv
|n| Flopciety|flopciety
|n| CassieCrow|cassiecrow
|n| Queen of Bean ✿|queenofbean
|n| HaxxLR|haxxlr
