|j|☆Kla0Trixx
|j|☆Aggron
|t:|1602618746
|player|p1|Kla0Trixx|1|1393
|player|p2|Aggron|janitor|1569
|teamsize|p1|6
|teamsize|p2|6
|gametype|singles
|gen|8
|tier|[Gen 8] UU
|rated|
|clearpoke
|poke|p1|Gastrodon, F|
|poke|p1|Cobalion|
|poke|p1|Celebi|
|poke|p1|Weezing-Galar, F|
|poke|p1|Incineroar, F|
|poke|p1|Slowbro, F|
|poke|p2|Pincurchin, F|
|poke|p2|Lucario, M|
|poke|p2|Raichu-Alola, F|
|poke|p2|Golisopod, M|
|poke|p2|Claydol|
|poke|p2|Incineroar, M|
|rule|Sleep Clause Mod: Limit one foe put to sleep
|rule|Species Clause: Limit one of each Pokémon
|rule|OHKO Clause: OHKO moves are banned
|rule|Evasion Moves Clause: Evasion moves are banned
|rule|Endless Battle Clause: Forcing endless battles is banned
|rule|HP Percentage Mod: HP is shown in percentages
|rule|Dynamax Clause: You cannot dynamax
|teampreview
|c|☆Aggron|hf
|c|☆Kla0Trixx|u2
|
|t:|1602618773
|start
|switch|p1a: Celebi|Celebi|100/100
|switch|p2a: Incineroar|Incineroar, M|100/100
|-ability|p2a: Incineroar|Intimidate|boost
|-unboost|p1a: Celebi|atk|1
|turn|1
|
|t:|1602618780
|move|p1a: Celebi|U-turn|p2a: Incineroar
|-damage|p2a: Incineroar|92/100
|
|t:|1602618786
|switch|p1a: Gastrodon|Gastrodon, F|100/100|[from]move: U-turn
|move|p2a: Incineroar|Overheat|p1a: Gastrodon
|-resisted|p1a: Gastrodon
|-damage|p1a: Gastrodon|89/100
|-unboost|p2a: Incineroar|spa|2
|
|-heal|p1a: Gastrodon|95/100|[from] item: Leftovers
|upkeep
|turn|2
|
|t:|1602618789
|move|p2a: Incineroar|Toxic|p1a: Gastrodon
|-status|p1a: Gastrodon|tox
|move|p1a: Gastrodon|Toxic|p2a: Incineroar
|-status|p2a: Incineroar|tox
|
|-heal|p1a: Gastrodon|100/100 tox|[from] item: Leftovers
|-damage|p2a: Incineroar|86/100 tox|[from] psn
|-damage|p1a: Gastrodon|94/100 tox|[from] psn
|upkeep
|turn|3
|
|t:|1602618799
|move|p2a: Incineroar|Parting Shot|p1a: Gastrodon
|-unboost|p1a: Gastrodon|atk|1
|-unboost|p1a: Gastrodon|spa|1
|
|t:|1602618806
|switch|p2a: Golisopod|Golisopod, M, shiny|100/100|[from]move: Parting Shot
|move|p1a: Gastrodon|Toxic|p2a: Golisopod
|-status|p2a: Golisopod|tox
|
|-heal|p1a: Gastrodon|100/100 tox|[from] item: Leftovers
|-damage|p2a: Golisopod|94/100 tox|[from] psn
|-damage|p1a: Gastrodon|88/100 tox|[from] psn
|upkeep
|turn|4
|
|t:|1602618812
|switch|p2a: Pincurchin|Pincurchin, F|100/100
|-fieldstart|move: Electric Terrain|[from] ability: Electric Surge|[of] p2a: Pincurchin
|switch|p1a: Weezing|Weezing-Galar, F|100/100
|
|upkeep
|turn|5
|
|t:|1602618820
|move|p1a: Weezing|Toxic|p2a: Pincurchin
|-status|p2a: Pincurchin|tox
|move|p2a: Pincurchin|Spikes|p1a: Weezing
|-sidestart|p1: Kla0Trixx|Spikes
|
|-damage|p2a: Pincurchin|94/100 tox|[from] psn
|upkeep
|turn|6
|
|t:|1602618829
|move|p1a: Weezing|Defog|p2a: Pincurchin
|-unboost|p2a: Pincurchin|evasion|1
|-sideend|p1: Kla0Trixx|Spikes|[from] move: Defog|[of] p1a: Weezing
|-fieldend|move: Electric Terrain
|move|p2a: Pincurchin|Rising Voltage|p1a: Weezing
|-damage|p1a: Weezing|67/100
|
|-heal|p1a: Weezing|73/100|[from] item: Black Sludge
|-damage|p2a: Pincurchin|82/100 tox|[from] psn
|upkeep
|turn|7
|
|t:|1602618841
|switch|p2a: Incineroar|Incineroar, M|86/100 tox
|-ability|p2a: Incineroar|Intimidate|boost
|-unboost|p1a: Weezing|atk|1
|move|p1a: Weezing|Protect||[still]
|-fail|p1a: Weezing
|
|-heal|p1a: Weezing|79/100|[from] item: Black Sludge
|-damage|p2a: Incineroar|79/100 tox|[from] psn
|upkeep
|turn|8
|
|t:|1602618847
|switch|p2a: Lucario|Lucario, M, shiny|100/100
|move|p1a: Weezing|Protect||[still]
|-fail|p1a: Weezing
|
|-heal|p1a: Weezing|85/100|[from] item: Black Sludge
|upkeep
|turn|9
|inactive|Battle timer is ON: inactive players will automatically lose when time's up. (requested by Aggron)
|
|t:|1602618885
|switch|p2a: Pincurchin|Pincurchin, F|82/100 tox
|-fieldstart|move: Electric Terrain|[from] ability: Electric Surge|[of] p2a: Pincurchin
|switch|p1a: Slowbro|Slowbro, F|100/100
|
|-damage|p2a: Pincurchin|76/100 tox|[from] psn
|upkeep
|turn|10
|
|t:|1602618900
|switch|p1a: Weezing|Weezing-Galar, F|85/100
|switch|p2a: Raichu|Raichu-Alola, F|100/100
|
|-heal|p1a: Weezing|91/100|[from] item: Black Sludge
|upkeep
|turn|11
|
|t:|1602618908
|switch|p1a: Celebi|Celebi|100/100
|move|p2a: Raichu|Rising Voltage|p1a: Celebi
|-resisted|p1a: Celebi
|-damage|p1a: Celebi|52/100
|
|-heal|p1a: Celebi|59/100|[from] item: Leftovers
|upkeep
|turn|12
|
|t:|1602618917
|switch|p2a: Incineroar|Incineroar, M|79/100 tox
|-ability|p2a: Incineroar|Intimidate|boost
|-unboost|p1a: Celebi|atk|1
|move|p1a: Celebi|Stealth Rock|p2a: Incineroar
|-sidestart|p2: Aggron|move: Stealth Rock
|
|-heal|p1a: Celebi|65/100|[from] item: Leftovers
|-damage|p2a: Incineroar|73/100 tox|[from] psn
|upkeep
|turn|13
|
|t:|1602618921
|move|p1a: Celebi|U-turn|p2a: Incineroar
|-damage|p2a: Incineroar|64/100 tox
|
|t:|1602618925
|switch|p1a: Gastrodon|Gastrodon, F|88/100 tox|[from]move: U-turn
|move|p2a: Incineroar|Knock Off|p1a: Gastrodon
|-damage|p1a: Gastrodon|49/100 tox
|-enditem|p1a: Gastrodon|Leftovers|[from] move: Knock Off|[of] p2a: Incineroar
|
|-damage|p2a: Incineroar|52/100 tox|[from] psn
|-damage|p1a: Gastrodon|43/100 tox|[from] psn
|upkeep
|turn|14
|
|t:|1602618929
|move|p2a: Incineroar|Parting Shot|p1a: Gastrodon
|-unboost|p1a: Gastrodon|atk|1
|-unboost|p1a: Gastrodon|spa|1
|
|t:|1602618935
|switch|p2a: Golisopod|Golisopod, M, shiny|94/100 tox|[from]move: Parting Shot
|move|p1a: Gastrodon|Recover|p1a: Gastrodon
|-heal|p1a: Gastrodon|93/100 tox
|
|-damage|p2a: Golisopod|88/100 tox|[from] psn
|-damage|p1a: Gastrodon|81/100 tox|[from] psn
|upkeep
|turn|15
|
|t:|1602618942
|move|p2a: Golisopod|Liquidation|p1a: Gastrodon
|-ability|p1a: Gastrodon|Storm Drain|boost
|-boost|p1a: Gastrodon|spa|1
|move|p1a: Gastrodon|Earth Power|p2a: Golisopod
|-resisted|p2a: Golisopod
|-damage|p2a: Golisopod|74/100 tox
|
|-damage|p2a: Golisopod|61/100 tox|[from] psn
|-damage|p1a: Gastrodon|63/100 tox|[from] psn
|upkeep
|turn|16
|
|t:|1602618948
|move|p2a: Golisopod|Leech Life|p1a: Gastrodon
|-damage|p1a: Gastrodon|15/100 tox
|-heal|p2a: Golisopod|90/100 tox|[from] drain|[of] p1a: Gastrodon
|move|p1a: Gastrodon|Recover|p1a: Gastrodon
|-heal|p1a: Gastrodon|65/100 tox
|
|-damage|p2a: Golisopod|71/100 tox|[from] psn
|-damage|p1a: Gastrodon|41/100 tox|[from] psn
|-fieldend|move: Electric Terrain
|upkeep
|turn|17
|
|t:|1602618955
|switch|p1a: Weezing|Weezing-Galar, F|91/100
|move|p2a: Golisopod|Liquidation|p1a: Weezing
|-damage|p1a: Weezing|59/100
|
|-heal|p1a: Weezing|65/100|[from] item: Black Sludge
|-damage|p2a: Golisopod|46/100 tox|[from] psn
|-activate|p2a: Golisopod|ability: Emergency Exit
|upkeep
|
|t:|1602618963
|switch|p2a: Lucario|Lucario, M, shiny|100/100
|-damage|p2a: Lucario|98/100|[from] Stealth Rock
|turn|18
|
|t:|1602618968
|switch|p2a: Pincurchin|Pincurchin, F|76/100 tox
|-damage|p2a: Pincurchin|64/100 tox|[from] Stealth Rock
|-fieldstart|move: Electric Terrain|[from] ability: Electric Surge|[of] p2a: Pincurchin
|switch|p1a: Slowbro|Slowbro, F|100/100
|
|-damage|p2a: Pincurchin|58/100 tox|[from] psn
|upkeep
|turn|19
|
|t:|1602618980
|switch|p1a: Gastrodon|Gastrodon, F|41/100 tox
|move|p2a: Pincurchin|Spikes|p1a: Gastrodon
|-sidestart|p1: Kla0Trixx|Spikes
|
|-damage|p1a: Gastrodon|35/100 tox|[from] psn
|-damage|p2a: Pincurchin|46/100 tox|[from] psn
|upkeep
|turn|20
|
|t:|1602618992
|move|p1a: Gastrodon|Recover|p1a: Gastrodon
|-heal|p1a: Gastrodon|85/100 tox
|move|p2a: Pincurchin|Spikes|p1a: Gastrodon
|-sidestart|p1: Kla0Trixx|Spikes
|
|-damage|p1a: Gastrodon|73/100 tox|[from] psn
|-damage|p2a: Pincurchin|28/100 tox|[from] psn
|upkeep
|turn|21
|
|t:|1602619000
|switch|p1a: Weezing|Weezing-Galar, F|65/100
|switch|p2a: Golisopod|Golisopod, M, shiny|46/100 tox
|
|-heal|p1a: Weezing|71/100|[from] item: Black Sludge
|-damage|p2a: Golisopod|40/100 tox|[from] psn
|upkeep
|turn|22
|
|t:|1602619005
|move|p1a: Weezing|Defog|p2a: Golisopod
|-unboost|p2a: Golisopod|evasion|1
|-sideend|p2: Aggron|Stealth Rock|[from] move: Defog|[of] p1a: Weezing
|-sideend|p1: Kla0Trixx|Spikes|[from] move: Defog|[of] p1a: Weezing
|-fieldend|move: Electric Terrain
|move|p2a: Golisopod|Liquidation|p1a: Weezing
|-damage|p1a: Weezing|39/100
|
|-heal|p1a: Weezing|45/100|[from] item: Black Sludge
|-damage|p2a: Golisopod|28/100 tox|[from] psn
|upkeep
|turn|23
|
|t:|1602619015
|switch|p2a: Lucario|Lucario, M, shiny|98/100
|move|p1a: Weezing|Protect||[still]
|-fail|p1a: Weezing
|
|-heal|p1a: Weezing|51/100|[from] item: Black Sludge
|upkeep
|turn|24
|
|t:|1602619020
|switch|p1a: Slowbro|Slowbro, F|100/100
|move|p2a: Lucario|Meteor Mash|p1a: Slowbro
|-resisted|p1a: Slowbro
|-damage|p1a: Slowbro|86/100
|-damage|p2a: Lucario|88/100|[from] item: Life Orb
|
|upkeep
|turn|25
|
|t:|1602619028
|switch|p2a: Raichu|Raichu-Alola, F|100/100
|move|p1a: Slowbro|Teleport|p1a: Slowbro
|
|t:|1602619033
|switch|p1a: Celebi|Celebi|65/100|[from]move: Teleport
|
|-heal|p1a: Celebi|71/100|[from] item: Leftovers
|upkeep
|turn|26
|
|t:|1602619037
|move|p2a: Raichu|Volt Switch|p1a: Celebi
|-resisted|p1a: Celebi
|-damage|p1a: Celebi|54/100
|
|t:|1602619046
|switch|p2a: Incineroar|Incineroar, M|52/100 tox|[from]move: Volt Switch
|-ability|p2a: Incineroar|Intimidate|boost
|-unboost|p1a: Celebi|atk|1
|move|p1a: Celebi|Stealth Rock|p2a: Incineroar
|-sidestart|p2: Aggron|move: Stealth Rock
|
|-heal|p1a: Celebi|60/100|[from] item: Leftovers
|-damage|p2a: Incineroar|46/100 tox|[from] psn
|upkeep
|turn|27
|
|t:|1602619052
|move|p1a: Celebi|U-turn|p2a: Incineroar
|-damage|p2a: Incineroar|38/100 tox
|
|t:|1602619056
|switch|p1a: Gastrodon|Gastrodon, F|73/100 tox|[from]move: U-turn
|move|p2a: Incineroar|Parting Shot|p1a: Gastrodon
|-unboost|p1a: Gastrodon|atk|1
|-unboost|p1a: Gastrodon|spa|1
|
|t:|1602619064
|switch|p2a: Claydol|Claydol, shiny|100/100|[from]move: Parting Shot
|-damage|p2a: Claydol|94/100|[from] Stealth Rock
|
|-damage|p1a: Gastrodon|67/100 tox|[from] psn
|upkeep
|turn|28
|
|t:|1602619070
|move|p2a: Claydol|Rapid Spin|p1a: Gastrodon
|-damage|p1a: Gastrodon|60/100 tox
|-boost|p2a: Claydol|spe|1
|-sideend|p2: Aggron|Stealth Rock|[from] move: Rapid Spin|[of] p2a: Claydol
|move|p1a: Gastrodon|Toxic|p2a: Claydol|[miss]
|-miss|p1a: Gastrodon|p2a: Claydol
|
|-damage|p1a: Gastrodon|47/100 tox|[from] psn
|upkeep
|turn|29
|
|t:|1602619076
|switch|p1a: Slowbro|Slowbro, F|100/100
|move|p2a: Claydol|Teleport|p2a: Claydol
|
|t:|1602619080
|switch|p2a: Raichu|Raichu-Alola, F|100/100|[from]move: Teleport
|
|upkeep
|turn|30
|
|t:|1602619086
|switch|p1a: Celebi|Celebi|60/100
|move|p2a: Raichu|Volt Switch|p1a: Celebi
|-resisted|p1a: Celebi
|-damage|p1a: Celebi|43/100
|
|t:|1602619091
|switch|p2a: Lucario|Lucario, M, shiny|88/100|[from]move: Volt Switch
|
|-heal|p1a: Celebi|49/100|[from] item: Leftovers
|upkeep
|turn|31
|
|t:|1602619098
|switch|p2a: Pincurchin|Pincurchin, F|28/100 tox
|-fieldstart|move: Electric Terrain|[from] ability: Electric Surge|[of] p2a: Pincurchin
|move|p1a: Celebi|U-turn|p2a: Pincurchin
|-damage|p2a: Pincurchin|15/100 tox
|
|t:|1602619106
|switch|p1a: Weezing|Weezing-Galar, F|51/100|[from]move: U-turn
|
|-heal|p1a: Weezing|57/100|[from] item: Black Sludge
|-damage|p2a: Pincurchin|9/100 tox|[from] psn
|upkeep
|turn|32
|
|t:|1602619120
|switch|p2a: Raichu|Raichu-Alola, F|100/100
|move|p1a: Weezing|Strange Steam|p2a: Raichu
|-damage|p2a: Raichu|58/100
|
|-heal|p1a: Weezing|63/100|[from] item: Black Sludge
|upkeep
|turn|33
|
|t:|1602619135
|move|p1a: Weezing|Protect|p1a: Weezing
|-singleturn|p1a: Weezing|Protect
|move|p2a: Raichu|Rising Voltage|p1a: Weezing
|-activate|p1a: Weezing|move: Protect
|
|-heal|p1a: Weezing|69/100|[from] item: Black Sludge
|upkeep
|turn|34
|
|t:|1602619144
|switch|p2a: Lucario|Lucario, M, shiny|88/100
|switch|p1a: Gastrodon|Gastrodon, F|47/100 tox
|
|-damage|p1a: Gastrodon|41/100 tox|[from] psn
|upkeep
|turn|35
|
|t:|1602619150
|switch|p1a: Slowbro|Slowbro, F|100/100
|move|p2a: Lucario|Close Combat|p1a: Slowbro
|-resisted|p1a: Slowbro
|-damage|p1a: Slowbro|81/100
|-unboost|p2a: Lucario|def|1
|-unboost|p2a: Lucario|spd|1
|-damage|p2a: Lucario|78/100|[from] item: Life Orb
|
|upkeep
|turn|36
|
|t:|1602619166
|move|p2a: Lucario|Terrain Pulse|p1a: Slowbro
|-supereffective|p1a: Slowbro
|-damage|p1a: Slowbro|0 fnt
|-damage|p2a: Lucario|68/100|[from] item: Life Orb
|faint|p1a: Slowbro
|
|upkeep
|c|☆Kla0Trixx|!data terrain pulse
|raw|<ul class="utilichart"><li class="result"><span class="col movenamecol"><a href="https://dex.pokemonshowdown.com/moves/terrainpulse">Terrain Pulse</a></span> <span class="col typecol"><img src="//play.pokemonshowdown.com/sprites/types/Normal.png" alt="Normal" width="32" height="14"><img src="//play.pokemonshowdown.com/sprites/categories/Special.png" alt="Special" width="32" height="14"></span> <span class="col labelcol"><em>Power</em><br>50</span> <span class="col widelabelcol"><em>Accuracy</em><br>100%</span> <span class="col pplabelcol"><em>PP</em><br>16</span> <span class="col movedesccol">User on terrain: power doubles, type varies.</span> </li><li style="clear:both"></li></ul>

|inactive|Kla0Trixx has 120 seconds left.
|
|t:|1602619209
|switch|p1a: Cobalion|Cobalion|100/100
|turn|37
|
|t:|1602619214
|switch|p2a: Claydol|Claydol, shiny|94/100
|-enditem|p2a: Claydol|Electric Seed
|-boost|p2a: Claydol|def|1|[from] item: Electric Seed
|move|p1a: Cobalion|Close Combat|p2a: Claydol
|-resisted|p2a: Claydol
|-damage|p2a: Claydol|82/100
|-unboost|p1a: Cobalion|def|1
|-unboost|p1a: Cobalion|spd|1
|
|upkeep
|turn|38
|
|t:|1602619225
|switch|p1a: Celebi|Celebi|49/100
|move|p2a: Claydol|Teleport|p2a: Claydol
|
|t:|1602619228
|switch|p2a: Lucario|Lucario, M, shiny|68/100|[from]move: Teleport
|
|-heal|p1a: Celebi|55/100|[from] item: Leftovers
|-fieldend|move: Electric Terrain
|upkeep
|turn|39
|
|t:|1602619235
|move|p1a: Celebi|U-turn|p2a: Lucario
|-resisted|p2a: Lucario
|-damage|p2a: Lucario|62/100
|
|t:|1602619242
|switch|p1a: Cobalion|Cobalion|100/100|[from]move: U-turn
|move|p2a: Lucario|Meteor Mash|p1a: Cobalion
|-resisted|p1a: Cobalion
|-damage|p1a: Cobalion|76/100
|-damage|p2a: Lucario|52/100|[from] item: Life Orb
|
|upkeep
|turn|40
|
|t:|1602619248
|switch|p2a: Claydol|Claydol, shiny|82/100
|move|p1a: Cobalion|Close Combat|p2a: Claydol
|-resisted|p2a: Claydol
|-damage|p2a: Claydol|61/100
|-unboost|p1a: Cobalion|def|1
|-unboost|p1a: Cobalion|spd|1
|
|upkeep
|turn|41
|
|t:|1602619252
|switch|p1a: Celebi|Celebi|55/100
|move|p2a: Claydol|Teleport|p2a: Claydol
|
|t:|1602619257
|switch|p2a: Lucario|Lucario, M, shiny|52/100|[from]move: Teleport
|
|-heal|p1a: Celebi|61/100|[from] item: Leftovers
|upkeep
|turn|42
|
|t:|1602619261
|move|p1a: Celebi|U-turn|p2a: Lucario
|-resisted|p2a: Lucario
|-damage|p2a: Lucario|46/100
|
|t:|1602619265
|switch|p1a: Incineroar|Incineroar, F|100/100|[from]move: U-turn
|-ability|p1a: Incineroar|Intimidate|boost
|-immune|p2a: Lucario|[from] ability: Inner Focus
|move|p2a: Lucario|Meteor Mash|p1a: Incineroar
|-resisted|p1a: Incineroar
|-damage|p1a: Incineroar|72/100
|-boost|p2a: Lucario|atk|1
|-damage|p2a: Lucario|36/100|[from] item: Life Orb
|
|upkeep
|turn|43
|
|t:|1602619270
|switch|p1a: Cobalion|Cobalion|76/100
|move|p2a: Lucario|Close Combat|p1a: Cobalion
|-supereffective|p1a: Cobalion
|-damage|p1a: Cobalion|0 fnt
|-unboost|p2a: Lucario|def|1
|-unboost|p2a: Lucario|spd|1
|-damage|p2a: Lucario|26/100|[from] item: Life Orb
|faint|p1a: Cobalion
|
|upkeep
|
|t:|1602619275
|switch|p1a: Celebi|Celebi|61/100
|turn|44
|
|t:|1602619282
|switch|p2a: Incineroar|Incineroar, M|38/100 tox
|-ability|p2a: Incineroar|Intimidate|boost
|-unboost|p1a: Celebi|atk|1
|move|p1a: Celebi|Psychic|p2a: Incineroar
|-immune|p2a: Incineroar
|
|-heal|p1a: Celebi|68/100|[from] item: Leftovers
|-damage|p2a: Incineroar|31/100 tox|[from] psn
|upkeep
|turn|45
|
|t:|1602619294
|move|p1a: Celebi|U-turn|p2a: Incineroar
|-damage|p2a: Incineroar|22/100 tox
|
|t:|1602619297
|switch|p1a: Gastrodon|Gastrodon, F|41/100 tox|[from]move: U-turn
|move|p2a: Incineroar|Parting Shot|p1a: Gastrodon
|-unboost|p1a: Gastrodon|atk|1
|-unboost|p1a: Gastrodon|spa|1
|
|t:|1602619307
|switch|p2a: Lucario|Lucario, M, shiny|26/100|[from]move: Parting Shot
|
|-damage|p1a: Gastrodon|35/100 tox|[from] psn
|upkeep
|turn|46
|
|t:|1602619319
|move|p2a: Lucario|Meteor Mash|p1a: Gastrodon
|-resisted|p1a: Gastrodon
|-damage|p1a: Gastrodon|4/100 tox
|-damage|p2a: Lucario|16/100|[from] item: Life Orb
|move|p1a: Gastrodon|Scald|p2a: Lucario
|-damage|p2a: Lucario|0 fnt
|faint|p2a: Lucario
|
|-damage|p1a: Gastrodon|0 fnt|[from] psn
|faint|p1a: Gastrodon
|upkeep
|
|t:|1602619325
|switch|p2a: Pincurchin|Pincurchin, F|9/100 tox
|switch|p1a: Celebi|Celebi|68/100
|-fieldstart|move: Electric Terrain|[from] ability: Electric Surge|[of] p2a: Pincurchin
|turn|47
|
|t:|1602619335
|move|p1a: Celebi|Psychic|p2a: Pincurchin
|-damage|p2a: Pincurchin|0 fnt
|faint|p2a: Pincurchin
|
|-heal|p1a: Celebi|74/100|[from] item: Leftovers
|upkeep
|
|t:|1602619342
|switch|p2a: Golisopod|Golisopod, M, shiny|28/100 tox
|turn|48
|
|t:|1602619346
|switch|p1a: Weezing|Weezing-Galar, F|69/100
|switch|p2a: Raichu|Raichu-Alola, F|58/100
|
|-heal|p1a: Weezing|75/100|[from] item: Black Sludge
|upkeep
|turn|49
|
|t:|1602619350
|move|p1a: Weezing|Protect|p1a: Weezing
|-singleturn|p1a: Weezing|Protect
|move|p2a: Raichu|Rising Voltage|p1a: Weezing
|-activate|p1a: Weezing|move: Protect
|
|-heal|p1a: Weezing|81/100|[from] item: Black Sludge
|upkeep
|turn|50
|
|t:|1602619377
|switch|p1a: Celebi|Celebi|74/100
|move|p2a: Raichu|Rising Voltage|p1a: Celebi
|-resisted|p1a: Celebi
|-damage|p1a: Celebi|27/100
|
|-heal|p1a: Celebi|33/100|[from] item: Leftovers
|upkeep
|turn|51
|
|t:|1602619381
|move|p2a: Raichu|Rising Voltage|p1a: Celebi
|-resisted|p1a: Celebi
|-damage|p1a: Celebi|0 fnt
|faint|p1a: Celebi
|
|upkeep
|
|t:|1602619383
|switch|p1a: Incineroar|Incineroar, F|72/100
|-ability|p1a: Incineroar|Intimidate|boost
|-unboost|p2a: Raichu|atk|1
|turn|52
|
|t:|1602619386
|move|p2a: Raichu|Rising Voltage|p1a: Incineroar
|-damage|p1a: Incineroar|0 fnt
|faint|p1a: Incineroar
|
|upkeep
|
|t:|1602619390
|switch|p1a: Weezing|Weezing-Galar, F|81/100
|turn|53
|
|t:|1602619397
|switch|p2a: Incineroar|Incineroar, M|22/100 tox
|-ability|p2a: Incineroar|Intimidate|boost
|-unboost|p1a: Weezing|atk|1
|move|p1a: Weezing|Protect||[still]
|-fail|p1a: Weezing
|
|-heal|p1a: Weezing|87/100|[from] item: Black Sludge
|-damage|p2a: Incineroar|15/100 tox|[from] psn
|upkeep
|turn|54
|
|t:|1602619400
|move|p1a: Weezing|Protect|p1a: Weezing
|-singleturn|p1a: Weezing|Protect
|move|p2a: Incineroar|Knock Off|p1a: Weezing
|-activate|p1a: Weezing|move: Protect
|
|-heal|p1a: Weezing|93/100|[from] item: Black Sludge
|-damage|p2a: Incineroar|3/100 tox|[from] psn
|-fieldend|move: Electric Terrain
|upkeep
|turn|55
|
|t:|1602619404
|move|p1a: Weezing|Protect||[still]
|-fail|p1a: Weezing
|move|p2a: Incineroar|Knock Off|p1a: Weezing
|-resisted|p1a: Weezing
|-damage|p1a: Weezing|80/100
|-enditem|p1a: Weezing|Black Sludge|[from] move: Knock Off|[of] p2a: Incineroar
|
|-damage|p2a: Incineroar|0 fnt|[from] psn
|faint|p2a: Incineroar
|upkeep
|
|t:|1602619406
|switch|p2a: Raichu|Raichu-Alola, F|58/100
|turn|56
|
|t:|1602619411
|move|p2a: Raichu|Psychic|p1a: Weezing
|-supereffective|p1a: Weezing
|-damage|p1a: Weezing|0 fnt
|faint|p1a: Weezing
|
|win|Aggron
|l|☆Kla0Trixx
