|j|☆Liz Angeles
|j|☆SilverNote3
|t:|1665764077
|gametype|singles
|player|p1|Liz Angeles|marley|
|player|p2|SilverNote3|wattson|
|teamsize|p1|6
|teamsize|p2|6
|gen|8
|tier|[Gen 8] UU
|rule|Sleep Clause Mod: Limit one foe put to sleep
|rule|Species Clause: Limit one of each Pokémon
|rule|OHKO Clause: OHKO moves are banned
|rule|Evasion Items Clause: Evasion items are banned
|rule|Evasion Moves Clause: Evasion moves are banned
|rule|Endless Battle Clause: Forcing endless battles is banned
|rule|HP Percentage Mod: HP is shown in percentages
|rule|Dynamax Clause: You cannot dynamax
|clearpoke
|poke|p1|Chansey, F|
|poke|p1|Regieleki|
|poke|p1|Golisopod, F|
|poke|p1|Cobalion|
|poke|p1|Salamence, F|
|poke|p1|Zygarde-10%|
|poke|p2|Crawdaunt, F|
|poke|p2|Slowking, F|
|poke|p2|Cobalion|
|poke|p2|Diggersby, M|
|poke|p2|Amoonguss, M|
|poke|p2|Chansey, F|
|teampreview
|inactive|Battle timer is ON: inactive players will automatically lose when time's up. (requested by SilverNote3)
|c|☆Liz Angeles|hf
|inactive|Liz Angeles has 270 seconds left.
|j| amogusroxyrrrr
|c|☆SilverNote3|U2!
|
|t:|1665764124
|start
|switch|p1a: Zygarde|Zygarde-10%|100/100
|switch|p2a: Amoonguss|Amoonguss, M|100/100
|-ability|p1a: Zygarde|Aura Break
|turn|1
|
|t:|1665764140
|switch|p1a: Chansey|Chansey, F|100/100
|move|p2a: Amoonguss|Stun Spore|p1a: Chansey
|-status|p1a: Chansey|par
|
|upkeep
|turn|2
|
|t:|1665764153
|switch|p2a: Crawdaunt|Crawdaunt, F|100/100
|move|p1a: Chansey|Teleport|p1a: Chansey
|
|t:|1665764167
|-curestatus|p1a: Chansey|par|[from] ability: Natural Cure
|switch|p1a: Cobalion|Cobalion|100/100|[from]move: Teleport
|
|upkeep
|turn|3
|
|t:|1665764173
|switch|p2a: Slowking|Slowking, F|100/100
|move|p1a: Cobalion|Stealth Rock|p2a: Slowking
|-sidestart|p2: SilverNote3|move: Stealth Rock
|
|upkeep
|turn|4
|
|t:|1665764184
|move|p1a: Cobalion|Volt Switch|p2a: Slowking
|-supereffective|p2a: Slowking
|-damage|p2a: Slowking|78/100
|
|t:|1665764190
|switch|p1a: Godpod|Golisopod, F|100/100|[from]move: Volt Switch
|move|p2a: Slowking|Future Sight|p1a: Godpod
|-start|p2a: Slowking|move: Future Sight
|
|upkeep
|turn|5
|
|t:|1665764202
|move|p1a: Godpod|Spikes|p2a: Slowking
|-sidestart|p2: SilverNote3|Spikes
|move|p2a: Slowking|Slack Off|p2a: Slowking
|-heal|p2a: Slowking|100/100
|
|upkeep
|turn|6
|
|t:|1665764211
|move|p1a: Godpod|Knock Off|p2a: Slowking
|-supereffective|p2a: Slowking
|-damage|p2a: Slowking|47/100
|-enditem|p2a: Slowking|Heavy-Duty Boots|[from] move: Knock Off|[of] p1a: Godpod
|move|p2a: Slowking|Teleport|p2a: Slowking
|j| hariyana grande
|
|t:|1665764222
|switch|p2a: Amoonguss|Amoonguss, M|100/100|[from]move: Teleport
|-damage|p2a: Amoonguss|88/100|[from] Stealth Rock
|-damage|p2a: Amoonguss|75/100|[from] Spikes
|
|-end|p1a: Godpod|move: Future Sight
|-damage|p1a: Godpod|51/100
|upkeep
|turn|7
|
|t:|1665764233
|move|p1a: Godpod|Spikes|p2a: Amoonguss
|-sidestart|p2: SilverNote3|Spikes
|move|p2a: Amoonguss|Stun Spore|p1a: Godpod
|-status|p1a: Godpod|par
|
|upkeep
|turn|8
|
|t:|1665764247
|switch|p1a: Chansey|Chansey, F|100/100
|move|p2a: Amoonguss|Seed Bomb|p1a: Chansey
|-damage|p1a: Chansey|84/100
|
|upkeep
|turn|9
|
|t:|1665764259
|move|p1a: Chansey|Seismic Toss|p2a: Amoonguss
|-damage|p2a: Amoonguss|52/100
|-damage|p1a: Chansey|67/100|[from] item: Rocky Helmet|[of] p2a: Amoonguss
|move|p2a: Amoonguss|Sludge Bomb|p1a: Chansey
|-crit|p1a: Chansey
|-damage|p1a: Chansey|55/100
|-status|p1a: Chansey|psn
|
|-damage|p1a: Chansey|42/100 psn|[from] psn
|upkeep
|turn|10
|
|t:|1665764275
|-curestatus|p1a: Chansey|psn|[from] ability: Natural Cure
|switch|p1a: Regijesus|Regieleki|100/100
|switch|p2a: Cobalion|Cobalion|100/100
|-damage|p2a: Cobalion|97/100|[from] Stealth Rock
|-damage|p2a: Cobalion|81/100|[from] Spikes
|
|-heal|p2a: Cobalion|87/100|[from] item: Leftovers
|upkeep
|turn|11
|j| DownBadForLinoone
|
|t:|1665764294
|move|p1a: Regijesus|Volt Switch|p2a: Cobalion
|-damage|p2a: Cobalion|27/100
|j| Slipped By
|
|t:|1665764297
|switch|p1a: Salamence|Salamence, F|100/100|[from]move: Volt Switch
|-ability|p1a: Salamence|Intimidate|boost
|-unboost|p2a: Cobalion|atk|1
|move|p2a: Cobalion|Stealth Rock|p1a: Salamence
|-sidestart|p1: Liz Angeles|move: Stealth Rock
|
|-heal|p2a: Cobalion|34/100|[from] item: Leftovers
|upkeep
|turn|12
|
|t:|1665764318
|switch|p2a: Chansey|Chansey, F|100/100
|-damage|p2a: Chansey|88/100|[from] Stealth Rock
|-damage|p2a: Chansey|71/100|[from] Spikes
|move|p1a: Salamence|Flamethrower|p2a: Chansey
|-damage|p2a: Chansey|65/100
|
|upkeep
|turn|13
|c|☆SilverNote3|Like I said, trampled l
|
|t:|1665764338
|switch|p1a: Cobalion|Cobalion|100/100
|-damage|p1a: Cobalion|97/100|[from] Stealth Rock
|move|p2a: Chansey|Soft-Boiled|p2a: Chansey
|-heal|p2a: Chansey|100/100
|
|upkeep
|turn|14
|
|t:|1665764347
|move|p1a: Cobalion|Volt Switch|p2a: Chansey
|-damage|p2a: Chansey|96/100
|
|t:|1665764364
|switch|p1a: Salamence|Salamence, F|100/100|[from]move: Volt Switch
|-ability|p1a: Salamence|Intimidate|boost
|-unboost|p2a: Chansey|atk|1
|move|p2a: Chansey|Teleport|p2a: Chansey
|
|t:|1665764386
|switch|p2a: Slowking|Slowking, F|80/100|[from]move: Teleport
|-damage|p2a: Slowking|67/100|[from] Stealth Rock
|-damage|p2a: Slowking|51/100|[from] Spikes
|
|upkeep
|turn|15
|
|t:|1665764397
|switch|p1a: Regijesus|Regieleki|100/100
|move|p2a: Slowking|Slack Off|p2a: Slowking
|-heal|p2a: Slowking|100/100
|
|upkeep
|turn|16
|
|t:|1665764406
|switch|p2a: Diggersby|Diggersby, M|100/100
|-damage|p2a: Diggersby|94/100|[from] Stealth Rock
|-damage|p2a: Diggersby|78/100|[from] Spikes
|move|p1a: Regijesus|Rapid Spin|p2a: Diggersby
|-damage|p2a: Diggersby|63/100
|-boost|p1a: Regijesus|spe|1
|-sideend|p1: Liz Angeles|Stealth Rock|[from] move: Rapid Spin|[of] p1a: Regijesus
|
|upkeep
|turn|17
|
|t:|1665764418
|switch|p1a: Salamence|Salamence, F|100/100
|-ability|p1a: Salamence|Intimidate|boost
|-unboost|p2a: Diggersby|atk|1
|move|p2a: Diggersby|Body Slam|p1a: Salamence
|-damage|p1a: Salamence|73/100
|-status|p1a: Salamence|par
|
|upkeep
|turn|18
|
|t:|1665764430
|switch|p2a: Chansey|Chansey, F|96/100
|-damage|p2a: Chansey|84/100|[from] Stealth Rock
|-damage|p2a: Chansey|67/100|[from] Spikes
|switch|p1a: Cobalion|Cobalion|97/100
|
|upkeep
|turn|19
|
|t:|1665764440
|switch|p2a: Amoonguss|Amoonguss, M|86/100
|-damage|p2a: Amoonguss|73/100|[from] Stealth Rock
|-damage|p2a: Amoonguss|57/100|[from] Spikes
|move|p1a: Cobalion|Close Combat|p2a: Amoonguss
|-resisted|p2a: Amoonguss
|-damage|p2a: Amoonguss|38/100
|-unboost|p1a: Cobalion|def|1
|-unboost|p1a: Cobalion|spd|1
|-damage|p1a: Cobalion|81/100|[from] item: Rocky Helmet|[of] p2a: Amoonguss
|
|upkeep
|turn|20
|
|t:|1665764453
|move|p1a: Cobalion|Volt Switch|p2a: Amoonguss
|-resisted|p2a: Amoonguss
|-damage|p2a: Amoonguss|32/100
|
|t:|1665764456
|switch|p1a: Godpod|Golisopod, F|51/100 par|[from]move: Volt Switch
|move|p2a: Amoonguss|Stun Spore|p1a: Godpod
|-fail|p1a: Godpod|par
|
|upkeep
|turn|21
|j| OUTD Yang
|
|t:|1665764473
|move|p1a: Godpod|First Impression|p2a: Amoonguss
|-damage|p2a: Amoonguss|0 fnt
|-damage|p1a: Godpod|34/100 par|[from] item: Rocky Helmet|[of] p2a: Amoonguss
|-activate|p1a: Godpod|ability: Emergency Exit
|faint|p2a: Amoonguss
|
|t:|1665764481
|switch|p1a: Regijesus|Regieleki|100/100
|
|upkeep
|
|t:|1665764487
|switch|p2a: Diggersby|Diggersby, M|63/100
|-damage|p2a: Diggersby|56/100|[from] Stealth Rock
|-damage|p2a: Diggersby|40/100|[from] Spikes
|turn|22
|
|t:|1665764497
|switch|p1a: Godpod|Golisopod, F|34/100 par
|move|p2a: Diggersby|Body Slam|p1a: Godpod
|-damage|p1a: Godpod|0 fnt
|faint|p1a: Godpod
|
|upkeep
|
|t:|1665764502
|switch|p1a: Cobalion|Cobalion|81/100
|turn|23
|
|t:|1665764508
|switch|p2a: Slowking|Slowking, F|100/100
|-damage|p2a: Slowking|88/100|[from] Stealth Rock
|-damage|p2a: Slowking|71/100|[from] Spikes
|move|p1a: Cobalion|Close Combat|p2a: Slowking
|-resisted|p2a: Slowking
|-damage|p2a: Slowking|54/100
|-unboost|p1a: Cobalion|def|1
|-unboost|p1a: Cobalion|spd|1
|
|upkeep
|turn|24
|
|t:|1665764520
|move|p1a: Cobalion|Volt Switch|p2a: Slowking
|-supereffective|p2a: Slowking
|-damage|p2a: Slowking|33/100
|
|t:|1665764523
|switch|p1a: Regijesus|Regieleki|100/100|[from]move: Volt Switch
|move|p2a: Slowking|Future Sight|p1a: Regijesus
|-start|p2a: Slowking|move: Future Sight
|
|upkeep
|turn|25
|
|t:|1665764530
|switch|p2a: Diggersby|Diggersby, M|40/100
|-damage|p2a: Diggersby|34/100|[from] Stealth Rock
|-damage|p2a: Diggersby|18/100|[from] Spikes
|move|p1a: Regijesus|Volt Switch|p2a: Diggersby
|-immune|p2a: Diggersby
|
|upkeep
|turn|26
|
|t:|1665764542
|switch|p1a: Chansey|Chansey, F|42/100
|move|p2a: Diggersby|Body Slam|p1a: Chansey
|-damage|p1a: Chansey|9/100
|
|-end|p1a: Chansey|move: Future Sight
|-damage|p1a: Chansey|0 fnt
|faint|p1a: Chansey
|upkeep
|
|t:|1665764544
|switch|p1a: Cobalion|Cobalion|81/100
|turn|27
|j| GreatSwitch!
|
|t:|1665764555
|move|p2a: Diggersby|Body Slam|p1a: Cobalion
|-resisted|p1a: Cobalion
|-damage|p1a: Cobalion|59/100
|-status|p1a: Cobalion|par
|-damage|p2a: Diggersby|1/100|[from] item: Rocky Helmet|[of] p1a: Cobalion
|move|p1a: Cobalion|Close Combat|p2a: Diggersby
|-supereffective|p2a: Diggersby
|-damage|p2a: Diggersby|0 fnt
|-unboost|p1a: Cobalion|def|1
|-unboost|p1a: Cobalion|spd|1
|faint|p2a: Diggersby
|
|upkeep
|
|t:|1665764568
|switch|p2a: Crawdaunt|Crawdaunt, F|100/100
|-damage|p2a: Crawdaunt|88/100|[from] Stealth Rock
|-damage|p2a: Crawdaunt|72/100|[from] Spikes
|turn|28
|
|t:|1665764586
|switch|p1a: Salamence|Salamence, F|73/100 par
|-ability|p1a: Salamence|Intimidate|boost
|-unboost|p2a: Crawdaunt|atk|1
|move|p2a: Crawdaunt|Knock Off|p1a: Salamence
|-damage|p1a: Salamence|20/100 par
|-enditem|p1a: Salamence|Heavy-Duty Boots|[from] move: Knock Off|[of] p2a: Crawdaunt
|
|upkeep
|turn|29
|
|t:|1665764600
|move|p2a: Crawdaunt|Knock Off|p1a: Salamence
|-damage|p1a: Salamence|0 fnt
|faint|p1a: Salamence
|
|upkeep
|
|t:|1665764603
|switch|p1a: Regijesus|Regieleki|100/100
|turn|30
|
|t:|1665764609
|switch|p2a: Chansey|Chansey, F|67/100
|-damage|p2a: Chansey|55/100|[from] Stealth Rock
|-damage|p2a: Chansey|38/100|[from] Spikes
|move|p1a: Regijesus|Electro Ball|p2a: Chansey
|-damage|p2a: Chansey|15/100
|
|upkeep
|turn|31
|
|t:|1665764621
|move|p1a: Regijesus|Electro Ball|p2a: Chansey
|-damage|p2a: Chansey|0 fnt
|faint|p2a: Chansey
|
|upkeep
|
|t:|1665764629
|switch|p2a: Cobalion|Cobalion|34/100
|-damage|p2a: Cobalion|31/100|[from] Stealth Rock
|-damage|p2a: Cobalion|14/100|[from] Spikes
|turn|32
|c|☆SilverNote3|Pretty sure that's GG
|inactive|Liz Angeles has 270 seconds left.
|
|t:|1665764664
|move|p1a: Regijesus|Volt Switch|p2a: Cobalion
|-damage|p2a: Cobalion|0 fnt
|faint|p2a: Cobalion
|
|t:|1665764669
|switch|p1a: Zygarde|Zygarde-10%|100/100|[from]move: Volt Switch
|-ability|p1a: Zygarde|Aura Break
|
|upkeep
|c| GreatSwitch!|Why not coba sac first?
|
|t:|1665764675
|switch|p2a: Crawdaunt|Crawdaunt, F|72/100
|-damage|p2a: Crawdaunt|59/100|[from] Stealth Rock
|-damage|p2a: Crawdaunt|43/100|[from] Spikes
|turn|33
|
|t:|1665764681
|move|p2a: Crawdaunt|Aqua Jet|p1a: Zygarde
|-damage|p1a: Zygarde|15/100
|move|p1a: Zygarde|Thousand Arrows|p2a: Crawdaunt
|-damage|p2a: Crawdaunt|0 fnt
|faint|p2a: Crawdaunt
|
|upkeep
|
|t:|1665764689
|switch|p2a: Slowking|Slowking, F|66/100
|-damage|p2a: Slowking|54/100|[from] Stealth Rock
|-damage|p2a: Slowking|37/100|[from] Spikes
|turn|34
|c|☆Liz Angeles|gg
|inactive|SilverNote3 has 270 seconds left.
|c|☆SilverNote3|@Great Switch once Diggersby was gone, nothing was gonna make a difference
|
|t:|1665764737
|move|p1a: Zygarde|Thousand Arrows|p2a: Slowking
|-damage|p2a: Slowking|0 fnt
|faint|p2a: Slowking
|
|win|Liz Angeles
|c|☆Liz Angeles|I mean you had to play off jet crit on eleki
