|j|☆cel's uu alt
|j|☆Stealthalo
|t:|1628198108
|gametype|singles
|player|p1|cel's uu alt|erika-gen2|1434
|player|p2|Stealthalo|102|1510
|teamsize|p1|6
|teamsize|p2|6
|gen|8
|tier|[Gen 8] UU
|rated|
|rule|Sleep Clause Mod: Limit one foe put to sleep
|rule|Species Clause: Limit one of each Pokémon
|rule|OHKO Clause: OHKO moves are banned
|rule|Evasion Moves Clause: Evasion moves are banned
|rule|Endless Battle Clause: Forcing endless battles is banned
|rule|HP Percentage Mod: HP is shown in percentages
|rule|Dynamax Clause: You cannot dynamax
|clearpoke
|poke|p1|Celebi|
|poke|p1|Chansey, F|
|poke|p1|Moltres|
|poke|p1|Quagsire, M|
|poke|p1|Umbreon, F|
|poke|p1|Salamence, M|
|poke|p2|Archeops, M|
|poke|p2|Ribombee, M|
|poke|p2|Kommo-o, F|
|poke|p2|Mamoswine, M|
|poke|p2|Celesteela|
|poke|p2|Keldeo-Resolute|
|teampreview
|
|t:|1628198118
|start
|switch|p1a: Moltres|Moltres|100/100
|switch|p2a: Kommo-o|Kommo-o, F|100/100
|-ability|p1a: Moltres|Pressure
|turn|1
|
|t:|1628198123
|move|p1a: Moltres|Substitute|p1a: Moltres
|-start|p1a: Moltres|Substitute
|-damage|p1a: Moltres|76/100
|move|p2a: Kommo-o|Toxic|p1a: Moltres|[miss]
|-miss|p2a: Kommo-o|p1a: Moltres
|
|upkeep
|turn|2
|
|t:|1628198130
|switch|p2a: Archeops|Archeops, M|100/100
|move|p1a: Moltres|Toxic|p2a: Archeops
|-status|p2a: Archeops|tox
|
|-damage|p2a: Archeops|94/100 tox|[from] psn
|upkeep
|turn|3
|
|t:|1628198137
|move|p2a: Archeops|Meteor Beam||[still]
|-prepare|p2a: Archeops|Meteor Beam
|-boost|p2a: Archeops|spa|1
|-enditem|p2a: Archeops|Power Herb
|-anim|p2a: Archeops|Meteor Beam|p1a: Moltres
|-supereffective|p1a: Moltres
|-end|p1a: Moltres|Substitute
|move|p1a: Moltres|Roost|p1a: Moltres
|-heal|p1a: Moltres|100/100
|-singleturn|p1a: Moltres|move: Roost
|
|-damage|p2a: Archeops|82/100 tox|[from] psn
|upkeep
|turn|4
|
|t:|1628198150
|switch|p2a: Kommo-o|Kommo-o, F|100/100
|switch|p1a: Chansey|Chansey, F|100/100
|
|upkeep
|turn|5
|
|t:|1628198156
|move|p2a: Kommo-o|Stealth Rock|p1a: Chansey
|-sidestart|p1: cel's uu alt|move: Stealth Rock
|move|p1a: Chansey|Toxic|p2a: Kommo-o
|-status|p2a: Kommo-o|tox
|
|-damage|p2a: Kommo-o|94/100 tox|[from] psn
|upkeep
|turn|6
|
|t:|1628198163
|switch|p1a: Celebi|Celebi, shiny|100/100
|-damage|p1a: Celebi|88/100|[from] Stealth Rock
|move|p2a: Kommo-o|Toxic|p1a: Celebi
|-status|p1a: Celebi|tox
|
|-heal|p1a: Celebi|94/100 tox|[from] item: Leftovers
|-heal|p2a: Kommo-o|100/100 tox|[from] item: Leftovers
|-damage|p1a: Celebi|88/100 tox|[from] psn
|-damage|p2a: Kommo-o|88/100 tox|[from] psn
|upkeep
|turn|7
|
|t:|1628198174
|switch|p2a: Ribombee|Ribombee, M|100/100
|move|p1a: Celebi|Stealth Rock|p2a: Ribombee
|-sidestart|p2: Stealthalo|move: Stealth Rock
|
|-heal|p1a: Celebi|94/100 tox|[from] item: Leftovers
|-damage|p1a: Celebi|82/100 tox|[from] psn
|upkeep
|turn|8
|
|t:|1628198181
|switch|p1a: Moltres|Moltres|100/100
|-ability|p1a: Moltres|Pressure
|move|p2a: Ribombee|Sticky Web|p1a: Moltres
|-sidestart|p1: cel's uu alt|move: Sticky Web
|
|upkeep
|turn|9
|
|t:|1628198191
|move|p2a: Ribombee|Stun Spore|p1a: Moltres
|-status|p1a: Moltres|par
|move|p1a: Moltres|Substitute|p1a: Moltres
|-start|p1a: Moltres|Substitute
|-damage|p1a: Moltres|76/100 par
|
|upkeep
|turn|10
|
|t:|1628198201
|move|p2a: Ribombee|Skill Swap|p1a: Moltres
|-activate|p2a: Ribombee|move: Skill Swap|Pressure|Sweet Veil|[of] p1a: Moltres
|-ability|p2a: Ribombee|Pressure
|move|p1a: Moltres|Mystical Fire|p2a: Ribombee
|-supereffective|p2a: Ribombee
|-enditem|p2a: Ribombee|Focus Sash
|-damage|p2a: Ribombee|1/100
|-unboost|p2a: Ribombee|spa|1
|
|upkeep
|turn|11
|
|t:|1628198212
|move|p2a: Ribombee|Moonblast|p1a: Moltres
|-resisted|p1a: Moltres
|-activate|p1a: Moltres|move: Substitute|[damage]
|move|p1a: Moltres|Mystical Fire|p2a: Ribombee
|-supereffective|p2a: Ribombee
|-damage|p2a: Ribombee|0 fnt
|faint|p2a: Ribombee
|
|upkeep
|
|t:|1628198221
|switch|p2a: Keldeo|Keldeo-Resolute|100/100
|-damage|p2a: Keldeo|94/100|[from] Stealth Rock
|turn|12
|
|t:|1628198233
|move|p2a: Keldeo|Scald|p1a: Moltres
|-supereffective|p1a: Moltres
|-end|p1a: Moltres|Substitute
|move|p1a: Moltres|Toxic|p2a: Keldeo
|-status|p2a: Keldeo|tox
|
|-heal|p2a: Keldeo|100/100 tox|[from] item: Leftovers
|-damage|p2a: Keldeo|94/100 tox|[from] psn
|upkeep
|turn|13
|
|t:|1628198242
|switch|p2a: Mamoswine|Mamoswine, M|100/100
|-damage|p2a: Mamoswine|88/100|[from] Stealth Rock
|switch|p1a: Celebi|Celebi, shiny|82/100
|-activate|p1a: Celebi|move: Sticky Web
|-unboost|p1a: Celebi|spe|1
|-damage|p1a: Celebi|69/100|[from] Stealth Rock
|
|-heal|p1a: Celebi|76/100|[from] item: Leftovers
|upkeep
|turn|14
|
|t:|1628198255
|move|p2a: Mamoswine|Knock Off|p1a: Celebi
|-supereffective|p1a: Celebi
|-damage|p1a: Celebi|4/100
|-enditem|p1a: Celebi|Leftovers|[from] move: Knock Off|[of] p2a: Mamoswine
|-damage|p2a: Mamoswine|78/100|[from] item: Life Orb
|move|p1a: Celebi|Leaf Storm|p2a: Mamoswine
|-supereffective|p2a: Mamoswine
|-damage|p2a: Mamoswine|0 fnt
|-unboost|p1a: Celebi|spa|2
|faint|p2a: Mamoswine
|
|upkeep
|
|t:|1628198267
|switch|p2a: Archeops|Archeops, M|82/100 tox
|-damage|p2a: Archeops|57/100 tox|[from] Stealth Rock
|turn|15
|
|t:|1628198271
|move|p2a: Archeops|Air Slash|p1a: Celebi
|-supereffective|p1a: Celebi
|-damage|p1a: Celebi|0 fnt
|faint|p1a: Celebi
|
|-damage|p2a: Archeops|51/100 tox|[from] psn
|upkeep
|
|t:|1628198278
|switch|p1a: Chansey|Chansey, F|100/100
|-damage|p1a: Chansey|88/100|[from] Stealth Rock
|-activate|p1a: Chansey|move: Sticky Web
|-unboost|p1a: Chansey|spe|1
|turn|16
|
|t:|1628198283
|move|p2a: Archeops|Air Slash|p1a: Chansey
|-damage|p1a: Chansey|77/100
|move|p1a: Chansey|Seismic Toss|p2a: Archeops
|-damage|p2a: Archeops|17/100 tox
|
|-damage|p2a: Archeops|4/100 tox|[from] psn
|upkeep
|turn|17
|
|t:|1628198290
|switch|p2a: Kommo-o|Kommo-o, F|88/100 tox
|-damage|p2a: Kommo-o|82/100 tox|[from] Stealth Rock
|move|p1a: Chansey|Soft-Boiled|p1a: Chansey
|-heal|p1a: Chansey|100/100
|
|-heal|p2a: Kommo-o|88/100 tox|[from] item: Leftovers
|-damage|p2a: Kommo-o|82/100 tox|[from] psn
|upkeep
|turn|18
|
|t:|1628198300
|switch|p2a: Celesteela|Celesteela|100/100
|-damage|p2a: Celesteela|88/100|[from] Stealth Rock
|switch|p1a: Moltres|Moltres|76/100 par
|-ability|p1a: Moltres|Pressure
|
|-heal|p2a: Celesteela|94/100|[from] item: Leftovers
|upkeep
|turn|19
|inactive|Battle timer is ON: inactive players will automatically lose when time's up. (requested by cel's uu alt)
|
|t:|1628198340
|cant|p1a: Moltres|par
|move|p2a: Celesteela|Leech Seed|p1a: Moltres
|-start|p1a: Moltres|move: Leech Seed
|
|-heal|p2a: Celesteela|99/100|[from] item: Leftovers
|-damage|p1a: Moltres|63/100 par|[from] Leech Seed|[of] p2a: Celesteela
|-heal|p2a: Celesteela|100/100|[silent]
|upkeep
|turn|20
|
|t:|1628198348
|switch|p2a: Keldeo|Keldeo-Resolute|94/100 tox
|-damage|p2a: Keldeo|88/100 tox|[from] Stealth Rock
|move|p1a: Moltres|Roost|p1a: Moltres
|-heal|p1a: Moltres|100/100 par
|-singleturn|p1a: Moltres|move: Roost
|
|-heal|p2a: Keldeo|94/100 tox|[from] item: Leftovers
|-damage|p1a: Moltres|88/100 par|[from] Leech Seed|[of] p2a: Keldeo
|-heal|p2a: Keldeo|100/100 tox|[silent]
|-damage|p2a: Keldeo|94/100 tox|[from] psn
|upkeep
|turn|21
|
|t:|1628198359
|switch|p1a: Salamence|Salamence, M|100/100
|-ability|p1a: Salamence|Intimidate|boost
|-unboost|p2a: Keldeo|atk|1
|move|p2a: Keldeo|Scald|p1a: Salamence
|-resisted|p1a: Salamence
|-damage|p1a: Salamence|78/100
|-status|p1a: Salamence|brn
|
|-heal|p2a: Keldeo|100/100 tox|[from] item: Leftovers
|-damage|p2a: Keldeo|88/100 tox|[from] psn
|-damage|p1a: Salamence|72/100 brn|[from] brn
|upkeep
|turn|22
|
|t:|1628198371
|switch|p2a: Celesteela|Celesteela|100/100
|-damage|p2a: Celesteela|88/100|[from] Stealth Rock
|move|p1a: Salamence|Roost|p1a: Salamence
|-heal|p1a: Salamence|100/100 brn
|-singleturn|p1a: Salamence|move: Roost
|
|-heal|p2a: Celesteela|94/100|[from] item: Leftovers
|-damage|p1a: Salamence|94/100 brn|[from] brn
|upkeep
|turn|23
|
|t:|1628198381
|move|p1a: Salamence|Flamethrower|p2a: Celesteela
|-supereffective|p2a: Celesteela
|-damage|p2a: Celesteela|66/100
|move|p2a: Celesteela|Leech Seed|p1a: Salamence
|-start|p1a: Salamence|move: Leech Seed
|
|-heal|p2a: Celesteela|72/100|[from] item: Leftovers
|-damage|p1a: Salamence|82/100 brn|[from] Leech Seed|[of] p2a: Celesteela
|-heal|p2a: Celesteela|84/100|[silent]
|-damage|p1a: Salamence|76/100 brn|[from] brn
|upkeep
|turn|24
|
|t:|1628198391
|switch|p1a: Chansey|Chansey, F|100/100
|-damage|p1a: Chansey|88/100|[from] Stealth Rock
|-activate|p1a: Chansey|move: Sticky Web
|-unboost|p1a: Chansey|spe|1
|move|p2a: Celesteela|Leech Seed|p1a: Chansey
|-start|p1a: Chansey|move: Leech Seed
|
|-heal|p2a: Celesteela|90/100|[from] item: Leftovers
|-damage|p1a: Chansey|75/100|[from] Leech Seed|[of] p2a: Celesteela
|-heal|p2a: Celesteela|100/100|[silent]
|upkeep
|turn|25
|
|t:|1628198402
|switch|p2a: Keldeo|Keldeo-Resolute|88/100 tox
|-damage|p2a: Keldeo|82/100 tox|[from] Stealth Rock
|move|p1a: Chansey|Seismic Toss|p2a: Keldeo
|-damage|p2a: Keldeo|51/100 tox
|
|-heal|p2a: Keldeo|57/100 tox|[from] item: Leftovers
|-damage|p1a: Chansey|63/100|[from] Leech Seed|[of] p2a: Keldeo
|-heal|p2a: Keldeo|84/100 tox|[silent]
|-damage|p2a: Keldeo|78/100 tox|[from] psn
|upkeep
|turn|26
|
|t:|1628198412
|switch|p1a: Salamence|Salamence, M|76/100 brn
|-ability|p1a: Salamence|Intimidate|boost
|-unboost|p2a: Keldeo|atk|1
|move|p2a: Keldeo|Calm Mind|p2a: Keldeo
|-boost|p2a: Keldeo|spa|1
|-boost|p2a: Keldeo|spd|1
|
|-heal|p2a: Keldeo|84/100 tox|[from] item: Leftovers
|-damage|p2a: Keldeo|72/100 tox|[from] psn
|-damage|p1a: Salamence|70/100 brn|[from] brn
|upkeep
|turn|27
|
|t:|1628198422
|move|p2a: Keldeo|Air Slash|p1a: Salamence|[miss]
|-miss|p2a: Keldeo|p1a: Salamence
|move|p1a: Salamence|Hurricane|p2a: Keldeo|[miss]
|-miss|p1a: Salamence|p2a: Keldeo
|
|-heal|p2a: Keldeo|78/100 tox|[from] item: Leftovers
|-damage|p2a: Keldeo|60/100 tox|[from] psn
|-damage|p1a: Salamence|64/100 brn|[from] brn
|upkeep
|turn|28
|
|t:|1628198431
|move|p2a: Keldeo|Air Slash|p1a: Salamence
|-damage|p1a: Salamence|21/100 brn
|move|p1a: Salamence|Roost|p1a: Salamence
|-heal|p1a: Salamence|71/100 brn
|-singleturn|p1a: Salamence|move: Roost
|
|-heal|p2a: Keldeo|66/100 tox|[from] item: Leftovers
|-damage|p2a: Keldeo|41/100 tox|[from] psn
|-damage|p1a: Salamence|65/100 brn|[from] brn
|upkeep
|turn|29
|j| Bicassor
|
|t:|1628198441
|switch|p2a: Celesteela|Celesteela|100/100
|-damage|p2a: Celesteela|88/100|[from] Stealth Rock
|move|p1a: Salamence|Roost|p1a: Salamence
|-heal|p1a: Salamence|100/100 brn
|-singleturn|p1a: Salamence|move: Roost
|
|-heal|p2a: Celesteela|94/100|[from] item: Leftovers
|-damage|p1a: Salamence|94/100 brn|[from] brn
|upkeep
|turn|30
|
|t:|1628198451
|switch|p1a: Chansey|Chansey, F|63/100
|-activate|p1a: Chansey|move: Sticky Web
|-unboost|p1a: Chansey|spe|1
|-damage|p1a: Chansey|50/100|[from] Stealth Rock
|move|p2a: Celesteela|Leech Seed|p1a: Chansey
|-start|p1a: Chansey|move: Leech Seed
|
|-heal|p2a: Celesteela|99/100|[from] item: Leftovers
|-damage|p1a: Chansey|38/100|[from] Leech Seed|[of] p2a: Celesteela
|-heal|p2a: Celesteela|100/100|[silent]
|upkeep
|turn|31
|
|t:|1628198461
|switch|p2a: Keldeo|Keldeo-Resolute|41/100 tox
|-damage|p2a: Keldeo|35/100 tox|[from] Stealth Rock
|move|p1a: Chansey|Soft-Boiled|p1a: Chansey
|-heal|p1a: Chansey|88/100
|
|-heal|p2a: Keldeo|41/100 tox|[from] item: Leftovers
|-damage|p1a: Chansey|75/100|[from] Leech Seed|[of] p2a: Keldeo
|-heal|p2a: Keldeo|68/100 tox|[silent]
|-damage|p2a: Keldeo|62/100 tox|[from] psn
|upkeep
|turn|32
|
|t:|1628198472
|switch|p2a: Celesteela|Celesteela|100/100
|-damage|p2a: Celesteela|88/100|[from] Stealth Rock
|switch|p1a: Salamence|Salamence, M|94/100 brn
|-ability|p1a: Salamence|Intimidate|boost
|-unboost|p2a: Celesteela|atk|1
|
|-heal|p2a: Celesteela|94/100|[from] item: Leftovers
|-damage|p1a: Salamence|88/100 brn|[from] brn
|upkeep
|turn|33
|
|t:|1628198482
|move|p1a: Salamence|Flamethrower|p2a: Celesteela
|-supereffective|p2a: Celesteela
|-damage|p2a: Celesteela|69/100
|move|p2a: Celesteela|Leech Seed|p1a: Salamence
|-start|p1a: Salamence|move: Leech Seed
|
|-heal|p2a: Celesteela|75/100|[from] item: Leftovers
|-damage|p1a: Salamence|76/100 brn|[from] Leech Seed|[of] p2a: Celesteela
|-heal|p2a: Celesteela|87/100|[silent]
|-damage|p1a: Salamence|70/100 brn|[from] brn
|upkeep
|turn|34
|
|t:|1628198491
|switch|p1a: Moltres|Moltres|88/100 par
|-ability|p1a: Moltres|Pressure
|move|p2a: Celesteela|Leech Seed|p1a: Moltres
|-start|p1a: Moltres|move: Leech Seed
|
|-heal|p2a: Celesteela|93/100|[from] item: Leftovers
|-damage|p1a: Moltres|76/100 par|[from] Leech Seed|[of] p2a: Celesteela
|-heal|p2a: Celesteela|100/100|[silent]
|upkeep
|turn|35
|
|t:|1628198500
|switch|p2a: Keldeo|Keldeo-Resolute|62/100 tox
|-damage|p2a: Keldeo|56/100 tox|[from] Stealth Rock
|move|p1a: Moltres|Roost|p1a: Moltres
|-heal|p1a: Moltres|100/100 par
|-singleturn|p1a: Moltres|move: Roost
|
|-heal|p2a: Keldeo|62/100 tox|[from] item: Leftovers
|-damage|p1a: Moltres|88/100 par|[from] Leech Seed|[of] p2a: Keldeo
|-heal|p2a: Keldeo|76/100 tox|[silent]
|-damage|p2a: Keldeo|70/100 tox|[from] psn
|upkeep
|turn|36
|
|t:|1628198512
|switch|p1a: Salamence|Salamence, M|70/100 brn
|-ability|p1a: Salamence|Intimidate|boost
|-unboost|p2a: Keldeo|atk|1
|move|p2a: Keldeo|Air Slash|p1a: Salamence
|-damage|p1a: Salamence|41/100 brn
|
|-heal|p2a: Keldeo|76/100 tox|[from] item: Leftovers
|-damage|p2a: Keldeo|63/100 tox|[from] psn
|-damage|p1a: Salamence|35/100 brn|[from] brn
|upkeep
|turn|37
|
|t:|1628198522
|move|p2a: Keldeo|Air Slash|p1a: Salamence
|-damage|p1a: Salamence|6/100 brn
|cant|p1a: Salamence|flinch
|
|-heal|p2a: Keldeo|70/100 tox|[from] item: Leftovers
|-damage|p2a: Keldeo|51/100 tox|[from] psn
|-damage|p1a: Salamence|0 fnt|[from] brn
|faint|p1a: Salamence
|upkeep
|
|t:|1628198527
|switch|p1a: Chansey|Chansey, F|75/100
|-damage|p1a: Chansey|63/100|[from] Stealth Rock
|-activate|p1a: Chansey|move: Sticky Web
|-unboost|p1a: Chansey|spe|1
|turn|38
|
|t:|1628198534
|switch|p2a: Celesteela|Celesteela|100/100
|-damage|p2a: Celesteela|88/100|[from] Stealth Rock
|move|p1a: Chansey|Soft-Boiled|p1a: Chansey
|-heal|p1a: Chansey|100/100
|
|-heal|p2a: Celesteela|94/100|[from] item: Leftovers
|upkeep
|turn|39
|
|t:|1628198542
|move|p2a: Celesteela|Leech Seed|p1a: Chansey
|-start|p1a: Chansey|move: Leech Seed
|move|p1a: Chansey|Thunder Wave|p2a: Celesteela
|-status|p2a: Celesteela|par
|
|-heal|p2a: Celesteela|99/100 par|[from] item: Leftovers
|-damage|p1a: Chansey|88/100|[from] Leech Seed|[of] p2a: Celesteela
|-heal|p2a: Celesteela|100/100 par|[silent]
|upkeep
|turn|40
|
|t:|1628198552
|switch|p1a: Moltres|Moltres|88/100 par
|-ability|p1a: Moltres|Pressure
|switch|p2a: Keldeo|Keldeo-Resolute|51/100 tox
|-damage|p2a: Keldeo|45/100 tox|[from] Stealth Rock
|
|-heal|p2a: Keldeo|51/100 tox|[from] item: Leftovers
|-damage|p2a: Keldeo|45/100 tox|[from] psn
|upkeep
|turn|41
|
|t:|1628198561
|switch|p1a: Chansey|Chansey, F|88/100
|-activate|p1a: Chansey|move: Sticky Web
|-unboost|p1a: Chansey|spe|1
|-damage|p1a: Chansey|75/100|[from] Stealth Rock
|move|p2a: Keldeo|Scald|p1a: Chansey
|-damage|p1a: Chansey|61/100
|
|-heal|p2a: Keldeo|51/100 tox|[from] item: Leftovers
|-damage|p2a: Keldeo|39/100 tox|[from] psn
|upkeep
|turn|42
|
|t:|1628198572
|switch|p2a: Celesteela|Celesteela|100/100 par
|-damage|p2a: Celesteela|88/100 par|[from] Stealth Rock
|move|p1a: Chansey|Soft-Boiled|p1a: Chansey
|-heal|p1a: Chansey|100/100
|
|-heal|p2a: Celesteela|94/100 par|[from] item: Leftovers
|upkeep
|turn|43
|
|t:|1628198580
|switch|p1a: Moltres|Moltres|88/100 par
|-ability|p1a: Moltres|Pressure
|cant|p2a: Celesteela|par
|
|-heal|p2a: Celesteela|99/100 par|[from] item: Leftovers
|upkeep
|turn|44
|
|t:|1628198596
|cant|p1a: Moltres|par
|move|p2a: Celesteela|Leech Seed|p1a: Moltres
|-start|p1a: Moltres|move: Leech Seed
|
|-heal|p2a: Celesteela|100/100 par|[from] item: Leftovers
|-damage|p1a: Moltres|76/100 par|[from] Leech Seed|[of] p2a: Celesteela
|upkeep
|turn|45
|
|t:|1628198604
|switch|p1a: Chansey|Chansey, F|100/100
|-activate|p1a: Chansey|move: Sticky Web
|-unboost|p1a: Chansey|spe|1
|-damage|p1a: Chansey|88/100|[from] Stealth Rock
|cant|p2a: Celesteela|par
|
|upkeep
|turn|46
|
|t:|1628198611
|switch|p1a: Moltres|Moltres|76/100 par
|-ability|p1a: Moltres|Pressure
|cant|p2a: Celesteela|par
|
|upkeep
|turn|47
|
|t:|1628198623
|switch|p2a: Keldeo|Keldeo-Resolute|39/100 tox
|-damage|p2a: Keldeo|32/100 tox|[from] Stealth Rock
|move|p1a: Moltres|Mystical Fire|p2a: Keldeo
|-resisted|p2a: Keldeo
|-damage|p2a: Keldeo|15/100 tox
|-unboost|p2a: Keldeo|spa|1
|
|-heal|p2a: Keldeo|21/100 tox|[from] item: Leftovers
|-damage|p2a: Keldeo|15/100 tox|[from] psn
|upkeep
|turn|48
|
|t:|1628198635
|switch|p2a: Celesteela|Celesteela|100/100 par
|-damage|p2a: Celesteela|88/100 par|[from] Stealth Rock
|switch|p1a: Chansey|Chansey, F|88/100
|-activate|p1a: Chansey|move: Sticky Web
|-unboost|p1a: Chansey|spe|1
|-damage|p1a: Chansey|75/100|[from] Stealth Rock
|
|-heal|p2a: Celesteela|94/100 par|[from] item: Leftovers
|upkeep
|turn|49
|
|t:|1628198645
|switch|p1a: Moltres|Moltres|76/100 par
|-ability|p1a: Moltres|Pressure
|move|p2a: Celesteela|Leech Seed|p1a: Moltres
|-start|p1a: Moltres|move: Leech Seed
|
|-heal|p2a: Celesteela|99/100 par|[from] item: Leftovers
|-damage|p1a: Moltres|64/100 par|[from] Leech Seed|[of] p2a: Celesteela
|-heal|p2a: Celesteela|100/100 par|[silent]
|upkeep
|turn|50
|
|t:|1628198655
|move|p1a: Moltres|Roost|p1a: Moltres
|-heal|p1a: Moltres|100/100 par
|-singleturn|p1a: Moltres|move: Roost
|cant|p2a: Celesteela|par
|
|-damage|p1a: Moltres|88/100 par|[from] Leech Seed|[of] p2a: Celesteela
|upkeep
|turn|51
|
|t:|1628198662
|move|p1a: Moltres|Mystical Fire|p2a: Celesteela
|-supereffective|p2a: Celesteela
|-damage|p2a: Celesteela|59/100 par
|-unboost|p2a: Celesteela|spa|1
|cant|p2a: Celesteela|par
|
|-heal|p2a: Celesteela|65/100 par|[from] item: Leftovers
|-damage|p1a: Moltres|76/100 par|[from] Leech Seed|[of] p2a: Celesteela
|-heal|p2a: Celesteela|76/100 par|[silent]
|upkeep
|turn|52
|
|t:|1628198671
|move|p1a: Moltres|Mystical Fire|p2a: Celesteela
|-supereffective|p2a: Celesteela
|-damage|p2a: Celesteela|40/100 par
|-unboost|p2a: Celesteela|spa|1
|move|p2a: Celesteela|Heavy Slam|p1a: Moltres
|-resisted|p1a: Moltres
|-damage|p1a: Moltres|53/100 par
|
|-heal|p2a: Celesteela|46/100 par|[from] item: Leftovers
|-damage|p1a: Moltres|40/100 par|[from] Leech Seed|[of] p2a: Celesteela
|-heal|p2a: Celesteela|57/100 par|[silent]
|upkeep
|turn|53
|
|t:|1628198682
|switch|p2a: Keldeo|Keldeo-Resolute|15/100 tox
|-damage|p2a: Keldeo|9/100 tox|[from] Stealth Rock
|cant|p1a: Moltres|par
|
|-heal|p2a: Keldeo|15/100 tox|[from] item: Leftovers
|-damage|p1a: Moltres|28/100 par|[from] Leech Seed|[of] p2a: Keldeo
|-heal|p2a: Keldeo|28/100 tox|[silent]
|-damage|p2a: Keldeo|22/100 tox|[from] psn
|upkeep
|turn|54
|
|t:|1628198697
|switch|p1a: Chansey|Chansey, F|75/100
|-damage|p1a: Chansey|63/100|[from] Stealth Rock
|-activate|p1a: Chansey|move: Sticky Web
|-unboost|p1a: Chansey|spe|1
|move|p2a: Keldeo|Secret Sword|p1a: Chansey
|-supereffective|p1a: Chansey
|-damage|p1a: Chansey|6/100
|
|-heal|p2a: Keldeo|28/100 tox|[from] item: Leftovers
|-damage|p2a: Keldeo|16/100 tox|[from] psn
|upkeep
|turn|55
|
|t:|1628198708
|move|p2a: Keldeo|Scald|p1a: Chansey
|-damage|p1a: Chansey|0 fnt
|faint|p1a: Chansey
|
|-heal|p2a: Keldeo|22/100 tox|[from] item: Leftovers
|-damage|p2a: Keldeo|4/100 tox|[from] psn
|upkeep
|
|t:|1628198714
|switch|p1a: Quagsire|Quagsire, M|100/100
|-damage|p1a: Quagsire|94/100|[from] Stealth Rock
|-activate|p1a: Quagsire|move: Sticky Web
|-unboost|p1a: Quagsire|spe|1
|turn|56
|
|t:|1628198721
|move|p2a: Keldeo|Scald|p1a: Quagsire
|-damage|p1a: Quagsire|43/100
|move|p1a: Quagsire|Recover|p1a: Quagsire
|-heal|p1a: Quagsire|93/100
|
|-heal|p2a: Keldeo|10/100 tox|[from] item: Leftovers
|-heal|p1a: Quagsire|99/100|[from] item: Leftovers
|-damage|p2a: Keldeo|0 fnt|[from] psn
|faint|p2a: Keldeo
|upkeep
|
|t:|1628198735
|switch|p2a: Kommo-o|Kommo-o, F|82/100 tox
|-damage|p2a: Kommo-o|76/100 tox|[from] Stealth Rock
|turn|57
|
|t:|1628198741
|move|p2a: Kommo-o|Toxic|p1a: Quagsire
|-status|p1a: Quagsire|tox
|move|p1a: Quagsire|Scald|p2a: Kommo-o
|-resisted|p2a: Kommo-o
|-damage|p2a: Kommo-o|67/100 tox
|
|-heal|p2a: Kommo-o|73/100 tox|[from] item: Leftovers
|-heal|p1a: Quagsire|100/100 tox|[from] item: Leftovers
|-damage|p2a: Kommo-o|67/100 tox|[from] psn
|-damage|p1a: Quagsire|94/100 tox|[from] psn
|upkeep
|turn|58
|
|t:|1628198751
|move|p2a: Kommo-o|Body Press|p1a: Quagsire
|-damage|p1a: Quagsire|64/100 tox
|move|p1a: Quagsire|Earthquake|p2a: Kommo-o
|-damage|p2a: Kommo-o|52/100 tox
|
|-heal|p2a: Kommo-o|58/100 tox|[from] item: Leftovers
|-heal|p1a: Quagsire|70/100 tox|[from] item: Leftovers
|-damage|p2a: Kommo-o|45/100 tox|[from] psn
|-damage|p1a: Quagsire|58/100 tox|[from] psn
|upkeep
|turn|59
|
|t:|1628198760
|switch|p2a: Celesteela|Celesteela|57/100 par
|-damage|p2a: Celesteela|44/100 par|[from] Stealth Rock
|move|p1a: Quagsire|Recover|p1a: Quagsire
|-heal|p1a: Quagsire|100/100 tox
|
|-heal|p2a: Celesteela|50/100 par|[from] item: Leftovers
|-damage|p1a: Quagsire|82/100 tox|[from] psn
|upkeep
|turn|60
|
|t:|1628198776
|switch|p1a: Umbreon|Umbreon, F|100/100
|-activate|p1a: Umbreon|move: Sticky Web
|-unboost|p1a: Umbreon|spe|1
|-damage|p1a: Umbreon|88/100|[from] Stealth Rock
|move|p2a: Celesteela|Leech Seed|p1a: Umbreon
|-start|p1a: Umbreon|move: Leech Seed
|
|-heal|p1a: Umbreon|94/100|[from] item: Leftovers
|-heal|p2a: Celesteela|57/100 par|[from] item: Leftovers
|-damage|p1a: Umbreon|82/100|[from] Leech Seed|[of] p2a: Celesteela
|-heal|p2a: Celesteela|69/100 par|[silent]
|upkeep
|turn|61
|
|t:|1628198794
|switch|p2a: Kommo-o|Kommo-o, F|45/100 tox
|-damage|p2a: Kommo-o|39/100 tox|[from] Stealth Rock
|move|p1a: Umbreon|Wish|p1a: Umbreon
|
|-heal|p2a: Kommo-o|45/100 tox|[from] item: Leftovers
|-heal|p1a: Umbreon|88/100|[from] item: Leftovers
|-damage|p1a: Umbreon|75/100|[from] Leech Seed|[of] p2a: Kommo-o
|-heal|p2a: Kommo-o|59/100 tox|[silent]
|-damage|p2a: Kommo-o|53/100 tox|[from] psn
|upkeep
|turn|62
|
|t:|1628198806
|switch|p1a: Quagsire|Quagsire, M|82/100 tox
|-damage|p1a: Quagsire|76/100 tox|[from] Stealth Rock
|-activate|p1a: Quagsire|move: Sticky Web
|-unboost|p1a: Quagsire|spe|1
|move|p2a: Kommo-o|Body Press|p1a: Quagsire
|-damage|p1a: Quagsire|42/100 tox
|
|-heal|p1a: Quagsire|92/100 tox|[from] move: Wish|[wisher] Umbreon
|-heal|p2a: Kommo-o|59/100 tox|[from] item: Leftovers
|-heal|p1a: Quagsire|98/100 tox|[from] item: Leftovers
|-damage|p2a: Kommo-o|47/100 tox|[from] psn
|-damage|p1a: Quagsire|92/100 tox|[from] psn
|upkeep
|turn|63
|
|t:|1628198820
|switch|p2a: Celesteela|Celesteela|69/100 par
|-damage|p2a: Celesteela|57/100 par|[from] Stealth Rock
|move|p1a: Quagsire|Earthquake|p2a: Celesteela
|-immune|p2a: Celesteela
|
|-heal|p2a: Celesteela|63/100 par|[from] item: Leftovers
|-heal|p1a: Quagsire|98/100 tox|[from] item: Leftovers
|-damage|p1a: Quagsire|86/100 tox|[from] psn
|upkeep
|turn|64
|
|t:|1628198830
|move|p2a: Celesteela|Leech Seed|p1a: Quagsire
|-start|p1a: Quagsire|move: Leech Seed
|move|p1a: Quagsire|Recover|p1a: Quagsire
|-heal|p1a: Quagsire|100/100 tox
|
|-heal|p2a: Celesteela|69/100 par|[from] item: Leftovers
|-damage|p1a: Quagsire|88/100 tox|[from] Leech Seed|[of] p2a: Celesteela
|-heal|p2a: Celesteela|81/100 par|[silent]
|-damage|p1a: Quagsire|70/100 tox|[from] psn
|upkeep
|turn|65
|
|t:|1628198841
|switch|p1a: Umbreon|Umbreon, F|75/100
|-damage|p1a: Umbreon|63/100|[from] Stealth Rock
|-activate|p1a: Umbreon|move: Sticky Web
|-unboost|p1a: Umbreon|spe|1
|move|p2a: Celesteela|Heavy Slam|p1a: Umbreon
|-damage|p1a: Umbreon|28/100
|
|-heal|p1a: Umbreon|35/100|[from] item: Leftovers
|-heal|p2a: Celesteela|87/100 par|[from] item: Leftovers
|upkeep
|turn|66
|
|t:|1628198853
|switch|p2a: Kommo-o|Kommo-o, F|47/100 tox
|-damage|p2a: Kommo-o|41/100 tox|[from] Stealth Rock
|move|p1a: Umbreon|Wish|p1a: Umbreon
|
|-heal|p2a: Kommo-o|47/100 tox|[from] item: Leftovers
|-heal|p1a: Umbreon|41/100|[from] item: Leftovers
|-damage|p2a: Kommo-o|41/100 tox|[from] psn
|upkeep
|turn|67
|
|t:|1628198862
|move|p1a: Umbreon|Protect|p1a: Umbreon
|-singleturn|p1a: Umbreon|Protect
|move|p2a: Kommo-o|Body Press|p1a: Umbreon
|-activate|p1a: Umbreon|move: Protect
|
|-heal|p1a: Umbreon|91/100|[from] move: Wish|[wisher] Umbreon
|-heal|p2a: Kommo-o|47/100 tox|[from] item: Leftovers
|-heal|p1a: Umbreon|97/100|[from] item: Leftovers
|-damage|p2a: Kommo-o|34/100 tox|[from] psn
|upkeep
|turn|68
|
|t:|1628198873
|switch|p2a: Celesteela|Celesteela|87/100 par
|-damage|p2a: Celesteela|75/100 par|[from] Stealth Rock
|switch|p1a: Quagsire|Quagsire, M|70/100 tox
|-damage|p1a: Quagsire|64/100 tox|[from] Stealth Rock
|-activate|p1a: Quagsire|move: Sticky Web
|-unboost|p1a: Quagsire|spe|1
|
|-heal|p2a: Celesteela|81/100 par|[from] item: Leftovers
|-heal|p1a: Quagsire|70/100 tox|[from] item: Leftovers
|-damage|p1a: Quagsire|64/100 tox|[from] psn
|upkeep
|turn|69
|
|t:|1628198885
|move|p2a: Celesteela|Giga Drain|p1a: Quagsire
|-supereffective|p1a: Quagsire
|-damage|p1a: Quagsire|0 fnt
|-heal|p2a: Celesteela|100/100 par|[from] drain|[of] p1a: Quagsire
|faint|p1a: Quagsire
|-ability|p2a: Celesteela|Beast Boost|boost
|-boost|p2a: Celesteela|spd|1
|
|upkeep
|
|t:|1628198892
|switch|p1a: Umbreon|Umbreon, F|97/100
|-activate|p1a: Umbreon|move: Sticky Web
|-unboost|p1a: Umbreon|spe|1
|-damage|p1a: Umbreon|84/100|[from] Stealth Rock
|turn|70
|
|t:|1628198897
|move|p1a: Umbreon|Wish|p1a: Umbreon
|move|p2a: Celesteela|Heavy Slam|p1a: Umbreon
|-damage|p1a: Umbreon|53/100
|
|-heal|p1a: Umbreon|59/100|[from] item: Leftovers
|upkeep
|turn|71
|
|t:|1628198905
|move|p1a: Umbreon|Protect|p1a: Umbreon
|-singleturn|p1a: Umbreon|Protect
|move|p2a: Celesteela|Heavy Slam|p1a: Umbreon
|-activate|p1a: Umbreon|move: Protect
|
|-heal|p1a: Umbreon|100/100|[from] move: Wish|[wisher] Umbreon
|upkeep
|turn|72
|
|t:|1628198913
|move|p1a: Umbreon|Wish|p1a: Umbreon
|move|p2a: Celesteela|Heavy Slam|p1a: Umbreon
|-damage|p1a: Umbreon|70/100
|
|-heal|p1a: Umbreon|76/100|[from] item: Leftovers
|upkeep
|turn|73
|inactive|cel's uu alt has 120 seconds left.
|
|t:|1628198949
|move|p1a: Umbreon|Protect|p1a: Umbreon
|-singleturn|p1a: Umbreon|Protect
|move|p2a: Celesteela|Heavy Slam|p1a: Umbreon
|-activate|p1a: Umbreon|move: Protect
|
|-heal|p1a: Umbreon|100/100|[from] move: Wish|[wisher] Umbreon
|upkeep
|turn|74
|
|t:|1628198957
|move|p1a: Umbreon|Wish|p1a: Umbreon
|move|p2a: Celesteela|Earthquake|p1a: Umbreon
|-damage|p1a: Umbreon|83/100
|
|-heal|p1a: Umbreon|89/100|[from] item: Leftovers
|upkeep
|turn|75
|
|t:|1628198969
|switch|p1a: Moltres|Moltres|28/100 par
|-ability|p1a: Moltres|Pressure
|move|p2a: Celesteela|Heavy Slam|p1a: Moltres
|-resisted|p1a: Moltres
|-damage|p1a: Moltres|6/100 par
|
|-heal|p1a: Moltres|61/100 par|[from] move: Wish|[wisher] Umbreon
|upkeep
|turn|76
|
|t:|1628198978
|move|p1a: Moltres|Roost|p1a: Moltres
|-heal|p1a: Moltres|100/100 par
|-singleturn|p1a: Moltres|move: Roost
|move|p2a: Celesteela|Leech Seed|p1a: Moltres
|-start|p1a: Moltres|move: Leech Seed
|
|-damage|p1a: Moltres|88/100 par|[from] Leech Seed|[of] p2a: Celesteela
|upkeep
|turn|77
|
|t:|1628198986
|switch|p1a: Umbreon|Umbreon, F|89/100
|-activate|p1a: Umbreon|move: Sticky Web
|-unboost|p1a: Umbreon|spe|1
|-damage|p1a: Umbreon|77/100|[from] Stealth Rock
|cant|p2a: Celesteela|par
|
|-heal|p1a: Umbreon|83/100|[from] item: Leftovers
|upkeep
|turn|78
|
|t:|1628198995
|switch|p1a: Moltres|Moltres|88/100 par
|-ability|p1a: Moltres|Pressure
|move|p2a: Celesteela|Heavy Slam|p1a: Moltres
|-resisted|p1a: Moltres
|-damage|p1a: Moltres|65/100 par
|
|upkeep
|turn|79
|
|t:|1628199009
|move|p1a: Moltres|Roost|p1a: Moltres
|-heal|p1a: Moltres|100/100 par
|-singleturn|p1a: Moltres|move: Roost
|move|p2a: Celesteela|Heavy Slam|p1a: Moltres
|-resisted|p1a: Moltres
|-damage|p1a: Moltres|77/100 par
|
|upkeep
|turn|80
|
|t:|1628199017
|move|p1a: Moltres|Substitute|p1a: Moltres
|-start|p1a: Moltres|Substitute
|-damage|p1a: Moltres|52/100 par
|move|p2a: Celesteela|Heavy Slam|p1a: Moltres
|-resisted|p1a: Moltres
|-activate|p1a: Moltres|move: Substitute|[damage]
|
|upkeep
|turn|81
|
|t:|1628199022
|move|p1a: Moltres|Roost|p1a: Moltres
|-heal|p1a: Moltres|100/100 par
|-singleturn|p1a: Moltres|move: Roost
|move|p2a: Celesteela|Heavy Slam|p1a: Moltres
|-resisted|p1a: Moltres
|-end|p1a: Moltres|Substitute
|
|upkeep
|turn|82
|
|t:|1628199031
|move|p1a: Moltres|Substitute|p1a: Moltres
|-start|p1a: Moltres|Substitute
|-damage|p1a: Moltres|76/100 par
|move|p2a: Celesteela|Giga Drain|p1a: Moltres
|-resisted|p1a: Moltres
|-activate|p1a: Moltres|move: Substitute|[damage]
|
|upkeep
|turn|83
|
|t:|1628199038
|cant|p1a: Moltres|par
|move|p2a: Celesteela|Giga Drain|p1a: Moltres
|-resisted|p1a: Moltres
|-activate|p1a: Moltres|move: Substitute|[damage]
|
|upkeep
|turn|84
|
|t:|1628199043
|move|p1a: Moltres|Mystical Fire|p2a: Celesteela
|-supereffective|p2a: Celesteela
|-crit|p2a: Celesteela
|-damage|p2a: Celesteela|42/100 par
|-unboost|p2a: Celesteela|spa|1
|move|p2a: Celesteela|Giga Drain|p1a: Moltres
|-resisted|p1a: Moltres
|-activate|p1a: Moltres|move: Substitute|[damage]
|-heal|p2a: Celesteela|43/100 par|[from] drain|[of] p1a: Moltres
|
|-heal|p2a: Celesteela|49/100 par|[from] item: Leftovers
|upkeep
|turn|85
|
|t:|1628199057
|switch|p2a: Archeops|Archeops, M|4/100 tox
|-damage|p2a: Archeops|0 fnt|[from] Stealth Rock
|faint|p2a: Archeops
|cant|p1a: Moltres|par
|
|upkeep
|
|t:|1628199064
|switch|p2a: Kommo-o|Kommo-o, F|34/100 tox
|-damage|p2a: Kommo-o|28/100 tox|[from] Stealth Rock
|turn|86
|
|t:|1628199068
|move|p2a: Kommo-o|Body Press|p1a: Moltres
|-resisted|p1a: Moltres
|-end|p1a: Moltres|Substitute
|move|p1a: Moltres|Toxic|p2a: Kommo-o|[miss]
|-miss|p1a: Moltres|p2a: Kommo-o
|
|-heal|p2a: Kommo-o|34/100 tox|[from] item: Leftovers
|-damage|p2a: Kommo-o|28/100 tox|[from] psn
|upkeep
|turn|87
|
|t:|1628199077
|move|p2a: Kommo-o|Body Press|p1a: Moltres
|-resisted|p1a: Moltres
|-damage|p1a: Moltres|53/100 par
|cant|p1a: Moltres|par
|
|-heal|p2a: Kommo-o|34/100 tox|[from] item: Leftovers
|-damage|p2a: Kommo-o|22/100 tox|[from] psn
|upkeep
|turn|88
|
|t:|1628199084
|move|p2a: Kommo-o|Body Press|p1a: Moltres
|-resisted|p1a: Moltres
|-damage|p1a: Moltres|31/100 par
|move|p1a: Moltres|Roost|p1a: Moltres
|-heal|p1a: Moltres|82/100 par
|-singleturn|p1a: Moltres|move: Roost
|
|-heal|p2a: Kommo-o|28/100 tox|[from] item: Leftovers
|-damage|p2a: Kommo-o|10/100 tox|[from] psn
|upkeep
|turn|89
|-message|Stealthalo forfeited.
|
|win|cel's uu alt
|raw|cel&apos;s uu alt's rating: 1434 &rarr; <strong>1458</strong><br />(+24 for winning)
|raw|Stealthalo's rating: 1510 &rarr; <strong>1486</strong><br />(-24 for losing)
|l|☆Stealthalo
|j| Greengan
|l| Greengan
||Ladder isn't responding, score probably updated but might not have (Request timeout).
