|j|☆gijion chilli
|j|☆F(Erry) Master
|player|p1|gijion chilli|twins-gen4dp|1515
|player|p2|F(Erry) Master|170|1296
|teamsize|p1|6
|teamsize|p2|6
|gametype|singles
|gen|8
|tier|[Gen 8] UU
|rated|
|clearpoke
|poke|p1|Pangoro, F|
|poke|p1|Gardevoir, M|
|poke|p1|Gigalith, F|
|poke|p1|Roserade, F|
|poke|p1|Golisopod, F|
|poke|p1|Flygon, M|
|poke|p2|Torkoal, F|
|poke|p2|Charizard, M|
|poke|p2|Shiftry, M|
|poke|p2|Durant, M|
|poke|p2|Ninetales, M|
|poke|p2|Lucario, M|
|rule|Sleep Clause Mod: Limit one foe put to sleep
|rule|Species Clause: Limit one of each Pokémon
|rule|OHKO Clause: OHKO moves are banned
|rule|Evasion Moves Clause: Evasion moves are banned
|rule|Endless Battle Clause: Forcing endless battles is banned
|rule|HP Percentage Mod: HP is shown in percentages
|rule|Dynamax Clause: You cannot dynamax
|teampreview
|
|start
|switch|p1a: Flygon|Flygon, M|100/100
|switch|p2a: Torkoal|Torkoal, F|100/100
|-weather|SunnyDay|[from] ability: Drought|[of] p2a: Torkoal
|turn|1
|
|move|p1a: Flygon|U-turn|p2a: Torkoal
|-resisted|p2a: Torkoal
|-damage|p2a: Torkoal|95/100
|
|switch|p1a: Gigalith|Gigalith, F|100/100|[from]move: U-turn
|-weather|Sandstorm|[from] ability: Sand Stream|[of] p1a: Gigalith
|move|p2a: Torkoal|Stealth Rock|p1a: Gigalith
|-sidestart|p1: gijion chilli|move: Stealth Rock
|
|-weather|Sandstorm|[upkeep]
|-damage|p2a: Torkoal|89/100|[from] Sandstorm
|upkeep
|turn|2
|
|switch|p2a: Lucario|Lucario, M|100/100
|move|p1a: Gigalith|Stealth Rock|p2a: Lucario
|-sidestart|p2: F(Erry) Master|move: Stealth Rock
|
|-weather|Sandstorm|[upkeep]
|upkeep
|turn|3
|
|switch|p1a: Golisopod|Golisopod, F|100/100
|move|p2a: Lucario|High Jump Kick|p1a: Golisopod
|-resisted|p1a: Golisopod
|-crit|p1a: Golisopod
|-damage|p1a: Golisopod|55/100
|-damage|p2a: Lucario|91/100|[from] item: Life Orb
|
|-weather|Sandstorm|[upkeep]
|-damage|p1a: Golisopod|49/100|[from] Sandstorm
|upkeep
|turn|4
|
|move|p2a: Lucario|Extreme Speed|p1a: Golisopod
|-damage|p1a: Golisopod|22/100
|-damage|p2a: Lucario|81/100|[from] item: Life Orb
|move|p1a: Golisopod|First Impression|p2a: Lucario
|-resisted|p2a: Lucario
|-damage|p2a: Lucario|61/100
|
|-weather|Sandstorm|[upkeep]
|-damage|p1a: Golisopod|16/100|[from] Sandstorm
|upkeep
|turn|5
|j|+Accelgor
|
|move|p2a: Lucario|Extreme Speed|p1a: Golisopod
|-damage|p1a: Golisopod|0 fnt
|-damage|p2a: Lucario|51/100|[from] item: Life Orb
|faint|p1a: Golisopod
|
|-weather|none
|upkeep
|j|+Pak
|
|switch|p1a: Flygon|Flygon, M|100/100
|-damage|p1a: Flygon|95/100|[from] Stealth Rock
|turn|6
|j| Thisbemyalt
|
|move|p2a: Lucario|Extreme Speed|p1a: Flygon
|-damage|p1a: Flygon|47/100
|-damage|p2a: Lucario|41/100|[from] item: Life Orb
|move|p1a: Flygon|Earthquake|p2a: Lucario
|-supereffective|p2a: Lucario
|-damage|p2a: Lucario|0 fnt
|faint|p2a: Lucario
|
|upkeep
|
|switch|p2a: Torkoal|Torkoal, F|89/100
|-damage|p2a: Torkoal|64/100|[from] Stealth Rock
|-weather|SunnyDay|[from] ability: Drought|[of] p2a: Torkoal
|turn|7
|j|%vivalospride
|
|move|p1a: Flygon|Earthquake|p2a: Torkoal
|-supereffective|p2a: Torkoal
|-damage|p2a: Torkoal|12/100
|move|p2a: Torkoal|Rapid Spin|p1a: Flygon
|-damage|p1a: Flygon|36/100
|-boost|p2a: Torkoal|spe|1
|-sideend|p2: F(Erry) Master|Stealth Rock|[from] move: Rapid Spin|[of] p2a: Torkoal
|
|-weather|SunnyDay|[upkeep]
|upkeep
|turn|8
|
|switch|p1a: Gigalith|Gigalith, F|100/100
|-damage|p1a: Gigalith|88/100|[from] Stealth Rock
|-weather|Sandstorm|[from] ability: Sand Stream|[of] p1a: Gigalith
|switch|p2a: Shiftry|Shiftry, M|100/100
|
|-weather|Sandstorm|[upkeep]
|-damage|p2a: Shiftry|94/100|[from] Sandstorm
|-heal|p1a: Gigalith|94/100|[from] item: Leftovers
|upkeep
|turn|9
|
|switch|p1a: Roserade|Roserade, F|100/100
|-damage|p1a: Roserade|88/100|[from] Stealth Rock
|move|p2a: Shiftry|Swords Dance|p2a: Shiftry
|-boost|p2a: Shiftry|atk|2
|
|-weather|Sandstorm|[upkeep]
|-damage|p1a: Roserade|82/100|[from] Sandstorm
|-damage|p2a: Shiftry|88/100|[from] Sandstorm
|upkeep
|turn|10
|
|move|p1a: Roserade|Sludge Bomb|p2a: Shiftry
|-supereffective|p2a: Shiftry
|-damage|p2a: Shiftry|0 fnt
|-damage|p1a: Roserade|72/100|[from] item: Life Orb
|faint|p2a: Shiftry
|
|-weather|Sandstorm|[upkeep]
|-damage|p1a: Roserade|66/100|[from] Sandstorm
|upkeep
|
|switch|p2a: Ninetales|Ninetales, M|100/100
|-weather|SunnyDay|[from] ability: Drought|[of] p2a: Ninetales
|turn|11
|
|switch|p1a: Gigalith|Gigalith, F|94/100
|-damage|p1a: Gigalith|82/100|[from] Stealth Rock
|-weather|Sandstorm|[from] ability: Sand Stream|[of] p1a: Gigalith
|move|p2a: Ninetales|Solar Beam||[still]
|-prepare|p2a: Ninetales|Solar Beam|p1a: Gigalith
|
|-weather|Sandstorm|[upkeep]
|-damage|p2a: Ninetales|95/100|[from] Sandstorm
|-heal|p1a: Gigalith|88/100|[from] item: Leftovers
|upkeep
|turn|12
|
|move|p2a: Ninetales|Solar Beam|p1a: Gigalith|[from]lockedmove
|-supereffective|p1a: Gigalith
|-damage|p1a: Gigalith|70/100
|move|p1a: Gigalith|Earthquake|p2a: Ninetales
|-supereffective|p2a: Ninetales
|-damage|p2a: Ninetales|0 fnt
|faint|p2a: Ninetales
|
|-weather|Sandstorm|[upkeep]
|-heal|p1a: Gigalith|77/100|[from] item: Leftovers
|upkeep
|
|switch|p2a: Durant|Durant, M|100/100
|turn|13
|
|switch|p1a: Roserade|Roserade, F|66/100
|-damage|p1a: Roserade|54/100|[from] Stealth Rock
|move|p2a: Durant|Iron Head|p1a: Roserade
|-damage|p1a: Roserade|0 fnt
|faint|p1a: Roserade
|
|-weather|Sandstorm|[upkeep]
|upkeep
|
|switch|p1a: Pangoro|Pangoro, F|100/100
|-damage|p1a: Pangoro|94/100|[from] Stealth Rock
|turn|14
|
|switch|p2a: Torkoal|Torkoal, F|12/100
|-weather|SunnyDay|[from] ability: Drought|[of] p2a: Torkoal
|move|p1a: Pangoro|Knock Off|p2a: Torkoal
|-damage|p2a: Torkoal|0 fnt
|-enditem|p2a: Torkoal|Heat Rock|[from] move: Knock Off|[of] p1a: Pangoro
|faint|p2a: Torkoal
|
|-weather|SunnyDay|[upkeep]
|upkeep
|
|switch|p2a: Charizard|Charizard, M|100/100
|turn|15
|
|switch|p1a: Gigalith|Gigalith, F|77/100
|-damage|p1a: Gigalith|64/100|[from] Stealth Rock
|-weather|Sandstorm|[from] ability: Sand Stream|[of] p1a: Gigalith
|move|p2a: Charizard|Air Slash|p1a: Gigalith
|-resisted|p1a: Gigalith
|-damage|p1a: Gigalith|51/100
|
|-weather|Sandstorm|[upkeep]
|-damage|p2a: Charizard|94/100|[from] Sandstorm
|-heal|p1a: Gigalith|57/100|[from] item: Leftovers
|upkeep
|turn|16
|
|move|p2a: Charizard|Air Slash|p1a: Gigalith
|-resisted|p1a: Gigalith
|-damage|p1a: Gigalith|41/100
|move|p1a: Gigalith|Stone Edge|p2a: Charizard
|-supereffective|p2a: Charizard
|-damage|p2a: Charizard|0 fnt
|faint|p2a: Charizard
|
|-weather|Sandstorm|[upkeep]
|-heal|p1a: Gigalith|47/100|[from] item: Leftovers
|upkeep
|
|switch|p2a: Durant|Durant, M|100/100
|turn|17
|
|move|p2a: Durant|Iron Head|p1a: Gigalith
|-supereffective|p1a: Gigalith
|-damage|p1a: Gigalith|0 fnt
|faint|p1a: Gigalith
|
|-weather|Sandstorm|[upkeep]
|upkeep
|
|switch|p1a: Flygon|Flygon, M|36/100
|-damage|p1a: Flygon|30/100|[from] Stealth Rock
|turn|18
|
|move|p1a: Flygon|U-turn|p2a: Durant
|-resisted|p2a: Durant
|-damage|p2a: Durant|87/100
|
|switch|p1a: Gardevoir|Gardevoir, M|100/100|[from]move: U-turn
|-damage|p1a: Gardevoir|88/100|[from] Stealth Rock
|-ability|p1a: Gardevoir|Hustle|[from] ability: Trace|[of] p2a: Durant
|move|p2a: Durant|Iron Head|p1a: Gardevoir
|-supereffective|p1a: Gardevoir
|-damage|p1a: Gardevoir|0 fnt
|faint|p1a: Gardevoir
|
|-weather|Sandstorm|[upkeep]
|upkeep
|
|switch|p1a: Pangoro|Pangoro, F|94/100
|-damage|p1a: Pangoro|88/100|[from] Stealth Rock
|turn|19
|
|move|p1a: Pangoro|Bullet Punch|p2a: Durant
|-resisted|p2a: Durant
|-damage|p2a: Durant|78/100
|move|p2a: Durant|Iron Head|p1a: Pangoro|[miss]
|-miss|p2a: Durant|p1a: Pangoro
|
|-weather|none
|upkeep
|turn|20
|
|move|p2a: Durant|Iron Head|p1a: Pangoro
|-damage|p1a: Pangoro|0 fnt
|faint|p1a: Pangoro
|
|upkeep
|
|switch|p1a: Flygon|Flygon, M|30/100
|-damage|p1a: Flygon|24/100|[from] Stealth Rock
|turn|21
|
|move|p1a: Flygon|Earthquake|p2a: Durant
|-damage|p2a: Durant|26/100
|move|p2a: Durant|Iron Head|p1a: Flygon
|-damage|p1a: Flygon|0 fnt
|faint|p1a: Flygon
|
|win|F(Erry) Master
|l|☆gijion chilli
|raw|gijion chilli's rating: 1515 &rarr; <strong>1484</strong><br />(-31 for losing)
|raw|F(Erry) Master's rating: 1296 &rarr; <strong>1335</strong><br />(+39 for winning)
|l|+Pak
|l|%vivalospride
|l| Thisbemyalt
|l|☆F(Erry) Master
|j|☆F(Erry) Master
|player|p2|F(Erry) Master|170
|l|☆F(Erry) Master
|player|p2|
|j|☆F(Erry) Master
|player|p2|F(Erry) Master|170
