|j|☆Axrtix
|j|☆Fairlumbo
|player|p1|Axrtix|swimmerm-gen3rs|1519
|player|p2|Fairlumbo|209|1318
|teamsize|p1|6
|teamsize|p2|6
|gametype|singles
|gen|8
|tier|[Gen 8] UU
|rated|
|html|<div class="broadcast-blue"><strong>UU is currently suspecting Haxorus! For information on how to participate check out the <a href="https://www.smogon.com/forums/threads/3664575/">suspect thread</a>.</strong></div>
|clearpoke
|poke|p1|Inteleon, M|
|poke|p1|Noivern, F|
|poke|p1|Cobalion|
|poke|p1|Incineroar, M|
|poke|p1|Roserade, F|
|poke|p1|Heliolisk, F|
|poke|p2|Pangoro, M|
|poke|p2|Gigalith, F|
|poke|p2|Flygon, F|
|poke|p2|Rotom-Wash|
|poke|p2|Doublade, M|
|poke|p2|Weezing-Galar, M|
|rule|Sleep Clause Mod: Limit one foe put to sleep
|rule|Species Clause: Limit one of each Pokémon
|rule|OHKO Clause: OHKO moves are banned
|rule|Evasion Moves Clause: Evasion moves are banned
|rule|Endless Battle Clause: Forcing endless battles is banned
|rule|HP Percentage Mod: HP is shown in percentages
|rule|Dynamax Clause: You cannot dynamax
|teampreview
|j| SE elikli
|
|start
|switch|p1a: Inteleon|Inteleon, M|100/100
|switch|p2a: Flygon|Flygon, F|100/100
|turn|1
|
|move|p1a: Inteleon|Ice Beam|p2a: Flygon
|-supereffective|p2a: Flygon
|-damage|p2a: Flygon|0 fnt
|faint|p2a: Flygon
|
|upkeep
|inactive|Battle timer is ON: inactive players will automatically lose when time's up. (requested by Axrtix)
|
|switch|p2a: Rotom|Rotom-Wash|100/100
|turn|2
|
|switch|p1a: Roserade|Roserade, F|100/100
|move|p2a: Rotom|Volt Switch|p1a: Roserade
|-resisted|p1a: Roserade
|-damage|p1a: Roserade|86/100
|
|switch|p2a: Gigalith|Gigalith, F|100/100|[from]move: Volt Switch
|-weather|Sandstorm|[from] ability: Sand Stream|[of] p2a: Gigalith
|
|-weather|Sandstorm|[upkeep]
|-damage|p1a: Roserade|79/100|[from] Sandstorm
|upkeep
|turn|3
|
|move|p1a: Roserade|Leaf Storm|p2a: Gigalith
|-supereffective|p2a: Gigalith
|-damage|p2a: Gigalith|10/100
|-unboost|p1a: Roserade|spa|2
|-damage|p1a: Roserade|69/100|[from] item: Life Orb
|move|p2a: Gigalith|Rock Blast|p1a: Roserade
|-damage|p1a: Roserade|50/100
|-crit|p1a: Roserade
|-damage|p1a: Roserade|19/100
|-hitcount|p1a: Roserade|2
|
|-weather|Sandstorm|[upkeep]
|-damage|p1a: Roserade|12/100|[from] Sandstorm
|-heal|p2a: Gigalith|16/100|[from] item: Leftovers
|upkeep
|turn|4
|
|switch|p2a: Weezing|Weezing-Galar, M|100/100
|move|p1a: Roserade|Rest|p1a: Roserade
|-status|p1a: Roserade|slp|[from] move: Rest
|-heal|p1a: Roserade|100/100 slp|[silent]
|
|-weather|Sandstorm|[upkeep]
|-damage|p1a: Roserade|94/100 slp|[from] Sandstorm
|-damage|p2a: Weezing|94/100|[from] Sandstorm
|-heal|p2a: Weezing|100/100|[from] item: Black Sludge
|upkeep
|turn|5
|
|switch|p1a: Incineroar|Incineroar, M|100/100
|-ability|p1a: Incineroar|Intimidate|boost
|-unboost|p2a: Weezing|atk|1
|move|p2a: Weezing|Fire Blast|p1a: Incineroar
|-resisted|p1a: Incineroar
|-damage|p1a: Incineroar|85/100
|
|-weather|Sandstorm|[upkeep]
|-damage|p1a: Incineroar|79/100|[from] Sandstorm
|-damage|p2a: Weezing|94/100|[from] Sandstorm
|-heal|p2a: Weezing|100/100|[from] item: Black Sludge
|upkeep
|turn|6
|
|move|p1a: Incineroar|Swords Dance|p1a: Incineroar
|-boost|p1a: Incineroar|atk|2
|move|p2a: Weezing|Strange Steam|p1a: Incineroar|[miss]
|-miss|p2a: Weezing|p1a: Incineroar
|
|-weather|none
|upkeep
|turn|7
|
|switch|p2a: Gigalith|Gigalith, F|16/100
|-weather|Sandstorm|[from] ability: Sand Stream|[of] p2a: Gigalith
|move|p1a: Incineroar|Flare Blitz|p2a: Gigalith
|-resisted|p2a: Gigalith
|-damage|p2a: Gigalith|0 fnt
|-damage|p1a: Incineroar|74/100|[from] Recoil
|faint|p2a: Gigalith
|
|-weather|Sandstorm|[upkeep]
|-damage|p1a: Incineroar|68/100|[from] Sandstorm
|upkeep
|
|switch|p2a: Rotom|Rotom-Wash|100/100
|turn|8
|inactive|Axrtix has 120 seconds left.
|
|switch|p1a: Heliolisk|Heliolisk, F|100/100
|move|p2a: Rotom|Volt Switch|p1a: Heliolisk
|-resisted|p1a: Heliolisk
|-damage|p1a: Heliolisk|84/100
|
|switch|p2a: Pangoro|Pangoro, M|100/100|[from]move: Volt Switch
|
|-weather|Sandstorm|[upkeep]
|-damage|p1a: Heliolisk|77/100|[from] Sandstorm
|-damage|p2a: Pangoro|94/100|[from] Sandstorm
|upkeep
|turn|9
|inactive|Axrtix has 120 seconds left.
|
|move|p1a: Heliolisk|Volt Switch|p2a: Pangoro
|-damage|p2a: Pangoro|52/100
|
|switch|p1a: Cobalion|Cobalion|100/100|[from]move: Volt Switch
|move|p2a: Pangoro|Knock Off|p1a: Cobalion
|-resisted|p1a: Cobalion
|-damage|p1a: Cobalion|64/100
|-ability|p1a: Cobalion|Justified|boost
|-boost|p1a: Cobalion|atk|1
|-enditem|p1a: Cobalion|Occa Berry|[from] move: Knock Off|[of] p2a: Pangoro
|
|-weather|Sandstorm|[upkeep]
|-damage|p2a: Pangoro|46/100|[from] Sandstorm
|upkeep
|turn|10
|
|switch|p2a: Doublade|Doublade, M|100/100
|move|p1a: Cobalion|Stealth Rock|p2a: Doublade
|-sidestart|p2: Fairlumbo|move: Stealth Rock
|
|-weather|Sandstorm|[upkeep]
|upkeep
|turn|11
|
|move|p1a: Cobalion|Thunder Wave|p2a: Doublade
|-status|p2a: Doublade|par
|move|p2a: Doublade|Close Combat|p1a: Cobalion
|-supereffective|p1a: Cobalion
|-damage|p1a: Cobalion|0 fnt
|-unboost|p2a: Doublade|def|1
|-unboost|p2a: Doublade|spd|1
|faint|p1a: Cobalion
|
|-weather|none
|upkeep
|
|switch|p1a: Incineroar|Incineroar, M|68/100
|-ability|p1a: Incineroar|Intimidate|boost
|-unboost|p2a: Doublade|atk|1
|turn|12
|
|switch|p2a: Pangoro|Pangoro, M|46/100
|-damage|p2a: Pangoro|40/100|[from] Stealth Rock
|move|p1a: Incineroar|Knock Off|p2a: Pangoro
|-resisted|p2a: Pangoro
|-damage|p2a: Pangoro|27/100
|-enditem|p2a: Pangoro|Choice Band|[from] move: Knock Off|[of] p1a: Incineroar
|
|upkeep
|turn|13
|inactive|Axrtix has 120 seconds left.
|
|switch|p1a: Inteleon|Inteleon, M|100/100
|move|p2a: Pangoro|Drain Punch|p1a: Inteleon
|-damage|p1a: Inteleon|29/100
|-heal|p2a: Pangoro|57/100|[from] drain|[of] p1a: Inteleon
|
|upkeep
|turn|14
|
|move|p1a: Inteleon|Surf|p2a: Pangoro
|-damage|p2a: Pangoro|0 fnt
|faint|p2a: Pangoro
|
|upkeep
|
|switch|p2a: Rotom|Rotom-Wash|100/100
|-damage|p2a: Rotom|88/100|[from] Stealth Rock
|turn|15
|
|move|p1a: Inteleon|Surf|p2a: Rotom
|-resisted|p2a: Rotom
|-damage|p2a: Rotom|49/100
|move|p2a: Rotom|Volt Switch|p1a: Inteleon
|-supereffective|p1a: Inteleon
|-damage|p1a: Inteleon|0 fnt
|faint|p1a: Inteleon
|
|switch|p2a: Weezing|Weezing-Galar, M|100/100|[from]move: Volt Switch
|-damage|p2a: Weezing|88/100|[from] Stealth Rock
|
|-heal|p2a: Weezing|94/100|[from] item: Black Sludge
|upkeep
|inactive|Axrtix has 120 seconds left.
|
|switch|p1a: Heliolisk|Heliolisk, F|77/100
|turn|16
|inactive|Axrtix has 120 seconds left.
|
|switch|p2a: Rotom|Rotom-Wash|49/100
|-damage|p2a: Rotom|36/100|[from] Stealth Rock
|move|p1a: Heliolisk|Hyper Voice|p2a: Rotom
|-damage|p2a: Rotom|0 fnt
|faint|p2a: Rotom
|
|upkeep
|
|switch|p2a: Doublade|Doublade, M|100/100 par
|-damage|p2a: Doublade|94/100 par|[from] Stealth Rock
|turn|17
|
|move|p1a: Heliolisk|Volt Switch|p2a: Doublade
|-damage|p2a: Doublade|52/100 par
|
|switch|p1a: Noivern|Noivern, F|100/100|[from]move: Volt Switch
|move|p2a: Doublade|Close Combat|p1a: Noivern
|-resisted|p1a: Noivern
|-damage|p1a: Noivern|80/100
|-unboost|p2a: Doublade|def|1
|-unboost|p2a: Doublade|spd|1
|
|upkeep
|turn|18
|
|move|p1a: Noivern|Flamethrower|p2a: Doublade
|-supereffective|p2a: Doublade
|-damage|p2a: Doublade|0 fnt
|faint|p2a: Doublade
|
|upkeep
|
|switch|p2a: Weezing|Weezing-Galar, M|94/100
|-damage|p2a: Weezing|82/100|[from] Stealth Rock
|turn|19
|
|move|p1a: Noivern|Flamethrower|p2a: Weezing
|-damage|p2a: Weezing|54/100
|move|p2a: Weezing|Strange Steam|p1a: Noivern
|-supereffective|p1a: Noivern
|-damage|p1a: Noivern|0 fnt
|faint|p1a: Noivern
|
|-heal|p2a: Weezing|60/100|[from] item: Black Sludge
|upkeep
|
|switch|p1a: Heliolisk|Heliolisk, F|77/100
|turn|20
|
|move|p1a: Heliolisk|Hyper Voice|p2a: Weezing
|-damage|p2a: Weezing|0 fnt
|faint|p2a: Weezing
|
|win|Axrtix
|l|☆Fairlumbo
|l| SE elikli
|l|☆Axrtix
