|j|☆nina rosario
|j|☆Flare219
|t:|1633323989
|gametype|singles
|player|p1|nina rosario|n|1674
|player|p2|Flare219|gambler|1686
|teamsize|p1|6
|teamsize|p2|6
|gen|8
|tier|[Gen 8] UU
|rated|
|rule|Sleep Clause Mod: Limit one foe put to sleep
|rule|Species Clause: Limit one of each Pokémon
|rule|OHKO Clause: OHKO moves are banned
|rule|Evasion Moves Clause: Evasion moves are banned
|rule|Endless Battle Clause: Forcing endless battles is banned
|rule|HP Percentage Mod: HP is shown in percentages
|rule|Dynamax Clause: You cannot dynamax
|clearpoke
|poke|p1|Torkoal, M|
|poke|p1|Venusaur, M|
|poke|p1|Chansey, F|
|poke|p1|Charizard, F|
|poke|p1|Conkeldurr, F|
|poke|p1|Darmanitan, M|
|poke|p2|Primarina, M|
|poke|p2|Dhelmise|
|poke|p2|Kommo-o, M|
|poke|p2|Nidoking, M|
|poke|p2|Umbreon, F|
|poke|p2|Mienshao, M|
|teampreview
|
|t:|1633323996
|start
|switch|p1a: Darmanitan|Darmanitan, M|100/100
|switch|p2a: Nidoking|Nidoking, M|100/100
|turn|1
|
|t:|1633324002
|switch|p2a: Kommo-o|Kommo-o, M|100/100
|move|p1a: Darmanitan|Flare Blitz|p2a: Kommo-o
|-resisted|p2a: Kommo-o
|-damage|p2a: Kommo-o|61/100
|-damage|p1a: Darmanitan|89/100|[from] Recoil
|
|-heal|p2a: Kommo-o|67/100|[from] item: Leftovers
|upkeep
|turn|2
|
|t:|1633324009
|move|p1a: Darmanitan|Flare Blitz|p2a: Kommo-o
|-resisted|p2a: Kommo-o
|-crit|p2a: Kommo-o
|-damage|p2a: Kommo-o|6/100
|-damage|p1a: Darmanitan|71/100|[from] Recoil
|move|p2a: Kommo-o|Drain Punch|p1a: Darmanitan
|-damage|p1a: Darmanitan|11/100
|-heal|p2a: Kommo-o|39/100|[from] drain|[of] p1a: Darmanitan
|
|-heal|p2a: Kommo-o|45/100|[from] item: Leftovers
|upkeep
|turn|3
|
|t:|1633324014
|move|p1a: Darmanitan|Flare Blitz|p2a: Kommo-o
|-resisted|p2a: Kommo-o
|-damage|p2a: Kommo-o|5/100
|-damage|p1a: Darmanitan|0 fnt|[from] Recoil
|faint|p1a: Darmanitan
|move|p2a: Kommo-o|Drain Punch|p1: Darmanitan|[notarget]
|-fail|p2a: Kommo-o
|
|-heal|p2a: Kommo-o|11/100|[from] item: Leftovers
|upkeep
|
|t:|1633324018
|switch|p1a: Charizard|Charizard, F|100/100
|turn|4
|
|t:|1633324021
|move|p1a: Charizard|Air Slash|p2a: Kommo-o
|-supereffective|p2a: Kommo-o
|-damage|p2a: Kommo-o|0 fnt
|faint|p2a: Kommo-o
|
|upkeep
|
|t:|1633324027
|switch|p2a: Mienshao|Mienshao, M|100/100
|turn|5
|
|t:|1633324029
|switch|p1a: Conkeldurr|Conkeldurr, F|100/100
|move|p2a: Mienshao|Knock Off|p1a: Conkeldurr
|-resisted|p1a: Conkeldurr
|-damage|p1a: Conkeldurr|86/100
|-enditem|p1a: Conkeldurr|Leftovers|[from] move: Knock Off|[of] p2a: Mienshao
|-damage|p2a: Mienshao|91/100|[from] item: Life Orb
|
|upkeep
|turn|6
|j| phu123as123
|
|t:|1633324034
|move|p2a: Mienshao|U-turn|p1a: Conkeldurr
|-resisted|p1a: Conkeldurr
|-crit|p1a: Conkeldurr
|-damage|p1a: Conkeldurr|70/100
|-damage|p2a: Mienshao|81/100|[from] item: Life Orb
|
|t:|1633324036
|switch|p2a: Dhelmise|Dhelmise|100/100|[from]move: U-turn
|move|p1a: Conkeldurr|Ice Punch|p2a: Dhelmise
|-supereffective|p2a: Dhelmise
|-crit|p2a: Dhelmise
|-damage|p2a: Dhelmise|39/100
|-damage|p1a: Conkeldurr|53/100|[from] item: Rocky Helmet|[of] p2a: Dhelmise
|
|upkeep
|turn|7
|
|t:|1633324043
|move|p1a: Conkeldurr|Ice Punch|p2a: Dhelmise
|-supereffective|p2a: Dhelmise
|-damage|p2a: Dhelmise|0 fnt
|-damage|p1a: Conkeldurr|36/100|[from] item: Rocky Helmet|[of] p2a: Dhelmise
|faint|p2a: Dhelmise
|
|upkeep
|
|t:|1633324047
|switch|p2a: Nidoking|Nidoking, M|100/100
|turn|8
|
|t:|1633324049
|switch|p1a: Chansey|Chansey, F|100/100
|move|p2a: Nidoking|Sludge Wave|p1a: Chansey
|-damage|p1a: Chansey|83/100
|
|upkeep
|turn|9
|
|t:|1633324052
|move|p2a: Nidoking|Stealth Rock|p1a: Chansey
|-sidestart|p1: nina rosario|move: Stealth Rock
|move|p1a: Chansey|Seismic Toss|p2a: Nidoking
|-damage|p2a: Nidoking|67/100
|
|upkeep
|turn|10
|
|t:|1633324057
|switch|p2a: Mienshao|Mienshao, M|100/100
|move|p1a: Chansey|Seismic Toss|p2a: Mienshao
|-damage|p2a: Mienshao|64/100
|
|upkeep
|turn|11
|
|t:|1633324063
|switch|p1a: Conkeldurr|Conkeldurr, F|36/100
|-damage|p1a: Conkeldurr|30/100|[from] Stealth Rock
|move|p2a: Mienshao|Close Combat|p1a: Conkeldurr
|-damage|p1a: Conkeldurr|0 fnt
|-unboost|p2a: Mienshao|def|1
|-unboost|p2a: Mienshao|spd|1
|faint|p1a: Conkeldurr
|-damage|p2a: Mienshao|54/100|[from] item: Life Orb
|
|upkeep
|
|t:|1633324064
|switch|p1a: Torkoal|Torkoal, M|100/100
|-damage|p1a: Torkoal|76/100|[from] Stealth Rock
|-weather|SunnyDay|[from] ability: Drought|[of] p1a: Torkoal
|turn|12
|
|t:|1633324073
|move|p2a: Mienshao|U-turn|p1a: Torkoal
|-resisted|p1a: Torkoal
|-damage|p1a: Torkoal|66/100
|-damage|p2a: Mienshao|44/100|[from] item: Life Orb
|
|t:|1633324076
|switch|p2a: Mira|Umbreon, F|100/100|[from]move: U-turn
|move|p1a: Torkoal|Rapid Spin|p2a: Mira
|-damage|p2a: Mira|93/100
|-boost|p1a: Torkoal|spe|1
|-sideend|p1: nina rosario|Stealth Rock|[from] move: Rapid Spin|[of] p1a: Torkoal
|
|-weather|SunnyDay|[upkeep]
|-heal|p2a: Mira|99/100|[from] item: Leftovers
|upkeep
|turn|13
|
|t:|1633324080
|move|p2a: Mira|Wish|p2a: Mira
|move|p1a: Torkoal|Stealth Rock|p2a: Mira
|-sidestart|p2: Flare219|move: Stealth Rock
|
|-weather|SunnyDay|[upkeep]
|-heal|p2a: Mira|100/100|[from] item: Leftovers
|upkeep
|turn|14
|
|t:|1633324088
|switch|p2a: Nidoking|Nidoking, M|67/100
|-damage|p2a: Nidoking|62/100|[from] Stealth Rock
|move|p1a: Torkoal|Yawn|p2a: Nidoking
|-start|p2a: Nidoking|move: Yawn|[of] p1a: Torkoal
|
|-weather|SunnyDay|[upkeep]
|-heal|p2a: Nidoking|100/100|[from] move: Wish|[wisher] Mira
|upkeep
|turn|15
|
|t:|1633324097
|switch|p2a: Kuiper|Primarina, M|100/100
|-damage|p2a: Kuiper|88/100|[from] Stealth Rock
|switch|p1a: Charizard|Charizard, F|100/100
|
|-weather|SunnyDay|[upkeep]
|-damage|p1a: Charizard|88/100|[from] ability: Solar Power|[of] p1a: Charizard
|-heal|p2a: Kuiper|94/100|[from] item: Leftovers
|upkeep
|turn|16
|
|t:|1633324101
|switch|p2a: Mira|Umbreon, F|100/100
|-damage|p2a: Mira|88/100|[from] Stealth Rock
|move|p1a: Charizard|Overheat|p2a: Mira
|-damage|p2a: Mira|0 fnt
|-unboost|p1a: Charizard|spa|2
|faint|p2a: Mira
|
|-weather|SunnyDay|[upkeep]
|-damage|p1a: Charizard|76/100|[from] ability: Solar Power|[of] p1a: Charizard
|upkeep
|
|t:|1633324105
|switch|p2a: Mienshao|Mienshao, M|77/100
|-damage|p2a: Mienshao|71/100|[from] Stealth Rock
|turn|17
|
|t:|1633324112
|switch|p1a: Chansey|Chansey, F|83/100
|move|p2a: Mienshao|Rock Slide|p1a: Chansey
|-damage|p1a: Chansey|63/100
|-damage|p2a: Mienshao|61/100|[from] item: Life Orb
|
|-weather|SunnyDay|[upkeep]
|upkeep
|turn|18
|
|t:|1633324115
|move|p2a: Mienshao|Close Combat|p1a: Chansey
|-supereffective|p1a: Chansey
|-damage|p1a: Chansey|0 fnt
|-unboost|p2a: Mienshao|def|1
|-unboost|p2a: Mienshao|spd|1
|faint|p1a: Chansey
|-damage|p2a: Mienshao|51/100|[from] item: Life Orb
|
|-weather|SunnyDay|[upkeep]
|upkeep
|
|t:|1633324117
|switch|p1a: Venusaur|Venusaur, M|100/100
|turn|19
|
|t:|1633324124
|switch|p2a: Nidoking|Nidoking, M|100/100
|-damage|p2a: Nidoking|95/100|[from] Stealth Rock
|move|p1a: Venusaur|Weather Ball|p2a: Nidoking
|-damage|p2a: Nidoking|5/100
|-damage|p1a: Venusaur|91/100|[from] item: Life Orb
|
|-weather|none
|upkeep
|turn|20
|
|t:|1633324134
|switch|p1a: Charizard|Charizard, F|76/100
|move|p2a: Nidoking|Stealth Rock|p1a: Charizard
|-sidestart|p1: nina rosario|move: Stealth Rock
|
|upkeep
|turn|21
|
|t:|1633324140
|move|p1a: Charizard|Air Slash|p2a: Nidoking
|-damage|p2a: Nidoking|0 fnt
|faint|p2a: Nidoking
|
|upkeep
|
|t:|1633324144
|switch|p2a: Mienshao|Mienshao, M|84/100
|-damage|p2a: Mienshao|78/100|[from] Stealth Rock
|turn|22
|
|t:|1633324149
|move|p2a: Mienshao|Rock Slide|p1a: Charizard
|-supereffective|p1a: Charizard
|-damage|p1a: Charizard|0 fnt
|faint|p1a: Charizard
|-damage|p2a: Mienshao|68/100|[from] item: Life Orb
|
|upkeep
|
|t:|1633324163
|switch|p1a: Torkoal|Torkoal, M|66/100
|-damage|p1a: Torkoal|41/100|[from] Stealth Rock
|-weather|SunnyDay|[from] ability: Drought|[of] p1a: Torkoal
|turn|23
|
|t:|1633324169
|move|p2a: Mienshao|U-turn|p1a: Torkoal
|-resisted|p1a: Torkoal
|-damage|p1a: Torkoal|33/100
|-damage|p2a: Mienshao|58/100|[from] item: Life Orb
|
|t:|1633324171
|switch|p2a: Kuiper|Primarina, M|94/100|[from]move: U-turn
|-damage|p2a: Kuiper|82/100|[from] Stealth Rock
|move|p1a: Torkoal|Yawn|p2a: Kuiper
|-start|p2a: Kuiper|move: Yawn|[of] p1a: Torkoal
|
|-weather|SunnyDay|[upkeep]
|-heal|p2a: Kuiper|88/100|[from] item: Leftovers
|upkeep
|turn|24
|
|t:|1633324177
|move|p2a: Kuiper|Flip Turn|p1a: Torkoal
|-supereffective|p1a: Torkoal
|-damage|p1a: Torkoal|24/100
|
|t:|1633324179
|switch|p2a: Mienshao|Mienshao, M|92/100|[from]move: Flip Turn
|-damage|p2a: Mienshao|86/100|[from] Stealth Rock
|move|p1a: Torkoal|Lava Plume|p2a: Mienshao
|-damage|p2a: Mienshao|20/100
|
|-weather|SunnyDay|[upkeep]
|upkeep
|turn|25
|
|t:|1633324188
|move|p2a: Mienshao|U-turn|p1a: Torkoal
|-resisted|p1a: Torkoal
|-damage|p1a: Torkoal|15/100
|-damage|p2a: Mienshao|10/100|[from] item: Life Orb
|
|t:|1633324190
|switch|p2a: Kuiper|Primarina, M|88/100|[from]move: U-turn
|-damage|p2a: Kuiper|75/100|[from] Stealth Rock
|move|p1a: Torkoal|Yawn|p2a: Kuiper
|-start|p2a: Kuiper|move: Yawn|[of] p1a: Torkoal
|
|-weather|SunnyDay|[upkeep]
|-heal|p2a: Kuiper|82/100|[from] item: Leftovers
|upkeep
|turn|26
|
|t:|1633324198
|switch|p1a: Venusaur|Venusaur, M|91/100
|-damage|p1a: Venusaur|78/100|[from] Stealth Rock
|move|p2a: Kuiper|Scald|p1a: Venusaur
|-resisted|p1a: Venusaur
|-crit|p1a: Venusaur
|-damage|p1a: Venusaur|60/100
|
|-weather|SunnyDay|[upkeep]
|-heal|p2a: Kuiper|88/100|[from] item: Leftovers
|-end|p2a: Kuiper|move: Yawn|[silent]
|-status|p2a: Kuiper|slp
|upkeep
|turn|27
|
|t:|1633324202
|move|p1a: Venusaur|Sludge Bomb|p2a: Kuiper
|-supereffective|p2a: Kuiper
|-damage|p2a: Kuiper|0 fnt
|faint|p2a: Kuiper
|-damage|p1a: Venusaur|50/100|[from] item: Life Orb
|
|-weather|SunnyDay|[upkeep]
|upkeep
|inactive|Battle timer is ON: inactive players will automatically lose when time's up. (requested by nina rosario)
|
|t:|1633324215
|switch|p2a: Mienshao|Mienshao, M|44/100
|-damage|p2a: Mienshao|38/100|[from] Stealth Rock
|turn|28
|
|t:|1633324217
|move|p1a: Venusaur|Weather Ball|p2a: Mienshao
|-damage|p2a: Mienshao|0 fnt
|faint|p2a: Mienshao
|-damage|p1a: Venusaur|40/100|[from] item: Life Orb
|
|win|nina rosario
|raw|nina rosario's rating: 1674 &rarr; <strong>1695</strong><br />(+21 for winning)
|raw|Flare219's rating: 1686 &rarr; <strong>1665</strong><br />(-21 for losing)
|l|☆Flare219
|l|☆nina rosario
|l| phu123as123
|j|☆nina rosario
|player|p1|nina rosario|n
