|raw|<div class="broadcast-blue"><strong>This battle is required to be public due to a player having a name starting with 'uult91w'.</div>
|j|☆SteAlthalo
|j|☆UULT91w cry
|t:|1651608505
|gametype|singles
|player|p1|SteAlthalo|1|1374
|player|p2|UULT91w cry|170|1501
|teamsize|p1|6
|teamsize|p2|6
|gen|8
|tier|[Gen 8] UU
|rated|
|rule|Sleep Clause Mod: Limit one foe put to sleep
|rule|Species Clause: Limit one of each Pokémon
|rule|OHKO Clause: OHKO moves are banned
|rule|Evasion Moves Clause: Evasion moves are banned
|rule|Endless Battle Clause: Forcing endless battles is banned
|rule|HP Percentage Mod: HP is shown in percentages
|rule|Dynamax Clause: You cannot dynamax
|clearpoke
|poke|p1|Tapu Bulu|
|poke|p1|Araquanid, M|
|poke|p1|Salamence, M|
|poke|p1|Primarina, F|
|poke|p1|Dhelmise|
|poke|p1|Mamoswine, F|
|poke|p2|Amoonguss, M|
|poke|p2|Mamoswine, M|
|poke|p2|Salamence, M|
|poke|p2|Aegislash, M|
|poke|p2|Scrafty, F|
|poke|p2|Nihilego|
|teampreview
|inactive|Battle timer is ON: inactive players will automatically lose when time's up. (requested by UULT91w cry)
|
|t:|1651608532
|start
|switch|p1a: Mamoswine|Mamoswine, F|100/100
|switch|p2a: Nihilego|Nihilego|100/100
|turn|1
|j| UULT91w Micciu
|
|t:|1651608550
|switch|p2a: Amoonguss|Amoonguss, M|100/100
|move|p1a: Mamoswine|Earthquake|p2a: Amoonguss
|-damage|p2a: Amoonguss|60/100
|
|upkeep
|turn|2
|
|t:|1651608557
|switch|p2a: Mamoswine|Mamoswine, M|100/100
|move|p1a: Mamoswine|Icicle Crash|p2a: Mamoswine
|-damage|p2a: Mamoswine|74/100
|
|upkeep
|turn|3
|
|t:|1651608564
|move|p2a: Mamoswine|Earthquake|p1a: Mamoswine
|-crit|p1a: Mamoswine
|-enditem|p1a: Mamoswine|Focus Sash
|-damage|p1a: Mamoswine|1/100
|move|p1a: Mamoswine|Earthquake|p2a: Mamoswine
|-damage|p2a: Mamoswine|4/100
|
|upkeep
|turn|4
|
|t:|1651608573
|switch|p1a: Araquanid|Araquanid, M|100/100
|move|p2a: Mamoswine|Ice Shard|p1a: Araquanid
|-resisted|p1a: Araquanid
|-damage|p1a: Araquanid|85/100
|
|upkeep
|turn|5
|
|t:|1651608580
|move|p2a: Mamoswine|Knock Off|p1a: Araquanid
|-damage|p1a: Araquanid|38/100
|-enditem|p1a: Araquanid|Mystic Water|[from] move: Knock Off|[of] p2a: Mamoswine
|move|p1a: Araquanid|Sticky Web|p2a: Mamoswine
|-sidestart|p2: UULT91w cry|move: Sticky Web
|
|upkeep
|turn|6
|
|t:|1651608588
|switch|p2a: Salamence|Salamence, M|100/100
|-ability|p2a: Salamence|Intimidate|boost
|-unboost|p1a: Araquanid|atk|1
|move|p1a: Araquanid|Liquidation|p2a: Salamence
|-resisted|p2a: Salamence
|-damage|p2a: Salamence|76/100
|
|upkeep
|turn|7
|j| pokemonisfun
|
|t:|1651608596
|move|p2a: Salamence|Defog|p1a: Araquanid
|-unboost|p1a: Araquanid|evasion|1
|-sideend|p2: UULT91w cry|Sticky Web|[from] move: Defog|[of] p2a: Salamence
|move|p1a: Araquanid|Toxic|p2a: Salamence|[miss]
|-miss|p1a: Araquanid|p2a: Salamence
|
|upkeep
|turn|8
|
|t:|1651608603
|move|p2a: Salamence|Dual Wingbeat|p1a: Araquanid
|-supereffective|p1a: Araquanid
|-damage|p1a: Araquanid|0 fnt
|faint|p1a: Araquanid
|-hitcount|p1: Araquanid|1
|
|upkeep
|c| pokemonisfun|scrafty into double fairy + mence
|
|t:|1651608609
|switch|p1a: Salamence|Salamence, M|100/100
|turn|9
|c| pokemonisfun|who leaked
|
|t:|1651608620
|switch|p2a: Aegislash|Aegislash, M|100/100
|move|p1a: Salamence|Dragon Claw|p2a: Aegislash
|-resisted|p2a: Aegislash
|-damage|p2a: Aegislash|83/100
|
|-heal|p2a: Aegislash|89/100|[from] item: Leftovers
|upkeep
|turn|10
|
|t:|1651608629
|move|p1a: Salamence|Earthquake|p2a: Aegislash
|-supereffective|p2a: Aegislash
|-damage|p2a: Aegislash|27/100
|-formechange|p2a: Aegislash|Aegislash-Blade||[from] ability: Stance Change
|move|p2a: Aegislash|Shadow Ball|p1a: Salamence
|-damage|p1a: Salamence|43/100
|-unboost|p1a: Salamence|spd|1
|
|-heal|p2a: Aegislash|34/100|[from] item: Leftovers
|upkeep
|turn|11
|
|t:|1651608641
|-formechange|p2a: Aegislash|Aegislash||[from] ability: Stance Change
|move|p2a: Aegislash|King's Shield|p2a: Aegislash
|-singleturn|p2a: Aegislash|Protect
|move|p1a: Salamence|Earthquake|p2a: Aegislash
|-activate|p2a: Aegislash|move: Protect
|
|-heal|p2a: Aegislash|40/100|[from] item: Leftovers
|upkeep
|turn|12
|
|t:|1651608651
|switch|p2a: Amoonguss|Amoonguss, M|93/100
|move|p1a: Salamence|Earthquake|p2a: Amoonguss
|-damage|p2a: Amoonguss|66/100
|
|upkeep
|turn|13
|
|t:|1651608659
|switch|p2a: Salamence|Salamence, M|76/100
|-ability|p2a: Salamence|Intimidate|boost
|-unboost|p1a: Salamence|atk|1
|move|p1a: Salamence|Dual Wingbeat|p2a: Salamence
|-damage|p2a: Salamence|62/100
|-damage|p2a: Salamence|47/100
|-hitcount|p2a: Salamence|2
|
|upkeep
|turn|14
|
|t:|1651608669
|switch|p2a: Amoonguss|Amoonguss, M|99/100
|switch|p1a: Mamoswine|Mamoswine, F|1/100
|
|upkeep
|turn|15
|
|t:|1651608675
|move|p1a: Mamoswine|Stealth Rock|p2a: Amoonguss
|-sidestart|p2: UULT91w cry|move: Stealth Rock
|move|p2a: Amoonguss|Sludge Bomb|p1a: Mamoswine
|-resisted|p1a: Mamoswine
|-damage|p1a: Mamoswine|0 fnt
|faint|p1a: Mamoswine
|
|upkeep
|
|t:|1651608682
|switch|p1a: Salamence|Salamence, M|43/100
|turn|16
|
|t:|1651608686
|move|p1a: Salamence|Dual Wingbeat|p2a: Amoonguss
|-supereffective|p2a: Amoonguss
|-damage|p2a: Amoonguss|70/100
|-damage|p1a: Salamence|27/100|[from] item: Rocky Helmet|[of] p2a: Amoonguss
|-supereffective|p2a: Amoonguss
|-damage|p2a: Amoonguss|38/100
|-damage|p1a: Salamence|10/100|[from] item: Rocky Helmet|[of] p2a: Amoonguss
|-hitcount|p2a: Amoonguss|2
|move|p2a: Amoonguss|Sludge Bomb|p1a: Salamence
|-damage|p1a: Salamence|0 fnt
|faint|p1a: Salamence
|
|upkeep
|
|t:|1651608701
|switch|p1a: Primarina|Primarina, F|100/100
|turn|17
|
|t:|1651608707
|move|p1a: Primarina|Psychic|p2a: Amoonguss
|-supereffective|p2a: Amoonguss
|-damage|p2a: Amoonguss|0 fnt
|faint|p2a: Amoonguss
|
|upkeep
|
|t:|1651608725
|switch|p2a: Salamence|Salamence, M|47/100
|-ability|p2a: Salamence|Intimidate|boost
|-unboost|p1a: Primarina|atk|1
|turn|18
|
|t:|1651608746
|move|p2a: Salamence|Dual Wingbeat|p1a: Primarina
|-damage|p1a: Primarina|75/100
|-damage|p1a: Primarina|52/100
|-hitcount|p1a: Primarina|2
|move|p1a: Primarina|Calm Mind|p1a: Primarina
|-boost|p1a: Primarina|spa|1
|-boost|p1a: Primarina|spd|1
|
|upkeep
|turn|19
|
|t:|1651608754
|move|p2a: Salamence|Dual Wingbeat|p1a: Primarina
|-damage|p1a: Primarina|25/100
|-damage|p1a: Primarina|0 fnt
|faint|p1a: Primarina
|-hitcount|p1: Primarina|2
|
|upkeep
|
|t:|1651608761
|switch|p1a: Tapu Bulu|Tapu Bulu|100/100
|-fieldstart|move: Grassy Terrain|[from] ability: Grassy Surge|[of] p1a: Tapu Bulu
|turn|20
|
|t:|1651608767
|move|p2a: Salamence|Dual Wingbeat|p1a: Tapu Bulu
|-supereffective|p1a: Tapu Bulu
|-damage|p1a: Tapu Bulu|63/100
|-supereffective|p1a: Tapu Bulu
|-damage|p1a: Tapu Bulu|26/100
|-hitcount|p1a: Tapu Bulu|2
|move|p1a: Tapu Bulu|Rock Slide|p2a: Salamence
|-supereffective|p2a: Salamence
|-damage|p2a: Salamence|0 fnt
|faint|p2a: Salamence
|
|-heal|p1a: Tapu Bulu|33/100|[from] Grassy Terrain
|upkeep
|
|t:|1651608774
|switch|p2a: Nihilego|Nihilego|100/100
|-damage|p2a: Nihilego|88/100|[from] Stealth Rock
|turn|21
|
|t:|1651608783
|move|p2a: Nihilego|Sludge Bomb|p1a: Tapu Bulu
|-supereffective|p1a: Tapu Bulu
|-damage|p1a: Tapu Bulu|0 fnt
|faint|p1a: Tapu Bulu
|-ability|p2a: Nihilego|Beast Boost|boost
|-boost|p2a: Nihilego|spe|1
|
|-heal|p2a: Nihilego|94/100|[from] Grassy Terrain
|-heal|p2a: Nihilego|99/100|[from] item: Black Sludge
|upkeep
|
|t:|1651608792
|switch|p1a: Dhelmise|Dhelmise|100/100
|turn|22
|j| mncmt
|
|t:|1651608796
|move|p2a: Nihilego|Sludge Bomb|p1a: Dhelmise
|-damage|p1a: Dhelmise|64/100
|move|p1a: Dhelmise|Anchor Shot|p2a: Nihilego
|-supereffective|p2a: Nihilego
|-damage|p2a: Nihilego|0 fnt
|faint|p2a: Nihilego
|
|-heal|p1a: Dhelmise|70/100|[from] Grassy Terrain
|upkeep
|
|t:|1651608806
|switch|p2a: Scrafty|Scrafty, F|100/100
|-damage|p2a: Scrafty|95/100|[from] Stealth Rock
|turn|23
|
|t:|1651608811
|move|p2a: Scrafty|Knock Off|p1a: Dhelmise
|-supereffective|p1a: Dhelmise
|-damage|p1a: Dhelmise|7/100
|-enditem|p1a: Dhelmise|Assault Vest|[from] move: Knock Off|[of] p2a: Scrafty
|move|p1a: Dhelmise|Rapid Spin|p2a: Scrafty
|-damage|p2a: Scrafty|75/100
|-boost|p1a: Dhelmise|spe|1
|
|-heal|p1a: Dhelmise|14/100|[from] Grassy Terrain
|-heal|p2a: Scrafty|81/100|[from] Grassy Terrain
|-heal|p2a: Scrafty|87/100|[from] item: Leftovers
|upkeep
|turn|24
|
|t:|1651608823
|move|p1a: Dhelmise|Power Whip|p2a: Scrafty
|-damage|p2a: Scrafty|0 fnt
|faint|p2a: Scrafty
|
|-heal|p1a: Dhelmise|20/100|[from] Grassy Terrain
|upkeep
|l| mncmt
|inactive|UULT91w cry has 120 seconds left.
|
|t:|1651608878
|switch|p2a: Aegislash|Aegislash, M|40/100
|-damage|p2a: Aegislash|34/100|[from] Stealth Rock
|turn|25
|
|t:|1651608882
|move|p2a: Aegislash|King's Shield|p2a: Aegislash
|-singleturn|p2a: Aegislash|Protect
|move|p1a: Dhelmise|Poltergeist|p2a: Aegislash
|-activate|p2a: Aegislash|move: Protect
|
|-heal|p1a: Dhelmise|26/100|[from] Grassy Terrain
|-heal|p2a: Aegislash|40/100|[from] Grassy Terrain
|-heal|p2a: Aegislash|46/100|[from] item: Leftovers
|upkeep
|turn|26
|
|t:|1651608895
|move|p1a: Dhelmise|Poltergeist|p2a: Aegislash
|-activate|p2a: Aegislash|move: Poltergeist|Leftovers
|-supereffective|p2a: Aegislash
|-damage|p2a: Aegislash|0 fnt
|faint|p2a: Aegislash
|
|-heal|p1a: Dhelmise|32/100|[from] Grassy Terrain
|upkeep
|-message|UULT91w cry forfeited.
|
|win|SteAlthalo
|raw|SteAlthalo's rating: 1374 &rarr; <strong>1401</strong><br />(+27 for winning)
|raw|UULT91w cry's rating: 1501 &rarr; <strong>1474</strong><br />(-27 for losing)
|l|☆UULT91w cry
|c|☆SteAlthalo|Gg
|l| UULT91w Micciu
|l|☆SteAlthalo
||Ladder isn't responding, score probably updated but might not have (Request timeout).
|j| drey77
|j|+Mengy ㋛
