|j|☆St. 78
|j|☆InsiraUmNome
|t:|1596924264
|player|p1|St. 78|101|
|player|p2|InsiraUmNome|giovanni|
|teamsize|p1|6
|teamsize|p2|6
|gametype|singles
|gen|8
|tier|[Gen 8] UU
|rated|Tournament battle
|clearpoke
|poke|p1|Chandelure, F|
|poke|p1|Cobalion|
|poke|p1|Dragalge, F|
|poke|p1|Umbreon, M|
|poke|p1|Rotom-Wash|
|poke|p1|Krookodile, F|
|poke|p2|Mienshao, F|
|poke|p2|Bronzong|
|poke|p2|Flygon, F|
|poke|p2|Exploud, M|
|poke|p2|Seismitoad, M|
|poke|p2|Indeedee, M|
|rule|Sleep Clause Mod: Limit one foe put to sleep
|rule|Species Clause: Limit one of each Pokémon
|rule|OHKO Clause: OHKO moves are banned
|rule|Evasion Moves Clause: Evasion moves are banned
|rule|Endless Battle Clause: Forcing endless battles is banned
|rule|HP Percentage Mod: HP is shown in percentages
|rule|Dynamax Clause: You cannot dynamax
|teampreview
|
|t:|1596924283
|start
|switch|p1a: Fendi|Dragalge, F|100/100
|switch|p2a: Min Min|Flygon, F|100/100
|turn|1
|
|t:|1596924302
|switch|p1a: Uniqlo|Umbreon, M|100/100
|move|p2a: Min Min|U-turn|p1a: Uniqlo
|-supereffective|p1a: Uniqlo
|-crit|p1a: Uniqlo
|-damage|p1a: Uniqlo|59/100
|
|t:|1596924310
|switch|p2a: Asta Clóvis|Exploud, M|100/100|[from]move: U-turn
|
|-heal|p1a: Uniqlo|65/100|[from] item: Leftovers
|upkeep
|turn|2
|
|t:|1596924316
|move|p1a: Uniqlo|Protect|p1a: Uniqlo
|-singleturn|p1a: Uniqlo|Protect
|move|p2a: Asta Clóvis|Boomburst|p1a: Uniqlo
|-activate|p1a: Uniqlo|move: Protect
|
|-heal|p1a: Uniqlo|71/100|[from] item: Leftovers
|upkeep
|turn|3
|
|t:|1596924323
|move|p2a: Asta Clóvis|Boomburst|p1a: Uniqlo
|-damage|p1a: Uniqlo|18/100
|move|p1a: Uniqlo|Wish|p1a: Uniqlo
|
|-heal|p1a: Uniqlo|24/100|[from] item: Leftovers
|upkeep
|turn|4
|
|t:|1596924330
|switch|p2a: I-Pin|Mienshao, F|100/100
|move|p1a: Uniqlo|Protect||[still]
|-fail|p1a: Uniqlo
|
|-heal|p1a: Uniqlo|74/100|[from] move: Wish|[wisher] Uniqlo
|-heal|p1a: Uniqlo|80/100|[from] item: Leftovers
|upkeep
|turn|5
|
|t:|1596924338
|move|p1a: Uniqlo|Protect|p1a: Uniqlo
|-singleturn|p1a: Uniqlo|Protect
|move|p2a: I-Pin|U-turn|p1a: Uniqlo
|-activate|p1a: Uniqlo|move: Protect
|
|-heal|p1a: Uniqlo|86/100|[from] item: Leftovers
|upkeep
|turn|6
|
|t:|1596924347
|switch|p1a: Kholr|Rotom-Wash|100/100
|move|p2a: I-Pin|Knock Off|p1a: Kholr
|-damage|p1a: Kholr|66/100
|-enditem|p1a: Kholr|Leftovers|[from] move: Knock Off|[of] p2a: I-Pin
|-damage|p2a: I-Pin|91/100|[from] item: Life Orb
|
|upkeep
|turn|7
|
|t:|1596924359
|move|p2a: I-Pin|U-turn|p1a: Kholr
|-damage|p1a: Kholr|43/100
|-damage|p2a: I-Pin|81/100|[from] item: Life Orb
|
|t:|1596924365
|switch|p2a: Ginyu|Seismitoad, M|100/100|[from]move: U-turn
|move|p1a: Kholr|Pain Split|p2a: Ginyu
|-sethp|p2a: Ginyu|66/100|[from] move: Pain Split|[silent]
|-sethp|p1a: Kholr|90/100|[from] move: Pain Split
|
|-heal|p2a: Ginyu|72/100|[from] item: Leftovers
|upkeep
|turn|8
|
|t:|1596924389
|switch|p1a: Uniqlo|Umbreon, M|86/100
|move|p2a: Ginyu|Knock Off|p1a: Uniqlo
|-resisted|p1a: Uniqlo
|-damage|p1a: Uniqlo|78/100
|-enditem|p1a: Uniqlo|Leftovers|[from] move: Knock Off|[of] p2a: Ginyu
|
|-heal|p2a: Ginyu|78/100|[from] item: Leftovers
|upkeep
|turn|9
|
|t:|1596924397
|move|p2a: Ginyu|Toxic|p1a: Uniqlo
|-status|p1a: Uniqlo|tox
|move|p1a: Uniqlo|Wish|p1a: Uniqlo
|
|-heal|p2a: Ginyu|84/100|[from] item: Leftovers
|-damage|p1a: Uniqlo|72/100 tox|[from] psn
|upkeep
|turn|10
|
|t:|1596924405
|move|p2a: Ginyu|Stealth Rock|p1a: Uniqlo
|-sidestart|p1: St. 78|move: Stealth Rock
|move|p1a: Uniqlo|Heal Bell|p1a: Uniqlo
|-activate|p1a: Uniqlo|move: Heal Bell
|-curestatus|p1a: Uniqlo|tox|[msg]
|
|-heal|p1a: Uniqlo|100/100|[from] move: Wish|[wisher] Uniqlo
|-heal|p2a: Ginyu|90/100|[from] item: Leftovers
|upkeep
|turn|11
|
|t:|1596924420
|move|p2a: Ginyu|Toxic|p1a: Uniqlo
|-status|p1a: Uniqlo|tox
|move|p1a: Uniqlo|Foul Play|p2a: Ginyu
|-damage|p2a: Ginyu|70/100
|
|-heal|p2a: Ginyu|76/100|[from] item: Leftovers
|-damage|p1a: Uniqlo|94/100 tox|[from] psn
|upkeep
|turn|12
|
|t:|1596924431
|switch|p2a: I-Pin|Mienshao, F|100/100
|move|p1a: Uniqlo|Heal Bell|p1a: Uniqlo
|-activate|p1a: Uniqlo|move: Heal Bell
|-curestatus|p1a: Uniqlo|tox|[msg]
|
|upkeep
|turn|13
|
|t:|1596924443
|switch|p1a: Fendi|Dragalge, F|100/100
|-damage|p1a: Fendi|88/100|[from] Stealth Rock
|move|p2a: I-Pin|Knock Off|p1a: Fendi
|-damage|p1a: Fendi|53/100
|-enditem|p1a: Fendi|Leftovers|[from] move: Knock Off|[of] p2a: I-Pin
|-damage|p2a: I-Pin|91/100|[from] item: Life Orb
|
|upkeep
|turn|14
|
|t:|1596924451
|move|p2a: I-Pin|U-turn|p1a: Fendi
|-resisted|p1a: Fendi
|-damage|p1a: Fendi|40/100
|-damage|p2a: I-Pin|81/100|[from] item: Life Orb
|
|t:|1596924460
|switch|p2a: Robo|Bronzong|100/100|[from]move: U-turn
|move|p1a: Fendi|Toxic Spikes|p2a: Robo
|-sidestart|p2: InsiraUmNome|move: Toxic Spikes
|
|upkeep
|turn|15
|
|t:|1596924466
|move|p1a: Fendi|Flip Turn|p2a: Robo
|-damage|p2a: Robo|91/100
|
|t:|1596924470
|switch|p1a: Kholr|Rotom-Wash|90/100|[from]move: Flip Turn
|-damage|p1a: Kholr|78/100|[from] Stealth Rock
|move|p2a: Robo|Gyro Ball|p1a: Kholr
|-resisted|p1a: Kholr
|-damage|p1a: Kholr|70/100
|
|upkeep
|turn|16
|
|t:|1596924484
|switch|p2a: Ginyu|Seismitoad, M|76/100
|-status|p2a: Ginyu|psn
|move|p1a: Kholr|Volt Switch|p2a: Ginyu
|-immune|p2a: Ginyu
|
|-heal|p2a: Ginyu|82/100 psn|[from] item: Leftovers
|-damage|p2a: Ginyu|69/100 psn|[from] psn
|upkeep
|turn|17
|
|t:|1596924498
|switch|p2a: I-Pin|Mienshao, F|100/100
|-status|p2a: I-Pin|psn
|switch|p1a: Dior|Krookodile, F|100/100
|-damage|p1a: Dior|94/100|[from] Stealth Rock
|-ability|p1a: Dior|Intimidate|boost
|-unboost|p2a: I-Pin|atk|1
|
|-damage|p2a: I-Pin|88/100 psn|[from] psn
|upkeep
|turn|18
|
|t:|1596924508
|switch|p2a: Min Min|Flygon, F|100/100
|move|p1a: Dior|Earthquake|p2a: Min Min
|-immune|p2a: Min Min|[from] ability: Levitate
|
|upkeep
|turn|19
|
|t:|1596924519
|switch|p1a: Kholr|Rotom-Wash|70/100
|-damage|p1a: Kholr|58/100|[from] Stealth Rock
|move|p2a: Min Min|U-turn|p1a: Kholr
|-damage|p1a: Kholr|44/100
|j| Can'tFight
|
|t:|1596924553
|switch|p2a: Didi|Indeedee, M|100/100|[from]move: U-turn
|-status|p2a: Didi|psn
|-fieldstart|move: Psychic Terrain|[from] ability: Psychic Surge|[of] p2a: Didi
|
|-damage|p2a: Didi|88/100 psn|[from] psn
|upkeep
|turn|20
|
|t:|1596924598
|switch|p1a: Rhude|Chandelure, F|100/100
|move|p2a: Didi|Energy Ball|p1a: Rhude
|-resisted|p1a: Rhude
|-damage|p1a: Rhude|81/100
|
|-damage|p2a: Didi|76/100 psn|[from] psn
|upkeep
|turn|21
|
|t:|1596924616
|switch|p2a: Min Min|Flygon, F|100/100
|move|p1a: Rhude|Flamethrower|p2a: Min Min
|-resisted|p2a: Min Min
|-damage|p2a: Min Min|70/100
|
|-heal|p2a: Min Min|76/100|[from] item: Leftovers
|upkeep
|turn|22
|
|t:|1596924651
|move|p1a: Rhude|Protect|p1a: Rhude
|-singleturn|p1a: Rhude|Protect
|move|p2a: Min Min|Earthquake|p1a: Rhude
|-activate|p1a: Rhude|move: Protect
|
|-heal|p2a: Min Min|82/100|[from] item: Leftovers
|upkeep
|turn|23
|
|t:|1596924663
|switch|p1a: Kholr|Rotom-Wash|44/100
|-damage|p1a: Kholr|32/100|[from] Stealth Rock
|move|p2a: Min Min|Earthquake|p1a: Kholr
|-immune|p1a: Kholr|[from] ability: Levitate
|
|-heal|p2a: Min Min|88/100|[from] item: Leftovers
|-fieldend|move: Psychic Terrain
|upkeep
|turn|24
|
|t:|1596924672
|move|p2a: Min Min|U-turn|p1a: Kholr
|-damage|p1a: Kholr|19/100
|
|t:|1596924678
|switch|p2a: Ginyu|Seismitoad, M|69/100 psn|[from]move: U-turn
|move|p1a: Kholr|Defog|p2a: Ginyu
|-unboost|p2a: Ginyu|evasion|1
|-sideend|p2: InsiraUmNome|Toxic Spikes|[from] move: Defog|[of] p1a: Kholr
|-sideend|p1: St. 78|Stealth Rock|[from] move: Defog|[of] p1a: Kholr
|
|-heal|p2a: Ginyu|75/100 psn|[from] item: Leftovers
|-damage|p2a: Ginyu|63/100 psn|[from] psn
|upkeep
|turn|25
|
|t:|1596924688
|move|p2a: Ginyu|Toxic|p1a: Kholr
|-status|p1a: Kholr|tox
|move|p1a: Kholr|Pain Split|p2a: Ginyu
|-sethp|p2a: Ginyu|38/100 psn|[from] move: Pain Split|[silent]
|-sethp|p1a: Kholr|52/100 tox|[from] move: Pain Split
|
|-heal|p2a: Ginyu|44/100 psn|[from] item: Leftovers
|-damage|p2a: Ginyu|32/100 psn|[from] psn
|-damage|p1a: Kholr|46/100 tox|[from] psn
|upkeep
|turn|26
|
|t:|1596924698
|switch|p1a: Uniqlo|Umbreon, M|94/100
|move|p2a: Ginyu|Stealth Rock|p1a: Uniqlo
|-sidestart|p1: St. 78|move: Stealth Rock
|
|-heal|p2a: Ginyu|38/100 psn|[from] item: Leftovers
|-damage|p2a: Ginyu|26/100 psn|[from] psn
|upkeep
|turn|27
|
|t:|1596924714
|switch|p2a: Min Min|Flygon, F|88/100
|move|p1a: Uniqlo|Foul Play|p2a: Min Min
|-damage|p2a: Min Min|61/100
|
|-heal|p2a: Min Min|68/100|[from] item: Leftovers
|upkeep
|turn|28
|
|t:|1596924722
|move|p2a: Min Min|U-turn|p1a: Uniqlo
|-supereffective|p1a: Uniqlo
|-damage|p1a: Uniqlo|66/100
|
|t:|1596924726
|switch|p2a: Asta Clóvis|Exploud, M|100/100|[from]move: U-turn
|move|p1a: Uniqlo|Wish|p1a: Uniqlo
|
|upkeep
|turn|29
|
|t:|1596924731
|move|p2a: Asta Clóvis|Boomburst|p1a: Uniqlo
|-damage|p1a: Uniqlo|17/100
|move|p1a: Uniqlo|Foul Play|p2a: Asta Clóvis
|-damage|p2a: Asta Clóvis|71/100
|
|-heal|p1a: Uniqlo|67/100|[from] move: Wish|[wisher] Uniqlo
|upkeep
|turn|30
|
|t:|1596924739
|move|p2a: Asta Clóvis|Boomburst|p1a: Uniqlo
|-crit|p1a: Uniqlo
|-damage|p1a: Uniqlo|0 fnt
|faint|p1a: Uniqlo
|
|upkeep
|
|t:|1596924755
|switch|p1a: John Elliot|Cobalion|100/100
|-damage|p1a: John Elliot|97/100|[from] Stealth Rock
|turn|31
|
|t:|1596924769
|switch|p2a: Ginyu|Seismitoad, M|26/100 psn
|move|p1a: John Elliot|Close Combat|p2a: Ginyu
|-damage|p2a: Ginyu|0 fnt
|-unboost|p1a: John Elliot|def|1
|-unboost|p1a: John Elliot|spd|1
|faint|p2a: Ginyu
|
|upkeep
|
|t:|1596924777
|switch|p2a: Didi|Indeedee, M|76/100 psn
|-fieldstart|move: Psychic Terrain|[from] ability: Psychic Surge|[of] p2a: Didi
|turn|32
|
|t:|1596924802
|switch|p1a: Dior|Krookodile, F|94/100
|-damage|p1a: Dior|88/100|[from] Stealth Rock
|-ability|p1a: Dior|Intimidate|boost
|-unboost|p2a: Didi|atk|1
|move|p2a: Didi|Expanding Force|p1a: Dior
|-immune|p1a: Dior
|
|-damage|p2a: Didi|64/100 psn|[from] psn
|upkeep
|turn|33
|
|t:|1596924818
|switch|p2a: Min Min|Flygon, F|68/100
|move|p1a: Dior|Knock Off|p2a: Min Min
|-damage|p2a: Min Min|31/100
|-enditem|p2a: Min Min|Leftovers|[from] move: Knock Off|[of] p1a: Dior
|
|upkeep
|turn|34
|
|t:|1596924828
|switch|p1a: Kholr|Rotom-Wash|46/100 tox
|-damage|p1a: Kholr|34/100 tox|[from] Stealth Rock
|move|p2a: Min Min|Roost|p2a: Min Min
|-heal|p2a: Min Min|81/100
|-singleturn|p2a: Min Min|move: Roost
|
|-damage|p1a: Kholr|28/100 tox|[from] psn
|upkeep
|turn|35
|
|t:|1596924851
|move|p2a: Min Min|Earthquake|p1a: Kholr
|-immune|p1a: Kholr|[from] ability: Levitate
|move|p1a: Kholr|Defog|p2a: Min Min
|-unboost|p2a: Min Min|evasion|1
|-sideend|p1: St. 78|Stealth Rock|[from] move: Defog|[of] p1a: Kholr
|-fieldend|move: Psychic Terrain
|
|-damage|p1a: Kholr|16/100 tox|[from] psn
|upkeep
|turn|36
|
|t:|1596924863
|move|p2a: Min Min|U-turn|p1a: Kholr
|-damage|p1a: Kholr|2/100 tox
|
|t:|1596924876
|switch|p2a: Asta Clóvis|Exploud, M|71/100|[from]move: U-turn
|move|p1a: Kholr|Pain Split|p2a: Asta Clóvis
|-sethp|p2a: Asta Clóvis|37/100|[from] move: Pain Split|[silent]
|-sethp|p1a: Kholr|50/100 tox|[from] move: Pain Split
|
|-damage|p1a: Kholr|32/100 tox|[from] psn
|upkeep
|turn|37
|
|t:|1596924884
|move|p1a: Kholr|Hydro Pump|p2a: Asta Clóvis
|-damage|p2a: Asta Clóvis|0 fnt
|faint|p2a: Asta Clóvis
|
|-damage|p1a: Kholr|8/100 tox|[from] psn
|upkeep
|
|t:|1596924909
|switch|p2a: Min Min|Flygon, F|81/100
|turn|38
|
|t:|1596924976
|move|p2a: Min Min|U-turn|p1a: Kholr
|-damage|p1a: Kholr|0 fnt
|faint|p1a: Kholr
|
|t:|1596924996
|switch|p2a: Didi|Indeedee, M|64/100 psn|[from]move: U-turn
|-fieldstart|move: Psychic Terrain|[from] ability: Psychic Surge|[of] p2a: Didi
|
|-damage|p2a: Didi|51/100 psn|[from] psn
|upkeep
|
|t:|1596925002
|switch|p1a: Dior|Krookodile, F|88/100
|-ability|p1a: Dior|Intimidate|boost
|-unboost|p2a: Didi|atk|1
|turn|39
|
|t:|1596925012
|move|p1a: Dior|Darkest Lariat|p2a: Didi
|-supereffective|p2a: Didi
|-damage|p2a: Didi|0 fnt
|faint|p2a: Didi
|
|upkeep
|
|t:|1596925021
|switch|p2a: I-Pin|Mienshao, F|100/100 psn
|turn|40
|
|t:|1596925036
|move|p1a: Dior|Darkest Lariat|p2a: I-Pin
|-resisted|p2a: I-Pin
|-damage|p2a: I-Pin|61/100 psn
|move|p2a: I-Pin|Knock Off|p1a: Dior
|-resisted|p1a: Dior
|-damage|p1a: Dior|60/100
|-enditem|p1a: Dior|Choice Scarf|[from] move: Knock Off|[of] p2a: I-Pin
|-damage|p2a: I-Pin|51/100 psn|[from] item: Life Orb
|
|-damage|p2a: I-Pin|39/100 psn|[from] psn
|upkeep
|turn|41
|
|t:|1596925048
|switch|p1a: Fendi|Dragalge, F|40/100
|move|p2a: I-Pin|U-turn|p1a: Fendi
|-resisted|p1a: Fendi
|-damage|p1a: Fendi|27/100
|-damage|p2a: I-Pin|29/100 psn|[from] item: Life Orb
|
|t:|1596925057
|switch|p2a: Robo|Bronzong|91/100|[from]move: U-turn
|
|upkeep
|turn|42
|
|t:|1596925073
|switch|p1a: Dior|Krookodile, F|60/100
|-ability|p1a: Dior|Intimidate|boost
|-unboost|p2a: Robo|atk|1
|move|p2a: Robo|Trick|p1a: Dior
|-activate|p2a: Robo|move: Trick|[of] p1a: Dior
|-item|p1a: Dior|Power Weight|[from] move: Trick
|-enditem|p2a: Robo|Power Weight|[silent]|[from] move: Trick
|
|-fieldend|move: Psychic Terrain
|upkeep
|turn|43
|
|t:|1596925112
|switch|p2a: Min Min|Flygon, F|81/100
|move|p1a: Dior|Darkest Lariat|p2a: Min Min
|-damage|p2a: Min Min|49/100
|
|upkeep
|turn|44
|
|t:|1596925119
|move|p2a: Min Min|Roost|p2a: Min Min
|-heal|p2a: Min Min|99/100
|-singleturn|p2a: Min Min|move: Roost
|move|p1a: Dior|Darkest Lariat|p2a: Min Min
|-damage|p2a: Min Min|69/100
|
|upkeep
|turn|45
|
|t:|1596925127
|move|p2a: Min Min|Earthquake|p1a: Dior
|-damage|p1a: Dior|16/100
|move|p1a: Dior|Darkest Lariat|p2a: Min Min
|-damage|p2a: Min Min|39/100
|
|upkeep
|turn|46
|
|t:|1596925134
|switch|p1a: John Elliot|Cobalion|97/100
|move|p2a: Min Min|Roost|p2a: Min Min
|-heal|p2a: Min Min|89/100
|-singleturn|p2a: Min Min|move: Roost
|
|upkeep
|turn|47
|
|t:|1596925144
|move|p1a: John Elliot|Iron Head|p2a: Min Min
|-damage|p2a: Min Min|63/100
|move|p2a: Min Min|Earthquake|p1a: John Elliot
|-supereffective|p1a: John Elliot
|-damage|p1a: John Elliot|38/100
|
|upkeep
|turn|48
|
|t:|1596925156
|switch|p1a: Dior|Krookodile, F|16/100
|-ability|p1a: Dior|Intimidate|boost
|-unboost|p2a: Min Min|atk|1
|switch|p2a: Robo|Bronzong|91/100
|
|upkeep
|turn|49
|
|t:|1596925174
|switch|p2a: Min Min|Flygon, F|63/100
|move|p1a: Dior|Darkest Lariat|p2a: Min Min
|-damage|p2a: Min Min|30/100
|
|upkeep
|turn|50
|
|t:|1596925183
|switch|p1a: John Elliot|Cobalion|38/100
|move|p2a: Min Min|Roost|p2a: Min Min
|-heal|p2a: Min Min|80/100
|-singleturn|p2a: Min Min|move: Roost
|
|upkeep
|turn|51
|
|t:|1596925188
|switch|p1a: Dior|Krookodile, F|16/100
|-ability|p1a: Dior|Intimidate|boost
|-unboost|p2a: Min Min|atk|1
|move|p2a: Min Min|Roost|p2a: Min Min
|-heal|p2a: Min Min|100/100
|-singleturn|p2a: Min Min|move: Roost
|
|upkeep
|turn|52
|
|t:|1596925196
|move|p2a: Min Min|U-turn|p1a: Dior
|-supereffective|p1a: Dior
|-damage|p1a: Dior|0 fnt
|faint|p1a: Dior
|
|t:|1596925201
|switch|p2a: I-Pin|Mienshao, F|62/100 psn|[from]move: U-turn
|
|-damage|p2a: I-Pin|50/100 psn|[from] psn
|upkeep
|
|t:|1596925207
|switch|p1a: John Elliot|Cobalion|38/100
|turn|53
|
|t:|1596925215
|switch|p2a: Min Min|Flygon, F|100/100
|move|p1a: John Elliot|Close Combat|p2a: Min Min
|-damage|p2a: Min Min|63/100
|-unboost|p1a: John Elliot|def|1
|-unboost|p1a: John Elliot|spd|1
|
|upkeep
|turn|54
|
|t:|1596925226
|switch|p1a: Fendi|Dragalge, F|27/100
|move|p2a: Min Min|Roost|p2a: Min Min
|-heal|p2a: Min Min|100/100
|-singleturn|p2a: Min Min|move: Roost
|
|upkeep
|turn|55
|c|☆St. 78|max defense?
|c|☆St. 78|amazing
|
|t:|1596925244
|move|p2a: Min Min|Earthquake|p1a: Fendi
|-supereffective|p1a: Fendi
|-damage|p1a: Fendi|0 fnt
|faint|p1a: Fendi
|
|upkeep
|
|t:|1596925249
|switch|p1a: Rhude|Chandelure, F|81/100
|turn|56
|
|t:|1596925256
|move|p1a: Rhude|Toxic|p2a: Min Min
|-status|p2a: Min Min|tox
|move|p2a: Min Min|Earthquake|p1a: Rhude
|-supereffective|p1a: Rhude
|-damage|p1a: Rhude|0 fnt
|faint|p1a: Rhude
|
|-damage|p2a: Min Min|94/100 tox|[from] psn
|upkeep
|c|☆St. 78|what is your spread?
|c|☆St. 78|max hp adamant?
|c|☆St. 78|max attack?
|c|☆St. 78|How is this thing taking hits and dishing out in such a manner
|
|t:|1596925304
|switch|p1a: John Elliot|Cobalion|38/100
|turn|57
|c|☆InsiraUmNome|252 HP 252 DEF 4 SPDEF
|c|☆InsiraUmNome|Impish Nature
|
|t:|1596925330
|move|p1a: John Elliot|Iron Head|p2a: Min Min
|-damage|p2a: Min Min|70/100 tox
|move|p2a: Min Min|Earthquake|p1a: John Elliot
|-supereffective|p1a: John Elliot
|-damage|p1a: John Elliot|0 fnt
|faint|p1a: John Elliot
|
|win|InsiraUmNome
|c|☆St. 78|What does it check?
