|j|☆Liz Angeles
|j|☆pokemonisfun
|t:|1667430697
|gametype|singles
|player|p1|Liz Angeles|marley|1587
|player|p2|pokemonisfun|#uutrio2ladder|1829
|teamsize|p1|6
|teamsize|p2|6
|gen|8
|tier|[Gen 8] UU
|rated|
|rule|Sleep Clause Mod: Limit one foe put to sleep
|rule|Species Clause: Limit one of each Pokémon
|rule|OHKO Clause: OHKO moves are banned
|rule|Evasion Items Clause: Evasion items are banned
|rule|Evasion Moves Clause: Evasion moves are banned
|rule|Endless Battle Clause: Forcing endless battles is banned
|rule|HP Percentage Mod: HP is shown in percentages
|rule|Dynamax Clause: You cannot dynamax
|clearpoke
|poke|p1|Chansey, F|
|poke|p1|Regieleki|
|poke|p1|Golisopod, F|
|poke|p1|Cobalion|
|poke|p1|Salamence, M|
|poke|p1|Zygarde-10%|
|poke|p2|Toxtricity, M|
|poke|p2|Sylveon, M|
|poke|p2|Scizor, M|
|poke|p2|Hippowdon, M|
|poke|p2|Rotom-Wash|
|poke|p2|Milotic, F|
|teampreview
|j| saschay
|c|☆Liz Angeles|hf
|c|☆pokemonisfun|hf buddie
|
|t:|1667430738
|start
|switch|p1a: Godpod|Golisopod, F|100/100
|switch|p2a: punchy wunchy|Scizor, M|100/100
|turn|1
|
|t:|1667430745
|switch|p1a: Cobalion|Cobalion|100/100
|move|p2a: punchy wunchy|Knock Off|p1a: Cobalion
|-resisted|p1a: Cobalion
|-damage|p1a: Cobalion|88/100
|-damage|p2a: punchy wunchy|84/100|[from] item: Rocky Helmet|[of] p1a: Cobalion
|-ability|p1a: Cobalion|Justified|boost
|-boost|p1a: Cobalion|atk|1
|-enditem|p1a: Cobalion|Rocky Helmet|[from] move: Knock Off|[of] p2a: punchy wunchy
|
|upkeep
|turn|2
|j| thesunwell
|
|t:|1667430758
|move|p1a: Cobalion|Stealth Rock|p2a: punchy wunchy
|-sidestart|p2: pokemonisfun|move: Stealth Rock
|move|p2a: punchy wunchy|U-turn|p1a: Cobalion
|-resisted|p1a: Cobalion
|-damage|p1a: Cobalion|80/100
|
|t:|1667430760
|switch|p2a: hip(pos) dont lie|Hippowdon, M|100/100|[from]move: U-turn
|-damage|p2a: hip(pos) dont lie|94/100|[from] Stealth Rock
|-weather|Sandstorm|[from] ability: Sand Stream|[of] p2a: hip(pos) dont lie
|
|-weather|Sandstorm|[upkeep]
|upkeep
|turn|3
|
|t:|1667430765
|move|p1a: Cobalion|Toxic|p2a: hip(pos) dont lie
|-status|p2a: hip(pos) dont lie|tox
|move|p2a: hip(pos) dont lie|Stealth Rock|p1a: Cobalion
|-sidestart|p1: Liz Angeles|move: Stealth Rock
|
|-weather|Sandstorm|[upkeep]
|-damage|p2a: hip(pos) dont lie|88/100 tox|[from] psn
|upkeep
|turn|4
|
|t:|1667430776
|switch|p1a: Godpod|Golisopod, F|100/100
|move|p2a: hip(pos) dont lie|Toxic|p1a: Godpod
|-status|p1a: Godpod|tox
|
|-weather|Sandstorm|[upkeep]
|-damage|p1a: Godpod|94/100 tox|[from] Sandstorm
|-damage|p1a: Godpod|88/100 tox|[from] psn
|-damage|p2a: hip(pos) dont lie|76/100 tox|[from] psn
|upkeep
|turn|5
|
|t:|1667430791
|switch|p2a: kitty katty|Sylveon, M|100/100
|-damage|p2a: kitty katty|88/100|[from] Stealth Rock
|move|p1a: Godpod|Knock Off|p2a: kitty katty
|-resisted|p2a: kitty katty
|-damage|p2a: kitty katty|70/100
|-enditem|p2a: kitty katty|Leftovers|[from] move: Knock Off|[of] p1a: Godpod
|
|-weather|Sandstorm|[upkeep]
|-damage|p2a: kitty katty|64/100|[from] Sandstorm
|-damage|p1a: Godpod|82/100 tox|[from] Sandstorm
|-damage|p1a: Godpod|70/100 tox|[from] psn
|upkeep
|turn|6
|
|t:|1667430799
|move|p2a: kitty katty|Heal Bell|p2a: kitty katty
|-activate|p2a: kitty katty|move: Heal Bell
|-curestatus|p2: hip(pos) dont lie|tox|[msg]
|move|p1a: Godpod|Spikes|p2a: kitty katty
|-sidestart|p2: pokemonisfun|Spikes
|
|-weather|none
|-damage|p1a: Godpod|52/100 tox|[from] psn
|upkeep
|turn|7
|
|t:|1667430809
|switch|p1a: Regijesus|Regieleki|100/100
|move|p2a: kitty katty|Wish|p2a: kitty katty
|
|upkeep
|turn|8
|
|t:|1667430828
|move|p1a: Regijesus|Volt Switch|p2a: kitty katty
|-damage|p2a: kitty katty|36/100
|
|t:|1667430834
|switch|p1a: Chansey|Chansey, F|100/100|[from]move: Volt Switch
|-damage|p1a: Chansey|88/100|[from] Stealth Rock
|move|p2a: kitty katty|Hyper Voice|p1a: Chansey
|-damage|p1a: Chansey|76/100
|
|-heal|p2a: kitty katty|86/100|[from] move: Wish|[wisher] kitty katty
|upkeep
|turn|9
|
|t:|1667430861
|switch|p2a: punchy wunchy|Scizor, M|84/100
|move|p1a: Chansey|Soft-Boiled|p1a: Chansey
|-heal|p1a: Chansey|100/100
|
|upkeep
|turn|10
|
|t:|1667430871
|switch|p1a: Cobalion|Cobalion|80/100
|-damage|p1a: Cobalion|77/100|[from] Stealth Rock
|move|p2a: punchy wunchy|U-turn|p1a: Cobalion
|-resisted|p1a: Cobalion
|-damage|p1a: Cobalion|70/100
|
|t:|1667430882
|switch|p2a: wishy washy|Rotom-Wash|100/100|[from]move: U-turn
|-damage|p2a: wishy washy|88/100|[from] Stealth Rock
|
|upkeep
|turn|11
|
|t:|1667430899
|move|p2a: wishy washy|Defog|p1a: Cobalion
|-unboost|p1a: Cobalion|evasion|1
|-sideend|p1: Liz Angeles|Stealth Rock|[from] move: Defog|[of] p2a: wishy washy
|-sideend|p2: pokemonisfun|Spikes|[from] move: Defog|[of] p2a: wishy washy
|-sideend|p2: pokemonisfun|Stealth Rock|[from] move: Defog|[of] p2a: wishy washy
|move|p1a: Cobalion|Close Combat|p2a: wishy washy
|-damage|p2a: wishy washy|29/100
|-unboost|p1a: Cobalion|def|1
|-unboost|p1a: Cobalion|spd|1
|
|upkeep
|turn|12
|
|t:|1667430906
|switch|p2a: funky punky|Toxtricity, M|100/100
|move|p1a: Cobalion|Stealth Rock|p2a: funky punky
|-sidestart|p2: pokemonisfun|move: Stealth Rock
|
|upkeep
|turn|13
|
|t:|1667430911
|move|p1a: Cobalion|Volt Switch|p2a: funky punky
|-resisted|p2a: funky punky
|-damage|p2a: funky punky|91/100
|
|t:|1667430913
|switch|p1a: Chansey|Chansey, F|100/100|[from]move: Volt Switch
|move|p2a: funky punky|Volt Switch|p1a: Chansey
|-damage|p1a: Chansey|84/100
|
|t:|1667430920
|switch|p2a: punchy wunchy|Scizor, M|84/100|[from]move: Volt Switch
|
|upkeep
|turn|14
|
|t:|1667430937
|move|p2a: punchy wunchy|U-turn|p1a: Chansey
|-damage|p1a: Chansey|62/100
|
|t:|1667430941
|switch|p2a: hip(pos) dont lie|Hippowdon, M|76/100|[from]move: U-turn
|-damage|p2a: hip(pos) dont lie|70/100|[from] Stealth Rock
|-weather|Sandstorm|[from] ability: Sand Stream|[of] p2a: hip(pos) dont lie
|move|p1a: Chansey|Toxic|p2a: hip(pos) dont lie|[miss]
|-miss|p1a: Chansey|p2a: hip(pos) dont lie
|
|-weather|Sandstorm|[upkeep]
|-damage|p1a: Chansey|56/100|[from] Sandstorm
|upkeep
|turn|15
|
|t:|1667430956
|move|p1a: Chansey|Soft-Boiled|p1a: Chansey
|-heal|p1a: Chansey|100/100
|move|p2a: hip(pos) dont lie|Stealth Rock|p1a: Chansey
|-sidestart|p1: Liz Angeles|move: Stealth Rock
|
|-weather|Sandstorm|[upkeep]
|-damage|p1a: Chansey|94/100|[from] Sandstorm
|upkeep
|turn|16
|
|t:|1667430960
|switch|p2a: punchy wunchy|Scizor, M|84/100
|move|p1a: Chansey|Seismic Toss|p2a: punchy wunchy
|-damage|p2a: punchy wunchy|55/100
|
|-weather|Sandstorm|[upkeep]
|-damage|p1a: Chansey|88/100|[from] Sandstorm
|upkeep
|turn|17
|
|t:|1667430966
|switch|p1a: Cobalion|Cobalion|70/100
|-damage|p1a: Cobalion|67/100|[from] Stealth Rock
|move|p2a: punchy wunchy|Roost|p2a: punchy wunchy
|-heal|p2a: punchy wunchy|100/100
|-singleturn|p2a: punchy wunchy|move: Roost
|
|-weather|Sandstorm|[upkeep]
|upkeep
|turn|18
|
|t:|1667430971
|move|p2a: punchy wunchy|Bullet Punch|p1a: Cobalion
|-resisted|p1a: Cobalion
|-damage|p1a: Cobalion|55/100
|move|p1a: Cobalion|Volt Switch|p2a: punchy wunchy
|-damage|p2a: punchy wunchy|85/100
|
|t:|1667430974
|switch|p1a: Salamence|Salamence, M|100/100|[from]move: Volt Switch
|-ability|p1a: Salamence|Intimidate|boost
|-unboost|p2a: punchy wunchy|atk|1
|
|-weather|none
|upkeep
|turn|19
|
|t:|1667430994
|switch|p2a: hip(pos) dont lie|Hippowdon, M|70/100
|-damage|p2a: hip(pos) dont lie|63/100|[from] Stealth Rock
|-weather|Sandstorm|[from] ability: Sand Stream|[of] p2a: hip(pos) dont lie
|move|p1a: Salamence|Dual Wingbeat|p2a: hip(pos) dont lie
|-damage|p2a: hip(pos) dont lie|51/100
|-damage|p1a: Salamence|84/100|[from] item: Rocky Helmet|[of] p2a: hip(pos) dont lie
|-damage|p2a: hip(pos) dont lie|38/100
|-damage|p1a: Salamence|68/100|[from] item: Rocky Helmet|[of] p2a: hip(pos) dont lie
|-hitcount|p2a: hip(pos) dont lie|2
|
|-weather|Sandstorm|[upkeep]
|-damage|p1a: Salamence|61/100|[from] Sandstorm
|upkeep
|turn|20
|
|t:|1667431022
|switch|p1a: Chansey|Chansey, F|88/100
|-damage|p1a: Chansey|76/100|[from] Stealth Rock
|move|p2a: hip(pos) dont lie|Slack Off|p2a: hip(pos) dont lie
|-heal|p2a: hip(pos) dont lie|88/100
|
|-weather|Sandstorm|[upkeep]
|-damage|p1a: Chansey|70/100|[from] Sandstorm
|upkeep
|turn|21
|
|t:|1667431034
|switch|p2a: punchy wunchy|Scizor, M|85/100
|move|p1a: Chansey|Wish|p1a: Chansey
|
|-weather|Sandstorm|[upkeep]
|-damage|p1a: Chansey|64/100|[from] Sandstorm
|upkeep
|turn|22
|
|t:|1667431062
|switch|p1a: Cobalion|Cobalion|55/100
|-damage|p1a: Cobalion|52/100|[from] Stealth Rock
|move|p2a: punchy wunchy|Knock Off|p1a: Cobalion
|-resisted|p1a: Cobalion
|-damage|p1a: Cobalion|43/100
|-ability|p1a: Cobalion|Justified|boost
|-boost|p1a: Cobalion|atk|1
|
|-weather|Sandstorm|[upkeep]
|-heal|p1a: Cobalion|100/100|[from] move: Wish|[wisher] Chansey
|upkeep
|turn|23
|
|t:|1667431072
|move|p1a: Cobalion|Close Combat|p2a: punchy wunchy
|-damage|p2a: punchy wunchy|24/100
|-unboost|p1a: Cobalion|def|1
|-unboost|p1a: Cobalion|spd|1
|move|p2a: punchy wunchy|Roost|p2a: punchy wunchy
|-heal|p2a: punchy wunchy|74/100
|-singleturn|p2a: punchy wunchy|move: Roost
|
|-weather|none
|upkeep
|turn|24
|
|t:|1667431083
|move|p1a: Cobalion|Close Combat|p2a: punchy wunchy
|-damage|p2a: punchy wunchy|14/100
|-unboost|p1a: Cobalion|def|1
|-unboost|p1a: Cobalion|spd|1
|move|p2a: punchy wunchy|Roost|p2a: punchy wunchy
|-heal|p2a: punchy wunchy|64/100
|-singleturn|p2a: punchy wunchy|move: Roost
|
|upkeep
|turn|25
|
|t:|1667431102
|switch|p2a: hip(pos) dont lie|Hippowdon, M|88/100
|-damage|p2a: hip(pos) dont lie|82/100|[from] Stealth Rock
|-weather|Sandstorm|[from] ability: Sand Stream|[of] p2a: hip(pos) dont lie
|move|p1a: Cobalion|Toxic|p2a: hip(pos) dont lie
|-status|p2a: hip(pos) dont lie|tox
|
|-weather|Sandstorm|[upkeep]
|-damage|p2a: hip(pos) dont lie|75/100 tox|[from] psn
|upkeep
|turn|26
|
|t:|1667431110
|switch|p1a: Godpod|Golisopod, F|52/100 tox
|move|p2a: hip(pos) dont lie|Slack Off|p2a: hip(pos) dont lie
|-heal|p2a: hip(pos) dont lie|100/100 tox
|
|-weather|Sandstorm|[upkeep]
|-damage|p1a: Godpod|46/100 tox|[from] Sandstorm
|-damage|p1a: Godpod|40/100 tox|[from] psn
|-damage|p2a: hip(pos) dont lie|88/100 tox|[from] psn
|upkeep
|-activate|p1a: Godpod|ability: Emergency Exit
|
|t:|1667431137
|switch|p1a: Zygarde|Zygarde-10%|100/100
|-damage|p1a: Zygarde|94/100|[from] Stealth Rock
|-ability|p1a: Zygarde|Aura Break
|turn|27
|
|t:|1667431153
|move|p1a: Zygarde|Thousand Arrows|p2a: hip(pos) dont lie
|-damage|p2a: hip(pos) dont lie|53/100 tox
|move|p2a: hip(pos) dont lie|Toxic|p1a: Zygarde
|-status|p1a: Zygarde|tox
|
|-weather|Sandstorm|[upkeep]
|-damage|p1a: Zygarde|88/100 tox|[from] psn
|-damage|p2a: hip(pos) dont lie|34/100 tox|[from] psn
|upkeep
|turn|28
|
|t:|1667431162
|switch|p2a: wishy washy|Rotom-Wash|29/100
|-damage|p2a: wishy washy|17/100|[from] Stealth Rock
|move|p1a: Zygarde|Thousand Arrows|p2a: wishy washy
|-supereffective|p2a: wishy washy
|-damage|p2a: wishy washy|0 fnt
|faint|p2a: wishy washy
|
|-weather|Sandstorm|[upkeep]
|-damage|p1a: Zygarde|76/100 tox|[from] psn
|upkeep
|
|t:|1667431166
|switch|p2a: punchy wunchy|Scizor, M|64/100
|turn|29
|
|t:|1667431171
|switch|p1a: Cobalion|Cobalion|100/100
|-damage|p1a: Cobalion|97/100|[from] Stealth Rock
|move|p2a: punchy wunchy|Roost|p2a: punchy wunchy
|-heal|p2a: punchy wunchy|100/100
|-singleturn|p2a: punchy wunchy|move: Roost
|
|-weather|none
|upkeep
|turn|30
|
|t:|1667431177
|move|p1a: Cobalion|Volt Switch|p2a: punchy wunchy
|-damage|p2a: punchy wunchy|85/100
|
|t:|1667431185
|switch|p1a: Salamence|Salamence, M|61/100|[from]move: Volt Switch
|-ability|p1a: Salamence|Intimidate|boost
|-unboost|p2a: punchy wunchy|atk|1
|move|p2a: punchy wunchy|U-turn|p1a: Salamence
|-resisted|p1a: Salamence
|-damage|p1a: Salamence|52/100
|
|t:|1667431201
|switch|p2a: funky punky|Toxtricity, M|91/100|[from]move: U-turn
|-damage|p2a: funky punky|79/100|[from] Stealth Rock
|
|upkeep
|turn|31
|
|t:|1667431220
|switch|p1a: Godpod|Golisopod, F|40/100 tox
|move|p2a: funky punky|Boomburst|p1a: Godpod
|-damage|p1a: Godpod|0 fnt
|faint|p1a: Godpod
|
|upkeep
|
|t:|1667431224
|switch|p1a: Zygarde|Zygarde-10%|76/100 tox
|-damage|p1a: Zygarde|70/100 tox|[from] Stealth Rock
|-ability|p1a: Zygarde|Aura Break
|turn|32
|
|t:|1667431236
|switch|p2a: smekky snek|Milotic, F|100/100
|move|p1a: Zygarde|Thousand Arrows|p2a: smekky snek
|-crit|p2a: smekky snek
|-damage|p2a: smekky snek|35/100
|
|-damage|p1a: Zygarde|64/100 tox|[from] psn
|upkeep
|turn|33
|
|t:|1667431242
|switch|p2a: punchy wunchy|Scizor, M|85/100
|move|p1a: Zygarde|Thousand Arrows|p2a: punchy wunchy
|-damage|p2a: punchy wunchy|41/100
|
|-damage|p1a: Zygarde|52/100 tox|[from] psn
|upkeep
|turn|34
|
|t:|1667431254
|switch|p1a: Salamence|Salamence, M|52/100
|-ability|p1a: Salamence|Intimidate|boost
|-unboost|p2a: punchy wunchy|atk|1
|move|p2a: punchy wunchy|Bullet Punch|p1a: Salamence
|-damage|p1a: Salamence|37/100
|
|upkeep
|turn|35
|
|t:|1667431260
|switch|p2a: kitty katty|Sylveon, M|86/100
|-damage|p2a: kitty katty|74/100|[from] Stealth Rock
|move|p1a: Salamence|Dual Wingbeat|p2a: kitty katty
|-damage|p2a: kitty katty|50/100
|-damage|p2a: kitty katty|28/100
|-hitcount|p2a: kitty katty|2
|
|upkeep
|turn|36
|
|t:|1667431268
|switch|p2a: hip(pos) dont lie|Hippowdon, M|34/100 tox
|-damage|p2a: hip(pos) dont lie|28/100 tox|[from] Stealth Rock
|-weather|Sandstorm|[from] ability: Sand Stream|[of] p2a: hip(pos) dont lie
|move|p1a: Salamence|Dual Wingbeat|p2a: hip(pos) dont lie|[miss]
|-miss|p1a: Salamence|p2a: hip(pos) dont lie
|
|-weather|Sandstorm|[upkeep]
|-damage|p1a: Salamence|31/100|[from] Sandstorm
|-damage|p2a: hip(pos) dont lie|22/100 tox|[from] psn
|upkeep
|turn|37
|
|t:|1667431277
|move|p1a: Salamence|Dual Wingbeat|p2a: hip(pos) dont lie
|-damage|p2a: hip(pos) dont lie|10/100 tox
|-damage|p1a: Salamence|14/100|[from] item: Rocky Helmet|[of] p2a: hip(pos) dont lie
|-damage|p2a: hip(pos) dont lie|0 fnt
|-damage|p1a: Salamence|0 fnt|[from] item: Rocky Helmet|[of] p2a: hip(pos) dont lie
|faint|p2a: hip(pos) dont lie
|faint|p1a: Salamence
|-hitcount|p2: hip(pos) dont lie|2
|
|-weather|Sandstorm|[upkeep]
|upkeep
|
|t:|1667431287
|switch|p1a: Regijesus|Regieleki|100/100
|switch|p2a: punchy wunchy|Scizor, M|41/100
|turn|38
|
|t:|1667431296
|move|p2a: punchy wunchy|Bullet Punch|p1a: Regijesus
|-resisted|p1a: Regijesus
|-damage|p1a: Regijesus|75/100
|move|p1a: Regijesus|Electro Ball|p2a: punchy wunchy
|-damage|p2a: punchy wunchy|0 fnt
|faint|p2a: punchy wunchy
|
|-weather|Sandstorm|[upkeep]
|-damage|p1a: Regijesus|69/100|[from] Sandstorm
|upkeep
|j| Winter Schemes
|
|t:|1667431300
|switch|p2a: funky punky|Toxtricity, M|79/100
|-damage|p2a: funky punky|66/100|[from] Stealth Rock
|turn|39
|c|☆pokemonisfun|gg
|
|t:|1667431310
|switch|p2a: smekky snek|Milotic, F|35/100
|move|p1a: Regijesus|Volt Switch|p2a: smekky snek
|-supereffective|p2a: smekky snek
|-damage|p2a: smekky snek|0 fnt
|faint|p2a: smekky snek
|c|☆Liz Angeles|gg
|c|☆pokemonisfun|damn
|
|t:|1667431316
|switch|p1a: Zygarde|Zygarde-10%|52/100 tox|[from]move: Volt Switch
|-damage|p1a: Zygarde|46/100 tox|[from] Stealth Rock
|-ability|p1a: Zygarde|Aura Break
|
|-weather|Sandstorm|[upkeep]
|-damage|p1a: Zygarde|40/100 tox|[from] psn
|upkeep
|c|☆pokemonisfun|howd i lose this MU
|-message|pokemonisfun forfeited.
|
|win|Liz Angeles
|raw|Liz Angeles's rating: 1587 &rarr; <strong>1619</strong><br />(+32 for winning)
|raw|pokemonisfun's rating: 1829 &rarr; <strong>1797</strong><br />(-32 for losing)
|l| thesunwell
|c|☆pokemonisfun|liz moment
|c|☆Liz Angeles|idk, it wasn't that bad for me, but I def played out of my mind
||Ladder isn't responding, score probably updated but might not have (Request timeout).
|l|☆Liz Angeles
|l|☆pokemonisfun
|j|☆Liz Angeles
|player|p1|Liz Angeles|marley
