|j|☆Rvp4president
|j|☆NiraTheNerd
|t:|1661070081
|gametype|singles
|player|p1|Rvp4president|266|1500
|player|p2|NiraTheNerd|102|1353
|teamsize|p1|6
|teamsize|p2|6
|gen|8
|tier|[Gen 8] UU
|rated|
|rule|Sleep Clause Mod: Limit one foe put to sleep
|rule|Species Clause: Limit one of each Pokémon
|rule|OHKO Clause: OHKO moves are banned
|rule|Evasion Items Clause: Evasion items are banned
|rule|Evasion Moves Clause: Evasion moves are banned
|rule|Endless Battle Clause: Forcing endless battles is banned
|rule|HP Percentage Mod: HP is shown in percentages
|rule|Dynamax Clause: You cannot dynamax
|clearpoke
|poke|p1|Politoed, F|
|poke|p1|Kingdra, M|
|poke|p1|Ludicolo, M|
|poke|p1|Azumarill, F|
|poke|p1|Celesteela|
|poke|p1|Excadrill, F|
|poke|p2|Politoed, F|
|poke|p2|Ludicolo, M|
|poke|p2|Obstagoon, F|
|poke|p2|Kabutops, M|
|poke|p2|Noivern, F|
|poke|p2|Registeel|
|teampreview
|inactive|Battle timer is ON: inactive players will automatically lose when time's up. (requested by Rvp4president)
|
|t:|1661070092
|start
|switch|p1a: Ludicolo|Ludicolo, M, shiny|100/100
|switch|p2a: C1amps|Kabutops, M|100/100
|turn|1
|
|t:|1661070100
|move|p2a: C1amps|Flip Turn|p1a: Ludicolo
|-resisted|p1a: Ludicolo
|-damage|p1a: Ludicolo|84/100
|
|t:|1661070104
|switch|p2a: wut|Noivern, F|100/100|[from]move: Flip Turn
|-item|p1a: Ludicolo|Life Orb|[from] ability: Frisk|[of] p2a: wut|[identify]
|move|p1a: Ludicolo|Giga Drain|p2a: wut
|-resisted|p2a: wut
|-damage|p2a: wut|88/100
|-heal|p1a: Ludicolo|92/100|[from] drain|[of] p2a: wut
|-damage|p1a: Ludicolo|82/100|[from] item: Life Orb
|
|upkeep
|turn|2
|
|t:|1661070116
|switch|p1a: Celesteela|Celesteela, shiny|100/100
|move|p2a: wut|U-turn|p1a: Celesteela
|-resisted|p1a: Celesteela
|-damage|p1a: Celesteela|99/100
|-damage|p2a: wut|71/100|[from] item: Rocky Helmet|[of] p1a: Celesteela
|
|t:|1661070134
|switch|p2a: Bruno Mars|Registeel|100/100|[from]move: U-turn
|
|upkeep
|turn|3
|
|t:|1661070137
|move|p1a: Celesteela|Leech Seed|p2a: Bruno Mars
|-start|p2a: Bruno Mars|move: Leech Seed
|move|p2a: Bruno Mars|Stealth Rock|p1a: Celesteela
|-sidestart|p1: Rvp4president|move: Stealth Rock
|
|-damage|p2a: Bruno Mars|88/100|[from] Leech Seed|[of] p1a: Celesteela
|-heal|p1a: Celesteela|100/100|[silent]
|upkeep
|turn|4
|
|t:|1661070145
|switch|p1a: Excadrill|Excadrill, F, shiny|100/100
|-damage|p1a: Excadrill|97/100|[from] Stealth Rock
|-ability|p1a: Excadrill|Mold Breaker
|switch|p2a: Gooner|Obstagoon, F, shiny|100/100
|
|-status|p2a: Gooner|brn|[from] item: Flame Orb
|upkeep
|turn|5
|
|t:|1661070154
|move|p1a: Excadrill|Rapid Spin|p2a: Gooner
|-damage|p2a: Gooner|83/100 brn
|-boost|p1a: Excadrill|spe|1
|-sideend|p1: Rvp4president|Stealth Rock|[from] move: Rapid Spin|[of] p1a: Excadrill
|move|p2a: Gooner|Parting Shot|p1a: Excadrill
|-unboost|p1a: Excadrill|atk|1
|-unboost|p1a: Excadrill|spa|1
|
|t:|1661070163
|switch|p2a: C1amps|Kabutops, M|100/100|[from]move: Parting Shot
|
|upkeep
|turn|6
|
|t:|1661070167
|switch|p1a: Celesteela|Celesteela, shiny|100/100
|move|p2a: C1amps|Flip Turn|p1a: Celesteela
|-damage|p1a: Celesteela|72/100
|-damage|p2a: C1amps|84/100|[from] item: Rocky Helmet|[of] p1a: Celesteela
|
|t:|1661070188
|switch|p2a: Bruno Mars|Registeel|88/100|[from]move: Flip Turn
|
|-heal|p2a: Bruno Mars|94/100|[from] item: Leftovers
|upkeep
|turn|7
|
|t:|1661070193
|switch|p1a: Excadrill|Excadrill, F, shiny|97/100
|-ability|p1a: Excadrill|Mold Breaker
|move|p2a: Bruno Mars|Stealth Rock|p1a: Excadrill
|-sidestart|p1: Rvp4president|move: Stealth Rock
|
|-heal|p2a: Bruno Mars|99/100|[from] item: Leftovers
|upkeep
|turn|8
|
|t:|1661070202
|move|p2a: Bruno Mars|Protect|p2a: Bruno Mars
|-singleturn|p2a: Bruno Mars|Protect
|move|p1a: Excadrill|Earthquake|p2a: Bruno Mars
|-activate|p2a: Bruno Mars|move: Protect
|
|-heal|p2a: Bruno Mars|100/100|[from] item: Leftovers
|upkeep
|turn|9
|
|t:|1661070207
|switch|p1a: Politoed|Politoed, F, shiny|100/100
|-damage|p1a: Politoed|88/100|[from] Stealth Rock
|-weather|RainDance|[from] ability: Drizzle|[of] p1a: Politoed
|switch|p2a: wut|Noivern, F|71/100
|-item|p1a: Politoed|Damp Rock|[from] ability: Frisk|[of] p2a: wut|[identify]
|
|-weather|RainDance|[upkeep]
|upkeep
|turn|10
|
|t:|1661070215
|move|p2a: wut|U-turn|p1a: Politoed
|-damage|p1a: Politoed|77/100
|
|t:|1661070218
|switch|p2a: Kappa|Ludicolo, M, shiny|100/100|[from]move: U-turn
|move|p1a: Politoed|Ice Beam|p2a: Kappa
|-damage|p2a: Kappa|77/100
|
|-weather|RainDance|[upkeep]
|upkeep
|turn|11
|
|t:|1661070226
|switch|p1a: Celesteela|Celesteela, shiny|72/100
|-damage|p1a: Celesteela|59/100|[from] Stealth Rock
|move|p2a: Kappa|Giga Drain|p1a: Celesteela
|-resisted|p1a: Celesteela
|-damage|p1a: Celesteela|50/100
|-heal|p2a: Kappa|83/100|[from] drain|[of] p1a: Celesteela
|-damage|p2a: Kappa|73/100|[from] item: Life Orb
|
|-weather|RainDance|[upkeep]
|upkeep
|turn|12
|j| Kyri166
|
|t:|1661070234
|move|p2a: Kappa|Surf|p1a: Celesteela
|-damage|p1a: Celesteela|0 fnt
|faint|p1a: Celesteela
|-damage|p2a: Kappa|63/100|[from] item: Life Orb
|
|-weather|RainDance|[upkeep]
|upkeep
|
|t:|1661070239
|switch|p1a: Kingdra|Kingdra, M, shiny|100/100
|-damage|p1a: Kingdra|88/100|[from] Stealth Rock
|turn|13
|
|t:|1661070246
|switch|p2a: Bruno Mars|Registeel|100/100
|move|p1a: Kingdra|Dragon Pulse|p2a: Bruno Mars
|-resisted|p2a: Bruno Mars
|-damage|p2a: Bruno Mars|91/100
|
|-weather|RainDance|[upkeep]
|-heal|p2a: Bruno Mars|97/100|[from] item: Leftovers
|upkeep
|turn|14
|
|t:|1661070258
|move|p1a: Kingdra|Hydro Pump|p2a: Bruno Mars
|-damage|p2a: Bruno Mars|48/100
|move|p2a: Bruno Mars|Seismic Toss|p1a: Kingdra
|-damage|p1a: Kingdra|54/100
|
|-weather|RainDance|[upkeep]
|-heal|p2a: Bruno Mars|54/100|[from] item: Leftovers
|upkeep
|turn|15
|
|t:|1661070264
|move|p2a: Bruno Mars|Protect|p2a: Bruno Mars
|-singleturn|p2a: Bruno Mars|Protect
|move|p1a: Kingdra|Hydro Pump|p2a: Bruno Mars
|-activate|p2a: Bruno Mars|move: Protect
|
|-weather|RainDance|[upkeep]
|-heal|p2a: Bruno Mars|60/100|[from] item: Leftovers
|upkeep
|turn|16
|
|t:|1661070275
|move|p1a: Kingdra|Hydro Pump|p2a: Bruno Mars
|-damage|p2a: Bruno Mars|15/100
|move|p2a: Bruno Mars|Seismic Toss|p1a: Kingdra
|-damage|p1a: Kingdra|19/100
|
|-weather|none
|-heal|p2a: Bruno Mars|21/100|[from] item: Leftovers
|upkeep
|turn|17
|
|t:|1661070284
|move|p2a: Bruno Mars|Protect|p2a: Bruno Mars
|-singleturn|p2a: Bruno Mars|Protect
|move|p1a: Kingdra|Surf|p2a: Bruno Mars
|-activate|p2a: Bruno Mars|move: Protect
|
|-heal|p2a: Bruno Mars|27/100|[from] item: Leftovers
|upkeep
|turn|18
|
|t:|1661070292
|move|p1a: Kingdra|Surf|p2a: Bruno Mars
|-damage|p2a: Bruno Mars|2/100
|move|p2a: Bruno Mars|Seismic Toss|p1a: Kingdra
|-damage|p1a: Kingdra|0 fnt
|faint|p1a: Kingdra
|
|-heal|p2a: Bruno Mars|8/100|[from] item: Leftovers
|upkeep
|
|t:|1661070301
|switch|p1a: Excadrill|Excadrill, F, shiny|97/100
|-damage|p1a: Excadrill|94/100|[from] Stealth Rock
|-ability|p1a: Excadrill|Mold Breaker
|turn|19
|
|t:|1661070304
|move|p2a: Bruno Mars|Protect|p2a: Bruno Mars
|-singleturn|p2a: Bruno Mars|Protect
|move|p1a: Excadrill|Rapid Spin|p2a: Bruno Mars
|-activate|p2a: Bruno Mars|move: Protect
|
|-heal|p2a: Bruno Mars|14/100|[from] item: Leftovers
|upkeep
|turn|20
|
|t:|1661070310
|move|p1a: Excadrill|Rapid Spin|p2a: Bruno Mars
|-resisted|p2a: Bruno Mars
|-damage|p2a: Bruno Mars|8/100
|-boost|p1a: Excadrill|spe|1
|-sideend|p1: Rvp4president|Stealth Rock|[from] move: Rapid Spin|[of] p1a: Excadrill
|move|p2a: Bruno Mars|Stealth Rock|p1a: Excadrill
|-sidestart|p1: Rvp4president|move: Stealth Rock
|
|-heal|p2a: Bruno Mars|14/100|[from] item: Leftovers
|upkeep
|turn|21
|
|t:|1661070315
|move|p1a: Excadrill|Rapid Spin|p2a: Bruno Mars
|-resisted|p2a: Bruno Mars
|-damage|p2a: Bruno Mars|8/100
|-boost|p1a: Excadrill|spe|1
|-sideend|p1: Rvp4president|Stealth Rock|[from] move: Rapid Spin|[of] p1a: Excadrill
|move|p2a: Bruno Mars|Stealth Rock|p1a: Excadrill
|-sidestart|p1: Rvp4president|move: Stealth Rock
|
|-heal|p2a: Bruno Mars|15/100|[from] item: Leftovers
|upkeep
|turn|22
|
|t:|1661070322
|switch|p1a: Politoed|Politoed, F, shiny|77/100
|-damage|p1a: Politoed|64/100|[from] Stealth Rock
|-weather|RainDance|[from] ability: Drizzle|[of] p1a: Politoed
|move|p2a: Bruno Mars|Stealth Rock||[still]
|-fail|p2a: Bruno Mars
|
|-weather|RainDance|[upkeep]
|-heal|p2a: Bruno Mars|21/100|[from] item: Leftovers
|upkeep
|turn|23
|
|t:|1661070330
|switch|p2a: Kappa|Ludicolo, M, shiny|63/100
|move|p1a: Politoed|Scald|p2a: Kappa
|-resisted|p2a: Kappa
|-damage|p2a: Kappa|54/100
|
|-weather|RainDance|[upkeep]
|upkeep
|turn|24
|
|t:|1661070346
|move|p2a: Kappa|Giga Drain|p1a: Politoed
|-supereffective|p1a: Politoed
|-damage|p1a: Politoed|9/100
|-heal|p2a: Kappa|89/100|[from] drain|[of] p1a: Politoed
|-damage|p2a: Kappa|79/100|[from] item: Life Orb
|move|p1a: Politoed|Scald|p2a: Kappa
|-resisted|p2a: Kappa
|-crit|p2a: Kappa
|-damage|p2a: Kappa|63/100
|
|-weather|RainDance|[upkeep]
|upkeep
|turn|25
|
|t:|1661070354
|move|p2a: Kappa|Surf|p1a: Politoed
|-resisted|p1a: Politoed
|-damage|p1a: Politoed|0 fnt
|faint|p1a: Politoed
|-damage|p2a: Kappa|53/100|[from] item: Life Orb
|
|-weather|RainDance|[upkeep]
|upkeep
|
|t:|1661070356
|switch|p1a: Ludicolo|Ludicolo, M, shiny|82/100
|-damage|p1a: Ludicolo|69/100|[from] Stealth Rock
|turn|26
|
|t:|1661070365
|move|p2a: Kappa|Giga Drain|p1a: Ludicolo
|-damage|p1a: Ludicolo|17/100
|-heal|p2a: Kappa|80/100|[from] drain|[of] p1a: Ludicolo
|-damage|p2a: Kappa|70/100|[from] item: Life Orb
|move|p1a: Ludicolo|Giga Drain|p2a: Kappa
|-damage|p2a: Kappa|24/100
|-heal|p1a: Ludicolo|40/100|[from] drain|[of] p2a: Kappa
|-damage|p1a: Ludicolo|30/100|[from] item: Life Orb
|
|-weather|RainDance|[upkeep]
|upkeep
|turn|27
|
|t:|1661070375
|switch|p2a: Bruno Mars|Registeel|21/100
|move|p1a: Ludicolo|Giga Drain|p2a: Bruno Mars
|-resisted|p2a: Bruno Mars
|-damage|p2a: Bruno Mars|9/100
|-heal|p1a: Ludicolo|37/100|[from] drain|[of] p2a: Bruno Mars
|-damage|p1a: Ludicolo|27/100|[from] item: Life Orb
|
|-weather|RainDance|[upkeep]
|-heal|p2a: Bruno Mars|15/100|[from] item: Leftovers
|upkeep
|turn|28
|
|t:|1661070381
|move|p2a: Bruno Mars|Protect|p2a: Bruno Mars
|-singleturn|p2a: Bruno Mars|Protect
|move|p1a: Ludicolo|Surf|p2a: Bruno Mars
|-activate|p2a: Bruno Mars|move: Protect
|
|-weather|RainDance|[upkeep]
|-heal|p2a: Bruno Mars|21/100|[from] item: Leftovers
|upkeep
|turn|29
|
|t:|1661070389
|move|p2a: Bruno Mars|Protect||[still]
|-fail|p2a: Bruno Mars
|move|p1a: Ludicolo|Surf|p2a: Bruno Mars
|-damage|p2a: Bruno Mars|0 fnt
|faint|p2a: Bruno Mars
|-damage|p1a: Ludicolo|17/100|[from] item: Life Orb
|
|-weather|none
|upkeep
|
|t:|1661070393
|switch|p2a: Gooner|Obstagoon, F, shiny|83/100 brn
|turn|30
|
|t:|1661070402
|switch|p1a: Azumarill|Azumarill, F|100/100
|-damage|p1a: Azumarill|88/100|[from] Stealth Rock
|move|p2a: Gooner|Knock Off|p1a: Azumarill
|-resisted|p1a: Azumarill
|-damage|p1a: Azumarill|59/100
|-enditem|p1a: Azumarill|Choice Band|[from] move: Knock Off|[of] p2a: Gooner
|
|-damage|p2a: Gooner|77/100 brn|[from] brn
|upkeep
|turn|31
|
|t:|1661070410
|move|p2a: Gooner|Facade|p1a: Azumarill
|-damage|p1a: Azumarill|0 fnt
|faint|p1a: Azumarill
|
|-damage|p2a: Gooner|71/100 brn|[from] brn
|upkeep
|
|t:|1661070413
|switch|p1a: Excadrill|Excadrill, F, shiny|94/100
|-damage|p1a: Excadrill|91/100|[from] Stealth Rock
|-ability|p1a: Excadrill|Mold Breaker
|turn|32
|
|t:|1661070419
|move|p1a: Excadrill|Earthquake|p2a: Gooner
|-damage|p2a: Gooner|15/100 brn
|move|p2a: Gooner|Close Combat|p1a: Excadrill
|-supereffective|p1a: Excadrill
|-damage|p1a: Excadrill|0 fnt
|-unboost|p2a: Gooner|def|1
|-unboost|p2a: Gooner|spd|1
|faint|p1a: Excadrill
|
|-damage|p2a: Gooner|9/100 brn|[from] brn
|upkeep
|
|t:|1661070422
|switch|p1a: Ludicolo|Ludicolo, M, shiny|17/100
|-damage|p1a: Ludicolo|5/100|[from] Stealth Rock
|turn|33
|
|t:|1661070424
|move|p2a: Gooner|Facade|p1a: Ludicolo
|-damage|p1a: Ludicolo|0 fnt
|faint|p1a: Ludicolo
|
|win|NiraTheNerd
|raw|Rvp4president's rating: 1500 &rarr; <strong>1472</strong><br />(-28 for losing)
|raw|NiraTheNerd's rating: 1353 &rarr; <strong>1381</strong><br />(+28 for winning)
|l|☆Rvp4president
