|j|☆majamer
|j|☆Meute
|t:|1662203348
|gametype|singles
|player|p1|majamer|170|1070
|player|p2|Meute|lance-masters|1273
|teamsize|p1|6
|teamsize|p2|6
|gen|8
|tier|[Gen 8] UU
|rated|
|rule|Sleep Clause Mod: Limit one foe put to sleep
|rule|Species Clause: Limit one of each Pokémon
|rule|OHKO Clause: OHKO moves are banned
|rule|Evasion Items Clause: Evasion items are banned
|rule|Evasion Moves Clause: Evasion moves are banned
|rule|Endless Battle Clause: Forcing endless battles is banned
|rule|HP Percentage Mod: HP is shown in percentages
|rule|Dynamax Clause: You cannot dynamax
|clearpoke
|poke|p1|Druddigon, F|
|poke|p1|Togekiss, M|
|poke|p1|Hydreigon, F|
|poke|p1|Lycanroc-Dusk, F|
|poke|p1|Cobalion|
|poke|p1|Salamence, F|
|poke|p2|Azumarill, M|
|poke|p2|Haxorus, F|
|poke|p2|Gardevoir, F|
|poke|p2|Scolipede, F|
|poke|p2|Celesteela|
|poke|p2|Excadrill, F|
|teampreview
|inactive|Battle timer is ON: inactive players will automatically lose when time's up. (requested by majamer)
|
|t:|1662203355
|start
|switch|p1a: Druddigon|Druddigon, F, shiny|100/100
|switch|p2a: Excadrill|Excadrill, F|100/100
|-ability|p2a: Excadrill|Mold Breaker
|-ability|p1a: Druddigon|Mold Breaker
|turn|1
|
|t:|1662203365
|move|p2a: Excadrill|Stealth Rock|p1a: Druddigon
|-sidestart|p1: majamer|move: Stealth Rock
|move|p1a: Druddigon|Glare|p2a: Excadrill
|-status|p2a: Excadrill|par
|
|upkeep
|turn|2
|
|t:|1662203371
|move|p1a: Druddigon|Stealth Rock|p2a: Excadrill
|-sidestart|p2: Meute|move: Stealth Rock
|move|p2a: Excadrill|Earthquake|p1a: Druddigon
|-damage|p1a: Druddigon|47/100
|
|upkeep
|turn|3
|
|t:|1662203377
|switch|p1a: Salamence|Salamence, F|100/100
|move|p2a: Excadrill|Earthquake|p1a: Salamence
|-immune|p1a: Salamence
|
|upkeep
|turn|4
|
|t:|1662203383
|move|p1a: Salamence|Dragon Dance|p1a: Salamence
|-boost|p1a: Salamence|atk|1
|-boost|p1a: Salamence|spe|1
|move|p2a: Excadrill|Rapid Spin|p1a: Salamence
|-damage|p1a: Salamence|77/100
|-boost|p2a: Excadrill|spe|1
|-sideend|p2: Meute|Stealth Rock|[from] move: Rapid Spin|[of] p2a: Excadrill
|
|upkeep
|turn|5
|
|t:|1662203392
|move|p1a: Salamence|Earthquake|p2a: Excadrill
|-supereffective|p2a: Excadrill
|-enditem|p2a: Excadrill|Focus Sash
|-damage|p2a: Excadrill|1/100 par
|move|p2a: Excadrill|Rock Tomb|p1a: Salamence
|-supereffective|p1a: Salamence
|-damage|p1a: Salamence|23/100
|-unboost|p1a: Salamence|spe|1
|
|upkeep
|turn|6
|
|t:|1662203403
|move|p1a: Salamence|Earthquake|p2a: Excadrill
|-supereffective|p2a: Excadrill
|-damage|p2a: Excadrill|0 fnt
|faint|p2a: Excadrill
|-ability|p1a: Salamence|Moxie|boost
|-boost|p1a: Salamence|atk|1
|
|upkeep
|
|t:|1662203416
|switch|p2a: Gardevoir|Gardevoir, F|100/100
|-ability|p2a: Gardevoir|Moxie|[from] ability: Trace|[of] p1a: Salamence
|turn|7
|
|t:|1662203426
|move|p2a: Gardevoir|Moonblast|p1a: Salamence
|-supereffective|p1a: Salamence
|-damage|p1a: Salamence|0 fnt
|faint|p1a: Salamence
|-ability|p2a: Gardevoir|Moxie|boost
|-boost|p2a: Gardevoir|atk|1
|
|upkeep
|
|t:|1662203448
|switch|p1a: Druddigon|Druddigon, F, shiny|47/100
|-damage|p1a: Druddigon|35/100|[from] Stealth Rock
|-ability|p1a: Druddigon|Mold Breaker
|turn|8
|
|t:|1662203453
|move|p2a: Gardevoir|Moonblast|p1a: Druddigon
|-supereffective|p1a: Druddigon
|-enditem|p1a: Druddigon|Roseli Berry|[eat]
|-enditem|p1a: Druddigon|Roseli Berry|[weaken]
|-damage|p1a: Druddigon|0 fnt
|faint|p1a: Druddigon
|-ability|p2a: Gardevoir|Moxie|boost
|-boost|p2a: Gardevoir|atk|1
|
|upkeep
|
|t:|1662203465
|switch|p1a: Cobalion|Cobalion|100/100
|-damage|p1a: Cobalion|97/100|[from] Stealth Rock
|turn|9
|
|t:|1662203469
|move|p2a: Gardevoir|Moonblast|p1a: Cobalion
|-damage|p1a: Cobalion|35/100
|move|p1a: Cobalion|Iron Head|p2a: Gardevoir
|-supereffective|p2a: Gardevoir
|-damage|p2a: Gardevoir|0 fnt
|faint|p2a: Gardevoir
|
|upkeep
|
|t:|1662203480
|switch|p2a: Celesteela|Celesteela|100/100
|turn|10
|
|t:|1662203485
|switch|p1a: Togekiss|Togekiss, M, shiny|100/100
|-damage|p1a: Togekiss|75/100|[from] Stealth Rock
|move|p2a: Celesteela|Autotomize|p2a: Celesteela
|-boost|p2a: Celesteela|spe|2
|-start|p2a: Celesteela|Autotomize
|
|upkeep
|turn|11
|
|t:|1662203494
|move|p2a: Celesteela|Meteor Beam||[still]
|-prepare|p2a: Celesteela|Meteor Beam
|-boost|p2a: Celesteela|spa|1
|-enditem|p2a: Celesteela|Power Herb
|-anim|p2a: Celesteela|Meteor Beam|p1a: Togekiss
|-supereffective|p1a: Togekiss
|-damage|p1a: Togekiss|0 fnt
|faint|p1a: Togekiss
|-ability|p2a: Celesteela|Beast Boost|boost
|-boost|p2a: Celesteela|spa|1
|
|upkeep
|
|t:|1662203504
|switch|p1a: Lycanroc|Lycanroc-Dusk, F|100/100
|-damage|p1a: Lycanroc|88/100|[from] Stealth Rock
|turn|12
|
|t:|1662203510
|move|p2a: Celesteela|Air Slash|p1a: Lycanroc
|-resisted|p1a: Lycanroc
|-damage|p1a: Lycanroc|26/100
|cant|p1a: Lycanroc|flinch
|
|upkeep
|turn|13
|-message|majamer forfeited.
|
|win|Meute
|raw|majamer's rating: 1070 &rarr; <strong>1060</strong><br />(-10 for losing)
|raw|Meute's rating: 1273 &rarr; <strong>1285</strong><br />(+12 for winning)
|l|☆majamer
