|j|☆DQ Low Tier Legend
|j|☆Whole Lotta Bread
|t:|1656961965
|gametype|singles
|player|p1|DQ Low Tier Legend|lucas|1527
|player|p2|Whole Lotta Bread|roughneck-gen4|1585
|teamsize|p1|6
|teamsize|p2|6
|gen|8
|tier|[Gen 8] UU
|rated|
|rule|Sleep Clause Mod: Limit one foe put to sleep
|rule|Species Clause: Limit one of each Pokémon
|rule|OHKO Clause: OHKO moves are banned
|rule|Evasion Moves Clause: Evasion moves are banned
|rule|Endless Battle Clause: Forcing endless battles is banned
|rule|HP Percentage Mod: HP is shown in percentages
|rule|Dynamax Clause: You cannot dynamax
|clearpoke
|poke|p1|Entei|
|poke|p1|Zygarde-10%|
|poke|p1|Hatterene, F|
|poke|p1|Tentacruel, M|
|poke|p1|Skarmory, M|
|poke|p1|Tangrowth, F|
|poke|p2|Swampert, F|
|poke|p2|Mandibuzz, F|
|poke|p2|Amoonguss, M|
|poke|p2|Golurk|
|poke|p2|Excadrill, F|
|poke|p2|Keldeo-Resolute|
|teampreview
|inactive|Battle timer is ON: inactive players will automatically lose when time's up. (requested by Whole Lotta Bread)
|inactive|Whole Lotta Bread has 120 seconds left.
|inactive|Whole Lotta Bread has 90 seconds left.
|
|t:|1656962047
|start
|switch|p1a: Tangrowth|Tangrowth, F|100/100
|switch|p2a: Golurk|Golurk|100/100
|turn|1
|inactive|DQ Low Tier Legend has 120 seconds left.
|
|t:|1656962087
|switch|p2a: Amoonguss|Amoonguss, M|100/100
|move|p1a: Tangrowth|Power Whip|p2a: Amoonguss
|-resisted|p2a: Amoonguss
|-damage|p2a: Amoonguss|93/100
|-damage|p1a: Tangrowth|84/100|[from] item: Rocky Helmet|[of] p2a: Amoonguss
|
|upkeep
|turn|2
|inactive|DQ Low Tier Legend has 120 seconds left.
|
|t:|1656962098
|switch|p1a: Skarmory|Skarmory, M|100/100
|move|p2a: Amoonguss|Sludge Bomb|p1a: Skarmory
|-immune|p1a: Skarmory
|
|upkeep
|turn|3
|
|t:|1656962104
|move|p1a: Skarmory|Spikes|p2a: Amoonguss
|-sidestart|p2: Whole Lotta Bread|Spikes
|move|p2a: Amoonguss|Spore|p1a: Skarmory
|-status|p1a: Skarmory|slp|[from] move: Spore
|
|upkeep
|turn|4
|
|t:|1656962110
|cant|p1a: Skarmory|slp
|move|p2a: Amoonguss|Sludge Bomb|p1a: Skarmory
|-immune|p1a: Skarmory
|
|upkeep
|turn|5
|
|t:|1656962118
|switch|p2a: Keldeo|Keldeo-Resolute|100/100
|-damage|p2a: Keldeo|88/100|[from] Spikes
|-curestatus|p1a: Skarmory|slp|[msg]
|move|p1a: Skarmory|Spikes|p2a: Keldeo
|-sidestart|p2: Whole Lotta Bread|Spikes
|
|upkeep
|turn|6
|
|t:|1656962123
|switch|p1a: Tangrowth|Tangrowth, F|100/100
|move|p2a: Keldeo|Scald|p1a: Tangrowth
|-resisted|p1a: Tangrowth
|-damage|p1a: Tangrowth|82/100
|
|upkeep
|turn|7
|
|t:|1656962130
|switch|p2a: Amoonguss|Amoonguss, M|100/100
|-damage|p2a: Amoonguss|84/100|[from] Spikes
|move|p1a: Tangrowth|Knock Off|p2a: Amoonguss
|-damage|p2a: Amoonguss|68/100
|-damage|p1a: Tangrowth|66/100|[from] item: Rocky Helmet|[of] p2a: Amoonguss
|-enditem|p2a: Amoonguss|Rocky Helmet|[from] move: Knock Off|[of] p1a: Tangrowth
|
|upkeep
|turn|8
|
|t:|1656962136
|switch|p1a: Skarmory|Skarmory, M|100/100
|move|p2a: Amoonguss|Spore|p1a: Skarmory
|-status|p1a: Skarmory|slp|[from] move: Spore
|
|upkeep
|turn|9
|
|t:|1656962145
|switch|p2a: Excadrill|Excadrill, F|100/100
|-damage|p2a: Excadrill|84/100|[from] Spikes
|-ability|p2a: Excadrill|Mold Breaker
|cant|p1a: Skarmory|slp
|
|-heal|p2a: Excadrill|90/100|[from] item: Leftovers
|upkeep
|turn|10
|
|t:|1656962153
|move|p2a: Excadrill|Rapid Spin|p1a: Skarmory
|-resisted|p1a: Skarmory
|-damage|p1a: Skarmory|95/100 slp
|-boost|p2a: Excadrill|spe|1
|-damage|p2a: Excadrill|73/100|[from] item: Rocky Helmet|[of] p1a: Skarmory
|-sideend|p2: Whole Lotta Bread|Spikes|[from] move: Rapid Spin|[of] p2a: Excadrill
|cant|p1a: Skarmory|slp
|
|-heal|p2a: Excadrill|79/100|[from] item: Leftovers
|upkeep
|turn|11
|
|t:|1656962160
|switch|p2a: Keldeo|Keldeo-Resolute|88/100
|-curestatus|p1a: Skarmory|slp|[msg]
|move|p1a: Skarmory|Spikes|p2a: Keldeo
|-sidestart|p2: Whole Lotta Bread|Spikes
|
|upkeep
|turn|12
|
|t:|1656962166
|switch|p1a: Tangrowth|Tangrowth, F|99/100
|move|p2a: Keldeo|Scald|p1a: Tangrowth
|-resisted|p1a: Tangrowth
|-damage|p1a: Tangrowth|79/100
|
|upkeep
|turn|13
|
|t:|1656962177
|switch|p1a: Entei|Entei|100/100
|move|p2a: Keldeo|Scald|p1a: Entei
|-supereffective|p1a: Entei
|-damage|p1a: Entei|0 fnt
|faint|p1a: Entei
|
|upkeep
|
|t:|1656962180
|switch|p1a: Tentacruel|Tentacruel, M|100/100
|turn|14
|
|t:|1656962188
|switch|p2a: Amoonguss|Amoonguss, M|100/100
|-damage|p2a: Amoonguss|88/100|[from] Spikes
|move|p1a: Tentacruel|Scald|p2a: Amoonguss
|-resisted|p2a: Amoonguss
|-damage|p2a: Amoonguss|77/100
|
|upkeep
|turn|15
|
|t:|1656962196
|move|p1a: Tentacruel|Scald|p2a: Amoonguss
|-resisted|p2a: Amoonguss
|-damage|p2a: Amoonguss|67/100
|-status|p2a: Amoonguss|brn
|move|p2a: Amoonguss|Sludge Bomb|p1a: Tentacruel
|-resisted|p1a: Tentacruel
|-damage|p1a: Tentacruel|90/100
|
|-heal|p1a: Tentacruel|96/100|[from] item: Black Sludge
|-damage|p2a: Amoonguss|61/100 brn|[from] brn
|upkeep
|turn|16
|
|t:|1656962220
|switch|p1a: Skarmory|Skarmory, M|95/100
|move|p2a: Amoonguss|Spore|p1a: Skarmory
|-status|p1a: Skarmory|slp|[from] move: Spore
|
|-damage|p2a: Amoonguss|55/100 brn|[from] brn
|upkeep
|turn|17
|
|t:|1656962240
|switch|p2a: Excadrill|Excadrill, F|79/100
|-damage|p2a: Excadrill|67/100|[from] Spikes
|-ability|p2a: Excadrill|Mold Breaker
|cant|p1a: Skarmory|slp
|
|-heal|p2a: Excadrill|73/100|[from] item: Leftovers
|upkeep
|turn|18
|
|t:|1656962269
|move|p2a: Excadrill|Rapid Spin|p1a: Skarmory
|-resisted|p1a: Skarmory
|-damage|p1a: Skarmory|90/100 slp
|-boost|p2a: Excadrill|spe|1
|-damage|p2a: Excadrill|56/100|[from] item: Rocky Helmet|[of] p1a: Skarmory
|-sideend|p2: Whole Lotta Bread|Spikes|[from] move: Rapid Spin|[of] p2a: Excadrill
|cant|p1a: Skarmory|slp
|
|-heal|p2a: Excadrill|63/100|[from] item: Leftovers
|upkeep
|turn|19
|
|t:|1656962288
|switch|p2a: Golurk|Golurk|100/100
|-curestatus|p1a: Skarmory|slp|[msg]
|move|p1a: Skarmory|Spikes|p2a: Golurk
|-sidestart|p2: Whole Lotta Bread|Spikes
|
|upkeep
|turn|20
|
|t:|1656962299
|move|p2a: Golurk|Poltergeist|p1a: Skarmory
|-activate|p1a: Skarmory|move: Poltergeist|Rocky Helmet
|-damage|p1a: Skarmory|42/100
|move|p1a: Skarmory|Roost|p1a: Skarmory
|-heal|p1a: Skarmory|92/100
|-singleturn|p1a: Skarmory|move: Roost
|
|upkeep
|turn|21
|
|t:|1656962312
|move|p2a: Golurk|Poltergeist|p1a: Skarmory
|-activate|p1a: Skarmory|move: Poltergeist|Rocky Helmet
|-damage|p1a: Skarmory|42/100
|move|p1a: Skarmory|Iron Defense|p1a: Skarmory
|-boost|p1a: Skarmory|def|2
|
|upkeep
|turn|22
|
|t:|1656962329
|switch|p2a: Keldeo|Keldeo-Resolute|88/100
|-damage|p2a: Keldeo|76/100|[from] Spikes
|move|p1a: Skarmory|Roost|p1a: Skarmory
|-heal|p1a: Skarmory|92/100
|-singleturn|p1a: Skarmory|move: Roost
|
|upkeep
|turn|23
|
|t:|1656962337
|switch|p1a: Tangrowth|Tangrowth, F|100/100
|move|p2a: Keldeo|Scald|p1a: Tangrowth
|-resisted|p1a: Tangrowth
|-damage|p1a: Tangrowth|82/100
|-status|p1a: Tangrowth|brn
|
|-damage|p1a: Tangrowth|75/100 brn|[from] brn
|upkeep
|turn|24
|inactive|DQ Low Tier Legend has 120 seconds left.
|inactive|DQ Low Tier Legend has 90 seconds left.
|
|t:|1656962399
|switch|p2a: Amoonguss|Amoonguss, M|88/100 brn
|-damage|p2a: Amoonguss|75/100 brn|[from] Spikes
|move|p1a: Tangrowth|Knock Off|p2a: Amoonguss
|-damage|p2a: Amoonguss|70/100 brn
|
|-damage|p1a: Tangrowth|69/100 brn|[from] brn
|-damage|p2a: Amoonguss|64/100 brn|[from] brn
|upkeep
|turn|25
|inactive|DQ Low Tier Legend has 90 seconds left.
|
|t:|1656962418
|switch|p1a: Skarmory|Skarmory, M|92/100
|move|p2a: Amoonguss|Spore|p1a: Skarmory
|-status|p1a: Skarmory|slp|[from] move: Spore
|
|-damage|p2a: Amoonguss|57/100 brn|[from] brn
|upkeep
|turn|26
|inactive|DQ Low Tier Legend has 90 seconds left.
|
|t:|1656962444
|switch|p2a: Golurk|Golurk|100/100
|-damage|p2a: Golurk|88/100|[from] Spikes
|cant|p1a: Skarmory|slp
|
|upkeep
|turn|27
|
|t:|1656962451
|move|p2a: Golurk|Poltergeist|p1a: Skarmory
|-activate|p1a: Skarmory|move: Poltergeist|Rocky Helmet
|-damage|p1a: Skarmory|40/100 slp
|cant|p1a: Skarmory|slp
|
|upkeep
|turn|28
|inactive|DQ Low Tier Legend has 90 seconds left.
|
|t:|1656962458
|switch|p1a: Tentacruel|Tentacruel, M|96/100
|move|p2a: Golurk|Poltergeist|p1a: Tentacruel
|-activate|p1a: Tentacruel|move: Poltergeist|Black Sludge
|-damage|p1a: Tentacruel|5/100
|
|-heal|p1a: Tentacruel|11/100|[from] item: Black Sludge
|upkeep
|turn|29
|
|t:|1656962471
|switch|p2a: Amoonguss|Amoonguss, M|91/100 brn
|-damage|p2a: Amoonguss|78/100 brn|[from] Spikes
|move|p1a: Tentacruel|Scald|p2a: Amoonguss
|-resisted|p2a: Amoonguss
|-damage|p2a: Amoonguss|68/100 brn
|
|-heal|p1a: Tentacruel|17/100|[from] item: Black Sludge
|-damage|p2a: Amoonguss|61/100 brn|[from] brn
|upkeep
|turn|30
|inactive|DQ Low Tier Legend has 90 seconds left.
|
|t:|1656962503
|switch|p1a: Skarmory|Skarmory, M|40/100 slp
|switch|p2a: Keldeo|Keldeo-Resolute|76/100
|-damage|p2a: Keldeo|63/100|[from] Spikes
|
|upkeep
|turn|31
|
|t:|1656962520
|switch|p1a: Tangrowth|Tangrowth, F|100/100 brn
|move|p2a: Keldeo|Secret Sword|p1a: Tangrowth
|-damage|p1a: Tangrowth|56/100 brn
|
|-damage|p1a: Tangrowth|50/100 brn|[from] brn
|upkeep
|turn|32
|inactive|DQ Low Tier Legend has 90 seconds left.
|
|t:|1656962535
|switch|p2a: Amoonguss|Amoonguss, M|95/100 brn
|-damage|p2a: Amoonguss|82/100 brn|[from] Spikes
|switch|p1a: Hatterene|Hatterene, F|100/100
|
|-damage|p2a: Amoonguss|76/100 brn|[from] brn
|upkeep
|turn|33
|
|t:|1656962555
|move|p2a: Amoonguss|Sludge Bomb|p1a: Hatterene
|-supereffective|p1a: Hatterene
|-damage|p1a: Hatterene|41/100
|move|p1a: Hatterene|Calm Mind|p1a: Hatterene
|-boost|p1a: Hatterene|spa|1
|-boost|p1a: Hatterene|spd|1
|
|-heal|p1a: Hatterene|47/100|[from] item: Leftovers
|-damage|p2a: Amoonguss|70/100 brn|[from] brn
|upkeep
|turn|34
|
|t:|1656962561
|move|p2a: Amoonguss|Sludge Bomb|p1a: Hatterene
|-supereffective|p1a: Hatterene
|-damage|p1a: Hatterene|13/100
|move|p1a: Hatterene|Psyshock|p2a: Amoonguss
|-supereffective|p2a: Amoonguss
|-damage|p2a: Amoonguss|0 fnt
|faint|p2a: Amoonguss
|
|-heal|p1a: Hatterene|19/100|[from] item: Leftovers
|upkeep
|
|t:|1656962572
|switch|p2a: Golurk|Golurk|88/100
|-damage|p2a: Golurk|76/100|[from] Spikes
|turn|35
|
|t:|1656962589
|move|p2a: Golurk|Poltergeist|p1a: Hatterene
|-activate|p1a: Hatterene|move: Poltergeist|Leftovers
|-supereffective|p1a: Hatterene
|-damage|p1a: Hatterene|0 fnt
|faint|p1a: Hatterene
|
|upkeep
|
|t:|1656962593
|switch|p1a: Tangrowth|Tangrowth, F|83/100 brn
|turn|36
|
|t:|1656962607
|move|p2a: Golurk|Poltergeist|p1a: Tangrowth
|-activate|p1a: Tangrowth|move: Poltergeist|Assault Vest
|-damage|p1a: Tangrowth|23/100 brn
|move|p1a: Tangrowth|Knock Off|p2a: Golurk
|-supereffective|p2a: Golurk
|-damage|p2a: Golurk|50/100
|-enditem|p2a: Golurk|Choice Band|[from] move: Knock Off|[of] p1a: Tangrowth
|
|-damage|p1a: Tangrowth|17/100 brn|[from] brn
|upkeep
|turn|37
|inactive|DQ Low Tier Legend has 120 seconds left.
|
|t:|1656962622
|switch|p1a: Tentacruel|Tentacruel, M|17/100
|move|p2a: Golurk|Poltergeist|p1a: Tentacruel
|-activate|p1a: Tentacruel|move: Poltergeist|Black Sludge
|-damage|p1a: Tentacruel|0 fnt
|faint|p1a: Tentacruel
|
|upkeep
|
|t:|1656962625
|switch|p1a: Zygarde|Zygarde-10%|100/100
|-ability|p1a: Zygarde|Aura Break
|turn|38
|
|t:|1656962635
|move|p1a: Zygarde|Thousand Arrows|p2a: Golurk
|-damage|p2a: Golurk|0 fnt
|faint|p2a: Golurk
|
|upkeep
|
|t:|1656962649
|switch|p2a: Mandibuzz|Mandibuzz, F|100/100
|turn|39
|
|t:|1656962653
|switch|p1a: Skarmory|Skarmory, M|40/100 slp
|move|p2a: Mandibuzz|Foul Play|p1a: Skarmory
|-damage|p1a: Skarmory|29/100 slp
|-damage|p2a: Mandibuzz|84/100|[from] item: Rocky Helmet|[of] p1a: Skarmory
|
|upkeep
|turn|40
|
|t:|1656962660
|move|p2a: Mandibuzz|Knock Off|p1a: Skarmory
|-damage|p1a: Skarmory|15/100 slp
|-damage|p2a: Mandibuzz|67/100|[from] item: Rocky Helmet|[of] p1a: Skarmory
|-enditem|p1a: Skarmory|Rocky Helmet|[from] move: Knock Off|[of] p2a: Mandibuzz
|-curestatus|p1a: Skarmory|slp|[msg]
|move|p1a: Skarmory|Roost|p1a: Skarmory
|-heal|p1a: Skarmory|65/100
|-singleturn|p1a: Skarmory|move: Roost
|
|upkeep
|turn|41
|
|t:|1656962669
|move|p2a: Mandibuzz|U-turn|p1a: Skarmory
|-resisted|p1a: Skarmory
|-damage|p1a: Skarmory|64/100
|
|t:|1656962673
|switch|p2a: Swampert|Swampert, F|100/100|[from]move: U-turn
|-damage|p2a: Swampert|88/100|[from] Spikes
|move|p1a: Skarmory|Body Press|p2a: Swampert
|-damage|p2a: Swampert|62/100
|
|-heal|p2a: Swampert|68/100|[from] item: Leftovers
|upkeep
|turn|42
|
|t:|1656962694
|move|p1a: Skarmory|Roost|p1a: Skarmory
|-heal|p1a: Skarmory|100/100
|-singleturn|p1a: Skarmory|move: Roost
|move|p2a: Swampert|Stealth Rock|p1a: Skarmory
|-sidestart|p1: DQ Low Tier Legend|move: Stealth Rock
|
|-heal|p2a: Swampert|74/100|[from] item: Leftovers
|upkeep
|turn|43
|
|t:|1656962700
|move|p1a: Skarmory|Body Press|p2a: Swampert
|-damage|p2a: Swampert|49/100
|move|p2a: Swampert|Flip Turn|p1a: Skarmory
|-damage|p1a: Skarmory|88/100
|
|t:|1656962703
|switch|p2a: Keldeo|Keldeo-Resolute|63/100|[from]move: Flip Turn
|-damage|p2a: Keldeo|51/100|[from] Spikes
|
|upkeep
|turn|44
|
|t:|1656962712
|switch|p1a: Tangrowth|Tangrowth, F|50/100 brn
|-damage|p1a: Tangrowth|38/100 brn|[from] Stealth Rock
|move|p2a: Keldeo|Scald|p1a: Tangrowth
|-resisted|p1a: Tangrowth
|-damage|p1a: Tangrowth|20/100 brn
|
|-damage|p1a: Tangrowth|14/100 brn|[from] brn
|upkeep
|turn|45
|
|t:|1656962721
|move|p2a: Keldeo|Scald|p1a: Tangrowth
|-resisted|p1a: Tangrowth
|-damage|p1a: Tangrowth|0 fnt
|faint|p1a: Tangrowth
|
|upkeep
|
|t:|1656962723
|switch|p1a: Zygarde|Zygarde-10%|100/100
|-damage|p1a: Zygarde|94/100|[from] Stealth Rock
|-ability|p1a: Zygarde|Aura Break
|turn|46
|
|t:|1656962730
|switch|p2a: Excadrill|Excadrill, F|63/100
|-damage|p2a: Excadrill|50/100|[from] Spikes
|-ability|p2a: Excadrill|Mold Breaker
|move|p1a: Zygarde|Thousand Arrows|p2a: Excadrill
|-supereffective|p2a: Excadrill
|-damage|p2a: Excadrill|0 fnt
|faint|p2a: Excadrill
|
|upkeep
|
|t:|1656962732
|switch|p2a: Mandibuzz|Mandibuzz, F|67/100
|turn|47
|
|t:|1656962755
|switch|p1a: Skarmory|Skarmory, M|88/100
|-damage|p1a: Skarmory|76/100|[from] Stealth Rock
|move|p2a: Mandibuzz|Roost|p2a: Mandibuzz
|-heal|p2a: Mandibuzz|100/100
|-singleturn|p2a: Mandibuzz|move: Roost
|
|upkeep
|turn|48
|
|t:|1656962767
|move|p2a: Mandibuzz|U-turn|p1a: Skarmory
|-resisted|p1a: Skarmory
|-damage|p1a: Skarmory|74/100
|
|t:|1656962770
|switch|p2a: Swampert|Swampert, F|49/100|[from]move: U-turn
|-damage|p2a: Swampert|37/100|[from] Spikes
|move|p1a: Skarmory|Roost|p1a: Skarmory
|-heal|p1a: Skarmory|100/100
|-singleturn|p1a: Skarmory|move: Roost
|
|-heal|p2a: Swampert|43/100|[from] item: Leftovers
|upkeep
|turn|49
|
|t:|1656962788
|move|p1a: Skarmory|Body Press|p2a: Swampert
|-crit|p2a: Swampert
|-damage|p2a: Swampert|6/100
|move|p2a: Swampert|Flip Turn|p1a: Skarmory
|-damage|p1a: Skarmory|80/100
|
|t:|1656962794
|switch|p2a: Keldeo|Keldeo-Resolute|51/100|[from]move: Flip Turn
|-damage|p2a: Keldeo|39/100|[from] Spikes
|
|upkeep
|turn|50
|
|t:|1656962797
|move|p2a: Keldeo|Scald|p1a: Skarmory
|-damage|p1a: Skarmory|0 fnt
|faint|p1a: Skarmory
|
|upkeep
|
|t:|1656962800
|switch|p1a: Zygarde|Zygarde-10%|94/100
|-damage|p1a: Zygarde|88/100|[from] Stealth Rock
|-ability|p1a: Zygarde|Aura Break
|turn|51
|
|t:|1656962806
|move|p1a: Zygarde|Outrage|p2a: Keldeo
|-damage|p2a: Keldeo|0 fnt
|faint|p2a: Keldeo
|
|upkeep
|
|t:|1656962808
|switch|p2a: Mandibuzz|Mandibuzz, F|100/100
|turn|52
|
|t:|1656962820
|move|p1a: Zygarde|Outrage|p2a: Mandibuzz|[from]lockedmove
|-damage|p2a: Mandibuzz|57/100
|-start|p1a: Zygarde|confusion|[fatigue]
|move|p2a: Mandibuzz|Roost|p2a: Mandibuzz
|-heal|p2a: Mandibuzz|100/100
|-singleturn|p2a: Mandibuzz|move: Roost
|
|upkeep
|turn|53
|
|t:|1656962825
|-activate|p1a: Zygarde|confusion
|-damage|p1a: Zygarde|67/100|[from] confusion
|move|p2a: Mandibuzz|Foul Play|p1a: Zygarde
|-damage|p1a: Zygarde|0 fnt
|faint|p1a: Zygarde
|
|win|Whole Lotta Bread
|raw|DQ Low Tier Legend's rating: 1533 &rarr; <strong>1516</strong><br />(-17 for losing)
|raw|Whole Lotta Bread's rating: 1585 &rarr; <strong>1602</strong><br />(+17 for winning)
|c|☆Whole Lotta Bread|gg
