|j|☆HaxxQueen
|j|☆joliemome
|t:|1641557341
|gametype|singles
|player|p1|HaxxQueen|acetrainerf-gen4|1323
|player|p2|joliemome|beauty-gen4dp|1395
|teamsize|p1|6
|teamsize|p2|6
|gen|8
|tier|[Gen 8] UU
|rated|
|rule|Sleep Clause Mod: Limit one foe put to sleep
|rule|Species Clause: Limit one of each Pokémon
|rule|OHKO Clause: OHKO moves are banned
|rule|Evasion Moves Clause: Evasion moves are banned
|rule|Endless Battle Clause: Forcing endless battles is banned
|rule|HP Percentage Mod: HP is shown in percentages
|rule|Dynamax Clause: You cannot dynamax
|clearpoke
|poke|p1|Chansey, F|
|poke|p1|Hydreigon, F|
|poke|p1|Tangrowth, M|
|poke|p1|Azumarill, M|
|poke|p1|Darmanitan, F|
|poke|p1|Rotom-Wash|
|poke|p2|Skarmory, F|
|poke|p2|Tapu Bulu|
|poke|p2|Darmanitan, M|
|poke|p2|Nihilego|
|poke|p2|Heracross, M|
|poke|p2|Swampert, M|
|teampreview
|inactive|Battle timer is ON: inactive players will automatically lose when time's up. (requested by HaxxQueen)
|
|t:|1641557361
|start
|switch|p1a: Darmanitan|Darmanitan, F|100/100
|switch|p2a: Swampert|Swampert, M|100/100
|turn|1
|
|t:|1641557371
|move|p1a: Darmanitan|U-turn|p2a: Swampert
|-damage|p2a: Swampert|74/100
|
|t:|1641557379
|switch|p1a: Rotom|Rotom-Wash|100/100|[from]move: U-turn
|move|p2a: Swampert|Toxic|p1a: Rotom
|-status|p1a: Rotom|tox
|
|-heal|p2a: Swampert|81/100|[from] item: Leftovers
|-damage|p1a: Rotom|94/100 tox|[from] psn
|upkeep
|turn|2
|
|t:|1641557389
|move|p1a: Rotom|Trick|p2a: Swampert
|-activate|p1a: Rotom|move: Trick|[of] p2a: Swampert
|-item|p2a: Swampert|Choice Scarf|[from] move: Trick
|-item|p1a: Rotom|Leftovers|[from] move: Trick
|move|p2a: Swampert|Stealth Rock|p1a: Rotom
|-sidestart|p1: HaxxQueen|move: Stealth Rock
|
|-heal|p1a: Rotom|100/100 tox|[from] item: Leftovers
|-damage|p1a: Rotom|88/100 tox|[from] psn
|upkeep
|turn|3
|
|t:|1641557399
|move|p1a: Rotom|Defog|p2a: Swampert
|-unboost|p2a: Swampert|evasion|1
|-sideend|p1: HaxxQueen|Stealth Rock|[from] move: Defog|[of] p1a: Rotom
|move|p2a: Swampert|Stealth Rock|p1a: Rotom
|-sidestart|p1: HaxxQueen|move: Stealth Rock
|
|-heal|p1a: Rotom|94/100 tox|[from] item: Leftovers
|-damage|p1a: Rotom|76/100 tox|[from] psn
|upkeep
|turn|4
|
|t:|1641557409
|switch|p1a: Tangrowth|Tangrowth, M|100/100
|-damage|p1a: Tangrowth|88/100|[from] Stealth Rock
|move|p2a: Swampert|Stealth Rock||[still]
|-fail|p2a: Swampert
|
|upkeep
|turn|5
|
|t:|1641557435
|switch|p2a: Skarmory|Skarmory, F|100/100
|move|p1a: Tangrowth|Knock Off|p2a: Skarmory
|-damage|p2a: Skarmory|87/100
|-enditem|p2a: Skarmory|Leftovers|[from] move: Knock Off|[of] p1a: Tangrowth
|
|upkeep
|turn|6
|
|t:|1641557447
|switch|p1a: Rotom|Rotom-Wash|76/100 tox
|-damage|p1a: Rotom|64/100 tox|[from] Stealth Rock
|move|p2a: Skarmory|Iron Defense|p2a: Skarmory
|-boost|p2a: Skarmory|def|2
|
|-heal|p1a: Rotom|70/100 tox|[from] item: Leftovers
|-damage|p1a: Rotom|64/100 tox|[from] psn
|upkeep
|turn|7
|
|t:|1641557459
|switch|p2a: Swampert|Swampert, M|81/100
|move|p1a: Rotom|Will-O-Wisp|p2a: Swampert|[miss]
|-miss|p1a: Rotom|p2a: Swampert
|
|-heal|p1a: Rotom|70/100 tox|[from] item: Leftovers
|-damage|p1a: Rotom|58/100 tox|[from] psn
|upkeep
|turn|8
|
|t:|1641557469
|switch|p1a: Tangrowth|Tangrowth, M|100/100
|-damage|p1a: Tangrowth|88/100|[from] Stealth Rock
|move|p2a: Swampert|Flip Turn|p1a: Tangrowth
|-resisted|p1a: Tangrowth
|-damage|p1a: Tangrowth|82/100
|
|t:|1641557476
|switch|p2a: Darmanitan|Darmanitan, M|100/100|[from]move: Flip Turn
|
|upkeep
|turn|9
|
|t:|1641557493
|switch|p1a: Rotom|Rotom-Wash|58/100 tox
|-damage|p1a: Rotom|45/100 tox|[from] Stealth Rock
|move|p2a: Darmanitan|Flare Blitz|p1a: Rotom
|-resisted|p1a: Rotom
|-damage|p1a: Rotom|11/100 tox
|-damage|p2a: Darmanitan|91/100|[from] Recoil
|
|-heal|p1a: Rotom|17/100 tox|[from] item: Leftovers
|-damage|p1a: Rotom|11/100 tox|[from] psn
|upkeep
|turn|10
|
|t:|1641557506
|move|p2a: Darmanitan|Flare Blitz|p1a: Rotom
|-resisted|p1a: Rotom
|-damage|p1a: Rotom|0 fnt
|faint|p1a: Rotom
|-damage|p2a: Darmanitan|89/100|[from] Recoil
|
|upkeep
|
|t:|1641557513
|switch|p1a: Azumarill|Azumarill, M|100/100
|-damage|p1a: Azumarill|88/100|[from] Stealth Rock
|turn|11
|
|t:|1641557530
|switch|p2a: Tapu Bulu|Tapu Bulu|100/100
|-fieldstart|move: Grassy Terrain|[from] ability: Grassy Surge|[of] p2a: Tapu Bulu
|move|p1a: Azumarill|Play Rough|p2a: Tapu Bulu
|-damage|p2a: Tapu Bulu|43/100
|-unboost|p2a: Tapu Bulu|atk|1
|-damage|p1a: Azumarill|72/100|[from] item: Rocky Helmet|[of] p2a: Tapu Bulu
|
|-heal|p2a: Tapu Bulu|49/100|[from] Grassy Terrain
|-heal|p1a: Azumarill|78/100|[from] Grassy Terrain
|upkeep
|turn|12
|
|t:|1641557547
|move|p2a: Tapu Bulu|Toxic|p1a: Azumarill
|-status|p1a: Azumarill|tox
|move|p1a: Azumarill|Play Rough|p2a: Tapu Bulu
|-damage|p2a: Tapu Bulu|0 fnt
|-damage|p1a: Azumarill|61/100 tox|[from] item: Rocky Helmet|[of] p2a: Tapu Bulu
|faint|p2a: Tapu Bulu
|
|-heal|p1a: Azumarill|68/100 tox|[from] Grassy Terrain
|-damage|p1a: Azumarill|61/100 tox|[from] psn
|upkeep
|
|t:|1641557558
|switch|p2a: Skarmory|Skarmory, F|87/100
|turn|13
|
|t:|1641557564
|switch|p1a: Hydreigon|Hydreigon, F|100/100
|-damage|p1a: Hydreigon|88/100|[from] Stealth Rock
|move|p2a: Skarmory|Iron Defense|p2a: Skarmory
|-boost|p2a: Skarmory|def|2
|
|upkeep
|turn|14
|
|t:|1641557574
|switch|p2a: Swampert|Swampert, M|81/100
|move|p1a: Hydreigon|Fire Blast|p2a: Swampert
|-resisted|p2a: Swampert
|-crit|p2a: Swampert
|-damage|p2a: Swampert|50/100
|
|-heal|p2a: Swampert|56/100|[from] Grassy Terrain
|upkeep
|turn|15
|
|t:|1641557587
|switch|p1a: Tangrowth|Tangrowth, M|100/100
|-damage|p1a: Tangrowth|88/100|[from] Stealth Rock
|move|p2a: Swampert|Flip Turn|p1a: Tangrowth
|-resisted|p1a: Tangrowth
|-damage|p1a: Tangrowth|81/100
|
|t:|1641557594
|switch|p2a: Darmanitan|Darmanitan, M|89/100|[from]move: Flip Turn
|
|-heal|p2a: Darmanitan|95/100|[from] Grassy Terrain
|-heal|p1a: Tangrowth|88/100|[from] Grassy Terrain
|-fieldend|move: Grassy Terrain
|upkeep
|turn|16
|
|t:|1641557604
|switch|p1a: Darmanitan|Darmanitan, F|100/100
|-damage|p1a: Darmanitan|76/100|[from] Stealth Rock
|move|p2a: Darmanitan|Flare Blitz|p1a: Darmanitan
|-resisted|p1a: Darmanitan
|-damage|p1a: Darmanitan|3/100
|-damage|p2a: Darmanitan|71/100|[from] Recoil
|
|upkeep
|turn|17
|
|t:|1641557621
|switch|p2a: Swampert|Swampert, M|56/100
|move|p1a: Darmanitan|Rock Slide|p2a: Swampert
|-resisted|p2a: Swampert
|-damage|p2a: Swampert|38/100
|
|upkeep
|turn|18
|
|t:|1641557628
|move|p1a: Darmanitan|Rock Slide|p2a: Swampert
|-resisted|p2a: Swampert
|-damage|p2a: Swampert|21/100
|move|p2a: Swampert|Flip Turn|p1a: Darmanitan
|-supereffective|p1a: Darmanitan
|-damage|p1a: Darmanitan|0 fnt
|faint|p1a: Darmanitan
|
|t:|1641557639
|switch|p2a: Darmanitan|Darmanitan, M|71/100|[from]move: Flip Turn
|
|upkeep
|
|t:|1641557644
|switch|p1a: Azumarill|Azumarill, M|61/100 tox
|-damage|p1a: Azumarill|49/100 tox|[from] Stealth Rock
|turn|19
|
|t:|1641557658
|switch|p2a: Swampert|Swampert, M|21/100
|move|p1a: Azumarill|Liquidation|p2a: Swampert
|-damage|p2a: Swampert|0 fnt
|faint|p2a: Swampert
|
|-damage|p1a: Azumarill|43/100 tox|[from] psn
|upkeep
|
|t:|1641557668
|switch|p2a: Heracross|Heracross, M|100/100
|turn|20
|
|t:|1641557677
|switch|p1a: Tangrowth|Tangrowth, M|100/100
|-damage|p1a: Tangrowth|88/100|[from] Stealth Rock
|move|p2a: Heracross|Facade|p1a: Tangrowth
|-damage|p1a: Tangrowth|76/100
|
|-status|p2a: Heracross|brn|[from] item: Flame Orb
|upkeep
|turn|21
|
|t:|1641557693
|move|p2a: Heracross|Swords Dance|p2a: Heracross
|-boost|p2a: Heracross|atk|2
|move|p1a: Tangrowth|Sludge Bomb|p2a: Heracross
|-damage|p2a: Heracross|78/100 brn
|
|-damage|p2a: Heracross|72/100 brn|[from] brn
|upkeep
|turn|22
|
|t:|1641557703
|move|p2a: Heracross|Close Combat|p1a: Tangrowth
|-damage|p1a: Tangrowth|0 fnt
|-unboost|p2a: Heracross|def|1
|-unboost|p2a: Heracross|spd|1
|faint|p1a: Tangrowth
|
|-damage|p2a: Heracross|66/100 brn|[from] brn
|upkeep
|
|t:|1641557712
|switch|p1a: Azumarill|Azumarill, M|43/100 tox
|-damage|p1a: Azumarill|31/100 tox|[from] Stealth Rock
|turn|23
|
|t:|1641557720
|switch|p2a: Skarmory|Skarmory, F|87/100
|move|p1a: Azumarill|Aqua Jet|p2a: Skarmory
|-damage|p2a: Skarmory|62/100
|
|-damage|p1a: Azumarill|25/100 tox|[from] psn
|upkeep
|turn|24
|
|t:|1641557741
|move|p1a: Azumarill|Aqua Jet|p2a: Skarmory
|-damage|p2a: Skarmory|40/100
|move|p2a: Skarmory|Body Press|p1a: Azumarill
|-resisted|p1a: Azumarill
|-damage|p1a: Azumarill|5/100 tox
|
|-damage|p1a: Azumarill|0 fnt|[from] psn
|faint|p1a: Azumarill
|upkeep
|
|t:|1641557751
|switch|p1a: Hydreigon|Hydreigon, F|88/100
|-damage|p1a: Hydreigon|76/100|[from] Stealth Rock
|turn|25
|
|t:|1641557773
|switch|p2a: Nihilego|Nihilego|100/100
|move|p1a: Hydreigon|Dark Pulse|p2a: Nihilego
|-damage|p2a: Nihilego|52/100
|
|upkeep
|turn|26
|
|t:|1641557780
|switch|p2a: Darmanitan|Darmanitan, M|71/100
|switch|p1a: Chansey|Chansey, F|100/100
|-damage|p1a: Chansey|88/100|[from] Stealth Rock
|
|upkeep
|turn|27
|
|t:|1641557788
|move|p2a: Darmanitan|Flare Blitz|p1a: Chansey
|-damage|p1a: Chansey|0 fnt
|faint|p1a: Chansey
|-damage|p2a: Darmanitan|14/100|[from] Recoil
|
|upkeep
|
|t:|1641557794
|switch|p1a: Hydreigon|Hydreigon, F|76/100
|-damage|p1a: Hydreigon|64/100|[from] Stealth Rock
|turn|28
|
|t:|1641557809
|move|p2a: Darmanitan|Flare Blitz|p1a: Hydreigon
|-resisted|p1a: Hydreigon
|-damage|p1a: Hydreigon|14/100
|-damage|p2a: Darmanitan|0 fnt|[from] Recoil
|faint|p2a: Darmanitan
|move|p1a: Hydreigon|Dark Pulse|p2: Darmanitan|[notarget]
|-fail|p1a: Hydreigon
|
|upkeep
|
|t:|1641557816
|switch|p2a: Nihilego|Nihilego|52/100
|turn|29
|
|t:|1641557821
|move|p2a: Nihilego|Power Gem|p1a: Hydreigon
|-damage|p1a: Hydreigon|0 fnt
|faint|p1a: Hydreigon
|
|win|joliemome
|raw|HaxxQueen's rating: 1323 &rarr; <strong>1307</strong><br />(-16 for losing)
|raw|joliemome's rating: 1395 &rarr; <strong>1411</strong><br />(+16 for winning)
|l|☆HaxxQueen
