|j|☆DDD951
|j|☆Whereisuber?
|t:|1656169604
|gametype|singles
|player|p1|DDD951|170|1483
|player|p2|Whereisuber?|cynthia-gen4|1419
|teamsize|p1|6
|teamsize|p2|6
|gen|8
|tier|[Gen 8] UU
|rated|
|rule|Sleep Clause Mod: Limit one foe put to sleep
|rule|Species Clause: Limit one of each Pokémon
|rule|OHKO Clause: OHKO moves are banned
|rule|Evasion Moves Clause: Evasion moves are banned
|rule|Endless Battle Clause: Forcing endless battles is banned
|rule|HP Percentage Mod: HP is shown in percentages
|rule|Dynamax Clause: You cannot dynamax
|clearpoke
|poke|p1|Scizor, F|
|poke|p1|Gyarados, F|
|poke|p1|Starmie|
|poke|p1|Nihilego|
|poke|p1|Tangrowth, M|
|poke|p1|Darmanitan, F|
|poke|p2|Blastoise, M|
|poke|p2|Indeedee, M|
|poke|p2|Sceptile, M|
|poke|p2|Swampert, F|
|poke|p2|Togekiss, F|
|poke|p2|Incineroar, F|
|teampreview
|
|t:|1656169618
|start
|switch|p1a: Nihilego|Nihilego|100/100
|switch|p2a: Indeedee|Indeedee, M|100/100
|-fieldstart|move: Psychic Terrain|[from] ability: Psychic Surge|[of] p2a: Indeedee
|turn|1
|
|t:|1656169625
|move|p1a: Nihilego|Sludge Wave|p2a: Indeedee
|-damage|p2a: Indeedee|29/100
|move|p2a: Indeedee|Expanding Force|p1a: Nihilego
|-supereffective|p1a: Nihilego
|-damage|p1a: Nihilego|0 fnt
|faint|p1a: Nihilego
|
|upkeep
|inactive|Battle timer is ON: inactive players will automatically lose when time's up. (requested by Whereisuber?)
|
|t:|1656169634
|switch|p1a: Darmanitan|Darmanitan, F|100/100
|turn|2
|
|t:|1656169637
|switch|p2a: Swampert|Swampert, F|100/100
|move|p1a: Darmanitan|U-turn|p2a: Swampert
|-damage|p2a: Swampert|84/100
|
|t:|1656169641
|switch|p1a: Gyarados|Gyarados, F|100/100|[from]move: U-turn
|-ability|p1a: Gyarados|Intimidate|boost
|-unboost|p2a: Swampert|atk|1
|
|-heal|p2a: Swampert|90/100|[from] item: Leftovers
|upkeep
|turn|3
|
|t:|1656169647
|move|p1a: Gyarados|Substitute|p1a: Gyarados
|-start|p1a: Gyarados|Substitute
|-damage|p1a: Gyarados|76/100
|move|p2a: Swampert|Flip Turn|p1a: Gyarados
|-resisted|p1a: Gyarados
|-activate|p1a: Gyarados|move: Substitute|[damage]
|
|t:|1656169653
|switch|p2a: Togekiss|Togekiss, F|100/100|[from]move: Flip Turn
|
|-heal|p1a: Gyarados|82/100|[from] item: Leftovers
|upkeep
|turn|4
|
|t:|1656169658
|move|p2a: Togekiss|Air Slash|p1a: Gyarados
|-end|p1a: Gyarados|Substitute
|move|p1a: Gyarados|Dragon Dance|p1a: Gyarados
|-boost|p1a: Gyarados|atk|1
|-boost|p1a: Gyarados|spe|1
|
|-heal|p1a: Gyarados|88/100|[from] item: Leftovers
|upkeep
|turn|5
|
|t:|1656169665
|move|p1a: Gyarados|Waterfall|p2a: Togekiss
|-damage|p2a: Togekiss|36/100
|move|p2a: Togekiss|Air Slash|p1a: Gyarados
|-damage|p1a: Gyarados|53/100
|
|-heal|p1a: Gyarados|59/100|[from] item: Leftovers
|upkeep
|turn|6
|
|t:|1656169671
|switch|p2a: Swampert|Swampert, F|90/100
|move|p1a: Gyarados|Waterfall|p2a: Swampert
|-damage|p2a: Swampert|51/100
|
|-heal|p1a: Gyarados|65/100|[from] item: Leftovers
|-heal|p2a: Swampert|57/100|[from] item: Leftovers
|upkeep
|turn|7
|
|t:|1656169679
|move|p1a: Gyarados|Substitute|p1a: Gyarados
|-start|p1a: Gyarados|Substitute
|-damage|p1a: Gyarados|40/100
|move|p2a: Swampert|Flip Turn|p1a: Gyarados
|-resisted|p1a: Gyarados
|-activate|p1a: Gyarados|move: Substitute|[damage]
|
|t:|1656169687
|switch|p2a: Blastoise|Blastoise, M|100/100|[from]move: Flip Turn
|
|-heal|p1a: Gyarados|47/100|[from] item: Leftovers
|upkeep
|turn|8
|
|t:|1656169692
|move|p1a: Gyarados|Bounce||[still]
|-prepare|p1a: Gyarados|Bounce
|move|p2a: Blastoise|Shell Smash|p2a: Blastoise
|-unboost|p2a: Blastoise|def|1
|-unboost|p2a: Blastoise|spd|1
|-boost|p2a: Blastoise|atk|2
|-boost|p2a: Blastoise|spa|2
|-boost|p2a: Blastoise|spe|2
|-enditem|p2a: Blastoise|White Herb
|-clearnegativeboost|p2a: Blastoise|[silent]
|
|-heal|p1a: Gyarados|53/100|[from] item: Leftovers
|-fieldend|move: Psychic Terrain
|upkeep
|turn|9
|
|t:|1656169701
|move|p2a: Blastoise|Surf|p1a: Gyarados|[miss]
|-miss|p2a: Blastoise|p1a: Gyarados
|move|p1a: Gyarados|Bounce|p2a: Blastoise|[from]lockedmove
|-damage|p2a: Blastoise|34/100
|
|-heal|p1a: Gyarados|59/100|[from] item: Leftovers
|upkeep
|turn|10
|
|t:|1656169709
|move|p2a: Blastoise|Surf|p1a: Gyarados
|-resisted|p1a: Gyarados
|-end|p1a: Gyarados|Substitute
|move|p1a: Gyarados|Dragon Dance|p1a: Gyarados
|-boost|p1a: Gyarados|atk|1
|-boost|p1a: Gyarados|spe|1
|
|-heal|p1a: Gyarados|65/100|[from] item: Leftovers
|upkeep
|turn|11
|
|t:|1656169722
|move|p2a: Blastoise|Ice Beam|p1a: Gyarados
|-damage|p1a: Gyarados|27/100
|move|p1a: Gyarados|Dragon Dance|p1a: Gyarados
|-boost|p1a: Gyarados|atk|1
|-boost|p1a: Gyarados|spe|1
|
|-heal|p1a: Gyarados|33/100|[from] item: Leftovers
|upkeep
|turn|12
|
|t:|1656169738
|move|p1a: Gyarados|Waterfall|p2a: Blastoise
|-resisted|p2a: Blastoise
|-damage|p2a: Blastoise|0 fnt
|faint|p2a: Blastoise
|
|-heal|p1a: Gyarados|39/100|[from] item: Leftovers
|upkeep
|
|t:|1656169744
|switch|p2a: Incineroar|Incineroar, F|100/100
|-ability|p2a: Incineroar|Intimidate|boost
|-unboost|p1a: Gyarados|atk|1
|turn|13
|
|t:|1656169747
|switch|p2a: Swampert|Swampert, F|57/100
|move|p1a: Gyarados|Waterfall|p2a: Swampert
|-damage|p2a: Swampert|5/100
|
|-heal|p1a: Gyarados|45/100|[from] item: Leftovers
|-heal|p2a: Swampert|11/100|[from] item: Leftovers
|upkeep
|turn|14
|
|t:|1656169757
|move|p1a: Gyarados|Substitute|p1a: Gyarados
|-start|p1a: Gyarados|Substitute
|-damage|p1a: Gyarados|20/100
|move|p2a: Swampert|Flip Turn|p1a: Gyarados
|-resisted|p1a: Gyarados
|-activate|p1a: Gyarados|move: Substitute|[damage]
|
|t:|1656169764
|switch|p2a: Incineroar|Incineroar, F|100/100|[from]move: Flip Turn
|-ability|p2a: Incineroar|Intimidate|boost
|-immune|p1a: Gyarados
|
|-heal|p1a: Gyarados|26/100|[from] item: Leftovers
|upkeep
|turn|15
|
|t:|1656169770
|move|p1a: Gyarados|Waterfall|p2a: Incineroar
|-supereffective|p2a: Incineroar
|-damage|p2a: Incineroar|0 fnt
|faint|p2a: Incineroar
|
|-heal|p1a: Gyarados|33/100|[from] item: Leftovers
|upkeep
|-message|Whereisuber? forfeited.
|
|win|DDD951
|raw|DDD951's rating: 1483 &rarr; <strong>1499</strong><br />(+16 for winning)
|raw|Whereisuber?'s rating: 1419 &rarr; <strong>1403</strong><br />(-16 for losing)
|l|☆Whereisuber?
||Ladder isn't responding, score probably updated but might not have (Request timeout).
