|html|<div class="broadcast-blue"><strong>[Gen 8] UU is currently suspecting Mienshao! For information on how to participate check out the <a href="https://www.smogon.com/forums/threads/np-ss-uu-stage-10-3-pumped-up-kicks.3694543/">suspect thread</a>.</strong></div>
|j|☆Micciu20250
|j|☆congelateur-sama
|t:|1640039524
|gametype|singles
|player|p1|Micciu20250|ninjaboy-gen3|
|player|p2|congelateur-sama|#fcpl4raichicheurs|
|teamsize|p1|6
|teamsize|p2|6
|gen|8
|tier|[Gen 8] UU
|rated|Tournament battle
|rule|Sleep Clause Mod: Limit one foe put to sleep
|rule|Species Clause: Limit one of each Pokémon
|rule|OHKO Clause: OHKO moves are banned
|rule|Evasion Moves Clause: Evasion moves are banned
|rule|Endless Battle Clause: Forcing endless battles is banned
|rule|HP Percentage Mod: HP is shown in percentages
|rule|Dynamax Clause: You cannot dynamax
|clearpoke
|poke|p1|Suicune|
|poke|p1|Tapu Bulu|
|poke|p1|Mandibuzz, F|
|poke|p1|Jirachi|
|poke|p1|Zygarde-10%|
|poke|p1|Mienshao, F|
|poke|p2|Slowking, F|
|poke|p2|Marowak-Alola, F|
|poke|p2|Skarmory, F|
|poke|p2|Zarude-Dada|
|poke|p2|Excadrill, F|
|poke|p2|Mienshao, F|
|teampreview
|j| Dunosk
|c|☆Micciu20250|hf
|c|☆congelateur-sama|hf
|j| joey milktank
|c|☆congelateur-sama|promesse tenue
|c|☆Micciu20250|Oui tkt
|j| uu11m flash hider
|inactive|Battle timer is ON: inactive players will automatically lose when time's up. (requested by congelateur-sama)
|
|t:|1640039585
|start
|switch|p1a: Miku Izayoi|Mandibuzz, F|100/100
|switch|p2a: Mienshao|Mienshao, F|100/100
|turn|1
|j| Dunoks
|j| Jeza.p
|c| Jeza.p|c'est ma team ca !
|c| Jeza.p|mdr
|inactive|congelateur-sama has 120 seconds left.
|inactive|Micciu20250 has 120 seconds left.
|
|t:|1640039628
|move|p2a: Mienshao|Knock Off|p1a: Miku Izayoi
|-resisted|p1a: Miku Izayoi
|-damage|p1a: Miku Izayoi|84/100
|-enditem|p1a: Miku Izayoi|Heavy-Duty Boots|[from] move: Knock Off|[of] p2a: Mienshao
|-damage|p2a: Mienshao|91/100|[from] item: Life Orb
|move|p1a: Miku Izayoi|U-turn|p2a: Mienshao
|-resisted|p2a: Mienshao
|-damage|p2a: Mienshao|81/100
|inactive|Micciu20250 has 120 seconds left.
|
|t:|1640039637
|switch|p1a: Kurumi Tokisaki|Zygarde-10%|100/100|[from]move: U-turn
|-ability|p1a: Kurumi Tokisaki|Aura Break
|
|upkeep
|turn|2
|inactive|congelateur-sama has 120 seconds left.
|inactive|Micciu20250 has 120 seconds left.
|
|t:|1640039649
|switch|p1a: Origami Tobiichi|Tapu Bulu|100/100
|-fieldstart|move: Grassy Terrain|[from] ability: Grassy Surge|[of] p1a: Origami Tobiichi
|switch|p2a: Skarmory|Skarmory, F|100/100
|
|upkeep
|turn|3
|inactive|congelateur-sama has 120 seconds left.
|inactive|Micciu20250 has 120 seconds left.
|
|t:|1640039675
|switch|p1a: Tohka Yatogami|Suicune|100/100
|-ability|p1a: Tohka Yatogami|Pressure
|move|p2a: Skarmory|Toxic|p1a: Tohka Yatogami
|-status|p1a: Tohka Yatogami|tox
|
|-damage|p1a: Tohka Yatogami|94/100 tox|[from] psn
|upkeep
|turn|4
|c|☆congelateur-sama|et là
|
|t:|1640039698
|switch|p1a: Miku Izayoi|Mandibuzz, F|84/100
|switch|p2a: Zarude|Zarude-Dada|100/100
|
|upkeep
|turn|5
|c|☆congelateur-sama|c'est sub tect
|c|☆Micciu20250|Ptdrr
|c|☆Micciu20250|je l'ai joué vs basa cette team
|inactive|Micciu20250 has 90 seconds left.
|
|t:|1640039717
|move|p2a: Zarude|U-turn|p1a: Miku Izayoi
|-damage|p1a: Miku Izayoi|66/100
|
|t:|1640039720
|switch|p2a: Mienshao|Mienshao, F|100/100|[from]move: U-turn
|move|p1a: Miku Izayoi|U-turn|p2a: Mienshao
|-resisted|p2a: Mienshao
|-damage|p2a: Mienshao|91/100
|inactive|Micciu20250 has 90 seconds left.
|
|t:|1640039731
|switch|p1a: Origami Tobiichi|Tapu Bulu|100/100|[from]move: U-turn
|
|-heal|p2a: Mienshao|96/100|[from] Grassy Terrain
|upkeep
|turn|6
|inactive|Micciu20250 has 90 seconds left.
|
|t:|1640039746
|switch|p1a: Kotori Itsuka|Jirachi|100/100
|move|p2a: Mienshao|U-turn|p1a: Kotori Itsuka
|-damage|p1a: Kotori Itsuka|73/100
|-damage|p2a: Mienshao|86/100|[from] item: Life Orb
|
|t:|1640039752
|switch|p2a: Marowak|Marowak-Alola, F|100/100|[from]move: U-turn
|
|-heal|p1a: Kotori Itsuka|79/100|[from] Grassy Terrain
|-heal|p1a: Kotori Itsuka|85/100|[from] item: Leftovers
|-fieldend|move: Grassy Terrain
|upkeep
|turn|7
|c|☆congelateur-sama|manger
|
|t:|1640039760
|move|p1a: Kotori Itsuka|U-turn|p2a: Marowak
|-resisted|p2a: Marowak
|-crit|p2a: Marowak
|-damage|p2a: Marowak|94/100
|c|☆congelateur-sama|ptn
|c|☆congelateur-sama|le crit
|inactive|Micciu20250 has 90 seconds left.
|c|☆Micciu20250|honteux
|c| Dunosk|faut ff Micciu20250
|c| Dunosk|stop haxx
|c|☆congelateur-sama|delete un pokemon
|l| uu11m flash hider
|j| uu11m flash hider
|inactive|Micciu20250 has 60 seconds left.
|
|t:|1640039800
|switch|p1a: Tohka Yatogami|Suicune|94/100 tox|[from]move: U-turn
|-ability|p1a: Tohka Yatogami|Pressure
|move|p2a: Marowak|Flare Blitz|p1a: Tohka Yatogami
|-resisted|p1a: Tohka Yatogami
|-damage|p1a: Tohka Yatogami|61/100 tox
|
|-heal|p1a: Tohka Yatogami|67/100 tox|[from] item: Leftovers
|-damage|p1a: Tohka Yatogami|61/100 tox|[from] psn
|upkeep
|turn|8
|c| Dunosk|attaque pas pendant 3 tours
|c|☆congelateur-sama|^
|
|t:|1640039829
|switch|p1a: Miku Izayoi|Mandibuzz, F|66/100
|switch|p2a: Slowking|Slowking, F|100/100
|
|upkeep
|turn|9
|
|t:|1640039843
|move|p1a: Miku Izayoi|Roost|p1a: Miku Izayoi
|-heal|p1a: Miku Izayoi|100/100
|-singleturn|p1a: Miku Izayoi|move: Roost
|move|p2a: Slowking|Trick Room|p2a: Slowking
|-fieldstart|move: Trick Room|[of] p2a: Slowking
|
|upkeep
|turn|10
|
|t:|1640039851
|move|p1a: Miku Izayoi|U-turn|p2a: Slowking
|-supereffective|p2a: Slowking
|-damage|p2a: Slowking|80/100
|c|☆congelateur-sama|tu es sûr ?
|
|t:|1640039862
|switch|p1a: Tohka Yatogami|Suicune|61/100 tox|[from]move: U-turn
|-ability|p1a: Tohka Yatogami|Pressure
|move|p2a: Slowking|Teleport|p2a: Slowking
|c| Dunosk|bonjour les enfants
|
|t:|1640039868
|switch|p2a: Marowak|Marowak-Alola, F|94/100|[from]move: Teleport
|
|-heal|p1a: Tohka Yatogami|67/100 tox|[from] item: Leftovers
|-damage|p1a: Tohka Yatogami|61/100 tox|[from] psn
|upkeep
|turn|11
|c|☆Micciu20250|Non pas sur
|
|t:|1640039886
|move|p2a: Marowak|Swords Dance|p2a: Marowak
|-boost|p2a: Marowak|atk|2
|move|p1a: Tohka Yatogami|Scald|p2a: Marowak
|-supereffective|p2a: Marowak
|-damage|p2a: Marowak|27/100
|
|-heal|p1a: Tohka Yatogami|67/100 tox|[from] item: Leftovers
|-damage|p1a: Tohka Yatogami|55/100 tox|[from] psn
|upkeep
|turn|12
|
|t:|1640039903
|move|p1a: Tohka Yatogami|Protect|p1a: Tohka Yatogami
|-singleturn|p1a: Tohka Yatogami|Protect
|move|p2a: Marowak|Flare Blitz|p1a: Tohka Yatogami
|-activate|p1a: Tohka Yatogami|move: Protect
|
|-heal|p1a: Tohka Yatogami|61/100 tox|[from] item: Leftovers
|-damage|p1a: Tohka Yatogami|42/100 tox|[from] psn
|upkeep
|turn|13
|c|☆congelateur-sama|ah c'est terrible
|
|t:|1640039915
|move|p1a: Tohka Yatogami|Protect||[still]
|-fail|p1a: Tohka Yatogami
|move|p2a: Marowak|Flare Blitz|p1a: Tohka Yatogami
|-resisted|p1a: Tohka Yatogami
|-damage|p1a: Tohka Yatogami|0 fnt
|faint|p1a: Tohka Yatogami
|
|-fieldend|move: Trick Room
|upkeep
|inactive|Micciu20250 has 60 seconds left.
|
|t:|1640039933
|switch|p1a: Mana Takamiya|Mienshao, F|100/100
|turn|14
|inactive|Micciu20250 has 60 seconds left.
|
|t:|1640039952
|switch|p2a: Slowking|Slowking, F|100/100
|move|p1a: Mana Takamiya|Swords Dance|p1a: Mana Takamiya
|-boost|p1a: Mana Takamiya|atk|2
|
|upkeep
|turn|15
|l| Dunoks
|c|☆congelateur-sama|paz
|inactive|congelateur-sama has 120 seconds left.
|j| Dunoks
|
|t:|1640039983
|move|p1a: Mana Takamiya|Knock Off|p2a: Slowking
|-supereffective|p2a: Slowking
|-enditem|p2a: Slowking|Colbur Berry|[eat]
|-enditem|p2a: Slowking|Colbur Berry|[weaken]
|-damage|p2a: Slowking|26/100
|-damage|p1a: Mana Takamiya|91/100|[from] item: Life Orb
|move|p2a: Slowking|Trick Room|p2a: Slowking
|-fieldstart|move: Trick Room|[of] p2a: Slowking
|
|upkeep
|turn|16
|inactive|congelateur-sama has 120 seconds left.
|
|t:|1640039998
|move|p1a: Mana Takamiya|Knock Off|p2a: Slowking
|-supereffective|p2a: Slowking
|-crit|p2a: Slowking
|-damage|p2a: Slowking|0 fnt
|faint|p2a: Slowking
|-damage|p1a: Mana Takamiya|81/100|[from] item: Life Orb
|
|upkeep
|
|t:|1640039999
|switch|p2a: Marowak|Marowak-Alola, F|27/100
|turn|17
|
|t:|1640040012
|switch|p1a: Miku Izayoi|Mandibuzz, F|100/100
|move|p2a: Marowak|Flare Blitz|p1a: Miku Izayoi
|-damage|p1a: Miku Izayoi|20/100
|
|upkeep
|turn|18
|
|t:|1640040018
|move|p2a: Marowak|Flare Blitz|p1a: Miku Izayoi
|-damage|p1a: Miku Izayoi|0 fnt
|faint|p1a: Miku Izayoi
|
|upkeep
|inactive|Micciu20250 has 60 seconds left.
|c|☆congelateur-sama|pk
|c|☆congelateur-sama|tu as pas sack
|c|☆congelateur-sama|rachi
|c|☆congelateur-sama|puis in mandi ?
|c|☆Micciu20250|ah oui
|c|☆Micciu20250|j'ai mal joué
|c|☆Micciu20250|lb
|c|☆Micciu20250|mb
|
|t:|1640040050
|switch|p1a: Kotori Itsuka|Jirachi|85/100
|turn|19
|c|☆congelateur-sama|tkt
|
|t:|1640040057
|move|p2a: Marowak|Flare Blitz|p1a: Kotori Itsuka
|-supereffective|p1a: Kotori Itsuka
|-crit|p1a: Kotori Itsuka
|-damage|p1a: Kotori Itsuka|0 fnt
|faint|p1a: Kotori Itsuka
|
|-fieldend|move: Trick Room
|upkeep
|l| Dunosk
|
|t:|1640040065
|switch|p1a: Mana Takamiya|Mienshao, F|100/100
|turn|20
|
|t:|1640040072
|switch|p2a: Skarmory|Skarmory, F|100/100
|move|p1a: Mana Takamiya|Knock Off|p2a: Skarmory
|-crit|p2a: Skarmory
|-damage|p2a: Skarmory|60/100
|-damage|p1a: Mana Takamiya|84/100|[from] item: Rocky Helmet|[of] p2a: Skarmory
|-enditem|p2a: Skarmory|Rocky Helmet|[from] move: Knock Off|[of] p1a: Mana Takamiya
|-damage|p1a: Mana Takamiya|74/100|[from] item: Life Orb
|
|upkeep
|turn|21
|
|t:|1640040077
|move|p1a: Mana Takamiya|Close Combat|p2a: Skarmory
|-damage|p2a: Skarmory|15/100
|-unboost|p1a: Mana Takamiya|def|1
|-unboost|p1a: Mana Takamiya|spd|1
|-damage|p1a: Mana Takamiya|64/100|[from] item: Life Orb
|move|p2a: Skarmory|Roost|p2a: Skarmory
|-heal|p2a: Skarmory|65/100
|-singleturn|p2a: Skarmory|move: Roost
|
|upkeep
|turn|22
|inactive|Micciu20250 has 60 seconds left.
|
|t:|1640040084
|switch|p1a: Kurumi Tokisaki|Zygarde-10%|100/100
|-ability|p1a: Kurumi Tokisaki|Aura Break
|move|p2a: Skarmory|Roost|p2a: Skarmory
|-heal|p2a: Skarmory|100/100
|-singleturn|p2a: Skarmory|move: Roost
|
|upkeep
|turn|23
|
|t:|1640040092
|switch|p2a: Zarude|Zarude-Dada|100/100
|move|p1a: Kurumi Tokisaki|Thousand Arrows|p2a: Zarude
|-resisted|p2a: Zarude
|-damage|p2a: Zarude|75/100
|
|upkeep
|turn|24
|
|t:|1640040096
|switch|p1a: Origami Tobiichi|Tapu Bulu|100/100
|-fieldstart|move: Grassy Terrain|[from] ability: Grassy Surge|[of] p1a: Origami Tobiichi
|move|p2a: Zarude|U-turn|p1a: Origami Tobiichi
|-damage|p1a: Origami Tobiichi|84/100
|-damage|p2a: Zarude|59/100|[from] item: Rocky Helmet|[of] p1a: Origami Tobiichi
|
|t:|1640040099
|switch|p2a: Skarmory|Skarmory, F|100/100|[from]move: U-turn
|
|-heal|p1a: Origami Tobiichi|90/100|[from] Grassy Terrain
|upkeep
|turn|25
|
|t:|1640040104
|switch|p1a: Kurumi Tokisaki|Zygarde-10%|100/100
|-ability|p1a: Kurumi Tokisaki|Aura Break
|move|p2a: Skarmory|Toxic|p1a: Kurumi Tokisaki
|-status|p1a: Kurumi Tokisaki|tox
|
|-damage|p1a: Kurumi Tokisaki|94/100 tox|[from] psn
|upkeep
|turn|26
|
|t:|1640040108
|move|p1a: Kurumi Tokisaki|Thousand Arrows|p2a: Skarmory
|-damage|p2a: Skarmory|65/100
|-start|p2a: Skarmory|Smack Down
|move|p2a: Skarmory|Body Press|p1a: Kurumi Tokisaki
|-damage|p1a: Kurumi Tokisaki|40/100 tox
|
|-heal|p1a: Kurumi Tokisaki|46/100 tox|[from] Grassy Terrain
|-heal|p2a: Skarmory|71/100|[from] Grassy Terrain
|-damage|p1a: Kurumi Tokisaki|34/100 tox|[from] psn
|upkeep
|turn|27
|
|t:|1640040119
|switch|p1a: Origami Tobiichi|Tapu Bulu|90/100
|switch|p2a: Zarude|Zarude-Dada|59/100
|
|-heal|p2a: Zarude|65/100|[from] Grassy Terrain
|-heal|p1a: Origami Tobiichi|96/100|[from] Grassy Terrain
|upkeep
|turn|28
|
|t:|1640040137
|switch|p2a: Marowak|Marowak-Alola, F|27/100
|move|p1a: Origami Tobiichi|Nature's Madness|p2a: Marowak
|-damage|p2a: Marowak|14/100
|
|-heal|p1a: Origami Tobiichi|100/100|[from] Grassy Terrain
|-heal|p2a: Marowak|20/100|[from] Grassy Terrain
|-fieldend|move: Grassy Terrain
|upkeep
|turn|29
|inactive|Micciu20250 has 120 seconds left.
|
|t:|1640040161
|switch|p1a: Kurumi Tokisaki|Zygarde-10%|34/100 tox
|-ability|p1a: Kurumi Tokisaki|Aura Break
|move|p2a: Marowak|Flare Blitz|p1a: Kurumi Tokisaki
|-resisted|p1a: Kurumi Tokisaki
|-damage|p1a: Kurumi Tokisaki|0 fnt
|faint|p1a: Kurumi Tokisaki
|
|upkeep
|l| joey milktank
|
|t:|1640040166
|switch|p1a: Mana Takamiya|Mienshao, F|97/100
|turn|30
|
|t:|1640040175
|move|p1a: Mana Takamiya|Knock Off|p2a: Marowak
|-supereffective|p2a: Marowak
|-damage|p2a: Marowak|0 fnt
|-enditem|p2a: Marowak|Thick Club|[from] move: Knock Off|[of] p1a: Mana Takamiya
|faint|p2a: Marowak
|-damage|p1a: Mana Takamiya|87/100|[from] item: Life Orb
|
|upkeep
|
|t:|1640040180
|switch|p2a: Skarmory|Skarmory, F|71/100
|turn|31
|
|t:|1640040185
|move|p1a: Mana Takamiya|Swords Dance|p1a: Mana Takamiya
|-boost|p1a: Mana Takamiya|atk|2
|move|p2a: Skarmory|Roost|p2a: Skarmory
|-heal|p2a: Skarmory|100/100
|-singleturn|p2a: Skarmory|move: Roost
|
|upkeep
|turn|32
|
|t:|1640040190
|move|p1a: Mana Takamiya|Blaze Kick|p2a: Skarmory
|-supereffective|p2a: Skarmory
|-damage|p2a: Skarmory|12/100
|-status|p2a: Skarmory|brn
|-damage|p1a: Mana Takamiya|77/100|[from] item: Life Orb
|move|p2a: Skarmory|Body Press|p1a: Mana Takamiya
|-damage|p1a: Mana Takamiya|44/100
|
|-damage|p2a: Skarmory|6/100 brn|[from] brn
|upkeep
|turn|33
|c|☆congelateur-sama|:thinking:
|j| Dunosk
|inactive|Micciu20250 has 120 seconds left.
|inactive|Micciu20250 has 90 seconds left.
|
|t:|1640040251
|move|p1a: Mana Takamiya|Knock Off|p2a: Skarmory
|-damage|p2a: Skarmory|0 fnt
|faint|p2a: Skarmory
|-damage|p1a: Mana Takamiya|34/100|[from] item: Life Orb
|
|upkeep
|
|t:|1640040257
|switch|p2a: Zarude|Zarude-Dada|65/100
|turn|34
|inactive|Micciu20250 has 90 seconds left.
|l| uu11m flash hider
|
|t:|1640040286
|move|p2a: Zarude|U-turn|p1a: Mana Takamiya
|-resisted|p1a: Mana Takamiya
|-damage|p1a: Mana Takamiya|11/100
|
|t:|1640040296
|switch|p2a: Excadrill|Excadrill, F|100/100|[from]move: U-turn
|-ability|p2a: Excadrill|Mold Breaker
|move|p1a: Mana Takamiya|Close Combat|p2a: Excadrill
|-supereffective|p2a: Excadrill
|-damage|p2a: Excadrill|0 fnt
|-unboost|p1a: Mana Takamiya|def|1
|-unboost|p1a: Mana Takamiya|spd|1
|faint|p2a: Excadrill
|-damage|p1a: Mana Takamiya|1/100|[from] item: Life Orb
|
|upkeep
|
|t:|1640040299
|switch|p2a: Zarude|Zarude-Dada|65/100
|turn|35
|inactive|Micciu20250 has 90 seconds left.
|
|t:|1640040305
|switch|p1a: Origami Tobiichi|Tapu Bulu|100/100
|-fieldstart|move: Grassy Terrain|[from] ability: Grassy Surge|[of] p1a: Origami Tobiichi
|move|p2a: Zarude|U-turn|p1a: Origami Tobiichi
|-damage|p1a: Origami Tobiichi|86/100
|-damage|p2a: Zarude|48/100|[from] item: Rocky Helmet|[of] p1a: Origami Tobiichi
|
|t:|1640040307
|switch|p2a: Mienshao|Mienshao, F|100/100|[from]move: U-turn
|
|-heal|p1a: Origami Tobiichi|92/100|[from] Grassy Terrain
|upkeep
|turn|36
|c|☆Micciu20250|fait ton poison jab
|c|☆Micciu20250|vas y ptdrr
|
|t:|1640040321
|move|p2a: Mienshao|Poison Jab|p1a: Origami Tobiichi
|-supereffective|p1a: Origami Tobiichi
|-damage|p1a: Origami Tobiichi|0 fnt
|-damage|p2a: Mienshao|84/100|[from] item: Rocky Helmet|[of] p1a: Origami Tobiichi
|faint|p1a: Origami Tobiichi
|-damage|p2a: Mienshao|74/100|[from] item: Life Orb
|
|-heal|p2a: Mienshao|80/100|[from] Grassy Terrain
|upkeep
|
|t:|1640040324
|switch|p1a: Mana Takamiya|Mienshao, F|34/100
|turn|37
|c|☆Micciu20250|gg
|c|☆congelateur-sama|gg
|
|t:|1640040333
|move|p2a: Mienshao|Close Combat|p1a: Mana Takamiya
|-damage|p1a: Mana Takamiya|0 fnt
|-unboost|p2a: Mienshao|def|1
|-unboost|p2a: Mienshao|spd|1
|faint|p1a: Mana Takamiya
|-damage|p2a: Mienshao|70/100|[from] item: Life Orb
|
|win|congelateur-sama
|n|☆Micciu20250|micciu20250
|n|☆congelateur-sama|congelateursama
|n| Jeza.p|jezap
|n| Dunoks|dunoks
|n| Dunosk|dunosk
|l| Dunoks
|l| Dunosk
|l|☆congelateur-sama
|l| Jeza.p
