|j|☆Je torpille Ambre
|j|☆Eazigzagoon
|t:|1657034359
|gametype|singles
|player|p1|Je torpille Ambre|veteran|1429
|player|p2|Eazigzagoon|tuberf|1530
|teamsize|p1|6
|teamsize|p2|6
|gen|8
|tier|[Gen 8] UU
|rated|
|rule|Sleep Clause Mod: Limit one foe put to sleep
|rule|Species Clause: Limit one of each Pokémon
|rule|OHKO Clause: OHKO moves are banned
|rule|Evasion Moves Clause: Evasion moves are banned
|rule|Endless Battle Clause: Forcing endless battles is banned
|rule|HP Percentage Mod: HP is shown in percentages
|rule|Dynamax Clause: You cannot dynamax
|clearpoke
|poke|p1|Keldeo-Resolute|
|poke|p1|Lycanroc-Dusk, F|
|poke|p1|Nidoqueen, F|
|poke|p1|Skarmory, M|
|poke|p1|Slowking, M|
|poke|p1|Tangrowth, M|
|poke|p2|Togedemaru, F|
|poke|p2|Nihilego|
|poke|p2|Skarmory, F|
|poke|p2|Tangrowth, M|
|poke|p2|Azelf|
|poke|p2|Slowking, M|
|teampreview
|inactive|Battle timer is ON: inactive players will automatically lose when time's up. (requested by Je torpille Ambre)
|
|t:|1657034374
|start
|switch|p1a: Tangrowth|Tangrowth, M|100/100
|switch|p2a: Togedemaru|Togedemaru, F|100/100
|turn|1
|
|t:|1657034381
|move|p2a: Togedemaru|U-turn|p1a: Tangrowth
|-supereffective|p1a: Tangrowth
|-damage|p1a: Tangrowth|71/100
|
|t:|1657034384
|switch|p2a: Skarmory|Skarmory, F|100/100|[from]move: U-turn
|move|p1a: Tangrowth|Knock Off|p2a: Skarmory
|-damage|p2a: Skarmory|88/100
|-damage|p1a: Tangrowth|54/100|[from] item: Rocky Helmet|[of] p2a: Skarmory
|-enditem|p2a: Skarmory|Rocky Helmet|[from] move: Knock Off|[of] p1a: Tangrowth
|
|upkeep
|turn|2
|
|t:|1657034398
|switch|p1a: Nidoqueen|Nidoqueen, F|100/100
|move|p2a: Skarmory|Spikes|p1a: Nidoqueen
|-sidestart|p1: Je torpille Ambre|Spikes
|
|upkeep
|turn|3
|
|t:|1657034415
|switch|p2a: Slowking|Slowking, M|100/100
|move|p1a: Nidoqueen|Stealth Rock|p2a: Slowking
|-sidestart|p2: Eazigzagoon|move: Stealth Rock
|
|upkeep
|turn|4
|
|t:|1657034429
|move|p1a: Nidoqueen|Sludge Wave|p2a: Slowking
|-damage|p2a: Slowking|49/100
|move|p2a: Slowking|Teleport|p2a: Slowking
|
|t:|1657034436
|switch|p2a: Azelf|Azelf|100/100|[from]move: Teleport
|-damage|p2a: Azelf|88/100|[from] Stealth Rock
|
|upkeep
|turn|5
|
|t:|1657034441
|move|p2a: Azelf|Psychic|p1a: Nidoqueen
|-supereffective|p1a: Nidoqueen
|-damage|p1a: Nidoqueen|0 fnt
|faint|p1a: Nidoqueen
|
|upkeep
|
|t:|1657034448
|switch|p1a: Tangrowth|Tangrowth, M|87/100
|-damage|p1a: Tangrowth|75/100|[from] Spikes
|turn|6
|
|t:|1657034457
|switch|p1a: Keldeo|Keldeo-Resolute|100/100
|-damage|p1a: Keldeo|88/100|[from] Spikes
|move|p2a: Azelf|U-turn|p1a: Keldeo
|-resisted|p1a: Keldeo
|-damage|p1a: Keldeo|78/100
|
|t:|1657034467
|switch|p2a: Tangrowth|Tangrowth, M|100/100|[from]move: U-turn
|-damage|p2a: Tangrowth|88/100|[from] Stealth Rock
|
|upkeep
|turn|7
|
|t:|1657034476
|move|p1a: Keldeo|Surf|p2a: Tangrowth
|-resisted|p2a: Tangrowth
|-damage|p2a: Tangrowth|64/100
|move|p2a: Tangrowth|Knock Off|p1a: Keldeo
|-resisted|p1a: Keldeo
|-damage|p1a: Keldeo|65/100
|-ability|p1a: Keldeo|Justified|boost
|-boost|p1a: Keldeo|atk|1
|-enditem|p1a: Keldeo|Choice Specs|[from] move: Knock Off|[of] p2a: Tangrowth
|
|upkeep
|turn|8
|
|t:|1657034484
|move|p1a: Keldeo|Flip Turn|p2a: Tangrowth
|-resisted|p2a: Tangrowth
|-damage|p2a: Tangrowth|58/100
|
|t:|1657034489
|switch|p1a: Skarmory|Skarmory, M|100/100|[from]move: Flip Turn
|move|p2a: Tangrowth|Power Whip|p1a: Skarmory
|-resisted|p1a: Skarmory
|-damage|p1a: Skarmory|94/100
|-damage|p2a: Tangrowth|41/100|[from] item: Rocky Helmet|[of] p1a: Skarmory
|
|upkeep
|turn|9
|
|t:|1657034503
|switch|p2a: Nihilego|Nihilego|100/100
|-damage|p2a: Nihilego|88/100|[from] Stealth Rock
|move|p1a: Skarmory|Spikes|p2a: Nihilego
|-sidestart|p2: Eazigzagoon|Spikes
|
|-heal|p2a: Nihilego|94/100|[from] item: Black Sludge
|upkeep
|turn|10
|
|t:|1657034510
|switch|p1a: Tangrowth|Tangrowth, M|100/100
|-damage|p1a: Tangrowth|88/100|[from] Spikes
|move|p2a: Nihilego|Stealth Rock|p1a: Tangrowth
|-sidestart|p1: Je torpille Ambre|move: Stealth Rock
|
|-heal|p2a: Nihilego|99/100|[from] item: Black Sludge
|upkeep
|turn|11
|
|t:|1657034519
|switch|p2a: Skarmory|Skarmory, F|88/100
|-damage|p2a: Skarmory|75/100|[from] Stealth Rock
|move|p1a: Tangrowth|Earthquake|p2a: Skarmory
|-immune|p2a: Skarmory
|
|upkeep
|turn|12
|
|t:|1657034523
|switch|p1a: Keldeo|Keldeo-Resolute|65/100
|-damage|p1a: Keldeo|53/100|[from] Spikes
|-damage|p1a: Keldeo|47/100|[from] Stealth Rock
|move|p2a: Skarmory|Spikes|p1a: Keldeo
|-sidestart|p1: Je torpille Ambre|Spikes
|
|upkeep
|turn|13
|
|t:|1657034533
|switch|p2a: Slowking|Slowking, M|82/100
|-damage|p2a: Slowking|69/100|[from] Stealth Rock
|-damage|p2a: Slowking|57/100|[from] Spikes
|move|p1a: Keldeo|Flip Turn|p2a: Slowking
|-resisted|p2a: Slowking
|-damage|p2a: Slowking|52/100
|
|t:|1657034541
|switch|p1a: Lycanroc|Lycanroc-Dusk, F|100/100|[from]move: Flip Turn
|-damage|p1a: Lycanroc|84/100|[from] Spikes
|-damage|p1a: Lycanroc|72/100|[from] Stealth Rock
|
|upkeep
|turn|14
|inactive|Eazigzagoon has 120 seconds left.
|
|t:|1657034589
|switch|p2a: Skarmory|Skarmory, F|75/100
|-damage|p2a: Skarmory|63/100|[from] Stealth Rock
|move|p1a: Lycanroc|Swords Dance|p1a: Lycanroc
|-boost|p1a: Lycanroc|atk|2
|
|upkeep
|turn|15
|
|t:|1657034596
|move|p1a: Lycanroc|Close Combat|p2a: Skarmory
|-damage|p2a: Skarmory|0 fnt
|-unboost|p1a: Lycanroc|def|1
|-unboost|p1a: Lycanroc|spd|1
|faint|p2a: Skarmory
|-damage|p1a: Lycanroc|62/100|[from] item: Life Orb
|
|upkeep
|
|t:|1657034600
|switch|p2a: Togedemaru|Togedemaru, F|100/100
|-damage|p2a: Togedemaru|95/100|[from] Stealth Rock
|-damage|p2a: Togedemaru|82/100|[from] Spikes
|turn|16
|
|t:|1657034604
|move|p2a: Togedemaru|Zing Zap|p1a: Lycanroc
|-damage|p1a: Lycanroc|0 fnt
|faint|p1a: Lycanroc
|
|upkeep
|
|t:|1657034612
|switch|p1a: Tangrowth|Tangrowth, M|100/100
|-damage|p1a: Tangrowth|84/100|[from] Spikes
|-damage|p1a: Tangrowth|71/100|[from] Stealth Rock
|turn|17
|
|t:|1657034630
|switch|p2a: Slowking|Slowking, M|85/100
|-damage|p2a: Slowking|73/100|[from] Stealth Rock
|-damage|p2a: Slowking|60/100|[from] Spikes
|switch|p1a: Slowking|Slowking, M|100/100
|-damage|p1a: Slowking|84/100|[from] Spikes
|-damage|p1a: Slowking|71/100|[from] Stealth Rock
|
|upkeep
|turn|18
|
|t:|1657034634
|move|p1a: Slowking|Future Sight|p2a: Slowking
|-start|p1a: Slowking|move: Future Sight
|move|p2a: Slowking|Teleport|p2a: Slowking
|
|t:|1657034645
|switch|p2a: Togedemaru|Togedemaru, F|82/100|[from]move: Teleport
|-damage|p2a: Togedemaru|77/100|[from] Stealth Rock
|-damage|p2a: Togedemaru|64/100|[from] Spikes
|
|upkeep
|turn|19
|
|t:|1657034649
|move|p2a: Togedemaru|U-turn|p1a: Slowking
|-supereffective|p1a: Slowking
|-damage|p1a: Slowking|40/100
|
|t:|1657034655
|switch|p2a: Slowking|Slowking, M|94/100|[from]move: U-turn
|-damage|p2a: Slowking|81/100|[from] Stealth Rock
|-damage|p2a: Slowking|69/100|[from] Spikes
|move|p1a: Slowking|Teleport|p1a: Slowking
|
|t:|1657034665
|switch|p1a: Tangrowth|Tangrowth, M|100/100|[from]move: Teleport
|-damage|p1a: Tangrowth|84/100|[from] Spikes
|-damage|p1a: Tangrowth|71/100|[from] Stealth Rock
|
|upkeep
|turn|20
|
|t:|1657034675
|switch|p2a: Tangrowth|Tangrowth, M|74/100
|-damage|p2a: Tangrowth|62/100|[from] Stealth Rock
|-damage|p2a: Tangrowth|50/100|[from] Spikes
|move|p1a: Tangrowth|Knock Off|p2a: Tangrowth
|-damage|p2a: Tangrowth|37/100
|-enditem|p2a: Tangrowth|Assault Vest|[from] move: Knock Off|[of] p1a: Tangrowth
|
|-end|p2a: Tangrowth|move: Future Sight
|-damage|p2a: Tangrowth|0 fnt
|faint|p2a: Tangrowth
|upkeep
|
|t:|1657034683
|switch|p2a: Nihilego|Nihilego|99/100
|-damage|p2a: Nihilego|88/100|[from] Stealth Rock
|-damage|p2a: Nihilego|75/100|[from] Spikes
|turn|21
|
|t:|1657034690
|move|p2a: Nihilego|Sludge Bomb|p1a: Tangrowth
|-supereffective|p1a: Tangrowth
|-damage|p1a: Tangrowth|13/100
|-status|p1a: Tangrowth|psn
|move|p1a: Tangrowth|Earthquake|p2a: Nihilego
|-supereffective|p2a: Nihilego
|-damage|p2a: Nihilego|0 fnt
|faint|p2a: Nihilego
|
|-damage|p1a: Tangrowth|1/100 psn|[from] psn
|upkeep
|
|t:|1657034701
|switch|p2a: Azelf|Azelf|88/100
|-damage|p2a: Azelf|76/100|[from] Stealth Rock
|turn|22
|
|t:|1657034719
|switch|p1a: Skarmory|Skarmory, M|94/100
|-damage|p1a: Skarmory|82/100|[from] Stealth Rock
|move|p2a: Azelf|Psychic|p1a: Skarmory
|-resisted|p1a: Skarmory
|-damage|p1a: Skarmory|47/100
|
|upkeep
|turn|23
|
|t:|1657034733
|move|p2a: Azelf|Fire Blast|p1a: Skarmory
|-supereffective|p1a: Skarmory
|-damage|p1a: Skarmory|0 fnt
|faint|p1a: Skarmory
|
|upkeep
|
|t:|1657034744
|switch|p1a: Tangrowth|Tangrowth, M|34/100 psn
|-damage|p1a: Tangrowth|18/100 psn|[from] Spikes
|-damage|p1a: Tangrowth|5/100 psn|[from] Stealth Rock
|turn|24
|
|t:|1657034750
|switch|p1a: Keldeo|Keldeo-Resolute|47/100
|-damage|p1a: Keldeo|30/100|[from] Spikes
|-damage|p1a: Keldeo|24/100|[from] Stealth Rock
|move|p2a: Azelf|Psychic|p1a: Keldeo
|-supereffective|p1a: Keldeo
|-damage|p1a: Keldeo|0 fnt
|faint|p1a: Keldeo
|
|upkeep
|
|t:|1657034754
|switch|p1a: Slowking|Slowking, M|74/100
|-damage|p1a: Slowking|57/100|[from] Spikes
|-damage|p1a: Slowking|45/100|[from] Stealth Rock
|turn|25
|
|t:|1657034777
|move|p2a: Azelf|U-turn|p1a: Slowking
|-supereffective|p1a: Slowking
|-damage|p1a: Slowking|17/100
|
|t:|1657034781
|switch|p2a: Slowking|Slowking, M|100/100|[from]move: U-turn
|-damage|p2a: Slowking|88/100|[from] Stealth Rock
|-damage|p2a: Slowking|76/100|[from] Spikes
|move|p1a: Slowking|Scald|p2a: Slowking
|-resisted|p2a: Slowking
|-damage|p2a: Slowking|65/100
|
|upkeep
|turn|26
|
|t:|1657034785
|move|p1a: Slowking|Slack Off|p1a: Slowking
|-heal|p1a: Slowking|67/100
|move|p2a: Slowking|Teleport|p2a: Slowking
|
|t:|1657034790
|switch|p2a: Togedemaru|Togedemaru, F|64/100|[from]move: Teleport
|-damage|p2a: Togedemaru|58/100|[from] Stealth Rock
|-damage|p2a: Togedemaru|46/100|[from] Spikes
|
|upkeep
|turn|27
|
|t:|1657034796
|switch|p1a: Tangrowth|Tangrowth, M|38/100 psn
|-damage|p1a: Tangrowth|22/100 psn|[from] Spikes
|-damage|p1a: Tangrowth|9/100 psn|[from] Stealth Rock
|move|p2a: Togedemaru|Zing Zap|p1a: Tangrowth
|-resisted|p1a: Tangrowth
|-damage|p1a: Tangrowth|0 fnt
|faint|p1a: Tangrowth
|
|upkeep
|
|t:|1657034800
|switch|p1a: Slowking|Slowking, M|99/100
|-damage|p1a: Slowking|84/100|[from] Spikes
|-damage|p1a: Slowking|71/100|[from] Stealth Rock
|turn|28
|
|t:|1657034804
|move|p2a: Togedemaru|Zing Zap|p1a: Slowking
|-supereffective|p1a: Slowking
|-damage|p1a: Slowking|18/100
|move|p1a: Slowking|Scald|p2a: Togedemaru
|-damage|p2a: Togedemaru|5/100
|
|upkeep
|turn|29
|-message|Je torpille Ambre forfeited.
|
|win|Eazigzagoon
|raw|Je torpille Ambre's rating: 1429 &rarr; <strong>1415</strong><br />(-14 for losing)
|raw|Eazigzagoon's rating: 1530 &rarr; <strong>1544</strong><br />(+14 for winning)
|l|☆Je torpille Ambre
||Ladder isn't responding, score probably updated but might not have (Request timeout).
