|html|<div class="broadcast-blue"><strong>[Gen 8] UU is currently suspecting Mienshao! For information on how to participate check out the <a href="https://www.smogon.com/forums/threads/np-ss-uu-stage-10-3-pumped-up-kicks.3694543/">suspect thread</a>.</strong></div>
|j|☆Dhrabb
|j|☆bioche80
|t:|1639999018
|gametype|singles
|player|p1|Dhrabb|n|1453
|player|p2|bioche80|266|1410
|teamsize|p1|6
|teamsize|p2|6
|gen|8
|tier|[Gen 8] UU
|rated|
|rule|Sleep Clause Mod: Limit one foe put to sleep
|rule|Species Clause: Limit one of each Pokémon
|rule|OHKO Clause: OHKO moves are banned
|rule|Evasion Moves Clause: Evasion moves are banned
|rule|Endless Battle Clause: Forcing endless battles is banned
|rule|HP Percentage Mod: HP is shown in percentages
|rule|Dynamax Clause: You cannot dynamax
|clearpoke
|poke|p1|Excadrill, M|
|poke|p1|Gigalith, M|
|poke|p1|Thundurus-Therian, M|
|poke|p1|Moltres|
|poke|p1|Rotom-Wash|
|poke|p1|Zarude|
|poke|p2|Sneasel, F|
|poke|p2|Darmanitan, F|
|poke|p2|Tapu Bulu|
|poke|p2|Swampert, M|
|poke|p2|Conkeldurr, M|
|poke|p2|Jirachi|
|teampreview
|inactive|Battle timer is ON: inactive players will automatically lose when time's up. (requested by Dhrabb)
|
|t:|1639999038
|start
|switch|p1a: Zarude|Zarude|100/100
|switch|p2a: Swampert|Swampert, M|100/100
|turn|1
|
|t:|1639999055
|move|p1a: Zarude|U-turn|p2a: Swampert
|-damage|p2a: Swampert|78/100
|
|t:|1639999059
|switch|p1a: Rotom|Rotom-Wash|100/100|[from]move: U-turn
|move|p2a: Swampert|Stealth Rock|p1a: Rotom
|-sidestart|p1: Dhrabb|move: Stealth Rock
|
|-heal|p2a: Swampert|85/100|[from] item: Leftovers
|upkeep
|turn|2
|
|t:|1639999067
|move|p1a: Rotom|Toxic|p2a: Swampert
|-status|p2a: Swampert|tox
|move|p2a: Swampert|Toxic|p1a: Rotom|[miss]
|-miss|p2a: Swampert|p1a: Rotom
|
|-heal|p2a: Swampert|91/100 tox|[from] item: Leftovers
|-damage|p2a: Swampert|85/100 tox|[from] psn
|upkeep
|turn|3
|
|t:|1639999079
|move|p1a: Rotom|Hydro Pump|p2a: Swampert
|-damage|p2a: Swampert|60/100 tox
|move|p2a: Swampert|Toxic|p1a: Rotom
|-status|p1a: Rotom|tox
|
|-heal|p2a: Swampert|66/100 tox|[from] item: Leftovers
|-damage|p1a: Rotom|94/100 tox|[from] psn
|-damage|p2a: Swampert|53/100 tox|[from] psn
|upkeep
|turn|4
|
|t:|1639999088
|switch|p1a: Zarude|Zarude|100/100
|-damage|p1a: Zarude|88/100|[from] Stealth Rock
|move|p2a: Swampert|Flip Turn|p1a: Zarude
|-resisted|p1a: Zarude
|-damage|p1a: Zarude|78/100
|
|t:|1639999102
|switch|p2a: Conkeldurr|Conkeldurr, M|100/100|[from]move: Flip Turn
|
|-status|p2a: Conkeldurr|brn|[from] item: Flame Orb
|upkeep
|turn|5
|
|t:|1639999111
|switch|p1a: Moltres|Moltres|100/100
|move|p2a: Conkeldurr|Facade|p1a: Moltres
|-damage|p1a: Moltres|47/100
|
|-damage|p2a: Conkeldurr|94/100 brn|[from] brn
|upkeep
|turn|6
|
|t:|1639999118
|move|p1a: Moltres|Defog|p2a: Conkeldurr
|-unboost|p2a: Conkeldurr|evasion|1
|-sideend|p1: Dhrabb|Stealth Rock|[from] move: Defog|[of] p1a: Moltres
|move|p2a: Conkeldurr|Facade|p1a: Moltres
|-damage|p1a: Moltres|0 fnt
|faint|p1a: Moltres
|
|-damage|p2a: Conkeldurr|88/100 brn|[from] brn
|upkeep
|
|t:|1639999122
|switch|p1a: Thundurus|Thundurus-Therian, M|100/100
|turn|7
|
|t:|1639999134
|switch|p2a: Sneasel|Sneasel, F|100/100
|move|p1a: Thundurus|Psychic|p2a: Sneasel
|-immune|p2a: Sneasel
|
|upkeep
|turn|8
|
|t:|1639999141
|switch|p1a: Gigalith|Gigalith, M|100/100
|-weather|Sandstorm|[from] ability: Sand Stream|[of] p1a: Gigalith
|move|p2a: Sneasel|Knock Off|p1a: Gigalith
|-damage|p1a: Gigalith|52/100
|-enditem|p1a: Gigalith|Smooth Rock|[from] move: Knock Off|[of] p2a: Sneasel
|
|-weather|Sandstorm|[upkeep]
|-damage|p2a: Sneasel|95/100|[from] Sandstorm
|upkeep
|turn|9
|
|t:|1639999161
|switch|p2a: Tapu Bulu|Tapu Bulu|100/100
|-fieldstart|move: Grassy Terrain|[from] ability: Grassy Surge|[of] p2a: Tapu Bulu
|move|p1a: Gigalith|Stealth Rock|p2a: Tapu Bulu
|-sidestart|p2: bioche80|move: Stealth Rock
|
|-weather|Sandstorm|[upkeep]
|-damage|p2a: Tapu Bulu|94/100|[from] Sandstorm
|-heal|p2a: Tapu Bulu|100/100|[from] Grassy Terrain
|-heal|p1a: Gigalith|59/100|[from] Grassy Terrain
|upkeep
|turn|10
|
|t:|1639999172
|switch|p1a: Thundurus|Thundurus-Therian, M|100/100
|move|p2a: Tapu Bulu|Horn Leech|p1a: Thundurus
|-resisted|p1a: Thundurus
|-damage|p1a: Thundurus|69/100
|
|-weather|Sandstorm|[upkeep]
|-damage|p1a: Thundurus|63/100|[from] Sandstorm
|-damage|p2a: Tapu Bulu|94/100|[from] Sandstorm
|-heal|p2a: Tapu Bulu|100/100|[from] Grassy Terrain
|upkeep
|turn|11
|
|t:|1639999187
|switch|p2a: Swampert|Swampert, M|53/100 tox
|-damage|p2a: Swampert|47/100 tox|[from] Stealth Rock
|move|p1a: Thundurus|Nasty Plot|p1a: Thundurus
|-boost|p1a: Thundurus|spa|2
|
|-weather|Sandstorm|[upkeep]
|-damage|p1a: Thundurus|57/100|[from] Sandstorm
|-heal|p2a: Swampert|53/100 tox|[from] Grassy Terrain
|-heal|p2a: Swampert|60/100 tox|[from] item: Leftovers
|-damage|p2a: Swampert|53/100 tox|[from] psn
|upkeep
|turn|12
|
|t:|1639999200
|move|p1a: Thundurus|Focus Blast|p2a: Swampert
|-damage|p2a: Swampert|0 fnt
|faint|p2a: Swampert
|
|-weather|Sandstorm|[upkeep]
|-damage|p1a: Thundurus|51/100|[from] Sandstorm
|upkeep
|
|t:|1639999208
|switch|p2a: Sneasel|Sneasel, F|95/100
|-damage|p2a: Sneasel|70/100|[from] Stealth Rock
|turn|13
|
|t:|1639999214
|switch|p1a: Rotom|Rotom-Wash|94/100 tox
|move|p2a: Sneasel|Triple Axel|p1a: Rotom
|-resisted|p1a: Rotom
|-damage|p1a: Rotom|89/100 tox
|-resisted|p1a: Rotom
|-damage|p1a: Rotom|80/100 tox
|-resisted|p1a: Rotom
|-damage|p1a: Rotom|64/100 tox
|-hitcount|p1a: Rotom|3
|
|-weather|Sandstorm|[upkeep]
|-damage|p2a: Sneasel|64/100|[from] Sandstorm
|-damage|p1a: Rotom|58/100 tox|[from] Sandstorm
|-heal|p2a: Sneasel|70/100|[from] Grassy Terrain
|-heal|p1a: Rotom|64/100 tox|[from] item: Leftovers
|-damage|p1a: Rotom|58/100 tox|[from] psn
|-fieldend|move: Grassy Terrain
|upkeep
|turn|14
|inactive|bioche80 has 120 seconds left.
|
|t:|1639999236
|switch|p2a: Tapu Bulu|Tapu Bulu|100/100
|-damage|p2a: Tapu Bulu|88/100|[from] Stealth Rock
|-fieldstart|move: Grassy Terrain|[from] ability: Grassy Surge|[of] p2a: Tapu Bulu
|move|p1a: Rotom|Volt Switch|p2a: Tapu Bulu
|-resisted|p2a: Tapu Bulu
|-damage|p2a: Tapu Bulu|75/100
|
|t:|1639999244
|switch|p1a: Excadrill|Excadrill, M|100/100|[from]move: Volt Switch
|
|-weather|Sandstorm|[upkeep]
|-damage|p2a: Tapu Bulu|69/100|[from] Sandstorm
|-heal|p2a: Tapu Bulu|75/100|[from] Grassy Terrain
|upkeep
|turn|15
|
|t:|1639999253
|move|p1a: Excadrill|Iron Head|p2a: Tapu Bulu
|-supereffective|p2a: Tapu Bulu
|-damage|p2a: Tapu Bulu|5/100
|-damage|p1a: Excadrill|84/100|[from] item: Rocky Helmet|[of] p2a: Tapu Bulu
|-damage|p1a: Excadrill|74/100|[from] item: Life Orb
|move|p2a: Tapu Bulu|Horn Leech|p1a: Excadrill
|-damage|p1a: Excadrill|17/100
|-heal|p2a: Tapu Bulu|35/100|[from] drain|[of] p1a: Excadrill
|
|-weather|none
|-heal|p1a: Excadrill|23/100|[from] Grassy Terrain
|-heal|p2a: Tapu Bulu|41/100|[from] Grassy Terrain
|upkeep
|turn|16
|
|t:|1639999272
|switch|p1a: Zarude|Zarude|78/100
|switch|p2a: Conkeldurr|Conkeldurr, M|88/100 brn
|-damage|p2a: Conkeldurr|82/100 brn|[from] Stealth Rock
|
|-heal|p1a: Zarude|84/100|[from] Grassy Terrain
|-heal|p2a: Conkeldurr|88/100 brn|[from] Grassy Terrain
|-damage|p2a: Conkeldurr|82/100 brn|[from] brn
|upkeep
|turn|17
|
|t:|1639999286
|move|p1a: Zarude|Seed Bomb|p2a: Conkeldurr
|-damage|p2a: Conkeldurr|37/100 brn
|move|p2a: Conkeldurr|Close Combat|p1a: Zarude
|-supereffective|p1a: Zarude
|-damage|p1a: Zarude|0 fnt
|-unboost|p2a: Conkeldurr|def|1
|-unboost|p2a: Conkeldurr|spd|1
|faint|p1a: Zarude
|
|-heal|p2a: Conkeldurr|43/100 brn|[from] Grassy Terrain
|-damage|p2a: Conkeldurr|37/100 brn|[from] brn
|upkeep
|
|t:|1639999294
|switch|p1a: Rotom|Rotom-Wash|58/100 tox
|turn|18
|
|t:|1639999301
|move|p2a: Conkeldurr|Mach Punch|p1a: Rotom
|-damage|p1a: Rotom|32/100 tox
|move|p1a: Rotom|Volt Switch|p2a: Conkeldurr
|-damage|p2a: Conkeldurr|0 fnt
|faint|p2a: Conkeldurr
|
|t:|1639999311
|switch|p1a: Gigalith|Gigalith, M|59/100|[from]move: Volt Switch
|-weather|Sandstorm|[from] ability: Sand Stream|[of] p1a: Gigalith
|
|-weather|Sandstorm|[upkeep]
|-heal|p1a: Gigalith|65/100|[from] Grassy Terrain
|-fieldend|move: Grassy Terrain
|upkeep
|
|t:|1639999318
|switch|p2a: Tapu Bulu|Tapu Bulu|41/100
|-damage|p2a: Tapu Bulu|28/100|[from] Stealth Rock
|-fieldstart|move: Grassy Terrain|[from] ability: Grassy Surge|[of] p2a: Tapu Bulu
|turn|19
|
|t:|1639999324
|move|p2a: Tapu Bulu|Horn Leech|p1a: Gigalith
|-supereffective|p1a: Gigalith
|-damage|p1a: Gigalith|3/100
|-heal|p2a: Tapu Bulu|62/100|[from] drain|[of] p1a: Gigalith
|move|p1a: Gigalith|Stone Edge|p2a: Tapu Bulu
|-damage|p2a: Tapu Bulu|31/100
|
|-weather|Sandstorm|[upkeep]
|-damage|p2a: Tapu Bulu|25/100|[from] Sandstorm
|-heal|p2a: Tapu Bulu|31/100|[from] Grassy Terrain
|-heal|p1a: Gigalith|9/100|[from] Grassy Terrain
|upkeep
|turn|20
|
|t:|1639999336
|move|p2a: Tapu Bulu|Horn Leech|p1a: Gigalith
|-supereffective|p1a: Gigalith
|-damage|p1a: Gigalith|0 fnt
|-heal|p2a: Tapu Bulu|36/100|[from] drain|[of] p1a: Gigalith
|faint|p1a: Gigalith
|
|-weather|Sandstorm|[upkeep]
|-damage|p2a: Tapu Bulu|30/100|[from] Sandstorm
|-heal|p2a: Tapu Bulu|36/100|[from] Grassy Terrain
|upkeep
|
|t:|1639999340
|switch|p1a: Thundurus|Thundurus-Therian, M|51/100
|turn|21
|
|t:|1639999353
|move|p1a: Thundurus|Psychic|p2a: Tapu Bulu
|-damage|p2a: Tapu Bulu|0 fnt
|faint|p2a: Tapu Bulu
|
|-weather|Sandstorm|[upkeep]
|-damage|p1a: Thundurus|45/100|[from] Sandstorm
|upkeep
|
|t:|1639999370
|switch|p2a: Darmanitan|Darmanitan, F|100/100
|-damage|p2a: Darmanitan|76/100|[from] Stealth Rock
|turn|22
|
|t:|1639999375
|move|p2a: Darmanitan|Flare Blitz|p1a: Thundurus
|-damage|p1a: Thundurus|0 fnt
|faint|p1a: Thundurus
|-damage|p2a: Darmanitan|63/100|[from] Recoil
|
|-weather|none
|-heal|p2a: Darmanitan|69/100|[from] Grassy Terrain
|upkeep
|
|t:|1639999386
|switch|p1a: Rotom|Rotom-Wash|32/100 tox
|turn|23
|
|t:|1639999389
|move|p2a: Darmanitan|Flare Blitz|p1a: Rotom
|-resisted|p1a: Rotom
|-damage|p1a: Rotom|0 fnt
|faint|p1a: Rotom
|-damage|p2a: Darmanitan|60/100|[from] Recoil
|
|-heal|p2a: Darmanitan|67/100|[from] Grassy Terrain
|-fieldend|move: Grassy Terrain
|upkeep
|
|t:|1639999392
|switch|p1a: Excadrill|Excadrill, M|23/100
|turn|24
|c|☆bioche80|gg
|
|t:|1639999403
|move|p2a: Darmanitan|Flare Blitz|p1a: Excadrill
|-supereffective|p1a: Excadrill
|-damage|p1a: Excadrill|0 fnt
|faint|p1a: Excadrill
|-damage|p2a: Darmanitan|59/100|[from] Recoil
|
|win|bioche80
|raw|Dhrabb's rating: 1453 &rarr; <strong>1431</strong><br />(-22 for losing)
|raw|bioche80's rating: 1410 &rarr; <strong>1432</strong><br />(+22 for winning)
|l|☆Dhrabb
