|j|☆Astocondor_14
|j|☆FionaRime
|t:|1643932160
|gametype|singles
|player|p1|Astocondor_14|psychic-gen4|1353
|player|p2|FionaRime|jasmine|1562
|teamsize|p1|6
|teamsize|p2|6
|gen|8
|tier|[Gen 8] UU
|rated|
|rule|Sleep Clause Mod: Limit one foe put to sleep
|rule|Species Clause: Limit one of each Pokémon
|rule|OHKO Clause: OHKO moves are banned
|rule|Evasion Moves Clause: Evasion moves are banned
|rule|Endless Battle Clause: Forcing endless battles is banned
|rule|HP Percentage Mod: HP is shown in percentages
|rule|Dynamax Clause: You cannot dynamax
|clearpoke
|poke|p1|Grimmsnarl, M|
|poke|p1|Jirachi|
|poke|p1|Celesteela|
|poke|p1|Aegislash, M|
|poke|p1|Zygarde-10%|
|poke|p1|Cloyster, M|
|poke|p2|Mamoswine, M|
|poke|p2|Necrozma|
|poke|p2|Azumarill, F|
|poke|p2|Araquanid, M|
|poke|p2|Chandelure, F|
|poke|p2|Azelf|
|teampreview
|j| bestgen2
|
|t:|1643932173
|start
|switch|p1a: Cloyster|Cloyster, M|100/100
|switch|p2a: Chandelure|Chandelure, F|100/100
|turn|1
|c| bestgen2|niga's
|c| bestgen2|lol
|l| bestgen2
|
|t:|1643932182
|switch|p1a: Grimmsnarl|Grimmsnarl, M, shiny|100/100
|move|p2a: Chandelure|Trick|p1a: Grimmsnarl
|-activate|p2a: Chandelure|move: Trick|[of] p1a: Grimmsnarl
|-item|p1a: Grimmsnarl|Choice Scarf|[from] move: Trick
|-item|p2a: Chandelure|Leftovers|[from] move: Trick
|
|upkeep
|turn|2
|
|t:|1643932188
|move|p2a: Chandelure|Fire Blast|p1a: Grimmsnarl
|-damage|p1a: Grimmsnarl|46/100
|move|p1a: Grimmsnarl|Spirit Break|p2a: Chandelure
|-resisted|p2a: Chandelure
|-damage|p2a: Chandelure|79/100
|-unboost|p2a: Chandelure|spa|1
|
|-heal|p2a: Chandelure|85/100|[from] item: Leftovers
|upkeep
|turn|3
|j|%chunko!
|
|t:|1643932200
|move|p2a: Chandelure|Fire Blast|p1a: Grimmsnarl
|-damage|p1a: Grimmsnarl|11/100
|move|p1a: Grimmsnarl|Spirit Break|p2a: Chandelure
|-resisted|p2a: Chandelure
|-damage|p2a: Chandelure|65/100
|-unboost|p2a: Chandelure|spa|1
|
|-heal|p2a: Chandelure|71/100|[from] item: Leftovers
|upkeep
|turn|4
|j|%chunko!
|c|%chunko!|/log bestgen2 was locked from talking for a week by chunko!. (Use of slur in battle.)
|l|%chunko!
|c|%chunko!|>_>
|l|%chunko!
|
|t:|1643932224
|switch|p2a: Araquanid|Araquanid, M|100/100
|move|p1a: Grimmsnarl|Spirit Break|p2a: Araquanid
|-damage|p2a: Araquanid|76/100
|-unboost|p2a: Araquanid|spa|1
|
|-heal|p2a: Araquanid|82/100|[from] item: Leftovers
|upkeep
|turn|5
|
|t:|1643932233
|switch|p1a: Cloyster|Cloyster, M|100/100
|move|p2a: Araquanid|Toxic|p1a: Cloyster
|-status|p1a: Cloyster|tox
|
|-heal|p2a: Araquanid|88/100|[from] item: Leftovers
|-damage|p1a: Cloyster|94/100 tox|[from] psn
|upkeep
|turn|6
|
|t:|1643932248
|move|p1a: Cloyster|Shell Smash|p1a: Cloyster
|-unboost|p1a: Cloyster|def|1
|-unboost|p1a: Cloyster|spd|1
|-boost|p1a: Cloyster|atk|2
|-boost|p1a: Cloyster|spa|2
|-boost|p1a: Cloyster|spe|2
|-enditem|p1a: Cloyster|White Herb
|-clearnegativeboost|p1a: Cloyster|[silent]
|move|p2a: Araquanid|Scald|p1a: Cloyster
|-resisted|p1a: Cloyster
|-damage|p1a: Cloyster|62/100 tox
|
|-heal|p2a: Araquanid|94/100|[from] item: Leftovers
|-damage|p1a: Cloyster|50/100 tox|[from] psn
|upkeep
|turn|7
|
|t:|1643932264
|switch|p2a: Azumarill|Azumarill, F|100/100
|move|p1a: Cloyster|Rock Blast|p2a: Azumarill
|-damage|p2a: Azumarill|87/100
|-damage|p2a: Azumarill|72/100
|-damage|p2a: Azumarill|56/100
|-damage|p2a: Azumarill|43/100
|-damage|p2a: Azumarill|27/100
|-hitcount|p2a: Azumarill|5
|
|-damage|p1a: Cloyster|31/100 tox|[from] psn
|upkeep
|turn|8
|
|t:|1643932277
|move|p2a: Azumarill|Aqua Jet|p1a: Cloyster
|-resisted|p1a: Cloyster
|-damage|p1a: Cloyster|21/100 tox
|move|p1a: Cloyster|Icicle Spear|p2a: Azumarill
|-resisted|p2a: Azumarill
|-damage|p2a: Azumarill|16/100
|-resisted|p2a: Azumarill
|-damage|p2a: Azumarill|5/100
|-resisted|p2a: Azumarill
|-damage|p2a: Azumarill|0 fnt
|faint|p2a: Azumarill
|-hitcount|p2: Azumarill|3
|
|-damage|p1a: Cloyster|0 fnt|[from] psn
|faint|p1a: Cloyster
|upkeep
|
|t:|1643932291
|switch|p1a: Grimmsnarl|Grimmsnarl, M, shiny|11/100
|switch|p2a: Chandelure|Chandelure, F|71/100
|turn|9
|
|t:|1643932296
|switch|p2a: Araquanid|Araquanid, M|94/100
|move|p1a: Grimmsnarl|Light Screen|p1a: Grimmsnarl
|-sidestart|p1: Astocondor_14|move: Light Screen
|
|-heal|p2a: Araquanid|100/100|[from] item: Leftovers
|upkeep
|turn|10
|
|t:|1643932308
|switch|p1a: Celesteela|Celesteela, shiny|100/100
|move|p2a: Araquanid|Sticky Web|p1a: Celesteela
|-sidestart|p1: Astocondor_14|move: Sticky Web
|
|upkeep
|turn|11
|
|t:|1643932313
|move|p1a: Celesteela|Autotomize|p1a: Celesteela
|-boost|p1a: Celesteela|spe|2
|-start|p1a: Celesteela|Autotomize
|move|p2a: Araquanid|Scald|p1a: Celesteela
|-damage|p1a: Celesteela|85/100
|
|upkeep
|turn|12
|
|t:|1643932320
|move|p1a: Celesteela|Air Slash|p2a: Araquanid
|-supereffective|p2a: Araquanid
|-damage|p2a: Araquanid|37/100
|move|p2a: Araquanid|Mirror Coat|p1a: Celesteela
|-damage|p1a: Celesteela|0 fnt
|faint|p1a: Celesteela
|
|-heal|p2a: Araquanid|43/100|[from] item: Leftovers
|upkeep
|
|t:|1643932328
|switch|p1a: Aegislash|Aegislash, M|100/100
|-activate|p1a: Aegislash|move: Sticky Web
|-unboost|p1a: Aegislash|spe|1
|turn|13
|
|t:|1643932333
|move|p2a: Araquanid|Scald|p1a: Aegislash
|-damage|p1a: Aegislash|91/100
|-status|p1a: Aegislash|brn
|move|p1a: Aegislash|Toxic|p2a: Araquanid
|-status|p2a: Araquanid|tox
|
|-heal|p2a: Araquanid|49/100 tox|[from] item: Leftovers
|-heal|p1a: Aegislash|97/100 brn|[from] item: Leftovers
|-damage|p2a: Araquanid|43/100 tox|[from] psn
|-damage|p1a: Aegislash|91/100 brn|[from] brn
|-sideend|p1: Astocondor_14|move: Light Screen
|upkeep
|turn|14
|
|t:|1643932346
|move|p1a: Aegislash|Substitute|p1a: Aegislash
|-start|p1a: Aegislash|Substitute
|-damage|p1a: Aegislash|66/100 brn
|move|p2a: Araquanid|Mirror Coat||[still]
|-fail|p2a: Araquanid
|
|-heal|p2a: Araquanid|49/100 tox|[from] item: Leftovers
|-heal|p1a: Aegislash|72/100 brn|[from] item: Leftovers
|-damage|p2a: Araquanid|37/100 tox|[from] psn
|-damage|p1a: Aegislash|66/100 brn|[from] brn
|upkeep
|turn|15
|
|t:|1643932355
|move|p1a: Aegislash|King's Shield|p1a: Aegislash
|-singleturn|p1a: Aegislash|Protect
|move|p2a: Araquanid|Scald|p1a: Aegislash
|-activate|p1a: Aegislash|move: Protect
|
|-heal|p2a: Araquanid|43/100 tox|[from] item: Leftovers
|-heal|p1a: Aegislash|72/100 brn|[from] item: Leftovers
|-damage|p2a: Araquanid|25/100 tox|[from] psn
|-damage|p1a: Aegislash|66/100 brn|[from] brn
|upkeep
|turn|16
|
|t:|1643932366
|move|p2a: Araquanid|Scald|p1a: Aegislash
|-crit|p1a: Aegislash
|-end|p1a: Aegislash|Substitute
|-formechange|p1a: Aegislash|Aegislash-Blade||[from] ability: Stance Change
|move|p1a: Aegislash|Shadow Ball|p2a: Araquanid
|-damage|p2a: Araquanid|0 fnt
|faint|p2a: Araquanid
|
|-heal|p1a: Aegislash|72/100 brn|[from] item: Leftovers
|-damage|p1a: Aegislash|66/100 brn|[from] brn
|upkeep
|
|t:|1643932377
|switch|p2a: Chandelure|Chandelure, F|71/100
|turn|17
|
|t:|1643932380
|move|p2a: Chandelure|Shadow Ball|p1a: Aegislash
|-supereffective|p1a: Aegislash
|-damage|p1a: Aegislash|0 fnt
|faint|p1a: Aegislash
|
|-heal|p2a: Chandelure|77/100|[from] item: Leftovers
|upkeep
|
|t:|1643932382
|switch|p1a: Grimmsnarl|Grimmsnarl, M, shiny|11/100
|-activate|p1a: Grimmsnarl|move: Sticky Web
|-unboost|p1a: Grimmsnarl|spe|1
|turn|18
|
|t:|1643932389
|move|p1a: Grimmsnarl|Light Screen|p1a: Grimmsnarl
|-sidestart|p1: Astocondor_14|move: Light Screen
|move|p2a: Chandelure|Shadow Ball|p1a: Grimmsnarl
|-resisted|p1a: Grimmsnarl
|-damage|p1a: Grimmsnarl|0 fnt
|faint|p1a: Grimmsnarl
|
|-heal|p2a: Chandelure|83/100|[from] item: Leftovers
|upkeep
|
|t:|1643932390
|switch|p1a: Jirachi|Jirachi, shiny|100/100
|-activate|p1a: Jirachi|move: Sticky Web
|-unboost|p1a: Jirachi|spe|1
|turn|19
|
|t:|1643932398
|move|p2a: Chandelure|Fire Blast|p1a: Jirachi
|-supereffective|p1a: Jirachi
|-damage|p1a: Jirachi|2/100
|-enditem|p1a: Jirachi|Weakness Policy
|-boost|p1a: Jirachi|atk|2|[from] item: Weakness Policy
|-boost|p1a: Jirachi|spa|2|[from] item: Weakness Policy
|move|p1a: Jirachi|Cosmic Power|p1a: Jirachi
|-boost|p1a: Jirachi|def|1
|-boost|p1a: Jirachi|spd|1
|
|-heal|p2a: Chandelure|89/100|[from] item: Leftovers
|upkeep
|turn|20
|-message|Astocondor_14 forfeited.
|
|win|FionaRime
|raw|Astocondor_14's rating: 1353 &rarr; <strong>1344</strong><br />(-9 for losing)
|raw|FionaRime's rating: 1562 &rarr; <strong>1571</strong><br />(+9 for winning)
|l|☆Astocondor_14
