|raw|<div class="broadcast-blue"><strong>This battle is required to be public due to a player having a name starting with 'uult91w'.</div>
|j|☆uult91w gei
|j|☆UULT91w udon
|t:|1651666299
|gametype|singles
|player|p1|uult91w gei|bede|1331
|player|p2|UULT91w udon|#bltviiiturtwigs|1559
|teamsize|p1|6
|teamsize|p2|6
|gen|8
|tier|[Gen 8] UU
|rated|
|rule|Sleep Clause Mod: Limit one foe put to sleep
|rule|Species Clause: Limit one of each Pokémon
|rule|OHKO Clause: OHKO moves are banned
|rule|Evasion Moves Clause: Evasion moves are banned
|rule|Endless Battle Clause: Forcing endless battles is banned
|rule|HP Percentage Mod: HP is shown in percentages
|rule|Dynamax Clause: You cannot dynamax
|clearpoke
|poke|p1|Mandibuzz, F|
|poke|p1|Lycanroc-Dusk, F|
|poke|p1|Amoonguss, M|
|poke|p1|Swampert, M|
|poke|p1|Noivern, F|
|poke|p1|Keldeo-Resolute|
|poke|p2|Hydreigon, M|
|poke|p2|Cobalion|
|poke|p2|Azumarill, F|
|poke|p2|Tangrowth, M|
|poke|p2|Moltres|
|poke|p2|Aegislash, F|
|teampreview
|j| UULT91w Micciu
|inactive|Battle timer is ON: inactive players will automatically lose when time's up. (requested by uult91w gei)
|
|t:|1651666326
|start
|switch|p1a: Keldeo|Keldeo-Resolute|100/100
|switch|p2a: Hydreigon|Hydreigon, M|100/100
|turn|1
|
|t:|1651666344
|switch|p2a: Tangrowth|Tangrowth, M|100/100
|move|p1a: Keldeo|Scald|p2a: Tangrowth
|-resisted|p2a: Tangrowth
|-damage|p2a: Tangrowth|82/100
|
|upkeep
|turn|2
|
|t:|1651666353
|switch|p1a: Amoonguss|Amoonguss, M|100/100
|move|p2a: Tangrowth|Knock Off|p1a: Amoonguss
|-damage|p1a: Amoonguss|84/100
|-enditem|p1a: Amoonguss|Eject Button|[from] move: Knock Off|[of] p2a: Tangrowth
|
|upkeep
|turn|3
|
|t:|1651666359
|switch|p2a: Hydreigon|Hydreigon, M|100/100
|move|p1a: Amoonguss|Spore|p2a: Hydreigon
|-status|p2a: Hydreigon|slp|[from] move: Spore
|
|upkeep
|turn|4
|inactive|uult91w gei has 120 seconds left.
|
|t:|1651666396
|switch|p1a: Noivern|Noivern, F|100/100
|cant|p2a: Hydreigon|slp
|move|p2a: Hydreigon|Sleep Talk|p2a: Hydreigon
|move|p2a: Hydreigon|Draco Meteor|p1a: Noivern|[from]move: Sleep Talk
|-supereffective|p1a: Noivern
|-damage|p1a: Noivern|0 fnt
|-unboost|p2a: Hydreigon|spa|2
|faint|p1a: Noivern
|
|upkeep
|c|☆uult91w gei|vous me fatiguez avec vos sets des enfers
|c|☆uult91w gei|un tiers t'as peur
|
|t:|1651666419
|switch|p1a: Keldeo|Keldeo-Resolute|100/100
|turn|5
|inactive|UULT91w udon has 120 seconds left.
|
|t:|1651666453
|switch|p2a: Tangrowth|Tangrowth, M|100/100
|move|p1a: Keldeo|Toxic|p2a: Tangrowth
|-status|p2a: Tangrowth|tox
|
|-damage|p2a: Tangrowth|94/100 tox|[from] psn
|upkeep
|turn|6
|
|t:|1651666461
|switch|p1a: Mandibuzz|Mandibuzz, F|100/100
|move|p2a: Tangrowth|Knock Off|p1a: Mandibuzz
|-resisted|p1a: Mandibuzz
|-damage|p1a: Mandibuzz|94/100
|-enditem|p1a: Mandibuzz|Heavy-Duty Boots|[from] move: Knock Off|[of] p2a: Tangrowth
|
|-damage|p2a: Tangrowth|82/100 tox|[from] psn
|upkeep
|turn|7
|
|t:|1651666465
|switch|p2a: Cobalion|Cobalion|100/100
|move|p1a: Mandibuzz|U-turn|p2a: Cobalion
|-resisted|p2a: Cobalion
|-damage|p2a: Cobalion|98/100
|-damage|p1a: Mandibuzz|78/100|[from] item: Rocky Helmet|[of] p2a: Cobalion
|
|t:|1651666469
|switch|p1a: Swampert|Swampert, M|100/100|[from]move: U-turn
|
|upkeep
|turn|8
|inactive|UULT91w udon has 120 seconds left.
|
|t:|1651666505
|move|p2a: Cobalion|Stealth Rock|p1a: Swampert
|-sidestart|p1: uult91w gei|move: Stealth Rock
|move|p1a: Swampert|Stealth Rock|p2a: Cobalion
|-sidestart|p2: UULT91w udon|move: Stealth Rock
|
|upkeep
|turn|9
|
|t:|1651666516
|switch|p2a: Tangrowth|Tangrowth, M|100/100 tox
|-damage|p2a: Tangrowth|88/100 tox|[from] Stealth Rock
|move|p1a: Swampert|Flip Turn|p2a: Tangrowth
|-resisted|p2a: Tangrowth
|-damage|p2a: Tangrowth|81/100 tox
|
|t:|1651666521
|switch|p1a: Amoonguss|Amoonguss, M|100/100|[from]move: Flip Turn
|-damage|p1a: Amoonguss|88/100|[from] Stealth Rock
|
|-damage|p2a: Tangrowth|75/100 tox|[from] psn
|upkeep
|turn|10
|
|t:|1651666529
|switch|p2a: Moltres|Moltres|100/100
|switch|p1a: Keldeo|Keldeo-Resolute|100/100
|-damage|p1a: Keldeo|94/100|[from] Stealth Rock
|
|upkeep
|turn|11
|j| Dunoks
|
|t:|1651666554
|switch|p2a: Tangrowth|Tangrowth, M|100/100 tox
|-damage|p2a: Tangrowth|88/100 tox|[from] Stealth Rock
|move|p1a: Keldeo|Hydro Pump|p2a: Tangrowth
|-resisted|p2a: Tangrowth
|-damage|p2a: Tangrowth|63/100 tox
|
|-damage|p2a: Tangrowth|57/100 tox|[from] psn
|upkeep
|turn|12
|
|t:|1651666565
|switch|p2a: Moltres|Moltres|100/100
|move|p1a: Keldeo|Hydro Pump|p2a: Moltres
|-supereffective|p2a: Moltres
|-damage|p2a: Moltres|0 fnt
|faint|p2a: Moltres
|
|upkeep
|
|t:|1651666569
|switch|p2a: Azumarill|Azumarill, F|100/100
|-damage|p2a: Azumarill|88/100|[from] Stealth Rock
|turn|13
|
|t:|1651666573
|switch|p1a: Amoonguss|Amoonguss, M|100/100
|-damage|p1a: Amoonguss|88/100|[from] Stealth Rock
|move|p2a: Azumarill|Play Rough|p1a: Amoonguss
|-resisted|p1a: Amoonguss
|-damage|p1a: Amoonguss|53/100
|
|upkeep
|turn|14
|inactive|uult91w gei has 120 seconds left.
|
|t:|1651666613
|switch|p2a: Cobalion|Cobalion|98/100
|-damage|p2a: Cobalion|95/100|[from] Stealth Rock
|move|p1a: Amoonguss|Synthesis|p1a: Amoonguss
|-heal|p1a: Amoonguss|100/100
|
|upkeep
|turn|15
|
|t:|1651666625
|switch|p1a: Swampert|Swampert, M|100/100
|-damage|p1a: Swampert|94/100|[from] Stealth Rock
|move|p2a: Cobalion|Close Combat|p1a: Swampert
|-damage|p1a: Swampert|46/100
|-unboost|p2a: Cobalion|def|1
|-unboost|p2a: Cobalion|spd|1
|
|-heal|p1a: Swampert|52/100|[from] item: Leftovers
|upkeep
|turn|16
|
|t:|1651666640
|switch|p2a: Tangrowth|Tangrowth, M|90/100 tox
|-damage|p2a: Tangrowth|77/100 tox|[from] Stealth Rock
|move|p1a: Swampert|Flip Turn|p2a: Tangrowth
|-resisted|p2a: Tangrowth
|-damage|p2a: Tangrowth|70/100 tox
|
|t:|1651666644
|switch|p1a: Amoonguss|Amoonguss, M|100/100|[from]move: Flip Turn
|-damage|p1a: Amoonguss|88/100|[from] Stealth Rock
|
|-damage|p2a: Tangrowth|64/100 tox|[from] psn
|upkeep
|turn|17
|
|t:|1651666652
|switch|p2a: Cobalion|Cobalion|95/100
|-damage|p2a: Cobalion|92/100|[from] Stealth Rock
|switch|p1a: Keldeo|Keldeo-Resolute|94/100
|-damage|p1a: Keldeo|88/100|[from] Stealth Rock
|
|upkeep
|turn|18
|
|t:|1651666657
|switch|p2a: Tangrowth|Tangrowth, M|97/100 tox
|-damage|p2a: Tangrowth|85/100 tox|[from] Stealth Rock
|move|p1a: Keldeo|Secret Sword|p2a: Tangrowth
|-damage|p2a: Tangrowth|39/100 tox
|
|-damage|p2a: Tangrowth|32/100 tox|[from] psn
|upkeep
|turn|19
|
|t:|1651666661
|switch|p2a: Aegislash|Aegislash, F|100/100
|-damage|p2a: Aegislash|94/100|[from] Stealth Rock
|move|p1a: Keldeo|Secret Sword|p2a: Aegislash
|-immune|p2a: Aegislash
|
|upkeep
|turn|20
|
|t:|1651666670
|switch|p1a: Mandibuzz|Mandibuzz, F|78/100
|-damage|p1a: Mandibuzz|53/100|[from] Stealth Rock
|-formechange|p2a: Aegislash|Aegislash-Blade||[from] ability: Stance Change
|move|p2a: Aegislash|Flash Cannon|p1a: Mandibuzz
|-damage|p1a: Mandibuzz|0 fnt
|faint|p1a: Mandibuzz
|-damage|p2a: Aegislash|84/100|[from] item: Life Orb
|
|upkeep
|
|t:|1651666686
|switch|p1a: Keldeo|Keldeo-Resolute|88/100
|-damage|p1a: Keldeo|82/100|[from] Stealth Rock
|turn|21
|
|t:|1651666699
|switch|p2a: Tangrowth|Tangrowth, M|66/100 tox
|-damage|p2a: Tangrowth|53/100 tox|[from] Stealth Rock
|move|p1a: Keldeo|Hydro Pump|p2a: Tangrowth
|-resisted|p2a: Tangrowth
|-damage|p2a: Tangrowth|27/100 tox
|
|-damage|p2a: Tangrowth|21/100 tox|[from] psn
|upkeep
|turn|22
|j| uult91wpokemonisfu
|
|t:|1651666712
|move|p1a: Keldeo|Hydro Pump|p2a: Tangrowth
|-resisted|p2a: Tangrowth
|-damage|p2a: Tangrowth|0 fnt
|faint|p2a: Tangrowth
|
|upkeep
|
|t:|1651666714
|switch|p2a: Azumarill|Azumarill, F|88/100
|-damage|p2a: Azumarill|76/100|[from] Stealth Rock
|turn|23
|
|t:|1651666720
|switch|p1a: Amoonguss|Amoonguss, M|100/100
|-damage|p1a: Amoonguss|88/100|[from] Stealth Rock
|move|p2a: Azumarill|Play Rough|p1a: Amoonguss
|-resisted|p1a: Amoonguss
|-damage|p1a: Amoonguss|55/100
|
|upkeep
|turn|24
|
|t:|1651666759
|switch|p2a: Aegislash|Aegislash, F|84/100
|-damage|p2a: Aegislash|78/100|[from] Stealth Rock
|switch|p1a: Swampert|Swampert, M|52/100
|-damage|p1a: Swampert|46/100|[from] Stealth Rock
|
|-heal|p1a: Swampert|52/100|[from] item: Leftovers
|upkeep
|turn|25
|
|t:|1651666766
|switch|p2a: Hydreigon|Hydreigon, M|100/100 slp
|-damage|p2a: Hydreigon|88/100 slp|[from] Stealth Rock
|move|p1a: Swampert|Earthquake|p2a: Hydreigon
|-immune|p2a: Hydreigon|[from] ability: Levitate
|
|-heal|p1a: Swampert|58/100|[from] item: Leftovers
|upkeep
|turn|26
|
|t:|1651666770
|cant|p2a: Hydreigon|slp
|move|p1a: Swampert|Flip Turn|p2a: Hydreigon
|-resisted|p2a: Hydreigon
|-damage|p2a: Hydreigon|77/100 slp
|l| uult91wpokemonisfu
|
|t:|1651666798
|switch|p1a: Lycanroc|Lycanroc-Dusk, F|100/100|[from]move: Flip Turn
|-damage|p1a: Lycanroc|88/100|[from] Stealth Rock
|
|upkeep
|turn|27
|inactive|uult91w gei has 120 seconds left.
|inactive|UULT91w udon has 120 seconds left.
|inactive|UULT91w udon has 90 seconds left.
|
|t:|1651666871
|switch|p1a: Keldeo|Keldeo-Resolute|82/100
|-damage|p1a: Keldeo|76/100|[from] Stealth Rock
|switch|p2a: Aegislash|Aegislash, F|78/100
|-damage|p2a: Aegislash|72/100|[from] Stealth Rock
|
|upkeep
|turn|28
|inactive|uult91w gei has 120 seconds left.
|
|t:|1651666904
|move|p1a: Keldeo|Hydro Pump|p2a: Aegislash
|-damage|p2a: Aegislash|4/100
|-formechange|p2a: Aegislash|Aegislash-Blade||[from] ability: Stance Change
|move|p2a: Aegislash|Shadow Ball|p1a: Keldeo
|-damage|p1a: Keldeo|0 fnt
|faint|p1a: Keldeo
|-damage|p2a: Aegislash|0 fnt|[from] item: Life Orb
|faint|p2a: Aegislash
|
|upkeep
|c|☆uult91w gei|whats your spread
|inactive|uult91w gei has 90 seconds left.
|
|t:|1651666929
|switch|p1a: Swampert|Swampert, M|58/100
|switch|p2a: Azumarill|Azumarill, F|76/100
|-damage|p1a: Swampert|52/100|[from] Stealth Rock
|-damage|p2a: Azumarill|64/100|[from] Stealth Rock
|turn|29
|
|t:|1651666935
|switch|p1a: Amoonguss|Amoonguss, M|89/100
|-damage|p1a: Amoonguss|76/100|[from] Stealth Rock
|switch|p2a: Hydreigon|Hydreigon, M|77/100 slp
|-damage|p2a: Hydreigon|65/100 slp|[from] Stealth Rock
|
|upkeep
|turn|30
|
|t:|1651666944
|-curestatus|p2a: Hydreigon|slp|[msg]
|move|p2a: Hydreigon|Draco Meteor|p1a: Amoonguss
|-damage|p1a: Amoonguss|0 fnt
|-unboost|p2a: Hydreigon|spa|2
|faint|p1a: Amoonguss
|
|upkeep
|
|t:|1651666949
|switch|p1a: Lycanroc|Lycanroc-Dusk, F|88/100
|-damage|p1a: Lycanroc|76/100|[from] Stealth Rock
|turn|31
|
|t:|1651666954
|switch|p2a: Cobalion|Cobalion|92/100
|-damage|p2a: Cobalion|89/100|[from] Stealth Rock
|move|p1a: Lycanroc|Close Combat|p2a: Cobalion
|-supereffective|p2a: Cobalion
|-damage|p2a: Cobalion|0 fnt
|-unboost|p1a: Lycanroc|def|1
|-unboost|p1a: Lycanroc|spd|1
|-damage|p1a: Lycanroc|59/100|[from] item: Rocky Helmet|[of] p2a: Cobalion
|faint|p2a: Cobalion
|
|upkeep
|
|t:|1651666957
|switch|p2a: Azumarill|Azumarill, F|64/100
|-damage|p2a: Azumarill|51/100|[from] Stealth Rock
|turn|32
|inactive|uult91w gei has 120 seconds left.
|inactive|UULT91w udon has 120 seconds left.
|
|t:|1651666984
|move|p2a: Azumarill|Aqua Jet|p1a: Lycanroc
|-supereffective|p1a: Lycanroc
|-damage|p1a: Lycanroc|0 fnt
|faint|p1a: Lycanroc
|
|upkeep
|
|t:|1651666988
|switch|p1a: Swampert|Swampert, M|52/100
|-damage|p1a: Swampert|46/100|[from] Stealth Rock
|turn|33
|
|t:|1651666993
|move|p2a: Azumarill|Aqua Jet|p1a: Swampert
|-damage|p1a: Swampert|11/100
|move|p1a: Swampert|Earthquake|p2a: Azumarill
|-damage|p2a: Azumarill|14/100
|
|-heal|p1a: Swampert|17/100|[from] item: Leftovers
|upkeep
|turn|34
|
|t:|1651666996
|move|p2a: Azumarill|Aqua Jet|p1a: Swampert
|-damage|p1a: Swampert|0 fnt
|faint|p1a: Swampert
|
|win|UULT91w udon
|raw|uult91w gei's rating: 1331 &rarr; <strong>1323</strong><br />(-8 for losing)
|raw|UULT91w udon's rating: 1559 &rarr; <strong>1567</strong><br />(+8 for winning)
|c|☆UULT91w udon|gg
|l| UULT91w Micciu
|l|☆uult91w gei
||Ladder isn't responding, score probably updated but might not have (Request timeout).
|j| UULT91w Micciu
|l| UULT91w Micciu
