|j|☆Mimilucha
|j|☆Dejon FlashFire
|t:|1667246424
|gametype|singles
|player|p1|Mimilucha|ethan-masters|
|player|p2|Dejon FlashFire|cynthia|
|teamsize|p1|6
|teamsize|p2|6
|gen|8
|tier|[Gen 8] UU
|rated|Tournament battle
|rule|Sleep Clause Mod: Limit one foe put to sleep
|rule|Species Clause: Limit one of each Pokémon
|rule|OHKO Clause: OHKO moves are banned
|rule|Evasion Items Clause: Evasion items are banned
|rule|Evasion Moves Clause: Evasion moves are banned
|rule|Endless Battle Clause: Forcing endless battles is banned
|rule|HP Percentage Mod: HP is shown in percentages
|rule|Dynamax Clause: You cannot dynamax
|clearpoke
|poke|p1|Hydreigon, F|
|poke|p1|Hippowdon, M|
|poke|p1|Scizor, F|
|poke|p1|Slowbro-Galar, M|
|poke|p1|Mantine, M|
|poke|p1|Tapu Bulu|
|poke|p2|Thundurus-Therian, M|
|poke|p2|Nihilego|
|poke|p2|Flygon, M|
|poke|p2|Crawdaunt, F|
|poke|p2|Torkoal, F|
|poke|p2|Tangrowth, M|
|teampreview
|inactive|Battle timer is ON: inactive players will automatically lose when time's up. (requested by Mimilucha)
|j| pif
|
|t:|1667246450
|start
|switch|p1a: Scizor|Scizor, F|100/100
|switch|p2a: Thundurus|Thundurus-Therian, M|100/100
|turn|1
|
|t:|1667246456
|move|p2a: Thundurus|Knock Off|p1a: Scizor
|-damage|p1a: Scizor|81/100
|-damage|p2a: Thundurus|84/100|[from] item: Rocky Helmet|[of] p1a: Scizor
|-enditem|p1a: Scizor|Rocky Helmet|[from] move: Knock Off|[of] p2a: Thundurus
|move|p1a: Scizor|Knock Off|p2a: Thundurus
|-damage|p2a: Thundurus|36/100
|-enditem|p2a: Thundurus|Magnet|[from] move: Knock Off|[of] p1a: Scizor
|
|upkeep
|turn|2
|
|t:|1667246467
|move|p2a: Thundurus|Thunderbolt|p1a: Scizor
|-damage|p1a: Scizor|19/100
|move|p1a: Scizor|Knock Off|p2a: Thundurus
|-damage|p2a: Thundurus|2/100
|
|upkeep
|turn|3
|
|t:|1667246476
|move|p1a: Scizor|Bullet Punch|p2a: Thundurus
|-resisted|p2a: Thundurus
|-damage|p2a: Thundurus|0 fnt
|faint|p2a: Thundurus
|
|upkeep
|
|t:|1667246488
|switch|p2a: Torkoal|Torkoal, F|100/100
|-weather|SunnyDay|[from] ability: Drought|[of] p2a: Torkoal
|turn|4
|
|t:|1667246491
|move|p1a: Scizor|U-turn|p2a: Torkoal
|-resisted|p2a: Torkoal
|-damage|p2a: Torkoal|91/100
|
|t:|1667246493
|switch|p1a: Hippowdon|Hippowdon, M|100/100|[from]move: U-turn
|-weather|Sandstorm|[from] ability: Sand Stream|[of] p1a: Hippowdon
|move|p2a: Torkoal|Stealth Rock|p1a: Hippowdon
|-sidestart|p1: Mimilucha|move: Stealth Rock
|
|-weather|Sandstorm|[upkeep]
|-damage|p2a: Torkoal|85/100|[from] Sandstorm
|-heal|p2a: Torkoal|91/100|[from] item: Leftovers
|upkeep
|turn|5
|j| notverysmol
|
|t:|1667246506
|switch|p2a: Flygon|Flygon, M|100/100
|move|p1a: Hippowdon|Stealth Rock|p2a: Flygon
|-sidestart|p2: Dejon FlashFire|move: Stealth Rock
|
|-weather|Sandstorm|[upkeep]
|upkeep
|turn|6
|
|t:|1667246511
|move|p2a: Flygon|Substitute|p2a: Flygon
|-start|p2a: Flygon|Substitute
|-damage|p2a: Flygon|76/100
|move|p1a: Hippowdon|Toxic||[still]
|-fail|p1a: Hippowdon
|
|-weather|Sandstorm|[upkeep]
|upkeep
|turn|7
|
|t:|1667246518
|switch|p1a: Mantine|Mantine, M|100/100
|move|p2a: Flygon|Dragon Dance|p2a: Flygon
|-boost|p2a: Flygon|atk|1
|-boost|p2a: Flygon|spe|1
|
|-weather|Sandstorm|[upkeep]
|-damage|p1a: Mantine|94/100|[from] Sandstorm
|upkeep
|turn|8
|
|t:|1667246528
|move|p2a: Flygon|Scale Shot|p1a: Mantine|[miss]
|-miss|p2a: Flygon|p1a: Mantine
|move|p1a: Mantine|Haze|p1a: Mantine
|-clearallboost
|
|-weather|none
|upkeep
|turn|9
|
|t:|1667246533
|move|p2a: Flygon|Scale Shot|p1a: Mantine
|-crit|p1a: Mantine
|-damage|p1a: Mantine|72/100
|-damage|p1a: Mantine|58/100
|-damage|p1a: Mantine|42/100
|-crit|p1a: Mantine
|-damage|p1a: Mantine|21/100
|-hitcount|p1a: Mantine|4
|-unboost|p2a: Flygon|def|1
|-boost|p2a: Flygon|spe|1
|-damage|p2a: Flygon|66/100|[from] item: Life Orb
|move|p1a: Mantine|Scald|p2a: Flygon
|-end|p2a: Flygon|Substitute
|
|upkeep
|turn|10
|
|t:|1667246542
|switch|p1a: Tapu Bulu|Tapu Bulu|100/100
|-damage|p1a: Tapu Bulu|88/100|[from] Stealth Rock
|-fieldstart|move: Grassy Terrain|[from] ability: Grassy Surge|[of] p1a: Tapu Bulu
|move|p2a: Flygon|Scale Shot|p1a: Tapu Bulu
|-immune|p1a: Tapu Bulu
|
|-heal|p1a: Tapu Bulu|94/100|[from] Grassy Terrain
|upkeep
|turn|11
|
|t:|1667246550
|switch|p2a: Tangrowth|Tangrowth, M|100/100
|-damage|p2a: Tangrowth|88/100|[from] Stealth Rock
|move|p1a: Tapu Bulu|Horn Leech|p2a: Tangrowth
|-resisted|p2a: Tangrowth
|-damage|p2a: Tangrowth|74/100
|-heal|p1a: Tapu Bulu|100/100|[from] drain|[of] p2a: Tangrowth
|
|-heal|p2a: Tangrowth|80/100|[from] Grassy Terrain
|upkeep
|turn|12
|
|t:|1667246554
|switch|p1a: Mantine|Mantine, M|21/100
|move|p2a: Tangrowth|Sludge Bomb|p1a: Mantine
|-damage|p1a: Mantine|6/100
|-status|p1a: Mantine|psn
|
|-heal|p2a: Tangrowth|86/100|[from] Grassy Terrain
|-damage|p1a: Mantine|0 fnt|[from] psn
|faint|p1a: Mantine
|upkeep
|
|t:|1667246557
|switch|p1a: Scizor|Scizor, F|19/100
|-damage|p1a: Scizor|6/100|[from] Stealth Rock
|turn|13
|
|t:|1667246571
|move|p1a: Scizor|Roost|p1a: Scizor
|-heal|p1a: Scizor|56/100
|-singleturn|p1a: Scizor|move: Roost
|move|p2a: Tangrowth|Giga Drain|p1a: Scizor
|-resisted|p1a: Scizor
|-damage|p1a: Scizor|46/100
|-heal|p2a: Tangrowth|91/100|[from] drain|[of] p1a: Scizor
|
|-heal|p1a: Scizor|53/100|[from] Grassy Terrain
|-heal|p2a: Tangrowth|97/100|[from] Grassy Terrain
|upkeep
|turn|14
|
|t:|1667246575
|switch|p2a: Nihilego|Nihilego, shiny|100/100
|-damage|p2a: Nihilego|88/100|[from] Stealth Rock
|move|p1a: Scizor|Roost|p1a: Scizor
|-heal|p1a: Scizor|100/100
|-singleturn|p1a: Scizor|move: Roost
|
|-heal|p2a: Nihilego|94/100|[from] Grassy Terrain
|-heal|p2a: Nihilego|100/100|[from] item: Black Sludge
|-fieldend|move: Grassy Terrain
|upkeep
|turn|15
|
|t:|1667246582
|move|p2a: Nihilego|Substitute|p2a: Nihilego
|-start|p2a: Nihilego|Substitute
|-damage|p2a: Nihilego|76/100
|move|p1a: Scizor|Knock Off|p2a: Nihilego
|-end|p2a: Nihilego|Substitute
|
|-heal|p2a: Nihilego|82/100|[from] item: Black Sludge
|upkeep
|turn|16
|j| NapoleonV
|
|t:|1667246587
|switch|p2a: Torkoal|Torkoal, F|91/100
|-damage|p2a: Torkoal|67/100|[from] Stealth Rock
|-weather|SunnyDay|[from] ability: Drought|[of] p2a: Torkoal
|move|p1a: Scizor|Bullet Punch|p2a: Torkoal
|-resisted|p2a: Torkoal
|-damage|p2a: Torkoal|60/100
|
|-weather|SunnyDay|[upkeep]
|-heal|p2a: Torkoal|66/100|[from] item: Leftovers
|upkeep
|turn|17
|
|t:|1667246605
|move|p1a: Scizor|U-turn|p2a: Torkoal
|-resisted|p2a: Torkoal
|-damage|p2a: Torkoal|56/100
|
|t:|1667246607
|switch|p1a: Hippowdon|Hippowdon, M|100/100|[from]move: U-turn
|-damage|p1a: Hippowdon|94/100|[from] Stealth Rock
|-weather|Sandstorm|[from] ability: Sand Stream|[of] p1a: Hippowdon
|move|p2a: Torkoal|Lava Plume|p1a: Hippowdon
|-damage|p1a: Hippowdon|74/100
|
|-weather|Sandstorm|[upkeep]
|-damage|p2a: Torkoal|50/100|[from] Sandstorm
|-heal|p1a: Hippowdon|80/100|[from] item: Leftovers
|-heal|p2a: Torkoal|56/100|[from] item: Leftovers
|upkeep
|turn|18
|
|t:|1667246614
|move|p1a: Hippowdon|Toxic|p2a: Torkoal
|-status|p2a: Torkoal|tox
|move|p2a: Torkoal|Toxic|p1a: Hippowdon
|-status|p1a: Hippowdon|tox
|
|-weather|Sandstorm|[upkeep]
|-damage|p2a: Torkoal|50/100 tox|[from] Sandstorm
|-heal|p1a: Hippowdon|87/100 tox|[from] item: Leftovers
|-heal|p2a: Torkoal|56/100 tox|[from] item: Leftovers
|-damage|p1a: Hippowdon|80/100 tox|[from] psn
|-damage|p2a: Torkoal|50/100 tox|[from] psn
|upkeep
|turn|19
|
|t:|1667246618
|move|p1a: Hippowdon|Earthquake|p2a: Torkoal
|-supereffective|p2a: Torkoal
|-damage|p2a: Torkoal|10/100 tox
|move|p2a: Torkoal|Rapid Spin|p1a: Hippowdon
|-damage|p1a: Hippowdon|75/100 tox
|-boost|p2a: Torkoal|spe|1
|-sideend|p2: Dejon FlashFire|Stealth Rock|[from] move: Rapid Spin|[of] p2a: Torkoal
|
|-weather|Sandstorm|[upkeep]
|-damage|p2a: Torkoal|4/100 tox|[from] Sandstorm
|-heal|p1a: Hippowdon|81/100 tox|[from] item: Leftovers
|-heal|p2a: Torkoal|10/100 tox|[from] item: Leftovers
|-damage|p1a: Hippowdon|69/100 tox|[from] psn
|-damage|p2a: Torkoal|0 fnt|[from] psn
|faint|p2a: Torkoal
|upkeep
|
|t:|1667246623
|switch|p2a: Crawdaunt|Crawdaunt, F|100/100
|turn|20
|
|t:|1667246633
|switch|p1a: Hydreigon|Hydreigon, F|100/100
|-damage|p1a: Hydreigon|88/100|[from] Stealth Rock
|move|p2a: Crawdaunt|Aqua Jet|p1a: Hydreigon
|-resisted|p1a: Hydreigon
|-damage|p1a: Hydreigon|64/100
|
|-weather|Sandstorm|[upkeep]
|-damage|p1a: Hydreigon|58/100|[from] Sandstorm
|-damage|p2a: Crawdaunt|95/100|[from] Sandstorm
|-heal|p1a: Hydreigon|64/100|[from] item: Leftovers
|upkeep
|turn|21
|
|t:|1667246645
|switch|p2a: Tangrowth|Tangrowth, M|100/100
|move|p1a: Hydreigon|Dark Pulse|p2a: Tangrowth
|-damage|p2a: Tangrowth|69/100
|
|-weather|none
|-heal|p1a: Hydreigon|70/100|[from] item: Leftovers
|upkeep
|turn|22
|
|t:|1667246658
|switch|p1a: Scizor|Scizor, F|100/100
|-damage|p1a: Scizor|88/100|[from] Stealth Rock
|move|p2a: Tangrowth|Focus Blast|p1a: Scizor|[miss]
|-miss|p2a: Tangrowth|p1a: Scizor
|
|upkeep
|turn|23
|
|t:|1667246664
|switch|p2a: Flygon|Flygon, M|66/100
|move|p1a: Scizor|Knock Off|p2a: Flygon
|-damage|p2a: Flygon|30/100
|-enditem|p2a: Flygon|Life Orb|[from] move: Knock Off|[of] p1a: Scizor
|
|upkeep
|turn|24
|-message|Dejon FlashFire forfeited.
|
|win|Mimilucha
|n|☆Mimilucha|mimilucha
|n|☆Dejon FlashFire|dejonflashfire
|n| pif|pif
|n| notverysmol|notverysmol
|n| NapoleonV|napoleonv
