|raw|<div class="broadcast-blue"><strong>This battle is required to be public due to a player having a name starting with 'uult84z'.</div>
|j|☆Kla0Trixx
|j|☆UULT84z Drei
|t:|1623515127
|gametype|singles
|player|p1|Kla0Trixx|101|1530
|player|p2|UULT84z Drei|cynthia|1569
|teamsize|p1|6
|teamsize|p2|6
|gen|8
|tier|[Gen 8] UU
|rated|
|rule|Sleep Clause Mod: Limit one foe put to sleep
|rule|Species Clause: Limit one of each Pokémon
|rule|OHKO Clause: OHKO moves are banned
|rule|Evasion Moves Clause: Evasion moves are banned
|rule|Endless Battle Clause: Forcing endless battles is banned
|rule|HP Percentage Mod: HP is shown in percentages
|rule|Dynamax Clause: You cannot dynamax
|clearpoke
|poke|p1|Amoonguss, M|
|poke|p1|Rotom-Heat|
|poke|p1|Primarina, M|
|poke|p1|Jirachi|
|poke|p1|Mamoswine, M|
|poke|p1|Obstagoon, M|
|poke|p2|Salamence, M|
|poke|p2|Aegislash, F|
|poke|p2|Zarude-Dada|
|poke|p2|Nihilego|
|poke|p2|Lycanroc-Dusk, M|
|poke|p2|Buzzwole|
|teampreview
|
|t:|1623515139
|start
|switch|p1a: Rotom|Rotom-Heat|100/100
|switch|p2a: Buzzwole|Buzzwole|100/100
|turn|1
|
|t:|1623515147
|switch|p2a: Nihilego|Nihilego|100/100
|move|p1a: Rotom|Volt Switch|p2a: Nihilego
|-damage|p2a: Nihilego|80/100
|
|t:|1623515153
|switch|p1a: Jirachi|Jirachi|100/100|[from]move: Volt Switch
|
|-heal|p2a: Nihilego|86/100|[from] item: Black Sludge
|upkeep
|turn|2
|
|t:|1623515158
|switch|p2a: Aegislash|Aegislash, F|100/100
|move|p1a: Jirachi|Stealth Rock|p2a: Aegislash
|-sidestart|p2: UULT84z Drei|move: Stealth Rock
|
|upkeep
|turn|3
|j| fushunha
|
|t:|1623515162
|switch|p1a: Obstagoon|Obstagoon, M|100/100
|-formechange|p2a: Aegislash|Aegislash-Blade||[from] ability: Stance Change
|move|p2a: Aegislash|Flash Cannon|p1a: Obstagoon
|-damage|p1a: Obstagoon|58/100
|
|-status|p1a: Obstagoon|brn|[from] item: Flame Orb
|upkeep
|turn|4
|
|t:|1623515170
|-formechange|p2a: Aegislash|Aegislash||[from] ability: Stance Change
|move|p2a: Aegislash|King's Shield|p2a: Aegislash
|-singleturn|p2a: Aegislash|Protect
|move|p1a: Obstagoon|Switcheroo|p2a: Aegislash
|-activate|p1a: Obstagoon|move: Trick|[of] p2a: Aegislash
|-item|p2a: Aegislash|Flame Orb|[from] move: Switcheroo
|-item|p1a: Obstagoon|Leftovers|[from] move: Switcheroo
|
|-heal|p1a: Obstagoon|64/100 brn|[from] item: Leftovers
|-damage|p1a: Obstagoon|58/100 brn|[from] brn
|-status|p2a: Aegislash|brn|[from] item: Flame Orb
|upkeep
|turn|5
|
|t:|1623515198
|switch|p2a: Salamence|Salamence, M|100/100
|-ability|p2a: Salamence|Intimidate|boost
|-unboost|p1a: Obstagoon|atk|1
|move|p1a: Obstagoon|Knock Off|p2a: Salamence
|-damage|p2a: Salamence|72/100
|-enditem|p2a: Salamence|Heavy-Duty Boots|[from] move: Knock Off|[of] p1a: Obstagoon
|
|-heal|p1a: Obstagoon|64/100 brn|[from] item: Leftovers
|-damage|p1a: Obstagoon|58/100 brn|[from] brn
|upkeep
|turn|6
|
|t:|1623515207
|switch|p1a: Primarina|Primarina, M|100/100
|move|p2a: Salamence|Defog|p1a: Primarina
|-unboost|p1a: Primarina|evasion|1
|-sideend|p2: UULT84z Drei|Stealth Rock|[from] move: Defog|[of] p2a: Salamence
|
|upkeep
|turn|7
|
|t:|1623515216
|switch|p2a: Aegislash|Aegislash, F|100/100 brn
|move|p1a: Primarina|Flip Turn|p2a: Aegislash
|-damage|p2a: Aegislash|89/100 brn
|
|t:|1623515219
|switch|p1a: Obstagoon|Obstagoon, M|58/100 brn|[from]move: Flip Turn
|
|-heal|p1a: Obstagoon|64/100 brn|[from] item: Leftovers
|-damage|p1a: Obstagoon|58/100 brn|[from] brn
|-damage|p2a: Aegislash|83/100 brn|[from] brn
|upkeep
|turn|8
|
|t:|1623515225
|move|p2a: Aegislash|King's Shield|p2a: Aegislash
|-singleturn|p2a: Aegislash|Protect
|move|p1a: Obstagoon|Knock Off|p2a: Aegislash
|-activate|p2a: Aegislash|move: Protect
|-unboost|p1a: Obstagoon|atk|1
|
|-heal|p1a: Obstagoon|64/100 brn|[from] item: Leftovers
|-damage|p1a: Obstagoon|58/100 brn|[from] brn
|-damage|p2a: Aegislash|77/100 brn|[from] brn
|upkeep
|turn|9
|
|t:|1623515230
|switch|p1a: Primarina|Primarina, M|100/100
|switch|p2a: Salamence|Salamence, M|72/100
|-ability|p2a: Salamence|Intimidate|boost
|-unboost|p1a: Primarina|atk|1
|
|upkeep
|turn|10
|
|t:|1623515235
|switch|p2a: Aegislash|Aegislash, F|77/100 brn
|move|p1a: Primarina|Moonblast|p2a: Aegislash
|-resisted|p2a: Aegislash
|-damage|p2a: Aegislash|52/100 brn
|-unboost|p2a: Aegislash|spa|1
|
|-damage|p2a: Aegislash|46/100 brn|[from] brn
|upkeep
|turn|11
|
|t:|1623515245
|switch|p1a: Jirachi|Jirachi|100/100
|-formechange|p2a: Aegislash|Aegislash-Blade||[from] ability: Stance Change
|move|p2a: Aegislash|Shadow Ball|p1a: Jirachi
|-supereffective|p1a: Jirachi
|-damage|p1a: Jirachi|69/100
|
|-heal|p1a: Jirachi|75/100|[from] item: Leftovers
|-damage|p2a: Aegislash|39/100 brn|[from] brn
|upkeep
|turn|12
|
|t:|1623515253
|move|p1a: Jirachi|Stealth Rock|p2a: Aegislash
|-sidestart|p2: UULT84z Drei|move: Stealth Rock
|move|p2a: Aegislash|Shadow Ball|p1a: Jirachi
|-supereffective|p1a: Jirachi
|-damage|p1a: Jirachi|43/100
|-unboost|p1a: Jirachi|spd|1
|
|-heal|p1a: Jirachi|49/100|[from] item: Leftovers
|-damage|p2a: Aegislash|33/100 brn|[from] brn
|upkeep
|turn|13
|
|t:|1623515261
|move|p1a: Jirachi|Protect|p1a: Jirachi
|-singleturn|p1a: Jirachi|Protect
|-formechange|p2a: Aegislash|Aegislash||[from] ability: Stance Change
|move|p2a: Aegislash|King's Shield||[still]
|-fail|p2a: Aegislash
|
|-heal|p1a: Jirachi|56/100|[from] item: Leftovers
|-damage|p2a: Aegislash|27/100 brn|[from] brn
|upkeep
|turn|14
|
|t:|1623515267
|switch|p1a: Obstagoon|Obstagoon, M|58/100 brn
|-formechange|p2a: Aegislash|Aegislash-Blade||[from] ability: Stance Change
|move|p2a: Aegislash|Shadow Ball|p1a: Obstagoon
|-immune|p1a: Obstagoon
|
|-heal|p1a: Obstagoon|64/100 brn|[from] item: Leftovers
|-damage|p1a: Obstagoon|58/100 brn|[from] brn
|-damage|p2a: Aegislash|21/100 brn|[from] brn
|upkeep
|turn|15
|
|t:|1623515287
|-formechange|p2a: Aegislash|Aegislash||[from] ability: Stance Change
|move|p2a: Aegislash|King's Shield|p2a: Aegislash
|-singleturn|p2a: Aegislash|Protect
|move|p1a: Obstagoon|Knock Off|p2a: Aegislash
|-activate|p2a: Aegislash|move: Protect
|-unboost|p1a: Obstagoon|atk|1
|
|-heal|p1a: Obstagoon|64/100 brn|[from] item: Leftovers
|-damage|p1a: Obstagoon|58/100 brn|[from] brn
|-damage|p2a: Aegislash|15/100 brn|[from] brn
|upkeep
|turn|16
|
|t:|1623515292
|switch|p2a: Salamence|Salamence, M|72/100
|-damage|p2a: Salamence|47/100|[from] Stealth Rock
|-ability|p2a: Salamence|Intimidate|boost
|-unboost|p1a: Obstagoon|atk|1
|move|p1a: Obstagoon|Knock Off|p2a: Salamence
|-damage|p2a: Salamence|31/100
|
|-heal|p1a: Obstagoon|64/100 brn|[from] item: Leftovers
|-damage|p1a: Obstagoon|58/100 brn|[from] brn
|upkeep
|turn|17
|
|t:|1623515297
|move|p1a: Obstagoon|Facade|p2a: Salamence
|-damage|p2a: Salamence|0 fnt
|faint|p2a: Salamence
|
|-heal|p1a: Obstagoon|64/100 brn|[from] item: Leftovers
|-damage|p1a: Obstagoon|58/100 brn|[from] brn
|upkeep
|
|t:|1623515305
|switch|p2a: Nihilego|Nihilego|86/100
|-damage|p2a: Nihilego|74/100|[from] Stealth Rock
|turn|18
|inactive|Battle timer is ON: inactive players will automatically lose when time's up. (requested by UULT84z Drei)
|l|☆Kla0Trixx
|inactive|Kla0Trixx disconnected and has a minute to reconnect!
|player|p1|
|j|☆Kla0Trixx
|inactive|Kla0Trixx reconnected and has 130 seconds left.
|player|p1|Kla0Trixx|101
|
|t:|1623515353
|switch|p1a: Jirachi|Jirachi|56/100
|move|p2a: Nihilego|Stealth Rock|p1a: Jirachi
|-sidestart|p1: Kla0Trixx|move: Stealth Rock
|
|-heal|p2a: Nihilego|80/100|[from] item: Black Sludge
|-heal|p1a: Jirachi|62/100|[from] item: Leftovers
|upkeep
|turn|19
|
|t:|1623515358
|switch|p2a: Zarude|Zarude-Dada|100/100
|move|p1a: Jirachi|Wish|p1a: Jirachi
|
|-heal|p1a: Jirachi|68/100|[from] item: Leftovers
|upkeep
|turn|20
|
|t:|1623515365
|move|p1a: Jirachi|Protect|p1a: Jirachi
|-singleturn|p1a: Jirachi|Protect
|move|p2a: Zarude|Darkest Lariat|p1a: Jirachi
|-activate|p1a: Jirachi|move: Protect
|
|-heal|p1a: Jirachi|100/100|[from] move: Wish|[wisher] Jirachi
|upkeep
|turn|21
|
|t:|1623515369
|switch|p1a: Amoonguss|Amoonguss, M|100/100
|-damage|p1a: Amoonguss|88/100|[from] Stealth Rock
|move|p2a: Zarude|U-turn|p1a: Amoonguss
|-damage|p1a: Amoonguss|73/100
|
|t:|1623515372
|switch|p2a: Nihilego|Nihilego|80/100|[from]move: U-turn
|-damage|p2a: Nihilego|68/100|[from] Stealth Rock
|
|-heal|p2a: Nihilego|74/100|[from] item: Black Sludge
|-heal|p1a: Amoonguss|79/100|[from] item: Black Sludge
|upkeep
|turn|22
|
|t:|1623515375
|switch|p1a: Jirachi|Jirachi|100/100
|-damage|p1a: Jirachi|94/100|[from] Stealth Rock
|move|p2a: Nihilego|Knock Off|p1a: Jirachi
|-supereffective|p1a: Jirachi
|-damage|p1a: Jirachi|75/100
|-enditem|p1a: Jirachi|Leftovers|[from] move: Knock Off|[of] p2a: Nihilego
|
|-heal|p2a: Nihilego|80/100|[from] item: Black Sludge
|upkeep
|turn|23
|
|t:|1623515380
|switch|p2a: Zarude|Zarude-Dada|100/100
|move|p1a: Jirachi|Iron Head|p2a: Zarude
|-damage|p2a: Zarude|75/100
|
|upkeep
|turn|24
|
|t:|1623515386
|switch|p1a: Amoonguss|Amoonguss, M|100/100
|-damage|p1a: Amoonguss|88/100|[from] Stealth Rock
|move|p2a: Zarude|Darkest Lariat|p1a: Amoonguss
|-damage|p1a: Amoonguss|56/100
|
|-heal|p1a: Amoonguss|62/100|[from] item: Black Sludge
|upkeep
|turn|25
|
|t:|1623515392
|move|p2a: Zarude|U-turn|p1a: Amoonguss
|-damage|p1a: Amoonguss|44/100
|
|t:|1623515396
|switch|p2a: Nihilego|Nihilego|80/100|[from]move: U-turn
|-damage|p2a: Nihilego|68/100|[from] Stealth Rock
|move|p1a: Amoonguss|Giga Drain|p2a: Nihilego
|-damage|p2a: Nihilego|51/100
|-heal|p1a: Amoonguss|51/100|[from] drain|[of] p2a: Nihilego
|
|-heal|p2a: Nihilego|57/100|[from] item: Black Sludge
|-heal|p1a: Amoonguss|57/100|[from] item: Black Sludge
|upkeep
|turn|26
|
|t:|1623515400
|switch|p1a: Jirachi|Jirachi|75/100
|-damage|p1a: Jirachi|69/100|[from] Stealth Rock
|move|p2a: Nihilego|Sludge Wave|p1a: Jirachi
|-immune|p1a: Jirachi
|
|-heal|p2a: Nihilego|63/100|[from] item: Black Sludge
|upkeep
|turn|27
|
|t:|1623515402
|switch|p2a: Zarude|Zarude-Dada|75/100
|move|p1a: Jirachi|Wish|p1a: Jirachi
|
|upkeep
|turn|28
|
|t:|1623515407
|switch|p1a: Rotom|Rotom-Heat|100/100
|move|p2a: Zarude|Jungle Healing|p2a: Zarude
|-heal|p2a: Zarude|99/100
|
|upkeep
|turn|29
|
|t:|1623515417
|move|p2a: Zarude|U-turn|p1a: Rotom
|-resisted|p1a: Rotom
|-damage|p1a: Rotom|92/100
|
|t:|1623515422
|switch|p2a: Aegislash|Aegislash, F|15/100 brn|[from]move: U-turn
|-damage|p2a: Aegislash|9/100 brn|[from] Stealth Rock
|move|p1a: Rotom|Volt Switch|p2a: Aegislash
|-damage|p2a: Aegislash|0 fnt
|faint|p2a: Aegislash
|
|t:|1623515427
|switch|p1a: Amoonguss|Amoonguss, M|90/100|[from]move: Volt Switch
|-damage|p1a: Amoonguss|78/100|[from] Stealth Rock
|
|-heal|p1a: Amoonguss|84/100|[from] item: Black Sludge
|upkeep
|
|t:|1623515437
|switch|p2a: Nihilego|Nihilego|63/100
|-damage|p2a: Nihilego|51/100|[from] Stealth Rock
|turn|30
|
|t:|1623515444
|switch|p2a: Buzzwole|Buzzwole|100/100
|-damage|p2a: Buzzwole|88/100|[from] Stealth Rock
|switch|p1a: Jirachi|Jirachi|69/100
|-damage|p1a: Jirachi|63/100|[from] Stealth Rock
|
|upkeep
|turn|31
|
|t:|1623515450
|switch|p1a: Primarina|Primarina, M|100/100
|-damage|p1a: Primarina|88/100|[from] Stealth Rock
|move|p2a: Buzzwole|Earthquake|p1a: Primarina
|-damage|p1a: Primarina|20/100
|-damage|p2a: Buzzwole|78/100|[from] item: Life Orb
|
|upkeep
|turn|32
|
|t:|1623515459
|move|p2a: Buzzwole|Earthquake|p1a: Primarina
|-damage|p1a: Primarina|0 fnt
|faint|p1a: Primarina
|-ability|p2a: Buzzwole|Beast Boost|boost
|-boost|p2a: Buzzwole|atk|1
|-damage|p2a: Buzzwole|69/100|[from] item: Life Orb
|
|upkeep
|
|t:|1623515464
|switch|p1a: Rotom|Rotom-Heat|92/100
|turn|33
|
|t:|1623515472
|switch|p2a: Nihilego|Nihilego|51/100
|-damage|p2a: Nihilego|39/100|[from] Stealth Rock
|move|p1a: Rotom|Overheat|p2a: Nihilego
|-resisted|p2a: Nihilego
|-damage|p2a: Nihilego|22/100
|-unboost|p1a: Rotom|spa|2
|
|-heal|p2a: Nihilego|28/100|[from] item: Black Sludge
|upkeep
|turn|34
|
|t:|1623515485
|switch|p2a: Lycanroc|Lycanroc-Dusk, M|100/100
|-damage|p2a: Lycanroc|88/100|[from] Stealth Rock
|switch|p1a: Jirachi|Jirachi|63/100
|-damage|p1a: Jirachi|56/100|[from] Stealth Rock
|
|upkeep
|turn|35
|
|t:|1623515503
|switch|p1a: Obstagoon|Obstagoon, M|58/100 brn
|-damage|p1a: Obstagoon|46/100 brn|[from] Stealth Rock
|move|p2a: Lycanroc|Crunch|p1a: Obstagoon
|-resisted|p1a: Obstagoon
|-damage|p1a: Obstagoon|22/100 brn
|-damage|p2a: Lycanroc|78/100|[from] item: Life Orb
|
|-heal|p1a: Obstagoon|28/100 brn|[from] item: Leftovers
|-damage|p1a: Obstagoon|22/100 brn|[from] brn
|upkeep
|turn|36
|
|t:|1623515525
|move|p2a: Lycanroc|Accelerock|p1a: Obstagoon
|-damage|p1a: Obstagoon|0 fnt
|faint|p1a: Obstagoon
|-damage|p2a: Lycanroc|68/100|[from] item: Life Orb
|
|upkeep
|
|t:|1623515529
|switch|p1a: Amoonguss|Amoonguss, M|100/100
|-damage|p1a: Amoonguss|88/100|[from] Stealth Rock
|turn|37
|inactive|UULT84z Drei has 120 seconds left.
|inactive|UULT84z Drei has 90 seconds left.
|
|t:|1623515600
|switch|p2a: Zarude|Zarude-Dada|99/100
|move|p1a: Amoonguss|Giga Drain|p2a: Zarude
|-resisted|p2a: Zarude
|-damage|p2a: Zarude|87/100
|-heal|p1a: Amoonguss|93/100|[from] drain|[of] p2a: Zarude
|
|-heal|p1a: Amoonguss|99/100|[from] item: Black Sludge
|upkeep
|turn|38
|
|t:|1623515609
|move|p2a: Zarude|U-turn|p1a: Amoonguss
|-damage|p1a: Amoonguss|81/100
|
|t:|1623515611
|switch|p2a: Nihilego|Nihilego|28/100|[from]move: U-turn
|-damage|p2a: Nihilego|16/100|[from] Stealth Rock
|move|p1a: Amoonguss|Giga Drain|p2a: Nihilego
|-damage|p2a: Nihilego|0 fnt
|-heal|p1a: Amoonguss|88/100|[from] drain|[of] p2a: Nihilego
|faint|p2a: Nihilego
|
|-heal|p1a: Amoonguss|94/100|[from] item: Black Sludge
|upkeep
|
|t:|1623515614
|switch|p2a: Buzzwole|Buzzwole|69/100
|-damage|p2a: Buzzwole|56/100|[from] Stealth Rock
|turn|39
|
|t:|1623515618
|move|p2a: Buzzwole|Earthquake|p1a: Amoonguss
|-damage|p1a: Amoonguss|59/100
|-damage|p2a: Buzzwole|47/100|[from] item: Life Orb
|move|p1a: Amoonguss|Spore|p2a: Buzzwole
|-status|p2a: Buzzwole|slp|[from] move: Spore
|
|-heal|p1a: Amoonguss|65/100|[from] item: Black Sludge
|upkeep
|turn|40
|
|t:|1623515623
|cant|p2a: Buzzwole|slp
|move|p1a: Amoonguss|Synthesis|p1a: Amoonguss
|-heal|p1a: Amoonguss|100/100
|
|upkeep
|turn|41
|
|t:|1623515625
|-curestatus|p2a: Buzzwole|slp|[msg]
|move|p2a: Buzzwole|Roost|p2a: Buzzwole
|-heal|p2a: Buzzwole|97/100
|-singleturn|p2a: Buzzwole|move: Roost
|move|p1a: Amoonguss|Sludge Bomb|p2a: Buzzwole
|-damage|p2a: Buzzwole|51/100
|
|upkeep
|turn|42
|
|t:|1623515630
|move|p2a: Buzzwole|Roost|p2a: Buzzwole
|-heal|p2a: Buzzwole|100/100
|-singleturn|p2a: Buzzwole|move: Roost
|move|p1a: Amoonguss|Sludge Bomb|p2a: Buzzwole
|-damage|p2a: Buzzwole|55/100
|
|upkeep
|turn|43
|
|t:|1623515634
|move|p2a: Buzzwole|Earthquake|p1a: Amoonguss
|-damage|p1a: Amoonguss|65/100
|-damage|p2a: Buzzwole|45/100|[from] item: Life Orb
|move|p1a: Amoonguss|Sludge Bomb|p2a: Buzzwole
|-damage|p2a: Buzzwole|4/100
|
|-heal|p1a: Amoonguss|71/100|[from] item: Black Sludge
|upkeep
|turn|44
|
|t:|1623515641
|move|p2a: Buzzwole|Earthquake|p1a: Amoonguss
|-damage|p1a: Amoonguss|31/100
|-damage|p2a: Buzzwole|0 fnt|[from] item: Life Orb
|faint|p2a: Buzzwole
|move|p1a: Amoonguss|Synthesis|p1a: Amoonguss
|-heal|p1a: Amoonguss|81/100
|
|-heal|p1a: Amoonguss|87/100|[from] item: Black Sludge
|upkeep
|
|t:|1623515658
|switch|p2a: Zarude|Zarude-Dada|87/100
|turn|45
|
|t:|1623515666
|move|p2a: Zarude|Darkest Lariat|p1a: Amoonguss
|-damage|p1a: Amoonguss|55/100
|move|p1a: Amoonguss|Synthesis|p1a: Amoonguss
|-heal|p1a: Amoonguss|100/100
|
|upkeep
|turn|46
|
|t:|1623515681
|move|p2a: Zarude|Darkest Lariat|p1a: Amoonguss
|-damage|p1a: Amoonguss|68/100
|move|p1a: Amoonguss|Sludge Bomb|p2a: Zarude
|-supereffective|p2a: Zarude
|-damage|p2a: Zarude|36/100
|
|-heal|p1a: Amoonguss|75/100|[from] item: Black Sludge
|upkeep
|turn|47
|
|t:|1623515688
|move|p2a: Zarude|Jungle Healing|p2a: Zarude
|-heal|p2a: Zarude|61/100
|move|p1a: Amoonguss|Synthesis|p1a: Amoonguss
|-heal|p1a: Amoonguss|100/100
|
|upkeep
|turn|48
|
|t:|1623515691
|move|p2a: Zarude|Darkest Lariat|p1a: Amoonguss
|-damage|p1a: Amoonguss|72/100
|move|p1a: Amoonguss|Sludge Bomb|p2a: Zarude
|-supereffective|p2a: Zarude
|-damage|p2a: Zarude|6/100
|-status|p2a: Zarude|psn
|
|-heal|p1a: Amoonguss|78/100|[from] item: Black Sludge
|-damage|p2a: Zarude|0 fnt|[from] psn
|faint|p2a: Zarude
|upkeep
|
|t:|1623515696
|switch|p2a: Lycanroc|Lycanroc-Dusk, M|68/100
|-damage|p2a: Lycanroc|56/100|[from] Stealth Rock
|turn|49
|
|t:|1623515703
|switch|p1a: Jirachi|Jirachi|56/100
|-damage|p1a: Jirachi|50/100|[from] Stealth Rock
|move|p2a: Lycanroc|Stone Edge|p1a: Jirachi
|-resisted|p1a: Jirachi
|-damage|p1a: Jirachi|24/100
|-damage|p2a: Lycanroc|46/100|[from] item: Life Orb
|
|upkeep
|turn|50
|
|t:|1623515707
|move|p2a: Lycanroc|Stone Edge|p1a: Jirachi
|-resisted|p1a: Jirachi
|-crit|p1a: Jirachi
|-damage|p1a: Jirachi|0 fnt
|faint|p1a: Jirachi
|-damage|p2a: Lycanroc|36/100|[from] item: Life Orb
|
|upkeep
|
|t:|1623515710
|switch|p1a: Mamoswine|Mamoswine, M|100/100
|-damage|p1a: Mamoswine|88/100|[from] Stealth Rock
|turn|51
|
|t:|1623515712
|move|p1a: Mamoswine|Ice Shard|p2a: Lycanroc
|-damage|p2a: Lycanroc|0 fnt
|faint|p2a: Lycanroc
|
|win|Kla0Trixx
|raw|Kla0Trixx's rating: 1530 &rarr; <strong>1552</strong><br />(+22 for winning)
|raw|UULT84z Drei's rating: 1569 &rarr; <strong>1547</strong><br />(-22 for losing)
|l|☆UULT84z Drei
|l|☆Kla0Trixx
|l| fushunha
