|j|☆The gabagool king
|j|☆Hastabouddah
|t:|1665162773
|gametype|singles
|player|p1|The gabagool king|265|1532
|player|p2|Hastabouddah|lance-masters|1506
|teamsize|p1|6
|teamsize|p2|6
|gen|8
|tier|[Gen 8] UU
|rated|
|rule|Sleep Clause Mod: Limit one foe put to sleep
|rule|Species Clause: Limit one of each Pokémon
|rule|OHKO Clause: OHKO moves are banned
|rule|Evasion Items Clause: Evasion items are banned
|rule|Evasion Moves Clause: Evasion moves are banned
|rule|Endless Battle Clause: Forcing endless battles is banned
|rule|HP Percentage Mod: HP is shown in percentages
|rule|Dynamax Clause: You cannot dynamax
|clearpoke
|poke|p1|Zygarde-10%|
|poke|p1|Nihilego|
|poke|p1|Slowking, F|
|poke|p1|Tangrowth, M|
|poke|p1|Moltres|
|poke|p1|Cobalion|
|poke|p2|Necrozma|
|poke|p2|Primarina, F|
|poke|p2|Scizor, F|
|poke|p2|Umbreon, F|
|poke|p2|Noivern, F|
|poke|p2|Hippowdon, M|
|teampreview
|inactive|Battle timer is ON: inactive players will automatically lose when time's up. (requested by The gabagool king)
|
|t:|1665162804
|start
|switch|p1a: Nihilego|Nihilego|100/100
|switch|p2a: Noivern|Noivern, F|100/100
|turn|1
|
|t:|1665162831
|move|p2a: Noivern|U-turn|p1a: Nihilego
|-resisted|p1a: Nihilego
|-damage|p1a: Nihilego|92/100
|
|t:|1665162854
|switch|p2a: Umbreon|Umbreon, F|100/100|[from]move: U-turn
|move|p1a: Nihilego|Stealth Rock|p2a: Umbreon
|-sidestart|p2: Hastabouddah|move: Stealth Rock
|
|-heal|p1a: Nihilego|98/100|[from] item: Black Sludge
|upkeep
|turn|2
|
|t:|1665162865
|switch|p1a: Cobalion|Cobalion|100/100
|move|p2a: Umbreon|Wish|p2a: Umbreon
|
|upkeep
|turn|3
|inactive|The gabagool king has 120 seconds left.
|inactive|The gabagool king has 90 seconds left.
|j| Ecob
|
|t:|1665162924
|switch|p1a: Slowking|Slowking, F|100/100
|switch|p2a: Hippowdon|Hippowdon, M|100/100
|-damage|p2a: Hippowdon|94/100|[from] Stealth Rock
|-weather|Sandstorm|[from] ability: Sand Stream|[of] p2a: Hippowdon
|
|-weather|Sandstorm|[upkeep]
|-damage|p1a: Slowking|94/100|[from] Sandstorm
|-heal|p2a: Hippowdon|100/100|[from] move: Wish|[wisher] Umbreon
|upkeep
|turn|4
|
|t:|1665162935
|move|p2a: Hippowdon|Toxic|p1a: Slowking
|-status|p1a: Slowking|tox
|move|p1a: Slowking|Scald|p2a: Hippowdon
|-supereffective|p2a: Hippowdon
|-damage|p2a: Hippowdon|56/100
|-status|p2a: Hippowdon|brn
|
|-weather|Sandstorm|[upkeep]
|-damage|p1a: Slowking|88/100 tox|[from] Sandstorm
|-heal|p2a: Hippowdon|62/100 brn|[from] item: Leftovers
|-damage|p1a: Slowking|82/100 tox|[from] psn
|-damage|p2a: Hippowdon|56/100 brn|[from] brn
|upkeep
|turn|5
|
|t:|1665162944
|move|p2a: Hippowdon|Stealth Rock|p1a: Slowking
|-sidestart|p1: The gabagool king|move: Stealth Rock
|move|p1a: Slowking|Teleport|p1a: Slowking
|
|t:|1665162947
|switch|p1a: Nihilego|Nihilego|98/100|[from]move: Teleport
|-damage|p1a: Nihilego|86/100|[from] Stealth Rock
|
|-weather|Sandstorm|[upkeep]
|-heal|p1a: Nihilego|92/100|[from] item: Black Sludge
|-heal|p2a: Hippowdon|62/100 brn|[from] item: Leftovers
|-damage|p2a: Hippowdon|56/100 brn|[from] brn
|upkeep
|turn|6
|inactive|The gabagool king has 90 seconds left.
|
|t:|1665162975
|switch|p2a: Scizor|Scizor, F|100/100
|move|p1a: Nihilego|Grass Knot|p2a: Scizor
|-resisted|p2a: Scizor
|-damage|p2a: Scizor|90/100
|
|-weather|Sandstorm|[upkeep]
|-heal|p1a: Nihilego|98/100|[from] item: Black Sludge
|upkeep
|turn|7
|inactive|Hastabouddah has 120 seconds left.
|inactive|The gabagool king has 90 seconds left.
|
|t:|1665163005
|switch|p1a: Moltres|Moltres|100/100
|switch|p2a: Hippowdon|Hippowdon, M|56/100 brn
|-damage|p2a: Hippowdon|50/100 brn|[from] Stealth Rock
|
|-weather|none
|-heal|p2a: Hippowdon|56/100 brn|[from] item: Leftovers
|-damage|p2a: Hippowdon|50/100 brn|[from] brn
|upkeep
|turn|8
|inactive|The gabagool king has 90 seconds left.
|
|t:|1665163015
|move|p1a: Moltres|Flamethrower|p2a: Hippowdon
|-damage|p2a: Hippowdon|11/100 brn
|move|p2a: Hippowdon|Slack Off|p2a: Hippowdon
|-heal|p2a: Hippowdon|61/100 brn
|
|-heal|p2a: Hippowdon|67/100 brn|[from] item: Leftovers
|-damage|p2a: Hippowdon|61/100 brn|[from] brn
|upkeep
|turn|9
|
|t:|1665163024
|move|p1a: Moltres|U-turn|p2a: Hippowdon
|-damage|p2a: Hippowdon|51/100 brn
|
|t:|1665163028
|switch|p1a: Slowking|Slowking, F|100/100 tox|[from]move: U-turn
|move|p2a: Hippowdon|Slack Off|p2a: Hippowdon
|-heal|p2a: Hippowdon|100/100 brn
|
|-damage|p1a: Slowking|94/100 tox|[from] psn
|-damage|p2a: Hippowdon|94/100 brn|[from] brn
|upkeep
|turn|10
|
|t:|1665163034
|switch|p2a: Umbreon|Umbreon, F|100/100
|-damage|p2a: Umbreon|88/100|[from] Stealth Rock
|move|p1a: Slowking|Teleport|p1a: Slowking
|
|t:|1665163047
|switch|p1a: Cobalion|Cobalion|100/100|[from]move: Teleport
|-damage|p1a: Cobalion|97/100|[from] Stealth Rock
|
|-heal|p1a: Cobalion|100/100|[from] item: Leftovers
|-heal|p2a: Umbreon|94/100|[from] item: Leftovers
|upkeep
|turn|11
|
|t:|1665163052
|switch|p2a: Hippowdon|Hippowdon, M|94/100 brn
|-damage|p2a: Hippowdon|88/100 brn|[from] Stealth Rock
|-weather|Sandstorm|[from] ability: Sand Stream|[of] p2a: Hippowdon
|move|p1a: Cobalion|Close Combat|p2a: Hippowdon
|-damage|p2a: Hippowdon|60/100 brn
|-unboost|p1a: Cobalion|def|1
|-unboost|p1a: Cobalion|spd|1
|
|-weather|Sandstorm|[upkeep]
|-heal|p2a: Hippowdon|66/100 brn|[from] item: Leftovers
|-damage|p2a: Hippowdon|60/100 brn|[from] brn
|upkeep
|turn|12
|
|t:|1665163068
|switch|p1a: Slowking|Slowking, F|100/100 tox
|move|p2a: Hippowdon|Toxic|p1a: Slowking
|-fail|p1a: Slowking|tox
|
|-weather|Sandstorm|[upkeep]
|-damage|p1a: Slowking|94/100 tox|[from] Sandstorm
|-heal|p2a: Hippowdon|66/100 brn|[from] item: Leftovers
|-damage|p1a: Slowking|88/100 tox|[from] psn
|-damage|p2a: Hippowdon|60/100 brn|[from] brn
|upkeep
|turn|13
|
|t:|1665163076
|move|p2a: Hippowdon|Slack Off|p2a: Hippowdon
|-heal|p2a: Hippowdon|100/100 brn
|move|p1a: Slowking|Teleport|p1a: Slowking
|
|t:|1665163080
|switch|p1a: Tangrowth|Tangrowth, M|100/100|[from]move: Teleport
|-damage|p1a: Tangrowth|88/100|[from] Stealth Rock
|
|-weather|Sandstorm|[upkeep]
|-damage|p1a: Tangrowth|82/100|[from] Sandstorm
|-damage|p2a: Hippowdon|94/100 brn|[from] brn
|upkeep
|turn|14
|
|t:|1665163088
|switch|p1a: Slowking|Slowking, F|100/100 tox
|move|p2a: Hippowdon|Toxic|p1a: Slowking
|-fail|p1a: Slowking|tox
|
|-weather|Sandstorm|[upkeep]
|-damage|p1a: Slowking|94/100 tox|[from] Sandstorm
|-heal|p2a: Hippowdon|100/100 brn|[from] item: Leftovers
|-damage|p1a: Slowking|88/100 tox|[from] psn
|-damage|p2a: Hippowdon|94/100 brn|[from] brn
|upkeep
|turn|15
|
|t:|1665163099
|move|p2a: Hippowdon|Earthquake|p1a: Slowking
|-damage|p1a: Slowking|75/100 tox
|move|p1a: Slowking|Scald|p2a: Hippowdon
|-supereffective|p2a: Hippowdon
|-damage|p2a: Hippowdon|49/100 brn
|
|-weather|none
|-heal|p2a: Hippowdon|55/100 brn|[from] item: Leftovers
|-damage|p1a: Slowking|63/100 tox|[from] psn
|-damage|p2a: Hippowdon|49/100 brn|[from] brn
|upkeep
|turn|16
|
|t:|1665163110
|move|p2a: Hippowdon|Slack Off|p2a: Hippowdon
|-heal|p2a: Hippowdon|99/100 brn
|move|p1a: Slowking|Scald|p2a: Hippowdon
|-supereffective|p2a: Hippowdon
|-damage|p2a: Hippowdon|57/100 brn
|
|-heal|p2a: Hippowdon|63/100 brn|[from] item: Leftovers
|-damage|p1a: Slowking|44/100 tox|[from] psn
|-damage|p2a: Hippowdon|57/100 brn|[from] brn
|upkeep
|turn|17
|
|t:|1665163124
|move|p2a: Hippowdon|Slack Off|p2a: Hippowdon
|-heal|p2a: Hippowdon|100/100 brn
|move|p1a: Slowking|Teleport|p1a: Slowking
|inactive|The gabagool king has 120 seconds left.
|
|t:|1665163141
|switch|p1a: Nihilego|Nihilego|98/100|[from]move: Teleport
|-damage|p1a: Nihilego|86/100|[from] Stealth Rock
|
|-heal|p1a: Nihilego|92/100|[from] item: Black Sludge
|-damage|p2a: Hippowdon|94/100 brn|[from] brn
|upkeep
|turn|18
|inactive|The gabagool king has 120 seconds left.
|inactive|Hastabouddah has 120 seconds left.
|
|t:|1665163175
|switch|p1a: Moltres|Moltres|100/100
|move|p2a: Hippowdon|Earthquake|p1a: Moltres
|-immune|p1a: Moltres
|
|-heal|p2a: Hippowdon|100/100 brn|[from] item: Leftovers
|-damage|p2a: Hippowdon|94/100 brn|[from] brn
|upkeep
|turn|19
|inactive|Hastabouddah has 120 seconds left.
|
|t:|1665163192
|move|p1a: Moltres|U-turn|p2a: Hippowdon
|-damage|p2a: Hippowdon|86/100 brn
|
|t:|1665163197
|switch|p1a: Slowking|Slowking, F|78/100 tox|[from]move: U-turn
|move|p2a: Hippowdon|Earthquake|p1a: Slowking
|-damage|p1a: Slowking|64/100 tox
|
|-heal|p2a: Hippowdon|92/100 brn|[from] item: Leftovers
|-damage|p1a: Slowking|58/100 tox|[from] psn
|-damage|p2a: Hippowdon|86/100 brn|[from] brn
|upkeep
|turn|20
|inactive|Hastabouddah has 120 seconds left.
|
|t:|1665163217
|switch|p2a: Primarina|Primarina, F|100/100
|-damage|p2a: Primarina|88/100|[from] Stealth Rock
|move|p1a: Slowking|Slack Off|p1a: Slowking
|-heal|p1a: Slowking|100/100 tox
|
|-heal|p2a: Primarina|94/100|[from] item: Leftovers
|-damage|p1a: Slowking|88/100 tox|[from] psn
|upkeep
|turn|21
|
|t:|1665163229
|switch|p1a: Tangrowth|Tangrowth, M|100/100
|-damage|p1a: Tangrowth|88/100|[from] Stealth Rock
|move|p2a: Primarina|Moonblast|p1a: Tangrowth
|-damage|p1a: Tangrowth|55/100
|
|-heal|p2a: Primarina|99/100|[from] item: Leftovers
|upkeep
|turn|22
|
|t:|1665163254
|switch|p2a: Scizor|Scizor, F|90/100
|move|p1a: Tangrowth|Power Whip|p2a: Scizor
|-resisted|p2a: Scizor
|-damage|p2a: Scizor|82/100
|
|upkeep
|turn|23
|
|t:|1665163261
|switch|p1a: Moltres|Moltres|100/100
|move|p2a: Scizor|Knock Off|p1a: Moltres
|-damage|p1a: Moltres|63/100
|-enditem|p1a: Moltres|Heavy-Duty Boots|[from] move: Knock Off|[of] p2a: Scizor
|
|upkeep
|turn|24
|
|t:|1665163273
|switch|p2a: Primarina|Primarina, F|99/100
|-damage|p2a: Primarina|88/100|[from] Stealth Rock
|move|p1a: Moltres|U-turn|p2a: Primarina
|-resisted|p2a: Primarina
|-damage|p2a: Primarina|81/100
|
|t:|1665163297
|switch|p1a: Tangrowth|Tangrowth, M|89/100|[from]move: U-turn
|-damage|p1a: Tangrowth|76/100|[from] Stealth Rock
|
|-heal|p2a: Primarina|87/100|[from] item: Leftovers
|upkeep
|turn|25
|
|t:|1665163302
|move|p2a: Primarina|Scald|p1a: Tangrowth
|-resisted|p1a: Tangrowth
|-damage|p1a: Tangrowth|64/100
|move|p1a: Tangrowth|Knock Off|p2a: Primarina
|-resisted|p2a: Primarina
|-damage|p2a: Primarina|75/100
|-enditem|p2a: Primarina|Leftovers|[from] move: Knock Off|[of] p1a: Tangrowth
|
|upkeep
|turn|26
|
|t:|1665163311
|switch|p2a: Scizor|Scizor, F|82/100
|move|p1a: Tangrowth|Power Whip|p2a: Scizor|[miss]
|-miss|p1a: Tangrowth|p2a: Scizor
|
|upkeep
|turn|27
|
|t:|1665163332
|switch|p2a: Primarina|Primarina, F|75/100
|-damage|p2a: Primarina|63/100|[from] Stealth Rock
|switch|p1a: Moltres|Moltres|63/100
|-damage|p1a: Moltres|13/100|[from] Stealth Rock
|
|upkeep
|turn|28
|
|t:|1665163341
|move|p1a: Moltres|Flamethrower|p2a: Primarina
|-resisted|p2a: Primarina
|-damage|p2a: Primarina|48/100
|move|p2a: Primarina|Scald|p1a: Moltres
|-supereffective|p1a: Moltres
|-damage|p1a: Moltres|0 fnt
|faint|p1a: Moltres
|
|upkeep
|
|t:|1665163350
|switch|p1a: Nihilego|Nihilego|92/100
|-damage|p1a: Nihilego|80/100|[from] Stealth Rock
|turn|29
|
|t:|1665163364
|switch|p2a: Umbreon|Umbreon, F|94/100
|-damage|p2a: Umbreon|82/100|[from] Stealth Rock
|move|p1a: Nihilego|Power Gem|p2a: Umbreon
|-damage|p2a: Umbreon|61/100
|
|-heal|p1a: Nihilego|86/100|[from] item: Black Sludge
|-heal|p2a: Umbreon|67/100|[from] item: Leftovers
|upkeep
|turn|30
|
|t:|1665163373
|switch|p1a: Cobalion|Cobalion|100/100
|-damage|p1a: Cobalion|97/100|[from] Stealth Rock
|move|p2a: Umbreon|Wish|p2a: Umbreon
|
|-heal|p1a: Cobalion|100/100|[from] item: Leftovers
|-heal|p2a: Umbreon|73/100|[from] item: Leftovers
|upkeep
|turn|31
|
|t:|1665163401
|move|p2a: Umbreon|Protect|p2a: Umbreon
|-singleturn|p2a: Umbreon|Protect
|move|p1a: Cobalion|Swords Dance|p1a: Cobalion
|-boost|p1a: Cobalion|atk|2
|
|-heal|p2a: Umbreon|100/100|[from] move: Wish|[wisher] Umbreon
|upkeep
|turn|32
|
|t:|1665163414
|switch|p2a: Hippowdon|Hippowdon, M|86/100 brn
|-damage|p2a: Hippowdon|80/100 brn|[from] Stealth Rock
|-weather|Sandstorm|[from] ability: Sand Stream|[of] p2a: Hippowdon
|move|p1a: Cobalion|Swords Dance|p1a: Cobalion
|-boost|p1a: Cobalion|atk|2
|
|-weather|Sandstorm|[upkeep]
|-heal|p2a: Hippowdon|86/100 brn|[from] item: Leftovers
|-damage|p2a: Hippowdon|80/100 brn|[from] brn
|upkeep
|turn|33
|
|t:|1665163417
|move|p1a: Cobalion|Close Combat|p2a: Hippowdon
|-damage|p2a: Hippowdon|0 fnt
|-unboost|p1a: Cobalion|def|1
|-unboost|p1a: Cobalion|spd|1
|faint|p2a: Hippowdon
|
|-weather|Sandstorm|[upkeep]
|upkeep
|
|t:|1665163422
|switch|p2a: Noivern|Noivern, F|100/100
|turn|34
|
|t:|1665163438
|switch|p1a: Nihilego|Nihilego|86/100
|-damage|p1a: Nihilego|74/100|[from] Stealth Rock
|move|p2a: Noivern|Flamethrower|p1a: Nihilego
|-resisted|p1a: Nihilego
|-damage|p1a: Nihilego|68/100
|
|-weather|Sandstorm|[upkeep]
|-damage|p2a: Noivern|94/100|[from] Sandstorm
|-heal|p1a: Nihilego|74/100|[from] item: Black Sludge
|upkeep
|turn|35
|
|t:|1665163448
|move|p2a: Noivern|U-turn|p1a: Nihilego
|-resisted|p1a: Nihilego
|-damage|p1a: Nihilego|66/100
|l|☆Hastabouddah
|inactive|Hastabouddah disconnected and has a minute to reconnect!
|player|p2|
|l|☆The gabagool king
|inactive|The gabagool king disconnected and has a minute to reconnect!
|player|p1|
|inactive|Hastabouddah has 30 seconds to reconnect!
|j|☆Hastabouddah
|inactive|Hastabouddah reconnected and has 110 seconds left.
|player|p2|Hastabouddah|lance-masters
|inactive|Hastabouddah has 90 seconds left.
|
|t:|1665163511
|switch|p2a: Umbreon|Umbreon, F|100/100|[from]move: U-turn
|-damage|p2a: Umbreon|88/100|[from] Stealth Rock
|move|p1a: Nihilego|Power Gem|p2a: Umbreon
|-damage|p2a: Umbreon|69/100
|
|-weather|Sandstorm|[upkeep]
|-damage|p2a: Umbreon|63/100|[from] Sandstorm
|-heal|p1a: Nihilego|72/100|[from] item: Black Sludge
|-heal|p2a: Umbreon|69/100|[from] item: Leftovers
|upkeep
|turn|36
|j|☆The gabagool king
|inactive|The gabagool king reconnected and has 145 seconds left.
|player|p1|The gabagool king|265
|
|t:|1665163528
|switch|p1a: Cobalion|Cobalion|100/100
|-damage|p1a: Cobalion|97/100|[from] Stealth Rock
|move|p2a: Umbreon|Wish|p2a: Umbreon
|
|-weather|none
|-heal|p1a: Cobalion|100/100|[from] item: Leftovers
|-heal|p2a: Umbreon|75/100|[from] item: Leftovers
|upkeep
|turn|37
|
|t:|1665163538
|switch|p2a: Primarina|Primarina, F|48/100
|-damage|p2a: Primarina|35/100|[from] Stealth Rock
|move|p1a: Cobalion|Swords Dance|p1a: Cobalion
|-boost|p1a: Cobalion|atk|2
|
|-heal|p2a: Primarina|90/100|[from] move: Wish|[wisher] Umbreon
|upkeep
|turn|38
|l|☆The gabagool king
|inactive|The gabagool king disconnected and has a minute to reconnect!
|player|p1|
|inactive|The gabagool king has 30 seconds to reconnect!
|j|☆The gabagool king
|inactive|The gabagool king reconnected and has 110 seconds left.
|player|p1|The gabagool king|265
|
|t:|1665163577
|move|p1a: Cobalion|Iron Head|p2a: Primarina
|-damage|p2a: Primarina|25/100
|move|p2a: Primarina|Scald|p1a: Cobalion
|-damage|p1a: Cobalion|33/100
|
|-heal|p1a: Cobalion|39/100|[from] item: Leftovers
|upkeep
|turn|39
|inactive|Hastabouddah has 90 seconds left.
|
|t:|1665163611
|move|p1a: Cobalion|Close Combat|p2a: Primarina
|-resisted|p2a: Primarina
|-damage|p2a: Primarina|0 fnt
|-unboost|p1a: Cobalion|def|1
|-unboost|p1a: Cobalion|spd|1
|faint|p2a: Primarina
|
|-heal|p1a: Cobalion|45/100|[from] item: Leftovers
|upkeep
|inactive|Hastabouddah has 90 seconds left.
|
|t:|1665163616
|switch|p2a: Noivern|Noivern, F|94/100
|turn|40
|
|t:|1665163620
|switch|p1a: Tangrowth|Tangrowth, M|97/100
|-damage|p1a: Tangrowth|85/100|[from] Stealth Rock
|move|p2a: Noivern|U-turn|p1a: Tangrowth
|-supereffective|p1a: Tangrowth
|-damage|p1a: Tangrowth|71/100
|
|t:|1665163624
|switch|p2a: Necrozma|Necrozma|100/100|[from]move: U-turn
|-damage|p2a: Necrozma|88/100|[from] Stealth Rock
|
|upkeep
|turn|41
|
|t:|1665163629
|move|p2a: Necrozma|Calm Mind|p2a: Necrozma
|-boost|p2a: Necrozma|spa|1
|-boost|p2a: Necrozma|spd|1
|move|p1a: Tangrowth|Knock Off|p2a: Necrozma
|-supereffective|p2a: Necrozma
|-enditem|p2a: Necrozma|Colbur Berry|[eat]
|-enditem|p2a: Necrozma|Colbur Berry|[weaken]
|-damage|p2a: Necrozma|76/100
|
|upkeep
|turn|42
|inactive|Hastabouddah has 120 seconds left.
|
|t:|1665163636
|move|p2a: Necrozma|Photon Geyser|p1a: Tangrowth
|-damage|p1a: Tangrowth|19/100
|move|p1a: Tangrowth|Power Whip|p2a: Necrozma
|-damage|p2a: Necrozma|48/100
|
|upkeep
|turn|43
|
|t:|1665163653
|move|p2a: Necrozma|Moonlight|p2a: Necrozma
|-heal|p2a: Necrozma|98/100
|move|p1a: Tangrowth|Sludge Bomb|p2a: Necrozma
|-damage|p2a: Necrozma|85/100
|
|upkeep
|turn|44
|
|t:|1665163666
|move|p2a: Necrozma|Photon Geyser|p1a: Tangrowth
|-damage|p1a: Tangrowth|0 fnt
|faint|p1a: Tangrowth
|
|upkeep
|inactive|The gabagool king has 120 seconds left.
|
|t:|1665163705
|switch|p1a: Zygarde|Zygarde-10%|100/100
|-damage|p1a: Zygarde|94/100|[from] Stealth Rock
|-ability|p1a: Zygarde|Aura Break
|turn|45
|
|t:|1665163719
|move|p1a: Zygarde|Outrage|p2a: Necrozma
|-damage|p2a: Necrozma|29/100
|move|p2a: Necrozma|Photon Geyser|p1a: Zygarde
|-damage|p1a: Zygarde|0 fnt
|faint|p1a: Zygarde
|
|upkeep
|
|t:|1665163726
|switch|p1a: Cobalion|Cobalion|45/100
|-damage|p1a: Cobalion|42/100|[from] Stealth Rock
|turn|46
|inactive|Hastabouddah has 120 seconds left.
|
|t:|1665163783
|move|p1a: Cobalion|Iron Head|p2a: Necrozma
|-damage|p2a: Necrozma|6/100
|move|p2a: Necrozma|Moonlight|p2a: Necrozma
|-heal|p2a: Necrozma|56/100
|
|-heal|p1a: Cobalion|48/100|[from] item: Leftovers
|upkeep
|turn|47
|inactive|The gabagool king has 120 seconds left.
|
|t:|1665163790
|move|p1a: Cobalion|Iron Head|p2a: Necrozma
|-damage|p2a: Necrozma|32/100
|move|p2a: Necrozma|Photon Geyser|p1a: Cobalion
|-damage|p1a: Cobalion|0 fnt
|faint|p1a: Cobalion
|
|upkeep
|inactive|The gabagool king has 120 seconds left.
|
|t:|1665163796
|switch|p1a: Nihilego|Nihilego|72/100
|-damage|p1a: Nihilego|60/100|[from] Stealth Rock
|turn|48
|c|☆The gabagool king|Gg
|inactive|The gabagool king has 120 seconds left.
|
|t:|1665163815
|move|p1a: Nihilego|Sludge Wave|p2a: Necrozma
|-damage|p2a: Necrozma|4/100
|move|p2a: Necrozma|Photon Geyser|p1a: Nihilego
|-supereffective|p1a: Nihilego
|-damage|p1a: Nihilego|0 fnt
|faint|p1a: Nihilego
|
|upkeep
|
|t:|1665163819
|switch|p1a: Slowking|Slowking, F|100/100 tox
|turn|49
|-message|The gabagool king forfeited.
|
|win|Hastabouddah
|raw|The gabagool king's rating: 1532 &rarr; <strong>1511</strong><br />(-21 for losing)
|raw|Hastabouddah's rating: 1506 &rarr; <strong>1527</strong><br />(+21 for winning)
|l|☆The gabagool king
|c|☆Hastabouddah|gg
||Ladder isn't responding, score probably updated but might not have (Request timeout).
