|j|☆ExiDudi
|j|☆Cosplay Furret
|t:|1667092993
|gametype|singles
|player|p1|ExiDudi|doctor-gen8|1426
|player|p2|Cosplay Furret|acerola-masters|1419
|teamsize|p1|6
|teamsize|p2|6
|gen|8
|tier|[Gen 8] UU
|rated|
|rule|Sleep Clause Mod: Limit one foe put to sleep
|rule|Species Clause: Limit one of each Pokémon
|rule|OHKO Clause: OHKO moves are banned
|rule|Evasion Items Clause: Evasion items are banned
|rule|Evasion Moves Clause: Evasion moves are banned
|rule|Endless Battle Clause: Forcing endless battles is banned
|rule|HP Percentage Mod: HP is shown in percentages
|rule|Dynamax Clause: You cannot dynamax
|clearpoke
|poke|p1|Celebi|
|poke|p1|Gastrodon, M|
|poke|p1|Celesteela|
|poke|p1|Slowbro-Galar, M|
|poke|p1|Talonflame, M|
|poke|p1|Regieleki|
|poke|p2|Azelf|
|poke|p2|Celesteela|
|poke|p2|Scizor, F|
|poke|p2|Keldeo-Resolute|
|poke|p2|Venusaur, M|
|poke|p2|Azumarill, M|
|teampreview
|
|t:|1667093008
|start
|switch|p1a: Regieleki|Regieleki|100/100
|switch|p2a: William Powerful|Azelf|100/100
|turn|1
|
|t:|1667093020
|move|p1a: Regieleki|Thunderbolt|p2a: William Powerful
|-damage|p2a: William Powerful|16/100
|move|p2a: William Powerful|Explosion|p1a: Regieleki
|-damage|p1a: Regieleki|0 fnt
|faint|p2a: William Powerful
|faint|p1a: Regieleki
|
|upkeep
|
|t:|1667093033
|switch|p1a: Celesteela|Celesteela|100/100
|switch|p2a: Rock Paper|Scizor, F|100/100
|turn|2
|
|t:|1667093037
|switch|p2a: Honse|Keldeo-Resolute|100/100
|move|p1a: Celesteela|Leech Seed|p2a: Honse
|-start|p2a: Honse|move: Leech Seed
|
|-damage|p2a: Honse|88/100|[from] Leech Seed|[of] p1a: Celesteela
|upkeep
|turn|3
|
|t:|1667093047
|switch|p2a: Bruhzoomerill|Azumarill, M|100/100
|move|p1a: Celesteela|Protect||[still]
|-fail|p1a: Celesteela
|
|upkeep
|turn|4
|
|t:|1667093056
|move|p1a: Celesteela|Leech Seed|p2a: Bruhzoomerill|[miss]
|-miss|p1a: Celesteela|p2a: Bruhzoomerill
|move|p2a: Bruhzoomerill|Belly Drum|p2a: Bruhzoomerill
|-damage|p2a: Bruhzoomerill|50/100
|-setboost|p2a: Bruhzoomerill|atk|6|[from] move: Belly Drum
|-enditem|p2a: Bruhzoomerill|Sitrus Berry|[eat]
|-heal|p2a: Bruhzoomerill|75/100|[from] item: Sitrus Berry
|
|upkeep
|turn|5
|
|t:|1667093064
|move|p1a: Celesteela|Protect|p1a: Celesteela
|-singleturn|p1a: Celesteela|Protect
|move|p2a: Bruhzoomerill|Liquidation|p1a: Celesteela
|-activate|p1a: Celesteela|move: Protect
|
|upkeep
|turn|6
|j| Lowtierviper
|
|t:|1667093068
|switch|p1a: Gastrodon|Gastrodon, M|100/100
|move|p2a: Bruhzoomerill|Liquidation|p1a: Gastrodon
|-ability|p1a: Gastrodon|Storm Drain|boost
|-boost|p1a: Gastrodon|spa|1
|
|upkeep
|turn|7
|
|t:|1667093078
|move|p2a: Bruhzoomerill|Play Rough|p1a: Gastrodon
|-damage|p1a: Gastrodon|0 fnt
|faint|p1a: Gastrodon
|
|upkeep
|
|t:|1667093081
|switch|p1a: Celebi|Celebi|100/100
|turn|8
|
|t:|1667093091
|switch|p2a: Rock Paper|Scizor, F|100/100
|move|p1a: Celebi|Leaf Storm|p2a: Rock Paper|[miss]
|-miss|p1a: Celebi|p2a: Rock Paper
|
|upkeep
|turn|9
|
|t:|1667093099
|switch|p1a: Celesteela|Celesteela|100/100
|move|p2a: Rock Paper|U-turn|p1a: Celesteela
|-resisted|p1a: Celesteela
|-damage|p1a: Celesteela|92/100
|
|t:|1667093105
|switch|p2a: Honse|Keldeo-Resolute|88/100|[from]move: U-turn
|
|-heal|p1a: Celesteela|98/100|[from] item: Leftovers
|upkeep
|turn|10
|
|t:|1667093108
|move|p1a: Celesteela|Protect|p1a: Celesteela
|-singleturn|p1a: Celesteela|Protect
|move|p2a: Honse|Hydro Pump|p1a: Celesteela
|-activate|p1a: Celesteela|move: Protect
|
|-heal|p1a: Celesteela|100/100|[from] item: Leftovers
|upkeep
|turn|11
|
|t:|1667093114
|move|p2a: Honse|Hydro Pump|p1a: Celesteela
|-damage|p1a: Celesteela|50/100
|move|p1a: Celesteela|Leech Seed|p2a: Honse
|-start|p2a: Honse|move: Leech Seed
|
|-heal|p1a: Celesteela|56/100|[from] item: Leftovers
|-damage|p2a: Honse|76/100|[from] Leech Seed|[of] p1a: Celesteela
|-heal|p1a: Celesteela|66/100|[silent]
|upkeep
|turn|12
|
|t:|1667093120
|switch|p2a: Bruhzoomerill|Azumarill, M|75/100
|move|p1a: Celesteela|Leech Seed|p2a: Bruhzoomerill
|-start|p2a: Bruhzoomerill|move: Leech Seed
|
|-heal|p1a: Celesteela|72/100|[from] item: Leftovers
|-damage|p2a: Bruhzoomerill|63/100|[from] Leech Seed|[of] p1a: Celesteela
|-heal|p1a: Celesteela|85/100|[silent]
|upkeep
|turn|13
|
|t:|1667093127
|switch|p2a: Falling Star|Celesteela|100/100
|move|p1a: Celesteela|Heavy Slam|p2a: Falling Star
|-resisted|p2a: Falling Star
|-damage|p2a: Falling Star|94/100
|
|-heal|p1a: Celesteela|91/100|[from] item: Leftovers
|upkeep
|turn|14
|
|t:|1667093135
|move|p2a: Falling Star|Fire Blast|p1a: Celesteela
|-supereffective|p1a: Celesteela
|-damage|p1a: Celesteela|42/100
|move|p1a: Celesteela|Leech Seed|p2a: Falling Star
|-start|p2a: Falling Star|move: Leech Seed
|
|-heal|p1a: Celesteela|48/100|[from] item: Leftovers
|-damage|p2a: Falling Star|82/100|[from] Leech Seed|[of] p1a: Celesteela
|-heal|p1a: Celesteela|58/100|[silent]
|upkeep
|turn|15
|
|t:|1667093146
|switch|p2a: Anti-Sun Moment|Venusaur, M|100/100
|move|p1a: Celesteela|Protect||[still]
|-fail|p1a: Celesteela
|
|-heal|p1a: Celesteela|64/100|[from] item: Leftovers
|upkeep
|turn|16
|
|t:|1667093154
|move|p1a: Celesteela|Protect|p1a: Celesteela
|-singleturn|p1a: Celesteela|Protect
|move|p2a: Anti-Sun Moment|Giga Drain|p1a: Celesteela
|-activate|p1a: Celesteela|move: Protect
|
|-heal|p1a: Celesteela|70/100|[from] item: Leftovers
|upkeep
|turn|17
|
|t:|1667093159
|move|p2a: Anti-Sun Moment|Giga Drain|p1a: Celesteela
|-resisted|p1a: Celesteela
|-damage|p1a: Celesteela|64/100
|-damage|p2a: Anti-Sun Moment|91/100|[from] item: Life Orb
|move|p1a: Celesteela|Flamethrower|p2a: Anti-Sun Moment
|-supereffective|p2a: Anti-Sun Moment
|-damage|p2a: Anti-Sun Moment|37/100
|
|-heal|p1a: Celesteela|70/100|[from] item: Leftovers
|upkeep
|turn|18
|
|t:|1667093168
|switch|p2a: Honse|Keldeo-Resolute|76/100
|move|p1a: Celesteela|Flamethrower|p2a: Honse
|-resisted|p2a: Honse
|-damage|p2a: Honse|63/100
|
|-heal|p1a: Celesteela|76/100|[from] item: Leftovers
|upkeep
|turn|19
|
|t:|1667093174
|move|p1a: Celesteela|Protect|p1a: Celesteela
|-singleturn|p1a: Celesteela|Protect
|move|p2a: Honse|Hydro Pump|p1a: Celesteela
|-activate|p1a: Celesteela|move: Protect
|
|-heal|p1a: Celesteela|82/100|[from] item: Leftovers
|upkeep
|turn|20
|
|t:|1667093177
|switch|p1a: Celebi|Celebi|100/100
|move|p2a: Honse|Hydro Pump|p1a: Celebi|[miss]
|-miss|p2a: Honse|p1a: Celebi
|
|upkeep
|turn|21
|
|t:|1667093182
|switch|p2a: Falling Star|Celesteela|82/100
|move|p1a: Celebi|Stealth Rock|p2a: Falling Star
|-sidestart|p2: Cosplay Furret|move: Stealth Rock
|
|upkeep
|turn|22
|
|t:|1667093191
|switch|p1a: Celesteela|Celesteela|82/100
|move|p2a: Falling Star|Autotomize|p2a: Falling Star
|-boost|p2a: Falling Star|spe|2
|-start|p2a: Falling Star|Autotomize
|
|-heal|p1a: Celesteela|88/100|[from] item: Leftovers
|upkeep
|turn|23
|
|t:|1667093198
|move|p1a: Celesteela|Protect|p1a: Celesteela
|-singleturn|p1a: Celesteela|Protect
|move|p2a: Falling Star|Meteor Beam||[still]
|-prepare|p2a: Falling Star|Meteor Beam
|-boost|p2a: Falling Star|spa|1
|-enditem|p2a: Falling Star|Power Herb
|-anim|p2a: Falling Star|Meteor Beam|p1a: Celesteela
|-activate|p1a: Celesteela|move: Protect
|
|-heal|p1a: Celesteela|94/100|[from] item: Leftovers
|upkeep
|turn|24
|
|t:|1667093203
|move|p2a: Falling Star|Fire Blast|p1a: Celesteela
|-supereffective|p1a: Celesteela
|-damage|p1a: Celesteela|23/100
|move|p1a: Celesteela|Leech Seed|p2a: Falling Star
|-start|p2a: Falling Star|move: Leech Seed
|
|-heal|p1a: Celesteela|29/100|[from] item: Leftovers
|-damage|p2a: Falling Star|69/100|[from] Leech Seed|[of] p1a: Celesteela
|-heal|p1a: Celesteela|40/100|[silent]
|upkeep
|turn|25
|
|t:|1667093208
|move|p1a: Celesteela|Protect|p1a: Celesteela
|-singleturn|p1a: Celesteela|Protect
|move|p2a: Falling Star|Meteor Beam||[still]
|-prepare|p2a: Falling Star|Meteor Beam
|-boost|p2a: Falling Star|spa|1
|
|-heal|p1a: Celesteela|46/100|[from] item: Leftovers
|-damage|p2a: Falling Star|57/100|[from] Leech Seed|[of] p1a: Celesteela
|-heal|p1a: Celesteela|56/100|[silent]
|upkeep
|turn|26
|
|t:|1667093215
|move|p2a: Falling Star|Meteor Beam|p1a: Celesteela|[from]lockedmove
|-damage|p1a: Celesteela|11/100
|move|p1a: Celesteela|Flamethrower|p2a: Falling Star
|-supereffective|p2a: Falling Star
|-damage|p2a: Falling Star|14/100
|
|-heal|p1a: Celesteela|17/100|[from] item: Leftovers
|-damage|p2a: Falling Star|2/100|[from] Leech Seed|[of] p1a: Celesteela
|-heal|p1a: Celesteela|27/100|[silent]
|upkeep
|turn|27
|
|t:|1667093222
|move|p1a: Celesteela|Protect|p1a: Celesteela
|-singleturn|p1a: Celesteela|Protect
|move|p2a: Falling Star|Fire Blast|p1a: Celesteela
|-activate|p1a: Celesteela|move: Protect
|
|-heal|p1a: Celesteela|33/100|[from] item: Leftovers
|-damage|p2a: Falling Star|0 fnt|[from] Leech Seed|[of] p1a: Celesteela
|-heal|p1a: Celesteela|35/100|[silent]
|faint|p2a: Falling Star
|upkeep
|
|t:|1667093225
|switch|p2a: Honse|Keldeo-Resolute|63/100
|-damage|p2a: Honse|57/100|[from] Stealth Rock
|turn|28
|
|t:|1667093230
|switch|p2a: Rock Paper|Scizor, F|100/100
|-damage|p2a: Rock Paper|88/100|[from] Stealth Rock
|switch|p1a: Celebi|Celebi|100/100
|
|-heal|p2a: Rock Paper|94/100|[from] item: Leftovers
|upkeep
|turn|29
|
|t:|1667093234
|switch|p1a: Talonflame|Talonflame, M|100/100
|move|p2a: Rock Paper|U-turn|p1a: Talonflame
|-resisted|p1a: Talonflame
|-damage|p1a: Talonflame|93/100
|
|t:|1667093237
|switch|p2a: Bruhzoomerill|Azumarill, M|63/100|[from]move: U-turn
|-damage|p2a: Bruhzoomerill|51/100|[from] Stealth Rock
|
|upkeep
|turn|30
|
|t:|1667093243
|switch|p1a: Celebi|Celebi|100/100
|move|p2a: Bruhzoomerill|Play Rough|p1a: Celebi
|-damage|p1a: Celebi|59/100
|
|upkeep
|turn|31
|-message|Cosplay Furret forfeited.
|
|win|ExiDudi
|raw|ExiDudi's rating: 1426 &rarr; <strong>1446</strong><br />(+20 for winning)
|raw|Cosplay Furret's rating: 1419 &rarr; <strong>1399</strong><br />(-20 for losing)
|l|☆Cosplay Furret
|l| Lowtierviper
||Ladder isn't responding, score probably updated but might not have (Request timeout).
