|j|☆Meow Tse Tung
|j|☆Mustardman'sreturn
|t:|1601947859
|player|p1|Meow Tse Tung|265|1613
|player|p2|Mustardman'sreturn|lucas|1730
|teamsize|p1|6
|teamsize|p2|6
|gametype|singles
|gen|8
|tier|[Gen 8] UU
|rated|
|clearpoke
|poke|p1|Keldeo-Resolute|
|poke|p1|Mimikyu, M|
|poke|p1|Mudsdale, F|
|poke|p1|Bisharp, M|
|poke|p1|Rotom-Mow|
|poke|p1|Slowbro-Galar, F|
|poke|p2|Chansey, F|
|poke|p2|Weezing-Galar, F|
|poke|p2|Eldegoss, M|
|poke|p2|Slowbro, M|
|poke|p2|Pyukumuku, M|
|poke|p2|Cobalion|
|rule|Sleep Clause Mod: Limit one foe put to sleep
|rule|Species Clause: Limit one of each Pokémon
|rule|OHKO Clause: OHKO moves are banned
|rule|Evasion Moves Clause: Evasion moves are banned
|rule|Endless Battle Clause: Forcing endless battles is banned
|rule|HP Percentage Mod: HP is shown in percentages
|rule|Dynamax Clause: You cannot dynamax
|teampreview
|j|%vivalospride
|
|t:|1601947902
|start
|switch|p1a: Bisharp|Bisharp, M|100/100
|switch|p2a: Slowbro|Slowbro, M|100/100
|turn|1
|j| Abomasnow Gang
|
|t:|1601947911
|switch|p2a: Cobalion|Cobalion|100/100
|move|p1a: Bisharp|Knock Off|p2a: Cobalion
|-resisted|p2a: Cobalion
|-damage|p2a: Cobalion|82/100
|-damage|p1a: Bisharp|84/100|[from] item: Rocky Helmet|[of] p2a: Cobalion
|-ability|p2a: Cobalion|Justified|boost
|-boost|p2a: Cobalion|atk|1
|-enditem|p2a: Cobalion|Rocky Helmet|[from] move: Knock Off|[of] p1a: Bisharp
|
|upkeep
|turn|2
|
|t:|1601947918
|switch|p1a: Slowbro|Slowbro-Galar, F|100/100
|switch|p2a: Chansey|Chansey, F|100/100
|
|upkeep
|turn|3
|j| Zephyyyr
|
|t:|1601947934
|move|p2a: Chansey|Stealth Rock|p1a: Slowbro
|-sidestart|p1: Meow Tse Tung|move: Stealth Rock
|move|p1a: Slowbro|Shell Side Arm|p2a: Chansey
|-damage|p2a: Chansey|79/100
|-hint|Physical Shell Side Arm
|-status|p2a: Chansey|psn
|
|-damage|p2a: Chansey|66/100 psn|[from] psn
|upkeep
|turn|4
|j| Boulicrok
|
|t:|1601947940
|move|p2a: Chansey|Soft-Boiled|p2a: Chansey
|-heal|p2a: Chansey|100/100 psn
|move|p1a: Slowbro|Future Sight|p2a: Chansey
|-start|p1a: Slowbro|move: Future Sight
|
|-damage|p2a: Chansey|88/100 psn|[from] psn
|upkeep
|turn|5
|
|t:|1601947945
|switch|p2a: Cobalion|Cobalion|82/100
|move|p1a: Slowbro|Shell Side Arm|p2a: Cobalion
|-immune|p2a: Cobalion
|
|upkeep
|turn|6
|
|t:|1601947967
|switch|p2a: Chansey|Chansey, F|88/100
|switch|p1a: Bisharp|Bisharp, M|84/100
|-damage|p1a: Bisharp|78/100|[from] Stealth Rock
|
|-end|p2a: Chansey|move: Future Sight
|-damage|p2a: Chansey|74/100
|upkeep
|turn|7
|
|t:|1601947976
|switch|p2a: Cobalion|Cobalion|82/100
|move|p1a: Bisharp|Low Kick|p2a: Cobalion
|-supereffective|p2a: Cobalion
|-damage|p2a: Cobalion|23/100
|
|upkeep
|turn|8
|
|t:|1601947980
|move|p1a: Bisharp|Low Kick|p2a: Cobalion
|-supereffective|p2a: Cobalion
|-damage|p2a: Cobalion|0 fnt
|faint|p2a: Cobalion
|
|upkeep
|inactive|Battle timer is ON: inactive players will automatically lose when time's up. (requested by Meow Tse Tung)
|
|t:|1601947987
|switch|p2a: Slowbro|Slowbro, M|100/100
|turn|9
|j| M͜ygr͡ein ㋡
|
|t:|1601947995
|switch|p1a: Rotom|Rotom-Mow|100/100
|-damage|p1a: Rotom|88/100|[from] Stealth Rock
|move|p2a: Slowbro|Teleport|p2a: Slowbro
|
|t:|1601947997
|switch|p2a: Chansey|Chansey, F|74/100|[from]move: Teleport
|
|-heal|p1a: Rotom|94/100|[from] item: Leftovers
|upkeep
|turn|10
|
|t:|1601948001
|move|p1a: Rotom|Volt Switch|p2a: Chansey
|-damage|p2a: Chansey|65/100
|
|t:|1601948003
|switch|p1a: Slowbro|Slowbro-Galar, F|100/100|[from]move: Volt Switch
|-damage|p1a: Slowbro|88/100|[from] Stealth Rock
|move|p2a: Chansey|Seismic Toss|p1a: Slowbro
|-damage|p1a: Slowbro|63/100
|
|upkeep
|turn|11
|
|t:|1601948008
|move|p2a: Chansey|Seismic Toss|p1a: Slowbro
|-damage|p1a: Slowbro|37/100
|move|p1a: Slowbro|Shell Side Arm|p2a: Chansey
|-damage|p2a: Chansey|44/100
|-hint|Physical Shell Side Arm
|
|upkeep
|turn|12
|
|t:|1601948016
|switch|p1a: Bisharp|Bisharp, M|78/100
|-damage|p1a: Bisharp|72/100|[from] Stealth Rock
|move|p2a: Chansey|Soft-Boiled|p2a: Chansey
|-heal|p2a: Chansey|94/100
|
|upkeep
|turn|13
|
|t:|1601948020
|switch|p2a: Slowbro|Slowbro, M|100/100
|move|p1a: Bisharp|Knock Off|p2a: Slowbro
|-supereffective|p2a: Slowbro
|-damage|p2a: Slowbro|42/100
|-enditem|p2a: Slowbro|Kasib Berry|[from] move: Knock Off|[of] p1a: Bisharp
|
|upkeep
|turn|14
|
|t:|1601948025
|move|p1a: Bisharp|Knock Off|p2a: Slowbro
|-supereffective|p2a: Slowbro
|-damage|p2a: Slowbro|5/100
|move|p2a: Slowbro|Slack Off|p2a: Slowbro
|-heal|p2a: Slowbro|55/100
|
|upkeep
|turn|15
|
|t:|1601948028
|switch|p1a: Rotom|Rotom-Mow|94/100
|-damage|p1a: Rotom|82/100|[from] Stealth Rock
|move|p2a: Slowbro|Teleport|p2a: Slowbro
|
|t:|1601948030
|switch|p2a: Chansey|Chansey, F|94/100|[from]move: Teleport
|
|-heal|p1a: Rotom|88/100|[from] item: Leftovers
|upkeep
|turn|16
|
|t:|1601948036
|move|p1a: Rotom|Volt Switch|p2a: Chansey
|-damage|p2a: Chansey|85/100
|
|t:|1601948037
|switch|p1a: Slowbro|Slowbro-Galar, F|71/100|[from]move: Volt Switch
|-damage|p1a: Slowbro|58/100|[from] Stealth Rock
|move|p2a: Chansey|Toxic|p1a: Slowbro
|-immune|p1a: Slowbro
|
|upkeep
|turn|17
|
|t:|1601948040
|switch|p1a: Mudsdale|Mudsdale, F|100/100
|-damage|p1a: Mudsdale|94/100|[from] Stealth Rock
|move|p2a: Chansey|Seismic Toss|p1a: Mudsdale
|-damage|p1a: Mudsdale|69/100
|-ability|p1a: Mudsdale|Stamina|boost
|-boost|p1a: Mudsdale|def|1
|
|-heal|p1a: Mudsdale|76/100|[from] item: Leftovers
|upkeep
|turn|18
|
|t:|1601948042
|move|p2a: Chansey|Toxic|p1a: Mudsdale|[miss]
|-miss|p2a: Chansey|p1a: Mudsdale
|move|p1a: Mudsdale|Body Press|p2a: Chansey
|-supereffective|p2a: Chansey
|-damage|p2a: Chansey|31/100
|
|-heal|p1a: Mudsdale|82/100|[from] item: Leftovers
|upkeep
|turn|19
|
|t:|1601948048
|move|p2a: Chansey|Soft-Boiled|p2a: Chansey
|-heal|p2a: Chansey|81/100
|move|p1a: Mudsdale|Body Press|p2a: Chansey
|-supereffective|p2a: Chansey
|-damage|p2a: Chansey|24/100
|
|-heal|p1a: Mudsdale|88/100|[from] item: Leftovers
|upkeep
|turn|20
|
|t:|1601948050
|move|p2a: Chansey|Soft-Boiled|p2a: Chansey
|-heal|p2a: Chansey|74/100
|move|p1a: Mudsdale|Body Press|p2a: Chansey
|-supereffective|p2a: Chansey
|-damage|p2a: Chansey|24/100
|
|-heal|p1a: Mudsdale|94/100|[from] item: Leftovers
|upkeep
|turn|21
|
|t:|1601948053
|move|p2a: Chansey|Soft-Boiled|p2a: Chansey
|-heal|p2a: Chansey|74/100
|move|p1a: Mudsdale|Body Press|p2a: Chansey
|-supereffective|p2a: Chansey
|-damage|p2a: Chansey|17/100
|
|-heal|p1a: Mudsdale|100/100|[from] item: Leftovers
|upkeep
|turn|22
|
|t:|1601948057
|switch|p2a: Eldegoss|Eldegoss, M|100/100
|move|p1a: Mudsdale|Body Press|p2a: Eldegoss
|-damage|p2a: Eldegoss|68/100
|
|upkeep
|turn|23
|j| booty
|
|t:|1601948063
|move|p2a: Eldegoss|Giga Drain|p1a: Mudsdale
|-supereffective|p1a: Mudsdale
|-damage|p1a: Mudsdale|61/100
|-heal|p2a: Eldegoss|93/100|[from] drain|[of] p1a: Mudsdale
|-ability|p1a: Mudsdale|Stamina|boost
|-boost|p1a: Mudsdale|def|1
|move|p1a: Mudsdale|Stealth Rock|p2a: Eldegoss
|-sidestart|p2: Mustardman'sreturn|move: Stealth Rock
|
|-heal|p1a: Mudsdale|67/100|[from] item: Leftovers
|upkeep
|turn|24
|
|t:|1601948070
|move|p2a: Eldegoss|Rapid Spin|p1a: Mudsdale
|-damage|p1a: Mudsdale|66/100
|-boost|p2a: Eldegoss|spe|1
|-ability|p1a: Mudsdale|Stamina|boost
|-boost|p1a: Mudsdale|def|1
|-sideend|p2: Mustardman'sreturn|Stealth Rock|[from] move: Rapid Spin|[of] p2a: Eldegoss
|move|p1a: Mudsdale|Body Press|p2a: Eldegoss
|-damage|p2a: Eldegoss|37/100
|
|-heal|p1a: Mudsdale|72/100|[from] item: Leftovers
|upkeep
|turn|25
|
|t:|1601948074
|move|p2a: Eldegoss|Giga Drain|p1a: Mudsdale
|-supereffective|p1a: Mudsdale
|-damage|p1a: Mudsdale|32/100
|-heal|p2a: Eldegoss|62/100|[from] drain|[of] p1a: Mudsdale
|-ability|p1a: Mudsdale|Stamina|boost
|-boost|p1a: Mudsdale|def|1
|move|p1a: Mudsdale|Body Press|p2a: Eldegoss
|-crit|p2a: Eldegoss
|-damage|p2a: Eldegoss|0 fnt
|faint|p2a: Eldegoss
|
|-heal|p1a: Mudsdale|38/100|[from] item: Leftovers
|upkeep
|
|t:|1601948080
|switch|p2a: Slowbro|Slowbro, M|88/100
|turn|26
|c|☆Meow Tse Tung|viv
|c|☆Meow Tse Tung|did you knows mudsdale is a stallbreaker
|c|%vivalospride|god horse
|
|t:|1601948105
|move|p1a: Mudsdale|Stealth Rock|p2a: Slowbro
|-sidestart|p2: Mustardman'sreturn|move: Stealth Rock
|move|p2a: Slowbro|Scald|p1a: Mudsdale
|-supereffective|p1a: Mudsdale
|-damage|p1a: Mudsdale|0 fnt
|faint|p1a: Mudsdale
|
|upkeep
|
|t:|1601948114
|switch|p1a: Rotom|Rotom-Mow|88/100
|-damage|p1a: Rotom|76/100|[from] Stealth Rock
|turn|27
|
|t:|1601948127
|move|p1a: Rotom|Thunder Wave|p2a: Slowbro
|-status|p2a: Slowbro|par
|move|p2a: Slowbro|Teleport|p2a: Slowbro
|
|t:|1601948132
|switch|p2a: Weezing|Weezing-Galar, F|100/100|[from]move: Teleport
|-ability|p2a: Weezing|Neutralizing Gas
|-damage|p2a: Weezing|88/100|[from] Stealth Rock
|
|-heal|p1a: Rotom|82/100|[from] item: Leftovers
|-heal|p2a: Weezing|94/100|[from] item: Black Sludge
|upkeep
|turn|28
|
|t:|1601948135
|move|p1a: Rotom|Volt Switch|p2a: Weezing
|-damage|p2a: Weezing|53/100
|
|t:|1601948142
|switch|p1a: Bisharp|Bisharp, M|72/100|[from]move: Volt Switch
|-damage|p1a: Bisharp|66/100|[from] Stealth Rock
|move|p2a: Weezing|Defog|p1a: Bisharp
|-unboost|p1a: Bisharp|evasion|1
|-sideend|p1: Meow Tse Tung|Stealth Rock|[from] move: Defog|[of] p2a: Weezing
|-sideend|p2: Mustardman'sreturn|Stealth Rock|[from] move: Defog|[of] p2a: Weezing
|
|-heal|p2a: Weezing|59/100|[from] item: Black Sludge
|upkeep
|turn|29
|c|☆Meow Tse Tung|LOL
|c|☆Meow Tse Tung|god gas
|
|t:|1601948164
|move|p1a: Bisharp|Knock Off|p2a: Weezing
|-resisted|p2a: Weezing
|-damage|p2a: Weezing|42/100
|-enditem|p2a: Weezing|Black Sludge|[from] move: Knock Off|[of] p1a: Bisharp
|move|p2a: Weezing|Strange Steam|p1a: Bisharp
|-damage|p1a: Bisharp|24/100
|-start|p1a: Bisharp|confusion
|
|upkeep
|turn|30
|
|t:|1601948178
|switch|p1a: Rotom|Rotom-Mow|82/100
|switch|p2a: Chansey|Chansey, F|17/100
|
|-heal|p1a: Rotom|88/100|[from] item: Leftovers
|upkeep
|turn|31
|
|t:|1601948182
|move|p1a: Rotom|Volt Switch|p2a: Chansey
|-damage|p2a: Chansey|9/100
|
|t:|1601948187
|switch|p1a: Bisharp|Bisharp, M|24/100|[from]move: Volt Switch
|move|p2a: Chansey|Soft-Boiled|p2a: Chansey
|-heal|p2a: Chansey|59/100
|
|upkeep
|turn|32
|
|t:|1601948195
|switch|p2a: Slowbro|Slowbro, M|100/100 par
|move|p1a: Bisharp|Knock Off|p2a: Slowbro
|-supereffective|p2a: Slowbro
|-damage|p2a: Slowbro|61/100 par
|
|upkeep
|turn|33
|j| Deadstar777
|
|t:|1601948199
|move|p1a: Bisharp|Knock Off|p2a: Slowbro
|-supereffective|p2a: Slowbro
|-damage|p2a: Slowbro|24/100 par
|move|p2a: Slowbro|Teleport|p2a: Slowbro
|
|t:|1601948202
|switch|p2a: Weezing|Weezing-Galar, F|42/100|[from]move: Teleport
|-ability|p2a: Weezing|Neutralizing Gas
|
|upkeep
|turn|34
|
|t:|1601948215
|switch|p1a: Rotom|Rotom-Mow|88/100
|move|p2a: Weezing|Strange Steam|p1a: Rotom|[miss]
|-miss|p2a: Weezing|p1a: Rotom
|
|-heal|p1a: Rotom|94/100|[from] item: Leftovers
|upkeep
|turn|35
|
|t:|1601948222
|switch|p2a: Chansey|Chansey, F|59/100
|move|p1a: Rotom|Volt Switch|p2a: Chansey
|-damage|p2a: Chansey|51/100
|
|t:|1601948234
|switch|p1a: Bisharp|Bisharp, M|24/100|[from]move: Volt Switch
|
|upkeep
|turn|36
|
|t:|1601948240
|switch|p2a: Pyukumuku|Pyukumuku, M|100/100
|move|p1a: Bisharp|Knock Off|p2a: Pyukumuku
|-damage|p2a: Pyukumuku|65/100
|-enditem|p2a: Pyukumuku|Heavy-Duty Boots|[from] move: Knock Off|[of] p1a: Bisharp
|
|upkeep
|turn|37
|
|t:|1601948255
|switch|p1a: Rotom|Rotom-Mow|94/100
|move|p2a: Pyukumuku|Recover|p2a: Pyukumuku
|-heal|p2a: Pyukumuku|100/100
|
|-heal|p1a: Rotom|100/100|[from] item: Leftovers
|upkeep
|turn|38
|
|t:|1601948261
|move|p1a: Rotom|Volt Switch|p2a: Pyukumuku
|-supereffective|p2a: Pyukumuku
|-damage|p2a: Pyukumuku|44/100
|
|t:|1601948269
|switch|p1a: Bisharp|Bisharp, M|24/100|[from]move: Volt Switch
|move|p2a: Pyukumuku|Recover|p2a: Pyukumuku
|-heal|p2a: Pyukumuku|94/100
|
|upkeep
|turn|39
|
|t:|1601948282
|move|p1a: Bisharp|Knock Off|p2a: Pyukumuku
|-damage|p2a: Pyukumuku|74/100
|move|p2a: Pyukumuku|Toxic|p1a: Bisharp|[miss]
|-miss|p2a: Pyukumuku|p1a: Bisharp
|
|upkeep
|turn|40
|
|t:|1601948287
|switch|p1a: Rotom|Rotom-Mow|100/100
|move|p2a: Pyukumuku|Toxic|p1a: Rotom
|-status|p1a: Rotom|tox
|
|-damage|p1a: Rotom|94/100 tox|[from] psn
|upkeep
|turn|41
|
|t:|1601948298
|switch|p2a: Chansey|Chansey, F|51/100
|move|p1a: Rotom|Volt Switch|p2a: Chansey
|-damage|p2a: Chansey|41/100
|
|t:|1601948310
|switch|p1a: Bisharp|Bisharp, M|24/100|[from]move: Volt Switch
|
|upkeep
|turn|42
|
|t:|1601948313
|switch|p1a: Rotom|Rotom-Mow|94/100 tox
|switch|p2a: Pyukumuku|Pyukumuku, M|74/100
|
|-heal|p1a: Rotom|100/100 tox|[from] item: Leftovers
|-damage|p1a: Rotom|94/100 tox|[from] psn
|upkeep
|turn|43
|
|t:|1601948320
|move|p1a: Rotom|Volt Switch|p2a: Pyukumuku
|-supereffective|p2a: Pyukumuku
|-damage|p2a: Pyukumuku|24/100
|
|t:|1601948341
|switch|p1a: Slowbro|Slowbro-Galar, F|91/100|[from]move: Volt Switch
|move|p2a: Pyukumuku|Recover|p2a: Pyukumuku
|-heal|p2a: Pyukumuku|74/100
|
|upkeep
|turn|44
|
|t:|1601948353
|switch|p2a: Chansey|Chansey, F|41/100
|move|p1a: Slowbro|Shell Side Arm|p2a: Chansey
|-damage|p2a: Chansey|19/100
|-hint|Physical Shell Side Arm
|-status|p2a: Chansey|psn
|
|-damage|p2a: Chansey|7/100 psn|[from] psn
|upkeep
|turn|45
|
|t:|1601948378
|switch|p1a: Keldeo|Keldeo-Resolute|100/100
|move|p2a: Chansey|Soft-Boiled|p2a: Chansey
|-heal|p2a: Chansey|57/100 psn
|
|-damage|p2a: Chansey|44/100 psn|[from] psn
|upkeep
|turn|46
|
|t:|1601948383
|-curestatus|p2a: Chansey|psn|[from] ability: Natural Cure
|switch|p2a: Slowbro|Slowbro, M|57/100 par
|move|p1a: Keldeo|Hydro Pump|p2a: Slowbro
|-resisted|p2a: Slowbro
|-crit|p2a: Slowbro
|-damage|p2a: Slowbro|0 fnt
|faint|p2a: Slowbro
|
|upkeep
|
|t:|1601948395
|switch|p2a: Chansey|Chansey, F|44/100
|turn|47
|
|t:|1601948403
|switch|p1a: Bisharp|Bisharp, M|24/100
|move|p2a: Chansey|Soft-Boiled|p2a: Chansey
|-heal|p2a: Chansey|94/100
|
|upkeep
|turn|48
|
|t:|1601948409
|move|p1a: Bisharp|Knock Off|p2a: Chansey
|-damage|p2a: Chansey|60/100
|-enditem|p2a: Chansey|Eviolite|[from] move: Knock Off|[of] p1a: Bisharp
|move|p2a: Chansey|Stealth Rock|p1a: Bisharp
|-sidestart|p1: Meow Tse Tung|move: Stealth Rock
|
|upkeep
|turn|49
|
|t:|1601948413
|switch|p1a: Slowbro|Slowbro-Galar, F|100/100
|-damage|p1a: Slowbro|88/100|[from] Stealth Rock
|move|p2a: Chansey|Soft-Boiled|p2a: Chansey
|-heal|p2a: Chansey|100/100
|
|upkeep
|turn|50
|
|t:|1601948416
|move|p2a: Chansey|Seismic Toss|p1a: Slowbro
|-damage|p1a: Slowbro|63/100
|move|p1a: Slowbro|Shell Side Arm|p2a: Chansey
|-damage|p2a: Chansey|69/100
|-hint|Physical Shell Side Arm
|
|upkeep
|turn|51
|
|t:|1601948421
|move|p2a: Chansey|Seismic Toss|p1a: Slowbro
|-damage|p1a: Slowbro|37/100
|move|p1a: Slowbro|Shell Side Arm|p2a: Chansey
|-damage|p2a: Chansey|37/100
|-hint|Physical Shell Side Arm
|
|upkeep
|turn|52
|
|t:|1601948424
|move|p2a: Chansey|Soft-Boiled|p2a: Chansey
|-heal|p2a: Chansey|87/100
|move|p1a: Slowbro|Shell Side Arm|p2a: Chansey
|-damage|p2a: Chansey|52/100
|-hint|Physical Shell Side Arm
|
|upkeep
|turn|53
|
|t:|1601948427
|move|p2a: Chansey|Soft-Boiled|p2a: Chansey
|-heal|p2a: Chansey|100/100
|move|p1a: Slowbro|Shell Side Arm|p2a: Chansey
|-damage|p2a: Chansey|67/100
|-hint|Physical Shell Side Arm
|
|upkeep
|turn|54
|j| 07l中国大妈
|
|t:|1601948432
|switch|p1a: Mimikyu|Mimikyu, M|100/100
|-damage|p1a: Mimikyu|88/100|[from] Stealth Rock
|move|p2a: Chansey|Seismic Toss|p1a: Mimikyu
|-immune|p1a: Mimikyu
|
|upkeep
|turn|55
|
|t:|1601948435
|switch|p1a: Slowbro|Slowbro-Galar, F|71/100
|-damage|p1a: Slowbro|58/100|[from] Stealth Rock
|switch|p2a: Pyukumuku|Pyukumuku, M|74/100
|
|upkeep
|turn|56
|
|t:|1601948439
|switch|p1a: Rotom|Rotom-Mow|94/100 tox
|-damage|p1a: Rotom|82/100 tox|[from] Stealth Rock
|move|p2a: Pyukumuku|Gastro Acid|p1a: Rotom
|-endability|p1a: Rotom
|
|-heal|p1a: Rotom|88/100 tox|[from] item: Leftovers
|-damage|p1a: Rotom|82/100 tox|[from] psn
|upkeep
|turn|57
|
|t:|1601948445
|switch|p2a: Chansey|Chansey, F|67/100
|move|p1a: Rotom|Volt Switch|p2a: Chansey
|-damage|p2a: Chansey|53/100
|
|t:|1601948449
|switch|p1a: Slowbro|Slowbro-Galar, F|91/100|[from]move: Volt Switch
|-damage|p1a: Slowbro|79/100|[from] Stealth Rock
|
|upkeep
|turn|58
|
|t:|1601948454
|move|p2a: Chansey|Seismic Toss|p1a: Slowbro
|-damage|p1a: Slowbro|54/100
|move|p1a: Slowbro|Shell Side Arm|p2a: Chansey
|-damage|p2a: Chansey|22/100
|-hint|Physical Shell Side Arm
|
|upkeep
|turn|59
|
|t:|1601948456
|move|p2a: Chansey|Soft-Boiled|p2a: Chansey
|-heal|p2a: Chansey|72/100
|move|p1a: Slowbro|Shell Side Arm|p2a: Chansey
|-damage|p2a: Chansey|38/100
|-hint|Physical Shell Side Arm
|
|upkeep
|turn|60
|l| booty
|
|t:|1601948461
|move|p2a: Chansey|Soft-Boiled|p2a: Chansey
|-heal|p2a: Chansey|88/100
|move|p1a: Slowbro|Shell Side Arm|p2a: Chansey
|-damage|p2a: Chansey|54/100
|-hint|Physical Shell Side Arm
|-status|p2a: Chansey|psn
|
|-damage|p2a: Chansey|42/100 psn|[from] psn
|upkeep
|turn|61
|
|t:|1601948464
|-curestatus|p2a: Chansey|psn|[from] ability: Natural Cure
|switch|p2a: Pyukumuku|Pyukumuku, M|74/100
|move|p1a: Slowbro|Psyshock|p2a: Pyukumuku
|-damage|p2a: Pyukumuku|51/100
|
|upkeep
|turn|62
|
|t:|1601948471
|switch|p1a: Rotom|Rotom-Mow|82/100 tox
|-damage|p1a: Rotom|69/100 tox|[from] Stealth Rock
|move|p2a: Pyukumuku|Recover|p2a: Pyukumuku
|-heal|p2a: Pyukumuku|100/100
|
|-heal|p1a: Rotom|76/100 tox|[from] item: Leftovers
|-damage|p1a: Rotom|69/100 tox|[from] psn
|upkeep
|turn|63
|
|t:|1601948475
|move|p1a: Rotom|Volt Switch|p2a: Pyukumuku
|-supereffective|p2a: Pyukumuku
|-damage|p2a: Pyukumuku|47/100
|
|t:|1601948478
|switch|p1a: Bisharp|Bisharp, M|24/100|[from]move: Volt Switch
|-damage|p1a: Bisharp|18/100|[from] Stealth Rock
|move|p2a: Pyukumuku|Recover|p2a: Pyukumuku
|-heal|p2a: Pyukumuku|97/100
|
|upkeep
|turn|64
|
|t:|1601948487
|move|p1a: Bisharp|Iron Head|p2a: Pyukumuku
|-resisted|p2a: Pyukumuku
|-damage|p2a: Pyukumuku|83/100
|move|p2a: Pyukumuku|Spite|p1a: Bisharp
|-activate|p1a: Bisharp|move: Spite|Iron Head|4
|
|upkeep
|turn|65
|
|t:|1601948491
|move|p1a: Bisharp|Iron Head|p2a: Pyukumuku
|-resisted|p2a: Pyukumuku
|-damage|p2a: Pyukumuku|69/100
|move|p2a: Pyukumuku|Spite|p1a: Bisharp
|-activate|p1a: Bisharp|move: Spite|Iron Head|4
|
|upkeep
|turn|66
|
|t:|1601948494
|switch|p1a: Rotom|Rotom-Mow|69/100 tox
|-damage|p1a: Rotom|57/100 tox|[from] Stealth Rock
|move|p2a: Pyukumuku|Recover|p2a: Pyukumuku
|-heal|p2a: Pyukumuku|100/100
|
|-heal|p1a: Rotom|63/100 tox|[from] item: Leftovers
|-damage|p1a: Rotom|57/100 tox|[from] psn
|upkeep
|turn|67
|l| Zephyyyr
|
|t:|1601948500
|switch|p2a: Chansey|Chansey, F|42/100
|move|p1a: Rotom|Volt Switch|p2a: Chansey
|-damage|p2a: Chansey|29/100
|
|t:|1601948511
|switch|p1a: Keldeo|Keldeo-Resolute|100/100|[from]move: Volt Switch
|-damage|p1a: Keldeo|94/100|[from] Stealth Rock
|
|upkeep
|turn|68
|
|t:|1601948514
|switch|p2a: Pyukumuku|Pyukumuku, M|100/100
|move|p1a: Keldeo|Secret Sword|p2a: Pyukumuku
|-damage|p2a: Pyukumuku|61/100
|
|upkeep
|turn|69
|
|t:|1601948520
|move|p1a: Keldeo|Secret Sword|p2a: Pyukumuku
|-damage|p2a: Pyukumuku|16/100
|move|p2a: Pyukumuku|Recover|p2a: Pyukumuku
|-heal|p2a: Pyukumuku|66/100
|
|upkeep
|turn|70
|
|t:|1601948522
|move|p1a: Keldeo|Secret Sword|p2a: Pyukumuku
|-damage|p2a: Pyukumuku|20/100
|move|p2a: Pyukumuku|Recover|p2a: Pyukumuku
|-heal|p2a: Pyukumuku|70/100
|
|upkeep
|turn|71
|j| Zephyyyr
|
|t:|1601948525
|move|p1a: Keldeo|Secret Sword|p2a: Pyukumuku
|-damage|p2a: Pyukumuku|24/100
|move|p2a: Pyukumuku|Recover|p2a: Pyukumuku
|-heal|p2a: Pyukumuku|74/100
|
|upkeep
|turn|72
|
|t:|1601948529
|switch|p2a: Weezing|Weezing-Galar, F|42/100
|-ability|p2a: Weezing|Neutralizing Gas
|move|p1a: Keldeo|Secret Sword|p2a: Weezing
|-resisted|p2a: Weezing
|-damage|p2a: Weezing|31/100
|
|upkeep
|turn|73
|
|t:|1601948534
|switch|p1a: Bisharp|Bisharp, M|18/100
|-damage|p1a: Bisharp|12/100|[from] Stealth Rock
|move|p2a: Weezing|Strange Steam|p1a: Bisharp
|-damage|p1a: Bisharp|0 fnt
|faint|p1a: Bisharp
|
|upkeep
|
|t:|1601948536
|switch|p1a: Rotom|Rotom-Mow|57/100 tox
|-damage|p1a: Rotom|44/100 tox|[from] Stealth Rock
|turn|74
|
|t:|1601948545
|switch|p2a: Chansey|Chansey, F|29/100
|move|p1a: Rotom|Volt Switch|p2a: Chansey
|-damage|p2a: Chansey|17/100
|
|t:|1601948548
|switch|p1a: Keldeo|Keldeo-Resolute|94/100|[from]move: Volt Switch
|-damage|p1a: Keldeo|88/100|[from] Stealth Rock
|
|upkeep
|turn|75
|
|t:|1601948555
|move|p1a: Keldeo|Secret Sword|p2a: Chansey
|-supereffective|p2a: Chansey
|-damage|p2a: Chansey|0 fnt
|faint|p2a: Chansey
|
|upkeep
|
|t:|1601948557
|switch|p2a: Weezing|Weezing-Galar, F|31/100
|-ability|p2a: Weezing|Neutralizing Gas
|turn|76
|
|t:|1601948566
|switch|p1a: Slowbro|Slowbro-Galar, F|87/100
|-damage|p1a: Slowbro|74/100|[from] Stealth Rock
|move|p2a: Weezing|Strange Steam|p1a: Slowbro
|-resisted|p1a: Slowbro
|-damage|p1a: Slowbro|65/100
|
|upkeep
|turn|77
|
|t:|1601948569
|switch|p2a: Pyukumuku|Pyukumuku, M|74/100
|move|p1a: Slowbro|Shell Side Arm|p2a: Pyukumuku
|-damage|p2a: Pyukumuku|41/100
|-hint|Special Shell Side Arm
|-status|p2a: Pyukumuku|psn
|
|-damage|p2a: Pyukumuku|29/100 psn|[from] psn
|upkeep
|turn|78
|
|t:|1601948571
|move|p1a: Slowbro|Shell Side Arm|p2a: Pyukumuku
|-damage|p2a: Pyukumuku|0 fnt
|-hint|Special Shell Side Arm
|faint|p2a: Pyukumuku
|
|upkeep
|l| Boulicrok
|c|☆Mustardman'sreturn|gg
|c|☆Meow Tse Tung|gg
|
|t:|1601948575
|switch|p2a: Weezing|Weezing-Galar, F|31/100
|-ability|p2a: Weezing|Neutralizing Gas
|turn|79
|j| Boulicrok
|
|t:|1601948577
|move|p2a: Weezing|Corrosive Gas|p1a: Slowbro
|-enditem|p1a: Slowbro|Assault Vest|[from] move: Corrosive Gas|[of] p2a: Weezing
|move|p1a: Slowbro|Psyshock|p2a: Weezing
|-supereffective|p2a: Weezing
|-damage|p2a: Weezing|0 fnt
|faint|p2a: Weezing
|
|win|Meow Tse Tung
|raw|Meow Tse Tung's rating: 1613 &rarr; <strong>1639</strong><br />(+26 for winning)
|raw|Mustardman&apos;sreturn's rating: 1730 &rarr; <strong>1703</strong><br />(-27 for losing)
