|j|☆UU baz
|j|☆Lnua
|player|p1|UU baz|ltsurge|1575
|player|p2|Lnua|misty-gen2|1372
|teamsize|p1|6
|teamsize|p2|6
|gametype|singles
|gen|8
|tier|[Gen 8] UU
|rated|
|clearpoke
|poke|p1|Sylveon, F|
|poke|p1|Gigalith, M|
|poke|p1|Noivern, F|
|poke|p1|Pangoro, F|
|poke|p1|Inteleon, F|
|poke|p1|Haxorus, F|
|poke|p2|Noivern, F|
|poke|p2|Rhyperior, F|
|poke|p2|Sylveon, F|
|poke|p2|Reuniclus, M|
|poke|p2|Milotic, M|
|poke|p2|Cobalion|
|rule|Sleep Clause Mod: Limit one foe put to sleep
|rule|Species Clause: Limit one of each Pokémon
|rule|OHKO Clause: OHKO moves are banned
|rule|Evasion Moves Clause: Evasion moves are banned
|rule|Endless Battle Clause: Forcing endless battles is banned
|rule|HP Percentage Mod: HP is shown in percentages
|rule|Dynamax Clause: You cannot dynamax
|teampreview
|
|start
|switch|p1a: Noivern|Noivern, F|100/100
|switch|p2a: Cobalion|Cobalion|100/100
|turn|1
|
|switch|p2a: yawn|Sylveon, F|100/100
|move|p1a: Noivern|Air Slash|p2a: yawn
|-damage|p2a: yawn|82/100
|
|-heal|p2a: yawn|88/100|[from] item: Leftovers
|upkeep
|turn|2
|
|switch|p1a: Sylveon|Sylveon, F|100/100
|move|p2a: yawn|Hyper Voice|p1a: Sylveon
|-damage|p1a: Sylveon|70/100
|
|-heal|p2a: yawn|94/100|[from] item: Leftovers
|upkeep
|turn|3
|
|switch|p2a: Reuniclus|Reuniclus, M|100/100
|move|p1a: Sylveon|Hyper Voice|p2a: Reuniclus
|-damage|p2a: Reuniclus|62/100
|
|upkeep
|turn|4
|
|move|p1a: Sylveon|Hyper Voice|p2a: Reuniclus
|-damage|p2a: Reuniclus|27/100
|move|p2a: Reuniclus|Knock Off|p1a: Sylveon
|-resisted|p1a: Sylveon
|-damage|p1a: Sylveon|60/100
|-enditem|p1a: Sylveon|Choice Specs|[from] move: Knock Off|[of] p2a: Reuniclus
|
|upkeep
|turn|5
|
|switch|p2a: Milotic|Milotic, M|100/100
|move|p1a: Sylveon|Hyper Voice|p2a: Milotic
|-damage|p2a: Milotic|63/100
|
|-heal|p2a: Milotic|69/100|[from] item: Leftovers
|upkeep
|turn|6
|
|move|p1a: Sylveon|Hyper Voice|p2a: Milotic
|-damage|p2a: Milotic|31/100
|move|p2a: Milotic|Recover|p2a: Milotic
|-heal|p2a: Milotic|81/100
|
|-heal|p2a: Milotic|87/100|[from] item: Leftovers
|upkeep
|turn|7
|
|move|p1a: Sylveon|Hyper Voice|p2a: Milotic
|-damage|p2a: Milotic|49/100
|move|p2a: Milotic|Toxic|p1a: Sylveon
|-status|p1a: Sylveon|tox
|
|-heal|p2a: Milotic|55/100|[from] item: Leftovers
|-damage|p1a: Sylveon|54/100 tox|[from] psn
|upkeep
|turn|8
|
|move|p2a: Milotic|Recover|p2a: Milotic
|-heal|p2a: Milotic|100/100
|move|p1a: Sylveon|Hyper Beam|p2a: Milotic
|-damage|p2a: Milotic|46/100
|-mustrecharge|p1a: Sylveon
|
|-heal|p2a: Milotic|52/100|[from] item: Leftovers
|-damage|p1a: Sylveon|42/100 tox|[from] psn
|upkeep
|turn|9
|c|☆UU baz|wtf that was a speed tie
|c|☆UU baz|lol
|c|☆Lnua|idk lol
|-message|UU baz forfeited.
|
|win|Lnua
|l|☆UU baz
|c|☆Lnua|I was shocked tbh
|raw|UU baz's rating: 1575 &rarr; <strong>1545</strong><br />(-30 for losing)
|raw|Lnua's rating: 1380 &rarr; <strong>1410</strong><br />(+30 for winning)
