|j|☆HaxxLR
|j|☆Mimilucha
|t:|1659388398
|gametype|singles
|player|p1|HaxxLR|grimsley|
|player|p2|Mimilucha|lucas|
|teamsize|p1|6
|teamsize|p2|6
|gen|8
|tier|[Gen 8] UU
|rule|Sleep Clause Mod: Limit one foe put to sleep
|rule|Species Clause: Limit one of each Pokémon
|rule|OHKO Clause: OHKO moves are banned
|rule|Evasion Moves Clause: Evasion moves are banned
|rule|Endless Battle Clause: Forcing endless battles is banned
|rule|HP Percentage Mod: HP is shown in percentages
|rule|Dynamax Clause: You cannot dynamax
|clearpoke
|poke|p1|Nidoqueen, F|
|poke|p1|Keldeo-Resolute|
|poke|p1|Hydreigon, F|
|poke|p1|Scizor, F|
|poke|p1|Tangrowth, F|
|poke|p1|Rotom-Heat|
|poke|p2|Thundurus-Therian, M|
|poke|p2|Diggersby, F|
|poke|p2|Amoonguss, F|
|poke|p2|Cobalion|
|poke|p2|Salamence, M|
|poke|p2|Primarina, F|
|teampreview
|inactive|Battle timer is ON: inactive players will automatically lose when time's up. (requested by Mimilucha)
|c|☆Mimilucha|hf
|c|☆HaxxLR|hf
|inactive|HaxxLR has 270 seconds left.
|inactive|Mimilucha has 270 seconds left.
|inactive|HaxxLR has 240 seconds left.
|inactive|Mimilucha has 240 seconds left.
|j|+susciety
|inactive|HaxxLR has 210 seconds left.
|
|t:|1659388512
|start
|switch|p1a: Hydreigon|Hydreigon, F|100/100
|switch|p2a: Thundurus|Thundurus-Therian, M|100/100
|turn|1
|j| h4g
|inactive|Mimilucha has 270 seconds left.
|
|t:|1659388537
|switch|p2a: Amoonguss|Amoonguss, F|100/100
|move|p1a: Hydreigon|U-turn|p2a: Amoonguss
|-damage|p2a: Amoonguss|89/100
|-enditem|p2a: Amoonguss|Eject Button
|inactive|Mimilucha has 270 seconds left.
|j| destroyingpotato
|l| h4g
|
|t:|1659388554
|switch|p2a: Diggersby|Diggersby, F|100/100
|
|upkeep
|turn|2
|
|t:|1659388566
|move|p1a: Hydreigon|U-turn|p2a: Diggersby
|-damage|p2a: Diggersby|79/100
|j| h4g
|j| breaking monitor$
|inactive|HaxxLR has 240 seconds left.
|
|t:|1659388616
|switch|p1a: Scizor|Scizor, F|100/100|[from]move: U-turn
|move|p2a: Diggersby|Knock Off|p1a: Scizor
|-damage|p1a: Scizor|66/100
|-enditem|p1a: Scizor|Heavy-Duty Boots|[from] move: Knock Off|[of] p2a: Diggersby
|
|upkeep
|turn|3
|inactive|Mimilucha has 270 seconds left.
|j| LT91BB Anto
|
|t:|1659388629
|switch|p2a: Amoonguss|Amoonguss, F|100/100
|move|p1a: Scizor|Knock Off|p2a: Amoonguss
|-damage|p2a: Amoonguss|86/100
|
|upkeep
|turn|4
|inactive|Mimilucha has 270 seconds left.
|
|t:|1659388637
|move|p1a: Scizor|Roost|p1a: Scizor
|-heal|p1a: Scizor|100/100
|-singleturn|p1a: Scizor|move: Roost
|move|p2a: Amoonguss|Spore|p1a: Scizor
|-status|p1a: Scizor|slp|[from] move: Spore
|
|upkeep
|turn|5
|l| h4g
|
|t:|1659388656
|switch|p1a: Hydreigon|Hydreigon, F|100/100
|switch|p2a: Thundurus|Thundurus-Therian, M|100/100
|
|upkeep
|turn|6
|inactive|Mimilucha has 270 seconds left.
|inactive|HaxxLR has 210 seconds left.
|
|t:|1659388698
|move|p1a: Hydreigon|U-turn|p2a: Thundurus
|-resisted|p2a: Thundurus
|-damage|p2a: Thundurus|89/100
|
|t:|1659388704
|switch|p1a: Scizor|Scizor, F|100/100 slp|[from]move: U-turn
|move|p2a: Thundurus|Focus Blast|p1a: Scizor
|-damage|p1a: Scizor|60/100 slp
|
|upkeep
|turn|7
|inactive|HaxxLR has 180 seconds left.
|inactive|Mimilucha has 270 seconds left.
|
|t:|1659388765
|switch|p1a: Rotom|Rotom-Heat|100/100
|move|p2a: Thundurus|Focus Blast|p1a: Rotom
|-damage|p1a: Rotom|52/100
|-unboost|p1a: Rotom|spd|1
|
|upkeep
|turn|8
|inactive|Mimilucha has 270 seconds left.
|inactive|HaxxLR has 150 seconds left.
|
|t:|1659388803
|switch|p1a: Tangrowth|Tangrowth, F|100/100
|move|p2a: Thundurus|Psychic|p1a: Tangrowth
|-damage|p1a: Tangrowth|76/100
|
|upkeep
|turn|9
|l| LT91BB Anto
|inactive|HaxxLR has 150 seconds left.
|j| LT91BB Anto
|
|t:|1659388822
|move|p2a: Thundurus|Volt Switch|p1a: Tangrowth
|-resisted|p1a: Tangrowth
|-damage|p1a: Tangrowth|63/100
|
|t:|1659388835
|switch|p2a: Cobalion|Cobalion|100/100|[from]move: Volt Switch
|move|p1a: Tangrowth|Sludge Bomb|p2a: Cobalion
|-immune|p2a: Cobalion
|
|upkeep
|turn|10
|
|t:|1659388849
|switch|p1a: Nidoqueen|Nidoqueen, F|100/100
|move|p2a: Cobalion|Stealth Rock|p1a: Nidoqueen
|-sidestart|p1: HaxxLR|move: Stealth Rock
|
|upkeep
|turn|11
|inactive|HaxxLR has 150 seconds left.
|inactive|Mimilucha has 240 seconds left.
|inactive|HaxxLR has 120 seconds left.
|
|t:|1659388898
|move|p2a: Cobalion|Close Combat|p1a: Nidoqueen
|-resisted|p1a: Nidoqueen
|-damage|p1a: Nidoqueen|76/100
|-unboost|p2a: Cobalion|def|1
|-unboost|p2a: Cobalion|spd|1
|move|p1a: Nidoqueen|Stealth Rock|p2a: Cobalion
|-sidestart|p2: Mimilucha|move: Stealth Rock
|
|upkeep
|turn|12
|inactive|HaxxLR has 120 seconds left.
|
|t:|1659388928
|switch|p2a: Thundurus|Thundurus-Therian, M|89/100
|move|p1a: Nidoqueen|Sludge Wave|p2a: Thundurus
|-damage|p2a: Thundurus|0 fnt
|faint|p2a: Thundurus
|
|upkeep
|l| LT91BB Anto
|
|t:|1659388936
|switch|p2a: Diggersby|Diggersby, F|79/100
|-damage|p2a: Diggersby|73/100|[from] Stealth Rock
|turn|13
|inactive|HaxxLR has 90 seconds left.
|
|t:|1659388967
|switch|p1a: Scizor|Scizor, F|60/100 slp
|-damage|p1a: Scizor|47/100 slp|[from] Stealth Rock
|move|p2a: Diggersby|Body Slam|p1a: Scizor
|-resisted|p1a: Scizor
|-damage|p1a: Scizor|22/100 slp
|
|upkeep
|turn|14
|inactive|HaxxLR has 90 seconds left.
|
|t:|1659388991
|cant|p1a: Scizor|slp
|move|p2a: Diggersby|Body Slam|p1a: Scizor
|-resisted|p1a: Scizor
|-damage|p1a: Scizor|0 fnt
|faint|p1a: Scizor
|
|upkeep
|j| Ryuji-Sensei
|inactive|HaxxLR has 60 seconds left.
|
|t:|1659389019
|switch|p1a: Tangrowth|Tangrowth, F|96/100
|-damage|p1a: Tangrowth|83/100|[from] Stealth Rock
|turn|15
|inactive|HaxxLR has 60 seconds left.
|
|t:|1659389029
|switch|p2a: Cobalion|Cobalion|100/100
|-damage|p2a: Cobalion|97/100|[from] Stealth Rock
|switch|p1a: Nidoqueen|Nidoqueen, F|76/100
|-damage|p1a: Nidoqueen|70/100|[from] Stealth Rock
|
|upkeep
|turn|16
|l| Ryuji-Sensei
|inactive|Mimilucha has 240 seconds left.
|inactive|HaxxLR has 60 seconds left.
|inactive|Mimilucha has 210 seconds left.
|
|t:|1659389090
|switch|p2a: Salamence|Salamence, M|100/100
|-ability|p2a: Salamence|Intimidate|boost
|-unboost|p1a: Nidoqueen|atk|1
|move|p1a: Nidoqueen|Earth Power|p2a: Salamence
|-immune|p2a: Salamence
|
|upkeep
|turn|17
|inactive|HaxxLR has 60 seconds left.
|inactive|HaxxLR has 30 seconds left.
|
|t:|1659389134
|switch|p1a: Rotom|Rotom-Heat|52/100
|move|p2a: Salamence|Flamethrower|p1a: Rotom
|-resisted|p1a: Rotom
|-damage|p1a: Rotom|41/100
|
|upkeep
|turn|18
|inactive|HaxxLR has 30 seconds left.
|
|t:|1659389147
|move|p1a: Rotom|Pain Split|p2a: Salamence
|-sethp|p2a: Salamence|66/100|[from] move: Pain Split|[silent]
|-sethp|p1a: Rotom|85/100|[from] move: Pain Split
|move|p2a: Salamence|Toxic|p1a: Rotom
|-status|p1a: Rotom|tox
|
|-damage|p1a: Rotom|79/100 tox|[from] psn
|upkeep
|turn|19
|inactive|HaxxLR has 30 seconds left.
|
|t:|1659389159
|move|p1a: Rotom|Toxic|p2a: Salamence
|-status|p2a: Salamence|tox
|move|p2a: Salamence|Toxic|p1a: Rotom
|-fail|p1a: Rotom|tox
|
|-damage|p1a: Rotom|67/100 tox|[from] psn
|-damage|p2a: Salamence|60/100 tox|[from] psn
|upkeep
|turn|20
|inactive|HaxxLR has 30 seconds left.
|j| Tenshinhan
|inactive|HaxxLR has 20 seconds left.
|
|t:|1659389177
|move|p1a: Rotom|Volt Switch|p2a: Salamence
|-damage|p2a: Salamence|32/100 tox
|inactive|HaxxLR has 25 seconds left this turn.
|inactive|HaxxLR has 20 seconds left.
|inactive|HaxxLR has 15 seconds left.
|
|t:|1659389189
|switch|p1a: Hydreigon|Hydreigon, F|100/100|[from]move: Volt Switch
|-damage|p1a: Hydreigon|88/100|[from] Stealth Rock
|move|p2a: Salamence|Roost|p2a: Salamence
|-heal|p2a: Salamence|82/100 tox
|-singleturn|p2a: Salamence|move: Roost
|
|-damage|p2a: Salamence|70/100 tox|[from] psn
|upkeep
|turn|21
|inactive|HaxxLR has 25 seconds left this turn.
|inactive|HaxxLR has 20 seconds left.
|inactive|Mimilucha has 240 seconds left.
|
|t:|1659389201
|move|p1a: Hydreigon|U-turn|p2a: Salamence
|-resisted|p2a: Salamence
|-damage|p2a: Salamence|64/100 tox
|inactive|HaxxLR has 25 seconds left this turn.
|
|t:|1659389205
|switch|p1a: Rotom|Rotom-Heat|67/100 tox|[from]move: U-turn
|move|p2a: Salamence|Toxic|p1a: Rotom
|-fail|p1a: Rotom|tox
|
|-damage|p1a: Rotom|60/100 tox|[from] psn
|-damage|p2a: Salamence|46/100 tox|[from] psn
|upkeep
|turn|22
|inactive|HaxxLR has 30 seconds left.
|
|t:|1659389213
|move|p1a: Rotom|Volt Switch|p2a: Salamence
|-damage|p2a: Salamence|17/100 tox
|inactive|HaxxLR has 30 seconds left.
|
|t:|1659389223
|switch|p1a: Hydreigon|Hydreigon, F|88/100|[from]move: Volt Switch
|-damage|p1a: Hydreigon|76/100|[from] Stealth Rock
|move|p2a: Salamence|Flamethrower|p1a: Hydreigon
|-resisted|p1a: Hydreigon
|-damage|p1a: Hydreigon|64/100
|
|-damage|p2a: Salamence|0 fnt|[from] psn
|faint|p2a: Salamence
|upkeep
|inactive|HaxxLR has 30 seconds left this turn.
|
|t:|1659389233
|switch|p2a: Primarina|Primarina, F|100/100
|-damage|p2a: Primarina|88/100|[from] Stealth Rock
|turn|23
|
|t:|1659389237
|move|p1a: Hydreigon|U-turn|p2a: Primarina
|-resisted|p2a: Primarina
|-damage|p2a: Primarina|80/100
|
|t:|1659389241
|switch|p1a: Tangrowth|Tangrowth, F|100/100|[from]move: U-turn
|-damage|p1a: Tangrowth|88/100|[from] Stealth Rock
|move|p2a: Primarina|Moonblast|p1a: Tangrowth
|-damage|p1a: Tangrowth|61/100
|
|-heal|p2a: Primarina|86/100|[from] item: Leftovers
|upkeep
|turn|24
|inactive|Mimilucha has 270 seconds left.
|inactive|HaxxLR has 30 seconds left.
|inactive|Mimilucha has 240 seconds left.
|inactive|HaxxLR has 20 seconds left.
|
|t:|1659389284
|switch|p2a: Cobalion|Cobalion|97/100
|-damage|p2a: Cobalion|94/100|[from] Stealth Rock
|move|p1a: Tangrowth|Earthquake|p2a: Cobalion
|-supereffective|p2a: Cobalion
|-damage|p2a: Cobalion|56/100
|
|upkeep
|turn|25
|inactive|HaxxLR has 30 seconds left this turn.
|inactive|Mimilucha has 240 seconds left.
|inactive|HaxxLR has 20 seconds left.
|
|t:|1659389298
|switch|p1a: Nidoqueen|Nidoqueen, F|70/100
|-damage|p1a: Nidoqueen|64/100|[from] Stealth Rock
|move|p2a: Cobalion|Stone Edge|p1a: Nidoqueen|[miss]
|-miss|p2a: Cobalion|p1a: Nidoqueen
|
|upkeep
|turn|26
|inactive|HaxxLR has 30 seconds left this turn.
|
|t:|1659389304
|move|p2a: Cobalion|Close Combat|p1a: Nidoqueen
|-resisted|p1a: Nidoqueen
|-damage|p1a: Nidoqueen|36/100
|-unboost|p2a: Cobalion|def|1
|-unboost|p2a: Cobalion|spd|1
|move|p1a: Nidoqueen|Earth Power|p2a: Cobalion
|-supereffective|p2a: Cobalion
|-damage|p2a: Cobalion|0 fnt
|faint|p2a: Cobalion
|
|upkeep
|inactive|HaxxLR has 30 seconds left this turn.
|
|t:|1659389309
|switch|p2a: Diggersby|Diggersby, F|73/100
|-damage|p2a: Diggersby|67/100|[from] Stealth Rock
|turn|27
|inactive|HaxxLR has 30 seconds left.
|inactive|HaxxLR has 20 seconds left.
|
|t:|1659389332
|switch|p1a: Rotom|Rotom-Heat|60/100 tox
|move|p2a: Diggersby|Body Slam|p1a: Rotom
|-damage|p1a: Rotom|7/100 tox
|
|-damage|p1a: Rotom|1/100 tox|[from] psn
|upkeep
|turn|28
|inactive|HaxxLR has 30 seconds left this turn.
|
|t:|1659389340
|move|p2a: Diggersby|Body Slam|p1a: Rotom
|-damage|p1a: Rotom|0 fnt
|faint|p1a: Rotom
|
|upkeep
|inactive|HaxxLR has 30 seconds left this turn.
|
|t:|1659389347
|switch|p1a: Tangrowth|Tangrowth, F|95/100
|-damage|p1a: Tangrowth|82/100|[from] Stealth Rock
|turn|29
|inactive|HaxxLR has 30 seconds left.
|inactive|HaxxLR has 20 seconds left.
|inactive|HaxxLR has 15 seconds left.
|
|t:|1659389369
|switch|p2a: Amoonguss|Amoonguss, F|100/100
|-damage|p2a: Amoonguss|88/100|[from] Stealth Rock
|switch|p1a: Nidoqueen|Nidoqueen, F|36/100
|-damage|p1a: Nidoqueen|30/100|[from] Stealth Rock
|
|upkeep
|turn|30
|inactive|HaxxLR has 25 seconds left this turn.
|inactive|HaxxLR has 20 seconds left.
|inactive|HaxxLR has 15 seconds left.
|inactive|HaxxLR has 10 seconds left.
|inactive|Mimilucha has 270 seconds left.
|
|t:|1659389386
|switch|p1a: Tangrowth|Tangrowth, F|100/100
|-damage|p1a: Tangrowth|88/100|[from] Stealth Rock
|move|p2a: Amoonguss|Foul Play|p1a: Tangrowth
|-damage|p1a: Tangrowth|74/100
|
|upkeep
|turn|31
|inactive|HaxxLR has 20 seconds left this turn.
|inactive|HaxxLR has 15 seconds left.
|
|t:|1659389396
|switch|p1a: Nidoqueen|Nidoqueen, F|30/100
|-damage|p1a: Nidoqueen|24/100|[from] Stealth Rock
|move|p2a: Amoonguss|Sludge Bomb|p1a: Nidoqueen
|-resisted|p1a: Nidoqueen
|-damage|p1a: Nidoqueen|18/100
|
|upkeep
|turn|32
|inactive|HaxxLR has 25 seconds left this turn.
|inactive|HaxxLR has 20 seconds left.
|
|t:|1659389401
|move|p1a: Nidoqueen|Sludge Wave|p2a: Amoonguss
|-damage|p2a: Amoonguss|28/100
|move|p2a: Amoonguss|Foul Play|p1a: Nidoqueen
|-damage|p1a: Nidoqueen|0 fnt
|faint|p1a: Nidoqueen
|
|upkeep
|inactive|HaxxLR has 25 seconds left this turn.
|inactive|HaxxLR has 20 seconds left.
|inactive|HaxxLR has 15 seconds left.
|
|t:|1659389412
|switch|p1a: Keldeo|Keldeo-Resolute|100/100
|-damage|p1a: Keldeo|94/100|[from] Stealth Rock
|turn|33
|inactive|HaxxLR has 25 seconds left this turn.
|inactive|HaxxLR has 20 seconds left.
|
|t:|1659389418
|switch|p2a: Primarina|Primarina, F|86/100
|-damage|p2a: Primarina|74/100|[from] Stealth Rock
|move|p1a: Keldeo|Substitute|p1a: Keldeo
|-start|p1a: Keldeo|Substitute
|-damage|p1a: Keldeo|70/100
|
|-heal|p1a: Keldeo|76/100|[from] item: Leftovers
|-heal|p2a: Primarina|80/100|[from] item: Leftovers
|upkeep
|turn|34
|inactive|HaxxLR has 30 seconds left this turn.
|
|t:|1659389425
|move|p1a: Keldeo|Calm Mind|p1a: Keldeo
|-boost|p1a: Keldeo|spa|1
|-boost|p1a: Keldeo|spd|1
|move|p2a: Primarina|Moonblast|p1a: Keldeo
|-supereffective|p1a: Keldeo
|-end|p1a: Keldeo|Substitute
|
|-heal|p1a: Keldeo|82/100|[from] item: Leftovers
|-heal|p2a: Primarina|86/100|[from] item: Leftovers
|upkeep
|turn|35
|inactive|HaxxLR has 30 seconds left.
|inactive|HaxxLR has 20 seconds left.
|inactive|HaxxLR has 15 seconds left.
|
|t:|1659389450
|switch|p1a: Tangrowth|Tangrowth, F|100/100
|-damage|p1a: Tangrowth|88/100|[from] Stealth Rock
|move|p2a: Primarina|Moonblast|p1a: Tangrowth
|-damage|p1a: Tangrowth|63/100
|-unboost|p1a: Tangrowth|spa|1
|
|-heal|p2a: Primarina|92/100|[from] item: Leftovers
|upkeep
|turn|36
|inactive|HaxxLR has 25 seconds left this turn.
|inactive|HaxxLR has 20 seconds left.
|
|t:|1659389458
|switch|p2a: Amoonguss|Amoonguss, F|61/100
|-damage|p2a: Amoonguss|48/100|[from] Stealth Rock
|move|p1a: Tangrowth|Earthquake|p2a: Amoonguss
|-damage|p2a: Amoonguss|32/100
|
|upkeep
|turn|37
|inactive|HaxxLR has 30 seconds left this turn.
|inactive|HaxxLR has 20 seconds left.
|
|t:|1659389469
|move|p1a: Tangrowth|Earthquake|p2a: Amoonguss
|-damage|p2a: Amoonguss|14/100
|move|p2a: Amoonguss|Sludge Bomb|p1a: Tangrowth
|-supereffective|p1a: Tangrowth
|-damage|p1a: Tangrowth|25/100
|
|upkeep
|turn|38
|inactive|HaxxLR has 30 seconds left this turn.
|
|t:|1659389479
|switch|p2a: Diggersby|Diggersby, F|67/100
|-damage|p2a: Diggersby|61/100|[from] Stealth Rock
|move|p1a: Tangrowth|Earthquake|p2a: Diggersby
|-damage|p2a: Diggersby|29/100
|
|upkeep
|turn|39
|
|t:|1659389483
|switch|p1a: Keldeo|Keldeo-Resolute|82/100
|-damage|p1a: Keldeo|76/100|[from] Stealth Rock
|move|p2a: Diggersby|Body Slam|p1a: Keldeo
|-damage|p1a: Keldeo|13/100
|
|-heal|p1a: Keldeo|19/100|[from] item: Leftovers
|upkeep
|turn|40
|
|t:|1659389489
|move|p2a: Diggersby|Body Slam|p1a: Keldeo
|-damage|p1a: Keldeo|0 fnt
|faint|p1a: Keldeo
|
|upkeep
|
|t:|1659389492
|switch|p1a: Hydreigon|Hydreigon, F|64/100
|-damage|p1a: Hydreigon|52/100|[from] Stealth Rock
|turn|41
|
|t:|1659389499
|move|p1a: Hydreigon|Dark Pulse|p2a: Diggersby
|-damage|p2a: Diggersby|0 fnt
|faint|p2a: Diggersby
|
|upkeep
|
|t:|1659389501
|switch|p2a: Primarina|Primarina, F|92/100
|-damage|p2a: Primarina|79/100|[from] Stealth Rock
|turn|42
|inactive|HaxxLR has 60 seconds left.
|
|t:|1659389509
|switch|p1a: Tangrowth|Tangrowth, F|58/100
|-damage|p1a: Tangrowth|46/100|[from] Stealth Rock
|move|p2a: Primarina|Moonblast|p1a: Tangrowth
|-damage|p1a: Tangrowth|17/100
|-unboost|p1a: Tangrowth|spa|1
|
|-heal|p2a: Primarina|85/100|[from] item: Leftovers
|upkeep
|turn|43
|
|t:|1659389517
|move|p2a: Primarina|Moonblast|p1a: Tangrowth
|-damage|p1a: Tangrowth|0 fnt
|faint|p1a: Tangrowth
|
|-heal|p2a: Primarina|91/100|[from] item: Leftovers
|upkeep
|
|t:|1659389519
|switch|p1a: Hydreigon|Hydreigon, F|52/100
|-damage|p1a: Hydreigon|39/100|[from] Stealth Rock
|turn|44
|c|☆HaxxLR|gg
|
|t:|1659389524
|move|p1a: Hydreigon|Dark Pulse|p2a: Primarina
|-resisted|p2a: Primarina
|-damage|p2a: Primarina|77/100
|move|p2a: Primarina|Moonblast|p1a: Hydreigon
|-supereffective|p1a: Hydreigon
|-damage|p1a: Hydreigon|0 fnt
|faint|p1a: Hydreigon
|
|win|Mimilucha
|c|☆Mimilucha|fiou
|c|☆Mimilucha|gg
|l| Tenshinhan
|l|☆HaxxLR
|l|+susciety
