|j|☆cometsedge
|j|☆Eazigzagoon
|t:|1657797554
|gametype|singles
|player|p1|cometsedge|169|1182
|player|p2|Eazigzagoon|tuberf|1446
|teamsize|p1|6
|teamsize|p2|6
|gen|8
|tier|[Gen 8] UU
|rated|
|rule|Sleep Clause Mod: Limit one foe put to sleep
|rule|Species Clause: Limit one of each Pokémon
|rule|OHKO Clause: OHKO moves are banned
|rule|Evasion Moves Clause: Evasion moves are banned
|rule|Endless Battle Clause: Forcing endless battles is banned
|rule|HP Percentage Mod: HP is shown in percentages
|rule|Dynamax Clause: You cannot dynamax
|clearpoke
|poke|p1|Amoonguss, M|
|poke|p1|Milotic, M|
|poke|p1|Durant, F|
|poke|p1|Rotom-Heat|
|poke|p1|Noivern, F|
|poke|p1|Crawdaunt, M|
|poke|p2|Dhelmise|
|poke|p2|Registeel|
|poke|p2|Hippowdon, F|
|poke|p2|Scizor, M|
|poke|p2|Slowking, F|
|poke|p2|Rotom-Wash|
|teampreview
|inactive|Battle timer is ON: inactive players will automatically lose when time's up. (requested by cometsedge)
|j| amygoen
|
|t:|1657797568
|start
|switch|p1a: Hot Wangs|Noivern, F, shiny|100/100
|switch|p2a: Rotom|Rotom-Wash|100/100
|-item|p2a: Rotom|Choice Scarf|[from] ability: Frisk|[of] p1a: Hot Wangs|[identify]
|turn|1
|c| amygoen|ooo
|
|t:|1657797587
|move|p2a: Rotom|Volt Switch|p1a: Hot Wangs
|-damage|p1a: Hot Wangs|59/100
|c|☆Eazigzagoon|hey :)
|
|t:|1657797595
|switch|p2a: Slowking|Slowking, F|100/100|[from]move: Volt Switch
|move|p1a: Hot Wangs|U-turn|p2a: Slowking
|-supereffective|p2a: Slowking
|-damage|p2a: Slowking|84/100
|
|t:|1657797602
|switch|p1a: Crawdaddy|Crawdaunt, M|100/100|[from]move: U-turn
|
|upkeep
|turn|2
|
|t:|1657797607
|move|p1a: Crawdaddy|Knock Off|p2a: Slowking
|-supereffective|p2a: Slowking
|-enditem|p2a: Slowking|Colbur Berry|[eat]
|-enditem|p2a: Slowking|Colbur Berry|[weaken]
|-damage|p2a: Slowking|20/100
|-damage|p1a: Crawdaddy|91/100|[from] item: Life Orb
|move|p2a: Slowking|Teleport|p2a: Slowking
|
|t:|1657797624
|switch|p2a: Registeel|Registeel|100/100|[from]move: Teleport
|
|upkeep
|turn|3
|
|t:|1657797634
|move|p1a: Crawdaddy|Knock Off|p2a: Registeel
|-damage|p2a: Registeel|55/100
|-enditem|p2a: Registeel|Chesto Berry|[from] move: Knock Off|[of] p1a: Crawdaddy
|-damage|p1a: Crawdaddy|81/100|[from] item: Life Orb
|move|p2a: Registeel|Iron Defense|p2a: Registeel
|-boost|p2a: Registeel|def|2
|
|upkeep
|turn|4
|
|t:|1657797642
|switch|p1a: Hot Wangs|Noivern, F, shiny|59/100
|move|p2a: Registeel|Amnesia|p2a: Registeel
|-boost|p2a: Registeel|spd|2
|
|upkeep
|turn|5
|
|t:|1657797650
|move|p1a: Hot Wangs|Flamethrower|p2a: Registeel
|-supereffective|p2a: Registeel
|-damage|p2a: Registeel|26/100
|move|p2a: Registeel|Rest|p2a: Registeel
|-status|p2a: Registeel|slp|[from] move: Rest
|-heal|p2a: Registeel|100/100 slp|[silent]
|
|upkeep
|turn|6
|
|t:|1657797660
|move|p1a: Hot Wangs|Flamethrower|p2a: Registeel
|-supereffective|p2a: Registeel
|-damage|p2a: Registeel|71/100 slp
|cant|p2a: Registeel|slp
|
|upkeep
|turn|7
|
|t:|1657797664
|move|p1a: Hot Wangs|Flamethrower|p2a: Registeel
|-supereffective|p2a: Registeel
|-damage|p2a: Registeel|43/100 slp
|cant|p2a: Registeel|slp
|
|upkeep
|turn|8
|
|t:|1657797675
|switch|p1a: Not imposter|Amoonguss, M, shiny|100/100
|-curestatus|p2a: Registeel|slp|[msg]
|move|p2a: Registeel|Rest|p2a: Registeel
|-status|p2a: Registeel|slp|[from] move: Rest
|-heal|p2a: Registeel|100/100 slp|[silent]
|
|upkeep
|turn|9
|
|t:|1657797683
|switch|p1a: Hot Wangs|Noivern, F, shiny|59/100
|cant|p2a: Registeel|slp
|
|upkeep
|turn|10
|
|t:|1657797689
|move|p1a: Hot Wangs|Flamethrower|p2a: Registeel
|-supereffective|p2a: Registeel
|-damage|p2a: Registeel|74/100 slp
|cant|p2a: Registeel|slp
|
|upkeep
|turn|11
|
|t:|1657797692
|move|p1a: Hot Wangs|Flamethrower|p2a: Registeel
|-supereffective|p2a: Registeel
|-crit|p2a: Registeel
|-damage|p2a: Registeel|0 fnt
|faint|p2a: Registeel
|
|upkeep
|
|t:|1657797699
|switch|p2a: Slowking|Slowking, F|53/100
|turn|12
|c|☆cometsedge|Thank goodness lol
|c|☆Eazigzagoon|ahaha
|
|t:|1657797716
|switch|p1a: Not imposter|Amoonguss, M, shiny|100/100
|move|p2a: Slowking|Teleport|p2a: Slowking
|
|t:|1657797731
|switch|p2a: Rotom|Rotom-Wash|100/100|[from]move: Teleport
|
|upkeep
|turn|13
|
|t:|1657797745
|move|p2a: Rotom|Trick|p1a: Not imposter
|-activate|p2a: Rotom|move: Trick|[of] p1a: Not imposter
|-item|p1a: Not imposter|Choice Scarf|[from] move: Trick
|-item|p2a: Rotom|Black Sludge|[from] move: Trick
|move|p1a: Not imposter|Spore|p2a: Rotom
|-status|p2a: Rotom|slp|[from] move: Spore
|
|-damage|p2a: Rotom|88/100 slp|[from] item: Black Sludge
|upkeep
|turn|14
|
|t:|1657797761
|switch|p2a: Scizor|Scizor, M|100/100
|switch|p1a: Half baked|Rotom-Heat, shiny|100/100
|
|upkeep
|turn|15
|
|t:|1657797767
|switch|p2a: Hippowdon|Hippowdon, F|100/100
|-weather|Sandstorm|[from] ability: Sand Stream|[of] p2a: Hippowdon
|move|p1a: Half baked|Will-O-Wisp|p2a: Hippowdon
|-status|p2a: Hippowdon|brn
|
|-weather|Sandstorm|[upkeep]
|-damage|p1a: Half baked|94/100|[from] Sandstorm
|-damage|p2a: Hippowdon|94/100 brn|[from] brn
|upkeep
|turn|16
|
|t:|1657797781
|switch|p1a: Not imposter|Amoonguss, M, shiny|100/100
|move|p2a: Hippowdon|Stealth Rock|p1a: Not imposter
|-sidestart|p1: cometsedge|move: Stealth Rock
|
|-weather|Sandstorm|[upkeep]
|-damage|p1a: Not imposter|94/100|[from] Sandstorm
|-heal|p2a: Hippowdon|100/100 brn|[from] item: Leftovers
|-damage|p2a: Hippowdon|94/100 brn|[from] brn
|upkeep
|turn|17
|
|t:|1657797786
|switch|p2a: Dhelmise|Dhelmise|100/100
|move|p1a: Not imposter|Giga Drain|p2a: Dhelmise
|-resisted|p2a: Dhelmise
|-damage|p2a: Dhelmise|87/100
|-heal|p1a: Not imposter|99/100|[from] drain|[of] p2a: Dhelmise
|
|-weather|Sandstorm|[upkeep]
|-damage|p1a: Not imposter|93/100|[from] Sandstorm
|-damage|p2a: Dhelmise|81/100|[from] Sandstorm
|upkeep
|turn|18
|
|t:|1657797790
|switch|p1a: Half baked|Rotom-Heat, shiny|94/100
|move|p2a: Dhelmise|Anchor Shot|p1a: Half baked
|-resisted|p1a: Half baked
|-damage|p1a: Half baked|79/100
|-activate|p1a: Half baked|trapped
|
|-weather|Sandstorm|[upkeep]
|-damage|p1a: Half baked|73/100|[from] Sandstorm
|-damage|p2a: Dhelmise|75/100|[from] Sandstorm
|upkeep
|turn|19
|
|t:|1657797797
|switch|p2a: Hippowdon|Hippowdon, F|94/100 brn
|move|p1a: Half baked|Will-O-Wisp|p2a: Hippowdon
|-fail|p2a: Hippowdon|brn
|
|-weather|none
|-heal|p2a: Hippowdon|100/100 brn|[from] item: Leftovers
|-damage|p2a: Hippowdon|94/100 brn|[from] brn
|upkeep
|turn|20
|
|t:|1657797809
|switch|p2a: Dhelmise|Dhelmise|75/100
|move|p1a: Half baked|Defog|p2a: Dhelmise
|-unboost|p2a: Dhelmise|evasion|1
|-sideend|p1: cometsedge|Stealth Rock|[from] move: Defog|[of] p1a: Half baked
|
|upkeep
|turn|21
|
|t:|1657797815
|switch|p2a: Hippowdon|Hippowdon, F|94/100 brn
|-weather|Sandstorm|[from] ability: Sand Stream|[of] p2a: Hippowdon
|move|p1a: Half baked|Will-O-Wisp|p2a: Hippowdon|[miss]
|-miss|p1a: Half baked|p2a: Hippowdon
|
|-weather|Sandstorm|[upkeep]
|-damage|p1a: Half baked|67/100|[from] Sandstorm
|-heal|p2a: Hippowdon|100/100 brn|[from] item: Leftovers
|-damage|p2a: Hippowdon|94/100 brn|[from] brn
|upkeep
|turn|22
|
|t:|1657797818
|move|p1a: Half baked|Hex|p2a: Hippowdon
|-damage|p2a: Hippowdon|60/100 brn
|move|p2a: Hippowdon|Stealth Rock|p1a: Half baked
|-sidestart|p1: cometsedge|move: Stealth Rock
|
|-weather|Sandstorm|[upkeep]
|-damage|p1a: Half baked|61/100|[from] Sandstorm
|-heal|p2a: Hippowdon|66/100 brn|[from] item: Leftovers
|-damage|p2a: Hippowdon|60/100 brn|[from] brn
|upkeep
|turn|23
|
|t:|1657797824
|switch|p2a: Slowking|Slowking, F|87/100
|move|p1a: Half baked|Defog|p2a: Slowking
|-unboost|p2a: Slowking|evasion|1
|-sideend|p1: cometsedge|Stealth Rock|[from] move: Defog|[of] p1a: Half baked
|
|-weather|Sandstorm|[upkeep]
|-damage|p1a: Half baked|54/100|[from] Sandstorm
|-damage|p2a: Slowking|81/100|[from] Sandstorm
|upkeep
|turn|24
|
|t:|1657797829
|move|p1a: Half baked|Hex|p2a: Slowking
|-supereffective|p2a: Slowking
|-damage|p2a: Slowking|50/100
|move|p2a: Slowking|Teleport|p2a: Slowking
|
|t:|1657797834
|switch|p2a: Hippowdon|Hippowdon, F|60/100 brn|[from]move: Teleport
|
|-weather|Sandstorm|[upkeep]
|-damage|p1a: Half baked|48/100|[from] Sandstorm
|-heal|p2a: Hippowdon|66/100 brn|[from] item: Leftovers
|-damage|p2a: Hippowdon|60/100 brn|[from] brn
|upkeep
|turn|25
|
|t:|1657797839
|move|p1a: Half baked|Hex|p2a: Hippowdon
|-damage|p2a: Hippowdon|27/100 brn
|move|p2a: Hippowdon|Slack Off|p2a: Hippowdon
|-heal|p2a: Hippowdon|77/100 brn
|
|-weather|none
|-heal|p2a: Hippowdon|84/100 brn|[from] item: Leftovers
|-damage|p2a: Hippowdon|77/100 brn|[from] brn
|upkeep
|turn|26
|
|t:|1657797844
|move|p1a: Half baked|Hex|p2a: Hippowdon
|-damage|p2a: Hippowdon|43/100 brn
|move|p2a: Hippowdon|Stealth Rock|p1a: Half baked
|-sidestart|p1: cometsedge|move: Stealth Rock
|
|-heal|p2a: Hippowdon|50/100 brn|[from] item: Leftovers
|-damage|p2a: Hippowdon|43/100 brn|[from] brn
|upkeep
|turn|27
|
|t:|1657797848
|move|p1a: Half baked|Hex|p2a: Hippowdon
|-damage|p2a: Hippowdon|9/100 brn
|move|p2a: Hippowdon|Slack Off|p2a: Hippowdon
|-heal|p2a: Hippowdon|59/100 brn
|
|-heal|p2a: Hippowdon|65/100 brn|[from] item: Leftovers
|-damage|p2a: Hippowdon|59/100 brn|[from] brn
|upkeep
|turn|28
|
|t:|1657797855
|move|p1a: Half baked|Defog|p2a: Hippowdon
|-unboost|p2a: Hippowdon|evasion|1
|-sideend|p1: cometsedge|Stealth Rock|[from] move: Defog|[of] p1a: Half baked
|move|p2a: Hippowdon|Slack Off|p2a: Hippowdon
|-heal|p2a: Hippowdon|100/100 brn
|
|-damage|p2a: Hippowdon|94/100 brn|[from] brn
|upkeep
|turn|29
|
|t:|1657797857
|move|p1a: Half baked|Hex|p2a: Hippowdon
|-damage|p2a: Hippowdon|62/100 brn
|move|p2a: Hippowdon|Toxic|p1a: Half baked
|-status|p1a: Half baked|tox
|
|-heal|p2a: Hippowdon|68/100 brn|[from] item: Leftovers
|-damage|p1a: Half baked|42/100 tox|[from] psn
|-damage|p2a: Hippowdon|62/100 brn|[from] brn
|upkeep
|turn|30
|
|t:|1657797866
|move|p1a: Half baked|Hex|p2a: Hippowdon
|-damage|p2a: Hippowdon|27/100 brn
|move|p2a: Hippowdon|Slack Off|p2a: Hippowdon
|-heal|p2a: Hippowdon|77/100 brn
|
|-heal|p2a: Hippowdon|84/100 brn|[from] item: Leftovers
|-damage|p1a: Half baked|30/100 tox|[from] psn
|-damage|p2a: Hippowdon|77/100 brn|[from] brn
|upkeep
|turn|31
|c|☆cometsedge|Ah tox stall
|
|t:|1657797893
|move|p1a: Half baked|Hex|p2a: Hippowdon
|-damage|p2a: Hippowdon|43/100 brn
|move|p2a: Hippowdon|Stealth Rock|p1a: Half baked
|-sidestart|p1: cometsedge|move: Stealth Rock
|
|-heal|p2a: Hippowdon|49/100 brn|[from] item: Leftovers
|-damage|p1a: Half baked|11/100 tox|[from] psn
|-damage|p2a: Hippowdon|43/100 brn|[from] brn
|upkeep
|turn|32
|
|t:|1657797899
|move|p1a: Half baked|Defog|p2a: Hippowdon
|-unboost|p2a: Hippowdon|evasion|1
|-sideend|p1: cometsedge|Stealth Rock|[from] move: Defog|[of] p1a: Half baked
|move|p2a: Hippowdon|Slack Off|p2a: Hippowdon
|-heal|p2a: Hippowdon|93/100 brn
|
|-heal|p2a: Hippowdon|99/100 brn|[from] item: Leftovers
|-damage|p1a: Half baked|0 fnt|[from] psn
|faint|p1a: Half baked
|-damage|p2a: Hippowdon|93/100 brn|[from] brn
|upkeep
|
|t:|1657797903
|switch|p1a: Crawdaddy|Crawdaunt, M|81/100
|turn|33
|c|☆Eazigzagoon|it didnt know toxic stall was a thing
|inactive|Eazigzagoon has 120 seconds left.
|
|t:|1657797939
|switch|p2a: Slowking|Slowking, F|83/100
|move|p1a: Crawdaddy|Crabhammer|p2a: Slowking
|-resisted|p2a: Slowking
|-damage|p2a: Slowking|47/100
|-damage|p1a: Crawdaddy|71/100|[from] item: Life Orb
|
|upkeep
|turn|34
|inactive|Eazigzagoon has 120 seconds left.
|c|☆cometsedge|This is showdown lol
|c|☆cometsedge|Tox stall thrives here lol
|
|t:|1657797960
|switch|p2a: Rotom|Rotom-Wash|88/100 slp
|move|p1a: Crawdaddy|Knock Off|p2a: Rotom
|-damage|p2a: Rotom|0 fnt
|-enditem|p2a: Rotom|Black Sludge|[from] move: Knock Off|[of] p1a: Crawdaddy
|faint|p2a: Rotom
|-damage|p1a: Crawdaddy|61/100|[from] item: Life Orb
|
|upkeep
|inactive|Eazigzagoon has 120 seconds left.
|
|t:|1657797965
|switch|p2a: Scizor|Scizor, M|100/100
|turn|35
|
|t:|1657797977
|switch|p1a: Not imposter|Amoonguss, M, shiny|100/100
|move|p2a: Scizor|U-turn|p1a: Not imposter
|-damage|p1a: Not imposter|73/100
|
|t:|1657797984
|switch|p2a: Dhelmise|Dhelmise|75/100|[from]move: U-turn
|
|upkeep
|turn|36
|
|t:|1657797994
|move|p1a: Not imposter|Sludge Bomb|p2a: Dhelmise
|-damage|p2a: Dhelmise|46/100
|move|p2a: Dhelmise|Anchor Shot|p1a: Not imposter
|-damage|p1a: Not imposter|32/100
|-activate|p1a: Not imposter|trapped
|
|upkeep
|turn|37
|
|t:|1657798002
|move|p1a: Not imposter|Sludge Bomb|p2a: Dhelmise
|-damage|p2a: Dhelmise|15/100
|-status|p2a: Dhelmise|psn
|move|p2a: Dhelmise|Rest|p2a: Dhelmise
|-status|p2a: Dhelmise|slp|[from] move: Rest
|-heal|p2a: Dhelmise|100/100 slp|[silent]
|
|upkeep
|turn|38
|c|☆cometsedge|Your running rest on this too and you didnt know about tox stall? Lol
|
|t:|1657798029
|move|p1a: Not imposter|Sludge Bomb|p2a: Dhelmise
|-damage|p2a: Dhelmise|72/100 slp
|cant|p2a: Dhelmise|slp
|
|upkeep
|turn|39
|
|t:|1657798038
|move|p1a: Not imposter|Sludge Bomb|p2a: Dhelmise
|-damage|p2a: Dhelmise|41/100 slp
|cant|p2a: Dhelmise|slp
|
|upkeep
|turn|40
|
|t:|1657798044
|move|p1a: Not imposter|Sludge Bomb|p2a: Dhelmise
|-damage|p2a: Dhelmise|13/100 slp
|-curestatus|p2a: Dhelmise|slp|[msg]
|move|p2a: Dhelmise|Anchor Shot|p1a: Not imposter
|-damage|p1a: Not imposter|0 fnt
|faint|p1a: Not imposter
|
|upkeep
|
|t:|1657798060
|switch|p1a: Beeg Feesh|Milotic, M|100/100
|turn|41
|
|t:|1657798066
|switch|p2a: Slowking|Slowking, F|80/100
|move|p1a: Beeg Feesh|Ice Beam|p2a: Slowking
|-resisted|p2a: Slowking
|-damage|p2a: Slowking|69/100
|
|upkeep
|turn|42
|
|t:|1657798071
|move|p1a: Beeg Feesh|Substitute|p1a: Beeg Feesh
|-start|p1a: Beeg Feesh|Substitute
|-damage|p1a: Beeg Feesh|76/100
|move|p2a: Slowking|Teleport|p2a: Slowking
|
|t:|1657798076
|switch|p2a: Scizor|Scizor, M|100/100|[from]move: Teleport
|
|-heal|p1a: Beeg Feesh|82/100|[from] item: Leftovers
|upkeep
|turn|43
|
|t:|1657798086
|move|p1a: Beeg Feesh|Surf|p2a: Scizor
|-damage|p2a: Scizor|59/100
|move|p2a: Scizor|U-turn|p1a: Beeg Feesh
|-end|p1a: Beeg Feesh|Substitute
|
|t:|1657798100
|switch|p2a: Slowking|Slowking, F|100/100|[from]move: U-turn
|
|-heal|p1a: Beeg Feesh|88/100|[from] item: Leftovers
|upkeep
|turn|44
|
|t:|1657798105
|move|p1a: Beeg Feesh|Substitute|p1a: Beeg Feesh
|-start|p1a: Beeg Feesh|Substitute
|-damage|p1a: Beeg Feesh|63/100
|move|p2a: Slowking|Psychic|p1a: Beeg Feesh
|-activate|p1a: Beeg Feesh|move: Substitute|[damage]
|
|-heal|p1a: Beeg Feesh|69/100|[from] item: Leftovers
|upkeep
|turn|45
|
|t:|1657798113
|move|p1a: Beeg Feesh|Recover|p1a: Beeg Feesh
|-heal|p1a: Beeg Feesh|100/100
|move|p2a: Slowking|Psychic|p1a: Beeg Feesh
|-end|p1a: Beeg Feesh|Substitute
|
|upkeep
|turn|46
|
|t:|1657798120
|switch|p1a: Crawdaddy|Crawdaunt, M|61/100
|move|p2a: Slowking|Psychic|p1a: Crawdaddy
|-immune|p1a: Crawdaddy
|
|upkeep
|turn|47
|
|t:|1657798126
|move|p1a: Crawdaddy|Knock Off|p2a: Slowking
|-supereffective|p2a: Slowking
|-damage|p2a: Slowking|14/100
|-damage|p1a: Crawdaddy|51/100|[from] item: Life Orb
|move|p2a: Slowking|Teleport|p2a: Slowking
|
|t:|1657798129
|switch|p2a: Scizor|Scizor, M|59/100|[from]move: Teleport
|
|upkeep
|turn|48
|
|t:|1657798138
|switch|p1a: Beeg Feesh|Milotic, M|100/100
|move|p2a: Scizor|U-turn|p1a: Beeg Feesh
|-damage|p1a: Beeg Feesh|66/100
|
|t:|1657798142
|switch|p2a: Slowking|Slowking, F|48/100|[from]move: U-turn
|
|-heal|p1a: Beeg Feesh|72/100|[from] item: Leftovers
|upkeep
|turn|49
|
|t:|1657798150
|move|p1a: Beeg Feesh|Surf|p2a: Slowking
|-resisted|p2a: Slowking
|-damage|p2a: Slowking|33/100
|move|p2a: Slowking|Slack Off|p2a: Slowking
|-heal|p2a: Slowking|83/100
|
|-heal|p1a: Beeg Feesh|78/100|[from] item: Leftovers
|upkeep
|turn|50
|
|t:|1657798161
|switch|p1a: Kevin Durant|Durant, F|100/100
|move|p2a: Slowking|Teleport|p2a: Slowking
|
|t:|1657798171
|switch|p2a: Hippowdon|Hippowdon, F|93/100 brn|[from]move: Teleport
|-weather|Sandstorm|[from] ability: Sand Stream|[of] p2a: Hippowdon
|
|-weather|Sandstorm|[upkeep]
|-heal|p2a: Hippowdon|99/100 brn|[from] item: Leftovers
|-damage|p2a: Hippowdon|93/100 brn|[from] brn
|upkeep
|turn|51
|c|☆cometsedge|Yeah I def dont believe youndidnt know tox stall was a thing lol
|c|☆cometsedge|This whole team is designed to stall
|
|t:|1657798194
|switch|p1a: Hot Wangs|Noivern, F, shiny|59/100
|-item|p2a: Hippowdon|Leftovers|[from] ability: Frisk|[of] p1a: Hot Wangs|[identify]
|move|p2a: Hippowdon|Stealth Rock|p1a: Hot Wangs
|-sidestart|p1: cometsedge|move: Stealth Rock
|
|-weather|Sandstorm|[upkeep]
|-damage|p1a: Hot Wangs|53/100|[from] Sandstorm
|-heal|p2a: Hippowdon|99/100 brn|[from] item: Leftovers
|-damage|p2a: Hippowdon|93/100 brn|[from] brn
|upkeep
|turn|52
|inactive|cometsedge has 120 seconds left.
|
|t:|1657798221
|switch|p2a: Slowking|Slowking, F|100/100
|move|p1a: Hot Wangs|Boomburst|p2a: Slowking
|-damage|p2a: Slowking|49/100
|
|-weather|Sandstorm|[upkeep]
|-damage|p1a: Hot Wangs|47/100|[from] Sandstorm
|-damage|p2a: Slowking|42/100|[from] Sandstorm
|upkeep
|turn|53
|
|t:|1657798233
|switch|p2a: Dhelmise|Dhelmise|13/100
|move|p1a: Hot Wangs|Boomburst|p2a: Dhelmise
|-immune|p2a: Dhelmise
|
|-weather|Sandstorm|[upkeep]
|-damage|p1a: Hot Wangs|41/100|[from] Sandstorm
|-damage|p2a: Dhelmise|7/100|[from] Sandstorm
|upkeep
|turn|54
|
|t:|1657798241
|switch|p1a: Beeg Feesh|Milotic, M|78/100
|-damage|p1a: Beeg Feesh|66/100|[from] Stealth Rock
|move|p2a: Dhelmise|Rest|p2a: Dhelmise
|-status|p2a: Dhelmise|slp|[from] move: Rest
|-heal|p2a: Dhelmise|100/100 slp|[silent]
|
|-weather|none
|-heal|p1a: Beeg Feesh|72/100|[from] item: Leftovers
|upkeep
|turn|55
|
|t:|1657798248
|switch|p2a: Slowking|Slowking, F|76/100
|move|p1a: Beeg Feesh|Ice Beam|p2a: Slowking
|-resisted|p2a: Slowking
|-damage|p2a: Slowking|65/100
|
|-heal|p1a: Beeg Feesh|78/100|[from] item: Leftovers
|upkeep
|turn|56
|c|☆cometsedge|Wow bro alright you got it
|inactive|cometsedge has 120 seconds left.
|c|☆cometsedge|Im not trying to spend 30 min watching you go in and out of slowking
|c|☆cometsedge|Hate teams like this
|-message|cometsedge forfeited.
|
|win|Eazigzagoon
|raw|cometsedge's rating: 1182 &rarr; <strong>1173</strong><br />(-9 for losing)
|raw|Eazigzagoon's rating: 1446 &rarr; <strong>1453</strong><br />(+7 for winning)
|l|☆cometsedge
