|j|☆Sebaman96
|j|☆Fairlumbo
|player|p1|Sebaman96|101|
|player|p2|Fairlumbo|209|
|teamsize|p1|6
|teamsize|p2|6
|gametype|singles
|gen|8
|tier|[Gen 8] UU
|rated|Tournament battle
|html|<div class="broadcast-red"><strong>UU is currently suspecting Mamoswine! For information on how to participate check out the <a href="https://www.smogon.com/forums/threads/3661513/">suspect thread</a>.</strong></div>
|clearpoke
|poke|p1|Sirfetch'd, M|
|poke|p1|Gigalith, M|
|poke|p1|Chandelure, M|
|poke|p1|Blastoise, F|
|poke|p1|Weezing-Galar, M|
|poke|p1|Haxorus, M|
|poke|p2|Toxtricity, M|
|poke|p2|Cobalion|
|poke|p2|Noivern, M|
|poke|p2|Umbreon, M|
|poke|p2|Doublade, M|
|poke|p2|Araquanid, F|
|rule|Sleep Clause Mod: Limit one foe put to sleep
|rule|Species Clause: Limit one of each Pokémon
|rule|OHKO Clause: OHKO moves are banned
|rule|Evasion Moves Clause: Evasion moves are banned
|rule|Endless Battle Clause: Forcing endless battles is banned
|rule|HP Percentage Mod: HP is shown in percentages
|rule|Dynamax Clause: You cannot dynamax
|teampreview
|c|☆Fairlumbo|hf
|j| Mikirae
|c|☆Sebaman96|u too
|
|start
|switch|p1a: Sirfetch'd|Sirfetch'd, M, shiny|100/100
|switch|p2a: Araquanid|Araquanid, F|100/100
|turn|1
|j| Sebilin1121
|
|move|p1a: Sirfetch'd|Brave Bird|p2a: Araquanid
|-supereffective|p2a: Araquanid
|-damage|p2a: Araquanid|0 fnt
|-damage|p1a: Sirfetch'd|58/100|[from] Recoil
|faint|p2a: Araquanid
|
|upkeep
|j|‽No Judgement
|
|switch|p2a: Toxtricity|Toxtricity, M|100/100
|turn|2
|l|‽No Judgement
|
|switch|p1a: Gigalith|Gigalith, M, shiny|100/100
|-weather|Sandstorm|[from] ability: Sand Stream|[of] p1a: Gigalith
|move|p2a: Toxtricity|Sludge Wave|p1a: Gigalith
|-resisted|p1a: Gigalith
|-damage|p1a: Gigalith|90/100
|
|-weather|Sandstorm|[upkeep]
|-damage|p2a: Toxtricity|94/100|[from] Sandstorm
|-heal|p1a: Gigalith|96/100|[from] item: Leftovers
|upkeep
|turn|3
|
|switch|p2a: Umbreon|Umbreon, M|100/100
|move|p1a: Gigalith|Rock Blast|p2a: Umbreon
|-damage|p2a: Umbreon|92/100
|-damage|p2a: Umbreon|82/100
|-hitcount|p2a: Umbreon|2
|
|-weather|Sandstorm|[upkeep]
|-damage|p2a: Umbreon|76/100|[from] Sandstorm
|-heal|p2a: Umbreon|82/100|[from] item: Leftovers
|-heal|p1a: Gigalith|100/100|[from] item: Leftovers
|upkeep
|turn|4
|
|switch|p2a: Doublade|Doublade, M|100/100
|move|p1a: Gigalith|Stealth Rock|p2a: Doublade
|-sidestart|p2: Fairlumbo|move: Stealth Rock
|
|-weather|Sandstorm|[upkeep]
|upkeep
|turn|5
|
|switch|p1a: Weezing|Weezing-Galar, M|100/100
|move|p2a: Doublade|Swords Dance|p2a: Doublade
|-boost|p2a: Doublade|atk|2
|
|-weather|Sandstorm|[upkeep]
|-damage|p1a: Weezing|95/100|[from] Sandstorm
|-heal|p1a: Weezing|100/100|[from] item: Black Sludge
|upkeep
|turn|6
|
|switch|p2a: Toxtricity|Toxtricity, M|94/100
|-damage|p2a: Toxtricity|82/100|[from] Stealth Rock
|move|p1a: Weezing|Haze|p1a: Weezing
|-clearallboost
|
|-weather|none
|upkeep
|turn|7
|
|switch|p1a: Gigalith|Gigalith, M, shiny|100/100
|-weather|Sandstorm|[from] ability: Sand Stream|[of] p1a: Gigalith
|move|p2a: Toxtricity|Overdrive|p1a: Gigalith
|-damage|p1a: Gigalith|76/100
|-enditem|p2a: Toxtricity|Throat Spray
|-boost|p2a: Toxtricity|spa|1|[from] item: Throat Spray
|
|-weather|Sandstorm|[upkeep]
|-damage|p2a: Toxtricity|76/100|[from] Sandstorm
|-heal|p1a: Gigalith|82/100|[from] item: Leftovers
|upkeep
|turn|8
|
|switch|p2a: Doublade|Doublade, M|100/100
|-damage|p2a: Doublade|94/100|[from] Stealth Rock
|move|p1a: Gigalith|Earthquake|p2a: Doublade
|-supereffective|p2a: Doublade
|-damage|p2a: Doublade|63/100
|
|-weather|Sandstorm|[upkeep]
|-heal|p1a: Gigalith|88/100|[from] item: Leftovers
|upkeep
|turn|9
|
|move|p1a: Gigalith|Earthquake|p2a: Doublade
|-supereffective|p2a: Doublade
|-damage|p2a: Doublade|35/100
|move|p2a: Doublade|Gyro Ball|p1a: Gigalith
|-supereffective|p1a: Gigalith
|-damage|p1a: Gigalith|63/100
|
|-weather|Sandstorm|[upkeep]
|-heal|p1a: Gigalith|69/100|[from] item: Leftovers
|upkeep
|turn|10
|
|switch|p2a: Umbreon|Umbreon, M|82/100
|-damage|p2a: Umbreon|70/100|[from] Stealth Rock
|move|p1a: Gigalith|Earthquake|p2a: Umbreon
|-damage|p2a: Umbreon|47/100
|
|-weather|Sandstorm|[upkeep]
|-damage|p2a: Umbreon|41/100|[from] Sandstorm
|-heal|p2a: Umbreon|47/100|[from] item: Leftovers
|-heal|p1a: Gigalith|76/100|[from] item: Leftovers
|upkeep
|turn|11
|
|switch|p1a: Weezing|Weezing-Galar, M|100/100
|move|p2a: Umbreon|Wish|p2a: Umbreon
|
|-weather|none
|-heal|p2a: Umbreon|54/100|[from] item: Leftovers
|upkeep
|turn|12
|
|move|p2a: Umbreon|Protect|p2a: Umbreon
|-singleturn|p2a: Umbreon|Protect
|move|p1a: Weezing|Toxic Spikes|p2a: Umbreon
|-sidestart|p2: Fairlumbo|move: Toxic Spikes
|
|-heal|p2a: Umbreon|100/100|[from] move: Wish|[wisher] Umbreon
|upkeep
|turn|13
|
|move|p2a: Umbreon|Wish|p2a: Umbreon
|move|p1a: Weezing|Toxic Spikes|p2a: Umbreon
|-sidestart|p2: Fairlumbo|move: Toxic Spikes
|
|upkeep
|turn|14
|
|switch|p2a: Toxtricity|Toxtricity, M|76/100
|-damage|p2a: Toxtricity|63/100|[from] Stealth Rock
|-sideend|p2: Fairlumbo|move: Toxic Spikes|[of] p2a: Toxtricity
|switch|p1a: Chandelure|Chandelure, M|100/100
|
|-heal|p2a: Toxtricity|100/100|[from] move: Wish|[wisher] Umbreon
|upkeep
|turn|15
|
|switch|p2a: Umbreon|Umbreon, M|100/100
|-damage|p2a: Umbreon|88/100|[from] Stealth Rock
|move|p1a: Chandelure|Fire Blast|p2a: Umbreon
|-damage|p2a: Umbreon|56/100
|
|-heal|p2a: Umbreon|62/100|[from] item: Leftovers
|upkeep
|turn|16
|
|switch|p1a: Sirfetch'd|Sirfetch'd, M, shiny|58/100
|move|p2a: Umbreon|Toxic|p1a: Sirfetch'd
|-status|p1a: Sirfetch'd|tox
|
|-heal|p2a: Umbreon|68/100|[from] item: Leftovers
|-damage|p1a: Sirfetch'd|52/100 tox|[from] psn
|upkeep
|turn|17
|
|move|p2a: Umbreon|Protect|p2a: Umbreon
|-singleturn|p2a: Umbreon|Protect
|move|p1a: Sirfetch'd|Close Combat|p2a: Umbreon
|-activate|p2a: Umbreon|move: Protect
|
|-heal|p2a: Umbreon|74/100|[from] item: Leftovers
|-damage|p1a: Sirfetch'd|40/100 tox|[from] psn
|upkeep
|turn|18
|
|switch|p2a: Noivern|Noivern, M|100/100
|move|p1a: Sirfetch'd|Close Combat|p2a: Noivern
|-resisted|p2a: Noivern
|-damage|p2a: Noivern|26/100
|-unboost|p1a: Sirfetch'd|def|1
|-unboost|p1a: Sirfetch'd|spd|1
|
|-damage|p1a: Sirfetch'd|22/100 tox|[from] psn
|upkeep
|turn|19
|
|switch|p1a: Gigalith|Gigalith, M, shiny|76/100
|-weather|Sandstorm|[from] ability: Sand Stream|[of] p1a: Gigalith
|move|p2a: Noivern|Roost|p2a: Noivern
|-heal|p2a: Noivern|76/100
|-singleturn|p2a: Noivern|move: Roost
|
|-weather|Sandstorm|[upkeep]
|-damage|p2a: Noivern|70/100|[from] Sandstorm
|-heal|p1a: Gigalith|82/100|[from] item: Leftovers
|upkeep
|turn|20
|
|switch|p2a: Cobalion|Cobalion|100/100
|-damage|p2a: Cobalion|97/100|[from] Stealth Rock
|move|p1a: Gigalith|Rock Blast|p2a: Cobalion
|-resisted|p2a: Cobalion
|-damage|p2a: Cobalion|95/100
|-resisted|p2a: Cobalion
|-damage|p2a: Cobalion|93/100
|-resisted|p2a: Cobalion
|-damage|p2a: Cobalion|91/100
|-resisted|p2a: Cobalion
|-damage|p2a: Cobalion|89/100
|-hitcount|p2a: Cobalion|4
|
|-weather|Sandstorm|[upkeep]
|-heal|p1a: Gigalith|88/100|[from] item: Leftovers
|upkeep
|turn|21
|inactive|Battle timer is ON: inactive players will automatically lose when time's up. (requested by Fairlumbo)
|inactive|Sebaman96 has 120 seconds left.
|
|switch|p1a: Weezing|Weezing-Galar, M|100/100
|move|p2a: Cobalion|Stealth Rock|p1a: Weezing
|-sidestart|p1: Sebaman96|move: Stealth Rock
|
|-weather|Sandstorm|[upkeep]
|-damage|p1a: Weezing|95/100|[from] Sandstorm
|-heal|p1a: Weezing|100/100|[from] item: Black Sludge
|upkeep
|turn|22
|inactive|Sebaman96 has 120 seconds left.
|
|move|p2a: Cobalion|Swords Dance|p2a: Cobalion
|-boost|p2a: Cobalion|atk|2
|move|p1a: Weezing|Strange Steam|p2a: Cobalion
|-damage|p2a: Cobalion|41/100
|
|-weather|Sandstorm|[upkeep]
|-damage|p1a: Weezing|95/100|[from] Sandstorm
|-heal|p1a: Weezing|100/100|[from] item: Black Sludge
|upkeep
|turn|23
|
|move|p2a: Cobalion|Iron Head|p1a: Weezing
|-supereffective|p1a: Weezing
|-damage|p1a: Weezing|0 fnt
|faint|p1a: Weezing
|
|-weather|none
|upkeep
|
|switch|p1a: Chandelure|Chandelure, M|100/100
|-damage|p1a: Chandelure|76/100|[from] Stealth Rock
|turn|24
|
|move|p1a: Chandelure|Fire Blast|p2a: Cobalion
|-supereffective|p2a: Cobalion
|-damage|p2a: Cobalion|0 fnt
|faint|p2a: Cobalion
|
|upkeep
|
|switch|p2a: Noivern|Noivern, M|70/100
|turn|25
|
|switch|p1a: Blastoise|Blastoise, F|100/100
|-damage|p1a: Blastoise|88/100|[from] Stealth Rock
|move|p2a: Noivern|U-turn|p1a: Blastoise
|-damage|p1a: Blastoise|75/100
|
|switch|p2a: Toxtricity|Toxtricity, M|100/100|[from]move: U-turn
|-damage|p2a: Toxtricity|88/100|[from] Stealth Rock
|
|upkeep
|turn|26
|
|switch|p2a: Umbreon|Umbreon, M|74/100
|-damage|p2a: Umbreon|62/100|[from] Stealth Rock
|move|p1a: Blastoise|Rapid Spin|p2a: Umbreon
|-damage|p2a: Umbreon|56/100
|-boost|p1a: Blastoise|spe|1
|-sideend|p1: Sebaman96|Stealth Rock|[from] move: Rapid Spin|[of] p1a: Blastoise
|
|-heal|p2a: Umbreon|62/100|[from] item: Leftovers
|upkeep
|turn|27
|
|move|p1a: Blastoise|Shell Smash|p1a: Blastoise
|-unboost|p1a: Blastoise|def|1
|-unboost|p1a: Blastoise|spd|1
|-boost|p1a: Blastoise|atk|2
|-boost|p1a: Blastoise|spa|2
|-boost|p1a: Blastoise|spe|2
|-enditem|p1a: Blastoise|White Herb
|-clearnegativeboost|p1a: Blastoise|[silent]
|move|p2a: Umbreon|Wish|p2a: Umbreon
|
|-heal|p2a: Umbreon|68/100|[from] item: Leftovers
|upkeep
|turn|28
|
|switch|p2a: Doublade|Doublade, M|35/100
|-damage|p2a: Doublade|29/100|[from] Stealth Rock
|move|p1a: Blastoise|Surf|p2a: Doublade
|-damage|p2a: Doublade|0 fnt
|faint|p2a: Doublade
|
|upkeep
|j| Artzu
|-message|Fairlumbo forfeited.
|
|win|Sebaman96
