|j|☆Stnecoldjaneausten
|j|☆Liz Angeles
|t:|1666191225
|gametype|singles
|player|p1|Stnecoldjaneausten|2|1553
|player|p2|Liz Angeles|marley|1682
|teamsize|p1|6
|teamsize|p2|6
|gen|8
|tier|[Gen 8] UU
|rated|
|rule|Sleep Clause Mod: Limit one foe put to sleep
|rule|Species Clause: Limit one of each Pokémon
|rule|OHKO Clause: OHKO moves are banned
|rule|Evasion Items Clause: Evasion items are banned
|rule|Evasion Moves Clause: Evasion moves are banned
|rule|Endless Battle Clause: Forcing endless battles is banned
|rule|HP Percentage Mod: HP is shown in percentages
|rule|Dynamax Clause: You cannot dynamax
|clearpoke
|poke|p1|Nihilego|
|poke|p1|Slowking, F|
|poke|p1|Salamence, F|
|poke|p1|Chansey, F|
|poke|p1|Conkeldurr, F|
|poke|p1|Scizor, M|
|poke|p2|Quagsire, M|
|poke|p2|Chansey, F|
|poke|p2|Skarmory, F|
|poke|p2|Umbreon, M|
|poke|p2|Dhelmise|
|poke|p2|Hatterene, F|
|teampreview
|c|☆Stnecoldjaneausten|My man broke out the stall to hit the tippy top haha
|
|t:|1666191248
|start
|switch|p1a: Nihilego|Nihilego|100/100
|switch|p2a: Hatterene|Hatterene, F|100/100
|turn|1
|
|t:|1666191253
|switch|p1a: Chansey|Chansey, F|100/100
|move|p2a: Hatterene|Psyshock|p1a: Chansey
|-damage|p1a: Chansey|77/100
|
|upkeep
|turn|2
|
|t:|1666191260
|move|p2a: Hatterene|Calm Mind|p2a: Hatterene
|-boost|p2a: Hatterene|spa|1
|-boost|p2a: Hatterene|spd|1
|move|p1a: Chansey|Teleport|p1a: Chansey
|
|t:|1666191267
|switch|p1a: Nihilego|Nihilego|100/100|[from]move: Teleport
|
|upkeep
|turn|3
|
|t:|1666191271
|move|p1a: Nihilego|Sludge Wave|p2a: Hatterene
|-supereffective|p2a: Hatterene
|-damage|p2a: Hatterene|32/100
|move|p2a: Hatterene|Psyshock|p1a: Nihilego
|-supereffective|p1a: Nihilego
|-damage|p1a: Nihilego|0 fnt
|faint|p1a: Nihilego
|
|-heal|p2a: Hatterene|38/100|[from] item: Leftovers
|upkeep
|
|t:|1666191285
|switch|p1a: Conkeldurr|Conkeldurr, F|100/100
|turn|4
|inactive|Battle timer is ON: inactive players will automatically lose when time's up. (requested by Stnecoldjaneausten)
|
|t:|1666191346
|switch|p2a: Skarmory|Skarmory, F|100/100
|move|p1a: Conkeldurr|Knock Off|p2a: Skarmory
|-damage|p2a: Skarmory|75/100
|-damage|p1a: Conkeldurr|84/100|[from] item: Rocky Helmet|[of] p2a: Skarmory
|-enditem|p2a: Skarmory|Rocky Helmet|[from] move: Knock Off|[of] p1a: Conkeldurr
|
|-status|p1a: Conkeldurr|brn|[from] item: Flame Orb
|upkeep
|turn|5
|
|t:|1666191363
|switch|p1a: Slowking|Slowking, F|100/100
|move|p2a: Skarmory|Iron Defense|p2a: Skarmory
|-boost|p2a: Skarmory|def|2
|
|upkeep
|turn|6
|
|t:|1666191373
|switch|p2a: Hatterene|Hatterene, F|38/100
|move|p1a: Slowking|Scald|p2a: Hatterene
|-damage|p2a: Hatterene|10/100
|-status|p2a: Hatterene|brn
|
|-heal|p2a: Hatterene|16/100 brn|[from] item: Leftovers
|-damage|p2a: Hatterene|10/100 brn|[from] brn
|upkeep
|turn|7
|
|t:|1666191381
|move|p2a: Hatterene|Draining Kiss|p1a: Slowking
|-crit|p1a: Slowking
|-damage|p1a: Slowking|73/100
|-heal|p2a: Hatterene|36/100 brn|[from] drain|[of] p1a: Slowking
|move|p1a: Slowking|Teleport|p1a: Slowking
|
|t:|1666191389
|switch|p1a: Conkeldurr|Conkeldurr, F|84/100 brn|[from]move: Teleport
|
|-heal|p2a: Hatterene|42/100 brn|[from] item: Leftovers
|-damage|p1a: Conkeldurr|78/100 brn|[from] brn
|-damage|p2a: Hatterene|36/100 brn|[from] brn
|upkeep
|turn|8
|
|t:|1666191391
|move|p1a: Conkeldurr|Facade|p2a: Hatterene
|-damage|p2a: Hatterene|0 fnt
|faint|p2a: Hatterene
|
|-damage|p1a: Conkeldurr|72/100 brn|[from] brn
|upkeep
|
|t:|1666191396
|switch|p2a: Skarmory|Skarmory, F|75/100
|turn|9
|
|t:|1666191422
|switch|p1a: Slowking|Slowking, F|100/100
|move|p2a: Skarmory|Spikes|p1a: Slowking
|-sidestart|p1: Stnecoldjaneausten|Spikes
|
|upkeep
|turn|10
|
|t:|1666191432
|switch|p2a: Chansey|Chansey, F|100/100
|move|p1a: Slowking|Scald|p2a: Chansey
|-damage|p2a: Chansey|91/100
|
|upkeep
|turn|11
|
|t:|1666191439
|switch|p1a: Conkeldurr|Conkeldurr, F|72/100 brn
|-damage|p1a: Conkeldurr|60/100 brn|[from] Spikes
|move|p2a: Chansey|Stealth Rock|p1a: Conkeldurr
|-sidestart|p1: Stnecoldjaneausten|move: Stealth Rock
|
|-damage|p1a: Conkeldurr|54/100 brn|[from] brn
|upkeep
|turn|12
|
|t:|1666191444
|switch|p2a: Dhelmise|Dhelmise|100/100
|move|p1a: Conkeldurr|Drain Punch|p2a: Dhelmise
|-immune|p2a: Dhelmise
|
|-damage|p1a: Conkeldurr|48/100 brn|[from] brn
|upkeep
|turn|13
|
|t:|1666191452
|move|p1a: Conkeldurr|Knock Off|p2a: Dhelmise
|-supereffective|p2a: Dhelmise
|-damage|p2a: Dhelmise|0 fnt
|-enditem|p2a: Dhelmise|Heavy-Duty Boots|[from] move: Knock Off|[of] p1a: Conkeldurr
|faint|p2a: Dhelmise
|
|-damage|p1a: Conkeldurr|42/100 brn|[from] brn
|upkeep
|
|t:|1666191457
|switch|p2a: Skarmory|Skarmory, F|75/100
|turn|14
|
|t:|1666191466
|switch|p1a: Salamence|Salamence, F|100/100
|-ability|p1a: Salamence|Intimidate|boost
|-unboost|p2a: Skarmory|atk|1
|move|p2a: Skarmory|Body Press|p1a: Salamence
|-resisted|p1a: Salamence
|-damage|p1a: Salamence|88/100
|
|upkeep
|turn|15
|
|t:|1666191469
|switch|p2a: Chansey|Chansey, F|91/100
|move|p1a: Salamence|Flamethrower|p2a: Chansey
|-damage|p2a: Chansey|84/100
|
|upkeep
|turn|16
|
|t:|1666191474
|switch|p1a: Slowking|Slowking, F|100/100
|move|p2a: Chansey|Toxic|p1a: Slowking
|-status|p1a: Slowking|tox
|
|-damage|p1a: Slowking|94/100 tox|[from] psn
|upkeep
|turn|17
|
|t:|1666191480
|move|p2a: Chansey|Seismic Toss|p1a: Slowking
|-damage|p1a: Slowking|69/100 tox
|move|p1a: Slowking|Future Sight|p2a: Chansey
|-start|p1a: Slowking|move: Future Sight
|
|-damage|p1a: Slowking|57/100 tox|[from] psn
|upkeep
|turn|18
|
|t:|1666191494
|move|p2a: Chansey|Seismic Toss|p1a: Slowking
|-damage|p1a: Slowking|31/100 tox
|move|p1a: Slowking|Teleport|p1a: Slowking
|
|t:|1666191500
|switch|p1a: Conkeldurr|Conkeldurr, F|42/100 brn|[from]move: Teleport
|-damage|p1a: Conkeldurr|30/100 brn|[from] Spikes
|-damage|p1a: Conkeldurr|24/100 brn|[from] Stealth Rock
|
|-damage|p1a: Conkeldurr|18/100 brn|[from] brn
|upkeep
|turn|19
|
|t:|1666191507
|switch|p2a: Skarmory|Skarmory, F|75/100
|move|p1a: Conkeldurr|Drain Punch|p2a: Skarmory
|-damage|p2a: Skarmory|32/100
|-heal|p1a: Conkeldurr|37/100 brn|[from] drain|[of] p2a: Skarmory
|
|-end|p2a: Skarmory|move: Future Sight
|-resisted|p2a: Skarmory
|-damage|p2a: Skarmory|2/100
|-damage|p1a: Conkeldurr|31/100 brn|[from] brn
|upkeep
|turn|20
|
|t:|1666191517
|move|p1a: Conkeldurr|Mach Punch|p2a: Skarmory
|-damage|p2a: Skarmory|0 fnt
|faint|p2a: Skarmory
|
|-damage|p1a: Conkeldurr|25/100 brn|[from] brn
|upkeep
|
|t:|1666191520
|switch|p2a: Quagsire|Quagsire, M|100/100
|turn|21
|
|t:|1666191547
|switch|p1a: Chansey|Chansey, F|77/100
|-damage|p1a: Chansey|65/100|[from] Spikes
|-damage|p1a: Chansey|52/100|[from] Stealth Rock
|move|p2a: Quagsire|Earthquake|p1a: Chansey
|-damage|p1a: Chansey|34/100
|
|upkeep
|turn|22
|
|t:|1666191559
|switch|p2a: Chansey|Chansey, F|84/100
|move|p1a: Chansey|Soft-Boiled|p1a: Chansey
|-heal|p1a: Chansey|84/100
|
|upkeep
|turn|23
|inactive|Stnecoldjaneausten has 120 seconds left.
|
|t:|1666191579
|switch|p2a: Umbreon|Umbreon, M|100/100
|move|p1a: Chansey|Teleport|p1a: Chansey
|
|t:|1666191581
|switch|p1a: Salamence|Salamence, F|88/100|[from]move: Teleport
|-ability|p1a: Salamence|Intimidate|boost
|-fail|p2a: Umbreon|unboost|Attack|[from] ability: Inner Focus|[of] p2a: Umbreon
|
|upkeep
|turn|24
|
|t:|1666191585
|switch|p2a: Chansey|Chansey, F|84/100
|move|p1a: Salamence|Defog|p2a: Chansey
|-unboost|p2a: Chansey|evasion|1
|-sideend|p1: Stnecoldjaneausten|Spikes|[from] move: Defog|[of] p1a: Salamence
|-sideend|p1: Stnecoldjaneausten|Stealth Rock|[from] move: Defog|[of] p1a: Salamence
|
|upkeep
|turn|25
|
|t:|1666191592
|switch|p1a: Chansey|Chansey, F|84/100
|move|p2a: Chansey|Stealth Rock|p1a: Chansey
|-sidestart|p1: Stnecoldjaneausten|move: Stealth Rock
|
|upkeep
|turn|26
|
|t:|1666191599
|switch|p2a: Umbreon|Umbreon, M|100/100
|move|p1a: Chansey|Teleport|p1a: Chansey
|
|t:|1666191614
|switch|p1a: Salamence|Salamence, F|88/100|[from]move: Teleport
|-ability|p1a: Salamence|Intimidate|boost
|-fail|p2a: Umbreon|unboost|Attack|[from] ability: Inner Focus|[of] p2a: Umbreon
|
|upkeep
|turn|27
|
|t:|1666191623
|switch|p1a: Chansey|Chansey, F|84/100
|-damage|p1a: Chansey|72/100|[from] Stealth Rock
|switch|p2a: Chansey|Chansey, F|84/100
|
|upkeep
|turn|28
|
|t:|1666191631
|switch|p2a: Umbreon|Umbreon, M|100/100
|move|p1a: Chansey|Toxic|p2a: Umbreon|[miss]
|-miss|p1a: Chansey|p2a: Umbreon
|
|upkeep
|turn|29
|
|t:|1666191639
|move|p2a: Umbreon|Foul Play|p1a: Chansey
|-damage|p1a: Chansey|70/100
|move|p1a: Chansey|Toxic|p2a: Umbreon
|-status|p2a: Umbreon|tox
|
|-damage|p2a: Umbreon|94/100 tox|[from] psn
|upkeep
|turn|30
|
|t:|1666191644
|move|p2a: Umbreon|Heal Bell|p2a: Umbreon
|-activate|p2a: Umbreon|move: Heal Bell
|-curestatus|p2a: Umbreon|tox|[msg]
|move|p1a: Chansey|Soft-Boiled|p1a: Chansey
|-heal|p1a: Chansey|100/100
|
|-heal|p2a: Umbreon|100/100|[from] item: Leftovers
|upkeep
|turn|31
|
|t:|1666191652
|move|p2a: Umbreon|Protect|p2a: Umbreon
|-singleturn|p2a: Umbreon|Protect
|move|p1a: Chansey|Teleport|p1a: Chansey
|
|t:|1666191653
|switch|p1a: Salamence|Salamence, F|88/100|[from]move: Teleport
|-ability|p1a: Salamence|Intimidate|boost
|-fail|p2a: Umbreon|unboost|Attack|[from] ability: Inner Focus|[of] p2a: Umbreon
|
|upkeep
|turn|32
|
|t:|1666191657
|move|p1a: Salamence|Defog|p2a: Umbreon
|-unboost|p2a: Umbreon|evasion|1
|-sideend|p1: Stnecoldjaneausten|Stealth Rock|[from] move: Defog|[of] p1a: Salamence
|move|p2a: Umbreon|Foul Play|p1a: Salamence
|-damage|p1a: Salamence|59/100
|
|upkeep
|turn|33
|
|t:|1666191669
|switch|p1a: Scizor|Scizor, M|100/100
|switch|p2a: Chansey|Chansey, F|84/100
|
|upkeep
|turn|34
|
|t:|1666191672
|move|p1a: Scizor|Knock Off|p2a: Chansey
|-damage|p2a: Chansey|64/100
|-enditem|p2a: Chansey|Eviolite|[from] move: Knock Off|[of] p1a: Scizor
|move|p2a: Chansey|Stealth Rock|p1a: Scizor
|-sidestart|p1: Stnecoldjaneausten|move: Stealth Rock
|
|upkeep
|turn|35
|
|t:|1666191697
|move|p1a: Scizor|Knock Off|p2a: Chansey
|-damage|p2a: Chansey|43/100
|move|p2a: Chansey|Soft-Boiled|p2a: Chansey
|-heal|p2a: Chansey|93/100
|
|upkeep
|turn|36
|
|t:|1666191707
|move|p1a: Scizor|Swords Dance|p1a: Scizor
|-boost|p1a: Scizor|atk|2
|move|p2a: Chansey|Seismic Toss|p1a: Scizor
|-damage|p1a: Scizor|71/100
|
|upkeep
|turn|37
|
|t:|1666191719
|switch|p2a: Quagsire|Quagsire, M|100/100
|move|p1a: Scizor|Knock Off|p2a: Quagsire
|-damage|p2a: Quagsire|77/100
|-enditem|p2a: Quagsire|Leftovers|[from] move: Knock Off|[of] p1a: Scizor
|
|upkeep
|turn|38
|
|t:|1666191724
|switch|p1a: Chansey|Chansey, F|100/100
|-damage|p1a: Chansey|88/100|[from] Stealth Rock
|move|p2a: Quagsire|Scald|p1a: Chansey
|-damage|p1a: Chansey|82/100
|-status|p1a: Chansey|brn
|
|-damage|p1a: Chansey|76/100 brn|[from] brn
|upkeep
|turn|39
|
|t:|1666191733
|switch|p2a: Chansey|Chansey, F|93/100
|move|p1a: Chansey|Teleport|p1a: Chansey
|
|t:|1666191740
|-curestatus|p1a: Chansey|brn|[from] ability: Natural Cure
|switch|p1a: Conkeldurr|Conkeldurr, F|25/100 brn|[from]move: Teleport
|-damage|p1a: Conkeldurr|19/100 brn|[from] Stealth Rock
|
|-damage|p1a: Conkeldurr|13/100 brn|[from] brn
|upkeep
|turn|40
|
|t:|1666191749
|switch|p2a: Quagsire|Quagsire, M|77/100
|move|p1a: Conkeldurr|Drain Punch|p2a: Quagsire
|-damage|p2a: Quagsire|30/100
|-heal|p1a: Conkeldurr|40/100 brn|[from] drain|[of] p2a: Quagsire
|
|-damage|p1a: Conkeldurr|34/100 brn|[from] brn
|upkeep
|turn|41
|-message|Liz Angeles forfeited.
|
|win|Stnecoldjaneausten
|raw|Stnecoldjaneausten's rating: 1553 &rarr; <strong>1580</strong><br />(+27 for winning)
|raw|Liz Angeles's rating: 1682 &rarr; <strong>1655</strong><br />(-27 for losing)
|l|☆Liz Angeles
|c|☆Stnecoldjaneausten|Never broke stall so fast in my life
