|j|☆SkipTheDripBayless
|j|☆ok now i see ya
|t:|1599437723
|player|p1|SkipTheDripBayless|picnicker-gen3|1566
|player|p2|ok now i see ya|brendan-gen3rs|1634
|teamsize|p1|6
|teamsize|p2|6
|gametype|singles
|gen|8
|tier|[Gen 8] UU
|rated|
|clearpoke
|poke|p1|Roserade, M|
|poke|p1|Mienshao, F|
|poke|p1|Weezing-Galar, F|
|poke|p1|Chansey, F|
|poke|p1|Bisharp, F|
|poke|p1|Slowbro, M|
|poke|p2|Snorlax, M|
|poke|p2|Slowbro, M|
|poke|p2|Sylveon, F|
|poke|p2|Cobalion|
|poke|p2|Arcanine, M|
|poke|p2|Noivern, F|
|rule|Sleep Clause Mod: Limit one foe put to sleep
|rule|Species Clause: Limit one of each Pokémon
|rule|OHKO Clause: OHKO moves are banned
|rule|Evasion Moves Clause: Evasion moves are banned
|rule|Endless Battle Clause: Forcing endless battles is banned
|rule|HP Percentage Mod: HP is shown in percentages
|rule|Dynamax Clause: You cannot dynamax
|teampreview
|inactive|Battle timer is ON: inactive players will automatically lose when time's up. (requested by ok now i see ya)
|inactive|ok now i see ya has 120 seconds left.
|
|t:|1599437761
|start
|switch|p1a: Mienshao|Mienshao, F|100/100
|switch|p2a: Slowbruh|Slowbro, M|100/100
|turn|1
|j| SoloBigBagAlert
|c| SoloBigBagAlert|NAV!
|
|t:|1599437785
|move|p1a: Mienshao|U-turn|p2a: Slowbruh
|-supereffective|p2a: Slowbruh
|-damage|p2a: Slowbruh|72/100
|
|t:|1599437789
|switch|p1a: Chansey|Chansey, F|100/100|[from]move: U-turn
|move|p2a: Slowbruh|Psyshock|p1a: Chansey
|-damage|p1a: Chansey|82/100
|
|upkeep
|turn|2
|c|☆SkipTheDripBayless|Bro
|
|t:|1599437798
|switch|p2a: Koba Leon|Cobalion|100/100
|move|p1a: Chansey|Stealth Rock|p2a: Koba Leon
|-sidestart|p2: ok now i see ya|move: Stealth Rock
|
|upkeep
|turn|3
|c|☆SkipTheDripBayless|Chaney might be broken
|c| SoloBigBagAlert|its ass
|c| SoloBigBagAlert|that dude i played earlier
|c| SoloBigBagAlert|chansey dead turn 6
|
|t:|1599437814
|switch|p1a: Slowbro|Slowbro, M, shiny|100/100
|move|p2a: Koba Leon|Stealth Rock|p1a: Slowbro
|-sidestart|p1: SkipTheDripBayless|move: Stealth Rock
|
|upkeep
|turn|4
|
|t:|1599437823
|move|p2a: Koba Leon|Volt Switch|p1a: Slowbro
|-supereffective|p1a: Slowbro
|-damage|p1a: Slowbro|71/100
|
|t:|1599437841
|switch|p2a: uwu|Sylveon, F|100/100|[from]move: Volt Switch
|-damage|p2a: uwu|88/100|[from] Stealth Rock
|move|p1a: Slowbro|Scald|p2a: uwu
|-damage|p2a: uwu|69/100
|-status|p2a: uwu|brn
|
|-heal|p2a: uwu|75/100 brn|[from] item: Leftovers
|-damage|p2a: uwu|69/100 brn|[from] brn
|upkeep
|turn|5
|
|t:|1599437849
|switch|p1a: Roserade|Roserade, M|100/100
|move|p2a: uwu|Wish|p2a: uwu
|
|-heal|p2a: uwu|75/100 brn|[from] item: Leftovers
|-damage|p2a: uwu|69/100 brn|[from] brn
|upkeep
|turn|6
|
|t:|1599437875
|move|p2a: uwu|Protect|p2a: uwu
|-singleturn|p2a: uwu|Protect
|move|p1a: Roserade|Spikes|p2a: uwu
|-sidestart|p2: ok now i see ya|Spikes
|
|-heal|p2a: uwu|100/100 brn|[from] move: Wish|[wisher] uwu
|-damage|p2a: uwu|94/100 brn|[from] brn
|upkeep
|turn|7
|
|t:|1599437879
|switch|p2a: Purp|Noivern, F|100/100
|move|p1a: Roserade|Sludge Bomb|p2a: Purp
|-damage|p2a: Purp|46/100
|
|upkeep
|turn|8
|
|t:|1599437882
|move|p2a: Purp|Flamethrower|p1a: Roserade
|-supereffective|p1a: Roserade
|-damage|p1a: Roserade|53/100
|move|p1a: Roserade|Sludge Bomb|p2a: Purp
|-damage|p2a: Purp|0 fnt
|faint|p2a: Purp
|
|upkeep
|c| SoloBigBagAlert|the rose spread
|c|☆SkipTheDripBayless|King
|c| SoloBigBagAlert|they dont knowwwwwwwwwww
|
|t:|1599437896
|switch|p2a: zzz|Snorlax, M|100/100
|-damage|p2a: zzz|88/100|[from] Spikes
|-damage|p2a: zzz|76/100|[from] Stealth Rock
|turn|9
|c|☆SkipTheDripBayless|Offensive vern
|
|t:|1599437902
|switch|p1a: Bisharp|Bisharp, F, shiny|100/100
|-damage|p1a: Bisharp|95/100|[from] Stealth Rock
|move|p2a: zzz|Curse|p2a: zzz
|-unboost|p2a: zzz|spe|1
|-boost|p2a: zzz|atk|1
|-boost|p2a: zzz|def|1
|
|-heal|p1a: Bisharp|100/100|[from] item: Leftovers
|upkeep
|turn|10
|
|t:|1599437907
|move|p1a: Bisharp|Swords Dance|p1a: Bisharp
|-boost|p1a: Bisharp|atk|2
|move|p2a: zzz|Earthquake|p1a: Bisharp
|-supereffective|p1a: Bisharp
|-damage|p1a: Bisharp|18/100
|
|-heal|p1a: Bisharp|24/100|[from] item: Leftovers
|upkeep
|turn|11
|
|t:|1599437911
|switch|p2a: Koba Leon|Cobalion|100/100
|-damage|p2a: Koba Leon|97/100|[from] Stealth Rock
|-damage|p2a: Koba Leon|85/100|[from] Spikes
|move|p1a: Bisharp|Knock Off|p2a: Koba Leon
|-resisted|p2a: Koba Leon
|-damage|p2a: Koba Leon|41/100
|-ability|p2a: Koba Leon|Justified|boost
|-boost|p2a: Koba Leon|atk|1
|-enditem|p2a: Koba Leon|Chople Berry|[from] move: Knock Off|[of] p1a: Bisharp
|
|-heal|p1a: Bisharp|30/100|[from] item: Leftovers
|upkeep
|turn|12
|c| SoloBigBagAlert|cteamed dawg
|
|t:|1599437937
|switch|p1a: Slowbro|Slowbro, M, shiny|100/100
|-damage|p1a: Slowbro|88/100|[from] Stealth Rock
|move|p2a: Koba Leon|Volt Switch|p1a: Slowbro
|-supereffective|p1a: Slowbro
|-damage|p1a: Slowbro|60/100
|c|☆SkipTheDripBayless|Naw
|c|☆SkipTheDripBayless|He lost
|
|t:|1599437948
|switch|p2a: uwu|Sylveon, F|94/100 brn|[from]move: Volt Switch
|-damage|p2a: uwu|82/100 brn|[from] Spikes
|-damage|p2a: uwu|70/100 brn|[from] Stealth Rock
|
|-heal|p2a: uwu|76/100 brn|[from] item: Leftovers
|-damage|p2a: uwu|70/100 brn|[from] brn
|upkeep
|turn|13
|c| SoloBigBagAlert|skip
|
|t:|1599437952
|switch|p1a: Roserade|Roserade, M|53/100
|move|p2a: uwu|Wish|p2a: uwu
|
|-heal|p2a: uwu|76/100 brn|[from] item: Leftovers
|-damage|p2a: uwu|70/100 brn|[from] brn
|upkeep
|turn|14
|c| SoloBigBagAlert|if tox was in the tier
|
|t:|1599437956
|switch|p2a: zzz|Snorlax, M|76/100
|-damage|p2a: zzz|63/100|[from] Spikes
|-damage|p2a: zzz|51/100|[from] Stealth Rock
|move|p1a: Roserade|Spikes|p2a: zzz
|-sidestart|p2: ok now i see ya|Spikes
|
|-heal|p2a: zzz|90/100|[from] move: Wish|[wisher] uwu
|upkeep
|turn|15
|c| SoloBigBagAlert|ur team would lose 6-0
|
|t:|1599437959
|switch|p1a: Mienshao|Mienshao, F|100/100
|-damage|p1a: Mienshao|95/100|[from] Stealth Rock
|move|p2a: zzz|Curse|p2a: zzz
|-unboost|p2a: zzz|spe|1
|-boost|p2a: zzz|atk|1
|-boost|p2a: zzz|def|1
|
|upkeep
|turn|16
|c| SoloBigBagAlert|to shift gear drain punch
|inactive|ok now i see ya has 120 seconds left.
|c|☆SkipTheDripBayless|Click bro
|c|☆SkipTheDripBayless|Wtf
|inactive|ok now i see ya has 90 seconds left.
|c|☆SkipTheDripBayless|Calcing
|
|t:|1599438049
|move|p1a: Mienshao|Close Combat|p2a: zzz
|-supereffective|p2a: zzz
|-damage|p2a: zzz|40/100
|-unboost|p1a: Mienshao|def|1
|-unboost|p1a: Mienshao|spd|1
|move|p2a: zzz|Curse|p2a: zzz
|-unboost|p2a: zzz|spe|1
|-boost|p2a: zzz|atk|1
|-boost|p2a: zzz|def|1
|
|upkeep
|turn|17
|c|☆SkipTheDripBayless|Imagien
|
|t:|1599438054
|move|p1a: Mienshao|Close Combat|p2a: zzz
|-supereffective|p2a: zzz
|-damage|p2a: zzz|2/100
|-unboost|p1a: Mienshao|def|1
|-unboost|p1a: Mienshao|spd|1
|move|p2a: zzz|Rest|p2a: zzz
|-status|p2a: zzz|slp|[from] move: Rest
|-heal|p2a: zzz|100/100 slp|[silent]
|-enditem|p2a: zzz|Chesto Berry|[eat]
|-curestatus|p2a: zzz|slp|[msg]
|
|upkeep
|turn|18
|j| mactruck22
|j| Bale2711
|inactive|ok now i see ya has 60 seconds left.
|inactive|ok now i see ya has 30 seconds left.
|
|t:|1599438104
|move|p1a: Mienshao|Close Combat|p2a: zzz
|-supereffective|p2a: zzz
|-damage|p2a: zzz|62/100
|-unboost|p1a: Mienshao|def|1
|-unboost|p1a: Mienshao|spd|1
|move|p2a: zzz|Body Slam|p1a: Mienshao
|-damage|p1a: Mienshao|0 fnt
|faint|p1a: Mienshao
|
|upkeep
|inactive|SkipTheDripBayless has 120 seconds left.
|
|t:|1599438133
|switch|p1a: Weezing|Weezing-Galar, F|100/100
|-damage|p1a: Weezing|88/100|[from] Stealth Rock
|turn|19
|
|t:|1599438139
|move|p1a: Weezing|Strange Steam|p2a: zzz
|-damage|p2a: zzz|47/100
|move|p2a: zzz|Curse|p2a: zzz
|-unboost|p2a: zzz|spe|1
|-boost|p2a: zzz|atk|1
|-boost|p2a: zzz|def|1
|
|upkeep
|turn|20
|
|t:|1599438144
|switch|p1a: Slowbro|Slowbro, M, shiny|93/100
|-damage|p1a: Slowbro|80/100|[from] Stealth Rock
|move|p2a: zzz|Rest|p2a: zzz
|-status|p2a: zzz|slp|[from] move: Rest
|-heal|p2a: zzz|100/100 slp|[silent]
|
|upkeep
|turn|21
|
|t:|1599438146
|move|p1a: Slowbro|Calm Mind|p1a: Slowbro
|-boost|p1a: Slowbro|spa|1
|-boost|p1a: Slowbro|spd|1
|cant|p2a: zzz|slp
|
|upkeep
|turn|22
|
|t:|1599438148
|move|p1a: Slowbro|Calm Mind|p1a: Slowbro
|-boost|p1a: Slowbro|spa|1
|-boost|p1a: Slowbro|spd|1
|cant|p2a: zzz|slp
|
|upkeep
|turn|23
|
|t:|1599438152
|move|p1a: Slowbro|Scald|p2a: zzz
|-damage|p2a: zzz|69/100 slp
|-curestatus|p2a: zzz|slp|[msg]
|move|p2a: zzz|Body Slam|p1a: Slowbro
|-damage|p1a: Slowbro|34/100
|
|upkeep
|turn|24
|
|t:|1599438159
|move|p1a: Slowbro|Slack Off|p1a: Slowbro
|-heal|p1a: Slowbro|84/100
|move|p2a: zzz|Body Slam|p1a: Slowbro
|-damage|p1a: Slowbro|41/100
|
|upkeep
|turn|25
|
|t:|1599438162
|move|p1a: Slowbro|Scald|p2a: zzz
|-damage|p2a: zzz|37/100
|move|p2a: zzz|Body Slam|p1a: Slowbro
|-damage|p1a: Slowbro|0 fnt
|faint|p1a: Slowbro
|
|upkeep
|
|t:|1599438164
|switch|p1a: Bisharp|Bisharp, F, shiny|30/100
|-damage|p1a: Bisharp|24/100|[from] Stealth Rock
|turn|26
|
|t:|1599438172
|move|p1a: Bisharp|Iron Head|p2a: zzz
|-damage|p2a: zzz|25/100
|move|p2a: zzz|Body Slam|p1a: Bisharp
|-resisted|p1a: Bisharp
|-damage|p1a: Bisharp|0 fnt
|faint|p1a: Bisharp
|
|upkeep
|
|t:|1599438175
|switch|p1a: Roserade|Roserade, M|53/100
|turn|27
|
|t:|1599438179
|move|p1a: Roserade|Energy Ball|p2a: zzz
|-damage|p2a: zzz|0 fnt
|faint|p2a: zzz
|
|upkeep
|
|t:|1599438191
|switch|p2a: Good Boi|Arcanine, M|100/100
|-ability|p2a: Good Boi|Intimidate|boost
|-unboost|p1a: Roserade|atk|1
|turn|28
|
|t:|1599438197
|switch|p1a: Chansey|Chansey, F|82/100
|-damage|p1a: Chansey|69/100|[from] Stealth Rock
|move|p2a: Good Boi|Flare Blitz|p1a: Chansey
|-damage|p1a: Chansey|40/100
|-damage|p2a: Good Boi|83/100|[from] Recoil
|
|upkeep
|turn|29
|
|t:|1599438201
|move|p2a: Good Boi|Toxic|p1a: Chansey
|-status|p1a: Chansey|tox
|move|p1a: Chansey|Soft-Boiled|p1a: Chansey
|-heal|p1a: Chansey|90/100 tox
|
|-damage|p1a: Chansey|84/100 tox|[from] psn
|upkeep
|turn|30
|
|t:|1599438205
|switch|p2a: Slowbruh|Slowbro, M|100/100
|move|p1a: Chansey|Toxic|p2a: Slowbruh
|-status|p2a: Slowbruh|tox
|
|-damage|p1a: Chansey|71/100 tox|[from] psn
|-damage|p2a: Slowbruh|94/100 tox|[from] psn
|upkeep
|turn|31
|j| Meteorah
|
|t:|1599438215
|switch|p1a: Weezing|Weezing-Galar, F|88/100
|-damage|p1a: Weezing|76/100|[from] Stealth Rock
|move|p2a: Slowbruh|Psyshock|p1a: Weezing
|-supereffective|p1a: Weezing
|-damage|p1a: Weezing|40/100
|
|-damage|p2a: Slowbruh|82/100 tox|[from] psn
|upkeep
|turn|32
|
|t:|1599438220
|switch|p1a: Chansey|Chansey, F|71/100
|-damage|p1a: Chansey|59/100|[from] Stealth Rock
|move|p2a: Slowbruh|Toxic|p1a: Chansey
|-status|p1a: Chansey|tox
|
|-damage|p1a: Chansey|52/100 tox|[from] psn
|-damage|p2a: Slowbruh|64/100 tox|[from] psn
|upkeep
|turn|33
|
|t:|1599438225
|move|p1a: Chansey|Soft-Boiled|p1a: Chansey
|-heal|p1a: Chansey|100/100 tox
|move|p2a: Slowbruh|Teleport|p2a: Slowbruh
|
|t:|1599438233
|switch|p2a: Good Boi|Arcanine, M|83/100|[from]move: Teleport
|-ability|p2a: Good Boi|Intimidate|boost
|-unboost|p1a: Chansey|atk|1
|
|-damage|p1a: Chansey|88/100 tox|[from] psn
|upkeep
|turn|34
|
|t:|1599438239
|switch|p2a: Slowbruh|Slowbro, M|97/100 tox
|move|p1a: Chansey|Toxic|p2a: Slowbruh
|-fail|p2a: Slowbruh|tox
|
|-damage|p1a: Chansey|69/100 tox|[from] psn
|-damage|p2a: Slowbruh|91/100 tox|[from] psn
|upkeep
|turn|35
|
|t:|1599438245
|-curestatus|p1a: Chansey|tox|[from] ability: Natural Cure
|switch|p1a: Weezing|Weezing-Galar, F|40/100
|-damage|p1a: Weezing|28/100|[from] Stealth Rock
|move|p2a: Slowbruh|Psyshock|p1a: Weezing
|-supereffective|p1a: Weezing
|-damage|p1a: Weezing|0 fnt
|faint|p1a: Weezing
|
|-damage|p2a: Slowbruh|79/100 tox|[from] psn
|upkeep
|
|t:|1599438246
|switch|p1a: Roserade|Roserade, M|53/100
|turn|36
|c|☆SkipTheDripBayless|Bro his team is god awful
|inactive|ok now i see ya has 120 seconds left.
|c|☆ok now i see ya|fun acc
|c|☆ok now i see ya|):
|c|☆SkipTheDripBayless|Its fun to run bad teams
|inactive|ok now i see ya has 90 seconds left.
|c|☆ok now i see ya|snorlax
|c|☆ok now i see ya|is fun
|c|☆ok now i see ya|):
|c|☆SkipTheDripBayless|Click
|inactive|ok now i see ya has 60 seconds left.
|l| mactruck22
|inactive|ok now i see ya has 30 seconds left.
|
|t:|1599438367
|switch|p2a: Good Boi|Arcanine, M|83/100
|-ability|p2a: Good Boi|Intimidate|boost
|-unboost|p1a: Roserade|atk|1
|move|p1a: Roserade|Energy Ball|p2a: Good Boi
|-resisted|p2a: Good Boi
|-damage|p2a: Good Boi|66/100
|
|upkeep
|turn|37
|inactive|ok now i see ya has 30 seconds left.
|
|t:|1599438383
|move|p1a: Roserade|Sludge Bomb|p2a: Good Boi
|-damage|p2a: Good Boi|31/100
|move|p2a: Good Boi|Flare Blitz|p1a: Roserade
|-supereffective|p1a: Roserade
|-damage|p1a: Roserade|0 fnt
|-damage|p2a: Good Boi|16/100|[from] Recoil
|faint|p1a: Roserade
|
|upkeep
|-message|SkipTheDripBayless forfeited.
|
|win|ok now i see ya
|l|☆SkipTheDripBayless
|raw|SkipTheDripBayless's rating: 1566 &rarr; <strong>1548</strong><br />(-18 for losing)
|raw|ok now i see ya's rating: 1602 &rarr; <strong>1620</strong><br />(+18 for winning)
|l|☆ok now i see ya
|l| SoloBigBagAlert
|l| Bale2711
|j|☆ok now i see ya
|player|p2|ok now i see ya|brendan-gen3rs
