|j|☆The SD sweep
|j|☆pokemonisfun
|t:|1666661473
|gametype|singles
|player|p1|The SD sweep|karen|1635
|player|p2|pokemonisfun|#uutrio2ladder|1826
|teamsize|p1|6
|teamsize|p2|6
|gen|8
|tier|[Gen 8] UU
|rated|
|rule|Sleep Clause Mod: Limit one foe put to sleep
|rule|Species Clause: Limit one of each Pokémon
|rule|OHKO Clause: OHKO moves are banned
|rule|Evasion Items Clause: Evasion items are banned
|rule|Evasion Moves Clause: Evasion moves are banned
|rule|Endless Battle Clause: Forcing endless battles is banned
|rule|HP Percentage Mod: HP is shown in percentages
|rule|Dynamax Clause: You cannot dynamax
|clearpoke
|poke|p1|Scizor, M|
|poke|p1|Zarude-Dada|
|poke|p1|Keldeo-Resolute|
|poke|p1|Hippowdon, M|
|poke|p1|Slowking, F|
|poke|p1|Primarina, M|
|poke|p2|Hippowdon, M|
|poke|p2|Regieleki|
|poke|p2|Sylveon, M|
|poke|p2|Scizor, F|
|poke|p2|Milotic, F|
|poke|p2|Thundurus-Therian, M|
|teampreview
|inactive|Battle timer is ON: inactive players will automatically lose when time's up. (requested by The SD sweep)
|c|☆pokemonisfun|hf bro
|c|☆The SD sweep|U2
|
|t:|1666661503
|start
|switch|p1a: Zarude|Zarude-Dada|100/100
|switch|p2a: chuggy buggy|Scizor, F|100/100
|turn|1
|c|☆The SD sweep|I was watching the stream
|c|☆The SD sweep|You played so well
|
|t:|1666661516
|move|p1a: Zarude|U-turn|p2a: chuggy buggy
|-resisted|p2a: chuggy buggy
|-damage|p2a: chuggy buggy|92/100
|
|t:|1666661519
|switch|p1a: Hippowdon|Hippowdon, M|100/100|[from]move: U-turn
|-weather|Sandstorm|[from] ability: Sand Stream|[of] p1a: Hippowdon
|move|p2a: chuggy buggy|Knock Off|p1a: Hippowdon
|-damage|p1a: Hippowdon|83/100
|-enditem|p1a: Hippowdon|Leftovers|[from] move: Knock Off|[of] p2a: chuggy buggy
|
|-weather|Sandstorm|[upkeep]
|upkeep
|turn|2
|c|☆The SD sweep|Like actually
|c|☆pokemonisfun|thats kind of you :)
|
|t:|1666661532
|move|p2a: chuggy buggy|U-turn|p1a: Hippowdon
|-damage|p1a: Hippowdon|61/100
|
|t:|1666661536
|switch|p2a: Hip(pos) dont lie|Hippowdon, M|100/100|[from]move: U-turn
|move|p1a: Hippowdon|Stealth Rock|p2a: Hip(pos) dont lie
|-sidestart|p2: pokemonisfun|move: Stealth Rock
|
|-weather|Sandstorm|[upkeep]
|upkeep
|turn|3
|c|☆The SD sweep|Rng Disagreed
|
|t:|1666661542
|switch|p1a: Primarina|Primarina, M, shiny|100/100
|move|p2a: Hip(pos) dont lie|Toxic|p1a: Primarina
|-status|p1a: Primarina|tox
|
|-weather|Sandstorm|[upkeep]
|-damage|p1a: Primarina|95/100 tox|[from] Sandstorm
|-damage|p1a: Primarina|89/100 tox|[from] psn
|upkeep
|turn|4
|
|t:|1666661549
|switch|p2a: snekkt snek|Milotic, F|100/100
|move|p1a: Primarina|Moonblast|p2a: snekkt snek
|-damage|p2a: snekkt snek|50/100
|
|-weather|Sandstorm|[upkeep]
|-damage|p1a: Primarina|83/100 tox|[from] Sandstorm
|-damage|p2a: snekkt snek|44/100|[from] Sandstorm
|-damage|p1a: Primarina|71/100 tox|[from] psn
|upkeep
|turn|5
|
|t:|1666661555
|switch|p1a: Keldeo|Keldeo-Resolute|100/100
|switch|p2a: chuggy buggy|Scizor, F|92/100
|
|-weather|none
|upkeep
|turn|6
|
|t:|1666661559
|switch|p2a: fairly fairy|Sylveon, M|100/100
|-damage|p2a: fairly fairy|88/100|[from] Stealth Rock
|move|p1a: Keldeo|Surf|p2a: fairly fairy
|-damage|p2a: fairly fairy|49/100
|
|-heal|p2a: fairly fairy|55/100|[from] item: Leftovers
|upkeep
|turn|7
|
|t:|1666661564
|move|p1a: Keldeo|Surf|p2a: fairly fairy
|-damage|p2a: fairly fairy|15/100
|move|p2a: fairly fairy|Wish|p2a: fairly fairy
|
|-heal|p2a: fairly fairy|21/100|[from] item: Leftovers
|upkeep
|turn|8
|
|t:|1666661569
|switch|p1a: Scizor|Scizor, M|100/100
|move|p2a: fairly fairy|Protect||[still]
|-fail|p2a: fairly fairy
|
|-heal|p2a: fairly fairy|71/100|[from] move: Wish|[wisher] fairly fairy
|-heal|p2a: fairly fairy|77/100|[from] item: Leftovers
|upkeep
|turn|9
|
|t:|1666661574
|switch|p2a: chuggy buggy|Scizor, F|92/100
|move|p1a: Scizor|Dual Wingbeat|p2a: chuggy buggy
|-damage|p2a: chuggy buggy|67/100
|-damage|p2a: chuggy buggy|40/100
|-hitcount|p2a: chuggy buggy|2
|
|upkeep
|turn|10
|
|t:|1666661578
|switch|p2a: Hip(pos) dont lie|Hippowdon, M|100/100
|-damage|p2a: Hip(pos) dont lie|94/100|[from] Stealth Rock
|-weather|Sandstorm|[from] ability: Sand Stream|[of] p2a: Hip(pos) dont lie
|move|p1a: Scizor|Dual Wingbeat|p2a: Hip(pos) dont lie
|-damage|p2a: Hip(pos) dont lie|75/100
|-damage|p1a: Scizor|84/100|[from] item: Rocky Helmet|[of] p2a: Hip(pos) dont lie
|-damage|p2a: Hip(pos) dont lie|55/100
|-damage|p1a: Scizor|68/100|[from] item: Rocky Helmet|[of] p2a: Hip(pos) dont lie
|-hitcount|p2a: Hip(pos) dont lie|2
|
|-weather|Sandstorm|[upkeep]
|upkeep
|turn|11
|
|t:|1666661586
|switch|p1a: Keldeo|Keldeo-Resolute|100/100
|move|p2a: Hip(pos) dont lie|Stealth Rock|p1a: Keldeo
|-sidestart|p1: The SD sweep|move: Stealth Rock
|
|-weather|Sandstorm|[upkeep]
|-damage|p1a: Keldeo|94/100|[from] Sandstorm
|upkeep
|turn|12
|
|t:|1666661592
|switch|p2a: chuggy buggy|Scizor, F|40/100
|move|p1a: Keldeo|Surf|p2a: chuggy buggy
|-damage|p2a: chuggy buggy|0 fnt
|faint|p2a: chuggy buggy
|
|-weather|Sandstorm|[upkeep]
|-damage|p1a: Keldeo|88/100|[from] Sandstorm
|upkeep
|
|t:|1666661594
|switch|p2a: snekkt snek|Milotic, F|44/100
|turn|13
|
|t:|1666661597
|switch|p1a: Zarude|Zarude-Dada|100/100
|-damage|p1a: Zarude|88/100|[from] Stealth Rock
|move|p2a: snekkt snek|Recover|p2a: snekkt snek
|-heal|p2a: snekkt snek|94/100
|
|-weather|Sandstorm|[upkeep]
|-damage|p1a: Zarude|82/100|[from] Sandstorm
|-damage|p2a: snekkt snek|88/100|[from] Sandstorm
|upkeep
|turn|14
|
|t:|1666661605
|switch|p2a: Hip(pos) dont lie|Hippowdon, M|55/100
|-damage|p2a: Hip(pos) dont lie|49/100|[from] Stealth Rock
|move|p1a: Zarude|Power Whip|p2a: Hip(pos) dont lie
|-supereffective|p2a: Hip(pos) dont lie
|-damage|p2a: Hip(pos) dont lie|0 fnt
|-damage|p1a: Zarude|66/100|[from] item: Rocky Helmet|[of] p2a: Hip(pos) dont lie
|faint|p2a: Hip(pos) dont lie
|
|-weather|none
|upkeep
|j| Hasdf
|
|t:|1666661610
|switch|p2a: howdy mr cloudy|Thundurus-Therian, M|100/100
|turn|15
|
|t:|1666661616
|switch|p1a: Hippowdon|Hippowdon, M|61/100
|-damage|p1a: Hippowdon|55/100|[from] Stealth Rock
|-weather|Sandstorm|[from] ability: Sand Stream|[of] p1a: Hippowdon
|move|p2a: howdy mr cloudy|Nasty Plot|p2a: howdy mr cloudy
|-boost|p2a: howdy mr cloudy|spa|2
|
|-weather|Sandstorm|[upkeep]
|-damage|p2a: howdy mr cloudy|95/100|[from] Sandstorm
|upkeep
|turn|16
|
|t:|1666661627
|switch|p1a: Primarina|Primarina, M, shiny|71/100 tox
|-damage|p1a: Primarina|58/100 tox|[from] Stealth Rock
|move|p2a: howdy mr cloudy|Psychic|p1a: Primarina
|-damage|p1a: Primarina|0 fnt
|faint|p1a: Primarina
|
|-weather|Sandstorm|[upkeep]
|-damage|p2a: howdy mr cloudy|89/100|[from] Sandstorm
|upkeep
|
|t:|1666661629
|switch|p1a: Keldeo|Keldeo-Resolute|88/100
|-damage|p1a: Keldeo|82/100|[from] Stealth Rock
|turn|17
|
|t:|1666661633
|switch|p2a: snekkt snek|Milotic, F|88/100
|move|p1a: Keldeo|Secret Sword|p2a: snekkt snek
|-damage|p2a: snekkt snek|31/100
|
|-weather|Sandstorm|[upkeep]
|-damage|p1a: Keldeo|76/100|[from] Sandstorm
|-damage|p2a: snekkt snek|25/100|[from] Sandstorm
|upkeep
|turn|18
|
|t:|1666661641
|move|p1a: Keldeo|Secret Sword|p2a: snekkt snek
|-damage|p2a: snekkt snek|0 fnt
|faint|p2a: snekkt snek
|
|-weather|Sandstorm|[upkeep]
|-damage|p1a: Keldeo|70/100|[from] Sandstorm
|upkeep
|
|t:|1666661647
|switch|p2a: howdy mr cloudy|Thundurus-Therian, M|89/100
|turn|19
|
|t:|1666661656
|move|p1a: Keldeo|Secret Sword|p2a: howdy mr cloudy
|-resisted|p2a: howdy mr cloudy
|-damage|p2a: howdy mr cloudy|42/100
|move|p2a: howdy mr cloudy|Focus Blast|p1a: Keldeo|[miss]
|-miss|p2a: howdy mr cloudy|p1a: Keldeo
|
|-weather|none
|upkeep
|turn|20
|
|t:|1666661661
|switch|p2a: fairly fairy|Sylveon, M|77/100
|-damage|p2a: fairly fairy|64/100|[from] Stealth Rock
|move|p1a: Keldeo|Secret Sword|p2a: fairly fairy
|-resisted|p2a: fairly fairy
|-damage|p2a: fairly fairy|32/100
|
|-heal|p2a: fairly fairy|38/100|[from] item: Leftovers
|upkeep
|turn|21
|c|☆The SD sweep|Mb bro
|
|t:|1666661668
|move|p1a: Keldeo|Secret Sword|p2a: fairly fairy
|-resisted|p2a: fairly fairy
|-damage|p2a: fairly fairy|2/100
|move|p2a: fairly fairy|Wish|p2a: fairly fairy
|
|-heal|p2a: fairly fairy|8/100|[from] item: Leftovers
|upkeep
|turn|22
|
|t:|1666661673
|move|p1a: Keldeo|Secret Sword|p2a: fairly fairy
|-resisted|p2a: fairly fairy
|-damage|p2a: fairly fairy|0 fnt
|faint|p2a: fairly fairy
|
|upkeep
|c|☆pokemonisfun|it was a good stay in by you
|c|☆pokemonisfun|gg
|-message|pokemonisfun forfeited.
|
|win|The SD sweep
|raw|The SD sweep's rating: 1635 &rarr; <strong>1665</strong><br />(+30 for winning)
|raw|pokemonisfun's rating: 1826 &rarr; <strong>1796</strong><br />(-30 for losing)
|l|☆pokemonisfun
|c|☆The SD sweep|Ah thanks
||Ladder isn't responding, score probably updated but might not have (Request timeout).
