|j|☆mgk9
|j|☆BossManSwag
|t:|1659802431
|gametype|singles
|player|p1|mgk9|emmet|1241
|player|p2|BossManSwag|265|1455
|teamsize|p1|6
|teamsize|p2|6
|gen|8
|tier|[Gen 8] UU
|rated|
|rule|Sleep Clause Mod: Limit one foe put to sleep
|rule|Species Clause: Limit one of each Pokémon
|rule|OHKO Clause: OHKO moves are banned
|rule|Evasion Items Clause: Evasion items are banned
|rule|Evasion Moves Clause: Evasion moves are banned
|rule|Endless Battle Clause: Forcing endless battles is banned
|rule|HP Percentage Mod: HP is shown in percentages
|rule|Dynamax Clause: You cannot dynamax
|clearpoke
|poke|p1|Rotom-Wash|
|poke|p1|Nihilego|
|poke|p1|Jirachi|
|poke|p1|Scizor, F|
|poke|p1|Thundurus-Therian, M|
|poke|p1|Salamence, M|
|poke|p2|Chansey, F|
|poke|p2|Amoonguss, M|
|poke|p2|Primarina, F|
|poke|p2|Reuniclus, F|
|poke|p2|Azelf|
|poke|p2|Obstagoon, M|
|teampreview
|inactive|Battle timer is ON: inactive players will automatically lose when time's up. (requested by BossManSwag)
|
|t:|1659802445
|start
|switch|p1a: Rotom|Rotom-Wash|100/100
|switch|p2a: Azelf|Azelf|100/100
|turn|1
|
|t:|1659802455
|move|p1a: Rotom|Volt Switch|p2a: Azelf
|-damage|p2a: Azelf|51/100
|
|t:|1659802459
|switch|p1a: Thundurus|Thundurus-Therian, M|100/100|[from]move: Volt Switch
|move|p2a: Azelf|Stealth Rock|p1a: Thundurus
|-sidestart|p1: mgk9|move: Stealth Rock
|
|upkeep
|turn|2
|
|t:|1659802470
|move|p2a: Azelf|Explosion|p1a: Thundurus
|-damage|p1a: Thundurus|0 fnt
|faint|p2a: Azelf
|faint|p1a: Thundurus
|
|upkeep
|
|t:|1659802481
|switch|p2a: Amoonguss|Amoonguss, M, shiny|100/100
|switch|p1a: Scizor|Scizor, F|100/100
|-damage|p1a: Scizor|88/100|[from] Stealth Rock
|turn|3
|
|t:|1659802487
|move|p1a: Scizor|Dual Wingbeat|p2a: Amoonguss
|-supereffective|p2a: Amoonguss
|-damage|p2a: Amoonguss|52/100
|-damage|p1a: Scizor|72/100|[from] item: Rocky Helmet|[of] p2a: Amoonguss
|-supereffective|p2a: Amoonguss
|-damage|p2a: Amoonguss|11/100
|-damage|p1a: Scizor|55/100|[from] item: Rocky Helmet|[of] p2a: Amoonguss
|-hitcount|p2a: Amoonguss|2
|-damage|p1a: Scizor|45/100|[from] item: Life Orb
|move|p2a: Amoonguss|Spore|p1a: Scizor
|-status|p1a: Scizor|slp|[from] move: Spore
|
|upkeep
|turn|4
|
|t:|1659802499
|switch|p1a: Jirachi|Jirachi|100/100
|-damage|p1a: Jirachi|94/100|[from] Stealth Rock
|switch|p2a: Obstagoon|Obstagoon, M|100/100
|
|-status|p2a: Obstagoon|brn|[from] item: Flame Orb
|upkeep
|turn|5
|
|t:|1659802509
|switch|p2a: Amoonguss|Amoonguss, M, shiny|44/100
|move|p1a: Jirachi|U-turn|p2a: Amoonguss
|-damage|p2a: Amoonguss|29/100
|-damage|p1a: Jirachi|78/100|[from] item: Rocky Helmet|[of] p2a: Amoonguss
|
|t:|1659802516
|switch|p1a: Salamence|Salamence, M|100/100|[from]move: U-turn
|-damage|p1a: Salamence|76/100|[from] Stealth Rock
|
|upkeep
|turn|6
|
|t:|1659802521
|move|p1a: Salamence|Dragon Dance|p1a: Salamence
|-boost|p1a: Salamence|atk|1
|-boost|p1a: Salamence|spe|1
|move|p2a: Amoonguss|Foul Play|p1a: Salamence
|-damage|p1a: Salamence|2/100
|
|upkeep
|turn|7
|
|t:|1659802531
|move|p1a: Salamence|Earthquake|p2a: Amoonguss
|-damage|p2a: Amoonguss|0 fnt
|faint|p2a: Amoonguss
|-ability|p1a: Salamence|Moxie|boost
|-boost|p1a: Salamence|atk|1
|
|upkeep
|
|t:|1659802534
|switch|p2a: Chansey|Chansey, F, shiny|100/100
|turn|8
|
|t:|1659802539
|move|p1a: Salamence|Dual Wingbeat|p2a: Chansey
|-damage|p2a: Chansey|68/100
|-damage|p2a: Chansey|36/100
|-hitcount|p2a: Chansey|2
|move|p2a: Chansey|Seismic Toss|p1a: Salamence
|-damage|p1a: Salamence|0 fnt
|faint|p1a: Salamence
|
|upkeep
|
|t:|1659802549
|switch|p1a: Jirachi|Jirachi|78/100
|-damage|p1a: Jirachi|72/100|[from] Stealth Rock
|turn|9
|
|t:|1659802556
|move|p1a: Jirachi|Iron Head|p2a: Chansey
|-damage|p2a: Chansey|14/100
|move|p2a: Chansey|Soft-Boiled|p2a: Chansey
|-heal|p2a: Chansey|64/100
|
|upkeep
|turn|10
|
|t:|1659802561
|move|p1a: Jirachi|Iron Head|p2a: Chansey
|-damage|p2a: Chansey|41/100
|move|p2a: Chansey|Soft-Boiled|p2a: Chansey
|-heal|p2a: Chansey|91/100
|
|upkeep
|turn|11
|
|t:|1659802566
|move|p1a: Jirachi|Iron Head|p2a: Chansey
|-damage|p2a: Chansey|68/100
|move|p2a: Chansey|Teleport|p2a: Chansey
|
|t:|1659802570
|switch|p2a: Primarina|Primarina, F, shiny|100/100|[from]move: Teleport
|
|upkeep
|turn|12
|
|t:|1659802575
|move|p1a: Jirachi|Iron Head|p2a: Primarina
|-damage|p2a: Primarina|73/100
|move|p2a: Primarina|Substitute|p2a: Primarina
|-start|p2a: Primarina|Substitute
|-damage|p2a: Primarina|48/100
|
|-heal|p2a: Primarina|54/100|[from] item: Leftovers
|upkeep
|turn|13
|
|t:|1659802581
|move|p1a: Jirachi|Iron Head|p2a: Primarina
|-end|p2a: Primarina|Substitute
|move|p2a: Primarina|Scald|p1a: Jirachi
|-damage|p1a: Jirachi|36/100
|
|-heal|p2a: Primarina|60/100|[from] item: Leftovers
|upkeep
|turn|14
|
|t:|1659802588
|move|p1a: Jirachi|Iron Head|p2a: Primarina
|-crit|p2a: Primarina
|-damage|p2a: Primarina|19/100
|cant|p2a: Primarina|flinch
|
|-heal|p2a: Primarina|25/100|[from] item: Leftovers
|upkeep
|turn|15
|
|t:|1659802596
|move|p1a: Jirachi|Iron Head|p2a: Primarina
|-damage|p2a: Primarina|0 fnt
|faint|p2a: Primarina
|
|upkeep
|
|t:|1659802598
|switch|p2a: Reuniclus|Reuniclus, F, shiny|100/100
|turn|16
|
|t:|1659802601
|move|p1a: Jirachi|Iron Head|p2a: Reuniclus
|-damage|p2a: Reuniclus|63/100
|move|p2a: Reuniclus|Acid Armor|p2a: Reuniclus
|-boost|p2a: Reuniclus|def|2
|
|upkeep
|turn|17
|
|t:|1659802606
|move|p1a: Jirachi|Iron Head|p2a: Reuniclus
|-damage|p2a: Reuniclus|44/100
|move|p2a: Reuniclus|Recover|p2a: Reuniclus
|-heal|p2a: Reuniclus|94/100
|
|upkeep
|turn|18
|
|t:|1659802611
|move|p1a: Jirachi|Iron Head|p2a: Reuniclus
|-damage|p2a: Reuniclus|75/100
|move|p2a: Reuniclus|Acid Armor|p2a: Reuniclus
|-boost|p2a: Reuniclus|def|2
|
|upkeep
|turn|19
|
|t:|1659802616
|move|p1a: Jirachi|Iron Head|p2a: Reuniclus
|-damage|p2a: Reuniclus|64/100
|move|p2a: Reuniclus|Recover|p2a: Reuniclus
|-heal|p2a: Reuniclus|100/100
|
|upkeep
|turn|20
|
|t:|1659802625
|switch|p1a: Rotom|Rotom-Wash|100/100
|-damage|p1a: Rotom|88/100|[from] Stealth Rock
|move|p2a: Reuniclus|Calm Mind|p2a: Reuniclus
|-boost|p2a: Reuniclus|spa|1
|-boost|p2a: Reuniclus|spd|1
|
|upkeep
|turn|21
|
|t:|1659802633
|move|p1a: Rotom|Trick|p2a: Reuniclus
|-activate|p1a: Rotom|move: Trick|[of] p2a: Reuniclus
|-item|p2a: Reuniclus|Choice Scarf|[from] move: Trick
|-item|p1a: Rotom|Kasib Berry|[from] move: Trick
|move|p2a: Reuniclus|Stored Power|p1a: Rotom
|-damage|p1a: Rotom|0 fnt
|faint|p1a: Rotom
|
|upkeep
|
|t:|1659802641
|switch|p1a: Jirachi|Jirachi|36/100
|-damage|p1a: Jirachi|30/100|[from] Stealth Rock
|turn|22
|
|t:|1659802645
|move|p1a: Jirachi|Healing Wish|p1a: Jirachi
|faint|p1a: Jirachi
|move|p2a: Reuniclus|Stored Power|p1: Jirachi|[notarget]
|-fail|p2a: Reuniclus
|
|upkeep
|
|t:|1659802649
|switch|p1a: Scizor|Scizor, F|45/100 slp
|-heal|p1a: Scizor|100/100|[from] move: Healing Wish
|-damage|p1a: Scizor|88/100|[from] Stealth Rock
|turn|23
|
|t:|1659802654
|move|p1a: Scizor|Bug Bite|p2a: Reuniclus
|-supereffective|p2a: Reuniclus
|-damage|p2a: Reuniclus|58/100
|-damage|p1a: Scizor|78/100|[from] item: Life Orb
|move|p2a: Reuniclus|Stored Power|p1a: Scizor
|-resisted|p1a: Scizor
|-damage|p1a: Scizor|24/100
|
|upkeep
|turn|24
|
|t:|1659802661
|move|p1a: Scizor|Bug Bite|p2a: Reuniclus
|-supereffective|p2a: Reuniclus
|-damage|p2a: Reuniclus|12/100
|-damage|p1a: Scizor|14/100|[from] item: Life Orb
|move|p2a: Reuniclus|Stored Power|p1a: Scizor
|-resisted|p1a: Scizor
|-damage|p1a: Scizor|0 fnt
|faint|p1a: Scizor
|
|upkeep
|
|t:|1659802669
|switch|p1a: Nihilego|Nihilego|100/100
|-damage|p1a: Nihilego|88/100|[from] Stealth Rock
|turn|25
|
|t:|1659802674
|switch|p2a: Chansey|Chansey, F, shiny|68/100
|move|p1a: Nihilego|Meteor Beam||[still]
|-prepare|p1a: Nihilego|Meteor Beam
|-boost|p1a: Nihilego|spa|1
|-enditem|p1a: Nihilego|Power Herb
|-anim|p1a: Nihilego|Meteor Beam|p2a: Chansey
|-damage|p2a: Chansey|41/100
|
|upkeep
|turn|26
|
|t:|1659802681
|move|p1a: Nihilego|Meteor Beam||[still]
|-prepare|p1a: Nihilego|Meteor Beam
|-boost|p1a: Nihilego|spa|1
|move|p2a: Chansey|Soft-Boiled|p2a: Chansey
|-heal|p2a: Chansey|91/100
|
|upkeep
|turn|27
|
|t:|1659802687
|move|p1a: Nihilego|Meteor Beam|p2a: Chansey|[from]lockedmove
|-damage|p2a: Chansey|55/100
|move|p2a: Chansey|Seismic Toss|p1a: Nihilego
|-damage|p1a: Nihilego|62/100
|
|upkeep
|turn|28
|
|t:|1659802695
|move|p1a: Nihilego|Sludge Wave|p2a: Chansey
|-damage|p2a: Chansey|26/100
|move|p2a: Chansey|Seismic Toss|p1a: Nihilego
|-damage|p1a: Nihilego|35/100
|
|upkeep
|turn|29
|
|t:|1659802701
|move|p1a: Nihilego|Sludge Wave|p2a: Chansey
|-damage|p2a: Chansey|0 fnt
|faint|p2a: Chansey
|-ability|p1a: Nihilego|Beast Boost|boost
|-boost|p1a: Nihilego|spe|1
|
|upkeep
|
|t:|1659802703
|switch|p2a: Obstagoon|Obstagoon, M|100/100 brn
|turn|30
|c|☆mgk9|ooof
|
|t:|1659802708
|move|p1a: Nihilego|Sludge Wave|p2a: Obstagoon
|-crit|p2a: Obstagoon
|-damage|p2a: Obstagoon|0 fnt
|faint|p2a: Obstagoon
|-ability|p1a: Nihilego|Beast Boost|boost
|-boost|p1a: Nihilego|spe|1
|
|upkeep
|
|t:|1659802710
|switch|p2a: Reuniclus|Reuniclus, F, shiny|12/100
|turn|31
|
|t:|1659802715
|move|p1a: Nihilego|Sludge Wave|p2a: Reuniclus
|-damage|p2a: Reuniclus|0 fnt
|faint|p2a: Reuniclus
|
|win|mgk9
|raw|mgk9's rating: 1241 &rarr; <strong>1280</strong><br />(+39 for winning)
|raw|BossManSwag's rating: 1455 &rarr; <strong>1424</strong><br />(-31 for losing)
|c|☆mgk9|oof
|l|☆BossManSwag
