|j|☆Fairlumbo
|j|☆BigFatMantis
|t:|1606673223
|player|p1|Fairlumbo|209|1319
|player|p2|BigFatMantis|unknown|1481
|teamsize|p1|6
|teamsize|p2|6
|gametype|singles
|gen|8
|tier|[Gen 8] UU
|rated|
|clearpoke
|poke|p1|Scizor, F|
|poke|p1|Kommo-o, M|
|poke|p1|Latias, F|
|poke|p1|Keldeo-Resolute|
|poke|p1|Nidoqueen, F|
|poke|p1|Thundurus-Therian, M|
|poke|p2|Pyukumuku, M|
|poke|p2|Volcarona, M|
|poke|p2|Gyarados, M|
|poke|p2|Terrakion|
|poke|p2|Gengar, F|
|poke|p2|Aegislash, F|
|rule|Sleep Clause Mod: Limit one foe put to sleep
|rule|Species Clause: Limit one of each Pokémon
|rule|OHKO Clause: OHKO moves are banned
|rule|Evasion Moves Clause: Evasion moves are banned
|rule|Endless Battle Clause: Forcing endless battles is banned
|rule|HP Percentage Mod: HP is shown in percentages
|rule|Dynamax Clause: You cannot dynamax
|teampreview
|inactive|Battle timer is ON: inactive players will automatically lose when time's up. (requested by BigFatMantis)
|
|t:|1606673246
|start
|switch|p1a: Nidoqueen|Nidoqueen, F|100/100
|switch|p2a: Ban 3|Terrakion|100/100
|turn|1
|
|t:|1606673274
|switch|p2a: OP AG in UU|Pyukumuku, M|100/100
|move|p1a: Nidoqueen|Earth Power|p2a: OP AG in UU
|-damage|p2a: OP AG in UU|63/100
|
|upkeep
|turn|2
|
|t:|1606673278
|move|p1a: Nidoqueen|Toxic Spikes|p2a: OP AG in UU
|-sidestart|p2: BigFatMantis|move: Toxic Spikes
|move|p2a: OP AG in UU|Light Screen|p2a: OP AG in UU
|-sidestart|p2: BigFatMantis|move: Light Screen
|
|upkeep
|turn|3
|
|t:|1606673286
|switch|p1a: Kommo-o|Kommo-o, M|100/100
|move|p2a: OP AG in UU|Reflect|p2a: OP AG in UU
|-sidestart|p2: BigFatMantis|Reflect
|
|upkeep
|turn|4
|
|t:|1606673296
|move|p1a: Kommo-o|Toxic|p2a: OP AG in UU
|-status|p2a: OP AG in UU|tox
|move|p2a: OP AG in UU|Toxic|p1a: Kommo-o
|-status|p1a: Kommo-o|tox
|
|-damage|p1a: Kommo-o|94/100 tox|[from] psn
|-damage|p2a: OP AG in UU|57/100 tox|[from] psn
|upkeep
|turn|5
|
|t:|1606673303
|move|p1a: Kommo-o|Stealth Rock|p2a: OP AG in UU
|-sidestart|p2: BigFatMantis|move: Stealth Rock
|move|p2a: OP AG in UU|Memento|p1a: Kommo-o
|-unboost|p1a: Kommo-o|atk|2
|-unboost|p1a: Kommo-o|spa|2
|faint|p2a: OP AG in UU
|
|-damage|p1a: Kommo-o|82/100 tox|[from] psn
|upkeep
|
|t:|1606673310
|switch|p2a: Ban 1|Gengar, F|100/100
|-damage|p2a: Ban 1|88/100|[from] Stealth Rock
|-sideend|p2: BigFatMantis|move: Toxic Spikes|[of] p2a: Ban 1
|turn|6
|
|t:|1606673321
|switch|p1a: Nidoqueen|Nidoqueen, F|100/100
|move|p2a: Ban 1|Substitute|p2a: Ban 1
|-start|p2a: Ban 1|Substitute
|-damage|p2a: Ban 1|63/100
|
|-heal|p2a: Ban 1|69/100|[from] item: Black Sludge
|upkeep
|turn|7
|
|t:|1606673330
|move|p2a: Ban 1|Shadow Ball|p1a: Nidoqueen
|-damage|p1a: Nidoqueen|47/100
|move|p1a: Nidoqueen|Earth Power|p2a: Ban 1
|-supereffective|p2a: Ban 1
|-end|p2a: Ban 1|Substitute
|
|-heal|p2a: Ban 1|76/100|[from] item: Black Sludge
|-heal|p1a: Nidoqueen|53/100|[from] item: Black Sludge
|upkeep
|turn|8
|
|t:|1606673338
|move|p2a: Ban 1|Shadow Ball|p1a: Nidoqueen
|-damage|p1a: Nidoqueen|3/100
|move|p1a: Nidoqueen|Sludge Wave|p2a: Ban 1
|-resisted|p2a: Ban 1
|-damage|p2a: Ban 1|66/100
|-start|p1a: Nidoqueen|Disable|Sludge Wave|[from] ability: Cursed Body|[of] p2a: Ban 1
|
|-heal|p2a: Ban 1|72/100|[from] item: Black Sludge
|-heal|p1a: Nidoqueen|9/100|[from] item: Black Sludge
|upkeep
|turn|9
|
|t:|1606673351
|move|p2a: Ban 1|Shadow Ball|p1a: Nidoqueen
|-damage|p1a: Nidoqueen|0 fnt
|faint|p1a: Nidoqueen
|
|-heal|p2a: Ban 1|78/100|[from] item: Black Sludge
|-sideend|p2: BigFatMantis|move: Light Screen
|upkeep
|
|t:|1606673355
|switch|p1a: Keldeo|Keldeo-Resolute|100/100
|turn|10
|
|t:|1606673361
|move|p1a: Keldeo|Hydro Pump|p2a: Ban 1
|-damage|p2a: Ban 1|0 fnt
|-start|p1a: Keldeo|Disable|Hydro Pump|[from] ability: Cursed Body|[of] p2a: Ban 1
|faint|p2a: Ban 1
|
|-sideend|p2: BigFatMantis|Reflect
|upkeep
|
|t:|1606673371
|switch|p2a: Ban 4|Volcarona, M|100/100
|turn|11
|
|t:|1606673377
|switch|p1a: Kommo-o|Kommo-o, M|82/100 tox
|move|p2a: Ban 4|Quiver Dance|p2a: Ban 4
|-boost|p2a: Ban 4|spa|1
|-boost|p2a: Ban 4|spd|1
|-boost|p2a: Ban 4|spe|1
|
|-damage|p1a: Kommo-o|76/100 tox|[from] psn
|upkeep
|turn|12
|
|t:|1606673384
|move|p2a: Ban 4|Psychic|p1a: Kommo-o
|-supereffective|p1a: Kommo-o
|-damage|p1a: Kommo-o|0 fnt
|faint|p1a: Kommo-o
|
|upkeep
|
|t:|1606673387
|switch|p1a: Keldeo|Keldeo-Resolute|100/100
|turn|13
|
|t:|1606673394
|move|p1a: Keldeo|Hydro Pump|p2a: Ban 4
|-supereffective|p2a: Ban 4
|-damage|p2a: Ban 4|19/100
|move|p2a: Ban 4|Psychic|p1a: Keldeo
|-supereffective|p1a: Keldeo
|-damage|p1a: Keldeo|0 fnt
|faint|p1a: Keldeo
|
|upkeep
|
|t:|1606673398
|switch|p1a: Scizor|Scizor, F|100/100
|turn|14
|
|t:|1606673403
|move|p1a: Scizor|Bullet Punch|p2a: Ban 4
|-resisted|p2a: Ban 4
|-damage|p2a: Ban 4|0 fnt
|-status|p1a: Scizor|brn|[from] ability: Flame Body|[of] p2a: Ban 4
|faint|p2a: Ban 4
|
|-damage|p1a: Scizor|94/100 brn|[from] brn
|upkeep
|
|t:|1606673418
|switch|p2a: Ban 2|Aegislash, F|100/100
|-damage|p2a: Ban 2|94/100|[from] Stealth Rock
|turn|15
|
|t:|1606673422
|move|p1a: Scizor|U-turn|p2a: Ban 2
|-resisted|p2a: Ban 2
|-damage|p2a: Ban 2|91/100
|
|t:|1606673429
|switch|p1a: Thundurus|Thundurus-Therian, M|100/100|[from]move: U-turn
|move|p2a: Ban 2|Swords Dance|p2a: Ban 2
|-boost|p2a: Ban 2|atk|2
|
|-heal|p2a: Ban 2|97/100|[from] item: Leftovers
|upkeep
|turn|16
|
|t:|1606673438
|switch|p1a: Scizor|Scizor, F|94/100 brn
|-formechange|p2a: Ban 2|Aegislash-Blade||[from] ability: Stance Change
|move|p2a: Ban 2|Close Combat|p1a: Scizor
|-damage|p1a: Scizor|4/100 brn
|-unboost|p2a: Ban 2|def|1
|-unboost|p2a: Ban 2|spd|1
|
|-heal|p1a: Scizor|10/100 brn|[from] item: Leftovers
|-heal|p2a: Ban 2|100/100|[from] item: Leftovers
|-damage|p1a: Scizor|4/100 brn|[from] brn
|upkeep
|turn|17
|
|t:|1606673450
|move|p1a: Scizor|Bullet Punch|p2a: Ban 2
|-resisted|p2a: Ban 2
|-damage|p2a: Ban 2|80/100
|move|p2a: Ban 2|Shadow Sneak|p1a: Scizor
|-damage|p1a: Scizor|0 fnt
|faint|p1a: Scizor
|
|-heal|p2a: Ban 2|87/100|[from] item: Leftovers
|upkeep
|
|t:|1606673459
|switch|p1a: Thundurus|Thundurus-Therian, M|100/100
|turn|18
|
|t:|1606673467
|-formechange|p2a: Ban 2|Aegislash||[from] ability: Stance Change
|move|p2a: Ban 2|King's Shield|p2a: Ban 2
|-singleturn|p2a: Ban 2|Protect
|move|p1a: Thundurus|Thunderbolt|p2a: Ban 2
|-activate|p2a: Ban 2|move: Protect
|
|-heal|p2a: Ban 2|93/100|[from] item: Leftovers
|upkeep
|turn|19
|
|t:|1606673478
|move|p1a: Thundurus|Thunderbolt|p2a: Ban 2
|-damage|p2a: Ban 2|11/100
|-status|p2a: Ban 2|par
|-damage|p1a: Thundurus|91/100|[from] item: Life Orb
|-formechange|p2a: Ban 2|Aegislash-Blade||[from] ability: Stance Change
|move|p2a: Ban 2|Close Combat|p1a: Thundurus
|-resisted|p1a: Thundurus
|-damage|p1a: Thundurus|19/100
|-unboost|p2a: Ban 2|def|1
|-unboost|p2a: Ban 2|spd|1
|
|-heal|p2a: Ban 2|17/100 par|[from] item: Leftovers
|upkeep
|turn|20
|
|t:|1606673491
|move|p2a: Ban 2|Shadow Sneak|p1a: Thundurus
|-damage|p1a: Thundurus|0 fnt
|faint|p1a: Thundurus
|
|-heal|p2a: Ban 2|23/100 par|[from] item: Leftovers
|upkeep
|
|t:|1606673494
|switch|p1a: Latias|Latias, F|100/100
|turn|21
|
|t:|1606673497
|move|p2a: Ban 2|Shadow Sneak|p1a: Latias
|-supereffective|p1a: Latias
|-damage|p1a: Latias|0 fnt
|faint|p1a: Latias
|
|win|BigFatMantis
|l|☆Fairlumbo
