|j|☆Aether Nite
|j|☆MegaTotomon
|t:|1660349555
|gametype|singles
|player|p1|Aether Nite|gentleman-gen4dp|1368
|player|p2|MegaTotomon|fantina|1563
|teamsize|p1|6
|teamsize|p2|6
|gen|8
|tier|[Gen 8] UU
|rated|
|rule|Sleep Clause Mod: Limit one foe put to sleep
|rule|Species Clause: Limit one of each Pokémon
|rule|OHKO Clause: OHKO moves are banned
|rule|Evasion Items Clause: Evasion items are banned
|rule|Evasion Moves Clause: Evasion moves are banned
|rule|Endless Battle Clause: Forcing endless battles is banned
|rule|HP Percentage Mod: HP is shown in percentages
|rule|Dynamax Clause: You cannot dynamax
|clearpoke
|poke|p1|Gyarados, F|
|poke|p1|Conkeldurr, M|
|poke|p1|Amoonguss, F|
|poke|p1|Azelf|
|poke|p1|Hydreigon, F|
|poke|p1|Slowking, F|
|poke|p2|Chansey, F|
|poke|p2|Nidoking, M|
|poke|p2|Zarude|
|poke|p2|Scizor, F|
|poke|p2|Salamence, M|
|poke|p2|Rotom-Wash|
|teampreview
|c|☆MegaTotomon|glhf
|
|t:|1660349585
|start
|switch|p1a: Conkeldurr|Conkeldurr, M|100/100
|switch|p2a: Rotom|Rotom-Wash|100/100
|turn|1
|j| StarFalcon555
|
|t:|1660349594
|move|p2a: Rotom|Volt Switch|p1a: Conkeldurr
|-crit|p1a: Conkeldurr
|-damage|p1a: Conkeldurr|55/100
|
|t:|1660349605
|switch|p2a: Salamence|Salamence, M|100/100|[from]move: Volt Switch
|-ability|p2a: Salamence|Intimidate|boost
|-unboost|p1a: Conkeldurr|atk|1
|move|p1a: Conkeldurr|Knock Off|p2a: Salamence
|-damage|p2a: Salamence|76/100
|-enditem|p2a: Salamence|Heavy-Duty Boots|[from] move: Knock Off|[of] p1a: Conkeldurr
|
|-status|p1a: Conkeldurr|brn|[from] item: Flame Orb
|upkeep
|turn|2
|j| Luirromen
|j| sponger man
|
|t:|1660349626
|switch|p1a: Slowking|Slowking, F|100/100
|move|p2a: Salamence|Hurricane|p1a: Slowking|[miss]
|-miss|p2a: Salamence|p1a: Slowking
|
|upkeep
|turn|3
|
|t:|1660349634
|switch|p2a: Zarude|Zarude|100/100
|move|p1a: Slowking|Scald|p2a: Zarude
|-resisted|p2a: Zarude
|-damage|p2a: Zarude|86/100
|
|upkeep
|turn|4
|
|t:|1660349642
|switch|p1a: Amoonguss|Amoonguss, F|100/100
|move|p2a: Zarude|U-turn|p1a: Amoonguss
|-crit|p1a: Amoonguss
|-damage|p1a: Amoonguss|74/100
|
|t:|1660349650
|switch|p2a: Nidoking|Nidoking, M|100/100|[from]move: U-turn
|
|-heal|p1a: Amoonguss|80/100|[from] item: Black Sludge
|upkeep
|turn|5
|
|t:|1660349659
|switch|p2a: Chansey|Chansey, F|100/100
|move|p1a: Amoonguss|Spore|p2a: Chansey
|-status|p2a: Chansey|slp|[from] move: Spore
|
|-heal|p1a: Amoonguss|87/100|[from] item: Black Sludge
|upkeep
|turn|6
|
|t:|1660349670
|-curestatus|p2a: Chansey|slp|[from] ability: Natural Cure
|switch|p2a: Nidoking|Nidoking, M|100/100
|switch|p1a: Azelf|Azelf|100/100
|
|upkeep
|turn|7
|
|t:|1660349680
|switch|p2a: Chansey|Chansey, F|100/100
|move|p1a: Azelf|Nasty Plot|p1a: Azelf
|-boost|p1a: Azelf|spa|2
|
|upkeep
|turn|8
|
|t:|1660349688
|switch|p2a: Zarude|Zarude|86/100
|move|p1a: Azelf|Psyshock|p2a: Zarude
|-immune|p2a: Zarude
|
|upkeep
|turn|9
|
|t:|1660349695
|move|p2a: Zarude|Darkest Lariat|p1a: Azelf
|-supereffective|p1a: Azelf
|-damage|p1a: Azelf|0 fnt
|faint|p1a: Azelf
|
|upkeep
|
|t:|1660349712
|switch|p1a: Conkeldurr|Conkeldurr, M|55/100 brn
|turn|10
|
|t:|1660349717
|switch|p2a: Salamence|Salamence, M|76/100
|-ability|p2a: Salamence|Intimidate|boost
|-unboost|p1a: Conkeldurr|atk|1
|move|p1a: Conkeldurr|Drain Punch|p2a: Salamence
|-resisted|p2a: Salamence
|-damage|p2a: Salamence|56/100
|-heal|p1a: Conkeldurr|65/100 brn|[from] drain|[of] p2a: Salamence
|
|-damage|p1a: Conkeldurr|58/100 brn|[from] brn
|upkeep
|turn|11
|
|t:|1660349741
|switch|p1a: Slowking|Slowking, F|100/100
|move|p2a: Salamence|Roost|p2a: Salamence
|-heal|p2a: Salamence|100/100
|-singleturn|p2a: Salamence|move: Roost
|
|upkeep
|turn|12
|
|t:|1660349755
|switch|p2a: Rotom|Rotom-Wash|100/100
|move|p1a: Slowking|Future Sight|p2a: Rotom
|-start|p1a: Slowking|move: Future Sight
|
|upkeep
|turn|13
|inactive|Battle timer is ON: inactive players will automatically lose when time's up. (requested by Aether Nite)
|
|t:|1660349763
|move|p2a: Rotom|Will-O-Wisp|p1a: Slowking
|-status|p1a: Slowking|brn
|move|p1a: Slowking|Teleport|p1a: Slowking
|
|t:|1660349777
|switch|p1a: Hydreigon|Hydreigon, F|100/100|[from]move: Teleport
|
|upkeep
|turn|14
|
|t:|1660349803
|move|p1a: Hydreigon|U-turn|p2a: Rotom
|-damage|p2a: Rotom|85/100
|
|t:|1660349810
|switch|p1a: Amoonguss|Amoonguss, F|100/100|[from]move: U-turn
|move|p2a: Rotom|Volt Switch|p1a: Amoonguss
|-resisted|p1a: Amoonguss
|-damage|p1a: Amoonguss|89/100
|
|t:|1660349812
|switch|p2a: Zarude|Zarude|86/100|[from]move: Volt Switch
|
|-end|p2a: Zarude|move: Future Sight
|-immune|p2a: Zarude
|-heal|p1a: Amoonguss|96/100|[from] item: Black Sludge
|upkeep
|turn|15
|j| amogusroxyrrrr
|
|t:|1660349829
|move|p2a: Zarude|U-turn|p1a: Amoonguss
|-damage|p1a: Amoonguss|78/100
|
|t:|1660349846
|switch|p2a: Scizor|Scizor, F|100/100|[from]move: U-turn
|move|p1a: Amoonguss|Sludge Bomb|p2a: Scizor
|-immune|p2a: Scizor
|
|-heal|p1a: Amoonguss|84/100|[from] item: Black Sludge
|upkeep
|turn|16
|
|t:|1660349858
|move|p2a: Scizor|Knock Off|p1a: Amoonguss
|-damage|p1a: Amoonguss|62/100
|-enditem|p1a: Amoonguss|Black Sludge|[from] move: Knock Off|[of] p2a: Scizor
|move|p1a: Amoonguss|Spore|p2a: Scizor
|-activate|p2a: Scizor|item: Safety Goggles|Spore
|
|upkeep
|turn|17
|
|t:|1660349879
|switch|p1a: Slowking|Slowking, F|100/100 brn
|move|p2a: Scizor|Bullet Punch|p1a: Slowking
|-resisted|p1a: Slowking
|-damage|p1a: Slowking|90/100 brn
|
|-damage|p1a: Slowking|83/100 brn|[from] brn
|upkeep
|turn|18
|
|t:|1660349891
|switch|p2a: Zarude|Zarude|86/100
|move|p1a: Slowking|Future Sight|p2a: Zarude
|-start|p1a: Slowking|move: Future Sight
|
|-damage|p1a: Slowking|77/100 brn|[from] brn
|upkeep
|turn|19
|
|t:|1660349902
|move|p2a: Zarude|Power Whip|p1a: Slowking
|-supereffective|p1a: Slowking
|-damage|p1a: Slowking|0 fnt
|faint|p1a: Slowking
|
|upkeep
|
|t:|1660349917
|switch|p1a: Conkeldurr|Conkeldurr, M|58/100 brn
|turn|20
|
|t:|1660349944
|switch|p2a: Salamence|Salamence, M|100/100
|-ability|p2a: Salamence|Intimidate|boost
|-unboost|p1a: Conkeldurr|atk|1
|move|p1a: Conkeldurr|Facade|p2a: Salamence
|-damage|p2a: Salamence|47/100
|
|-end|p2a: Salamence|move: Future Sight
|-damage|p2a: Salamence|8/100
|-damage|p1a: Conkeldurr|52/100 brn|[from] brn
|upkeep
|turn|21
|
|t:|1660349956
|switch|p2a: Nidoking|Nidoking, M|100/100
|move|p1a: Conkeldurr|Mach Punch|p2a: Nidoking
|-resisted|p2a: Nidoking
|-damage|p2a: Nidoking|84/100
|
|-damage|p1a: Conkeldurr|46/100 brn|[from] brn
|upkeep
|turn|22
|
|t:|1660349968
|move|p2a: Nidoking|Sludge Wave|p1a: Conkeldurr
|-damage|p1a: Conkeldurr|0 fnt
|faint|p1a: Conkeldurr
|
|upkeep
|
|t:|1660349981
|switch|p1a: Gyarados|Gyarados, F|100/100
|turn|23
|
|t:|1660349990
|move|p2a: Nidoking|Sludge Wave|p1a: Gyarados
|-damage|p1a: Gyarados|27/100
|move|p1a: Gyarados|Dragon Dance|p1a: Gyarados
|-boost|p1a: Gyarados|atk|1
|-boost|p1a: Gyarados|spe|1
|
|upkeep
|turn|24
|
|t:|1660350003
|switch|p2a: Salamence|Salamence, M|8/100
|-ability|p2a: Salamence|Intimidate|boost
|-unboost|p1a: Gyarados|atk|1
|move|p1a: Gyarados|Ice Fang|p2a: Salamence
|-supereffective|p2a: Salamence
|-damage|p2a: Salamence|0 fnt
|faint|p2a: Salamence
|-ability|p1a: Gyarados|Moxie|boost
|-boost|p1a: Gyarados|atk|1
|
|upkeep
|
|t:|1660350007
|switch|p2a: Zarude|Zarude|86/100
|turn|25
|
|t:|1660350023
|switch|p1a: Hydreigon|Hydreigon, F|100/100
|move|p2a: Zarude|Darkest Lariat|p1a: Hydreigon
|-resisted|p1a: Hydreigon
|-damage|p1a: Hydreigon|75/100
|
|upkeep
|turn|26
|
|t:|1660350036
|switch|p2a: Chansey|Chansey, F|100/100
|move|p1a: Hydreigon|Flamethrower|p2a: Chansey
|-crit|p2a: Chansey
|-damage|p2a: Chansey|78/100
|
|upkeep
|turn|27
|
|t:|1660350045
|switch|p1a: Gyarados|Gyarados, F|27/100
|move|p2a: Chansey|Stealth Rock|p1a: Gyarados
|-sidestart|p1: Aether Nite|move: Stealth Rock
|
|upkeep
|turn|28
|
|t:|1660350052
|move|p1a: Gyarados|Dragon Dance|p1a: Gyarados
|-boost|p1a: Gyarados|atk|1
|-boost|p1a: Gyarados|spe|1
|move|p2a: Chansey|Seismic Toss|p1a: Gyarados
|-damage|p1a: Gyarados|0 fnt
|faint|p1a: Gyarados
|
|upkeep
|
|t:|1660350063
|switch|p1a: Amoonguss|Amoonguss, F|95/100
|-damage|p1a: Amoonguss|83/100|[from] Stealth Rock
|turn|29
|
|t:|1660350071
|move|p2a: Chansey|Seismic Toss|p1a: Amoonguss
|-damage|p1a: Amoonguss|60/100
|move|p1a: Amoonguss|Sludge Bomb|p2a: Chansey
|-damage|p2a: Chansey|70/100
|-status|p2a: Chansey|psn
|
|-damage|p2a: Chansey|57/100 psn|[from] psn
|upkeep
|turn|30
|
|t:|1660350083
|-curestatus|p2a: Chansey|psn|[from] ability: Natural Cure
|switch|p2a: Scizor|Scizor, F|100/100
|switch|p1a: Hydreigon|Hydreigon, F|75/100
|-damage|p1a: Hydreigon|62/100|[from] Stealth Rock
|
|upkeep
|turn|31
|
|t:|1660350094
|switch|p2a: Rotom|Rotom-Wash|85/100
|move|p1a: Hydreigon|Draco Meteor|p2a: Rotom
|-damage|p2a: Rotom|0 fnt
|-unboost|p1a: Hydreigon|spa|2
|faint|p2a: Rotom
|
|upkeep
|
|t:|1660350096
|switch|p2a: Zarude|Zarude|86/100
|turn|32
|
|t:|1660350105
|switch|p1a: Amoonguss|Amoonguss, F|93/100
|-damage|p1a: Amoonguss|80/100|[from] Stealth Rock
|move|p2a: Zarude|U-turn|p1a: Amoonguss
|-damage|p1a: Amoonguss|63/100
|
|t:|1660350111
|switch|p2a: Nidoking|Nidoking, M|84/100|[from]move: U-turn
|
|upkeep
|turn|33
|
|t:|1660350121
|move|p2a: Nidoking|Ice Beam|p1a: Amoonguss
|-supereffective|p1a: Amoonguss
|-damage|p1a: Amoonguss|0 fnt
|faint|p1a: Amoonguss
|
|upkeep
|
|t:|1660350127
|switch|p1a: Hydreigon|Hydreigon, F|62/100
|-damage|p1a: Hydreigon|50/100|[from] Stealth Rock
|turn|34
|
|t:|1660350137
|switch|p2a: Scizor|Scizor, F|100/100
|move|p1a: Hydreigon|Dark Pulse|p2a: Scizor
|-damage|p2a: Scizor|27/100
|
|upkeep
|turn|35
|
|t:|1660350143
|move|p2a: Scizor|Bullet Punch|p1a: Hydreigon
|-damage|p1a: Hydreigon|19/100
|move|p1a: Hydreigon|Dark Pulse|p2a: Scizor
|-damage|p2a: Scizor|0 fnt
|faint|p2a: Scizor
|
|upkeep
|
|t:|1660350147
|switch|p2a: Zarude|Zarude|86/100
|turn|36
|
|t:|1660350154
|move|p2a: Zarude|U-turn|p1a: Hydreigon
|-supereffective|p1a: Hydreigon
|-damage|p1a: Hydreigon|0 fnt
|faint|p1a: Hydreigon
|
|win|MegaTotomon
|raw|Aether Nite's rating: 1368 &rarr; <strong>1358</strong><br />(-10 for losing)
|raw|MegaTotomon's rating: 1563 &rarr; <strong>1573</strong><br />(+10 for winning)
|c|☆MegaTotomon|gg
|c| sponger man|gg
|l| sponger man
|c|☆Aether Nite|Gg
|l| Luirromen
|l| StarFalcon555
|l|☆Aether Nite
||Ladder isn't responding, score probably updated but might not have (Request timeout).
