|j|☆gijion chilli
|j|☆CBU's BrokenToe
|player|p1|gijion chilli|twins-gen4dp|1518
|player|p2|CBU's BrokenToe|137|1517
|teamsize|p1|6
|teamsize|p2|6
|gametype|singles
|gen|8
|tier|[Gen 8] UU
|rated|
|clearpoke
|poke|p1|Heliolisk, M|
|poke|p1|Weezing-Galar, F|
|poke|p1|Mantine, F|
|poke|p1|Durant, F|
|poke|p1|Diggersby, M|
|poke|p1|Reuniclus, M|
|poke|p2|Vikavolt, M|
|poke|p2|Haxorus, F|
|poke|p2|Roserade, F|
|poke|p2|Arcanine, F|
|poke|p2|Bronzong|
|poke|p2|Braviary, M|
|rule|Sleep Clause Mod: Limit one foe put to sleep
|rule|Species Clause: Limit one of each Pokémon
|rule|OHKO Clause: OHKO moves are banned
|rule|Evasion Moves Clause: Evasion moves are banned
|rule|Endless Battle Clause: Forcing endless battles is banned
|rule|HP Percentage Mod: HP is shown in percentages
|rule|Dynamax Clause: You cannot dynamax
|teampreview
|inactive|Battle timer is ON: inactive players will automatically lose when time's up. (requested by CBU's BrokenToe)
|
|start
|switch|p1a: Reuniclus|Reuniclus, M|100/100
|switch|p2a: Bronzong|Bronzong|100/100
|turn|1
|
|move|p1a: Reuniclus|Shadow Ball|p2a: Bronzong
|-supereffective|p2a: Bronzong
|-damage|p2a: Bronzong|67/100
|move|p2a: Bronzong|Toxic|p1a: Reuniclus
|-status|p1a: Reuniclus|tox
|
|-heal|p2a: Bronzong|73/100|[from] item: Leftovers
|-damage|p1a: Reuniclus|94/100 tox|[from] psn
|upkeep
|turn|2
|
|move|p2a: Bronzong|Protect|p2a: Bronzong
|-singleturn|p2a: Bronzong|Protect
|move|p1a: Reuniclus|Future Sight|p2a: Bronzong
|-start|p1a: Reuniclus|move: Future Sight
|
|-heal|p2a: Bronzong|80/100|[from] item: Leftovers
|-damage|p1a: Reuniclus|82/100 tox|[from] psn
|upkeep
|turn|3
|
|switch|p1a: Durant|Durant, F|100/100
|move|p2a: Bronzong|Stealth Rock|p1a: Durant
|-sidestart|p1: gijion chilli|move: Stealth Rock
|
|-heal|p2a: Bronzong|86/100|[from] item: Leftovers
|upkeep
|turn|4
|
|move|p2a: Bronzong|Protect|p2a: Bronzong
|-singleturn|p2a: Bronzong|Protect
|move|p1a: Durant|Crunch|p2a: Bronzong
|-activate|p2a: Bronzong|move: Protect
|
|-end|p2a: Bronzong|move: Future Sight
|-resisted|p2a: Bronzong
|-damage|p2a: Bronzong|76/100
|-heal|p2a: Bronzong|82/100|[from] item: Leftovers
|upkeep
|turn|5
|
|switch|p2a: Arcanine|Arcanine, F|100/100
|-ability|p2a: Arcanine|Intimidate|boost
|-unboost|p1a: Durant|atk|1
|move|p1a: Durant|Crunch|p2a: Arcanine
|-damage|p2a: Arcanine|72/100
|-unboost|p2a: Arcanine|def|1
|
|upkeep
|turn|6
|
|switch|p1a: Weezing|Weezing-Galar, F|100/100
|-damage|p1a: Weezing|88/100|[from] Stealth Rock
|move|p2a: Arcanine|Flamethrower|p1a: Weezing
|-damage|p1a: Weezing|46/100
|
|-heal|p1a: Weezing|52/100|[from] item: Black Sludge
|upkeep
|turn|7
|
|move|p2a: Arcanine|Flamethrower|p1a: Weezing
|-damage|p1a: Weezing|9/100
|move|p1a: Weezing|Sludge Bomb|p2a: Arcanine
|-damage|p2a: Arcanine|45/100
|
|-heal|p1a: Weezing|15/100|[from] item: Black Sludge
|upkeep
|turn|8
|
|move|p2a: Arcanine|Flamethrower|p1a: Weezing
|-damage|p1a: Weezing|0 fnt
|faint|p1a: Weezing
|
|upkeep
|
|switch|p1a: Durant|Durant, F|100/100
|-damage|p1a: Durant|88/100|[from] Stealth Rock
|turn|9
|
|switch|p2a: Braviary|Braviary, M|100/100
|move|p1a: Durant|Iron Head|p2a: Braviary
|-damage|p2a: Braviary|0 fnt
|faint|p2a: Braviary
|
|upkeep
|
|switch|p2a: Vikavolt|Vikavolt, M|100/100
|turn|10
|
|switch|p1a: Reuniclus|Reuniclus, M|100/100 tox
|-damage|p1a: Reuniclus|88/100 tox|[from] Stealth Rock
|move|p2a: Vikavolt|Bug Buzz|p1a: Reuniclus
|-supereffective|p1a: Reuniclus
|-damage|p1a: Reuniclus|32/100 tox
|
|-damage|p1a: Reuniclus|26/100 tox|[from] psn
|upkeep
|turn|11
|
|switch|p1a: Heliolisk|Heliolisk, M|100/100
|-damage|p1a: Heliolisk|88/100|[from] Stealth Rock
|move|p2a: Vikavolt|Bug Buzz|p1a: Heliolisk
|-damage|p1a: Heliolisk|15/100
|
|upkeep
|turn|12
|
|switch|p2a: Bronzong|Bronzong|82/100
|move|p1a: Heliolisk|Thunderbolt|p2a: Bronzong
|-damage|p2a: Bronzong|54/100
|
|-heal|p2a: Bronzong|60/100|[from] item: Leftovers
|upkeep
|turn|13
|
|move|p2a: Bronzong|Protect|p2a: Bronzong
|-singleturn|p2a: Bronzong|Protect
|move|p1a: Heliolisk|Volt Switch|p2a: Bronzong
|-activate|p2a: Bronzong|move: Protect
|
|-heal|p2a: Bronzong|67/100|[from] item: Leftovers
|upkeep
|turn|14
|
|move|p1a: Heliolisk|Volt Switch|p2a: Bronzong
|-damage|p2a: Bronzong|44/100
|
|switch|p1a: Durant|Durant, F|88/100|[from]move: Volt Switch
|-damage|p1a: Durant|76/100|[from] Stealth Rock
|move|p2a: Bronzong|Gyro Ball|p1a: Durant
|-resisted|p1a: Durant
|-damage|p1a: Durant|51/100
|
|-heal|p2a: Bronzong|51/100|[from] item: Leftovers
|upkeep
|turn|15
|
|move|p2a: Bronzong|Protect|p2a: Bronzong
|-singleturn|p2a: Bronzong|Protect
|move|p1a: Durant|Crunch|p2a: Bronzong
|-activate|p2a: Bronzong|move: Protect
|
|-heal|p2a: Bronzong|57/100|[from] item: Leftovers
|upkeep
|turn|16
|
|switch|p2a: Haxorus|Haxorus, F|100/100
|-ability|p2a: Haxorus|Mold Breaker
|move|p1a: Durant|Crunch|p2a: Haxorus
|-damage|p2a: Haxorus|27/100
|-unboost|p2a: Haxorus|def|1
|
|upkeep
|turn|17
|
|move|p2a: Haxorus|First Impression|p1a: Durant
|-resisted|p1a: Durant
|-damage|p1a: Durant|22/100
|move|p1a: Durant|Crunch|p2a: Haxorus
|-damage|p2a: Haxorus|0 fnt
|faint|p2a: Haxorus
|
|upkeep
|
|switch|p2a: Arcanine|Arcanine, F|45/100
|-ability|p2a: Arcanine|Intimidate|boost
|-unboost|p1a: Durant|atk|1
|turn|18
|
|switch|p1a: Mantine|Mantine, F|100/100
|switch|p2a: Roserade|Roserade, F|100/100
|
|upkeep
|turn|19
|
|move|p2a: Roserade|Leech Seed|p1a: Mantine
|-start|p1a: Mantine|move: Leech Seed
|move|p1a: Mantine|Defog|p2a: Roserade
|-unboost|p2a: Roserade|evasion|1
|-sideend|p1: gijion chilli|Stealth Rock|[from] move: Defog|[of] p1a: Mantine
|
|-damage|p1a: Mantine|88/100|[from] Leech Seed|[of] p2a: Roserade
|upkeep
|turn|20
|
|switch|p1a: Reuniclus|Reuniclus, M|59/100 tox
|move|p2a: Roserade|Spikes|p1a: Reuniclus
|-sidestart|p1: gijion chilli|Spikes
|
|-damage|p1a: Reuniclus|53/100 tox|[from] psn
|upkeep
|turn|21
|j| Gen8ishard
|
|move|p2a: Roserade|Spikes|p1a: Reuniclus
|-sidestart|p1: gijion chilli|Spikes
|move|p1a: Reuniclus|Future Sight|p2a: Roserade
|-start|p1a: Reuniclus|move: Future Sight
|
|-damage|p1a: Reuniclus|41/100 tox|[from] psn
|upkeep
|turn|22
|
|move|p2a: Roserade|Spikes|p1a: Reuniclus
|-sidestart|p1: gijion chilli|Spikes
|move|p1a: Reuniclus|Shadow Ball|p2a: Roserade
|-damage|p2a: Roserade|64/100
|
|-heal|p2a: Roserade|70/100|[from] item: Black Sludge
|-damage|p1a: Reuniclus|22/100 tox|[from] psn
|upkeep
|turn|23
|
|move|p2a: Roserade|Sludge Bomb|p1a: Reuniclus
|-damage|p1a: Reuniclus|0 fnt
|faint|p1a: Reuniclus
|
|-end|p2a: Roserade|move: Future Sight
|-supereffective|p2a: Roserade
|-crit|p2a: Roserade
|-damage|p2a: Roserade|0 fnt
|faint|p2a: Roserade
|upkeep
|
|switch|p2a: Vikavolt|Vikavolt, M|100/100
|switch|p1a: Diggersby|Diggersby, M|100/100
|-damage|p1a: Diggersby|76/100|[from] Spikes
|turn|24
|
|switch|p2a: Arcanine|Arcanine, F|45/100
|-ability|p2a: Arcanine|Intimidate|boost
|-unboost|p1a: Diggersby|atk|1
|move|p1a: Diggersby|Body Slam|p2a: Arcanine
|-damage|p2a: Arcanine|18/100
|
|upkeep
|turn|25
|l| Gen8ishard
|
|switch|p1a: Heliolisk|Heliolisk, M|15/100
|-damage|p1a: Heliolisk|0 fnt|[from] Spikes
|faint|p1a: Heliolisk
|move|p2a: Arcanine|Toxic|p1: Heliolisk|[notarget]
|-fail|p2a: Arcanine
|
|upkeep
|
|switch|p1a: Mantine|Mantine, F|88/100
|turn|26
|
|switch|p2a: Vikavolt|Vikavolt, M|100/100
|move|p1a: Mantine|Defog|p2a: Vikavolt
|-unboost|p2a: Vikavolt|evasion|1
|-sideend|p1: gijion chilli|Spikes|[from] move: Defog|[of] p1a: Mantine
|
|upkeep
|turn|27
|
|move|p2a: Vikavolt|Agility|p2a: Vikavolt
|-boost|p2a: Vikavolt|spe|2
|move|p1a: Mantine|Toxic|p2a: Vikavolt
|-status|p2a: Vikavolt|tox
|
|-damage|p2a: Vikavolt|94/100 tox|[from] psn
|upkeep
|turn|28
|
|switch|p1a: Diggersby|Diggersby, M|76/100
|move|p2a: Vikavolt|Bug Buzz|p1a: Diggersby
|-damage|p1a: Diggersby|6/100
|
|-heal|p2a: Vikavolt|100/100 tox|[from] item: Leftovers
|-damage|p2a: Vikavolt|88/100 tox|[from] psn
|upkeep
|turn|29
|
|switch|p1a: Mantine|Mantine, F|88/100
|move|p2a: Vikavolt|Bug Buzz|p1a: Mantine
|-resisted|p1a: Mantine
|-damage|p1a: Mantine|71/100
|
|-heal|p2a: Vikavolt|94/100 tox|[from] item: Leftovers
|-damage|p2a: Vikavolt|76/100 tox|[from] psn
|upkeep
|turn|30
|
|switch|p1a: Diggersby|Diggersby, M|6/100
|move|p2a: Vikavolt|Thunderbolt|p1a: Diggersby
|-immune|p1a: Diggersby
|
|-heal|p2a: Vikavolt|82/100 tox|[from] item: Leftovers
|-damage|p2a: Vikavolt|57/100 tox|[from] psn
|upkeep
|turn|31
|
|switch|p1a: Mantine|Mantine, F|71/100
|move|p2a: Vikavolt|Roost|p2a: Vikavolt
|-heal|p2a: Vikavolt|100/100 tox
|-singleturn|p2a: Vikavolt|move: Roost
|
|-damage|p2a: Vikavolt|69/100 tox|[from] psn
|upkeep
|turn|32
|
|move|p2a: Vikavolt|Bug Buzz|p1a: Mantine
|-resisted|p1a: Mantine
|-damage|p1a: Mantine|54/100
|move|p1a: Mantine|Scald|p2a: Vikavolt
|-damage|p2a: Vikavolt|39/100 tox
|
|-heal|p2a: Vikavolt|45/100 tox|[from] item: Leftovers
|-damage|p2a: Vikavolt|8/100 tox|[from] psn
|upkeep
|turn|33
|
|move|p2a: Vikavolt|Roost|p2a: Vikavolt
|-heal|p2a: Vikavolt|58/100 tox
|-singleturn|p2a: Vikavolt|move: Roost
|move|p1a: Mantine|Scald|p2a: Vikavolt
|-damage|p2a: Vikavolt|26/100 tox
|
|-heal|p2a: Vikavolt|33/100 tox|[from] item: Leftovers
|-damage|p2a: Vikavolt|0 fnt|[from] psn
|faint|p2a: Vikavolt
|upkeep
|-message|CBU's BrokenToe forfeited.
|
|win|gijion chilli
|l|☆CBU's BrokenToe
|c|☆gijion chilli|Lol
