|j|☆estarossa
|j|☆Moontalks
|t:|1661257740
|gametype|singles
|player|p1|estarossa|#estarossa|
|player|p2|Moontalks|ethan-masters|
|teamsize|p1|6
|teamsize|p2|6
|gen|8
|tier|[Gen 8] UU
|rated|Tournament battle
|rule|Sleep Clause Mod: Limit one foe put to sleep
|rule|Species Clause: Limit one of each Pokémon
|rule|OHKO Clause: OHKO moves are banned
|rule|Evasion Items Clause: Evasion items are banned
|rule|Evasion Moves Clause: Evasion moves are banned
|rule|Endless Battle Clause: Forcing endless battles is banned
|rule|HP Percentage Mod: HP is shown in percentages
|rule|Dynamax Clause: You cannot dynamax
|clearpoke
|poke|p1|Umbreon, M|
|poke|p1|Lanturn, M|
|poke|p1|Slowking, M|
|poke|p1|Chansey, F|
|poke|p1|Salamence, M|
|poke|p1|Skarmory, F|
|poke|p2|Slowbro-Galar, F|
|poke|p2|Skarmory, M|
|poke|p2|Hippowdon, M|
|poke|p2|Zarude|
|poke|p2|Rotom-Wash|
|poke|p2|Noivern, F|
|teampreview
|inactive|Battle timer is ON: inactive players will automatically lose when time's up. (requested by Moontalks)
|j| eu
|inactive|estarossa has 120 seconds left.
|
|t:|1661257775
|start
|switch|p1a: taion|Chansey, F|100/100
|switch|p2a: Rotom|Rotom-Wash|100/100
|turn|1
|
|t:|1661257782
|switch|p1a: mio|Lanturn, M|100/100
|move|p2a: Rotom|Trick|p1a: mio
|-activate|p2a: Rotom|move: Trick|[of] p1a: mio
|-item|p1a: mio|Choice Scarf|[from] move: Trick
|-item|p2a: Rotom|Leftovers|[from] move: Trick
|
|upkeep
|turn|2
|
|t:|1661257808
|switch|p2a: Zarude|Zarude|100/100
|move|p1a: mio|Scald|p2a: Zarude
|-resisted|p2a: Zarude
|-damage|p2a: Zarude|89/100
|
|upkeep
|turn|3
|
|t:|1661257817
|switch|p2a: Noivern|Noivern, F|100/100
|switch|p1a: sena|Skarmory, F|100/100
|
|upkeep
|turn|4
|
|t:|1661257827
|switch|p1a: eunie|Slowking, M|100/100
|move|p2a: Noivern|U-turn|p1a: eunie
|-supereffective|p1a: eunie
|-damage|p1a: eunie|84/100
|
|t:|1661257837
|switch|p2a: Zarude|Zarude|89/100|[from]move: U-turn
|
|upkeep
|turn|5
|
|t:|1661257855
|switch|p2a: Skarmory|Skarmory, M|100/100
|switch|p1a: sena|Skarmory, F|100/100
|
|upkeep
|turn|6
|
|t:|1661257861
|move|p1a: sena|Iron Defense|p1a: sena
|-boost|p1a: sena|def|2
|move|p2a: Skarmory|Spikes|p1a: sena
|-sidestart|p1: estarossa|Spikes
|
|upkeep
|turn|7
|
|t:|1661257865
|switch|p2a: Slowbro|Slowbro-Galar, F|100/100
|move|p1a: sena|Body Press|p2a: Slowbro
|-resisted|p2a: Slowbro
|-damage|p2a: Slowbro|89/100
|
|upkeep
|turn|8
|
|t:|1661257871
|switch|p1a: taion|Chansey, F|100/100
|-damage|p1a: taion|88/100|[from] Spikes
|move|p2a: Slowbro|Sludge Bomb|p1a: taion
|-damage|p1a: taion|78/100
|-status|p1a: taion|psn
|
|-damage|p1a: taion|65/100 psn|[from] psn
|upkeep
|turn|9
|
|t:|1661257880
|switch|p2a: Skarmory|Skarmory, M|100/100
|move|p1a: taion|Stealth Rock|p2a: Skarmory
|-sidestart|p2: Moontalks|move: Stealth Rock
|
|-damage|p1a: taion|53/100 psn|[from] psn
|upkeep
|turn|10
|
|t:|1661257890
|-curestatus|p1a: taion|psn|[from] ability: Natural Cure
|switch|p1a: lanz|Salamence, M|100/100
|-ability|p1a: lanz|Intimidate|boost
|-unboost|p2a: Skarmory|atk|1
|move|p2a: Skarmory|Spikes|p1a: lanz
|-sidestart|p1: estarossa|Spikes
|
|upkeep
|turn|11
|
|t:|1661257915
|switch|p2a: Hippowdon|Hippowdon, M|100/100
|-damage|p2a: Hippowdon|94/100|[from] Stealth Rock
|-weather|Sandstorm|[from] ability: Sand Stream|[of] p2a: Hippowdon
|move|p1a: lanz|Defog|p2a: Hippowdon
|-unboost|p2a: Hippowdon|evasion|1
|-sideend|p2: Moontalks|Stealth Rock|[from] move: Defog|[of] p1a: lanz
|-sideend|p1: estarossa|Spikes|[from] move: Defog|[of] p1a: lanz
|
|-weather|Sandstorm|[upkeep]
|-damage|p1a: lanz|94/100|[from] Sandstorm
|-heal|p2a: Hippowdon|100/100|[from] item: Leftovers
|upkeep
|turn|12
|
|t:|1661257920
|move|p1a: lanz|Toxic|p2a: Hippowdon
|-status|p2a: Hippowdon|tox
|move|p2a: Hippowdon|Stealth Rock|p1a: lanz
|-sidestart|p1: estarossa|move: Stealth Rock
|
|-weather|Sandstorm|[upkeep]
|-damage|p1a: lanz|88/100|[from] Sandstorm
|-damage|p2a: Hippowdon|94/100 tox|[from] psn
|upkeep
|turn|13
|
|t:|1661257926
|move|p1a: lanz|Defog|p2a: Hippowdon
|-unboost|p2a: Hippowdon|evasion|1
|-sideend|p1: estarossa|Stealth Rock|[from] move: Defog|[of] p1a: lanz
|move|p2a: Hippowdon|Toxic|p1a: lanz
|-status|p1a: lanz|tox
|
|-weather|Sandstorm|[upkeep]
|-damage|p1a: lanz|82/100 tox|[from] Sandstorm
|-heal|p2a: Hippowdon|100/100 tox|[from] item: Leftovers
|-damage|p1a: lanz|76/100 tox|[from] psn
|-damage|p2a: Hippowdon|88/100 tox|[from] psn
|upkeep
|turn|14
|
|t:|1661257928
|move|p1a: lanz|Flamethrower|p2a: Hippowdon
|-damage|p2a: Hippowdon|71/100 tox
|move|p2a: Hippowdon|Stealth Rock|p1a: lanz
|-sidestart|p1: estarossa|move: Stealth Rock
|
|-weather|Sandstorm|[upkeep]
|-damage|p1a: lanz|70/100 tox|[from] Sandstorm
|-heal|p2a: Hippowdon|78/100 tox|[from] item: Leftovers
|-damage|p1a: lanz|58/100 tox|[from] psn
|-damage|p2a: Hippowdon|59/100 tox|[from] psn
|upkeep
|turn|15
|
|t:|1661257934
|switch|p1a: mio|Lanturn, M|100/100
|-damage|p1a: mio|88/100|[from] Stealth Rock
|move|p2a: Hippowdon|Slack Off|p2a: Hippowdon
|-heal|p2a: Hippowdon|100/100 tox
|
|-weather|none
|-damage|p2a: Hippowdon|76/100 tox|[from] psn
|upkeep
|turn|16
|
|t:|1661257940
|switch|p2a: Slowbro|Slowbro-Galar, F|100/100
|move|p1a: mio|Heal Bell|p1a: mio
|-activate|p1a: mio|move: Heal Bell
|-curestatus|p1: lanz|tox|[msg]
|
|upkeep
|turn|17
|
|t:|1661257946
|switch|p1a: taion|Chansey, F|53/100
|-damage|p1a: taion|40/100|[from] Stealth Rock
|move|p2a: Slowbro|Calm Mind|p2a: Slowbro
|-boost|p2a: Slowbro|spa|1
|-boost|p2a: Slowbro|spd|1
|
|upkeep
|turn|18
|
|t:|1661257950
|move|p1a: taion|Soft-Boiled|p1a: taion
|-heal|p1a: taion|90/100
|move|p2a: Slowbro|Calm Mind|p2a: Slowbro
|-boost|p2a: Slowbro|spa|1
|-boost|p2a: Slowbro|spd|1
|
|upkeep
|turn|19
|
|t:|1661257952
|switch|p1a: eunie|Slowking, M|100/100
|-damage|p1a: eunie|88/100|[from] Stealth Rock
|move|p2a: Slowbro|Calm Mind|p2a: Slowbro
|-boost|p2a: Slowbro|spa|1
|-boost|p2a: Slowbro|spd|1
|
|upkeep
|turn|20
|
|t:|1661257953
|move|p2a: Slowbro|Sludge Bomb|p1a: eunie
|-damage|p1a: eunie|26/100
|move|p1a: eunie|Calm Mind|p1a: eunie
|-boost|p1a: eunie|spa|1
|-boost|p1a: eunie|spd|1
|
|upkeep
|turn|21
|-message|estarossa forfeited.
|
|win|Moontalks
|n|☆estarossa|estarossa
|n|☆Moontalks|moontalks
|n| eu|eu
