|j|☆aegis of darkness
|j|☆UUH4 Aus
|player|p1|aegis of darkness|flannery|1449
|player|p2|UUH4 Aus|anabel|1347
|teamsize|p1|6
|teamsize|p2|6
|gametype|singles
|gen|8
|tier|[Gen 8] UU
|rated|
|html|<div class="broadcast-blue"><strong>UU is currently suspecting Haxorus! For information on how to participate check out the <a href="https://www.smogon.com/forums/threads/3664575/">suspect thread</a>.</strong></div>
|clearpoke
|poke|p1|Rotom-Wash|
|poke|p1|Sylveon, M|
|poke|p1|Haxorus, M|
|poke|p1|Celebi|
|poke|p1|Chandelure, M|
|poke|p1|Incineroar, M|
|poke|p2|Reuniclus, M|
|poke|p2|Incineroar, F|
|poke|p2|Haxorus, F|
|poke|p2|Cobalion|
|poke|p2|Golisopod, F|
|poke|p2|Weezing-Galar, M|
|rule|Sleep Clause Mod: Limit one foe put to sleep
|rule|Species Clause: Limit one of each Pokémon
|rule|OHKO Clause: OHKO moves are banned
|rule|Evasion Moves Clause: Evasion moves are banned
|rule|Endless Battle Clause: Forcing endless battles is banned
|rule|HP Percentage Mod: HP is shown in percentages
|rule|Dynamax Clause: You cannot dynamax
|teampreview
|
|start
|switch|p1a: Haxorus|Haxorus, M|100/100
|switch|p2a: Strange Steam|Weezing-Galar, M|100/100
|-ability|p1a: Haxorus|Mold Breaker
|turn|1
|
|move|p1a: Haxorus|Earthquake|p2a: Strange Steam
|-supereffective|p2a: Strange Steam
|-damage|p2a: Strange Steam|0 fnt
|faint|p2a: Strange Steam
|
|upkeep
|
|switch|p2a: First Impression|Golisopod, F|100/100
|turn|2
|c|☆UUH4 Aus|how
|c|☆UUH4 Aus|and why
|c|☆aegis of darkness|banded
|c|☆UUH4 Aus|i see
|
|switch|p1a: Sylveon|Sylveon, M|100/100
|move|p2a: First Impression|Spikes|p1a: Sylveon
|-sidestart|p1: aegis of darkness|Spikes
|
|upkeep
|turn|3
|
|switch|p2a: Reuniclus|Reuniclus, M, shiny|100/100
|move|p1a: Sylveon|Hyper Voice|p2a: Reuniclus
|-damage|p2a: Reuniclus|81/100
|
|upkeep
|turn|4
|
|move|p1a: Sylveon|Wish|p1a: Sylveon
|move|p2a: Reuniclus|Focus Blast|p1a: Sylveon
|-resisted|p1a: Sylveon
|-damage|p1a: Sylveon|88/100
|
|-heal|p1a: Sylveon|94/100|[from] item: Leftovers
|upkeep
|turn|5
|
|switch|p1a: Incineroar|Incineroar, M|100/100
|-ability|p1a: Incineroar|Intimidate|boost
|-unboost|p2a: Reuniclus|atk|1
|move|p2a: Reuniclus|Future Sight|p1a: Incineroar
|-start|p2a: Reuniclus|move: Future Sight
|
|upkeep
|turn|6
|
|switch|p2a: Incineroar|Incineroar, F, shiny|100/100
|-ability|p2a: Incineroar|Intimidate|boost
|-unboost|p1a: Incineroar|atk|1
|move|p1a: Incineroar|Knock Off|p2a: Incineroar
|-resisted|p2a: Incineroar
|-damage|p2a: Incineroar|86/100
|-enditem|p2a: Incineroar|Heavy-Duty Boots|[from] move: Knock Off|[of] p1a: Incineroar
|
|upkeep
|turn|7
|
|move|p2a: Incineroar|Close Combat|p1a: Incineroar
|-supereffective|p1a: Incineroar
|-crit|p1a: Incineroar
|-damage|p1a: Incineroar|0 fnt
|-unboost|p2a: Incineroar|def|1
|-unboost|p2a: Incineroar|spd|1
|faint|p1a: Incineroar
|
|-hint|Future Sight did not hit because the target is the user.
|upkeep
|
|switch|p1a: Haxorus|Haxorus, M|100/100
|-damage|p1a: Haxorus|88/100|[from] Spikes
|-ability|p1a: Haxorus|Mold Breaker
|turn|8
|
|move|p1a: Haxorus|Dragon Claw|p2a: Incineroar
|-damage|p2a: Incineroar|0 fnt
|faint|p2a: Incineroar
|
|upkeep
|
|switch|p2a: Cobalion|Cobalion|100/100
|turn|9
|
|switch|p1a: Rotom|Rotom-Wash|100/100
|move|p2a: Cobalion|Close Combat|p1a: Rotom
|-damage|p1a: Rotom|64/100
|-unboost|p2a: Cobalion|def|1
|-unboost|p2a: Cobalion|spd|1
|
|upkeep
|turn|10
|
|switch|p2a: Reuniclus|Reuniclus, M, shiny|100/100
|move|p1a: Rotom|Volt Switch|p2a: Reuniclus
|-damage|p2a: Reuniclus|87/100
|
|switch|p1a: Haxorus|Haxorus, M|88/100|[from]move: Volt Switch
|-damage|p1a: Haxorus|76/100|[from] Spikes
|-ability|p1a: Haxorus|Mold Breaker
|
|upkeep
|turn|11
|
|move|p1a: Haxorus|Dragon Claw|p2a: Reuniclus
|-damage|p2a: Reuniclus|20/100
|move|p2a: Reuniclus|Psychic|p1a: Haxorus
|-damage|p1a: Haxorus|8/100
|
|upkeep
|turn|12
|
|switch|p1a: Rotom|Rotom-Wash|64/100
|switch|p2a: Cobalion|Cobalion|100/100
|
|upkeep
|turn|13
|
|switch|p2a: Reuniclus|Reuniclus, M, shiny|53/100
|move|p1a: Rotom|Defog|p2a: Reuniclus
|-unboost|p2a: Reuniclus|evasion|1
|-sideend|p1: aegis of darkness|Spikes|[from] move: Defog|[of] p1a: Rotom
|
|upkeep
|turn|14
|
|move|p1a: Rotom|Nasty Plot|p1a: Rotom
|-boost|p1a: Rotom|spa|2
|move|p2a: Reuniclus|Future Sight|p1a: Rotom
|-start|p2a: Reuniclus|move: Future Sight
|
|upkeep
|turn|15
|
|switch|p2a: Outrage|Haxorus, F, shiny|100/100
|-ability|p2a: Outrage|Mold Breaker
|move|p1a: Rotom|Hydro Pump|p2a: Outrage
|-resisted|p2a: Outrage
|-damage|p2a: Outrage|39/100
|
|upkeep
|turn|16
|
|switch|p1a: Sylveon|Sylveon, M|94/100
|move|p2a: Outrage|Earthquake|p1a: Sylveon
|-damage|p1a: Sylveon|46/100
|
|-end|p1a: Sylveon|move: Future Sight
|-damage|p1a: Sylveon|5/100
|-heal|p1a: Sylveon|11/100|[from] item: Leftovers
|upkeep
|turn|17
|
|move|p2a: Outrage|Earthquake|p1a: Sylveon
|-damage|p1a: Sylveon|0 fnt
|faint|p1a: Sylveon
|
|upkeep
|
|switch|p1a: Haxorus|Haxorus, M|8/100
|-ability|p1a: Haxorus|Mold Breaker
|turn|18
|
|switch|p2a: Cobalion|Cobalion|100/100
|move|p1a: Haxorus|Dragon Claw|p2a: Cobalion
|-resisted|p2a: Cobalion
|-damage|p2a: Cobalion|72/100
|
|upkeep
|turn|19
|
|switch|p1a: Celebi|Celebi|100/100
|move|p2a: Cobalion|Close Combat|p1a: Celebi
|-resisted|p1a: Celebi
|-crit|p1a: Celebi
|-damage|p1a: Celebi|69/100
|-unboost|p2a: Cobalion|def|1
|-unboost|p2a: Cobalion|spd|1
|
|-heal|p1a: Celebi|75/100|[from] item: Leftovers
|upkeep
|turn|20
|
|switch|p2a: First Impression|Golisopod, F|100/100
|move|p1a: Celebi|U-turn|p2a: First Impression
|-damage|p2a: First Impression|89/100
|
|switch|p1a: Rotom|Rotom-Wash|64/100|[from]move: U-turn
|
|upkeep
|turn|21
|
|switch|p2a: Reuniclus|Reuniclus, M, shiny|86/100
|move|p1a: Rotom|Volt Switch|p2a: Reuniclus
|-damage|p2a: Reuniclus|74/100
|
|switch|p1a: Haxorus|Haxorus, M|8/100|[from]move: Volt Switch
|-ability|p1a: Haxorus|Mold Breaker
|
|upkeep
|turn|22
|
|move|p1a: Haxorus|Outrage|p2a: Reuniclus
|-damage|p2a: Reuniclus|0 fnt
|faint|p2a: Reuniclus
|
|upkeep
|
|switch|p2a: First Impression|Golisopod, F|89/100
|turn|23
|
|move|p2a: First Impression|First Impression|p1a: Haxorus
|-damage|p1a: Haxorus|0 fnt
|faint|p1a: Haxorus
|
|upkeep
|j| Bale2711
|
|switch|p1a: Rotom|Rotom-Wash|64/100
|turn|24
|
|switch|p2a: Outrage|Haxorus, F, shiny|39/100
|-ability|p2a: Outrage|Mold Breaker
|move|p1a: Rotom|Volt Switch|p2a: Outrage
|-resisted|p2a: Outrage
|-damage|p2a: Outrage|20/100
|
|switch|p1a: Chandelure|Chandelure, M|100/100|[from]move: Volt Switch
|
|upkeep
|turn|25
|
|move|p1a: Chandelure|Shadow Ball|p2a: Outrage
|-damage|p2a: Outrage|0 fnt
|faint|p2a: Outrage
|
|upkeep
|
|switch|p2a: First Impression|Golisopod, F|89/100
|turn|26
|
|move|p2a: First Impression|Sucker Punch|p1a: Chandelure
|-supereffective|p1a: Chandelure
|-damage|p1a: Chandelure|26/100
|move|p1a: Chandelure|Shadow Ball|p2a: First Impression
|-damage|p2a: First Impression|42/100
|-activate|p2a: First Impression|ability: Emergency Exit
|
|switch|p2a: Cobalion|Cobalion|72/100
|
|upkeep
|turn|27
|
|move|p1a: Chandelure|Shadow Ball|p2a: Cobalion
|-damage|p2a: Cobalion|14/100
|move|p2a: Cobalion|Thunder Wave|p1a: Chandelure
|-status|p1a: Chandelure|par
|
|upkeep
|turn|28
|
|move|p2a: Cobalion|Stealth Rock|p1a: Chandelure
|-sidestart|p1: aegis of darkness|move: Stealth Rock
|move|p1a: Chandelure|Shadow Ball|p2a: Cobalion
|-damage|p2a: Cobalion|0 fnt
|faint|p2a: Cobalion
|
|upkeep
|c|☆UUH4 Aus|i think i've lost
|
|switch|p2a: First Impression|Golisopod, F|42/100
|turn|29
|-message|aegis of darkness forfeited.
|
|win|UUH4 Aus
|c|☆aegis of darkness|gg
|c|☆UUH4 Aus|huh
|raw|aegis of darkness's rating: 1449 &rarr; <strong>1423</strong><br />(-26 for losing)
|raw|UUH4 Aus's rating: 1347 &rarr; <strong>1373</strong><br />(+26 for winning)
|c|☆UUH4 Aus|why?
|c|☆UUH4 Aus|i could still eat 1 or 2 losses
|c|☆UUH4 Aus|gg i guess thanks m8
|l|☆UUH4 Aus
