|j|☆breadisgodisbread
|j|☆Low Ladder Terror
|t:|1607127895
|player|p1|breadisgodisbread|148|
|player|p2|Low Ladder Terror|teamrocket|
|teamsize|p1|6
|teamsize|p2|6
|gametype|singles
|gen|8
|tier|[Gen 8] UU
|rated|Tournament battle
|clearpoke
|poke|p1|Malamar, F|
|poke|p1|Grimmsnarl, M|
|poke|p1|Aegislash, M|
|poke|p1|Thundurus-Therian, M|
|poke|p1|Latias, F|
|poke|p1|Volcanion|
|poke|p2|Zapdos-Galar|
|poke|p2|Zeraora|
|poke|p2|Scizor, F|
|poke|p2|Crawdaunt, M|
|poke|p2|Latias, F|
|poke|p2|Seismitoad, M|
|rule|Sleep Clause Mod: Limit one foe put to sleep
|rule|Species Clause: Limit one of each Pokémon
|rule|OHKO Clause: OHKO moves are banned
|rule|Evasion Moves Clause: Evasion moves are banned
|rule|Endless Battle Clause: Forcing endless battles is banned
|rule|HP Percentage Mod: HP is shown in percentages
|rule|Dynamax Clause: You cannot dynamax
|teampreview
|j| Life Letters
|inactive|Battle timer is ON: inactive players will automatically lose when time's up. (requested by Low Ladder Terror)
|
|t:|1607127929
|start
|switch|p1a: Grimmsnarl|Grimmsnarl, M|100/100
|switch|p2a: Zeraora|Zeraora|100/100
|turn|1
|
|t:|1607127936
|move|p1a: Grimmsnarl|Reflect|p1a: Grimmsnarl
|-sidestart|p1: breadisgodisbread|Reflect
|move|p2a: Zeraora|Knock Off|p1a: Grimmsnarl
|-resisted|p1a: Grimmsnarl
|-damage|p1a: Grimmsnarl|96/100
|-enditem|p1a: Grimmsnarl|Light Clay|[from] move: Knock Off|[of] p2a: Zeraora
|
|upkeep
|turn|2
|
|t:|1607127945
|move|p1a: Grimmsnarl|Light Screen|p1a: Grimmsnarl
|-sidestart|p1: breadisgodisbread|move: Light Screen
|move|p2a: Zeraora|Volt Switch|p1a: Grimmsnarl
|-damage|p1a: Grimmsnarl|88/100
|
|t:|1607127949
|switch|p2a: Scizor|Scizor, F|100/100|[from]move: Volt Switch
|
|upkeep
|turn|3
|l| Life Letters
|
|t:|1607127955
|move|p1a: Grimmsnarl|Thunder Wave|p2a: Scizor
|-status|p2a: Scizor|par
|move|p2a: Scizor|U-turn|p1a: Grimmsnarl
|-damage|p1a: Grimmsnarl|68/100
|
|t:|1607127962
|switch|p2a: Seismitoad|Seismitoad, M|100/100|[from]move: U-turn
|
|upkeep
|turn|4
|j| Dog Tetgod
|
|t:|1607127968
|switch|p1a: Thundurus|Thundurus-Therian, M|100/100
|move|p2a: Seismitoad|Stealth Rock|p1a: Thundurus
|-sidestart|p1: breadisgodisbread|move: Stealth Rock
|
|upkeep
|turn|5
|l| Dog Tetgod
|
|t:|1607127981
|switch|p2a: Latias|Latias, F|100/100
|move|p1a: Thundurus|Grass Knot|p2a: Latias
|-resisted|p2a: Latias
|-damage|p2a: Latias|91/100
|
|upkeep
|turn|6
|
|t:|1607127992
|switch|p1a: Grimmsnarl|Grimmsnarl, M|68/100
|-damage|p1a: Grimmsnarl|55/100|[from] Stealth Rock
|move|p2a: Latias|Draco Meteor|p1a: Grimmsnarl
|-immune|p1a: Grimmsnarl
|
|-sideend|p1: breadisgodisbread|move: Light Screen
|upkeep
|turn|7
|
|t:|1607127998
|switch|p2a: Scizor|Scizor, F|100/100 par
|move|p1a: Grimmsnarl|Thunder Wave|p2a: Scizor
|-fail|p2a: Scizor|par
|
|upkeep
|turn|8
|j| Mygrein ⌐㋛_㋡
|
|t:|1607128013
|switch|p1a: Aegislash|Aegislash, M, shiny|100/100
|-damage|p1a: Aegislash|94/100|[from] Stealth Rock
|move|p2a: Scizor|Bullet Punch|p1a: Aegislash
|-resisted|p1a: Aegislash
|-damage|p1a: Aegislash|88/100
|
|-heal|p1a: Aegislash|95/100|[from] item: Leftovers
|-sideend|p1: breadisgodisbread|Reflect
|upkeep
|turn|9
|
|t:|1607128022
|move|p1a: Aegislash|Swords Dance|p1a: Aegislash
|-boost|p1a: Aegislash|atk|2
|cant|p2a: Scizor|par
|
|-heal|p1a: Aegislash|100/100|[from] item: Leftovers
|upkeep
|turn|10
|
|t:|1607128029
|move|p1a: Aegislash|Swords Dance|p1a: Aegislash
|-boost|p1a: Aegislash|atk|2
|move|p2a: Scizor|U-turn|p1a: Aegislash
|-resisted|p1a: Aegislash
|-damage|p1a: Aegislash|94/100
|
|t:|1607128034
|switch|p2a: Zapdos|Zapdos-Galar|100/100|[from]move: U-turn
|
|-heal|p1a: Aegislash|99/100|[from] item: Leftovers
|upkeep
|turn|11
|
|t:|1607128045
|move|p2a: Zapdos|Throat Chop|p1a: Aegislash
|-supereffective|p1a: Aegislash
|-damage|p1a: Aegislash|35/100
|-start|p1a: Aegislash|Throat Chop|[silent]
|-formechange|p1a: Aegislash|Aegislash-Blade||[from] ability: Stance Change
|move|p1a: Aegislash|Iron Head|p2a: Zapdos
|-damage|p2a: Zapdos|0 fnt
|faint|p2a: Zapdos
|
|-heal|p1a: Aegislash|42/100|[from] item: Leftovers
|upkeep
|j| Geek Impulse
|
|t:|1607128069
|switch|p2a: Crawdaunt|Crawdaunt, M|100/100
|turn|12
|
|t:|1607128074
|-formechange|p1a: Aegislash|Aegislash||[from] ability: Stance Change
|move|p1a: Aegislash|King's Shield|p1a: Aegislash
|-singleturn|p1a: Aegislash|Protect
|move|p2a: Crawdaunt|Knock Off|p1a: Aegislash
|-activate|p1a: Aegislash|move: Protect
|-unboost|p2a: Crawdaunt|atk|1
|
|-heal|p1a: Aegislash|48/100|[from] item: Leftovers
|-end|p1a: Aegislash|Throat Chop|[silent]
|upkeep
|turn|13
|
|t:|1607128086
|switch|p1a: Grimmsnarl|Grimmsnarl, M|55/100
|-damage|p1a: Grimmsnarl|43/100|[from] Stealth Rock
|move|p2a: Crawdaunt|Knock Off|p1a: Grimmsnarl
|-resisted|p1a: Grimmsnarl
|-damage|p1a: Grimmsnarl|31/100
|-damage|p2a: Crawdaunt|91/100|[from] item: Life Orb
|
|upkeep
|turn|14
|
|t:|1607128091
|move|p2a: Crawdaunt|Aqua Jet|p1a: Grimmsnarl
|-damage|p1a: Grimmsnarl|1/100
|-damage|p2a: Crawdaunt|81/100|[from] item: Life Orb
|move|p1a: Grimmsnarl|Spirit Break|p2a: Crawdaunt
|-supereffective|p2a: Crawdaunt
|-damage|p2a: Crawdaunt|0 fnt
|faint|p2a: Crawdaunt
|
|upkeep
|
|t:|1607128099
|switch|p2a: Zeraora|Zeraora|100/100
|turn|15
|j| ReeceHughes
|
|t:|1607128128
|move|p1a: Grimmsnarl|Reflect|p1a: Grimmsnarl
|-sidestart|p1: breadisgodisbread|Reflect
|move|p2a: Zeraora|Plasma Fists|p1a: Grimmsnarl
|-damage|p1a: Grimmsnarl|0 fnt
|-fieldactivate|move: Ion Deluge
|faint|p1a: Grimmsnarl
|
|upkeep
|
|t:|1607128135
|switch|p1a: Malamar|Malamar, F|100/100
|-damage|p1a: Malamar|88/100|[from] Stealth Rock
|turn|16
|l| ReeceHughes
|
|t:|1607128139
|move|p2a: Zeraora|Volt Switch|p1a: Malamar
|-damage|p1a: Malamar|61/100
|
|t:|1607128159
|switch|p2a: Scizor|Scizor, F|100/100 par|[from]move: Volt Switch
|move|p1a: Malamar|Knock Off|p2a: Scizor
|-damage|p2a: Scizor|59/100 par
|-enditem|p2a: Scizor|Heavy-Duty Boots|[from] move: Knock Off|[of] p1a: Malamar
|
|-heal|p1a: Malamar|68/100|[from] item: Leftovers
|upkeep
|turn|17
|
|t:|1607128162
|move|p1a: Malamar|Superpower|p2a: Scizor
|-damage|p2a: Scizor|29/100 par
|-boost|p1a: Malamar|atk|1
|-boost|p1a: Malamar|def|1
|move|p2a: Scizor|U-turn|p1a: Malamar
|-supereffective|p1a: Malamar
|-damage|p1a: Malamar|20/100
|
|t:|1607128175
|switch|p2a: Zeraora|Zeraora|100/100|[from]move: U-turn
|
|-heal|p1a: Malamar|26/100|[from] item: Leftovers
|upkeep
|turn|18
|
|t:|1607128181
|switch|p1a: Thundurus|Thundurus-Therian, M|100/100
|move|p2a: Zeraora|Volt Switch|p1a: Thundurus
|-immune|p1a: Thundurus|[from] ability: Volt Absorb
|
|upkeep
|turn|19
|
|t:|1607128185
|move|p2a: Zeraora|Knock Off|p1a: Thundurus
|-damage|p1a: Thundurus|76/100
|-enditem|p1a: Thundurus|Heavy-Duty Boots|[from] move: Knock Off|[of] p2a: Zeraora
|move|p1a: Thundurus|Nasty Plot|p1a: Thundurus
|-boost|p1a: Thundurus|spa|2
|
|-sideend|p1: breadisgodisbread|Reflect
|upkeep
|turn|20
|
|t:|1607128203
|switch|p2a: Scizor|Scizor, F|29/100 par
|move|p1a: Thundurus|Grass Knot|p2a: Scizor
|-resisted|p2a: Scizor
|-damage|p2a: Scizor|8/100 par
|
|upkeep
|turn|21
|
|t:|1607128215
|cant|p2a: Scizor|par
|move|p1a: Thundurus|Thunderbolt|p2a: Scizor
|-damage|p2a: Scizor|0 fnt
|faint|p2a: Scizor
|
|upkeep
|
|t:|1607128218
|switch|p2a: Latias|Latias, F|91/100
|turn|22
|
|t:|1607128221
|switch|p1a: Malamar|Malamar, F|26/100
|-damage|p1a: Malamar|13/100|[from] Stealth Rock
|move|p2a: Latias|Draco Meteor|p1a: Malamar
|-damage|p1a: Malamar|0 fnt
|-unboost|p2a: Latias|spa|2
|faint|p1a: Malamar
|
|upkeep
|
|t:|1607128225
|switch|p1a: Latias|Latias, F, shiny|100/100
|-damage|p1a: Latias|88/100|[from] Stealth Rock
|turn|23
|
|t:|1607128246
|move|p2a: Latias|Draco Meteor|p1a: Latias
|-supereffective|p1a: Latias
|-damage|p1a: Latias|30/100
|-unboost|p2a: Latias|spa|2
|move|p1a: Latias|Draco Meteor|p2a: Latias
|-supereffective|p2a: Latias
|-damage|p2a: Latias|0 fnt
|-unboost|p1a: Latias|spa|2
|faint|p2a: Latias
|
|upkeep
|
|t:|1607128251
|switch|p2a: Zeraora|Zeraora|100/100
|turn|24
|inactive|breadisgodisbread has 120 seconds left.
|
|t:|1607128283
|move|p2a: Zeraora|Knock Off|p1a: Latias
|-supereffective|p1a: Latias
|-damage|p1a: Latias|0 fnt
|-enditem|p1a: Latias|Soul Dew|[from] move: Knock Off|[of] p2a: Zeraora
|faint|p1a: Latias
|
|upkeep
|
|t:|1607128288
|switch|p1a: Aegislash|Aegislash, M, shiny|48/100
|-damage|p1a: Aegislash|42/100|[from] Stealth Rock
|turn|25
|
|t:|1607128295
|switch|p2a: Seismitoad|Seismitoad, M|100/100
|-formechange|p1a: Aegislash|Aegislash-Blade||[from] ability: Stance Change
|move|p1a: Aegislash|Shadow Sneak|p2a: Seismitoad
|-damage|p2a: Seismitoad|81/100
|
|-heal|p2a: Seismitoad|87/100|[from] item: Leftovers
|-heal|p1a: Aegislash|48/100|[from] item: Leftovers
|upkeep
|turn|26
|j|+Freeroamer
|
|t:|1607128307
|switch|p1a: Volcanion|Volcanion|100/100
|move|p2a: Seismitoad|Knock Off|p1a: Volcanion
|-damage|p1a: Volcanion|84/100
|-enditem|p1a: Volcanion|Heavy-Duty Boots|[from] move: Knock Off|[of] p2a: Seismitoad
|
|-heal|p2a: Seismitoad|93/100|[from] item: Leftovers
|upkeep
|turn|27
|
|t:|1607128321
|move|p2a: Seismitoad|Earthquake|p1a: Volcanion
|-supereffective|p1a: Volcanion
|-damage|p1a: Volcanion|29/100
|move|p1a: Volcanion|Earth Power|p2a: Seismitoad
|-damage|p2a: Seismitoad|55/100
|
|-heal|p2a: Seismitoad|61/100|[from] item: Leftovers
|upkeep
|turn|28
|
|t:|1607128328
|move|p2a: Seismitoad|Earthquake|p1a: Volcanion
|-supereffective|p1a: Volcanion
|-damage|p1a: Volcanion|0 fnt
|faint|p1a: Volcanion
|
|-heal|p2a: Seismitoad|67/100|[from] item: Leftovers
|upkeep
|
|t:|1607128343
|switch|p1a: Thundurus|Thundurus-Therian, M|76/100
|-damage|p1a: Thundurus|51/100|[from] Stealth Rock
|turn|29
|n| 100$roamer|mygrein
|inactive|Low Ladder Terror has 120 seconds left.
|
|t:|1607128388
|move|p1a: Thundurus|Grass Knot|p2a: Seismitoad
|-supereffective|p2a: Seismitoad
|-damage|p2a: Seismitoad|0 fnt
|faint|p2a: Seismitoad
|
|upkeep
|
|t:|1607128392
|switch|p2a: Zeraora|Zeraora|100/100
|turn|30
|
|t:|1607128401
|move|p2a: Zeraora|Knock Off|p1a: Thundurus
|-damage|p1a: Thundurus|21/100
|move|p1a: Thundurus|Grass Knot|p2a: Zeraora
|-damage|p2a: Zeraora|70/100
|
|upkeep
|turn|31
|j| Dog Tetgod
|
|t:|1607128405
|move|p2a: Zeraora|Knock Off|p1a: Thundurus
|-damage|p1a: Thundurus|0 fnt
|faint|p1a: Thundurus
|
|upkeep
|l| Dog Tetgod
|
|t:|1607128407
|switch|p1a: Aegislash|Aegislash, M, shiny|48/100
|-damage|p1a: Aegislash|42/100|[from] Stealth Rock
|turn|32
|
|t:|1607128412
|move|p1a: Aegislash|King's Shield|p1a: Aegislash
|-singleturn|p1a: Aegislash|Protect
|move|p2a: Zeraora|Volt Switch|p1a: Aegislash
|-activate|p1a: Aegislash|move: Protect
|
|-heal|p1a: Aegislash|48/100|[from] item: Leftovers
|upkeep
|turn|33
|
|t:|1607128418
|move|p2a: Zeraora|Knock Off|p1a: Aegislash
|-supereffective|p1a: Aegislash
|-damage|p1a: Aegislash|3/100
|-enditem|p1a: Aegislash|Leftovers|[from] move: Knock Off|[of] p2a: Zeraora
|-formechange|p1a: Aegislash|Aegislash-Blade||[from] ability: Stance Change
|move|p1a: Aegislash|Iron Head|p2a: Zeraora
|-resisted|p2a: Zeraora
|-damage|p2a: Zeraora|37/100
|
|upkeep
|turn|34
|
|t:|1607128432
|move|p1a: Aegislash|Shadow Sneak|p2a: Zeraora
|-damage|p2a: Zeraora|6/100
|move|p2a: Zeraora|Volt Switch|p1a: Aegislash
|-damage|p1a: Aegislash|0 fnt
|faint|p1a: Aegislash
|
|win|Low Ladder Terror
|n|☆breadisgodisbread|breadisgodisbread
|n|☆Low Ladder Terror|lowladderterror
|n| Geek Impulse|geekimpulse
|n| Freeroamer|freeroamer
|n| 100$roamer|100roamer
