|j|☆Exi_Dudi
|j|☆Liz Angeles
|t:|1666809508
|gametype|singles
|player|p1|Exi_Dudi|doctor-gen8|
|player|p2|Liz Angeles|marley|
|teamsize|p1|6
|teamsize|p2|6
|gen|8
|tier|[Gen 8] UU
|rule|Sleep Clause Mod: Limit one foe put to sleep
|rule|Species Clause: Limit one of each Pokémon
|rule|OHKO Clause: OHKO moves are banned
|rule|Evasion Items Clause: Evasion items are banned
|rule|Evasion Moves Clause: Evasion moves are banned
|rule|Endless Battle Clause: Forcing endless battles is banned
|rule|HP Percentage Mod: HP is shown in percentages
|rule|Dynamax Clause: You cannot dynamax
|clearpoke
|poke|p1|Haxorus, F|
|poke|p1|Primarina, M|
|poke|p1|Chansey, F|
|poke|p1|Umbreon, M|
|poke|p1|Scizor, M|
|poke|p1|Salamence, F|
|poke|p2|Hippowdon, M|
|poke|p2|Amoonguss, F|
|poke|p2|Raikou|
|poke|p2|Noivern, F|
|poke|p2|Scizor, M|
|poke|p2|Milotic, F|
|teampreview
|
|t:|1666809516
|start
|switch|p1a: Scizor|Scizor, M|100/100
|switch|p2a: Raikou|Raikou|100/100
|-ability|p2a: Raikou|Pressure
|turn|1
|c|☆Exi_Dudi|this team doesnt have a ground i just noticed
|
|t:|1666809537
|move|p2a: Raikou|Volt Switch|p1a: Scizor
|-damage|p1a: Scizor|66/100
|
|t:|1666809541
|switch|p2a: Hippowdon|Hippowdon, M|100/100|[from]move: Volt Switch
|-weather|Sandstorm|[from] ability: Sand Stream|[of] p2a: Hippowdon
|move|p1a: Scizor|U-turn|p2a: Hippowdon
|-damage|p2a: Hippowdon|80/100
|-damage|p1a: Scizor|50/100|[from] item: Rocky Helmet|[of] p2a: Hippowdon
|
|t:|1666809562
|switch|p1a: Primarina|Primarina, M|100/100|[from]move: U-turn
|
|-weather|Sandstorm|[upkeep]
|-damage|p1a: Primarina|94/100|[from] Sandstorm
|-heal|p1a: Primarina|100/100|[from] item: Leftovers
|upkeep
|turn|2
|
|t:|1666809572
|switch|p2a: Milotic|Milotic, F|100/100
|move|p1a: Primarina|Substitute|p1a: Primarina
|-start|p1a: Primarina|Substitute
|-damage|p1a: Primarina|75/100
|
|-weather|Sandstorm|[upkeep]
|-damage|p2a: Milotic|94/100|[from] Sandstorm
|-damage|p1a: Primarina|69/100|[from] Sandstorm
|-heal|p1a: Primarina|75/100|[from] item: Leftovers
|upkeep
|turn|3
|
|t:|1666809577
|move|p2a: Milotic|Scald|p1a: Primarina
|-resisted|p1a: Primarina
|-activate|p1a: Primarina|move: Substitute|[damage]
|move|p1a: Primarina|Calm Mind|p1a: Primarina
|-boost|p1a: Primarina|spa|1
|-boost|p1a: Primarina|spd|1
|
|-weather|Sandstorm|[upkeep]
|-damage|p2a: Milotic|88/100|[from] Sandstorm
|-damage|p1a: Primarina|69/100|[from] Sandstorm
|-heal|p1a: Primarina|75/100|[from] item: Leftovers
|upkeep
|turn|4
|c|☆Exi_Dudi|dont be haze
|
|t:|1666809585
|move|p2a: Milotic|Haze|p2a: Milotic
|-clearallboost
|move|p1a: Primarina|Calm Mind|p1a: Primarina
|-boost|p1a: Primarina|spa|1
|-boost|p1a: Primarina|spd|1
|
|-weather|Sandstorm|[upkeep]
|-damage|p2a: Milotic|82/100|[from] Sandstorm
|-damage|p1a: Primarina|69/100|[from] Sandstorm
|-heal|p1a: Primarina|75/100|[from] item: Leftovers
|upkeep
|turn|5
|
|t:|1666809590
|move|p2a: Milotic|Haze|p2a: Milotic
|-clearallboost
|move|p1a: Primarina|Draining Kiss|p2a: Milotic
|-damage|p2a: Milotic|68/100
|-heal|p1a: Primarina|87/100|[from] drain|[of] p2a: Milotic
|
|-weather|none
|-heal|p1a: Primarina|93/100|[from] item: Leftovers
|upkeep
|turn|6
|
|t:|1666809610
|switch|p1a: Haxorus|Haxorus, F|100/100
|-ability|p1a: Haxorus|Mold Breaker
|move|p2a: Milotic|Recover|p2a: Milotic
|-heal|p2a: Milotic|100/100
|
|upkeep
|turn|7
|
|t:|1666809617
|move|p1a: Haxorus|Close Combat|p2a: Milotic
|-damage|p2a: Milotic|41/100
|-unboost|p1a: Haxorus|def|1
|-unboost|p1a: Haxorus|spd|1
|move|p2a: Milotic|Toxic|p1a: Haxorus
|-status|p1a: Haxorus|tox
|
|-damage|p1a: Haxorus|94/100 tox|[from] psn
|upkeep
|turn|8
|
|t:|1666809627
|switch|p1a: Chansey|Chansey, F|100/100
|switch|p2a: Hippowdon|Hippowdon, M|80/100
|-weather|Sandstorm|[from] ability: Sand Stream|[of] p2a: Hippowdon
|
|-weather|Sandstorm|[upkeep]
|-damage|p1a: Chansey|94/100|[from] Sandstorm
|upkeep
|turn|9
|
|t:|1666809636
|move|p2a: Hippowdon|Stealth Rock|p1a: Chansey
|-sidestart|p1: Exi_Dudi|move: Stealth Rock
|move|p1a: Chansey|Toxic|p2a: Hippowdon
|-status|p2a: Hippowdon|tox
|
|-weather|Sandstorm|[upkeep]
|-damage|p1a: Chansey|88/100|[from] Sandstorm
|-damage|p2a: Hippowdon|74/100 tox|[from] psn
|upkeep
|turn|10
|
|t:|1666809643
|switch|p2a: Scizor|Scizor, M|100/100
|move|p1a: Chansey|Teleport|p1a: Chansey
|
|t:|1666809652
|switch|p1a: Salamence|Salamence, F|100/100|[from]move: Teleport
|-ability|p1a: Salamence|Intimidate|boost
|-unboost|p2a: Scizor|atk|1
|
|-weather|Sandstorm|[upkeep]
|-damage|p1a: Salamence|94/100|[from] Sandstorm
|upkeep
|turn|11
|
|t:|1666809663
|switch|p2a: Raikou|Raikou|100/100
|-ability|p2a: Raikou|Pressure
|move|p1a: Salamence|Defog|p2a: Raikou
|-unboost|p2a: Raikou|evasion|1
|-sideend|p1: Exi_Dudi|Stealth Rock|[from] move: Defog|[of] p1a: Salamence
|
|-weather|Sandstorm|[upkeep]
|-damage|p2a: Raikou|94/100|[from] Sandstorm
|-damage|p1a: Salamence|88/100|[from] Sandstorm
|upkeep
|turn|12
|
|t:|1666809672
|move|p2a: Raikou|Volt Switch|p1a: Salamence
|-damage|p1a: Salamence|54/100
|
|t:|1666809677
|switch|p2a: Noivern|Noivern, F|100/100|[from]move: Volt Switch
|-item|p1a: Salamence|Heavy-Duty Boots|[from] ability: Frisk|[of] p2a: Noivern|[identify]
|move|p1a: Salamence|Roost|p1a: Salamence
|-heal|p1a: Salamence|100/100
|-singleturn|p1a: Salamence|move: Roost
|
|-weather|none
|upkeep
|turn|13
|
|t:|1666809684
|switch|p1a: Primarina|Primarina, M|93/100
|move|p2a: Noivern|U-turn|p1a: Primarina
|-resisted|p1a: Primarina
|-damage|p1a: Primarina|87/100
|
|t:|1666809688
|switch|p2a: Raikou|Raikou|94/100|[from]move: U-turn
|-ability|p2a: Raikou|Pressure
|
|-heal|p1a: Primarina|93/100|[from] item: Leftovers
|upkeep
|turn|14
|c|☆Exi_Dudi|betrayal#
|
|t:|1666809709
|switch|p1a: Umbreon|Umbreon, M|100/100
|move|p2a: Raikou|Volt Switch|p1a: Umbreon
|-damage|p1a: Umbreon|78/100
|c|☆Exi_Dudi|okay i need a ground
|
|t:|1666809717
|switch|p2a: Scizor|Scizor, M|100/100|[from]move: Volt Switch
|
|-heal|p1a: Umbreon|84/100|[from] item: Leftovers
|upkeep
|turn|15
|
|t:|1666809723
|move|p1a: Umbreon|Protect|p1a: Umbreon
|-singleturn|p1a: Umbreon|Protect
|move|p2a: Scizor|Knock Off|p1a: Umbreon
|-activate|p1a: Umbreon|move: Protect
|
|-heal|p1a: Umbreon|90/100|[from] item: Leftovers
|upkeep
|turn|16
|
|t:|1666809728
|move|p2a: Scizor|Knock Off|p1a: Umbreon
|-resisted|p1a: Umbreon
|-damage|p1a: Umbreon|81/100
|-enditem|p1a: Umbreon|Leftovers|[from] move: Knock Off|[of] p2a: Scizor
|move|p1a: Umbreon|Foul Play|p2a: Scizor
|-damage|p2a: Scizor|62/100
|
|upkeep
|turn|17
|
|t:|1666809734
|move|p2a: Scizor|Roost|p2a: Scizor
|-heal|p2a: Scizor|100/100
|-singleturn|p2a: Scizor|move: Roost
|move|p1a: Umbreon|Wish|p1a: Umbreon
|
|upkeep
|turn|18
|
|t:|1666809754
|move|p1a: Umbreon|Foul Play|p2a: Scizor
|-damage|p2a: Scizor|61/100
|move|p2a: Scizor|Knock Off|p1a: Umbreon
|-resisted|p1a: Umbreon
|-damage|p1a: Umbreon|74/100
|
|-heal|p1a: Umbreon|100/100|[from] move: Wish|[wisher] Umbreon
|upkeep
|turn|19
|
|t:|1666809764
|move|p1a: Umbreon|Wish|p1a: Umbreon
|move|p2a: Scizor|U-turn|p1a: Umbreon
|-supereffective|p1a: Umbreon
|-damage|p1a: Umbreon|62/100
|
|t:|1666809797
|switch|p2a: Milotic|Milotic, F|41/100|[from]move: U-turn
|
|upkeep
|turn|20
|
|t:|1666809800
|move|p2a: Milotic|Recover|p2a: Milotic
|-heal|p2a: Milotic|91/100
|move|p1a: Umbreon|Toxic|p2a: Milotic
|-status|p2a: Milotic|tox
|
|-heal|p1a: Umbreon|100/100|[from] move: Wish|[wisher] Umbreon
|-damage|p2a: Milotic|85/100 tox|[from] psn
|upkeep
|turn|21
|
|t:|1666809810
|switch|p2a: Scizor|Scizor, M|61/100
|move|p1a: Umbreon|Protect||[still]
|-fail|p1a: Umbreon
|
|upkeep
|turn|22
|
|t:|1666809813
|move|p2a: Scizor|Roost|p2a: Scizor
|-heal|p2a: Scizor|100/100
|-singleturn|p2a: Scizor|move: Roost
|move|p1a: Umbreon|Foul Play|p2a: Scizor
|-damage|p2a: Scizor|59/100
|
|upkeep
|turn|23
|
|t:|1666809817
|move|p2a: Scizor|U-turn|p1a: Umbreon
|-supereffective|p1a: Umbreon
|-damage|p1a: Umbreon|62/100
|
|t:|1666809820
|switch|p2a: Amoonguss|Amoonguss, F|100/100|[from]move: U-turn
|move|p1a: Umbreon|Wish|p1a: Umbreon
|
|upkeep
|turn|24
|
|t:|1666809824
|switch|p1a: Haxorus|Haxorus, F|94/100 tox
|-ability|p1a: Haxorus|Mold Breaker
|move|p2a: Amoonguss|Spore||[still]
|-fail|p2a: Amoonguss
|
|-heal|p1a: Haxorus|100/100 tox|[from] move: Wish|[wisher] Umbreon
|-damage|p1a: Haxorus|94/100 tox|[from] psn
|upkeep
|turn|25
|
|t:|1666809833
|move|p1a: Haxorus|Outrage|p2a: Amoonguss
|-damage|p2a: Amoonguss|30/100
|move|p2a: Amoonguss|Sludge Bomb|p1a: Haxorus
|-damage|p1a: Haxorus|53/100 tox
|
|-damage|p1a: Haxorus|41/100 tox|[from] psn
|upkeep
|turn|26
|
|t:|1666809842
|switch|p2a: Scizor|Scizor, M|59/100
|move|p1a: Haxorus|Outrage|p2a: Scizor|[from]lockedmove
|-resisted|p2a: Scizor
|-damage|p2a: Scizor|19/100
|
|-damage|p1a: Haxorus|22/100 tox|[from] psn
|upkeep
|turn|27
|
|t:|1666809851
|move|p2a: Scizor|Bullet Punch|p1a: Haxorus
|-damage|p1a: Haxorus|0 fnt
|faint|p1a: Haxorus
|
|upkeep
|
|t:|1666809853
|switch|p1a: Salamence|Salamence, F|100/100
|-ability|p1a: Salamence|Intimidate|boost
|-unboost|p2a: Scizor|atk|1
|turn|28
|
|t:|1666809858
|switch|p1a: Scizor|Scizor, M|50/100
|switch|p2a: Raikou|Raikou|94/100
|-ability|p2a: Raikou|Pressure
|
|upkeep
|turn|29
|
|t:|1666809863
|move|p2a: Raikou|Thunderbolt|p1a: Scizor
|-damage|p1a: Scizor|6/100
|move|p1a: Scizor|Roost|p1a: Scizor
|-heal|p1a: Scizor|56/100
|-singleturn|p1a: Scizor|move: Roost
|
|upkeep
|turn|30
|
|t:|1666809867
|move|p2a: Raikou|Volt Switch|p1a: Scizor
|-damage|p1a: Scizor|21/100
|
|t:|1666809872
|switch|p2a: Noivern|Noivern, F|100/100|[from]move: Volt Switch
|-item|p1a: Scizor|Heavy-Duty Boots|[from] ability: Frisk|[of] p2a: Noivern|[identify]
|move|p1a: Scizor|Roost|p1a: Scizor
|-heal|p1a: Scizor|71/100
|-singleturn|p1a: Scizor|move: Roost
|
|upkeep
|turn|31
|
|t:|1666809876
|switch|p1a: Primarina|Primarina, M|93/100
|move|p2a: Noivern|U-turn|p1a: Primarina
|-resisted|p1a: Primarina
|-crit|p1a: Primarina
|-damage|p1a: Primarina|83/100
|
|t:|1666809880
|switch|p2a: Raikou|Raikou|94/100|[from]move: U-turn
|-ability|p2a: Raikou|Pressure
|
|-heal|p1a: Primarina|89/100|[from] item: Leftovers
|upkeep
|turn|32
|
|t:|1666809886
|move|p2a: Raikou|Volt Switch|p1a: Primarina
|-supereffective|p1a: Primarina
|-damage|p1a: Primarina|46/100
|
|t:|1666809892
|switch|p2a: Amoonguss|Amoonguss, F|64/100|[from]move: Volt Switch
|move|p1a: Primarina|Draining Kiss|p2a: Amoonguss
|-resisted|p2a: Amoonguss
|-damage|p2a: Amoonguss|54/100
|-heal|p1a: Primarina|54/100|[from] drain|[of] p2a: Amoonguss
|
|-heal|p1a: Primarina|60/100|[from] item: Leftovers
|upkeep
|turn|33
|
|t:|1666809898
|switch|p1a: Chansey|Chansey, F|88/100
|move|p2a: Amoonguss|Sludge Bomb|p1a: Chansey
|-damage|p1a: Chansey|80/100
|
|upkeep
|turn|34
|
|t:|1666809905
|move|p2a: Amoonguss|Spore|p1a: Chansey
|-status|p1a: Chansey|slp|[from] move: Spore
|cant|p1a: Chansey|slp
|
|upkeep
|turn|35
|
|t:|1666809911
|switch|p2a: Scizor|Scizor, M|19/100
|cant|p1a: Chansey|slp
|
|upkeep
|turn|36
|c|☆Exi_Dudi|what
|
|t:|1666809927
|-curestatus|p1a: Chansey|slp|[from] ability: Natural Cure
|switch|p1a: Primarina|Primarina, M|60/100
|move|p2a: Scizor|Roost|p2a: Scizor
|-heal|p2a: Scizor|69/100
|-singleturn|p2a: Scizor|move: Roost
|
|-heal|p1a: Primarina|66/100|[from] item: Leftovers
|upkeep
|turn|37
|
|t:|1666809940
|move|p2a: Scizor|U-turn|p1a: Primarina
|-resisted|p1a: Primarina
|-damage|p1a: Primarina|44/100
|
|t:|1666809943
|switch|p2a: Raikou|Raikou|94/100|[from]move: U-turn
|-ability|p2a: Raikou|Pressure
|move|p1a: Primarina|Substitute|p1a: Primarina
|-start|p1a: Primarina|Substitute
|-damage|p1a: Primarina|19/100
|
|-heal|p1a: Primarina|25/100|[from] item: Leftovers
|upkeep
|turn|38
|
|t:|1666809950
|move|p2a: Raikou|Volt Switch|p1a: Primarina
|-supereffective|p1a: Primarina
|-end|p1a: Primarina|Substitute
|
|t:|1666809954
|switch|p2a: Amoonguss|Amoonguss, F|88/100|[from]move: Volt Switch
|move|p1a: Primarina|Calm Mind|p1a: Primarina
|-boost|p1a: Primarina|spa|1
|-boost|p1a: Primarina|spd|1
|
|-heal|p1a: Primarina|31/100|[from] item: Leftovers
|upkeep
|turn|39
|
|t:|1666809960
|switch|p1a: Salamence|Salamence, F|100/100
|-ability|p1a: Salamence|Intimidate|boost
|-unboost|p2a: Amoonguss|atk|1
|move|p2a: Amoonguss|Sludge Bomb|p1a: Salamence
|-crit|p1a: Salamence
|-damage|p1a: Salamence|59/100
|
|upkeep
|turn|40
|
|t:|1666809966
|switch|p2a: Milotic|Milotic, F|85/100 tox
|move|p1a: Salamence|Flamethrower|p2a: Milotic
|-resisted|p2a: Milotic
|-damage|p2a: Milotic|78/100 tox
|
|-damage|p2a: Milotic|72/100 tox|[from] psn
|upkeep
|turn|41
|
|t:|1666809977
|switch|p1a: Chansey|Chansey, F|80/100
|switch|p2a: Scizor|Scizor, M|69/100
|
|upkeep
|turn|42
|
|t:|1666809981
|switch|p1a: Salamence|Salamence, F|59/100
|-ability|p1a: Salamence|Intimidate|boost
|-unboost|p2a: Scizor|atk|1
|move|p2a: Scizor|Knock Off|p1a: Salamence
|-damage|p1a: Salamence|42/100
|-enditem|p1a: Salamence|Heavy-Duty Boots|[from] move: Knock Off|[of] p2a: Scizor
|
|upkeep
|turn|43
|
|t:|1666809987
|switch|p2a: Raikou|Raikou|94/100
|-ability|p2a: Raikou|Pressure
|move|p1a: Salamence|Roost|p1a: Salamence
|-heal|p1a: Salamence|92/100
|-singleturn|p1a: Salamence|move: Roost
|
|upkeep
|turn|44
|
|t:|1666809992
|move|p2a: Raikou|Thunderbolt|p1a: Salamence
|-damage|p1a: Salamence|49/100
|move|p1a: Salamence|Roost|p1a: Salamence
|-heal|p1a: Salamence|99/100
|-singleturn|p1a: Salamence|move: Roost
|
|upkeep
|turn|45
|
|t:|1666809997
|move|p2a: Raikou|Thunderbolt|p1a: Salamence
|-damage|p1a: Salamence|56/100
|move|p1a: Salamence|Flamethrower|p2a: Raikou
|-damage|p2a: Raikou|73/100
|
|upkeep
|turn|46
|
|t:|1666810002
|move|p2a: Raikou|Volt Switch|p1a: Salamence
|-damage|p1a: Salamence|20/100
|
|t:|1666810005
|switch|p2a: Noivern|Noivern, F|100/100|[from]move: Volt Switch
|move|p1a: Salamence|Roost|p1a: Salamence
|-heal|p1a: Salamence|70/100
|-singleturn|p1a: Salamence|move: Roost
|
|upkeep
|turn|47
|
|t:|1666810009
|switch|p1a: Scizor|Scizor, M|71/100
|move|p2a: Noivern|U-turn|p1a: Scizor
|-resisted|p1a: Scizor
|-damage|p1a: Scizor|67/100
|
|t:|1666810013
|switch|p2a: Hippowdon|Hippowdon, M|74/100 tox|[from]move: U-turn
|-weather|Sandstorm|[from] ability: Sand Stream|[of] p2a: Hippowdon
|
|-weather|Sandstorm|[upkeep]
|-damage|p2a: Hippowdon|67/100 tox|[from] psn
|upkeep
|turn|48
|
|t:|1666810017
|move|p1a: Scizor|Knock Off|p2a: Hippowdon
|-damage|p2a: Hippowdon|49/100 tox
|-damage|p1a: Scizor|50/100|[from] item: Rocky Helmet|[of] p2a: Hippowdon
|-enditem|p2a: Hippowdon|Rocky Helmet|[from] move: Knock Off|[of] p1a: Scizor
|move|p2a: Hippowdon|Stealth Rock|p1a: Scizor
|-sidestart|p1: Exi_Dudi|move: Stealth Rock
|
|-weather|Sandstorm|[upkeep]
|-damage|p2a: Hippowdon|36/100 tox|[from] psn
|upkeep
|turn|49
|
|t:|1666810021
|move|p1a: Scizor|Roost|p1a: Scizor
|-heal|p1a: Scizor|99/100
|-singleturn|p1a: Scizor|move: Roost
|move|p2a: Hippowdon|Slack Off|p2a: Hippowdon
|-heal|p2a: Hippowdon|86/100 tox
|
|-weather|Sandstorm|[upkeep]
|-damage|p2a: Hippowdon|68/100 tox|[from] psn
|upkeep
|turn|50
|
|t:|1666810033
|switch|p2a: Amoonguss|Amoonguss, F|100/100
|move|p1a: Scizor|Knock Off|p2a: Amoonguss
|-damage|p2a: Amoonguss|77/100
|-enditem|p2a: Amoonguss|Heavy-Duty Boots|[from] move: Knock Off|[of] p1a: Scizor
|
|-weather|Sandstorm|[upkeep]
|-damage|p2a: Amoonguss|71/100|[from] Sandstorm
|upkeep
|turn|51
|c|☆Exi_Dudi|okay what is hdb amoong
|
|t:|1666810048
|move|p1a: Scizor|U-turn|p2a: Amoonguss
|-damage|p2a: Amoonguss|47/100
|
|t:|1666810050
|switch|p1a: Chansey|Chansey, F|80/100|[from]move: U-turn
|-damage|p1a: Chansey|67/100|[from] Stealth Rock
|move|p2a: Amoonguss|Spore|p1a: Chansey
|-status|p1a: Chansey|slp|[from] move: Spore
|
|-weather|none
|upkeep
|turn|52
|
|t:|1666810059
|-curestatus|p1a: Chansey|slp|[from] ability: Natural Cure
|switch|p1a: Salamence|Salamence, F|70/100
|-damage|p1a: Salamence|45/100|[from] Stealth Rock
|-ability|p1a: Salamence|Intimidate|boost
|-unboost|p2a: Amoonguss|atk|1
|switch|p2a: Raikou|Raikou|73/100
|-ability|p2a: Raikou|Pressure
|
|upkeep
|turn|53
|
|t:|1666810066
|switch|p1a: Chansey|Chansey, F|67/100
|-damage|p1a: Chansey|55/100|[from] Stealth Rock
|move|p2a: Raikou|Volt Switch|p1a: Chansey
|-damage|p1a: Chansey|45/100
|
|t:|1666810073
|switch|p2a: Scizor|Scizor, M|69/100|[from]move: Volt Switch
|
|upkeep
|turn|54
|
|t:|1666810077
|move|p2a: Scizor|Knock Off|p1a: Chansey
|-damage|p1a: Chansey|25/100
|-enditem|p1a: Chansey|Eviolite|[from] move: Knock Off|[of] p2a: Scizor
|move|p1a: Chansey|Soft-Boiled|p1a: Chansey
|-heal|p1a: Chansey|75/100
|
|upkeep
|turn|55
|
|t:|1666810084
|move|p2a: Scizor|Bullet Punch|p1a: Chansey
|-damage|p1a: Chansey|48/100
|move|p1a: Chansey|Soft-Boiled|p1a: Chansey
|-heal|p1a: Chansey|98/100
|
|upkeep
|turn|56
|
|t:|1666810090
|move|p2a: Scizor|U-turn|p1a: Chansey
|-damage|p1a: Chansey|66/100
|
|t:|1666810099
|switch|p2a: Amoonguss|Amoonguss, F|81/100|[from]move: U-turn
|move|p1a: Chansey|Teleport|p1a: Chansey
|
|t:|1666810105
|switch|p1a: Umbreon|Umbreon, M|62/100|[from]move: Teleport
|-damage|p1a: Umbreon|49/100|[from] Stealth Rock
|
|upkeep
|turn|57
|
|t:|1666810107
|move|p1a: Umbreon|Wish|p1a: Umbreon
|move|p2a: Amoonguss|Spore|p1a: Umbreon
|-status|p1a: Umbreon|slp|[from] move: Spore
|
|upkeep
|turn|58
|
|t:|1666810112
|switch|p2a: Noivern|Noivern, F|100/100
|cant|p1a: Umbreon|slp
|
|-heal|p1a: Umbreon|99/100 slp|[from] move: Wish|[wisher] Umbreon
|upkeep
|turn|59
|
|t:|1666810117
|move|p2a: Noivern|U-turn|p1a: Umbreon
|-supereffective|p1a: Umbreon
|-damage|p1a: Umbreon|87/100 slp
|
|t:|1666810120
|switch|p2a: Scizor|Scizor, M|69/100|[from]move: U-turn
|cant|p1a: Umbreon|slp
|
|upkeep
|turn|60
|
|t:|1666810125
|cant|p1a: Umbreon|slp
|move|p2a: Scizor|U-turn|p1a: Umbreon
|-supereffective|p1a: Umbreon
|-damage|p1a: Umbreon|43/100 slp
|
|t:|1666810130
|switch|p2a: Raikou|Raikou|73/100|[from]move: U-turn
|-ability|p2a: Raikou|Pressure
|
|upkeep
|turn|61
|
|t:|1666810132
|move|p2a: Raikou|Aura Sphere|p1a: Umbreon
|-supereffective|p1a: Umbreon
|-damage|p1a: Umbreon|7/100 slp
|-curestatus|p1a: Umbreon|slp|[msg]
|move|p1a: Umbreon|Wish|p1a: Umbreon
|
|upkeep
|turn|62
|
|t:|1666810140
|switch|p2a: Scizor|Scizor, M|69/100
|move|p1a: Umbreon|Protect||[still]
|-fail|p1a: Umbreon
|
|-heal|p1a: Umbreon|57/100|[from] move: Wish|[wisher] Umbreon
|upkeep
|turn|63
|
|t:|1666810145
|move|p2a: Scizor|U-turn|p1a: Umbreon
|-supereffective|p1a: Umbreon
|-damage|p1a: Umbreon|17/100
|
|t:|1666810148
|switch|p2a: Raikou|Raikou|73/100|[from]move: U-turn
|-ability|p2a: Raikou|Pressure
|move|p1a: Umbreon|Wish|p1a: Umbreon
|
|upkeep
|turn|64
|
|t:|1666810150
|move|p1a: Umbreon|Protect|p1a: Umbreon
|-singleturn|p1a: Umbreon|Protect
|move|p2a: Raikou|Aura Sphere|p1a: Umbreon
|-activate|p1a: Umbreon|move: Protect
|
|-heal|p1a: Umbreon|67/100|[from] move: Wish|[wisher] Umbreon
|upkeep
|turn|65
|
|t:|1666810154
|move|p2a: Raikou|Volt Switch|p1a: Umbreon
|-damage|p1a: Umbreon|43/100
|
|t:|1666810157
|switch|p2a: Scizor|Scizor, M|69/100|[from]move: Volt Switch
|move|p1a: Umbreon|Wish|p1a: Umbreon
|
|upkeep
|turn|66
|
|t:|1666810162
|move|p1a: Umbreon|Protect|p1a: Umbreon
|-singleturn|p1a: Umbreon|Protect
|move|p2a: Scizor|Roost|p2a: Scizor
|-heal|p2a: Scizor|100/100
|-singleturn|p2a: Scizor|move: Roost
|
|-heal|p1a: Umbreon|93/100|[from] move: Wish|[wisher] Umbreon
|upkeep
|turn|67
|
|t:|1666810166
|move|p1a: Umbreon|Wish|p1a: Umbreon
|move|p2a: Scizor|U-turn|p1a: Umbreon
|-supereffective|p1a: Umbreon
|-damage|p1a: Umbreon|51/100
|
|t:|1666810171
|switch|p2a: Raikou|Raikou|73/100|[from]move: U-turn
|-ability|p2a: Raikou|Pressure
|
|upkeep
|turn|68
|
|t:|1666810197
|move|p2a: Raikou|Volt Switch|p1a: Umbreon
|-damage|p1a: Umbreon|29/100
|
|t:|1666810200
|switch|p2a: Scizor|Scizor, M|100/100|[from]move: Volt Switch
|move|p1a: Umbreon|Toxic|p2a: Scizor
|-immune|p2a: Scizor
|
|-heal|p1a: Umbreon|79/100|[from] move: Wish|[wisher] Umbreon
|upkeep
|turn|69
|
|t:|1666810204
|switch|p1a: Scizor|Scizor, M|99/100
|move|p2a: Scizor|U-turn|p1a: Scizor
|-resisted|p1a: Scizor
|-damage|p1a: Scizor|86/100
|
|t:|1666810210
|switch|p2a: Noivern|Noivern, F|100/100|[from]move: U-turn
|-item|p1a: Scizor|Heavy-Duty Boots|[from] ability: Frisk|[of] p2a: Noivern|[identify]
|
|upkeep
|turn|70
|
|t:|1666810215
|switch|p1a: Chansey|Chansey, F|66/100
|-damage|p1a: Chansey|53/100|[from] Stealth Rock
|move|p2a: Noivern|Flamethrower|p1a: Chansey
|-damage|p1a: Chansey|41/100
|
|upkeep
|turn|71
|
|t:|1666810218
|move|p2a: Noivern|U-turn|p1a: Chansey
|-damage|p1a: Chansey|31/100
|
|t:|1666810223
|switch|p2a: Amoonguss|Amoonguss, F|100/100|[from]move: U-turn
|move|p1a: Chansey|Soft-Boiled|p1a: Chansey
|-heal|p1a: Chansey|81/100
|
|upkeep
|turn|72
|
|t:|1666810227
|move|p2a: Amoonguss|Spore|p1a: Chansey
|-status|p1a: Chansey|slp|[from] move: Spore
|cant|p1a: Chansey|slp
|
|upkeep
|turn|73
|
|t:|1666810244
|move|p2a: Amoonguss|Spore|p1a: Chansey
|-fail|p1a: Chansey|slp
|cant|p1a: Chansey|slp
|
|upkeep
|turn|74
|
|t:|1666810247
|switch|p2a: Scizor|Scizor, M|100/100
|cant|p1a: Chansey|slp
|
|upkeep
|turn|75
|
|t:|1666810253
|move|p2a: Scizor|Bullet Punch|p1a: Chansey
|-damage|p1a: Chansey|52/100 slp
|-curestatus|p1a: Chansey|slp|[msg]
|move|p1a: Chansey|Soft-Boiled|p1a: Chansey
|-heal|p1a: Chansey|100/100
|
|upkeep
|turn|76
|
|t:|1666810258
|move|p2a: Scizor|U-turn|p1a: Chansey
|-damage|p1a: Chansey|69/100
|
|t:|1666810262
|switch|p2a: Amoonguss|Amoonguss, F|100/100|[from]move: U-turn
|move|p1a: Chansey|Teleport|p1a: Chansey
|
|t:|1666810268
|switch|p1a: Salamence|Salamence, F|45/100|[from]move: Teleport
|-damage|p1a: Salamence|20/100|[from] Stealth Rock
|-ability|p1a: Salamence|Intimidate|boost
|-unboost|p2a: Amoonguss|atk|1
|
|upkeep
|turn|77
|
|t:|1666810271
|move|p1a: Salamence|Roost|p1a: Salamence
|-heal|p1a: Salamence|70/100
|-singleturn|p1a: Salamence|move: Roost
|move|p2a: Amoonguss|Spore|p1a: Salamence
|-status|p1a: Salamence|slp|[from] move: Spore
|
|upkeep
|turn|78
|
|t:|1666810275
|switch|p2a: Noivern|Noivern, F|100/100
|cant|p1a: Salamence|slp
|
|upkeep
|turn|79
|
|t:|1666810279
|move|p2a: Noivern|Draco Meteor|p1a: Salamence|[miss]
|-miss|p2a: Noivern|p1a: Salamence
|-curestatus|p1a: Salamence|slp|[msg]
|move|p1a: Salamence|Roost|p1a: Salamence
|-heal|p1a: Salamence|100/100
|-singleturn|p1a: Salamence|move: Roost
|
|upkeep
|turn|80
|
|t:|1666810288
|switch|p1a: Scizor|Scizor, M|86/100
|move|p2a: Noivern|U-turn|p1a: Scizor
|-resisted|p1a: Scizor
|-damage|p1a: Scizor|81/100
|
|t:|1666810295
|switch|p2a: Amoonguss|Amoonguss, F|100/100|[from]move: U-turn
|
|upkeep
|turn|81
|
|t:|1666810299
|move|p1a: Scizor|U-turn|p2a: Amoonguss
|-damage|p2a: Amoonguss|75/100
|
|t:|1666810301
|switch|p1a: Chansey|Chansey, F|69/100|[from]move: U-turn
|-damage|p1a: Chansey|57/100|[from] Stealth Rock
|move|p2a: Amoonguss|Spore|p1a: Chansey
|-status|p1a: Chansey|slp|[from] move: Spore
|
|upkeep
|turn|82
|
|t:|1666810306
|-curestatus|p1a: Chansey|slp|[from] ability: Natural Cure
|switch|p1a: Salamence|Salamence, F|100/100
|-damage|p1a: Salamence|76/100|[from] Stealth Rock
|-ability|p1a: Salamence|Intimidate|boost
|-unboost|p2a: Amoonguss|atk|1
|switch|p2a: Noivern|Noivern, F|100/100
|
|upkeep
|turn|83
|
|t:|1666810315
|switch|p1a: Chansey|Chansey, F|57/100
|-damage|p1a: Chansey|44/100|[from] Stealth Rock
|move|p2a: Noivern|Flamethrower|p1a: Chansey
|-damage|p1a: Chansey|33/100
|
|upkeep
|turn|84
|
|t:|1666810318
|move|p2a: Noivern|U-turn|p1a: Chansey
|-damage|p1a: Chansey|22/100
|
|t:|1666810322
|switch|p2a: Scizor|Scizor, M|100/100|[from]move: U-turn
|move|p1a: Chansey|Soft-Boiled|p1a: Chansey
|-heal|p1a: Chansey|72/100
|
|upkeep
|turn|85
|
|t:|1666810326
|move|p2a: Scizor|U-turn|p1a: Chansey
|-damage|p1a: Chansey|39/100
|
|t:|1666810328
|switch|p2a: Raikou|Raikou|73/100|[from]move: U-turn
|-ability|p2a: Raikou|Pressure
|move|p1a: Chansey|Soft-Boiled|p1a: Chansey
|-heal|p1a: Chansey|89/100
|
|upkeep
|turn|86
|
|t:|1666810331
|move|p2a: Raikou|Volt Switch|p1a: Chansey
|-damage|p1a: Chansey|72/100
|
|t:|1666810334
|switch|p2a: Noivern|Noivern, F|100/100|[from]move: Volt Switch
|move|p1a: Chansey|Seismic Toss|p2a: Noivern
|-damage|p2a: Noivern|68/100
|
|upkeep
|turn|87
|
|t:|1666810339
|move|p2a: Noivern|U-turn|p1a: Chansey
|-damage|p1a: Chansey|60/100
|
|t:|1666810342
|switch|p2a: Scizor|Scizor, M|100/100|[from]move: U-turn
|move|p1a: Chansey|Seismic Toss|p2a: Scizor
|-damage|p2a: Scizor|71/100
|
|upkeep
|turn|88
|
|t:|1666810346
|move|p2a: Scizor|Bullet Punch|p1a: Chansey
|-damage|p1a: Chansey|33/100
|move|p1a: Chansey|Soft-Boiled|p1a: Chansey
|-heal|p1a: Chansey|83/100
|
|upkeep
|turn|89
|
|t:|1666810352
|move|p2a: Scizor|U-turn|p1a: Chansey
|-damage|p1a: Chansey|48/100
|
|t:|1666810355
|switch|p2a: Amoonguss|Amoonguss, F|100/100|[from]move: U-turn
|move|p1a: Chansey|Seismic Toss|p2a: Amoonguss
|-damage|p2a: Amoonguss|77/100
|
|upkeep
|turn|90
|
|t:|1666810358
|switch|p2a: Scizor|Scizor, M|71/100
|move|p1a: Chansey|Soft-Boiled|p1a: Chansey
|-heal|p1a: Chansey|98/100
|
|upkeep
|turn|91
|
|t:|1666810362
|move|p2a: Scizor|Bullet Punch|p1a: Chansey
|-damage|p1a: Chansey|71/100
|move|p1a: Chansey|Teleport|p1a: Chansey
|
|t:|1666810365
|switch|p1a: Salamence|Salamence, F|76/100|[from]move: Teleport
|-damage|p1a: Salamence|51/100|[from] Stealth Rock
|-ability|p1a: Salamence|Intimidate|boost
|-unboost|p2a: Scizor|atk|1
|
|upkeep
|turn|92
|
|t:|1666810370
|switch|p2a: Amoonguss|Amoonguss, F|100/100
|move|p1a: Salamence|Defog|p2a: Amoonguss
|-unboost|p2a: Amoonguss|evasion|1
|-sideend|p1: Exi_Dudi|Stealth Rock|[from] move: Defog|[of] p1a: Salamence
|
|upkeep
|turn|93
|
|t:|1666810376
|switch|p1a: Scizor|Scizor, M|81/100
|move|p2a: Amoonguss|Spore|p1a: Scizor
|-status|p1a: Scizor|slp|[from] move: Spore
|
|upkeep
|turn|94
|
|t:|1666810385
|switch|p1a: Primarina|Primarina, M|31/100
|switch|p2a: Noivern|Noivern, F|68/100
|-item|p1a: Primarina|Leftovers|[from] ability: Frisk|[of] p2a: Noivern|[identify]
|
|-heal|p1a: Primarina|37/100|[from] item: Leftovers
|upkeep
|turn|95
|
|t:|1666810390
|move|p2a: Noivern|U-turn|p1a: Primarina
|-resisted|p1a: Primarina
|-damage|p1a: Primarina|30/100
|
|t:|1666810394
|switch|p2a: Amoonguss|Amoonguss, F|100/100|[from]move: U-turn
|move|p1a: Primarina|Draining Kiss|p2a: Amoonguss
|-resisted|p2a: Amoonguss
|-damage|p2a: Amoonguss|91/100
|-heal|p1a: Primarina|38/100|[from] drain|[of] p2a: Amoonguss
|
|-heal|p1a: Primarina|44/100|[from] item: Leftovers
|upkeep
|turn|96
|
|t:|1666810399
|switch|p1a: Chansey|Chansey, F|71/100
|move|p2a: Amoonguss|Sludge Bomb|p1a: Chansey
|-damage|p1a: Chansey|59/100
|
|upkeep
|turn|97
|
|t:|1666810401
|switch|p2a: Hippowdon|Hippowdon, M|68/100 tox
|-weather|Sandstorm|[from] ability: Sand Stream|[of] p2a: Hippowdon
|move|p1a: Chansey|Teleport|p1a: Chansey
|
|t:|1666810403
|switch|p1a: Primarina|Primarina, M|44/100|[from]move: Teleport
|
|-weather|Sandstorm|[upkeep]
|-damage|p1a: Primarina|38/100|[from] Sandstorm
|-heal|p1a: Primarina|44/100|[from] item: Leftovers
|-damage|p2a: Hippowdon|62/100 tox|[from] psn
|upkeep
|turn|98
|
|t:|1666810408
|move|p1a: Primarina|Scald|p2a: Hippowdon
|-supereffective|p2a: Hippowdon
|-damage|p2a: Hippowdon|1/100 tox
|move|p2a: Hippowdon|Earthquake|p1a: Primarina
|-damage|p1a: Primarina|0 fnt
|faint|p1a: Primarina
|
|-weather|Sandstorm|[upkeep]
|-damage|p2a: Hippowdon|0 fnt|[from] psn
|faint|p2a: Hippowdon
|upkeep
|
|t:|1666810426
|switch|p1a: Chansey|Chansey, F|59/100
|switch|p2a: Raikou|Raikou|73/100
|-ability|p2a: Raikou|Pressure
|turn|99
|
|t:|1666810430
|move|p2a: Raikou|Volt Switch|p1a: Chansey
|-damage|p1a: Chansey|43/100
|
|t:|1666810433
|switch|p2a: Scizor|Scizor, M|71/100|[from]move: Volt Switch
|move|p1a: Chansey|Soft-Boiled|p1a: Chansey
|-heal|p1a: Chansey|93/100
|
|-weather|Sandstorm|[upkeep]
|-damage|p1a: Chansey|87/100|[from] Sandstorm
|upkeep
|turn|100
|
|t:|1666810438
|move|p2a: Scizor|U-turn|p1a: Chansey
|-damage|p1a: Chansey|52/100
|
|t:|1666810441
|switch|p2a: Amoonguss|Amoonguss, F|100/100|[from]move: U-turn
|move|p1a: Chansey|Seismic Toss|p2a: Amoonguss
|-damage|p2a: Amoonguss|77/100
|
|-weather|Sandstorm|[upkeep]
|-damage|p1a: Chansey|46/100|[from] Sandstorm
|-damage|p2a: Amoonguss|71/100|[from] Sandstorm
|upkeep
|turn|101
|
|t:|1666810447
|switch|p2a: Scizor|Scizor, M|71/100
|move|p1a: Chansey|Soft-Boiled|p1a: Chansey
|-heal|p1a: Chansey|96/100
|
|-weather|none
|upkeep
|turn|102
|
|t:|1666810452
|switch|p1a: Salamence|Salamence, F|51/100
|-ability|p1a: Salamence|Intimidate|boost
|-unboost|p2a: Scizor|atk|1
|move|p2a: Scizor|U-turn|p1a: Salamence
|-resisted|p1a: Salamence
|-damage|p1a: Salamence|42/100
|
|t:|1666810459
|switch|p2a: Noivern|Noivern, F|68/100|[from]move: U-turn
|
|upkeep
|turn|103
|
|t:|1666810466
|switch|p1a: Chansey|Chansey, F|96/100
|move|p2a: Noivern|Draco Meteor|p1a: Chansey
|-damage|p1a: Chansey|70/100
|-unboost|p2a: Noivern|spa|2
|
|upkeep
|turn|104
|
|t:|1666810474
|switch|p2a: Raikou|Raikou|73/100
|-ability|p2a: Raikou|Pressure
|move|p1a: Chansey|Teleport|p1a: Chansey
|
|t:|1666810480
|switch|p1a: Umbreon|Umbreon, M|79/100|[from]move: Teleport
|
|upkeep
|turn|105
|
|t:|1666810483
|move|p2a: Raikou|Volt Switch|p1a: Umbreon
|-damage|p1a: Umbreon|56/100
|
|t:|1666810485
|switch|p2a: Scizor|Scizor, M|71/100|[from]move: Volt Switch
|move|p1a: Umbreon|Foul Play|p2a: Scizor
|-damage|p2a: Scizor|32/100
|
|upkeep
|turn|106
|
|t:|1666810488
|move|p1a: Umbreon|Foul Play|p2a: Scizor
|-crit|p2a: Scizor
|-damage|p2a: Scizor|0 fnt
|faint|p2a: Scizor
|
|upkeep
|c|☆Liz Angeles|You should play the lottery or something
|
|t:|1666810525
|switch|p2a: Noivern|Noivern, F|68/100
|turn|107
|c|☆Exi_Dudi|i mean there was 33% chance your sciz would have died to chans lie 50 turns ago
|
|t:|1666810548
|move|p2a: Noivern|Draco Meteor|p1a: Umbreon
|-damage|p1a: Umbreon|18/100
|-unboost|p2a: Noivern|spa|2
|move|p1a: Umbreon|Wish|p1a: Umbreon
|
|upkeep
|turn|108
|c|☆Liz Angeles|There was a 90% chance I would've won if I hit draco vs mence 50 turns ago
|
|t:|1666810593
|switch|p2a: Raikou|Raikou|73/100
|-ability|p2a: Raikou|Pressure
|move|p1a: Umbreon|Protect||[still]
|-fail|p1a: Umbreon
|
|-heal|p1a: Umbreon|68/100|[from] move: Wish|[wisher] Umbreon
|upkeep
|turn|109
|
|t:|1666810630
|move|p2a: Raikou|Volt Switch|p1a: Umbreon
|-damage|p1a: Umbreon|45/100
|
|t:|1666810638
|switch|p2a: Noivern|Noivern, F|68/100|[from]move: Volt Switch
|move|p1a: Umbreon|Toxic|p2a: Noivern
|-status|p2a: Noivern|tox
|
|-damage|p2a: Noivern|62/100 tox|[from] psn
|upkeep
|turn|110
|
|t:|1666810645
|switch|p2a: Amoonguss|Amoonguss, F|100/100
|move|p1a: Umbreon|Wish|p1a: Umbreon
|
|upkeep
|turn|111
|
|t:|1666810650
|move|p1a: Umbreon|Foul Play|p2a: Amoonguss
|-damage|p2a: Amoonguss|85/100
|move|p2a: Amoonguss|Sludge Bomb|p1a: Umbreon
|-damage|p1a: Umbreon|26/100
|
|-heal|p1a: Umbreon|76/100|[from] move: Wish|[wisher] Umbreon
|upkeep
|turn|112
|
|t:|1666810657
|switch|p1a: Chansey|Chansey, F|70/100
|switch|p2a: Raikou|Raikou|73/100
|-ability|p2a: Raikou|Pressure
|
|upkeep
|turn|113
|
|t:|1666810661
|move|p2a: Raikou|Volt Switch|p1a: Chansey
|-damage|p1a: Chansey|54/100
|
|t:|1666810665
|switch|p2a: Amoonguss|Amoonguss, F|100/100|[from]move: Volt Switch
|move|p1a: Chansey|Soft-Boiled|p1a: Chansey
|-heal|p1a: Chansey|100/100
|
|upkeep
|turn|114
|
|t:|1666810668
|move|p1a: Chansey|Seismic Toss|p2a: Amoonguss
|-damage|p2a: Amoonguss|77/100
|move|p2a: Amoonguss|Foul Play|p1a: Chansey
|-damage|p1a: Chansey|97/100
|
|upkeep
|turn|115
|
|t:|1666810672
|move|p1a: Chansey|Seismic Toss|p2a: Amoonguss
|-damage|p2a: Amoonguss|54/100
|move|p2a: Amoonguss|Sludge Bomb|p1a: Chansey
|-damage|p1a: Chansey|84/100
|
|upkeep
|turn|116
|
|t:|1666810675
|move|p1a: Chansey|Seismic Toss|p2a: Amoonguss
|-damage|p2a: Amoonguss|31/100
|move|p2a: Amoonguss|Sludge Bomb|p1a: Chansey
|-damage|p1a: Chansey|70/100
|-status|p1a: Chansey|psn
|
|-damage|p1a: Chansey|58/100 psn|[from] psn
|upkeep
|turn|117
|
|t:|1666810680
|move|p1a: Chansey|Seismic Toss|p2a: Amoonguss
|-damage|p2a: Amoonguss|8/100
|move|p2a: Amoonguss|Synthesis|p2a: Amoonguss
|-heal|p2a: Amoonguss|58/100
|
|-damage|p1a: Chansey|45/100 psn|[from] psn
|upkeep
|turn|118
|c|☆Exi_Dudi|okay what is this amoongus
|c|☆Exi_Dudi|hdb synth
|c|☆Exi_Dudi|without grass stab
|
|t:|1666810710
|move|p1a: Chansey|Soft-Boiled|p1a: Chansey
|-heal|p1a: Chansey|95/100 psn
|move|p2a: Amoonguss|Foul Play|p1a: Chansey
|-damage|p1a: Chansey|91/100 psn
|
|-damage|p1a: Chansey|79/100 psn|[from] psn
|upkeep
|turn|119
|
|t:|1666810717
|switch|p2a: Milotic|Milotic, F|72/100 tox
|move|p1a: Chansey|Teleport|p1a: Chansey
|
|t:|1666810724
|-curestatus|p1a: Chansey|psn|[from] ability: Natural Cure
|switch|p1a: Umbreon|Umbreon, M|76/100|[from]move: Teleport
|
|-damage|p2a: Milotic|66/100 tox|[from] psn
|upkeep
|turn|120
|
|t:|1666810732
|switch|p1a: Chansey|Chansey, F|79/100
|move|p2a: Milotic|Toxic|p1a: Chansey
|-status|p1a: Chansey|tox
|
|-damage|p2a: Milotic|54/100 tox|[from] psn
|-damage|p1a: Chansey|73/100 tox|[from] psn
|upkeep
|turn|121
|
|t:|1666810736
|switch|p2a: Amoonguss|Amoonguss, F|91/100
|move|p1a: Chansey|Seismic Toss|p2a: Amoonguss
|-damage|p2a: Amoonguss|68/100
|
|-damage|p1a: Chansey|60/100 tox|[from] psn
|upkeep
|turn|122
|
|t:|1666810741
|move|p2a: Amoonguss|Sludge Bomb|p1a: Chansey
|-damage|p1a: Chansey|47/100 tox
|move|p1a: Chansey|Teleport|p1a: Chansey
|
|t:|1666810744
|-curestatus|p1a: Chansey|tox|[from] ability: Natural Cure
|switch|p1a: Salamence|Salamence, F|42/100|[from]move: Teleport
|-ability|p1a: Salamence|Intimidate|boost
|-unboost|p2a: Amoonguss|atk|1
|
|upkeep
|turn|123
|
|t:|1666810754
|move|p1a: Salamence|Flamethrower|p2a: Amoonguss
|-supereffective|p2a: Amoonguss
|-damage|p2a: Amoonguss|34/100
|move|p2a: Amoonguss|Sludge Bomb|p1a: Salamence
|-damage|p1a: Salamence|15/100
|
|upkeep
|turn|124
|
|t:|1666810766
|switch|p2a: Raikou|Raikou|73/100
|-ability|p2a: Raikou|Pressure
|move|p1a: Salamence|Roost|p1a: Salamence
|-heal|p1a: Salamence|65/100
|-singleturn|p1a: Salamence|move: Roost
|
|upkeep
|turn|125
|
|t:|1666810778
|move|p2a: Raikou|Aura Sphere|p1a: Salamence
|-resisted|p1a: Salamence
|-damage|p1a: Salamence|51/100
|move|p1a: Salamence|Roost|p1a: Salamence
|-heal|p1a: Salamence|100/100
|-singleturn|p1a: Salamence|move: Roost
|
|upkeep
|turn|126
|
|t:|1666810785
|switch|p1a: Umbreon|Umbreon, M|76/100
|move|p2a: Raikou|Thunderbolt|p1a: Umbreon
|-damage|p1a: Umbreon|45/100
|
|upkeep
|turn|127
|
|t:|1666810790
|move|p2a: Raikou|Aura Sphere|p1a: Umbreon
|-supereffective|p1a: Umbreon
|-damage|p1a: Umbreon|10/100
|move|p1a: Umbreon|Wish|p1a: Umbreon
|
|upkeep
|turn|128
|
|t:|1666810801
|switch|p2a: Amoonguss|Amoonguss, F|68/100
|move|p1a: Umbreon|Protect||[still]
|-fail|p1a: Umbreon
|
|-heal|p1a: Umbreon|60/100|[from] move: Wish|[wisher] Umbreon
|upkeep
|turn|129
|
|t:|1666810810
|switch|p1a: Chansey|Chansey, F|47/100
|switch|p2a: Raikou|Raikou|73/100
|-ability|p2a: Raikou|Pressure
|
|upkeep
|turn|130
|
|t:|1666810815
|move|p2a: Raikou|Thunderbolt|p1a: Chansey
|-damage|p1a: Chansey|27/100
|move|p1a: Chansey|Soft-Boiled|p1a: Chansey
|-heal|p1a: Chansey|77/100
|
|upkeep
|turn|131
|
|t:|1666810820
|switch|p2a: Amoonguss|Amoonguss, F|100/100
|move|p1a: Chansey|Seismic Toss|p2a: Amoonguss
|-damage|p2a: Amoonguss|77/100
|
|upkeep
|turn|132
|
|t:|1666810829
|switch|p2a: Milotic|Milotic, F|54/100 tox
|move|p1a: Chansey|Seismic Toss|p2a: Milotic
|-damage|p2a: Milotic|29/100 tox
|
|-damage|p2a: Milotic|23/100 tox|[from] psn
|upkeep
|turn|133
|
|t:|1666810833
|move|p2a: Milotic|Recover|p2a: Milotic
|-heal|p2a: Milotic|73/100 tox
|move|p1a: Chansey|Seismic Toss|p2a: Milotic
|-damage|p2a: Milotic|47/100 tox
|
|-damage|p2a: Milotic|35/100 tox|[from] psn
|upkeep
|turn|134
|
|t:|1666810836
|switch|p2a: Amoonguss|Amoonguss, F|100/100
|move|p1a: Chansey|Seismic Toss|p2a: Amoonguss
|-damage|p2a: Amoonguss|77/100
|
|upkeep
|turn|135
|
|t:|1666810846
|move|p1a: Chansey|Seismic Toss|p2a: Amoonguss
|-damage|p2a: Amoonguss|54/100
|move|p2a: Amoonguss|Foul Play|p1a: Chansey
|-damage|p1a: Chansey|73/100
|
|upkeep
|turn|136
|
|t:|1666810849
|move|p1a: Chansey|Seismic Toss|p2a: Amoonguss
|-damage|p2a: Amoonguss|31/100
|move|p2a: Amoonguss|Foul Play|p1a: Chansey
|-damage|p1a: Chansey|70/100
|
|upkeep
|turn|137
|
|t:|1666810854
|move|p1a: Chansey|Seismic Toss|p2a: Amoonguss
|-damage|p2a: Amoonguss|8/100
|move|p2a: Amoonguss|Synthesis|p2a: Amoonguss
|-heal|p2a: Amoonguss|58/100
|
|upkeep
|turn|138
|
|t:|1666810857
|move|p1a: Chansey|Seismic Toss|p2a: Amoonguss
|-damage|p2a: Amoonguss|35/100
|move|p2a: Amoonguss|Foul Play|p1a: Chansey
|-damage|p1a: Chansey|66/100
|
|upkeep
|turn|139
|
|t:|1666810861
|move|p1a: Chansey|Seismic Toss|p2a: Amoonguss
|-damage|p2a: Amoonguss|12/100
|move|p2a: Amoonguss|Synthesis|p2a: Amoonguss
|-heal|p2a: Amoonguss|62/100
|
|upkeep
|turn|140
|
|t:|1666810866
|move|p1a: Chansey|Seismic Toss|p2a: Amoonguss
|-damage|p2a: Amoonguss|38/100
|move|p2a: Amoonguss|Foul Play|p1a: Chansey
|-damage|p1a: Chansey|63/100
|
|upkeep
|turn|141
|
|t:|1666810875
|switch|p2a: Noivern|Noivern, F|62/100 tox
|move|p1a: Chansey|Seismic Toss|p2a: Noivern
|-damage|p2a: Noivern|30/100 tox
|
|-damage|p2a: Noivern|24/100 tox|[from] psn
|upkeep
|turn|142
|
|t:|1666810879
|move|p2a: Noivern|Roost|p2a: Noivern
|-heal|p2a: Noivern|74/100 tox
|-singleturn|p2a: Noivern|move: Roost
|move|p1a: Chansey|Seismic Toss|p2a: Noivern
|-damage|p2a: Noivern|42/100 tox
|
|-damage|p2a: Noivern|30/100 tox|[from] psn
|upkeep
|turn|143
|
|t:|1666810890
|move|p2a: Noivern|Roost|p2a: Noivern
|-heal|p2a: Noivern|80/100 tox
|-singleturn|p2a: Noivern|move: Roost
|move|p1a: Chansey|Seismic Toss|p2a: Noivern
|-damage|p2a: Noivern|48/100 tox
|
|-damage|p2a: Noivern|29/100 tox|[from] psn
|upkeep
|turn|144
|
|t:|1666810897
|move|p2a: Noivern|U-turn|p1a: Chansey
|-damage|p1a: Chansey|51/100
|
|t:|1666810902
|switch|p2a: Amoonguss|Amoonguss, F|72/100|[from]move: U-turn
|move|p1a: Chansey|Seismic Toss|p2a: Amoonguss
|-damage|p2a: Amoonguss|49/100
|
|upkeep
|turn|145
|
|t:|1666810923
|move|p1a: Chansey|Seismic Toss|p2a: Amoonguss
|-damage|p2a: Amoonguss|25/100
|move|p2a: Amoonguss|Synthesis|p2a: Amoonguss
|-heal|p2a: Amoonguss|75/100
|
|upkeep
|turn|146
|
|t:|1666810930
|move|p1a: Chansey|Seismic Toss|p2a: Amoonguss
|-damage|p2a: Amoonguss|52/100
|move|p2a: Amoonguss|Sludge Bomb|p1a: Chansey
|-damage|p1a: Chansey|38/100
|
|upkeep
|turn|147
|
|t:|1666810935
|switch|p2a: Noivern|Noivern, F|29/100 tox
|move|p1a: Chansey|Soft-Boiled|p1a: Chansey
|-heal|p1a: Chansey|88/100
|
|-damage|p2a: Noivern|23/100 tox|[from] psn
|upkeep
|turn|148
|
|t:|1666810941
|move|p2a: Noivern|Roost|p2a: Noivern
|-heal|p2a: Noivern|73/100 tox
|-singleturn|p2a: Noivern|move: Roost
|move|p1a: Chansey|Seismic Toss|p2a: Noivern
|-damage|p2a: Noivern|41/100 tox
|
|-damage|p2a: Noivern|29/100 tox|[from] psn
|upkeep
|turn|149
|
|t:|1666810947
|move|p2a: Noivern|Roost|p2a: Noivern
|-heal|p2a: Noivern|79/100 tox
|-singleturn|p2a: Noivern|move: Roost
|move|p1a: Chansey|Seismic Toss|p2a: Noivern
|-damage|p2a: Noivern|47/100 tox
|
|-damage|p2a: Noivern|29/100 tox|[from] psn
|upkeep
|turn|150
|
|t:|1666810953
|move|p2a: Noivern|U-turn|p1a: Chansey
|-crit|p1a: Chansey
|-damage|p1a: Chansey|71/100
|
|t:|1666810956
|switch|p2a: Amoonguss|Amoonguss, F|86/100|[from]move: U-turn
|move|p1a: Chansey|Teleport|p1a: Chansey
|
|t:|1666810958
|switch|p1a: Salamence|Salamence, F|100/100|[from]move: Teleport
|-ability|p1a: Salamence|Intimidate|boost
|-unboost|p2a: Amoonguss|atk|1
|
|upkeep
|turn|151
|
|t:|1666810964
|move|p1a: Salamence|Flamethrower|p2a: Amoonguss
|-supereffective|p2a: Amoonguss
|-damage|p2a: Amoonguss|51/100
|move|p2a: Amoonguss|Sludge Bomb|p1a: Salamence
|-damage|p1a: Salamence|70/100
|
|upkeep
|turn|152
|
|t:|1666810971
|move|p1a: Salamence|Flamethrower|p2a: Amoonguss
|-supereffective|p2a: Amoonguss
|-damage|p2a: Amoonguss|16/100
|-status|p2a: Amoonguss|brn
|move|p2a: Amoonguss|Sludge Bomb|p1a: Salamence
|-damage|p1a: Salamence|41/100
|-status|p1a: Salamence|psn
|
|-damage|p1a: Salamence|29/100 psn|[from] psn
|-damage|p2a: Amoonguss|10/100 brn|[from] brn
|upkeep
|turn|153
|
|t:|1666810981
|switch|p2a: Raikou|Raikou|73/100
|-ability|p2a: Raikou|Pressure
|move|p1a: Salamence|Roost|p1a: Salamence
|-heal|p1a: Salamence|79/100 psn
|-singleturn|p1a: Salamence|move: Roost
|
|-damage|p1a: Salamence|66/100 psn|[from] psn
|upkeep
|turn|154
|
|t:|1666810988
|switch|p1a: Chansey|Chansey, F|71/100
|move|p2a: Raikou|Thunderbolt|p1a: Chansey
|-damage|p1a: Chansey|53/100
|
|upkeep
|turn|155
|
|t:|1666810992
|move|p2a: Raikou|Volt Switch|p1a: Chansey
|-damage|p1a: Chansey|38/100
|
|t:|1666810996
|switch|p2a: Milotic|Milotic, F|35/100 tox|[from]move: Volt Switch
|move|p1a: Chansey|Seismic Toss|p2a: Milotic
|-damage|p2a: Milotic|10/100 tox
|
|-damage|p2a: Milotic|4/100 tox|[from] psn
|upkeep
|turn|156
|
|t:|1666810999
|move|p2a: Milotic|Recover|p2a: Milotic
|-heal|p2a: Milotic|54/100 tox
|move|p1a: Chansey|Soft-Boiled|p1a: Chansey
|-heal|p1a: Chansey|88/100
|
|-damage|p2a: Milotic|41/100 tox|[from] psn
|upkeep
|turn|157
|
|t:|1666811002
|move|p2a: Milotic|Recover|p2a: Milotic
|-heal|p2a: Milotic|91/100 tox
|move|p1a: Chansey|Teleport|p1a: Chansey
|
|t:|1666811005
|switch|p1a: Scizor|Scizor, M|81/100 slp|[from]move: Teleport
|
|-damage|p2a: Milotic|73/100 tox|[from] psn
|upkeep
|turn|158
|
|t:|1666811019
|switch|p2a: Amoonguss|Amoonguss, F|43/100 brn
|cant|p1a: Scizor|slp
|
|-damage|p2a: Amoonguss|37/100 brn|[from] brn
|upkeep
|turn|159
|
|t:|1666811022
|cant|p1a: Scizor|slp
|move|p2a: Amoonguss|Synthesis|p2a: Amoonguss
|-heal|p2a: Amoonguss|87/100 brn
|
|-damage|p2a: Amoonguss|80/100 brn|[from] brn
|upkeep
|turn|160
|
|t:|1666811028
|-curestatus|p1a: Scizor|slp|[msg]
|move|p1a: Scizor|Bullet Punch|p2a: Amoonguss
|-damage|p2a: Amoonguss|57/100 brn
|move|p2a: Amoonguss|Foul Play|p1a: Scizor
|-damage|p1a: Scizor|69/100
|
|-damage|p2a: Amoonguss|51/100 brn|[from] brn
|upkeep
|turn|161
|
|t:|1666811033
|switch|p2a: Milotic|Milotic, F|73/100 tox
|move|p1a: Scizor|Bullet Punch|p2a: Milotic
|-resisted|p2a: Milotic
|-damage|p2a: Milotic|65/100 tox
|
|-damage|p2a: Milotic|59/100 tox|[from] psn
|upkeep
|turn|162
|
|t:|1666811051
|switch|p1a: Chansey|Chansey, F|88/100
|move|p2a: Milotic|Scald|p1a: Chansey
|-damage|p1a: Chansey|75/100
|
|-damage|p2a: Milotic|47/100 tox|[from] psn
|upkeep
|turn|163
|
|t:|1666811056
|switch|p2a: Amoonguss|Amoonguss, F|84/100 brn
|move|p1a: Chansey|Teleport|p1a: Chansey
|
|t:|1666811058
|switch|p1a: Scizor|Scizor, M|69/100|[from]move: Teleport
|
|-damage|p2a: Amoonguss|78/100 brn|[from] brn
|upkeep
|turn|164
|
|t:|1666811062
|move|p1a: Scizor|Bullet Punch|p2a: Amoonguss
|-damage|p2a: Amoonguss|58/100 brn
|move|p2a: Amoonguss|Spore|p1a: Scizor
|-status|p1a: Scizor|slp|[from] move: Spore
|
|-damage|p2a: Amoonguss|52/100 brn|[from] brn
|upkeep
|turn|165
|
|t:|1666811066
|switch|p2a: Noivern|Noivern, F|29/100 tox
|-item|p1a: Scizor|Heavy-Duty Boots|[from] ability: Frisk|[of] p2a: Noivern|[identify]
|cant|p1a: Scizor|slp
|
|-damage|p2a: Noivern|23/100 tox|[from] psn
|upkeep
|turn|166
|
|t:|1666811070
|move|p2a: Noivern|Roost|p2a: Noivern
|-heal|p2a: Noivern|73/100 tox
|-singleturn|p2a: Noivern|move: Roost
|cant|p1a: Scizor|slp
|
|-damage|p2a: Noivern|61/100 tox|[from] psn
|upkeep
|turn|167
|
|t:|1666811079
|switch|p1a: Umbreon|Umbreon, M|60/100
|move|p2a: Noivern|U-turn|p1a: Umbreon
|-supereffective|p1a: Umbreon
|-damage|p1a: Umbreon|46/100
|
|t:|1666811085
|switch|p2a: Raikou|Raikou|73/100|[from]move: U-turn
|-ability|p2a: Raikou|Pressure
|
|upkeep
|turn|168
|
|t:|1666811087
|move|p2a: Raikou|Aura Sphere|p1a: Umbreon
|-supereffective|p1a: Umbreon
|-damage|p1a: Umbreon|13/100
|move|p1a: Umbreon|Wish|p1a: Umbreon
|
|upkeep
|turn|169
|
|t:|1666811097
|move|p1a: Umbreon|Protect|p1a: Umbreon
|-singleturn|p1a: Umbreon|Protect
|move|p2a: Raikou|Volt Switch|p1a: Umbreon
|-activate|p1a: Umbreon|move: Protect
|
|-heal|p1a: Umbreon|63/100|[from] move: Wish|[wisher] Umbreon
|upkeep
|turn|170
|
|t:|1666811104
|move|p2a: Raikou|Volt Switch|p1a: Umbreon
|-damage|p1a: Umbreon|41/100
|
|t:|1666811113
|switch|p2a: Amoonguss|Amoonguss, F|85/100 brn|[from]move: Volt Switch
|move|p1a: Umbreon|Foul Play|p2a: Amoonguss
|-damage|p2a: Amoonguss|68/100 brn
|
|-damage|p2a: Amoonguss|61/100 brn|[from] brn
|upkeep
|turn|171
|
|t:|1666811119
|switch|p2a: Noivern|Noivern, F|61/100 tox
|move|p1a: Umbreon|Wish|p1a: Umbreon
|
|-damage|p2a: Noivern|55/100 tox|[from] psn
|upkeep
|turn|172
|
|t:|1666811125
|move|p2a: Noivern|Roost|p2a: Noivern
|-heal|p2a: Noivern|100/100 tox
|-singleturn|p2a: Noivern|move: Roost
|move|p1a: Umbreon|Foul Play|p2a: Noivern
|-damage|p2a: Noivern|70/100 tox
|
|-heal|p1a: Umbreon|91/100|[from] move: Wish|[wisher] Umbreon
|-damage|p2a: Noivern|57/100 tox|[from] psn
|upkeep
|turn|173
|
|t:|1666811129
|switch|p2a: Amoonguss|Amoonguss, F|95/100 brn
|move|p1a: Umbreon|Foul Play|p2a: Amoonguss
|-damage|p2a: Amoonguss|77/100 brn
|
|-damage|p2a: Amoonguss|71/100 brn|[from] brn
|upkeep
|turn|174
|
|t:|1666811149
|switch|p2a: Milotic|Milotic, F|47/100 tox
|move|p1a: Umbreon|Foul Play|p2a: Milotic
|-damage|p2a: Milotic|39/100 tox
|
|-damage|p2a: Milotic|32/100 tox|[from] psn
|upkeep
|turn|175
|
|t:|1666811156
|switch|p1a: Scizor|Scizor, M|69/100 slp
|move|p2a: Milotic|Recover|p2a: Milotic
|-heal|p2a: Milotic|82/100 tox
|
|-damage|p2a: Milotic|70/100 tox|[from] psn
|upkeep
|turn|176
|
|t:|1666811163
|move|p2a: Milotic|Scald|p1a: Scizor
|-damage|p1a: Scizor|42/100 slp
|cant|p1a: Scizor|slp
|
|-damage|p2a: Milotic|52/100 tox|[from] psn
|upkeep
|turn|177
|
|t:|1666811168
|switch|p2a: Amoonguss|Amoonguss, F|100/100 brn
|-curestatus|p1a: Scizor|slp|[msg]
|move|p1a: Scizor|Roost|p1a: Scizor
|-heal|p1a: Scizor|92/100
|-singleturn|p1a: Scizor|move: Roost
|
|-damage|p2a: Amoonguss|94/100 brn|[from] brn
|upkeep
|turn|178
|
|t:|1666811179
|move|p1a: Scizor|Bullet Punch|p2a: Amoonguss
|-damage|p2a: Amoonguss|74/100 brn
|move|p2a: Amoonguss|Spore|p1a: Scizor
|-status|p1a: Scizor|slp|[from] move: Spore
|
|-damage|p2a: Amoonguss|68/100 brn|[from] brn
|upkeep
|turn|179
|
|t:|1666811182
|switch|p2a: Noivern|Noivern, F|57/100 tox
|-item|p1a: Scizor|Heavy-Duty Boots|[from] ability: Frisk|[of] p2a: Noivern|[identify]
|cant|p1a: Scizor|slp
|
|-damage|p2a: Noivern|51/100 tox|[from] psn
|upkeep
|turn|180
|
|t:|1666811185
|-curestatus|p1a: Scizor|slp|[msg]
|move|p1a: Scizor|Bullet Punch|p2a: Noivern
|-damage|p2a: Noivern|11/100 tox
|move|p2a: Noivern|Roost|p2a: Noivern
|-heal|p2a: Noivern|61/100 tox
|-singleturn|p2a: Noivern|move: Roost
|
|-damage|p2a: Noivern|49/100 tox|[from] psn
|upkeep
|turn|181
|
|t:|1666811195
|move|p1a: Scizor|Bullet Punch|p2a: Noivern
|-damage|p2a: Noivern|11/100 tox
|move|p2a: Noivern|U-turn|p1a: Scizor
|-resisted|p1a: Scizor
|-damage|p1a: Scizor|87/100
|
|t:|1666811199
|switch|p2a: Milotic|Milotic, F|52/100 tox|[from]move: U-turn
|
|-damage|p2a: Milotic|46/100 tox|[from] psn
|upkeep
|turn|182
|
|t:|1666811207
|move|p2a: Milotic|Scald|p1a: Scizor
|-damage|p1a: Scizor|56/100
|-status|p1a: Scizor|brn
|move|p1a: Scizor|Knock Off|p2a: Milotic
|-damage|p2a: Milotic|38/100 tox
|-enditem|p2a: Milotic|Heavy-Duty Boots|[from] move: Knock Off|[of] p1a: Scizor
|
|-damage|p2a: Milotic|25/100 tox|[from] psn
|-damage|p1a: Scizor|50/100 brn|[from] brn
|upkeep
|turn|183
|
|t:|1666811215
|move|p2a: Milotic|Recover|p2a: Milotic
|-heal|p2a: Milotic|75/100 tox
|move|p1a: Scizor|U-turn|p2a: Milotic
|-damage|p2a: Milotic|66/100 tox
|
|t:|1666811218
|switch|p1a: Chansey|Chansey, F|75/100|[from]move: U-turn
|
|-damage|p2a: Milotic|48/100 tox|[from] psn
|upkeep
|turn|184
|
|t:|1666811221
|switch|p2a: Amoonguss|Amoonguss, F|100/100 brn
|move|p1a: Chansey|Seismic Toss|p2a: Amoonguss
|-damage|p2a: Amoonguss|77/100 brn
|
|-damage|p2a: Amoonguss|71/100 brn|[from] brn
|upkeep
|turn|185
|
|t:|1666811231
|switch|p2a: Milotic|Milotic, F|48/100 tox
|move|p1a: Chansey|Teleport|p1a: Chansey
|
|t:|1666811236
|switch|p1a: Salamence|Salamence, F|66/100 psn|[from]move: Teleport
|-ability|p1a: Salamence|Intimidate|boost
|-unboost|p2a: Milotic|atk|1
|
|-damage|p1a: Salamence|54/100 psn|[from] psn
|-damage|p2a: Milotic|42/100 tox|[from] psn
|upkeep
|turn|186
|
|t:|1666811240
|move|p1a: Salamence|Dual Wingbeat|p2a: Milotic
|-damage|p2a: Milotic|32/100 tox
|-damage|p2a: Milotic|22/100 tox
|-hitcount|p2a: Milotic|2
|move|p2a: Milotic|Recover|p2a: Milotic
|-heal|p2a: Milotic|72/100 tox
|
|-damage|p1a: Salamence|41/100 psn|[from] psn
|-damage|p2a: Milotic|60/100 tox|[from] psn
|upkeep
|turn|187
|
|t:|1666811244
|switch|p2a: Raikou|Raikou|73/100
|-ability|p2a: Raikou|Pressure
|move|p1a: Salamence|Dual Wingbeat|p2a: Raikou
|-resisted|p2a: Raikou
|-damage|p2a: Raikou|61/100
|-resisted|p2a: Raikou
|-damage|p2a: Raikou|49/100
|-hitcount|p2a: Raikou|2
|
|-damage|p1a: Salamence|29/100 psn|[from] psn
|upkeep
|turn|188
|
|t:|1666811258
|switch|p1a: Umbreon|Umbreon, M|91/100
|move|p2a: Raikou|Thunderbolt|p1a: Umbreon
|-damage|p1a: Umbreon|61/100
|
|upkeep
|turn|189
|
|t:|1666811263
|move|p2a: Raikou|Aura Sphere|p1a: Umbreon
|-supereffective|p1a: Umbreon
|-damage|p1a: Umbreon|28/100
|move|p1a: Umbreon|Wish|p1a: Umbreon
|
|upkeep
|turn|190
|
|t:|1666811269
|switch|p1a: Salamence|Salamence, F|29/100 psn
|-ability|p1a: Salamence|Intimidate|boost
|-unboost|p2a: Raikou|atk|1
|move|p2a: Raikou|Volt Switch|p1a: Salamence
|-damage|p1a: Salamence|0 fnt
|faint|p1a: Salamence
|
|t:|1666811277
|switch|p2a: Amoonguss|Amoonguss, F|100/100 brn|[from]move: Volt Switch
|
|-damage|p2a: Amoonguss|94/100 brn|[from] brn
|upkeep
|
|t:|1666811281
|switch|p1a: Scizor|Scizor, M|50/100 brn
|turn|191
|
|t:|1666811289
|switch|p2a: Milotic|Milotic, F|60/100 tox
|move|p1a: Scizor|Roost|p1a: Scizor
|-heal|p1a: Scizor|100/100 brn
|-singleturn|p1a: Scizor|move: Roost
|
|-damage|p2a: Milotic|54/100 tox|[from] psn
|-damage|p1a: Scizor|94/100 brn|[from] brn
|upkeep
|turn|192
|
|t:|1666811294
|move|p2a: Milotic|Recover|p2a: Milotic
|-heal|p2a: Milotic|100/100 tox
|move|p1a: Scizor|Knock Off|p2a: Milotic
|-damage|p2a: Milotic|94/100 tox
|
|-damage|p2a: Milotic|82/100 tox|[from] psn
|-damage|p1a: Scizor|88/100 brn|[from] brn
|upkeep
|turn|193
|
|t:|1666811297
|switch|p2a: Amoonguss|Amoonguss, F|100/100 brn
|move|p1a: Scizor|Knock Off|p2a: Amoonguss
|-damage|p2a: Amoonguss|92/100 brn
|
|-damage|p1a: Scizor|82/100 brn|[from] brn
|-damage|p2a: Amoonguss|86/100 brn|[from] brn
|upkeep
|turn|194
|
|t:|1666811303
|move|p1a: Scizor|Bullet Punch|p2a: Amoonguss
|-damage|p2a: Amoonguss|76/100 brn
|move|p2a: Amoonguss|Foul Play|p1a: Scizor
|-damage|p1a: Scizor|68/100 brn
|
|-damage|p1a: Scizor|62/100 brn|[from] brn
|-damage|p2a: Amoonguss|70/100 brn|[from] brn
|upkeep
|turn|195
|
|t:|1666811307
|move|p1a: Scizor|Bullet Punch|p2a: Amoonguss
|-damage|p2a: Amoonguss|60/100 brn
|move|p2a: Amoonguss|Foul Play|p1a: Scizor
|-damage|p1a: Scizor|47/100 brn
|
|-damage|p1a: Scizor|41/100 brn|[from] brn
|-damage|p2a: Amoonguss|53/100 brn|[from] brn
|upkeep
|turn|196
|
|t:|1666811317
|switch|p2a: Milotic|Milotic, F|82/100 tox
|move|p1a: Scizor|Roost|p1a: Scizor
|-heal|p1a: Scizor|91/100 brn
|-singleturn|p1a: Scizor|move: Roost
|
|-damage|p2a: Milotic|76/100 tox|[from] psn
|-damage|p1a: Scizor|85/100 brn|[from] brn
|upkeep
|turn|197
|
|t:|1666811322
|move|p2a: Milotic|Scald|p1a: Scizor
|-damage|p1a: Scizor|59/100 brn
|move|p1a: Scizor|Knock Off|p2a: Milotic
|-damage|p2a: Milotic|71/100 tox
|
|-damage|p2a: Milotic|58/100 tox|[from] psn
|-damage|p1a: Scizor|53/100 brn|[from] brn
|upkeep
|turn|198
|
|t:|1666811326
|move|p2a: Milotic|Recover|p2a: Milotic
|-heal|p2a: Milotic|100/100 tox
|move|p1a: Scizor|Knock Off|p2a: Milotic
|-damage|p2a: Milotic|94/100 tox
|
|-damage|p2a: Milotic|76/100 tox|[from] psn
|-damage|p1a: Scizor|47/100 brn|[from] brn
|upkeep
|turn|199
|
|t:|1666811329
|switch|p2a: Amoonguss|Amoonguss, F|87/100 brn
|move|p1a: Scizor|Roost|p1a: Scizor
|-heal|p1a: Scizor|97/100 brn
|-singleturn|p1a: Scizor|move: Roost
|
|-damage|p1a: Scizor|91/100 brn|[from] brn
|-damage|p2a: Amoonguss|80/100 brn|[from] brn
|upkeep
|turn|200
|
|t:|1666811332
|move|p1a: Scizor|U-turn|p2a: Amoonguss
|-crit|p2a: Amoonguss
|-damage|p2a: Amoonguss|62/100 brn
|
|t:|1666811335
|switch|p1a: Chansey|Chansey, F|75/100|[from]move: U-turn
|move|p2a: Amoonguss|Foul Play|p1a: Chansey
|-damage|p1a: Chansey|74/100
|
|-damage|p2a: Amoonguss|56/100 brn|[from] brn
|upkeep
|turn|201
|
|t:|1666811340
|switch|p1a: Scizor|Scizor, M|91/100 brn
|move|p2a: Amoonguss|Sludge Bomb|p1a: Scizor
|-immune|p1a: Scizor
|
|-damage|p1a: Scizor|85/100 brn|[from] brn
|-damage|p2a: Amoonguss|50/100 brn|[from] brn
|upkeep
|turn|202
|
|t:|1666811351
|switch|p2a: Raikou|Raikou|49/100
|-ability|p2a: Raikou|Pressure
|move|p1a: Scizor|U-turn|p2a: Raikou
|-damage|p2a: Raikou|24/100
|
|t:|1666811357
|switch|p1a: Chansey|Chansey, F|74/100|[from]move: U-turn
|
|upkeep
|turn|203
|
|t:|1666811360
|move|p2a: Raikou|Volt Switch|p1a: Chansey
|-damage|p1a: Chansey|57/100
|
|t:|1666811364
|switch|p2a: Amoonguss|Amoonguss, F|83/100 brn|[from]move: Volt Switch
|move|p1a: Chansey|Teleport|p1a: Chansey
|
|t:|1666811370
|switch|p1a: Scizor|Scizor, M|85/100 brn|[from]move: Teleport
|
|-damage|p1a: Scizor|79/100 brn|[from] brn
|-damage|p2a: Amoonguss|77/100 brn|[from] brn
|upkeep
|turn|204
|
|t:|1666811376
|move|p1a: Scizor|U-turn|p2a: Amoonguss
|-damage|p2a: Amoonguss|64/100 brn
|
|t:|1666811379
|switch|p1a: Chansey|Chansey, F|57/100|[from]move: U-turn
|move|p2a: Amoonguss|Foul Play|p1a: Chansey
|-damage|p1a: Chansey|55/100
|
|-damage|p2a: Amoonguss|58/100 brn|[from] brn
|upkeep
|turn|205
|
|t:|1666811385
|switch|p1a: Scizor|Scizor, M|79/100 brn
|move|p2a: Amoonguss|Spore||[still]
|-fail|p2a: Amoonguss
|
|-damage|p1a: Scizor|73/100 brn|[from] brn
|-damage|p2a: Amoonguss|52/100 brn|[from] brn
|upkeep
|turn|206
|c|☆Exi_Dudi|gg
|c|☆Liz Angeles|gg
|-message|Exi_Dudi forfeited.
|
|win|Liz Angeles
|c|☆Liz Angeles|This is why I'm the goat
|c|☆Exi_Dudi|lol
|c|☆Liz Angeles|200 turns of smacking you
