|j|☆Corporate Donkey
|j|☆d01ph1ne
|t:|1665209093
|gametype|singles
|player|p1|Corporate Donkey|ingo|1420
|player|p2|d01ph1ne|170|1490
|teamsize|p1|6
|teamsize|p2|6
|gen|8
|tier|[Gen 8] UU
|rated|
|rule|Sleep Clause Mod: Limit one foe put to sleep
|rule|Species Clause: Limit one of each Pokémon
|rule|OHKO Clause: OHKO moves are banned
|rule|Evasion Items Clause: Evasion items are banned
|rule|Evasion Moves Clause: Evasion moves are banned
|rule|Endless Battle Clause: Forcing endless battles is banned
|rule|HP Percentage Mod: HP is shown in percentages
|rule|Dynamax Clause: You cannot dynamax
|clearpoke
|poke|p1|Cobalion|
|poke|p1|Rotom-Wash|
|poke|p1|Hydreigon, M|
|poke|p1|Hatterene, F|
|poke|p1|Mamoswine, M|
|poke|p1|Amoonguss, M|
|poke|p2|Hippowdon, M|
|poke|p2|Excadrill, M|
|poke|p2|Tangrowth, M|
|poke|p2|Rotom-Wash|
|poke|p2|Salamence, F|
|poke|p2|Keldeo-Resolute|
|teampreview
|c|☆Corporate Donkey|gl hf
|
|t:|1665209137
|start
|switch|p1a: Porky|Mamoswine, M|100/100
|switch|p2a: Fractal Dreamers|Rotom-Wash|100/100
|turn|1
|
|t:|1665209149
|switch|p1a: Ricardo|Hydreigon, M|100/100
|move|p2a: Fractal Dreamers|Toxic|p1a: Ricardo
|-status|p1a: Ricardo|tox
|
|-damage|p1a: Ricardo|94/100 tox|[from] psn
|upkeep
|turn|2
|
|t:|1665209157
|switch|p2a: Clarum Somnium|Tangrowth, M|100/100
|move|p1a: Ricardo|U-turn|p2a: Clarum Somnium
|-supereffective|p2a: Clarum Somnium
|-damage|p2a: Clarum Somnium|83/100
|
|t:|1665209166
|switch|p1a: Soos Amogus|Amoonguss, M|100/100|[from]move: U-turn
|
|upkeep
|turn|3
|
|t:|1665209174
|move|p2a: Clarum Somnium|Knock Off|p1a: Soos Amogus
|-damage|p1a: Soos Amogus|84/100
|-enditem|p1a: Soos Amogus|Black Sludge|[from] move: Knock Off|[of] p2a: Clarum Somnium
|move|p1a: Soos Amogus|Sludge Bomb|p2a: Clarum Somnium
|-supereffective|p2a: Clarum Somnium
|-damage|p2a: Clarum Somnium|42/100
|-status|p2a: Clarum Somnium|psn
|
|-damage|p2a: Clarum Somnium|30/100 psn|[from] psn
|upkeep
|turn|4
|
|t:|1665209184
|switch|p2a: Monolithia|Hippowdon, M|100/100
|-weather|Sandstorm|[from] ability: Sand Stream|[of] p2a: Monolithia
|move|p1a: Soos Amogus|Spore|p2a: Monolithia
|-status|p2a: Monolithia|slp|[from] move: Spore
|
|-weather|Sandstorm|[upkeep]
|-damage|p1a: Soos Amogus|78/100|[from] Sandstorm
|upkeep
|turn|5
|
|t:|1665209188
|switch|p2a: Fortuna Redux|Salamence, F|100/100
|-ability|p2a: Fortuna Redux|Intimidate|boost
|-unboost|p1a: Soos Amogus|atk|1
|switch|p1a: Hatterene|Hatterene, F|100/100
|
|-weather|Sandstorm|[upkeep]
|-damage|p2a: Fortuna Redux|94/100|[from] Sandstorm
|-damage|p1a: Hatterene|95/100|[from] Sandstorm
|-heal|p1a: Hatterene|100/100|[from] item: Leftovers
|upkeep
|turn|6
|
|t:|1665209194
|switch|p2a: Paradigm Shift|Excadrill, M|100/100
|move|p1a: Hatterene|Calm Mind|p1a: Hatterene
|-boost|p1a: Hatterene|spa|1
|-boost|p1a: Hatterene|spd|1
|
|-weather|Sandstorm|[upkeep]
|-damage|p1a: Hatterene|95/100|[from] Sandstorm
|-heal|p1a: Hatterene|100/100|[from] item: Leftovers
|upkeep
|turn|7
|
|t:|1665209208
|switch|p1a: Hogwash|Rotom-Wash|100/100
|move|p2a: Paradigm Shift|Iron Head|p1a: Hogwash
|-resisted|p1a: Hogwash
|-damage|p1a: Hogwash|91/100
|
|-weather|Sandstorm|[upkeep]
|-damage|p1a: Hogwash|85/100|[from] Sandstorm
|-heal|p1a: Hogwash|91/100|[from] item: Leftovers
|upkeep
|turn|8
|
|t:|1665209214
|switch|p2a: Fractal Dreamers|Rotom-Wash|100/100
|move|p1a: Hogwash|Will-O-Wisp|p2a: Fractal Dreamers
|-status|p2a: Fractal Dreamers|brn
|
|-weather|none
|-heal|p1a: Hogwash|97/100|[from] item: Leftovers
|-damage|p2a: Fractal Dreamers|94/100 brn|[from] brn
|upkeep
|turn|9
|
|t:|1665209218
|switch|p1a: Ricardo|Hydreigon, M|94/100 tox
|move|p2a: Fractal Dreamers|Toxic|p1a: Ricardo
|-fail|p1a: Ricardo|tox
|
|-heal|p2a: Fractal Dreamers|100/100 brn|[from] item: Leftovers
|-damage|p1a: Ricardo|88/100 tox|[from] psn
|-damage|p2a: Fractal Dreamers|94/100 brn|[from] brn
|upkeep
|turn|10
|
|t:|1665209222
|move|p1a: Ricardo|U-turn|p2a: Fractal Dreamers
|-damage|p2a: Fractal Dreamers|80/100 brn
|
|t:|1665209224
|switch|p1a: Soos Amogus|Amoonguss, M|100/100|[from]move: U-turn
|move|p2a: Fractal Dreamers|Volt Switch|p1a: Soos Amogus
|-resisted|p1a: Soos Amogus
|-damage|p1a: Soos Amogus|89/100
|
|t:|1665209235
|switch|p2a: Fortuna Redux|Salamence, F|94/100|[from]move: Volt Switch
|-ability|p2a: Fortuna Redux|Intimidate|boost
|-unboost|p1a: Soos Amogus|atk|1
|
|upkeep
|turn|11
|
|t:|1665209240
|switch|p1a: Hogwash|Rotom-Wash|97/100
|move|p2a: Fortuna Redux|Hurricane|p1a: Hogwash|[miss]
|-miss|p2a: Fortuna Redux|p1a: Hogwash
|
|-heal|p1a: Hogwash|100/100|[from] item: Leftovers
|upkeep
|turn|12
|
|t:|1665209247
|switch|p2a: Fractal Dreamers|Rotom-Wash|80/100 brn
|move|p1a: Hogwash|Volt Switch|p2a: Fractal Dreamers
|-crit|p2a: Fractal Dreamers
|-damage|p2a: Fractal Dreamers|46/100 brn
|
|t:|1665209260
|switch|p1a: Soos Amogus|Amoonguss, M|100/100|[from]move: Volt Switch
|
|-heal|p2a: Fractal Dreamers|52/100 brn|[from] item: Leftovers
|-damage|p2a: Fractal Dreamers|46/100 brn|[from] brn
|upkeep
|turn|13
|
|t:|1665209264
|move|p2a: Fractal Dreamers|Pain Split|p1a: Soos Amogus
|-sethp|p1a: Soos Amogus|66/100|[from] move: Pain Split|[silent]
|-sethp|p2a: Fractal Dreamers|94/100 brn|[from] move: Pain Split
|move|p1a: Soos Amogus|Sludge Bomb|p2a: Fractal Dreamers
|-damage|p2a: Fractal Dreamers|68/100 brn
|
|-heal|p2a: Fractal Dreamers|75/100 brn|[from] item: Leftovers
|-damage|p2a: Fractal Dreamers|68/100 brn|[from] brn
|upkeep
|turn|14
|
|t:|1665209270
|move|p2a: Fractal Dreamers|Volt Switch|p1a: Soos Amogus
|-resisted|p1a: Soos Amogus
|-damage|p1a: Soos Amogus|55/100
|
|t:|1665209272
|switch|p2a: Fortuna Redux|Salamence, F|94/100|[from]move: Volt Switch
|-ability|p2a: Fortuna Redux|Intimidate|boost
|-unboost|p1a: Soos Amogus|atk|1
|move|p1a: Soos Amogus|Giga Drain|p2a: Fortuna Redux
|-resisted|p2a: Fortuna Redux
|-damage|p2a: Fortuna Redux|87/100
|-heal|p1a: Soos Amogus|57/100|[from] drain|[of] p2a: Fortuna Redux
|
|upkeep
|turn|15
|
|t:|1665209278
|switch|p1a: Hogwash|Rotom-Wash|100/100
|move|p2a: Fortuna Redux|Hurricane|p1a: Hogwash
|-resisted|p1a: Hogwash
|-damage|p1a: Hogwash|75/100
|
|-heal|p1a: Hogwash|81/100|[from] item: Leftovers
|upkeep
|turn|16
|
|t:|1665209284
|move|p2a: Fortuna Redux|Draco Meteor|p1a: Hogwash
|-damage|p1a: Hogwash|18/100
|-unboost|p2a: Fortuna Redux|spa|2
|move|p1a: Hogwash|Volt Switch|p2a: Fortuna Redux
|-damage|p2a: Fortuna Redux|53/100
|
|t:|1665209292
|switch|p1a: Porky|Mamoswine, M|100/100|[from]move: Volt Switch
|
|upkeep
|turn|17
|
|t:|1665209300
|switch|p2a: Fractal Dreamers|Rotom-Wash|68/100 brn
|move|p1a: Porky|Knock Off|p2a: Fractal Dreamers
|-damage|p2a: Fractal Dreamers|18/100 brn
|-enditem|p2a: Fractal Dreamers|Leftovers|[from] move: Knock Off|[of] p1a: Porky
|-damage|p1a: Porky|91/100|[from] item: Life Orb
|
|-damage|p2a: Fractal Dreamers|12/100 brn|[from] brn
|upkeep
|turn|18
|
|t:|1665209325
|switch|p2a: Infinity Chasers|Keldeo-Resolute|100/100
|move|p1a: Porky|Ice Shard|p2a: Infinity Chasers
|-resisted|p2a: Infinity Chasers
|-damage|p2a: Infinity Chasers|83/100
|-damage|p1a: Porky|81/100|[from] item: Life Orb
|
|upkeep
|turn|19
|
|t:|1665209335
|switch|p1a: Hogwash|Rotom-Wash|18/100
|move|p2a: Infinity Chasers|Hydro Pump|p1a: Hogwash|[miss]
|-miss|p2a: Infinity Chasers|p1a: Hogwash
|
|-heal|p1a: Hogwash|24/100|[from] item: Leftovers
|upkeep
|turn|20
|
|t:|1665209342
|switch|p1a: Soos Amogus|Amoonguss, M|91/100
|move|p2a: Infinity Chasers|Hydro Pump|p1a: Soos Amogus
|-resisted|p1a: Soos Amogus
|-damage|p1a: Soos Amogus|55/100
|
|upkeep
|turn|21
|
|t:|1665209350
|switch|p2a: Paradigm Shift|Excadrill, M|100/100
|move|p1a: Soos Amogus|Giga Drain|p2a: Paradigm Shift
|-damage|p2a: Paradigm Shift|73/100
|-heal|p1a: Soos Amogus|67/100|[from] drain|[of] p2a: Paradigm Shift
|
|-heal|p2a: Paradigm Shift|79/100|[from] item: Leftovers
|upkeep
|turn|22
|
|t:|1665209353
|move|p2a: Paradigm Shift|Swords Dance|p2a: Paradigm Shift
|-boost|p2a: Paradigm Shift|atk|2
|move|p1a: Soos Amogus|Foul Play|p2a: Paradigm Shift
|-damage|p2a: Paradigm Shift|0 fnt
|faint|p2a: Paradigm Shift
|
|upkeep
|
|t:|1665209363
|switch|p2a: Fortuna Redux|Salamence, F|53/100
|-ability|p2a: Fortuna Redux|Intimidate|boost
|-unboost|p1a: Soos Amogus|atk|1
|turn|23
|
|t:|1665209368
|switch|p1a: Hogwash|Rotom-Wash|24/100
|move|p2a: Fortuna Redux|Hurricane|p1a: Hogwash
|-resisted|p1a: Hogwash
|-damage|p1a: Hogwash|0 fnt
|faint|p1a: Hogwash
|
|upkeep
|
|t:|1665209374
|switch|p1a: Porky|Mamoswine, M|81/100
|turn|24
|
|t:|1665209383
|switch|p2a: Infinity Chasers|Keldeo-Resolute|83/100
|move|p1a: Porky|Earthquake|p2a: Infinity Chasers
|-damage|p2a: Infinity Chasers|1/100
|-damage|p1a: Porky|71/100|[from] item: Life Orb
|
|upkeep
|turn|25
|-message|d01ph1ne forfeited.
|
|win|Corporate Donkey
|raw|Corporate Donkey's rating: 1420 &rarr; <strong>1444</strong><br />(+24 for winning)
|raw|d01ph1ne's rating: 1490 &rarr; <strong>1466</strong><br />(-24 for losing)
|l|☆d01ph1ne
