|raw|<div class="broadcast-blue"><strong>This battle is required to be public due to a player having a name starting with 'uult91w'.</div>
|j|☆megasecrettesting
|j|☆UULT91W xujing
|t:|1652014796
|gametype|singles
|player|p1|megasecrettesting|erika-gen2|1388
|player|p2|UULT91W xujing|preschoolerf|1502
|teamsize|p1|6
|teamsize|p2|6
|gen|8
|tier|[Gen 8] UU
|rated|
|rule|Sleep Clause Mod: Limit one foe put to sleep
|rule|Species Clause: Limit one of each Pokémon
|rule|OHKO Clause: OHKO moves are banned
|rule|Evasion Moves Clause: Evasion moves are banned
|rule|Endless Battle Clause: Forcing endless battles is banned
|rule|HP Percentage Mod: HP is shown in percentages
|rule|Dynamax Clause: You cannot dynamax
|clearpoke
|poke|p1|Skarmory, M|
|poke|p1|Celebi|
|poke|p1|Rotom-Wash|
|poke|p1|Excadrill, M|
|poke|p1|Umbreon, M|
|poke|p1|Nihilego|
|poke|p2|Politoed, M|
|poke|p2|Kingdra, M|
|poke|p2|Azumarill, M|
|poke|p2|Amoonguss, F|
|poke|p2|Excadrill, F|
|poke|p2|Thundurus-Therian, M|
|teampreview
|inactive|Battle timer is ON: inactive players will automatically lose when time's up. (requested by UULT91W xujing)
|
|t:|1652014817
|start
|switch|p1a: Celebi|Celebi|100/100
|switch|p2a: Politoed|Politoed, M|100/100
|-weather|RainDance|[from] ability: Drizzle|[of] p2a: Politoed
|turn|1
|
|t:|1652014830
|switch|p2a: Amoonguss|Amoonguss, F|100/100
|move|p1a: Celebi|Stealth Rock|p2a: Amoonguss
|-sidestart|p2: UULT91W xujing|move: Stealth Rock
|
|-weather|RainDance|[upkeep]
|upkeep
|turn|2
|
|t:|1652014834
|switch|p1a: Skarmory|Skarmory, M|100/100
|move|p2a: Amoonguss|Sludge Bomb|p1a: Skarmory
|-immune|p1a: Skarmory
|
|-weather|RainDance|[upkeep]
|upkeep
|turn|3
|
|t:|1652014838
|switch|p2a: Thundurus|Thundurus-Therian, M|100/100
|move|p1a: Skarmory|Spikes|p2a: Thundurus
|-sidestart|p2: UULT91W xujing|Spikes
|
|-weather|RainDance|[upkeep]
|upkeep
|turn|4
|
|t:|1652014847
|switch|p1a: Celebi|Celebi|100/100
|move|p2a: Thundurus|Weather Ball|p1a: Celebi
|-resisted|p1a: Celebi
|-damage|p1a: Celebi|77/100
|
|-weather|RainDance|[upkeep]
|-heal|p1a: Celebi|83/100|[from] item: Leftovers
|upkeep
|turn|5
|
|t:|1652014855
|switch|p1a: Nihilego|Nihilego|100/100
|move|p2a: Thundurus|Sludge Bomb|p1a: Nihilego
|-resisted|p1a: Nihilego
|-damage|p1a: Nihilego|94/100
|
|-weather|RainDance|[upkeep]
|-heal|p1a: Nihilego|99/100|[from] item: Black Sludge
|upkeep
|turn|6
|
|t:|1652014859
|switch|p2a: Excadrill|Excadrill, F|100/100
|-damage|p2a: Excadrill|97/100|[from] Stealth Rock
|-damage|p2a: Excadrill|85/100|[from] Spikes
|-ability|p2a: Excadrill|Mold Breaker
|move|p1a: Nihilego|Power Gem|p2a: Excadrill
|-resisted|p2a: Excadrill
|-damage|p2a: Excadrill|77/100
|
|-weather|RainDance|[upkeep]
|-heal|p1a: Nihilego|100/100|[from] item: Black Sludge
|-heal|p2a: Excadrill|83/100|[from] item: Leftovers
|upkeep
|turn|7
|
|t:|1652014865
|switch|p1a: Skarmory|Skarmory, M|100/100
|move|p2a: Excadrill|Stealth Rock|p1a: Skarmory
|-sidestart|p1: megasecrettesting|move: Stealth Rock
|
|-weather|RainDance|[upkeep]
|-heal|p2a: Excadrill|89/100|[from] item: Leftovers
|upkeep
|turn|8
|
|t:|1652014869
|move|p2a: Excadrill|Rapid Spin|p1a: Skarmory
|-resisted|p1a: Skarmory
|-damage|p1a: Skarmory|96/100
|-boost|p2a: Excadrill|spe|1
|-damage|p2a: Excadrill|73/100|[from] item: Rocky Helmet|[of] p1a: Skarmory
|-sideend|p2: UULT91W xujing|Spikes|[from] move: Rapid Spin|[of] p2a: Excadrill
|-sideend|p2: UULT91W xujing|Stealth Rock|[from] move: Rapid Spin|[of] p2a: Excadrill
|move|p1a: Skarmory|Body Press|p2a: Excadrill
|-supereffective|p2a: Excadrill
|-damage|p2a: Excadrill|0 fnt
|faint|p2a: Excadrill
|
|-weather|none
|upkeep
|
|t:|1652014874
|switch|p2a: Thundurus|Thundurus-Therian, M|100/100
|turn|9
|
|t:|1652014880
|switch|p2a: Politoed|Politoed, M|100/100
|-weather|RainDance|[from] ability: Drizzle|[of] p2a: Politoed
|switch|p1a: Excadrill|Excadrill, M|100/100
|-damage|p1a: Excadrill|97/100|[from] Stealth Rock
|-ability|p1a: Excadrill|Mold Breaker
|
|-weather|RainDance|[upkeep]
|-heal|p1a: Excadrill|100/100|[from] item: Leftovers
|upkeep
|turn|10
|
|t:|1652014886
|switch|p1a: Celebi|Celebi|83/100
|-damage|p1a: Celebi|71/100|[from] Stealth Rock
|move|p2a: Politoed|Scald|p1a: Celebi
|-resisted|p1a: Celebi
|-damage|p1a: Celebi|53/100
|
|-weather|RainDance|[upkeep]
|-heal|p1a: Celebi|60/100|[from] item: Leftovers
|upkeep
|turn|11
|
|t:|1652014898
|switch|p2a: Kingdra|Kingdra, M|100/100
|move|p1a: Celebi|Recover|p1a: Celebi
|-heal|p1a: Celebi|100/100
|
|-weather|RainDance|[upkeep]
|upkeep
|turn|12
|
|t:|1652014905
|switch|p1a: Excadrill|Excadrill, M|100/100
|-damage|p1a: Excadrill|97/100|[from] Stealth Rock
|-ability|p1a: Excadrill|Mold Breaker
|move|p2a: Kingdra|Hurricane|p1a: Excadrill
|-resisted|p1a: Excadrill
|-damage|p1a: Excadrill|74/100
|
|-weather|RainDance|[upkeep]
|-heal|p1a: Excadrill|81/100|[from] item: Leftovers
|upkeep
|turn|13
|
|t:|1652014910
|switch|p2a: Azumarill|Azumarill, M|100/100
|move|p1a: Excadrill|Rapid Spin|p2a: Azumarill
|-damage|p2a: Azumarill|82/100
|-boost|p1a: Excadrill|spe|1
|-sideend|p1: megasecrettesting|Stealth Rock|[from] move: Rapid Spin|[of] p1a: Excadrill
|
|-weather|RainDance|[upkeep]
|-heal|p1a: Excadrill|87/100|[from] item: Leftovers
|upkeep
|turn|14
|
|t:|1652014915
|switch|p1a: Skarmory|Skarmory, M|96/100
|move|p2a: Azumarill|Liquidation|p1a: Skarmory
|-damage|p1a: Skarmory|22/100
|-damage|p2a: Azumarill|66/100|[from] item: Rocky Helmet|[of] p1a: Skarmory
|
|-weather|RainDance|[upkeep]
|upkeep
|turn|15
|
|t:|1652014925
|move|p1a: Skarmory|Spikes|p2a: Azumarill
|-sidestart|p2: UULT91W xujing|Spikes
|move|p2a: Azumarill|Liquidation|p1a: Skarmory
|-damage|p1a: Skarmory|0 fnt
|-damage|p2a: Azumarill|49/100|[from] item: Rocky Helmet|[of] p1a: Skarmory
|faint|p1a: Skarmory
|
|-weather|RainDance|[upkeep]
|upkeep
|
|t:|1652014930
|switch|p1a: Nihilego|Nihilego|100/100
|turn|16
|
|t:|1652014936
|switch|p2a: Amoonguss|Amoonguss, F|100/100
|-damage|p2a: Amoonguss|88/100|[from] Spikes
|move|p1a: Nihilego|Sludge Bomb|p2a: Amoonguss
|-damage|p2a: Amoonguss|46/100
|-enditem|p2a: Amoonguss|Eject Button
|
|t:|1652014938
|switch|p2a: Politoed|Politoed, M|100/100
|-damage|p2a: Politoed|88/100|[from] Spikes
|
|-weather|none
|upkeep
|turn|17
|
|t:|1652014942
|move|p1a: Nihilego|Stealth Rock|p2a: Politoed
|-sidestart|p2: UULT91W xujing|move: Stealth Rock
|move|p2a: Politoed|Scald|p1a: Nihilego
|-supereffective|p1a: Nihilego
|-damage|p1a: Nihilego|65/100
|-status|p1a: Nihilego|brn
|
|-heal|p1a: Nihilego|72/100 brn|[from] item: Black Sludge
|-damage|p1a: Nihilego|65/100 brn|[from] brn
|upkeep
|turn|18
|
|t:|1652014950
|switch|p1a: Celebi|Celebi|100/100
|move|p2a: Politoed|Scald|p1a: Celebi
|-resisted|p1a: Celebi
|-damage|p1a: Celebi|91/100
|
|-heal|p1a: Celebi|97/100|[from] item: Leftovers
|upkeep
|turn|19
|
|t:|1652014953
|switch|p2a: Amoonguss|Amoonguss, F|79/100
|-damage|p2a: Amoonguss|66/100|[from] Spikes
|-damage|p2a: Amoonguss|54/100|[from] Stealth Rock
|move|p1a: Celebi|Psychic|p2a: Amoonguss
|-supereffective|p2a: Amoonguss
|-damage|p2a: Amoonguss|0 fnt
|faint|p2a: Amoonguss
|
|-heal|p1a: Celebi|100/100|[from] item: Leftovers
|upkeep
|
|t:|1652014956
|switch|p2a: Politoed|Politoed, M|88/100
|-damage|p2a: Politoed|75/100|[from] Stealth Rock
|-damage|p2a: Politoed|63/100|[from] Spikes
|-weather|RainDance|[from] ability: Drizzle|[of] p2a: Politoed
|turn|20
|
|t:|1652014959
|move|p1a: Celebi|Psychic|p2a: Politoed
|-damage|p2a: Politoed|27/100
|move|p2a: Politoed|Ice Beam|p1a: Celebi
|-supereffective|p1a: Celebi
|-damage|p1a: Celebi|69/100
|
|-weather|RainDance|[upkeep]
|-heal|p1a: Celebi|75/100|[from] item: Leftovers
|upkeep
|turn|21
|
|t:|1652014978
|switch|p2a: Thundurus|Thundurus-Therian, M|100/100
|move|p1a: Celebi|Recover|p1a: Celebi
|-heal|p1a: Celebi|100/100
|
|-weather|RainDance|[upkeep]
|upkeep
|turn|22
|
|t:|1652014985
|switch|p1a: Excadrill|Excadrill, M|87/100
|-ability|p1a: Excadrill|Mold Breaker
|move|p2a: Thundurus|Sludge Bomb|p1a: Excadrill
|-immune|p1a: Excadrill
|
|-weather|RainDance|[upkeep]
|-heal|p1a: Excadrill|93/100|[from] item: Leftovers
|upkeep
|turn|23
|
|t:|1652014994
|move|p2a: Thundurus|Weather Ball|p1a: Excadrill
|-supereffective|p1a: Excadrill
|-damage|p1a: Excadrill|0 fnt
|faint|p1a: Excadrill
|
|-weather|RainDance|[upkeep]
|upkeep
|
|t:|1652015000
|switch|p1a: Umbreon|Umbreon, M|100/100
|turn|24
|
|t:|1652015005
|move|p2a: Thundurus|Thunder|p1a: Umbreon
|-damage|p1a: Umbreon|58/100
|move|p1a: Umbreon|Toxic|p2a: Thundurus
|-status|p2a: Thundurus|tox
|
|-weather|RainDance|[upkeep]
|-heal|p1a: Umbreon|64/100|[from] item: Leftovers
|-damage|p2a: Thundurus|94/100 tox|[from] psn
|upkeep
|turn|25
|
|t:|1652015015
|switch|p2a: Azumarill|Azumarill, M|49/100
|-damage|p2a: Azumarill|37/100|[from] Spikes
|-damage|p2a: Azumarill|25/100|[from] Stealth Rock
|switch|p1a: Celebi|Celebi|100/100
|
|-weather|RainDance|[upkeep]
|upkeep
|turn|26
|
|t:|1652015021
|switch|p2a: Kingdra|Kingdra, M|100/100
|-damage|p2a: Kingdra|88/100|[from] Stealth Rock
|-damage|p2a: Kingdra|76/100|[from] Spikes
|move|p1a: Celebi|Psychic|p2a: Kingdra
|-crit|p2a: Kingdra
|-damage|p2a: Kingdra|2/100
|
|-weather|RainDance|[upkeep]
|upkeep
|turn|27
|
|t:|1652015037
|switch|p1a: Umbreon|Umbreon, M|64/100
|move|p2a: Kingdra|Surf|p1a: Umbreon
|-damage|p1a: Umbreon|1/100
|
|-weather|none
|-heal|p1a: Umbreon|7/100|[from] item: Leftovers
|upkeep
|turn|28
|
|t:|1652015052
|move|p2a: Kingdra|Surf|p1a: Umbreon
|-damage|p1a: Umbreon|0 fnt
|faint|p1a: Umbreon
|
|upkeep
|
|t:|1652015056
|switch|p1a: Nihilego|Nihilego|65/100 brn
|turn|29
|-message|UULT91W xujing forfeited.
|
|win|megasecrettesting
|raw|megasecrettesting's rating: 1388 &rarr; <strong>1414</strong><br />(+26 for winning)
|raw|UULT91W xujing's rating: 1502 &rarr; <strong>1476</strong><br />(-26 for losing)
|l|☆UULT91W xujing
