|inactive|Battle timer is ON: inactive players will automatically lose when time's up.
|j|☆pokemonisfun
|j|☆HaxxLR
|t:|1660267201
|gametype|singles
|player|p1|pokemonisfun|#uutrio2ladder|
|player|p2|HaxxLR|grimsley|
|teamsize|p1|6
|teamsize|p2|6
|gen|8
|tier|[Gen 8] UU
|rated|Tournament battle
|rule|Sleep Clause Mod: Limit one foe put to sleep
|rule|Species Clause: Limit one of each Pokémon
|rule|OHKO Clause: OHKO moves are banned
|rule|Evasion Items Clause: Evasion items are banned
|rule|Evasion Moves Clause: Evasion moves are banned
|rule|Endless Battle Clause: Forcing endless battles is banned
|rule|HP Percentage Mod: HP is shown in percentages
|rule|Dynamax Clause: You cannot dynamax
|rule|Blitz: Super-fast timer
|clearpoke
|poke|p1|Necrozma|
|poke|p1|Krookodile, M|
|poke|p1|Rotom-Wash|
|poke|p1|Registeel|
|poke|p1|Tapu Bulu|
|poke|p1|Salamence, F|
|poke|p2|Starmie|
|poke|p2|Indeedee-F, F|
|poke|p2|Hydreigon, F|
|poke|p2|Swampert, F|
|poke|p2|Thundurus-Therian, M|
|poke|p2|Celesteela|
|teampreview
|j| 7MM
|inactive|pokemonisfun has 30 seconds left.
|inactive|HaxxLR has 30 seconds left.
|inactive|HaxxLR has 20 seconds left.
|inactive|HaxxLR has 15 seconds left.
|inactive|HaxxLR has 10 seconds left.
|
|t:|1660267232
|start
|switch|p1a: Rotom|Rotom-Wash|100/100
|switch|p2a: Thundurus|Thundurus-Therian, M|100/100
|turn|1
|
|t:|1660267236
|move|p2a: Thundurus|Knock Off|p1a: Rotom
|-damage|p1a: Rotom|79/100
|-enditem|p1a: Rotom|Leftovers|[from] move: Knock Off|[of] p2a: Thundurus
|move|p1a: Rotom|Will-O-Wisp|p2a: Thundurus|[miss]
|-miss|p1a: Rotom|p2a: Thundurus
|
|upkeep
|turn|2
|inactive|HaxxLR has 10 seconds left.
|
|t:|1660267244
|move|p2a: Thundurus|Focus Blast|p1a: Rotom
|-damage|p1a: Rotom|29/100
|move|p1a: Rotom|Pain Split|p2a: Thundurus
|-sethp|p2a: Thundurus|64/100|[from] move: Pain Split|[silent]
|-sethp|p1a: Rotom|67/100|[from] move: Pain Split
|
|upkeep
|turn|3
|inactive|pokemonisfun has 10 seconds left.
|
|t:|1660267251
|move|p2a: Thundurus|Volt Switch|p1a: Rotom
|-damage|p1a: Rotom|26/100
|inactive|HaxxLR has 10 seconds left.
|
|t:|1660267259
|switch|p2a: Indeedee|Indeedee-F, F|100/100|[from]move: Volt Switch
|-fieldstart|move: Psychic Terrain|[from] ability: Psychic Surge|[of] p2a: Indeedee
|move|p1a: Rotom|Hydro Pump|p2a: Indeedee
|-damage|p2a: Indeedee|57/100
|
|upkeep
|turn|4
|j| DumboTheDinosaur
|inactive|pokemonisfun has 10 seconds left.
|inactive|HaxxLR has 10 seconds left.
|
|t:|1660267266
|switch|p1a: Tapu Bulu|Tapu Bulu|100/100
|-fieldstart|move: Grassy Terrain|[from] ability: Grassy Surge|[of] p1a: Tapu Bulu
|move|p2a: Indeedee|Expanding Force|p1a: Tapu Bulu
|-damage|p1a: Tapu Bulu|60/100
|
|-heal|p1a: Tapu Bulu|66/100|[from] Grassy Terrain
|-heal|p2a: Indeedee|63/100|[from] Grassy Terrain
|upkeep
|turn|5
|inactive|pokemonisfun has 10 seconds left.
|inactive|HaxxLR has 10 seconds left.
|
|t:|1660267273
|switch|p1a: Rotom|Rotom-Wash|26/100
|switch|p2a: Celesteela|Celesteela|100/100
|
|upkeep
|turn|6
|
|t:|1660267278
|switch|p2a: Indeedee|Indeedee-F, F|63/100
|-fieldstart|move: Psychic Terrain|[from] ability: Psychic Surge|[of] p2a: Indeedee
|move|p1a: Rotom|Pain Split|p2a: Indeedee
|-sethp|p2a: Indeedee|44/100|[from] move: Pain Split|[silent]
|-sethp|p1a: Rotom|44/100|[from] move: Pain Split
|
|upkeep
|turn|7
|inactive|HaxxLR has 10 seconds left.
|
|t:|1660267286
|switch|p1a: Krookodile|Krookodile, M|100/100
|-ability|p1a: Krookodile|Intimidate|boost
|-unboost|p2a: Indeedee|atk|1
|move|p2a: Indeedee|Mystical Fire|p1a: Krookodile
|-damage|p1a: Krookodile|73/100
|-unboost|p1a: Krookodile|spa|1
|
|-heal|p1a: Krookodile|79/100|[from] item: Leftovers
|upkeep
|turn|8
|inactive|pokemonisfun has 10 seconds left.
|inactive|HaxxLR has 10 seconds left.
|
|t:|1660267293
|switch|p2a: Swampert|Swampert, F|100/100
|move|p1a: Krookodile|Stealth Rock|p2a: Swampert
|-sidestart|p2: HaxxLR|move: Stealth Rock
|
|-heal|p1a: Krookodile|85/100|[from] item: Leftovers
|upkeep
|turn|9
|inactive|HaxxLR has 10 seconds left.
|
|t:|1660267298
|switch|p1a: Tapu Bulu|Tapu Bulu|66/100
|-fieldstart|move: Grassy Terrain|[from] ability: Grassy Surge|[of] p1a: Tapu Bulu
|move|p2a: Swampert|Flip Turn|p1a: Tapu Bulu
|-resisted|p1a: Tapu Bulu
|-damage|p1a: Tapu Bulu|53/100
|inactive|HaxxLR has 10 seconds left.
|
|t:|1660267305
|switch|p2a: Hydreigon|Hydreigon, F|100/100|[from]move: Flip Turn
|-damage|p2a: Hydreigon|88/100|[from] Stealth Rock
|
|-heal|p1a: Tapu Bulu|59/100|[from] Grassy Terrain
|upkeep
|turn|10
|j|%suloxiv ✿
|inactive|pokemonisfun has 10 seconds left.
|
|t:|1660267311
|switch|p1a: Salamence|Salamence, F|100/100
|-ability|p1a: Salamence|Intimidate|boost
|-unboost|p2a: Hydreigon|atk|1
|move|p2a: Hydreigon|U-turn|p1a: Salamence
|-resisted|p1a: Salamence
|-damage|p1a: Salamence|96/100
|j| Goro Yagami 7@!
|inactive|HaxxLR has 10 seconds left.
|l| Goro Yagami 7
|inactive|HaxxLR has 5 seconds left.
|
|t:|1660267322
|switch|p2a: Swampert|Swampert, F|100/100|[from]move: U-turn
|-damage|p2a: Swampert|94/100|[from] Stealth Rock
|
|-heal|p2a: Swampert|100/100|[from] Grassy Terrain
|upkeep
|turn|11
|inactive|HaxxLR has 10 seconds left this turn.
|inactive|pokemonisfun has 10 seconds left.
|
|t:|1660267327
|switch|p1a: Tapu Bulu|Tapu Bulu|59/100
|move|p2a: Swampert|Stealth Rock|p1a: Tapu Bulu
|-sidestart|p1: pokemonisfun|move: Stealth Rock
|
|-heal|p1a: Tapu Bulu|65/100|[from] Grassy Terrain
|upkeep
|turn|12
|inactive|HaxxLR has 10 seconds left.
|
|t:|1660267333
|switch|p2a: Celesteela|Celesteela|100/100
|-damage|p2a: Celesteela|88/100|[from] Stealth Rock
|move|p1a: Tapu Bulu|Close Combat|p2a: Celesteela
|-damage|p2a: Celesteela|50/100
|-unboost|p1a: Tapu Bulu|def|1
|-unboost|p1a: Tapu Bulu|spd|1
|
|-heal|p1a: Tapu Bulu|71/100|[from] Grassy Terrain
|-heal|p2a: Celesteela|57/100|[from] item: Leftovers
|upkeep
|turn|13
|inactive|pokemonisfun has 10 seconds left.
|inactive|HaxxLR has 10 seconds left.
|inactive|HaxxLR has 5 seconds left.
|
|t:|1660267346
|switch|p1a: Salamence|Salamence, F|96/100
|-ability|p1a: Salamence|Intimidate|boost
|-unboost|p2a: Celesteela|atk|1
|move|p2a: Celesteela|Flamethrower|p1a: Salamence
|-resisted|p1a: Salamence
|-damage|p1a: Salamence|84/100
|
|-heal|p2a: Celesteela|63/100|[from] item: Leftovers
|-fieldend|move: Grassy Terrain
|upkeep
|turn|14
|inactive|HaxxLR has 10 seconds left this turn.
|inactive|HaxxLR has 5 seconds left.
|
|t:|1660267353
|switch|p2a: Swampert|Swampert, F|100/100
|-damage|p2a: Swampert|94/100|[from] Stealth Rock
|move|p1a: Salamence|Flamethrower|p2a: Swampert
|-resisted|p2a: Swampert
|-damage|p2a: Swampert|86/100
|
|-heal|p2a: Swampert|92/100|[from] item: Leftovers
|upkeep
|turn|15
|inactive|HaxxLR has 10 seconds left this turn.
|
|t:|1660267358
|move|p1a: Salamence|Toxic|p2a: Swampert
|-status|p2a: Swampert|tox
|move|p2a: Swampert|Flip Turn|p1a: Salamence
|-resisted|p1a: Salamence
|-damage|p1a: Salamence|73/100
|
|t:|1660267362
|switch|p2a: Starmie|Starmie|100/100|[from]move: Flip Turn
|-damage|p2a: Starmie|88/100|[from] Stealth Rock
|
|upkeep
|turn|16
|inactive|HaxxLR has 10 seconds left.
|
|t:|1660267372
|switch|p1a: Registeel|Registeel|100/100
|-damage|p1a: Registeel|94/100|[from] Stealth Rock
|move|p2a: Starmie|Ice Beam|p1a: Registeel
|-resisted|p1a: Registeel
|-damage|p1a: Registeel|82/100
|
|upkeep
|turn|17
|inactive|HaxxLR has 10 seconds left.
|j| Dunoks
|
|t:|1660267381
|switch|p2a: Swampert|Swampert, F|92/100 tox
|-damage|p2a: Swampert|86/100 tox|[from] Stealth Rock
|move|p1a: Registeel|Amnesia|p1a: Registeel
|-boost|p1a: Registeel|spd|2
|
|-heal|p2a: Swampert|92/100 tox|[from] item: Leftovers
|-damage|p2a: Swampert|86/100 tox|[from] psn
|upkeep
|turn|18
|
|t:|1660267385
|move|p2a: Swampert|Yawn|p1a: Registeel
|-start|p1a: Registeel|move: Yawn|[of] p2a: Swampert
|move|p1a: Registeel|Iron Defense|p1a: Registeel
|-boost|p1a: Registeel|def|2
|
|-heal|p2a: Swampert|92/100 tox|[from] item: Leftovers
|-damage|p2a: Swampert|80/100 tox|[from] psn
|upkeep
|turn|19
|inactive|pokemonisfun has 10 seconds left.
|
|t:|1660267392
|move|p2a: Swampert|Flip Turn|p1a: Registeel
|-damage|p1a: Registeel|76/100
|inactive|HaxxLR has 10 seconds left.
|
|t:|1660267399
|switch|p2a: Starmie|Starmie|88/100|[from]move: Flip Turn
|-damage|p2a: Starmie|76/100|[from] Stealth Rock
|move|p1a: Registeel|Iron Defense|p1a: Registeel
|-boost|p1a: Registeel|def|2
|
|-end|p1a: Registeel|move: Yawn|[silent]
|-status|p1a: Registeel|slp
|upkeep
|-enditem|p1a: Registeel|Chesto Berry|[eat]
|-curestatus|p1a: Registeel|slp|[msg]
|turn|20
|j| Goro Yagami 7@!
|inactive|HaxxLR has 10 seconds left.
|
|t:|1660267406
|move|p2a: Starmie|Trick|p1a: Registeel
|-activate|p2a: Starmie|move: Trick|[of] p1a: Registeel
|-item|p1a: Registeel|Choice Specs|[from] move: Trick
|-enditem|p2a: Starmie|Choice Specs|[silent]|[from] move: Trick
|move|p1a: Registeel|Body Press|p2a: Starmie
|-resisted|p2a: Starmie
|-damage|p2a: Starmie|6/100
|
|upkeep
|turn|21
|inactive|HaxxLR has 10 seconds left.
|c|☆pokemonisfun|nani
|inactive|HaxxLR has 5 seconds left.
|
|t:|1660267417
|move|p2a: Starmie|Hydro Pump|p1a: Registeel|[miss]
|-miss|p2a: Starmie|p1a: Registeel
|move|p1a: Registeel|Body Press|p2a: Starmie
|-resisted|p2a: Starmie
|-damage|p2a: Starmie|0 fnt
|faint|p2a: Starmie
|
|upkeep
|inactive|HaxxLR has 10 seconds left this turn.
|inactive|HaxxLR has 5 seconds left.
|
|t:|1660267425
|switch|p2a: Thundurus|Thundurus-Therian, M|64/100
|turn|22
|inactive|HaxxLR has 10 seconds left this turn.
|
|t:|1660267428
|move|p2a: Thundurus|Volt Switch|p1a: Registeel
|-damage|p1a: Registeel|64/100
|
|t:|1660267432
|switch|p2a: Swampert|Swampert, F|80/100 tox|[from]move: Volt Switch
|-damage|p2a: Swampert|74/100 tox|[from] Stealth Rock
|move|p1a: Registeel|Body Press|p2a: Swampert
|-damage|p2a: Swampert|0 fnt
|faint|p2a: Swampert
|
|upkeep
|j| taiwan lover
|
|t:|1660267437
|switch|p2a: Thundurus|Thundurus-Therian, M|64/100
|turn|23
|
|t:|1660267439
|move|p2a: Thundurus|Focus Blast|p1a: Registeel
|-supereffective|p1a: Registeel
|-damage|p1a: Registeel|31/100
|move|p1a: Registeel|Body Press|p2a: Thundurus
|-resisted|p2a: Thundurus
|-damage|p2a: Thundurus|0 fnt
|faint|p2a: Thundurus
|
|upkeep
|j| uivibooi
|inactive|HaxxLR has 10 seconds left.
|
|t:|1660267445
|switch|p2a: Celesteela|Celesteela|63/100
|-damage|p2a: Celesteela|50/100|[from] Stealth Rock
|turn|24
|
|t:|1660267447
|move|p2a: Celesteela|Flamethrower|p1a: Registeel
|-supereffective|p1a: Registeel
|-damage|p1a: Registeel|15/100
|move|p1a: Registeel|Body Press|p2a: Celesteela
|-damage|p2a: Celesteela|0 fnt
|faint|p2a: Celesteela
|
|upkeep
|
|t:|1660267450
|switch|p2a: Hydreigon|Hydreigon, F|88/100
|-damage|p2a: Hydreigon|76/100|[from] Stealth Rock
|turn|25
|
|t:|1660267453
|move|p2a: Hydreigon|Flamethrower|p1a: Registeel
|-supereffective|p1a: Registeel
|-damage|p1a: Registeel|0 fnt
|faint|p1a: Registeel
|
|upkeep
|
|t:|1660267457
|switch|p1a: Krookodile|Krookodile, M|85/100
|-damage|p1a: Krookodile|79/100|[from] Stealth Rock
|-ability|p1a: Krookodile|Intimidate|boost
|-unboost|p2a: Hydreigon|atk|1
|turn|26
|inactive|HaxxLR has 10 seconds left.
|
|t:|1660267463
|move|p2a: Hydreigon|Flamethrower|p1a: Krookodile
|-damage|p1a: Krookodile|34/100
|move|p1a: Krookodile|Knock Off|p2a: Hydreigon
|-resisted|p2a: Hydreigon
|-damage|p2a: Hydreigon|48/100
|-enditem|p2a: Hydreigon|Choice Scarf|[from] move: Knock Off|[of] p1a: Krookodile
|
|-heal|p1a: Krookodile|40/100|[from] item: Leftovers
|upkeep
|turn|27
|inactive|pokemonisfun has 10 seconds left.
|
|t:|1660267469
|switch|p1a: Rotom|Rotom-Wash|44/100
|-damage|p1a: Rotom|31/100|[from] Stealth Rock
|move|p2a: Hydreigon|Flamethrower|p1a: Rotom
|-resisted|p1a: Rotom
|-damage|p1a: Rotom|15/100
|
|upkeep
|turn|28
|l| Dunoks
|
|t:|1660267472
|move|p2a: Hydreigon|Dark Pulse|p1a: Rotom
|-damage|p1a: Rotom|0 fnt
|faint|p1a: Rotom
|
|upkeep
|
|t:|1660267474
|switch|p1a: Tapu Bulu|Tapu Bulu|71/100
|-damage|p1a: Tapu Bulu|59/100|[from] Stealth Rock
|-fieldstart|move: Grassy Terrain|[from] ability: Grassy Surge|[of] p1a: Tapu Bulu
|turn|29
|
|t:|1660267477
|move|p1a: Tapu Bulu|Close Combat|p2a: Hydreigon
|-supereffective|p2a: Hydreigon
|-damage|p2a: Hydreigon|0 fnt
|-unboost|p1a: Tapu Bulu|def|1
|-unboost|p1a: Tapu Bulu|spd|1
|faint|p2a: Hydreigon
|
|-heal|p1a: Tapu Bulu|65/100|[from] Grassy Terrain
|upkeep
|
|t:|1660267480
|switch|p2a: Indeedee|Indeedee-F, F|44/100
|-damage|p2a: Indeedee|32/100|[from] Stealth Rock
|-fieldstart|move: Psychic Terrain|[from] ability: Psychic Surge|[of] p2a: Indeedee
|turn|30
|
|t:|1660267483
|switch|p1a: Salamence|Salamence, F|73/100
|-ability|p1a: Salamence|Intimidate|boost
|-unboost|p2a: Indeedee|atk|1
|move|p2a: Indeedee|Expanding Force|p1a: Salamence
|-damage|p1a: Salamence|7/100
|
|upkeep
|turn|31
|j| Swagmoar
|inactive|HaxxLR has 10 seconds left.
|
|t:|1660267490
|move|p1a: Salamence|Flamethrower|p2a: Indeedee
|-damage|p2a: Indeedee|4/100
|move|p2a: Indeedee|Expanding Force|p1a: Salamence
|-damage|p1a: Salamence|0 fnt
|faint|p1a: Salamence
|
|upkeep
|
|t:|1660267492
|switch|p1a: Tapu Bulu|Tapu Bulu|65/100
|-damage|p1a: Tapu Bulu|52/100|[from] Stealth Rock
|-fieldstart|move: Grassy Terrain|[from] ability: Grassy Surge|[of] p1a: Tapu Bulu
|turn|32
|
|t:|1660267495
|move|p1a: Tapu Bulu|Horn Leech|p2a: Indeedee
|-damage|p2a: Indeedee|0 fnt
|-heal|p1a: Tapu Bulu|54/100|[from] drain|[of] p2a: Indeedee
|faint|p2a: Indeedee
|
|win|pokemonisfun
|n|☆pokemonisfun|pokemonisfun
|n|☆HaxxLR|haxxlr
|n| 7MM|7mm
|n| DumboTheDinosaur|dumbothedinosaur
|n| suloxiv ✿|suloxiv
|n| Goro Yagami 7@!|goroyagami7
|n| taiwan lover|taiwanlover
|n| uivibooi|uivibooi
|n| Swagmoar|swagmoar
