|html|<div class="broadcast-blue"><strong>[Gen 8] UU is currently suspecting Scizor! For information on how to participate check out the <a href="https://www.smogon.com/forums/threads/ss-uu-stage-12-2-spider-dance.3704866/">suspect thread</a>.</strong></div>
|j|☆DLLT GreenFlash
|j|☆DLLT Wuchtbrumme
|t:|1658524433
|gametype|singles
|player|p1|DLLT GreenFlash|clemont|1238
|player|p2|DLLT Wuchtbrumme|wallace|1353
|teamsize|p1|6
|teamsize|p2|6
|gen|8
|tier|[Gen 8] UU
|rated|
|rule|Sleep Clause Mod: Limit one foe put to sleep
|rule|Species Clause: Limit one of each Pokémon
|rule|OHKO Clause: OHKO moves are banned
|rule|Evasion Moves Clause: Evasion moves are banned
|rule|Endless Battle Clause: Forcing endless battles is banned
|rule|HP Percentage Mod: HP is shown in percentages
|rule|Dynamax Clause: You cannot dynamax
|clearpoke
|poke|p1|Salamence, M|
|poke|p1|Politoed, M|
|poke|p1|Ludicolo, M|
|poke|p1|Scizor, F|
|poke|p1|Jirachi|
|poke|p1|Thundurus-Therian, M|
|poke|p2|Torkoal, M|
|poke|p2|Venusaur, F|
|poke|p2|Chansey, F|
|poke|p2|Mandibuzz, F|
|poke|p2|Suicune|
|poke|p2|Cobalion|
|teampreview
|j| Dllt nick=cute
|
|t:|1658524470
|start
|switch|p1a: Thundurus|Thundurus-Therian, M|100/100
|switch|p2a: Torkoal|Torkoal, M|100/100
|-weather|SunnyDay|[from] ability: Drought|[of] p2a: Torkoal
|turn|1
|
|t:|1658524488
|move|p1a: Thundurus|Volt Switch|p2a: Torkoal
|-damage|p2a: Torkoal|52/100
|
|t:|1658524508
|switch|p1a: Politoed|Politoed, M|100/100|[from]move: Volt Switch
|-weather|RainDance|[from] ability: Drizzle|[of] p1a: Politoed
|move|p2a: Torkoal|Yawn|p1a: Politoed
|-start|p1a: Politoed|move: Yawn|[of] p2a: Torkoal
|
|-weather|RainDance|[upkeep]
|upkeep
|turn|2
|
|t:|1658524529
|switch|p1a: Thundurus|Thundurus-Therian, M|100/100
|switch|p2a: Chansey|Chansey, F, shiny|100/100
|
|-weather|RainDance|[upkeep]
|upkeep
|turn|3
|
|t:|1658524540
|move|p1a: Thundurus|Volt Switch|p2a: Chansey
|-damage|p2a: Chansey|89/100
|
|t:|1658524542
|switch|p1a: Scizor|Scizor, F|100/100|[from]move: Volt Switch
|move|p2a: Chansey|Teleport|p2a: Chansey
|
|t:|1658524552
|switch|p2a: Suicune|Suicune|100/100|[from]move: Teleport
|-ability|p2a: Suicune|Pressure
|
|-weather|RainDance|[upkeep]
|upkeep
|turn|4
|j| DLLT snitchgeburt
|
|t:|1658524560
|move|p1a: Scizor|U-turn|p2a: Suicune
|-damage|p2a: Suicune|67/100
|
|t:|1658524569
|switch|p1a: Ludicolo|Ludicolo, M|100/100|[from]move: U-turn
|move|p2a: Suicune|Weather Ball|p1a: Ludicolo
|-resisted|p1a: Ludicolo
|-damage|p1a: Ludicolo|86/100
|
|-weather|RainDance|[upkeep]
|-heal|p2a: Suicune|73/100|[from] item: Leftovers
|upkeep
|turn|5
|
|t:|1658524606
|switch|p1a: Scizor|Scizor, F|100/100
|move|p2a: Suicune|Toxic|p1a: Scizor
|-immune|p1a: Scizor
|
|-weather|RainDance|[upkeep]
|-heal|p2a: Suicune|79/100|[from] item: Leftovers
|upkeep
|turn|6
|
|t:|1658524614
|move|p2a: Suicune|Protect|p2a: Suicune
|-singleturn|p2a: Suicune|Protect
|move|p1a: Scizor|U-turn|p2a: Suicune
|-activate|p2a: Suicune|move: Protect
|
|-weather|RainDance|[upkeep]
|-heal|p2a: Suicune|85/100|[from] item: Leftovers
|upkeep
|turn|7
|
|t:|1658524641
|move|p1a: Scizor|U-turn|p2a: Suicune
|-damage|p2a: Suicune|52/100
|
|t:|1658524668
|switch|p1a: Ludicolo|Ludicolo, M|86/100|[from]move: U-turn
|move|p2a: Suicune|Toxic|p1a: Ludicolo|[miss]
|-miss|p2a: Suicune|p1a: Ludicolo
|
|-weather|RainDance|[upkeep]
|-heal|p2a: Suicune|59/100|[from] item: Leftovers
|upkeep
|turn|8
|
|t:|1658524684
|move|p2a: Suicune|Protect|p2a: Suicune
|-singleturn|p2a: Suicune|Protect
|move|p1a: Ludicolo|Leaf Storm|p2a: Suicune
|-activate|p2a: Suicune|move: Protect
|
|-weather|none
|-heal|p2a: Suicune|65/100|[from] item: Leftovers
|upkeep
|turn|9
|
|t:|1658524695
|switch|p1a: Scizor|Scizor, F|100/100
|switch|p2a: Mandibuzz|Mandibuzz, F|100/100
|
|upkeep
|turn|10
|
|t:|1658524703
|move|p1a: Scizor|U-turn|p2a: Mandibuzz
|-damage|p2a: Mandibuzz|67/100
|
|t:|1658524709
|switch|p1a: Thundurus|Thundurus-Therian, M|100/100|[from]move: U-turn
|move|p2a: Mandibuzz|Foul Play|p1a: Thundurus
|-damage|p1a: Thundurus|62/100
|
|upkeep
|turn|11
|
|t:|1658524721
|switch|p2a: Chansey|Chansey, F, shiny|89/100
|move|p1a: Thundurus|Volt Switch|p2a: Chansey
|-damage|p2a: Chansey|76/100
|
|t:|1658524730
|switch|p1a: Scizor|Scizor, F|100/100|[from]move: Volt Switch
|
|upkeep
|turn|12
|
|t:|1658524739
|move|p1a: Scizor|Knock Off|p2a: Chansey
|-damage|p2a: Chansey|37/100
|-enditem|p2a: Chansey|Eviolite|[from] move: Knock Off|[of] p1a: Scizor
|move|p2a: Chansey|Soft-Boiled|p2a: Chansey
|-heal|p2a: Chansey|87/100
|
|upkeep
|turn|13
|
|t:|1658524761
|switch|p1a: Jirachi|Jirachi|100/100
|move|p2a: Chansey|Teleport|p2a: Chansey
|
|t:|1658524772
|switch|p2a: Torkoal|Torkoal, M|52/100|[from]move: Teleport
|-weather|SunnyDay|[from] ability: Drought|[of] p2a: Torkoal
|
|-weather|SunnyDay|[upkeep]
|upkeep
|turn|14
|
|t:|1658524784
|move|p1a: Jirachi|Stealth Rock|p2a: Torkoal
|-sidestart|p2: DLLT Wuchtbrumme|move: Stealth Rock
|move|p2a: Torkoal|Stealth Rock|p1a: Jirachi
|-sidestart|p1: DLLT GreenFlash|move: Stealth Rock
|
|-weather|SunnyDay|[upkeep]
|upkeep
|turn|15
|
|t:|1658524801
|move|p1a: Jirachi|U-turn|p2a: Torkoal
|-resisted|p2a: Torkoal
|-damage|p2a: Torkoal|48/100
|
|t:|1658524809
|switch|p1a: Politoed|Politoed, M|100/100|[from]move: U-turn
|-damage|p1a: Politoed|88/100|[from] Stealth Rock
|-weather|RainDance|[from] ability: Drizzle|[of] p1a: Politoed
|move|p2a: Torkoal|Yawn|p1a: Politoed
|-start|p1a: Politoed|move: Yawn|[of] p2a: Torkoal
|
|-weather|RainDance|[upkeep]
|upkeep
|turn|16
|
|t:|1658524822
|switch|p1a: Scizor|Scizor, F|100/100
|-damage|p1a: Scizor|88/100|[from] Stealth Rock
|switch|p2a: Chansey|Chansey, F, shiny|87/100
|-damage|p2a: Chansey|75/100|[from] Stealth Rock
|
|-weather|RainDance|[upkeep]
|upkeep
|turn|17
|
|t:|1658524839
|move|p1a: Scizor|U-turn|p2a: Chansey
|-damage|p2a: Chansey|20/100
|
|t:|1658524853
|switch|p1a: Jirachi|Jirachi|100/100|[from]move: U-turn
|-damage|p1a: Jirachi|94/100|[from] Stealth Rock
|move|p2a: Chansey|Soft-Boiled|p2a: Chansey
|-heal|p2a: Chansey|70/100
|
|-weather|RainDance|[upkeep]
|-heal|p1a: Jirachi|100/100|[from] item: Leftovers
|upkeep
|turn|18
|
|t:|1658524876
|move|p1a: Jirachi|Iron Head|p2a: Chansey
|-damage|p2a: Chansey|46/100
|cant|p2a: Chansey|flinch
|
|-weather|RainDance|[upkeep]
|upkeep
|turn|19
|
|t:|1658524885
|move|p1a: Jirachi|Iron Head|p2a: Chansey
|-crit|p2a: Chansey
|-damage|p2a: Chansey|11/100
|move|p2a: Chansey|Soft-Boiled|p2a: Chansey
|-heal|p2a: Chansey|61/100
|
|-weather|RainDance|[upkeep]
|upkeep
|turn|20
|
|t:|1658524902
|switch|p2a: Cobalion|Cobalion|100/100
|-damage|p2a: Cobalion|97/100|[from] Stealth Rock
|move|p1a: Jirachi|Iron Head|p2a: Cobalion
|-resisted|p2a: Cobalion
|-damage|p2a: Cobalion|87/100
|
|-weather|RainDance|[upkeep]
|upkeep
|turn|21
|
|t:|1658524913
|move|p2a: Cobalion|Swords Dance|p2a: Cobalion
|-boost|p2a: Cobalion|atk|2
|move|p1a: Jirachi|U-turn|p2a: Cobalion
|-resisted|p2a: Cobalion
|-damage|p2a: Cobalion|84/100
|
|t:|1658524934
|switch|p1a: Ludicolo|Ludicolo, M|86/100|[from]move: U-turn
|-damage|p1a: Ludicolo|74/100|[from] Stealth Rock
|
|-weather|RainDance|[upkeep]
|upkeep
|turn|22
|
|t:|1658524953
|move|p1a: Ludicolo|Weather Ball|p2a: Cobalion
|-damage|p2a: Cobalion|0 fnt
|faint|p2a: Cobalion
|-damage|p1a: Ludicolo|64/100|[from] item: Life Orb
|
|-weather|none
|upkeep
|
|t:|1658524984
|switch|p2a: Venusaur|Venusaur, F, shiny|100/100
|-damage|p2a: Venusaur|88/100|[from] Stealth Rock
|turn|23
|
|t:|1658524998
|switch|p1a: Jirachi|Jirachi|100/100
|-damage|p1a: Jirachi|94/100|[from] Stealth Rock
|move|p2a: Venusaur|Earth Power|p1a: Jirachi
|-supereffective|p1a: Jirachi
|-damage|p1a: Jirachi|51/100
|-damage|p2a: Venusaur|78/100|[from] item: Life Orb
|
|-heal|p1a: Jirachi|57/100|[from] item: Leftovers
|upkeep
|turn|24
|
|t:|1658525019
|switch|p1a: Salamence|Salamence, M|100/100
|-ability|p1a: Salamence|Intimidate|boost
|-unboost|p2a: Venusaur|atk|1
|move|p2a: Venusaur|Earth Power|p1a: Salamence
|-immune|p1a: Salamence
|
|upkeep
|turn|25
|
|t:|1658525033
|switch|p2a: Mandibuzz|Mandibuzz, F|67/100
|move|p1a: Salamence|Draco Meteor|p2a: Mandibuzz
|-damage|p2a: Mandibuzz|13/100
|-unboost|p1a: Salamence|spa|2
|
|upkeep
|turn|26
|
|t:|1658525042
|move|p1a: Salamence|Draco Meteor|p2a: Mandibuzz
|-damage|p2a: Mandibuzz|0 fnt
|-unboost|p1a: Salamence|spa|2
|faint|p2a: Mandibuzz
|
|upkeep
|
|t:|1658525051
|switch|p2a: Torkoal|Torkoal, M|48/100
|-damage|p2a: Torkoal|23/100|[from] Stealth Rock
|-weather|SunnyDay|[from] ability: Drought|[of] p2a: Torkoal
|turn|27
|
|t:|1658525060
|switch|p1a: Politoed|Politoed, M|88/100
|-damage|p1a: Politoed|75/100|[from] Stealth Rock
|-weather|RainDance|[from] ability: Drizzle|[of] p1a: Politoed
|switch|p2a: Venusaur|Venusaur, F, shiny|78/100
|-damage|p2a: Venusaur|66/100|[from] Stealth Rock
|
|-weather|RainDance|[upkeep]
|upkeep
|turn|28
|
|t:|1658525074
|switch|p1a: Salamence|Salamence, M|100/100
|-ability|p1a: Salamence|Intimidate|boost
|-unboost|p2a: Venusaur|atk|1
|move|p2a: Venusaur|Sludge Bomb|p1a: Salamence
|-damage|p1a: Salamence|39/100
|-damage|p2a: Venusaur|56/100|[from] item: Life Orb
|
|-weather|RainDance|[upkeep]
|upkeep
|turn|29
|
|t:|1658525086
|switch|p1a: Scizor|Scizor, F|88/100
|-damage|p1a: Scizor|76/100|[from] Stealth Rock
|move|p2a: Venusaur|Sludge Bomb|p1a: Scizor
|-immune|p1a: Scizor
|
|-weather|RainDance|[upkeep]
|upkeep
|turn|30
|
|t:|1658525127
|switch|p2a: Torkoal|Torkoal, M|23/100
|-damage|p2a: Torkoal|0 fnt|[from] Stealth Rock
|faint|p2a: Torkoal
|move|p1a: Scizor|Bullet Punch|p2: Torkoal|[notarget]
|-fail|p1a: Scizor
|
|-weather|RainDance|[upkeep]
|upkeep
|
|t:|1658525135
|switch|p2a: Suicune|Suicune|65/100
|-damage|p2a: Suicune|52/100|[from] Stealth Rock
|-ability|p2a: Suicune|Pressure
|turn|31
|
|t:|1658525162
|switch|p1a: Salamence|Salamence, M|39/100
|-ability|p1a: Salamence|Intimidate|boost
|-unboost|p2a: Suicune|atk|1
|move|p2a: Suicune|Scald|p1a: Salamence
|-resisted|p1a: Salamence
|-damage|p1a: Salamence|13/100
|
|-weather|RainDance|[upkeep]
|-heal|p2a: Suicune|59/100|[from] item: Leftovers
|upkeep
|turn|32
|
|t:|1658525172
|move|p2a: Suicune|Protect|p2a: Suicune
|-singleturn|p2a: Suicune|Protect
|move|p1a: Salamence|Roost|p1a: Salamence
|-heal|p1a: Salamence|64/100
|-singleturn|p1a: Salamence|move: Roost
|
|-weather|RainDance|[upkeep]
|-heal|p2a: Suicune|65/100|[from] item: Leftovers
|upkeep
|turn|33
|
|t:|1658525185
|move|p1a: Salamence|Hurricane|p2a: Suicune
|-damage|p2a: Suicune|29/100
|move|p2a: Suicune|Scald|p1a: Salamence
|-resisted|p1a: Salamence
|-damage|p1a: Salamence|40/100
|
|-weather|RainDance|[upkeep]
|-heal|p2a: Suicune|35/100|[from] item: Leftovers
|upkeep
|turn|34
|
|t:|1658525198
|move|p1a: Salamence|Hurricane|p2a: Suicune
|-damage|p2a: Suicune|0 fnt
|faint|p2a: Suicune
|
|-weather|none
|upkeep
|
|t:|1658525204
|switch|p2a: Chansey|Chansey, F, shiny|61/100
|-damage|p2a: Chansey|49/100|[from] Stealth Rock
|turn|35
|
|t:|1658525210
|switch|p1a: Scizor|Scizor, F|76/100
|-damage|p1a: Scizor|63/100|[from] Stealth Rock
|move|p2a: Chansey|Seismic Toss|p1a: Scizor
|-damage|p1a: Scizor|28/100
|
|upkeep
|turn|36
|l| DLLT snitchgeburt
|
|t:|1658525219
|move|p1a: Scizor|U-turn|p2a: Chansey
|-damage|p2a: Chansey|0 fnt
|faint|p2a: Chansey
|
|t:|1658525224
|switch|p1a: Thundurus|Thundurus-Therian, M|62/100|[from]move: U-turn
|
|upkeep
|
|t:|1658525228
|switch|p2a: Venusaur|Venusaur, F, shiny|56/100
|-damage|p2a: Venusaur|44/100|[from] Stealth Rock
|turn|37
|
|t:|1658525233
|move|p1a: Thundurus|Psychic|p2a: Venusaur
|-supereffective|p2a: Venusaur
|-crit|p2a: Venusaur
|-damage|p2a: Venusaur|0 fnt
|faint|p2a: Venusaur
|
|win|DLLT GreenFlash
|raw|DLLT GreenFlash's rating: 1250 &rarr; <strong>1282</strong><br />(+32 for winning)
|raw|DLLT Wuchtbrumme's rating: 1353 &rarr; <strong>1327</strong><br />(-26 for losing)
|c|☆DLLT GreenFlash|gg
|l|☆DLLT Wuchtbrumme
||Ladder isn't responding, score probably updated but might not have (Request timeout).
