|j|☆KiloTotomon
|j|☆The SD sweep
|t:|1666920373
|gametype|singles
|player|p1|KiloTotomon|fantina|1609
|player|p2|The SD sweep|red|1497
|teamsize|p1|6
|teamsize|p2|6
|gen|8
|tier|[Gen 8] UU
|rated|
|rule|Sleep Clause Mod: Limit one foe put to sleep
|rule|Species Clause: Limit one of each Pokémon
|rule|OHKO Clause: OHKO moves are banned
|rule|Evasion Items Clause: Evasion items are banned
|rule|Evasion Moves Clause: Evasion moves are banned
|rule|Endless Battle Clause: Forcing endless battles is banned
|rule|HP Percentage Mod: HP is shown in percentages
|rule|Dynamax Clause: You cannot dynamax
|clearpoke
|poke|p1|Excadrill, F|
|poke|p1|Hydreigon, M|
|poke|p1|Scizor, F|
|poke|p1|Azelf|
|poke|p1|Gyarados, M|
|poke|p1|Nihilego|
|poke|p2|Scizor, M|
|poke|p2|Zarude-Dada|
|poke|p2|Keldeo-Resolute|
|poke|p2|Hippowdon, M|
|poke|p2|Slowking, F|
|poke|p2|Primarina, M|
|teampreview
|inactive|Battle timer is ON: inactive players will automatically lose when time's up. (requested by The SD sweep)
|c|☆KiloTotomon|glhf
|c|☆KiloTotomon|water triple
|
|t:|1666920392
|start
|switch|p1a: Excadrill|Excadrill, F|100/100
|switch|p2a: Slowking|Slowking, F, shiny|100/100
|-ability|p1a: Excadrill|Mold Breaker
|turn|1
|c|☆The SD sweep|Yeah it’s a cringe team I made for fun
|c|☆The SD sweep|I like water types :p
|
|t:|1666920416
|move|p1a: Excadrill|Stealth Rock|p2a: Slowking
|-sidestart|p2: The SD sweep|move: Stealth Rock
|move|p2a: Slowking|Scald|p1a: Excadrill
|-supereffective|p1a: Excadrill
|-damage|p1a: Excadrill|29/100
|
|upkeep
|turn|2
|
|t:|1666920421
|switch|p1a: Hydreigon|Hydreigon, M|100/100
|move|p2a: Slowking|Scald|p1a: Hydreigon
|-resisted|p1a: Hydreigon
|-damage|p1a: Hydreigon|85/100
|
|upkeep
|turn|3
|
|t:|1666920425
|move|p1a: Hydreigon|Dark Pulse|p2a: Slowking
|-supereffective|p2a: Slowking
|-enditem|p2a: Slowking|Colbur Berry|[eat]
|-enditem|p2a: Slowking|Colbur Berry|[weaken]
|-damage|p2a: Slowking|67/100
|move|p2a: Slowking|Teleport|p2a: Slowking
|
|t:|1666920427
|switch|p2a: Primarina|Primarina, M, shiny|100/100|[from]move: Teleport
|-damage|p2a: Primarina|88/100|[from] Stealth Rock
|
|upkeep
|turn|4
|
|t:|1666920435
|switch|p1a: Excadrill|Excadrill, F|29/100
|-ability|p1a: Excadrill|Mold Breaker
|move|p2a: Primarina|Surf|p1a: Excadrill
|-supereffective|p1a: Excadrill
|-damage|p1a: Excadrill|0 fnt
|faint|p1a: Excadrill
|
|upkeep
|
|t:|1666920445
|switch|p1a: Hydreigon|Hydreigon, M|85/100
|turn|5
|
|t:|1666920447
|move|p1a: Hydreigon|Nasty Plot|p1a: Hydreigon
|-boost|p1a: Hydreigon|spa|2
|move|p2a: Primarina|Surf|p1a: Hydreigon
|-resisted|p1a: Hydreigon
|-damage|p1a: Hydreigon|43/100
|
|upkeep
|turn|6
|
|t:|1666920452
|switch|p2a: Zarude|Zarude-Dada|100/100
|-damage|p2a: Zarude|88/100|[from] Stealth Rock
|move|p1a: Hydreigon|Dark Pulse|p2a: Zarude
|-resisted|p2a: Zarude
|-damage|p2a: Zarude|50/100
|
|upkeep
|turn|7
|
|t:|1666920458
|move|p2a: Zarude|U-turn|p1a: Hydreigon
|-supereffective|p1a: Hydreigon
|-damage|p1a: Hydreigon|0 fnt
|faint|p1a: Hydreigon
|
|t:|1666920471
|switch|p2a: Slowking|Slowking, F, shiny|99/100|[from]move: U-turn
|-damage|p2a: Slowking|88/100|[from] Stealth Rock
|
|upkeep
|
|t:|1666920487
|switch|p1a: Scizor|Scizor, F|100/100
|turn|8
|c|☆The SD sweep|Oh no
|c|☆The SD sweep|I get swept by balanced mon Gyara
|
|t:|1666920502
|move|p1a: Scizor|Swords Dance|p1a: Scizor
|-boost|p1a: Scizor|atk|2
|move|p2a: Slowking|Teleport|p2a: Slowking
|
|t:|1666920507
|switch|p2a: Keldeo|Keldeo-Resolute|100/100|[from]move: Teleport
|-damage|p2a: Keldeo|94/100|[from] Stealth Rock
|
|upkeep
|turn|9
|
|t:|1666920511
|move|p1a: Scizor|Bullet Punch|p2a: Keldeo
|-resisted|p2a: Keldeo
|-damage|p2a: Keldeo|47/100
|-damage|p1a: Scizor|91/100|[from] item: Life Orb
|move|p2a: Keldeo|Surf|p1a: Scizor
|-damage|p1a: Scizor|0 fnt
|faint|p1a: Scizor
|
|upkeep
|
|t:|1666920513
|switch|p1a: Gyarados|Gyarados, M|100/100
|-ability|p1a: Gyarados|Intimidate|boost
|-unboost|p2a: Keldeo|atk|1
|turn|10
|
|t:|1666920519
|switch|p2a: Zarude|Zarude-Dada|50/100
|-damage|p2a: Zarude|38/100|[from] Stealth Rock
|move|p1a: Gyarados|Dragon Dance|p1a: Gyarados
|-boost|p1a: Gyarados|atk|1
|-boost|p1a: Gyarados|spe|1
|
|upkeep
|turn|11
|
|t:|1666920526
|move|p2a: Zarude|Power Whip|p1a: Gyarados|[miss]
|-miss|p2a: Zarude|p1a: Gyarados
|move|p1a: Gyarados|Dragon Dance|p1a: Gyarados
|-boost|p1a: Gyarados|atk|1
|-boost|p1a: Gyarados|spe|1
|
|upkeep
|turn|12
|c|☆The SD sweep|Ah well
|c|☆KiloTotomon|gayarados
|
|t:|1666920537
|move|p1a: Gyarados|Waterfall|p2a: Zarude
|-resisted|p2a: Zarude
|-damage|p2a: Zarude|0 fnt
|faint|p2a: Zarude
|
|upkeep
|c|☆The SD sweep|This is just so sad
|c|☆The SD sweep|I outplayed every turn
|c|☆KiloTotomon|alexa play despacito
|c|☆The SD sweep|and I lose because of one miss
|inactive|The SD sweep has 120 seconds left.
|c|☆The SD sweep|Sigh
|c|☆The SD sweep|gg
|-message|The SD sweep forfeited.
|
|win|KiloTotomon
|raw|KiloTotomon's rating: 1609 &rarr; <strong>1623</strong><br />(+14 for winning)
|raw|The SD sweep's rating: 1497 &rarr; <strong>1483</strong><br />(-14 for losing)
|l|☆The SD sweep
|c|☆KiloTotomon|gg
|j|☆The SD sweep
|player|p2|The SD sweep|red
