|html|<div class="broadcast-blue"><strong>[Gen 8] UU is currently suspecting Latias! For information on how to participate check out the <a href="https://www.smogon.com/forums/threads/np-ss-uu-stage-10-airplanes-latias-retest.3691692/page-3#post-9007205">suspect thread</a>.</strong></div>
|j|☆FionaRime
|j|☆Satoshi Oda
|t:|1635650962
|gametype|singles
|player|p1|FionaRime|jasmine|1371
|player|p2|Satoshi Oda|pryce|1244
|teamsize|p1|6
|teamsize|p2|6
|gen|8
|tier|[Gen 8] UU
|rated|
|rule|Sleep Clause Mod: Limit one foe put to sleep
|rule|Species Clause: Limit one of each Pokémon
|rule|OHKO Clause: OHKO moves are banned
|rule|Evasion Moves Clause: Evasion moves are banned
|rule|Endless Battle Clause: Forcing endless battles is banned
|rule|HP Percentage Mod: HP is shown in percentages
|rule|Dynamax Clause: You cannot dynamax
|clearpoke
|poke|p1|Mamoswine, M|
|poke|p1|Kommo-o, F|
|poke|p1|Azumarill, F|
|poke|p1|Araquanid, F|
|poke|p1|Chandelure, F|
|poke|p1|Azelf|
|poke|p2|Uxie|
|poke|p2|Diancie|
|poke|p2|Slowbro-Galar, F|
|poke|p2|Stakataka|
|poke|p2|Grimmsnarl, M|
|poke|p2|Reuniclus, F|
|teampreview
|
|t:|1635650976
|start
|switch|p1a: Chandelure|Chandelure, F|100/100
|switch|p2a: Uxie|Uxie|100/100
|turn|1
|
|t:|1635650980
|move|p1a: Chandelure|Trick|p2a: Uxie
|-activate|p1a: Chandelure|move: Trick|[of] p2a: Uxie
|-item|p2a: Uxie|Choice Scarf|[from] move: Trick
|-item|p1a: Chandelure|Red Card|[from] move: Trick
|move|p2a: Uxie|Trick Room|p2a: Uxie
|-fieldstart|move: Trick Room|[of] p2a: Uxie
|
|upkeep
|turn|2
|
|t:|1635650988
|switch|p2a: Diancie|Diancie|100/100
|move|p1a: Chandelure|Will-O-Wisp|p2a: Diancie
|-status|p2a: Diancie|brn
|
|-damage|p2a: Diancie|95/100 brn|[from] brn
|upkeep
|turn|3
|
|t:|1635650998
|switch|p1a: Azelf|Azelf|100/100
|move|p2a: Diancie|Meteor Beam||[still]
|-prepare|p2a: Diancie|Meteor Beam
|-boost|p2a: Diancie|spa|1
|-enditem|p2a: Diancie|Power Herb
|-anim|p2a: Diancie|Meteor Beam|p1a: Azelf
|-enditem|p1a: Azelf|Focus Sash
|-damage|p1a: Azelf|1/100
|
|-damage|p2a: Diancie|89/100 brn|[from] brn
|upkeep
|turn|4
|
|t:|1635651019
|switch|p1a: Chandelure|Chandelure, F|100/100
|move|p2a: Diancie|Moonblast|p1a: Chandelure
|-resisted|p1a: Chandelure
|-damage|p1a: Chandelure|55/100
|-enditem|p1a: Chandelure|Red Card|[of] p2a: Diancie
|drag|p2a: Uxie|Uxie|100/100
|
|upkeep
|turn|5
|
|t:|1635651043
|move|p2a: Uxie|Memento|p1a: Chandelure
|-unboost|p1a: Chandelure|atk|2
|-unboost|p1a: Chandelure|spa|2
|faint|p2a: Uxie
|move|p1a: Chandelure|Shadow Ball|p2: Uxie|[notarget]
|-fail|p1a: Chandelure
|
|-fieldend|move: Trick Room
|upkeep
|
|t:|1635651050
|switch|p2a: Diancie|Diancie|89/100 brn
|turn|6
|
|t:|1635651062
|switch|p1a: Azelf|Azelf|1/100
|move|p2a: Diancie|Trick Room|p2a: Diancie
|-fieldstart|move: Trick Room|[of] p2a: Diancie
|
|-damage|p2a: Diancie|83/100 brn|[from] brn
|upkeep
|turn|7
|
|t:|1635651074
|switch|p1a: Azumarill|Azumarill, F|100/100
|move|p2a: Diancie|Meteor Beam||[still]
|-prepare|p2a: Diancie|Meteor Beam
|-boost|p2a: Diancie|spa|1
|
|-damage|p2a: Diancie|77/100 brn|[from] brn
|upkeep
|turn|8
|
|t:|1635651082
|move|p1a: Azumarill|Aqua Jet|p2a: Diancie
|-supereffective|p2a: Diancie
|-damage|p2a: Diancie|35/100 brn
|move|p2a: Diancie|Meteor Beam|p1a: Azumarill|[from]lockedmove
|-damage|p1a: Azumarill|20/100
|
|-damage|p2a: Diancie|29/100 brn|[from] brn
|upkeep
|turn|9
|
|t:|1635651091
|move|p1a: Azumarill|Aqua Jet|p2a: Diancie
|-supereffective|p2a: Diancie
|-damage|p2a: Diancie|0 fnt
|faint|p2a: Diancie
|
|upkeep
|
|t:|1635651113
|switch|p2a: Slowbro|Slowbro-Galar, F|100/100
|turn|10
|
|t:|1635651129
|move|p2a: Slowbro|Shell Side Arm|p1a: Azumarill|[anim] Shell Side Arm Physical
|-supereffective|p1a: Azumarill
|-damage|p1a: Azumarill|0 fnt
|-hint|Physical Shell Side Arm
|faint|p1a: Azumarill
|
|-fieldend|move: Trick Room
|upkeep
|
|t:|1635651134
|switch|p1a: Azelf|Azelf|1/100
|turn|11
|
|t:|1635651142
|move|p1a: Azelf|Stealth Rock|p2a: Slowbro
|-sidestart|p2: Satoshi Oda|move: Stealth Rock
|move|p2a: Slowbro|Belly Drum|p2a: Slowbro
|-damage|p2a: Slowbro|50/100
|-setboost|p2a: Slowbro|atk|6|[from] move: Belly Drum
|-enditem|p2a: Slowbro|Sitrus Berry|[eat]
|-heal|p2a: Slowbro|75/100|[from] item: Sitrus Berry
|
|upkeep
|turn|12
|-activate|p2a: Slowbro|ability: Quick Draw
|
|t:|1635651150
|move|p2a: Slowbro|Shell Side Arm|p1a: Azelf|[anim] Shell Side Arm Physical
|-damage|p1a: Azelf|0 fnt
|-hint|Physical Shell Side Arm
|faint|p1a: Azelf
|
|upkeep
|
|t:|1635651157
|switch|p1a: Mamoswine|Mamoswine, M|100/100
|turn|13
|c|☆Satoshi Oda|ok Quick Draw you got this
|-activate|p2a: Slowbro|ability: Quick Draw
|
|t:|1635651173
|move|p2a: Slowbro|Drain Punch|p1a: Mamoswine
|-supereffective|p1a: Mamoswine
|-damage|p1a: Mamoswine|0 fnt
|-heal|p2a: Slowbro|100/100|[from] drain|[of] p1a: Mamoswine
|faint|p1a: Mamoswine
|
|upkeep
|c|☆Satoshi Oda|EZ
|
|t:|1635651183
|switch|p1a: Chandelure|Chandelure, F|55/100
|turn|14
|-activate|p2a: Slowbro|ability: Quick Draw
|
|t:|1635651188
|move|p2a: Slowbro|Zen Headbutt|p1a: Chandelure
|-damage|p1a: Chandelure|0 fnt
|faint|p1a: Chandelure
|
|upkeep
|c|☆Satoshi Oda|ayyy
|c|☆FionaRime|30%
|
|t:|1635651225
|switch|p1a: Araquanid|Araquanid, F|100/100
|turn|15
|-activate|p2a: Slowbro|ability: Quick Draw
|
|t:|1635651228
|move|p2a: Slowbro|Shell Side Arm|p1a: Araquanid|[anim] Shell Side Arm Physical
|-damage|p1a: Araquanid|0 fnt
|-hint|Physical Shell Side Arm
|faint|p1a: Araquanid
|
|upkeep
|c|☆Satoshi Oda|100% baby
|
|t:|1635651237
|switch|p1a: Kommo-o|Kommo-o, F|100/100
|turn|16
|
|t:|1635651241
|move|p1a: Kommo-o|Dragon Claw|p2a: Slowbro
|-damage|p2a: Slowbro|71/100
|move|p2a: Slowbro|Shell Side Arm|p1a: Kommo-o|[anim] Shell Side Arm Physical
|-damage|p1a: Kommo-o|0 fnt
|-hint|Physical Shell Side Arm
|-damage|p2a: Slowbro|54/100|[from] item: Rocky Helmet|[of] p1a: Kommo-o
|faint|p1a: Kommo-o
|
|win|Satoshi Oda
|raw|FionaRime's rating: 1371 &rarr; <strong>1344</strong><br />(-27 for losing)
|raw|Satoshi Oda's rating: 1244 &rarr; <strong>1278</strong><br />(+34 for winning)
|c|☆Satoshi Oda|gg
|l|☆FionaRime
