|raw|<div class="broadcast-blue"><strong>This battle is required to be public due to a player having a name starting with 'uult93j'.</div>
|j|☆UULT93J Stone
|j|☆Sneakyplanner
|t:|1653083104
|gametype|singles
|player|p1|UULT93J Stone|steven-gen3|1317
|player|p2|Sneakyplanner|rocketgruntf|1260
|teamsize|p1|6
|teamsize|p2|6
|gen|8
|tier|[Gen 8] UU
|rated|
|rule|Sleep Clause Mod: Limit one foe put to sleep
|rule|Species Clause: Limit one of each Pokémon
|rule|OHKO Clause: OHKO moves are banned
|rule|Evasion Moves Clause: Evasion moves are banned
|rule|Endless Battle Clause: Forcing endless battles is banned
|rule|HP Percentage Mod: HP is shown in percentages
|rule|Dynamax Clause: You cannot dynamax
|clearpoke
|poke|p1|Necrozma|
|poke|p1|Scizor, M|
|poke|p1|Azumarill, M|
|poke|p1|Celebi|
|poke|p1|Raikou|
|poke|p1|Azelf|
|poke|p2|Swampert, M|
|poke|p2|Mamoswine, M|
|poke|p2|Amoonguss, F|
|poke|p2|Moltres|
|poke|p2|Thundurus-Therian, M|
|poke|p2|Keldeo-Resolute|
|teampreview
|
|t:|1653083130
|start
|switch|p1a: Azelf|Azelf|100/100
|switch|p2a: Deluge|Swampert, M|100/100
|turn|1
|
|t:|1653083138
|move|p1a: Azelf|Stealth Rock|p2a: Deluge
|-sidestart|p2: Sneakyplanner|move: Stealth Rock
|move|p2a: Deluge|Flip Turn|p1a: Azelf
|-damage|p1a: Azelf|62/100
|
|t:|1653083144
|switch|p2a: Hog|Mamoswine, M|100/100|[from]move: Flip Turn
|-damage|p2a: Hog|88/100|[from] Stealth Rock
|
|upkeep
|turn|2
|
|t:|1653083151
|move|p2a: Hog|Ice Shard|p1a: Azelf
|-damage|p1a: Azelf|5/100
|move|p1a: Azelf|Explosion|p2a: Hog
|-damage|p2a: Hog|9/100
|faint|p1a: Azelf
|
|upkeep
|
|t:|1653083183
|switch|p1a: Raikou|Raikou|100/100
|-ability|p1a: Raikou|Pressure
|turn|3
|
|t:|1653083192
|switch|p2a: Breloomish|Amoonguss, F, shiny|100/100
|-damage|p2a: Breloomish|88/100|[from] Stealth Rock
|move|p1a: Raikou|Scald|p2a: Breloomish
|-resisted|p2a: Breloomish
|-damage|p2a: Breloomish|77/100
|
|-heal|p2a: Breloomish|83/100|[from] item: Leftovers
|upkeep
|turn|4
|
|t:|1653083214
|move|p1a: Raikou|Scald|p2a: Breloomish
|-resisted|p2a: Breloomish
|-damage|p2a: Breloomish|71/100
|-status|p2a: Breloomish|brn
|move|p2a: Breloomish|Spore|p1a: Raikou
|-status|p1a: Raikou|slp|[from] move: Spore
|
|-heal|p2a: Breloomish|77/100 brn|[from] item: Leftovers
|-damage|p2a: Breloomish|71/100 brn|[from] brn
|upkeep
|turn|5
|
|t:|1653083228
|switch|p1a: Scizor|Scizor, M|100/100
|switch|p2a: Moltres|Moltres|100/100
|
|upkeep
|turn|6
|
|t:|1653083247
|move|p2a: Moltres|Flamethrower|p1a: Scizor
|-supereffective|p1a: Scizor
|-crit|p1a: Scizor
|-damage|p1a: Scizor|0 fnt
|faint|p1a: Scizor
|
|upkeep
|
|t:|1653083250
|switch|p1a: Necrozma|Necrozma|100/100
|turn|7
|
|t:|1653083257
|move|p2a: Moltres|Defog|p1a: Necrozma
|-unboost|p1a: Necrozma|evasion|1
|-sideend|p2: Sneakyplanner|Stealth Rock|[from] move: Defog|[of] p2a: Moltres
|move|p1a: Necrozma|Photon Geyser|p2a: Moltres
|-damage|p2a: Moltres|46/100
|
|upkeep
|turn|8
|
|t:|1653083280
|move|p2a: Moltres|Roost|p2a: Moltres
|-heal|p2a: Moltres|96/100
|-singleturn|p2a: Moltres|move: Roost
|move|p1a: Necrozma|Autotomize|p1a: Necrozma
|-boost|p1a: Necrozma|spe|2
|-start|p1a: Necrozma|Autotomize
|
|upkeep
|turn|9
|
|t:|1653083300
|move|p1a: Necrozma|Meteor Beam||[still]
|-prepare|p1a: Necrozma|Meteor Beam
|-boost|p1a: Necrozma|spa|1
|-enditem|p1a: Necrozma|Power Herb
|-anim|p1a: Necrozma|Meteor Beam|p2a: Moltres|[miss]
|-miss|p1a: Necrozma|p2a: Moltres
|move|p2a: Moltres|Hurricane|p1a: Necrozma
|-damage|p1a: Necrozma|53/100
|-start|p1a: Necrozma|confusion
|
|upkeep
|turn|10
|
|t:|1653083311
|-activate|p1a: Necrozma|confusion
|-damage|p1a: Necrozma|45/100|[from] confusion
|move|p2a: Moltres|Hurricane|p1a: Necrozma
|-damage|p1a: Necrozma|0 fnt
|faint|p1a: Necrozma
|
|upkeep
|
|t:|1653083323
|switch|p1a: Azumarill|Azumarill, M|100/100
|turn|11
|
|t:|1653083335
|switch|p2a: Breloomish|Amoonguss, F, shiny|100/100 brn
|move|p1a: Azumarill|Aqua Jet|p2a: Breloomish
|-resisted|p2a: Breloomish
|-damage|p2a: Breloomish|91/100 brn
|
|-heal|p2a: Breloomish|97/100 brn|[from] item: Leftovers
|-damage|p2a: Breloomish|91/100 brn|[from] brn
|upkeep
|turn|12
|
|t:|1653083348
|switch|p1a: Celebi|Celebi|100/100
|move|p2a: Breloomish|Sludge Bomb|p1a: Celebi
|-supereffective|p1a: Celebi
|-damage|p1a: Celebi|44/100
|
|-heal|p1a: Celebi|50/100|[from] item: Leftovers
|-heal|p2a: Breloomish|97/100 brn|[from] item: Leftovers
|-damage|p2a: Breloomish|91/100 brn|[from] brn
|upkeep
|turn|13
|
|t:|1653083357
|move|p1a: Celebi|Psychic|p2a: Breloomish
|-supereffective|p2a: Breloomish
|-damage|p2a: Breloomish|24/100 brn
|move|p2a: Breloomish|Sludge Bomb|p1a: Celebi
|-supereffective|p1a: Celebi
|-damage|p1a: Celebi|0 fnt
|faint|p1a: Celebi
|
|-heal|p2a: Breloomish|31/100 brn|[from] item: Leftovers
|-damage|p2a: Breloomish|24/100 brn|[from] brn
|upkeep
|
|t:|1653083370
|switch|p1a: Azumarill|Azumarill, M|100/100
|turn|14
|
|t:|1653083390
|switch|p2a: Thundurus|Thundurus-Therian, M|100/100
|move|p1a: Azumarill|Knock Off|p2a: Thundurus
|-damage|p2a: Thundurus|42/100
|-enditem|p2a: Thundurus|Life Orb|[from] move: Knock Off|[of] p1a: Azumarill
|
|upkeep
|turn|15
|
|t:|1653083399
|switch|p1a: Raikou|Raikou|100/100 slp
|-ability|p1a: Raikou|Pressure
|move|p2a: Thundurus|Thunderbolt|p1a: Raikou
|-resisted|p1a: Raikou
|-damage|p1a: Raikou|72/100 slp
|
|upkeep
|turn|16
|
|t:|1653083407
|cant|p1a: Raikou|slp
|move|p2a: Thundurus|Sludge Wave|p1a: Raikou
|-damage|p1a: Raikou|37/100 slp
|
|upkeep
|turn|17
|
|t:|1653083413
|-curestatus|p1a: Raikou|slp|[msg]
|move|p1a: Raikou|Scald|p2a: Thundurus
|-crit|p2a: Thundurus
|-damage|p2a: Thundurus|0 fnt
|faint|p2a: Thundurus
|
|upkeep
|
|t:|1653083424
|switch|p2a: Breloomish|Amoonguss, F, shiny|58/100 brn
|turn|18
|
|t:|1653083432
|move|p1a: Raikou|Thunderbolt|p2a: Breloomish
|-resisted|p2a: Breloomish
|-damage|p2a: Breloomish|40/100 brn
|move|p2a: Breloomish|Spore|p1a: Raikou
|-status|p1a: Raikou|slp|[from] move: Spore
|
|-heal|p2a: Breloomish|46/100 brn|[from] item: Leftovers
|-damage|p2a: Breloomish|40/100 brn|[from] brn
|upkeep
|turn|19
|
|t:|1653083444
|cant|p1a: Raikou|slp
|move|p2a: Breloomish|Giga Drain|p1a: Raikou
|-damage|p1a: Raikou|12/100 slp
|-heal|p2a: Breloomish|50/100 brn|[from] drain|[of] p1a: Raikou
|
|-heal|p2a: Breloomish|56/100 brn|[from] item: Leftovers
|-damage|p2a: Breloomish|50/100 brn|[from] brn
|upkeep
|turn|20
|
|t:|1653083453
|cant|p1a: Raikou|slp
|move|p2a: Breloomish|Giga Drain|p1a: Raikou
|-damage|p1a: Raikou|0 fnt
|-heal|p2a: Breloomish|55/100 brn|[from] drain|[of] p1a: Raikou
|faint|p1a: Raikou
|
|-heal|p2a: Breloomish|61/100 brn|[from] item: Leftovers
|-damage|p2a: Breloomish|55/100 brn|[from] brn
|upkeep
|
|t:|1653083456
|switch|p1a: Azumarill|Azumarill, M|100/100
|turn|21
|
|t:|1653083466
|switch|p2a: Deluge|Swampert, M|100/100
|move|p1a: Azumarill|Belly Drum|p1a: Azumarill
|-damage|p1a: Azumarill|50/100
|-setboost|p1a: Azumarill|atk|6|[from] move: Belly Drum
|-enditem|p1a: Azumarill|Sitrus Berry|[eat]
|-heal|p1a: Azumarill|75/100|[from] item: Sitrus Berry
|
|upkeep
|turn|22
|
|t:|1653083481
|move|p1a: Azumarill|Play Rough|p2a: Deluge
|-damage|p2a: Deluge|0 fnt
|faint|p2a: Deluge
|
|upkeep
|
|t:|1653083496
|switch|p2a: Breloomish|Amoonguss, F, shiny|88/100 brn
|turn|23
|
|t:|1653083501
|move|p1a: Azumarill|Knock Off|p2a: Breloomish
|-damage|p2a: Breloomish|0 fnt
|-enditem|p2a: Breloomish|Leftovers|[from] move: Knock Off|[of] p1a: Azumarill
|faint|p2a: Breloomish
|
|upkeep
|
|t:|1653083517
|switch|p2a: Keldeo|Keldeo-Resolute|100/100
|turn|24
|
|t:|1653083526
|move|p2a: Keldeo|Air Slash|p1a: Azumarill
|-damage|p1a: Azumarill|43/100
|cant|p1a: Azumarill|flinch
|
|upkeep
|turn|25
|
|t:|1653083530
|move|p2a: Keldeo|Air Slash|p1a: Azumarill
|-damage|p1a: Azumarill|10/100
|cant|p1a: Azumarill|flinch
|
|upkeep
|turn|26
|-message|UULT93J Stone forfeited.
|
|win|Sneakyplanner
|raw|UULT93J Stone's rating: 1317 &rarr; <strong>1294</strong><br />(-23 for losing)
|raw|Sneakyplanner's rating: 1260 &rarr; <strong>1289</strong><br />(+29 for winning)
|l|☆Sneakyplanner
|l|☆UULT93J Stone
||Ladder isn't responding, score probably updated but might not have (Request timeout).
|j|☆UULT93J Stone
|player|p1|UULT93J Stone|steven-gen3
