|j|☆Hydreigon > Latias
|j|☆rulky
|t:|1667591341
|gametype|singles
|player|p1|Hydreigon > Latias|guitarist|1581
|player|p2|rulky|maid|1664
|teamsize|p1|6
|teamsize|p2|6
|gen|8
|tier|[Gen 8] UU
|rated|
|rule|Sleep Clause Mod: Limit one foe put to sleep
|rule|Species Clause: Limit one of each Pokémon
|rule|OHKO Clause: OHKO moves are banned
|rule|Evasion Items Clause: Evasion items are banned
|rule|Evasion Moves Clause: Evasion moves are banned
|rule|Endless Battle Clause: Forcing endless battles is banned
|rule|HP Percentage Mod: HP is shown in percentages
|rule|Dynamax Clause: You cannot dynamax
|clearpoke
|poke|p1|Chansey, F|
|poke|p1|Dhelmise|
|poke|p1|Skarmory, F|
|poke|p1|Keldeo-Resolute|
|poke|p1|Mamoswine, M|
|poke|p1|Hydreigon, M|
|poke|p2|Tentacruel, M|
|poke|p2|Chansey, F|
|poke|p2|Hippowdon, M|
|poke|p2|Skarmory, M|
|poke|p2|Hydreigon, F|
|poke|p2|Crobat, M|
|teampreview
|
|t:|1667591355
|start
|switch|p1a: Chansey|Chansey, F|100/100
|switch|p2a: Crobat|Crobat, M|100/100
|turn|1
|
|t:|1667591365
|move|p2a: Crobat|U-turn|p1a: Chansey
|-damage|p1a: Chansey|90/100
|
|t:|1667591366
|switch|p2a: Tentacruel|Tentacruel, M|100/100|[from]move: U-turn
|move|p1a: Chansey|Thunder Wave|p2a: Tentacruel
|-status|p2a: Tentacruel|par
|
|upkeep
|turn|2
|
|t:|1667591373
|move|p1a: Chansey|Seismic Toss|p2a: Tentacruel
|-damage|p2a: Tentacruel|73/100 par
|move|p2a: Tentacruel|Knock Off|p1a: Chansey
|-damage|p1a: Chansey|81/100
|-enditem|p1a: Chansey|Eviolite|[from] move: Knock Off|[of] p2a: Tentacruel
|
|-heal|p2a: Tentacruel|79/100 par|[from] item: Black Sludge
|upkeep
|turn|3
|
|t:|1667591377
|move|p1a: Chansey|Seismic Toss|p2a: Tentacruel
|-damage|p2a: Tentacruel|52/100 par
|move|p2a: Tentacruel|Sludge Bomb|p1a: Chansey
|-damage|p1a: Chansey|68/100
|
|-heal|p2a: Tentacruel|58/100 par|[from] item: Black Sludge
|upkeep
|turn|4
|j| amogusroxyrrrr
|
|t:|1667591382
|switch|p2a: Skarmory|Skarmory, M|100/100
|move|p1a: Chansey|Seismic Toss|p2a: Skarmory
|-damage|p2a: Skarmory|71/100
|-damage|p1a: Chansey|52/100|[from] item: Rocky Helmet|[of] p2a: Skarmory
|
|upkeep
|turn|5
|
|t:|1667591387
|switch|p1a: Skarmory|Skarmory, F|100/100
|move|p2a: Skarmory|Spikes|p1a: Skarmory
|-sidestart|p1: Hydreigon > Latias|Spikes
|
|upkeep
|turn|6
|
|t:|1667591390
|switch|p2a: Tentacruel|Tentacruel, M|58/100 par
|move|p1a: Skarmory|Spikes|p2a: Tentacruel
|-sidestart|p2: rulky|Spikes
|
|-heal|p2a: Tentacruel|64/100 par|[from] item: Black Sludge
|upkeep
|turn|7
|
|t:|1667591393
|switch|p1a: Dhelmise|Dhelmise|100/100
|move|p2a: Tentacruel|Knock Off|p1a: Dhelmise
|-supereffective|p1a: Dhelmise
|-damage|p1a: Dhelmise|69/100
|-enditem|p1a: Dhelmise|Heavy-Duty Boots|[from] move: Knock Off|[of] p2a: Tentacruel
|
|-heal|p2a: Tentacruel|70/100 par|[from] item: Black Sludge
|upkeep
|turn|8
|
|t:|1667591398
|move|p1a: Dhelmise|Knock Off|p2a: Tentacruel
|-damage|p2a: Tentacruel|42/100 par
|-enditem|p2a: Tentacruel|Black Sludge|[from] move: Knock Off|[of] p1a: Dhelmise
|cant|p2a: Tentacruel|par
|
|upkeep
|turn|9
|
|t:|1667591406
|switch|p2a: Crobat|Crobat, M|100/100
|move|p1a: Dhelmise|Power Whip|p2a: Crobat|[miss]
|-miss|p1a: Dhelmise|p2a: Crobat
|
|upkeep
|turn|10
|
|t:|1667591409
|switch|p1a: Skarmory|Skarmory, F|100/100
|move|p2a: Crobat|U-turn|p1a: Skarmory
|-resisted|p1a: Skarmory
|-damage|p1a: Skarmory|98/100
|-damage|p2a: Crobat|84/100|[from] item: Rocky Helmet|[of] p1a: Skarmory
|
|t:|1667591412
|switch|p2a: Hydreigon|Hydreigon, F|100/100|[from]move: U-turn
|
|upkeep
|turn|11
|
|t:|1667591421
|switch|p1a: Keldeo|Keldeo-Resolute|100/100
|-damage|p1a: Keldeo|88/100|[from] Spikes
|move|p2a: Hydreigon|Draco Meteor|p1a: Keldeo
|-damage|p1a: Keldeo|0 fnt
|-unboost|p2a: Hydreigon|spa|2
|faint|p1a: Keldeo
|
|upkeep
|
|t:|1667591435
|switch|p1a: Chansey|Chansey, F|52/100
|-damage|p1a: Chansey|39/100|[from] Spikes
|turn|12
|
|t:|1667591449
|switch|p2a: Hippowdon|Hippowdon, M|100/100
|-damage|p2a: Hippowdon|88/100|[from] Spikes
|-weather|Sandstorm|[from] ability: Sand Stream|[of] p2a: Hippowdon
|move|p1a: Chansey|Soft-Boiled|p1a: Chansey
|-heal|p1a: Chansey|89/100
|
|-weather|Sandstorm|[upkeep]
|-damage|p1a: Chansey|83/100|[from] Sandstorm
|-heal|p2a: Hippowdon|94/100|[from] item: Leftovers
|upkeep
|turn|13
|
|t:|1667591457
|switch|p2a: Hydreigon|Hydreigon, F|100/100
|move|p1a: Chansey|Stealth Rock|p2a: Hydreigon
|-sidestart|p2: rulky|move: Stealth Rock
|
|-weather|Sandstorm|[upkeep]
|-damage|p2a: Hydreigon|94/100|[from] Sandstorm
|-damage|p1a: Chansey|77/100|[from] Sandstorm
|upkeep
|turn|14
|
|t:|1667591462
|switch|p2a: Crobat|Crobat, M|84/100
|move|p1a: Chansey|Soft-Boiled|p1a: Chansey
|-heal|p1a: Chansey|100/100
|
|-weather|Sandstorm|[upkeep]
|-damage|p2a: Crobat|78/100|[from] Sandstorm
|-damage|p1a: Chansey|94/100|[from] Sandstorm
|upkeep
|turn|15
|
|t:|1667591466
|move|p2a: Crobat|Roost|p2a: Crobat
|-heal|p2a: Crobat|100/100
|-singleturn|p2a: Crobat|move: Roost
|move|p1a: Chansey|Thunder Wave|p2a: Crobat
|-status|p2a: Crobat|par
|
|-weather|Sandstorm|[upkeep]
|-damage|p2a: Crobat|94/100 par|[from] Sandstorm
|-damage|p1a: Chansey|88/100|[from] Sandstorm
|upkeep
|turn|16
|
|t:|1667591469
|switch|p1a: Skarmory|Skarmory, F|98/100
|cant|p2a: Crobat|par
|
|-weather|none
|upkeep
|turn|17
|
|t:|1667591482
|move|p1a: Skarmory|Spikes|p2a: Crobat
|-sidestart|p2: rulky|Spikes
|move|p2a: Crobat|Taunt|p1a: Skarmory
|-start|p1a: Skarmory|move: Taunt
|
|upkeep
|turn|18
|
|t:|1667591486
|switch|p2a: Skarmory|Skarmory, M|71/100
|-damage|p2a: Skarmory|58/100|[from] Stealth Rock
|move|p1a: Skarmory|Body Press|p2a: Skarmory
|-damage|p2a: Skarmory|40/100
|-damage|p1a: Skarmory|82/100|[from] item: Rocky Helmet|[of] p2a: Skarmory
|
|upkeep
|turn|19
|
|t:|1667591488
|switch|p1a: Dhelmise|Dhelmise|69/100
|-damage|p1a: Dhelmise|57/100|[from] Spikes
|move|p2a: Skarmory|Roost|p2a: Skarmory
|-heal|p2a: Skarmory|90/100
|-singleturn|p2a: Skarmory|move: Roost
|
|upkeep
|turn|20
|
|t:|1667591491
|move|p2a: Skarmory|Spikes|p1a: Dhelmise
|-sidestart|p1: Hydreigon > Latias|Spikes
|move|p1a: Dhelmise|Knock Off|p2a: Skarmory
|-damage|p2a: Skarmory|73/100
|-damage|p1a: Dhelmise|40/100|[from] item: Rocky Helmet|[of] p2a: Skarmory
|-enditem|p2a: Skarmory|Rocky Helmet|[from] move: Knock Off|[of] p1a: Dhelmise
|
|upkeep
|turn|21
|
|t:|1667591495
|switch|p2a: Hydreigon|Hydreigon, F|94/100
|-damage|p2a: Hydreigon|82/100|[from] Stealth Rock
|move|p1a: Dhelmise|Synthesis|p1a: Dhelmise
|-heal|p1a: Dhelmise|90/100
|
|upkeep
|turn|22
|
|t:|1667591499
|switch|p1a: Chansey|Chansey, F|88/100
|-damage|p1a: Chansey|71/100|[from] Spikes
|move|p2a: Hydreigon|Dark Pulse|p1a: Chansey
|-damage|p1a: Chansey|44/100
|
|upkeep
|turn|23
|
|t:|1667591502
|move|p2a: Hydreigon|Dark Pulse|p1a: Chansey
|-damage|p1a: Chansey|17/100
|move|p1a: Chansey|Soft-Boiled|p1a: Chansey
|-heal|p1a: Chansey|67/100
|
|upkeep
|turn|24
|
|t:|1667591506
|switch|p2a: Chansey|Chansey, F|100/100
|-damage|p2a: Chansey|84/100|[from] Spikes
|-damage|p2a: Chansey|71/100|[from] Stealth Rock
|move|p1a: Chansey|Soft-Boiled|p1a: Chansey
|-heal|p1a: Chansey|100/100
|
|upkeep
|turn|25
|
|t:|1667591511
|switch|p1a: Skarmory|Skarmory, F|82/100
|move|p2a: Chansey|Heal Bell|p2a: Chansey
|-activate|p2a: Chansey|move: Heal Bell
|-curestatus|p2: Crobat|par|[msg]
|-curestatus|p2: Tentacruel|par|[msg]
|
|upkeep
|turn|26
|
|t:|1667591515
|move|p1a: Skarmory|Spikes|p2a: Chansey
|-sidestart|p2: rulky|Spikes
|move|p2a: Chansey|Wish|p2a: Chansey
|
|upkeep
|turn|27
|
|t:|1667591521
|switch|p2a: Tentacruel|Tentacruel, M|42/100
|-damage|p2a: Tentacruel|17/100|[from] Spikes
|-damage|p2a: Tentacruel|4/100|[from] Stealth Rock
|move|p1a: Skarmory|Body Press|p2a: Tentacruel
|-resisted|p2a: Tentacruel
|-damage|p2a: Tentacruel|0 fnt
|faint|p2a: Tentacruel
|
|upkeep
|
|t:|1667591527
|switch|p2a: Hydreigon|Hydreigon, F|82/100
|-damage|p2a: Hydreigon|70/100|[from] Stealth Rock
|turn|28
|
|t:|1667591531
|switch|p2a: Crobat|Crobat, M|94/100
|switch|p1a: Chansey|Chansey, F|100/100
|-damage|p1a: Chansey|84/100|[from] Spikes
|
|upkeep
|turn|29
|
|t:|1667591535
|switch|p1a: Skarmory|Skarmory, F|82/100
|move|p2a: Crobat|Taunt|p1a: Skarmory
|-start|p1a: Skarmory|move: Taunt
|
|upkeep
|turn|30
|
|t:|1667591541
|switch|p2a: Hippowdon|Hippowdon, M|94/100
|-damage|p2a: Hippowdon|69/100|[from] Spikes
|-damage|p2a: Hippowdon|63/100|[from] Stealth Rock
|-weather|Sandstorm|[from] ability: Sand Stream|[of] p2a: Hippowdon
|move|p1a: Skarmory|Body Press|p2a: Hippowdon
|-damage|p2a: Hippowdon|45/100
|
|-weather|Sandstorm|[upkeep]
|-heal|p2a: Hippowdon|51/100|[from] item: Leftovers
|upkeep
|turn|31
|
|t:|1667591548
|switch|p1a: Mamoswine|Mamoswine, M|100/100
|-damage|p1a: Mamoswine|84/100|[from] Spikes
|move|p2a: Hippowdon|Stealth Rock|p1a: Mamoswine
|-sidestart|p1: Hydreigon > Latias|move: Stealth Rock
|
|-weather|Sandstorm|[upkeep]
|-heal|p2a: Hippowdon|57/100|[from] item: Leftovers
|upkeep
|turn|32
|
|t:|1667591555
|move|p1a: Mamoswine|Icicle Crash|p2a: Hippowdon
|-supereffective|p2a: Hippowdon
|-damage|p2a: Hippowdon|0 fnt
|faint|p2a: Hippowdon
|
|-weather|Sandstorm|[upkeep]
|upkeep
|
|t:|1667591558
|switch|p2a: Hydreigon|Hydreigon, F|70/100
|-damage|p2a: Hydreigon|57/100|[from] Stealth Rock
|turn|33
|
|t:|1667591563
|move|p1a: Mamoswine|Ice Shard|p2a: Hydreigon
|-supereffective|p2a: Hydreigon
|-damage|p2a: Hydreigon|0 fnt
|faint|p2a: Hydreigon
|
|-weather|Sandstorm|[upkeep]
|upkeep
|c|☆rulky|Damn gg
|
|t:|1667591571
|switch|p2a: Crobat|Crobat, M|94/100
|turn|34
|
|t:|1667591573
|move|p1a: Mamoswine|Ice Shard|p2a: Crobat
|-supereffective|p2a: Crobat
|-damage|p2a: Crobat|25/100
|move|p2a: Crobat|U-turn|p1a: Mamoswine
|-damage|p1a: Mamoswine|66/100
|
|t:|1667591577
|switch|p2a: Skarmory|Skarmory, M|73/100|[from]move: U-turn
|-damage|p2a: Skarmory|61/100|[from] Stealth Rock
|
|-weather|none
|upkeep
|turn|35
|-message|rulky forfeited.
|
|win|Hydreigon > Latias
|raw|Hydreigon &gt; Latias's rating: 1581 &rarr; <strong>1606</strong><br />(+25 for winning)
|raw|rulky's rating: 1664 &rarr; <strong>1639</strong><br />(-25 for losing)
|l|☆rulky
||Ladder isn't responding, score probably updated but might not have (Request timeout).
