|j|☆GryphonEX
|j|☆Rvp4president
|t:|1662177874
|gametype|singles
|player|p1|GryphonEX|gardenia|1442
|player|p2|Rvp4president|170|1603
|teamsize|p1|6
|teamsize|p2|6
|gen|8
|tier|[Gen 8] UU
|rated|
|rule|Sleep Clause Mod: Limit one foe put to sleep
|rule|Species Clause: Limit one of each Pokémon
|rule|OHKO Clause: OHKO moves are banned
|rule|Evasion Items Clause: Evasion items are banned
|rule|Evasion Moves Clause: Evasion moves are banned
|rule|Endless Battle Clause: Forcing endless battles is banned
|rule|HP Percentage Mod: HP is shown in percentages
|rule|Dynamax Clause: You cannot dynamax
|clearpoke
|poke|p1|Hydreigon, F|
|poke|p1|Suicune|
|poke|p1|Zarude|
|poke|p1|Salamence, M|
|poke|p1|Chansey, F|
|poke|p1|Corsola-Galar, F|
|poke|p2|Amoonguss, M|
|poke|p2|Chansey, F|
|poke|p2|Keldeo-Resolute|
|poke|p2|Diggersby, M|
|poke|p2|Skarmory, F|
|poke|p2|Chandelure, M|
|teampreview
|inactive|Battle timer is ON: inactive players will automatically lose when time's up. (requested by Rvp4president)
|c|☆GryphonEX|Good luck
|
|t:|1662177889
|start
|switch|p1a: Zarude|Zarude|100/100
|switch|p2a: Chandelure|Chandelure, M|100/100
|turn|1
|
|t:|1662177894
|switch|p1a: Suicune|Suicune|100/100
|-ability|p1a: Suicune|Pressure
|move|p2a: Chandelure|Flamethrower|p1a: Suicune
|-resisted|p1a: Suicune
|-damage|p1a: Suicune|80/100
|
|-heal|p1a: Suicune|87/100|[from] item: Leftovers
|upkeep
|turn|2
|
|t:|1662177901
|switch|p2a: Skarmory|Skarmory, F|100/100
|move|p1a: Suicune|Calm Mind|p1a: Suicune
|-boost|p1a: Suicune|spa|1
|-boost|p1a: Suicune|spd|1
|
|-heal|p1a: Suicune|93/100|[from] item: Leftovers
|upkeep
|turn|3
|
|t:|1662177905
|move|p1a: Suicune|Calm Mind|p1a: Suicune
|-boost|p1a: Suicune|spa|1
|-boost|p1a: Suicune|spd|1
|move|p2a: Skarmory|Whirlwind|p1a: Suicune
|drag|p1a: Zarude|Zarude|100/100
|
|upkeep
|turn|4
|
|t:|1662177908
|move|p1a: Zarude|U-turn|p2a: Skarmory
|-resisted|p2a: Skarmory
|-damage|p2a: Skarmory|96/100
|-damage|p1a: Zarude|84/100|[from] item: Rocky Helmet|[of] p2a: Skarmory
|
|t:|1662177914
|switch|p1a: Chansey|Chansey, F|100/100|[from]move: U-turn
|move|p2a: Skarmory|Spikes|p1a: Chansey
|-sidestart|p1: GryphonEX|Spikes
|
|upkeep
|turn|5
|
|t:|1662177919
|move|p2a: Skarmory|Spikes|p1a: Chansey
|-sidestart|p1: GryphonEX|Spikes
|move|p1a: Chansey|Teleport|p1a: Chansey
|
|t:|1662177921
|switch|p1a: Salamence|Salamence, M|100/100|[from]move: Teleport
|-ability|p1a: Salamence|Intimidate|boost
|-unboost|p2a: Skarmory|atk|1
|
|upkeep
|turn|6
|
|t:|1662177924
|switch|p2a: Chansey|Chansey, F|100/100
|move|p1a: Salamence|Defog|p2a: Chansey
|-unboost|p2a: Chansey|evasion|1
|-sideend|p1: GryphonEX|Spikes|[from] move: Defog|[of] p1a: Salamence
|
|upkeep
|turn|7
|
|t:|1662177928
|switch|p1a: Chansey|Chansey, F|100/100
|move|p2a: Chansey|Toxic|p1a: Chansey
|-status|p1a: Chansey|tox
|
|-damage|p1a: Chansey|94/100 tox|[from] psn
|upkeep
|turn|8
|
|t:|1662177930
|move|p2a: Chansey|Stealth Rock|p1a: Chansey
|-sidestart|p1: GryphonEX|move: Stealth Rock
|move|p1a: Chansey|Teleport|p1a: Chansey
|
|t:|1662177933
|-curestatus|p1a: Chansey|tox|[from] ability: Natural Cure
|switch|p1a: Zarude|Zarude|84/100|[from]move: Teleport
|-damage|p1a: Zarude|72/100|[from] Stealth Rock
|
|upkeep
|turn|9
|
|t:|1662177937
|switch|p2a: Skarmory|Skarmory, F|96/100
|move|p1a: Zarude|Darkest Lariat|p2a: Skarmory
|-damage|p2a: Skarmory|57/100
|-damage|p1a: Zarude|55/100|[from] item: Rocky Helmet|[of] p2a: Skarmory
|
|upkeep
|turn|10
|
|t:|1662177942
|switch|p1a: Chansey|Chansey, F|94/100
|-damage|p1a: Chansey|82/100|[from] Stealth Rock
|move|p2a: Skarmory|Counter||[still]
|-fail|p2a: Skarmory
|
|upkeep
|turn|11
|
|t:|1662177945
|move|p2a: Skarmory|Roost|p2a: Skarmory
|-heal|p2a: Skarmory|100/100
|-singleturn|p2a: Skarmory|move: Roost
|move|p1a: Chansey|Teleport|p1a: Chansey
|
|t:|1662177947
|switch|p1a: Hydreigon|Hydreigon, F|100/100|[from]move: Teleport
|-damage|p1a: Hydreigon|88/100|[from] Stealth Rock
|
|upkeep
|turn|12
|
|t:|1662177953
|switch|p2a: Chansey|Chansey, F|100/100
|move|p1a: Hydreigon|Draco Meteor|p2a: Chansey
|-damage|p2a: Chansey|70/100
|-unboost|p1a: Hydreigon|spa|2
|
|upkeep
|turn|13
|
|t:|1662177961
|switch|p1a: Chansey|Chansey, F|82/100
|-damage|p1a: Chansey|70/100|[from] Stealth Rock
|move|p2a: Chansey|Toxic|p1a: Chansey
|-status|p1a: Chansey|tox
|
|-damage|p1a: Chansey|64/100 tox|[from] psn
|upkeep
|turn|14
|
|t:|1662177967
|move|p2a: Chansey|Seismic Toss|p1a: Chansey
|-damage|p1a: Chansey|49/100 tox
|move|p1a: Chansey|Teleport|p1a: Chansey
|
|t:|1662177970
|-curestatus|p1a: Chansey|tox|[from] ability: Natural Cure
|switch|p1a: Salamence|Salamence, M|100/100|[from]move: Teleport
|-ability|p1a: Salamence|Intimidate|boost
|-unboost|p2a: Chansey|atk|1
|
|upkeep
|turn|15
|
|t:|1662177974
|switch|p1a: Chansey|Chansey, F|49/100
|-damage|p1a: Chansey|37/100|[from] Stealth Rock
|move|p2a: Chansey|Toxic|p1a: Chansey
|-status|p1a: Chansey|tox
|
|-damage|p1a: Chansey|31/100 tox|[from] psn
|upkeep
|turn|16
|
|t:|1662177980
|move|p2a: Chansey|Seismic Toss|p1a: Chansey
|-damage|p1a: Chansey|17/100 tox
|move|p1a: Chansey|Soft-Boiled|p1a: Chansey
|-heal|p1a: Chansey|67/100 tox
|
|-damage|p1a: Chansey|54/100 tox|[from] psn
|upkeep
|turn|17
|
|t:|1662177985
|-curestatus|p1a: Chansey|tox|[from] ability: Natural Cure
|switch|p1a: Suicune|Suicune|93/100
|-damage|p1a: Suicune|80/100|[from] Stealth Rock
|-ability|p1a: Suicune|Pressure
|move|p2a: Chansey|Seismic Toss|p1a: Suicune
|-damage|p1a: Suicune|56/100
|
|-heal|p1a: Suicune|62/100|[from] item: Leftovers
|upkeep
|turn|18
|
|t:|1662177988
|move|p1a: Suicune|Calm Mind|p1a: Suicune
|-boost|p1a: Suicune|spa|1
|-boost|p1a: Suicune|spd|1
|move|p2a: Chansey|Toxic|p1a: Suicune
|-status|p1a: Suicune|tox
|
|-heal|p1a: Suicune|68/100 tox|[from] item: Leftovers
|-damage|p1a: Suicune|62/100 tox|[from] psn
|upkeep
|turn|19
|
|t:|1662177992
|move|p1a: Suicune|Rest|p1a: Suicune
|-status|p1a: Suicune|slp|[from] move: Rest
|-heal|p1a: Suicune|100/100 slp|[silent]
|move|p2a: Chansey|Seismic Toss|p1a: Suicune
|-damage|p1a: Suicune|76/100 slp
|
|-heal|p1a: Suicune|82/100 slp|[from] item: Leftovers
|upkeep
|turn|20
|
|t:|1662177995
|switch|p2a: Chandelure|Chandelure, M|100/100
|cant|p1a: Suicune|slp
|
|-heal|p1a: Suicune|88/100 slp|[from] item: Leftovers
|upkeep
|turn|21
|
|t:|1662178009
|move|p2a: Chandelure|Shadow Ball|p1a: Suicune
|-damage|p1a: Suicune|63/100 slp
|cant|p1a: Suicune|slp
|
|-heal|p1a: Suicune|70/100 slp|[from] item: Leftovers
|upkeep
|turn|22
|
|t:|1662178014
|switch|p2a: Skarmory|Skarmory, F|100/100
|-curestatus|p1a: Suicune|slp|[msg]
|move|p1a: Suicune|Scald|p2a: Skarmory
|-damage|p2a: Skarmory|46/100
|
|-heal|p1a: Suicune|76/100|[from] item: Leftovers
|upkeep
|turn|23
|
|t:|1662178022
|switch|p2a: Chansey|Chansey, F|70/100
|move|p1a: Suicune|Scald|p2a: Chansey
|-damage|p2a: Chansey|59/100
|
|-heal|p1a: Suicune|82/100|[from] item: Leftovers
|upkeep
|turn|24
|
|t:|1662178026
|move|p1a: Suicune|Calm Mind|p1a: Suicune
|-boost|p1a: Suicune|spa|1
|-boost|p1a: Suicune|spd|1
|move|p2a: Chansey|Toxic|p1a: Suicune
|-status|p1a: Suicune|tox
|
|-heal|p1a: Suicune|88/100 tox|[from] item: Leftovers
|-damage|p1a: Suicune|82/100 tox|[from] psn
|upkeep
|turn|25
|
|t:|1662178030
|move|p1a: Suicune|Calm Mind|p1a: Suicune
|-boost|p1a: Suicune|spa|1
|-boost|p1a: Suicune|spd|1
|move|p2a: Chansey|Soft-Boiled|p2a: Chansey
|-heal|p2a: Chansey|100/100
|
|-heal|p1a: Suicune|88/100 tox|[from] item: Leftovers
|-damage|p1a: Suicune|76/100 tox|[from] psn
|upkeep
|turn|26
|
|t:|1662178034
|move|p1a: Suicune|Calm Mind|p1a: Suicune
|-boost|p1a: Suicune|spa|1
|-boost|p1a: Suicune|spd|1
|move|p2a: Chansey|Seismic Toss|p1a: Suicune
|-damage|p1a: Suicune|51/100 tox
|
|-heal|p1a: Suicune|57/100 tox|[from] item: Leftovers
|-damage|p1a: Suicune|39/100 tox|[from] psn
|upkeep
|turn|27
|
|t:|1662178036
|move|p1a: Suicune|Rest|p1a: Suicune
|-status|p1a: Suicune|slp|[from] move: Rest
|-heal|p1a: Suicune|100/100 slp|[silent]
|move|p2a: Chansey|Seismic Toss|p1a: Suicune
|-damage|p1a: Suicune|76/100 slp
|
|-heal|p1a: Suicune|82/100 slp|[from] item: Leftovers
|upkeep
|turn|28
|
|t:|1662178039
|switch|p2a: Skarmory|Skarmory, F|46/100
|cant|p1a: Suicune|slp
|
|-heal|p1a: Suicune|88/100 slp|[from] item: Leftovers
|upkeep
|turn|29
|
|t:|1662178044
|cant|p1a: Suicune|slp
|move|p2a: Skarmory|Whirlwind|p1a: Suicune
|drag|p1a: Salamence|Salamence, M|100/100
|-ability|p1a: Salamence|Intimidate|boost
|-unboost|p2a: Skarmory|atk|1
|
|upkeep
|turn|30
|
|t:|1662178046
|move|p1a: Salamence|Flamethrower|p2a: Skarmory
|-supereffective|p2a: Skarmory
|-damage|p2a: Skarmory|0 fnt
|faint|p2a: Skarmory
|
|upkeep
|
|t:|1662178055
|switch|p2a: Diggersby|Diggersby, M|100/100
|turn|31
|
|t:|1662178062
|move|p2a: Diggersby|Knock Off|p1a: Salamence
|-damage|p1a: Salamence|50/100
|-enditem|p1a: Salamence|Heavy-Duty Boots|[from] move: Knock Off|[of] p2a: Diggersby
|move|p1a: Salamence|Hurricane|p2a: Diggersby
|-damage|p2a: Diggersby|45/100
|
|upkeep
|turn|32
|
|t:|1662178068
|switch|p2a: Chansey|Chansey, F|100/100
|move|p1a: Salamence|Hurricane|p2a: Chansey
|-damage|p2a: Chansey|88/100
|
|upkeep
|turn|33
|
|t:|1662178076
|move|p1a: Salamence|Defog|p2a: Chansey
|-unboost|p2a: Chansey|evasion|1
|-sideend|p1: GryphonEX|Stealth Rock|[from] move: Defog|[of] p1a: Salamence
|move|p2a: Chansey|Toxic|p1a: Salamence
|-status|p1a: Salamence|tox
|
|-damage|p1a: Salamence|44/100 tox|[from] psn
|upkeep
|turn|34
|
|t:|1662178083
|switch|p1a: Chansey|Chansey, F|54/100
|move|p2a: Chansey|Stealth Rock|p1a: Chansey
|-sidestart|p1: GryphonEX|move: Stealth Rock
|
|upkeep
|turn|35
|
|t:|1662178088
|move|p2a: Chansey|Toxic|p1a: Chansey
|-status|p1a: Chansey|tox
|move|p1a: Chansey|Soft-Boiled|p1a: Chansey
|-heal|p1a: Chansey|100/100 tox
|
|-damage|p1a: Chansey|94/100 tox|[from] psn
|upkeep
|turn|36
|
|t:|1662178091
|switch|p2a: Keldeo|Keldeo-Resolute|100/100
|move|p1a: Chansey|Teleport|p1a: Chansey
|
|t:|1662178096
|-curestatus|p1a: Chansey|tox|[from] ability: Natural Cure
|switch|p1a: Corsola|Corsola-Galar, F|100/100|[from]move: Teleport
|-damage|p1a: Corsola|88/100|[from] Stealth Rock
|
|upkeep
|turn|37
|
|t:|1662178105
|move|p2a: Keldeo|Scald|p1a: Corsola
|-damage|p1a: Corsola|55/100
|move|p1a: Corsola|Strength Sap|p2a: Keldeo
|-unboost|p2a: Keldeo|atk|1
|-heal|p1a: Corsola|96/100
|
|upkeep
|turn|38
|
|t:|1662178110
|move|p2a: Keldeo|Scald|p1a: Corsola
|-damage|p1a: Corsola|63/100
|-status|p1a: Corsola|brn
|move|p1a: Corsola|Will-O-Wisp|p2a: Keldeo
|-status|p2a: Keldeo|brn
|
|-damage|p2a: Keldeo|94/100 brn|[from] brn
|-damage|p1a: Corsola|57/100 brn|[from] brn
|upkeep
|turn|39
|
|t:|1662178118
|switch|p2a: Chandelure|Chandelure, M|100/100
|switch|p1a: Chansey|Chansey, F|94/100
|-damage|p1a: Chansey|82/100|[from] Stealth Rock
|
|upkeep
|turn|40
|
|t:|1662178128
|switch|p2a: Keldeo|Keldeo-Resolute|94/100 brn
|move|p1a: Chansey|Teleport|p1a: Chansey
|
|t:|1662178130
|switch|p1a: Suicune|Suicune|88/100 slp|[from]move: Teleport
|-damage|p1a: Suicune|76/100 slp|[from] Stealth Rock
|-ability|p1a: Suicune|Pressure
|
|-heal|p1a: Suicune|82/100 slp|[from] item: Leftovers
|-damage|p2a: Keldeo|88/100 brn|[from] brn
|upkeep
|turn|41
|
|t:|1662178135
|switch|p2a: Chandelure|Chandelure, M|100/100
|-curestatus|p1a: Suicune|slp|[msg]
|move|p1a: Suicune|Calm Mind|p1a: Suicune
|-boost|p1a: Suicune|spa|1
|-boost|p1a: Suicune|spd|1
|
|-heal|p1a: Suicune|88/100|[from] item: Leftovers
|upkeep
|turn|42
|
|t:|1662178136
|move|p2a: Chandelure|Trick|p1a: Suicune
|-activate|p2a: Chandelure|move: Trick|[of] p1a: Suicune
|-item|p1a: Suicune|Choice Scarf|[from] move: Trick
|-item|p2a: Chandelure|Leftovers|[from] move: Trick
|move|p1a: Suicune|Calm Mind|p1a: Suicune
|-boost|p1a: Suicune|spa|1
|-boost|p1a: Suicune|spd|1
|
|upkeep
|turn|43
|
|t:|1662178148
|switch|p1a: Chansey|Chansey, F|82/100
|-damage|p1a: Chansey|70/100|[from] Stealth Rock
|move|p2a: Chandelure|Flamethrower|p1a: Chansey
|-damage|p1a: Chansey|54/100
|
|upkeep
|turn|44
|
|t:|1662178156
|switch|p2a: Keldeo|Keldeo-Resolute|88/100 brn
|move|p1a: Chansey|Soft-Boiled|p1a: Chansey
|-heal|p1a: Chansey|100/100
|
|-damage|p2a: Keldeo|82/100 brn|[from] brn
|upkeep
|turn|45
|
|t:|1662178169
|switch|p1a: Suicune|Suicune|88/100
|-damage|p1a: Suicune|76/100|[from] Stealth Rock
|-ability|p1a: Suicune|Pressure
|move|p2a: Keldeo|Secret Sword|p1a: Suicune
|-damage|p1a: Suicune|40/100
|
|-damage|p2a: Keldeo|76/100 brn|[from] brn
|upkeep
|turn|46
|
|t:|1662178175
|switch|p2a: Chandelure|Chandelure, M|100/100
|move|p1a: Suicune|Rest|p1a: Suicune
|-status|p1a: Suicune|slp|[from] move: Rest
|-heal|p1a: Suicune|100/100 slp|[silent]
|
|upkeep
|turn|47
|
|t:|1662178180
|cant|p1a: Suicune|slp
|move|p2a: Chandelure|Energy Ball|p1a: Suicune
|-supereffective|p1a: Suicune
|-damage|p1a: Suicune|52/100 slp
|-unboost|p1a: Suicune|spd|1
|
|upkeep
|turn|48
|
|t:|1662178186
|switch|p1a: Chansey|Chansey, F|100/100
|-damage|p1a: Chansey|88/100|[from] Stealth Rock
|switch|p2a: Keldeo|Keldeo-Resolute|76/100 brn
|
|-damage|p2a: Keldeo|70/100 brn|[from] brn
|upkeep
|turn|49
|
|t:|1662178191
|move|p2a: Keldeo|Scald|p1a: Chansey
|-damage|p1a: Chansey|68/100
|-status|p1a: Chansey|brn
|move|p1a: Chansey|Teleport|p1a: Chansey
|
|t:|1662178196
|-curestatus|p1a: Chansey|brn|[from] ability: Natural Cure
|switch|p1a: Corsola|Corsola-Galar, F|57/100 brn|[from]move: Teleport
|-damage|p1a: Corsola|45/100 brn|[from] Stealth Rock
|
|-damage|p2a: Keldeo|63/100 brn|[from] brn
|-damage|p1a: Corsola|39/100 brn|[from] brn
|upkeep
|turn|50
|
|t:|1662178200
|move|p2a: Keldeo|Scald|p1a: Corsola
|-damage|p1a: Corsola|10/100 brn
|move|p1a: Corsola|Strength Sap|p2a: Keldeo
|-unboost|p2a: Keldeo|atk|1
|-heal|p1a: Corsola|51/100 brn
|
|-damage|p2a: Keldeo|57/100 brn|[from] brn
|-damage|p1a: Corsola|45/100 brn|[from] brn
|upkeep
|turn|51
|
|t:|1662178212
|move|p2a: Keldeo|Scald|p1a: Corsola
|-damage|p1a: Corsola|14/100 brn
|-start|p2a: Keldeo|Disable|Scald|[from] ability: Cursed Body|[of] p1a: Corsola
|move|p1a: Corsola|Night Shade|p2a: Keldeo
|-damage|p2a: Keldeo|26/100 brn
|
|-damage|p2a: Keldeo|20/100 brn|[from] brn
|-damage|p1a: Corsola|8/100 brn|[from] brn
|upkeep
|turn|52
|
|t:|1662178219
|switch|p2a: Chandelure|Chandelure, M|100/100
|move|p1a: Corsola|Strength Sap|p2a: Chandelure
|-unboost|p2a: Chandelure|atk|1
|-heal|p1a: Corsola|40/100 brn
|
|-damage|p1a: Corsola|34/100 brn|[from] brn
|upkeep
|turn|53
|
|t:|1662178226
|switch|p2a: Keldeo|Keldeo-Resolute|20/100 brn
|switch|p1a: Chansey|Chansey, F|68/100
|-damage|p1a: Chansey|56/100|[from] Stealth Rock
|
|-damage|p2a: Keldeo|14/100 brn|[from] brn
|upkeep
|turn|54
|
|t:|1662178234
|switch|p1a: Suicune|Suicune|52/100 slp
|-damage|p1a: Suicune|40/100 slp|[from] Stealth Rock
|-ability|p1a: Suicune|Pressure
|move|p2a: Keldeo|Secret Sword|p1a: Suicune
|-damage|p1a: Suicune|5/100 slp
|
|-damage|p2a: Keldeo|8/100 brn|[from] brn
|upkeep
|turn|55
|
|t:|1662178237
|move|p2a: Keldeo|Secret Sword|p1a: Suicune
|-damage|p1a: Suicune|0 fnt
|faint|p1a: Suicune
|
|-damage|p2a: Keldeo|1/100 brn|[from] brn
|upkeep
|
|t:|1662178243
|switch|p1a: Chansey|Chansey, F|56/100
|-damage|p1a: Chansey|44/100|[from] Stealth Rock
|turn|56
|
|t:|1662178248
|switch|p2a: Chandelure|Chandelure, M|100/100
|move|p1a: Chansey|Soft-Boiled|p1a: Chansey
|-heal|p1a: Chansey|94/100
|
|upkeep
|turn|57
|
|t:|1662178258
|switch|p2a: Diggersby|Diggersby, M|45/100
|move|p1a: Chansey|Toxic|p2a: Diggersby
|-status|p2a: Diggersby|tox
|
|-damage|p2a: Diggersby|39/100 tox|[from] psn
|upkeep
|turn|58
|
|t:|1662178265
|switch|p1a: Salamence|Salamence, M|44/100 tox
|-damage|p1a: Salamence|19/100 tox|[from] Stealth Rock
|-ability|p1a: Salamence|Intimidate|boost
|-unboost|p2a: Diggersby|atk|1
|move|p2a: Diggersby|Body Slam|p1a: Salamence
|-damage|p1a: Salamence|0 fnt
|faint|p1a: Salamence
|
|-damage|p2a: Diggersby|27/100 tox|[from] psn
|upkeep
|
|t:|1662178271
|switch|p1a: Hydreigon|Hydreigon, F|88/100
|-damage|p1a: Hydreigon|76/100|[from] Stealth Rock
|turn|59
|
|t:|1662178277
|switch|p1a: Zarude|Zarude|55/100
|-damage|p1a: Zarude|43/100|[from] Stealth Rock
|switch|p2a: Chansey|Chansey, F|88/100
|
|upkeep
|turn|60
|
|t:|1662178287
|switch|p2a: Amoonguss|Amoonguss, M|100/100
|move|p1a: Zarude|Darkest Lariat|p2a: Amoonguss
|-damage|p2a: Amoonguss|57/100
|
|-heal|p2a: Amoonguss|63/100|[from] item: Black Sludge
|upkeep
|turn|61
|
|t:|1662178298
|switch|p1a: Chansey|Chansey, F|94/100
|-damage|p1a: Chansey|81/100|[from] Stealth Rock
|move|p2a: Amoonguss|Sludge Bomb|p1a: Chansey
|-damage|p1a: Chansey|72/100
|
|-heal|p2a: Amoonguss|69/100|[from] item: Black Sludge
|upkeep
|turn|62
|
|t:|1662178306
|switch|p2a: Chansey|Chansey, F|88/100
|move|p1a: Chansey|Seismic Toss|p2a: Chansey
|-damage|p2a: Chansey|74/100
|
|upkeep
|turn|63
|
|t:|1662178311
|move|p2a: Chansey|Toxic|p1a: Chansey
|-status|p1a: Chansey|tox
|move|p1a: Chansey|Soft-Boiled|p1a: Chansey
|-heal|p1a: Chansey|100/100 tox
|
|-damage|p1a: Chansey|94/100 tox|[from] psn
|upkeep
|turn|64
|
|t:|1662178318
|move|p2a: Chansey|Seismic Toss|p1a: Chansey
|-damage|p1a: Chansey|80/100 tox
|move|p1a: Chansey|Teleport|p1a: Chansey
|
|t:|1662178325
|-curestatus|p1a: Chansey|tox|[from] ability: Natural Cure
|switch|p1a: Corsola|Corsola-Galar, F|34/100 brn|[from]move: Teleport
|-damage|p1a: Corsola|21/100 brn|[from] Stealth Rock
|
|-damage|p1a: Corsola|15/100 brn|[from] brn
|upkeep
|turn|65
|
|t:|1662178331
|switch|p2a: Diggersby|Diggersby, M|27/100 tox
|move|p1a: Corsola|Strength Sap|p2a: Diggersby
|-unboost|p2a: Diggersby|atk|1
|-heal|p1a: Corsola|87/100 brn
|
|-damage|p2a: Diggersby|21/100 tox|[from] psn
|-damage|p1a: Corsola|81/100 brn|[from] brn
|upkeep
|turn|66
|
|t:|1662178345
|switch|p1a: Zarude|Zarude|43/100
|-damage|p1a: Zarude|31/100|[from] Stealth Rock
|move|p2a: Diggersby|Knock Off|p1a: Zarude
|-resisted|p1a: Zarude
|-damage|p1a: Zarude|11/100
|-enditem|p1a: Zarude|Choice Band|[from] move: Knock Off|[of] p2a: Diggersby
|
|-damage|p2a: Diggersby|9/100 tox|[from] psn
|upkeep
|turn|67
|
|t:|1662178354
|switch|p2a: Amoonguss|Amoonguss, M|100/100
|move|p1a: Zarude|Darkest Lariat|p2a: Amoonguss
|-damage|p2a: Amoonguss|68/100
|
|-heal|p2a: Amoonguss|74/100|[from] item: Black Sludge
|upkeep
|turn|68
|
|t:|1662178364
|move|p1a: Zarude|U-turn|p2a: Amoonguss
|-damage|p2a: Amoonguss|57/100
|
|t:|1662178366
|switch|p1a: Chansey|Chansey, F|80/100|[from]move: U-turn
|-damage|p1a: Chansey|68/100|[from] Stealth Rock
|move|p2a: Amoonguss|Sludge Bomb|p1a: Chansey
|-damage|p1a: Chansey|60/100
|
|-heal|p2a: Amoonguss|63/100|[from] item: Black Sludge
|upkeep
|turn|69
|
|t:|1662178368
|move|p1a: Chansey|Soft-Boiled|p1a: Chansey
|-heal|p1a: Chansey|100/100
|move|p2a: Amoonguss|Spore|p1a: Chansey
|-status|p1a: Chansey|slp|[from] move: Spore
|
|-heal|p2a: Amoonguss|69/100|[from] item: Black Sludge
|upkeep
|turn|70
|
|t:|1662178371
|switch|p2a: Keldeo|Keldeo-Resolute|1/100 brn
|cant|p1a: Chansey|slp
|
|-damage|p2a: Keldeo|0 fnt|[from] brn
|faint|p2a: Keldeo
|upkeep
|
|t:|1662178377
|switch|p2a: Diggersby|Diggersby, M|9/100 tox
|turn|71
|
|t:|1662178383
|-curestatus|p1a: Chansey|slp|[from] ability: Natural Cure
|switch|p1a: Zarude|Zarude|11/100
|-damage|p1a: Zarude|0 fnt|[from] Stealth Rock
|faint|p1a: Zarude
|move|p2a: Diggersby|Earthquake|p1: Zarude|[notarget]
|-fail|p2a: Diggersby
|
|-damage|p2a: Diggersby|2/100 tox|[from] psn
|upkeep
|
|t:|1662178391
|switch|p1a: Hydreigon|Hydreigon, F|76/100
|-damage|p1a: Hydreigon|64/100|[from] Stealth Rock
|turn|72
|
|t:|1662178396
|switch|p2a: Chansey|Chansey, F|74/100
|move|p1a: Hydreigon|Dark Pulse|p2a: Chansey
|-damage|p2a: Chansey|56/100
|
|upkeep
|turn|73
|
|t:|1662178400
|switch|p1a: Chansey|Chansey, F|100/100
|-damage|p1a: Chansey|88/100|[from] Stealth Rock
|move|p2a: Chansey|Soft-Boiled|p2a: Chansey
|-heal|p2a: Chansey|100/100
|
|upkeep
|turn|74
|
|t:|1662178404
|move|p2a: Chansey|Toxic|p1a: Chansey
|-status|p1a: Chansey|tox
|move|p1a: Chansey|Teleport|p1a: Chansey
|
|t:|1662178406
|-curestatus|p1a: Chansey|tox|[from] ability: Natural Cure
|switch|p1a: Corsola|Corsola-Galar, F|81/100 brn|[from]move: Teleport
|-damage|p1a: Corsola|68/100 brn|[from] Stealth Rock
|
|-damage|p1a: Corsola|62/100 brn|[from] brn
|upkeep
|turn|75
|
|t:|1662178411
|switch|p2a: Chandelure|Chandelure, M|100/100
|move|p1a: Corsola|Stealth Rock|p2a: Chandelure
|-sidestart|p2: Rvp4president|move: Stealth Rock
|
|-damage|p1a: Corsola|56/100 brn|[from] brn
|upkeep
|turn|76
|
|t:|1662178422
|switch|p1a: Chansey|Chansey, F|88/100
|-damage|p1a: Chansey|76/100|[from] Stealth Rock
|move|p2a: Chandelure|Flamethrower|p1a: Chansey
|-damage|p1a: Chansey|60/100
|
|upkeep
|turn|77
|
|t:|1662178430
|switch|p2a: Amoonguss|Amoonguss, M|100/100
|-damage|p2a: Amoonguss|88/100|[from] Stealth Rock
|move|p1a: Chansey|Soft-Boiled|p1a: Chansey
|-heal|p1a: Chansey|100/100
|
|-heal|p2a: Amoonguss|94/100|[from] item: Black Sludge
|upkeep
|turn|78
|
|t:|1662178438
|move|p2a: Amoonguss|Sludge Bomb|p1a: Chansey
|-damage|p1a: Chansey|93/100
|move|p1a: Chansey|Teleport|p1a: Chansey
|
|t:|1662178460
|switch|p1a: Hydreigon|Hydreigon, F|64/100|[from]move: Teleport
|-damage|p1a: Hydreigon|51/100|[from] Stealth Rock
|
|-heal|p2a: Amoonguss|100/100|[from] item: Black Sludge
|upkeep
|turn|79
|
|t:|1662178466
|switch|p2a: Chansey|Chansey, F|100/100
|-damage|p2a: Chansey|88/100|[from] Stealth Rock
|move|p1a: Hydreigon|Roost|p1a: Hydreigon
|-heal|p1a: Hydreigon|100/100
|-singleturn|p1a: Hydreigon|move: Roost
|
|upkeep
|turn|80
|
|t:|1662178473
|switch|p1a: Chansey|Chansey, F|93/100
|-damage|p1a: Chansey|80/100|[from] Stealth Rock
|move|p2a: Chansey|Toxic|p1a: Chansey
|-status|p1a: Chansey|tox
|
|-damage|p1a: Chansey|74/100 tox|[from] psn
|upkeep
|turn|81
|
|t:|1662178480
|switch|p2a: Amoonguss|Amoonguss, M|100/100
|-damage|p2a: Amoonguss|88/100|[from] Stealth Rock
|move|p1a: Chansey|Teleport|p1a: Chansey
|
|t:|1662178494
|-curestatus|p1a: Chansey|tox|[from] ability: Natural Cure
|switch|p1a: Hydreigon|Hydreigon, F|100/100|[from]move: Teleport
|-damage|p1a: Hydreigon|88/100|[from] Stealth Rock
|
|-heal|p2a: Amoonguss|94/100|[from] item: Black Sludge
|upkeep
|turn|82
|
|t:|1662178498
|move|p1a: Hydreigon|Flamethrower|p2a: Amoonguss
|-supereffective|p2a: Amoonguss
|-damage|p2a: Amoonguss|9/100
|move|p2a: Amoonguss|Spore|p1a: Hydreigon
|-status|p1a: Hydreigon|slp|[from] move: Spore
|
|-heal|p2a: Amoonguss|15/100|[from] item: Black Sludge
|upkeep
|turn|83
|
|t:|1662178504
|switch|p2a: Chandelure|Chandelure, M|100/100
|-damage|p2a: Chandelure|76/100|[from] Stealth Rock
|cant|p1a: Hydreigon|slp
|
|-heal|p2a: Chandelure|82/100|[from] item: Leftovers
|upkeep
|turn|84
|
|t:|1662178510
|switch|p1a: Chansey|Chansey, F|74/100
|-damage|p1a: Chansey|62/100|[from] Stealth Rock
|move|p2a: Chandelure|Trick|p1a: Chansey
|-activate|p2a: Chandelure|move: Trick|[of] p1a: Chansey
|-item|p1a: Chansey|Leftovers|[from] move: Trick
|-item|p2a: Chandelure|Eviolite|[from] move: Trick
|
|-heal|p1a: Chansey|68/100|[from] item: Leftovers
|upkeep
|turn|85
|
|t:|1662178523
|move|p2a: Chandelure|Flamethrower|p1a: Chansey
|-damage|p1a: Chansey|43/100
|move|p1a: Chansey|Toxic|p2a: Chandelure
|-status|p2a: Chandelure|tox
|
|-heal|p1a: Chansey|49/100|[from] item: Leftovers
|-damage|p2a: Chandelure|76/100 tox|[from] psn
|upkeep
|turn|86
|
|t:|1662178527
|move|p2a: Chandelure|Flamethrower|p1a: Chansey
|-damage|p1a: Chansey|24/100
|move|p1a: Chansey|Soft-Boiled|p1a: Chansey
|-heal|p1a: Chansey|74/100
|
|-heal|p1a: Chansey|80/100|[from] item: Leftovers
|-damage|p2a: Chandelure|63/100 tox|[from] psn
|upkeep
|turn|87
|
|t:|1662178533
|switch|p2a: Amoonguss|Amoonguss, M|49/100
|-damage|p2a: Amoonguss|36/100|[from] Stealth Rock
|move|p1a: Chansey|Teleport|p1a: Chansey
|
|t:|1662178539
|switch|p1a: Hydreigon|Hydreigon, F|88/100 slp|[from]move: Teleport
|-damage|p1a: Hydreigon|76/100 slp|[from] Stealth Rock
|
|-heal|p2a: Amoonguss|42/100|[from] item: Black Sludge
|upkeep
|turn|88
|
|t:|1662178545
|switch|p2a: Diggersby|Diggersby, M|2/100 tox
|-damage|p2a: Diggersby|0 fnt|[from] Stealth Rock
|faint|p2a: Diggersby
|-curestatus|p1a: Hydreigon|slp|[msg]
|move|p1a: Hydreigon|Dark Pulse|p2: Diggersby|[notarget]
|-fail|p1a: Hydreigon
|
|upkeep
|
|t:|1662178550
|switch|p2a: Chansey|Chansey, F|88/100
|-damage|p2a: Chansey|76/100|[from] Stealth Rock
|turn|89
|
|t:|1662178553
|switch|p1a: Chansey|Chansey, F|80/100
|-damage|p1a: Chansey|68/100|[from] Stealth Rock
|move|p2a: Chansey|Seismic Toss|p1a: Chansey
|-damage|p1a: Chansey|53/100
|
|-heal|p1a: Chansey|60/100|[from] item: Leftovers
|upkeep
|turn|90
|
|t:|1662178568
|move|p2a: Chansey|Seismic Toss|p1a: Chansey
|-damage|p1a: Chansey|45/100
|move|p1a: Chansey|Soft-Boiled|p1a: Chansey
|-heal|p1a: Chansey|95/100
|
|-heal|p1a: Chansey|100/100|[from] item: Leftovers
|upkeep
|turn|91
|
|t:|1662178575
|move|p2a: Chansey|Seismic Toss|p1a: Chansey
|-damage|p1a: Chansey|86/100
|move|p1a: Chansey|Teleport|p1a: Chansey
|
|t:|1662178581
|switch|p1a: Hydreigon|Hydreigon, F|76/100|[from]move: Teleport
|-damage|p1a: Hydreigon|64/100|[from] Stealth Rock
|
|upkeep
|turn|92
|
|t:|1662178589
|switch|p1a: Chansey|Chansey, F|86/100
|-damage|p1a: Chansey|74/100|[from] Stealth Rock
|move|p2a: Chansey|Seismic Toss|p1a: Chansey
|-damage|p1a: Chansey|60/100
|
|-heal|p1a: Chansey|66/100|[from] item: Leftovers
|upkeep
|turn|93
|
|t:|1662178595
|move|p2a: Chansey|Toxic|p1a: Chansey
|-status|p1a: Chansey|tox
|move|p1a: Chansey|Seismic Toss|p2a: Chansey
|-damage|p2a: Chansey|62/100
|
|-heal|p1a: Chansey|72/100 tox|[from] item: Leftovers
|-damage|p1a: Chansey|66/100 tox|[from] psn
|upkeep
|turn|94
|
|t:|1662178603
|move|p2a: Chansey|Seismic Toss|p1a: Chansey
|-damage|p1a: Chansey|52/100 tox
|move|p1a: Chansey|Teleport|p1a: Chansey
|
|t:|1662178605
|-curestatus|p1a: Chansey|tox|[from] ability: Natural Cure
|switch|p1a: Hydreigon|Hydreigon, F|64/100|[from]move: Teleport
|-damage|p1a: Hydreigon|51/100|[from] Stealth Rock
|
|upkeep
|turn|95
|
|t:|1662178612
|switch|p1a: Chansey|Chansey, F|52/100
|-damage|p1a: Chansey|39/100|[from] Stealth Rock
|move|p2a: Chansey|Toxic|p1a: Chansey
|-status|p1a: Chansey|tox
|
|-heal|p1a: Chansey|45/100 tox|[from] item: Leftovers
|-damage|p1a: Chansey|39/100 tox|[from] psn
|upkeep
|turn|96
|
|t:|1662178627
|-curestatus|p1a: Chansey|tox|[from] ability: Natural Cure
|switch|p1a: Corsola|Corsola-Galar, F|56/100 brn
|-damage|p1a: Corsola|44/100 brn|[from] Stealth Rock
|move|p2a: Chansey|Seismic Toss|p1a: Corsola
|-immune|p1a: Corsola
|
|-damage|p1a: Corsola|38/100 brn|[from] brn
|upkeep
|turn|97
|
|t:|1662178633
|move|p2a: Chansey|Soft-Boiled|p2a: Chansey
|-heal|p2a: Chansey|100/100
|move|p1a: Corsola|Strength Sap|p2a: Chansey
|-unboost|p2a: Chansey|atk|1
|-heal|p1a: Corsola|42/100 brn
|
|-damage|p1a: Corsola|35/100 brn|[from] brn
|upkeep
|turn|98
|
|t:|1662178647
|switch|p1a: Chansey|Chansey, F|39/100
|-damage|p1a: Chansey|27/100|[from] Stealth Rock
|move|p2a: Chansey|Stealth Rock||[still]
|-fail|p2a: Chansey
|
|-heal|p1a: Chansey|33/100|[from] item: Leftovers
|upkeep
|turn|99
|
|t:|1662178652
|move|p2a: Chansey|Seismic Toss|p1a: Chansey
|-damage|p1a: Chansey|19/100
|move|p1a: Chansey|Soft-Boiled|p1a: Chansey
|-heal|p1a: Chansey|69/100
|
|-heal|p1a: Chansey|75/100|[from] item: Leftovers
|upkeep
|turn|100
|
|t:|1662178657
|move|p2a: Chansey|Seismic Toss|p1a: Chansey
|-damage|p1a: Chansey|61/100
|move|p1a: Chansey|Seismic Toss|p2a: Chansey
|-damage|p2a: Chansey|86/100
|
|-heal|p1a: Chansey|67/100|[from] item: Leftovers
|upkeep
|turn|101
|
|t:|1662178664
|switch|p1a: Corsola|Corsola-Galar, F|35/100 brn
|-damage|p1a: Corsola|23/100 brn|[from] Stealth Rock
|move|p2a: Chansey|Seismic Toss|p1a: Corsola
|-immune|p1a: Corsola
|
|-damage|p1a: Corsola|17/100 brn|[from] brn
|upkeep
|turn|102
|
|t:|1662178682
|switch|p2a: Amoonguss|Amoonguss, M|76/100
|-damage|p2a: Amoonguss|63/100|[from] Stealth Rock
|move|p1a: Corsola|Strength Sap|p2a: Amoonguss
|-unboost|p2a: Amoonguss|atk|1
|-heal|p1a: Corsola|65/100 brn
|
|-heal|p2a: Amoonguss|69/100|[from] item: Black Sludge
|-damage|p1a: Corsola|59/100 brn|[from] brn
|upkeep
|turn|103
|l|☆Rvp4president
|inactive|Rvp4president disconnected and has a minute to reconnect!
|player|p2|
|j|☆Rvp4president
|inactive|Rvp4president reconnected and has 140 seconds left.
|player|p2|Rvp4president|170
|
|t:|1662178701
|switch|p1a: Chansey|Chansey, F|67/100
|-damage|p1a: Chansey|54/100|[from] Stealth Rock
|move|p2a: Amoonguss|Foul Play|p1a: Chansey
|-damage|p1a: Chansey|53/100
|
|-heal|p1a: Chansey|59/100|[from] item: Leftovers
|-heal|p2a: Amoonguss|76/100|[from] item: Black Sludge
|upkeep
|turn|104
|
|t:|1662178706
|move|p1a: Chansey|Soft-Boiled|p1a: Chansey
|-heal|p1a: Chansey|100/100
|move|p2a: Amoonguss|Sludge Bomb|p1a: Chansey
|-damage|p1a: Chansey|88/100
|
|-heal|p1a: Chansey|94/100|[from] item: Leftovers
|-heal|p2a: Amoonguss|82/100|[from] item: Black Sludge
|upkeep
|turn|105
|l|☆Rvp4president
|inactive|Rvp4president disconnected and has a minute to reconnect!
|player|p2|
|j|☆Rvp4president
|inactive|Rvp4president reconnected and has 130 seconds left.
|player|p2|Rvp4president|170
|
|t:|1662178719
|move|p1a: Chansey|Seismic Toss|p2a: Amoonguss
|-damage|p2a: Amoonguss|59/100
|move|p2a: Amoonguss|Sludge Bomb|p1a: Chansey
|-damage|p1a: Chansey|82/100
|
|-heal|p1a: Chansey|88/100|[from] item: Leftovers
|-heal|p2a: Amoonguss|65/100|[from] item: Black Sludge
|upkeep
|turn|106
|
|t:|1662178725
|move|p1a: Chansey|Seismic Toss|p2a: Amoonguss
|-damage|p2a: Amoonguss|42/100
|move|p2a: Amoonguss|Spore|p1a: Chansey
|-status|p1a: Chansey|slp|[from] move: Spore
|
|-heal|p1a: Chansey|95/100 slp|[from] item: Leftovers
|-heal|p2a: Amoonguss|48/100|[from] item: Black Sludge
|upkeep
|turn|107
|
|t:|1662178729
|move|p2a: Amoonguss|Spore|p1a: Chansey
|-fail|p1a: Chansey|slp
|cant|p1a: Chansey|slp
|
|-heal|p1a: Chansey|100/100 slp|[from] item: Leftovers
|-heal|p2a: Amoonguss|54/100|[from] item: Black Sludge
|upkeep
|turn|108
|
|t:|1662178732
|switch|p2a: Chansey|Chansey, F|86/100
|-damage|p2a: Chansey|74/100|[from] Stealth Rock
|cant|p1a: Chansey|slp
|
|upkeep
|turn|109
|
|t:|1662178740
|move|p2a: Chansey|Seismic Toss|p1a: Chansey
|-damage|p1a: Chansey|86/100 slp
|-curestatus|p1a: Chansey|slp|[msg]
|move|p1a: Chansey|Toxic|p2a: Chansey
|-status|p2a: Chansey|tox
|
|-heal|p1a: Chansey|92/100|[from] item: Leftovers
|-damage|p2a: Chansey|68/100 tox|[from] psn
|upkeep
|turn|110
|
|t:|1662178751
|-curestatus|p2a: Chansey|tox|[from] ability: Natural Cure
|switch|p2a: Amoonguss|Amoonguss, M|88/100
|-damage|p2a: Amoonguss|75/100|[from] Stealth Rock
|move|p1a: Chansey|Seismic Toss|p2a: Amoonguss
|-damage|p2a: Amoonguss|52/100
|
|-heal|p1a: Chansey|99/100|[from] item: Leftovers
|-heal|p2a: Amoonguss|58/100|[from] item: Black Sludge
|upkeep
|turn|111
|
|t:|1662178759
|move|p2a: Amoonguss|Sludge Bomb|p1a: Chansey
|-damage|p1a: Chansey|86/100
|move|p1a: Chansey|Teleport|p1a: Chansey
|
|t:|1662178763
|switch|p1a: Hydreigon|Hydreigon, F|51/100|[from]move: Teleport
|-damage|p1a: Hydreigon|39/100|[from] Stealth Rock
|
|-heal|p2a: Amoonguss|65/100|[from] item: Black Sludge
|upkeep
|turn|112
|
|t:|1662178765
|switch|p2a: Chansey|Chansey, F|68/100
|-damage|p2a: Chansey|55/100|[from] Stealth Rock
|move|p1a: Hydreigon|Roost|p1a: Hydreigon
|-heal|p1a: Hydreigon|89/100
|-singleturn|p1a: Hydreigon|move: Roost
|
|upkeep
|turn|113
|
|t:|1662178771
|switch|p1a: Chansey|Chansey, F|86/100
|-damage|p1a: Chansey|73/100|[from] Stealth Rock
|move|p2a: Chansey|Soft-Boiled|p2a: Chansey
|-heal|p2a: Chansey|100/100
|
|-heal|p1a: Chansey|79/100|[from] item: Leftovers
|upkeep
|turn|114
|
|t:|1662178782
|switch|p2a: Amoonguss|Amoonguss, M|98/100
|-damage|p2a: Amoonguss|85/100|[from] Stealth Rock
|move|p1a: Chansey|Toxic|p2a: Amoonguss
|-immune|p2a: Amoonguss
|
|-heal|p1a: Chansey|85/100|[from] item: Leftovers
|-heal|p2a: Amoonguss|92/100|[from] item: Black Sludge
|upkeep
|turn|115
|
|t:|1662178788
|move|p2a: Amoonguss|Sludge Bomb|p1a: Chansey
|-damage|p1a: Chansey|74/100
|-status|p1a: Chansey|psn
|move|p1a: Chansey|Teleport|p1a: Chansey
|
|t:|1662178800
|-curestatus|p1a: Chansey|psn|[from] ability: Natural Cure
|switch|p1a: Hydreigon|Hydreigon, F|89/100|[from]move: Teleport
|-damage|p1a: Hydreigon|77/100|[from] Stealth Rock
|
|-heal|p2a: Amoonguss|98/100|[from] item: Black Sludge
|upkeep
|turn|116
|
|t:|1662178806
|move|p1a: Hydreigon|Flamethrower|p2a: Amoonguss
|-supereffective|p2a: Amoonguss
|-damage|p2a: Amoonguss|18/100
|move|p2a: Amoonguss|Sludge Bomb|p1a: Hydreigon
|-damage|p1a: Hydreigon|44/100
|
|-heal|p2a: Amoonguss|25/100|[from] item: Black Sludge
|upkeep
|turn|117
|
|t:|1662178813
|move|p1a: Hydreigon|Flamethrower|p2a: Amoonguss
|-supereffective|p2a: Amoonguss
|-damage|p2a: Amoonguss|0 fnt
|faint|p2a: Amoonguss
|
|upkeep
|
|t:|1662178815
|switch|p2a: Chansey|Chansey, F|100/100
|-damage|p2a: Chansey|88/100|[from] Stealth Rock
|turn|118
|
|t:|1662178818
|switch|p1a: Chansey|Chansey, F|74/100
|-damage|p1a: Chansey|62/100|[from] Stealth Rock
|move|p2a: Chansey|Seismic Toss|p1a: Chansey
|-damage|p1a: Chansey|47/100
|
|-heal|p1a: Chansey|53/100|[from] item: Leftovers
|upkeep
|turn|119
|
|t:|1662178823
|move|p2a: Chansey|Seismic Toss|p1a: Chansey
|-damage|p1a: Chansey|39/100
|move|p1a: Chansey|Soft-Boiled|p1a: Chansey
|-heal|p1a: Chansey|89/100
|
|-heal|p1a: Chansey|95/100|[from] item: Leftovers
|upkeep
|turn|120
|
|t:|1662178839
|move|p2a: Chansey|Stealth Rock||[still]
|-fail|p2a: Chansey
|move|p1a: Chansey|Teleport|p1a: Chansey
|
|t:|1662178842
|switch|p1a: Corsola|Corsola-Galar, F|59/100 brn|[from]move: Teleport
|-damage|p1a: Corsola|47/100 brn|[from] Stealth Rock
|
|-damage|p1a: Corsola|41/100 brn|[from] brn
|upkeep
|turn|121
|
|t:|1662178846
|switch|p2a: Chandelure|Chandelure, M|63/100 tox
|-damage|p2a: Chandelure|38/100 tox|[from] Stealth Rock
|move|p1a: Corsola|Will-O-Wisp|p2a: Chandelure
|-start|p2a: Chandelure|ability: Flash Fire
|
|-damage|p2a: Chandelure|32/100 tox|[from] psn
|-damage|p1a: Corsola|34/100 brn|[from] brn
|upkeep
|turn|122
|
|t:|1662178854
|switch|p1a: Chansey|Chansey, F|95/100
|-damage|p1a: Chansey|83/100|[from] Stealth Rock
|move|p2a: Chandelure|Flamethrower|p1a: Chansey
|-damage|p1a: Chansey|47/100
|-status|p1a: Chansey|brn
|
|-heal|p1a: Chansey|53/100 brn|[from] item: Leftovers
|-damage|p2a: Chandelure|20/100 tox|[from] psn
|-damage|p1a: Chansey|47/100 brn|[from] brn
|upkeep
|turn|123
|
|t:|1662178860
|move|p2a: Chandelure|Flamethrower|p1a: Chansey
|-damage|p1a: Chansey|9/100 brn
|move|p1a: Chansey|Soft-Boiled|p1a: Chansey
|-heal|p1a: Chansey|59/100 brn
|
|-heal|p1a: Chansey|65/100 brn|[from] item: Leftovers
|-damage|p2a: Chandelure|2/100 tox|[from] psn
|-damage|p1a: Chansey|59/100 brn|[from] brn
|upkeep
|turn|124
|
|t:|1662178865
|move|p2a: Chandelure|Flamethrower|p1a: Chansey
|-crit|p1a: Chansey
|-damage|p1a: Chansey|11/100 brn
|move|p1a: Chansey|Soft-Boiled|p1a: Chansey
|-heal|p1a: Chansey|61/100 brn
|
|-heal|p1a: Chansey|67/100 brn|[from] item: Leftovers
|-damage|p2a: Chandelure|0 fnt|[from] psn
|faint|p2a: Chandelure
|-damage|p1a: Chansey|61/100 brn|[from] brn
|upkeep
|l|☆Rvp4president
|inactive|Rvp4president disconnected and has a minute to reconnect!
|player|p2|
|j|☆Rvp4president
|inactive|Rvp4president reconnected and has 130 seconds left.
|player|p2|Rvp4president|170
|
|t:|1662178893
|switch|p2a: Chansey|Chansey, F|88/100
|-damage|p2a: Chansey|76/100|[from] Stealth Rock
|turn|125
|-message|Rvp4president forfeited.
|
|win|GryphonEX
|raw|GryphonEX's rating: 1442 &rarr; <strong>1471</strong><br />(+29 for winning)
|raw|Rvp4president's rating: 1603 &rarr; <strong>1574</strong><br />(-29 for losing)
|l|☆Rvp4president
