|j|☆pokemonisfun
|j|☆Angelwingsmygoons
|t:|1668129676
|gametype|singles
|player|p1|pokemonisfun|#uutrio2ladder|
|player|p2|Angelwingsmygoons|furisodegirl-white|
|teamsize|p1|6
|teamsize|p2|6
|gen|8
|tier|[Gen 8] UU
|rated|Tournament battle
|rule|Sleep Clause Mod: Limit one foe put to sleep
|rule|Species Clause: Limit one of each Pokémon
|rule|OHKO Clause: OHKO moves are banned
|rule|Evasion Items Clause: Evasion items are banned
|rule|Evasion Moves Clause: Evasion moves are banned
|rule|Endless Battle Clause: Forcing endless battles is banned
|rule|HP Percentage Mod: HP is shown in percentages
|rule|Dynamax Clause: You cannot dynamax
|clearpoke
|poke|p1|Primarina, F|
|poke|p1|Rotom-Wash|
|poke|p1|Cobalion|
|poke|p1|Necrozma|
|poke|p1|Tangrowth, M|
|poke|p1|Zygarde-10%|
|poke|p2|Zarude|
|poke|p2|Moltres|
|poke|p2|Diggersby, F|
|poke|p2|Conkeldurr, F|
|poke|p2|Mimikyu, M|
|poke|p2|Azelf|
|teampreview
|j| H4WT ★
|
|t:|1668129732
|start
|switch|p1a: wishy washy|Rotom-Wash|100/100
|switch|p2a: Zarude|Zarude|100/100
|turn|1
|
|t:|1668129754
|switch|p1a: sheepy sweepy|Cobalion|100/100
|move|p2a: Zarude|Power Whip|p1a: sheepy sweepy
|-resisted|p1a: sheepy sweepy
|-damage|p1a: sheepy sweepy|62/100
|-damage|p2a: Zarude|84/100|[from] item: Rocky Helmet|[of] p1a: sheepy sweepy
|
|upkeep
|turn|2
|
|t:|1668129765
|switch|p2a: Moltres|Moltres|100/100
|move|p1a: sheepy sweepy|Stealth Rock|p2a: Moltres
|-sidestart|p2: Angelwingsmygoons|move: Stealth Rock
|
|upkeep
|turn|3
|
|t:|1668129784
|switch|p1a: wishy washy|Rotom-Wash|100/100
|move|p2a: Moltres|Flamethrower|p1a: wishy washy
|-resisted|p1a: wishy washy
|-damage|p1a: wishy washy|84/100
|
|-heal|p1a: wishy washy|90/100|[from] item: Leftovers
|upkeep
|turn|4
|
|t:|1668129791
|move|p1a: wishy washy|Volt Switch|p2a: Moltres
|-supereffective|p2a: Moltres
|-damage|p2a: Moltres|47/100
|
|t:|1668129797
|switch|p1a: Zygarde|Zygarde-10%|100/100|[from]move: Volt Switch
|-ability|p1a: Zygarde|Aura Break
|move|p2a: Moltres|U-turn|p1a: Zygarde
|-damage|p1a: Zygarde|73/100
|
|t:|1668129801
|switch|p2a: Diggersby|Diggersby, F|100/100|[from]move: U-turn
|-damage|p2a: Diggersby|94/100|[from] Stealth Rock
|
|upkeep
|turn|5
|
|t:|1668129806
|switch|p1a: tang ur wang|Tangrowth, M|100/100
|move|p2a: Diggersby|Body Slam|p1a: tang ur wang
|-crit|p1a: tang ur wang
|-damage|p1a: tang ur wang|55/100
|-status|p1a: tang ur wang|par
|
|upkeep
|turn|6
|
|t:|1668129812
|switch|p2a: Moltres|Moltres|47/100
|cant|p1a: tang ur wang|par
|
|upkeep
|turn|7
|
|t:|1668129816
|switch|p1a: wishy washy|Rotom-Wash|90/100
|move|p2a: Moltres|Roost|p2a: Moltres
|-heal|p2a: Moltres|97/100
|-singleturn|p2a: Moltres|move: Roost
|
|-heal|p1a: wishy washy|96/100|[from] item: Leftovers
|upkeep
|turn|8
|
|t:|1668129839
|switch|p2a: Diggersby|Diggersby, F|94/100
|-damage|p2a: Diggersby|88/100|[from] Stealth Rock
|move|p1a: wishy washy|Hydro Pump|p2a: Diggersby|[miss]
|-miss|p1a: wishy washy|p2a: Diggersby
|
|-heal|p1a: wishy washy|100/100|[from] item: Leftovers
|upkeep
|turn|9
|
|t:|1668129845
|move|p2a: Diggersby|U-turn|p1a: wishy washy
|-damage|p1a: wishy washy|72/100
|
|t:|1668129850
|switch|p2a: Zarude|Zarude|84/100|[from]move: U-turn
|-damage|p2a: Zarude|72/100|[from] Stealth Rock
|move|p1a: wishy washy|Hydro Pump|p2a: Zarude
|-resisted|p2a: Zarude
|-damage|p2a: Zarude|52/100
|
|-heal|p1a: wishy washy|78/100|[from] item: Leftovers
|upkeep
|turn|10
|
|t:|1668129853
|switch|p1a: tang ur wang|Tangrowth, M|88/100 par
|move|p2a: Zarude|Close Combat|p1a: tang ur wang
|-crit|p1a: tang ur wang
|-damage|p1a: tang ur wang|34/100 par
|-unboost|p2a: Zarude|def|1
|-unboost|p2a: Zarude|spd|1
|
|upkeep
|turn|11
|
|t:|1668129858
|switch|p1a: dead head|Necrozma|100/100
|move|p2a: Zarude|Close Combat|p1a: dead head
|-resisted|p1a: dead head
|-damage|p1a: dead head|79/100
|-unboost|p2a: Zarude|def|1
|-unboost|p2a: Zarude|spd|1
|
|upkeep
|turn|12
|
|t:|1668129873
|switch|p2a: h off the foil|Azelf|100/100
|-damage|p2a: h off the foil|88/100|[from] Stealth Rock
|move|p1a: dead head|Calm Mind|p1a: dead head
|-boost|p1a: dead head|spa|1
|-boost|p1a: dead head|spd|1
|
|upkeep
|turn|13
|
|t:|1668129900
|switch|p2a: Zarude|Zarude|52/100
|-damage|p2a: Zarude|40/100|[from] Stealth Rock
|move|p1a: dead head|Heat Wave|p2a: Zarude
|-supereffective|p2a: Zarude
|-damage|p2a: Zarude|0 fnt
|faint|p2a: Zarude
|
|upkeep
|
|t:|1668129902
|switch|p2a: Diggersby|Diggersby, F|88/100
|-damage|p2a: Diggersby|82/100|[from] Stealth Rock
|turn|14
|
|t:|1668129930
|move|p2a: Diggersby|Earthquake|p1a: dead head
|-damage|p1a: dead head|29/100
|move|p1a: dead head|Moonlight|p1a: dead head
|-heal|p1a: dead head|79/100
|
|upkeep
|turn|15
|
|t:|1668129939
|move|p2a: Diggersby|Earthquake|p1a: dead head
|-damage|p1a: dead head|31/100
|move|p1a: dead head|Moonlight|p1a: dead head
|-heal|p1a: dead head|81/100
|
|upkeep
|turn|16
|
|t:|1668129943
|switch|p2a: Conkeldurr|Conkeldurr, F|100/100
|-damage|p2a: Conkeldurr|94/100|[from] Stealth Rock
|switch|p1a: wishy washy|Rotom-Wash|78/100
|
|-heal|p1a: wishy washy|84/100|[from] item: Leftovers
|-status|p2a: Conkeldurr|brn|[from] item: Flame Orb
|upkeep
|turn|17
|
|t:|1668129948
|move|p1a: wishy washy|Volt Switch|p2a: Conkeldurr
|-damage|p2a: Conkeldurr|64/100 brn
|
|t:|1668129957
|switch|p1a: tang ur wang|Tangrowth, M|67/100 par|[from]move: Volt Switch
|move|p2a: Conkeldurr|Knock Off|p1a: tang ur wang
|-damage|p1a: tang ur wang|29/100 par
|-enditem|p1a: tang ur wang|Assault Vest|[from] move: Knock Off|[of] p2a: Conkeldurr
|
|-damage|p2a: Conkeldurr|58/100 brn|[from] brn
|upkeep
|turn|18
|
|t:|1668129965
|move|p2a: Conkeldurr|Facade|p1a: tang ur wang
|-damage|p1a: tang ur wang|0 fnt
|faint|p1a: tang ur wang
|
|-damage|p2a: Conkeldurr|52/100 brn|[from] brn
|upkeep
|
|t:|1668129967
|switch|p1a: seal that squeals|Primarina, F|100/100
|turn|19
|
|t:|1668129977
|move|p1a: seal that squeals|Moonblast|p2a: Conkeldurr
|-supereffective|p2a: Conkeldurr
|-damage|p2a: Conkeldurr|0 fnt
|faint|p2a: Conkeldurr
|
|upkeep
|
|t:|1668129982
|switch|p2a: h off the foil|Azelf|88/100
|-damage|p2a: h off the foil|76/100|[from] Stealth Rock
|turn|20
|
|t:|1668129986
|move|p2a: h off the foil|Energy Ball|p1a: seal that squeals
|-supereffective|p1a: seal that squeals
|-damage|p1a: seal that squeals|25/100
|move|p1a: seal that squeals|Moonblast|p2a: h off the foil
|-damage|p2a: h off the foil|0 fnt
|faint|p2a: h off the foil
|
|-heal|p1a: seal that squeals|31/100|[from] item: Leftovers
|upkeep
|
|t:|1668129992
|switch|p2a: i show love|Mimikyu, M, shiny|100/100
|turn|21
|
|t:|1668129998
|move|p2a: i show love|Swords Dance|p2a: i show love
|-boost|p2a: i show love|atk|2
|move|p1a: seal that squeals|Encore|p2a: i show love
|-start|p2a: i show love|Encore
|
|-heal|p1a: seal that squeals|37/100|[from] item: Leftovers
|upkeep
|turn|22
|
|t:|1668130004
|move|p2a: i show love|Swords Dance|p2a: i show love
|-boost|p2a: i show love|atk|2
|move|p1a: seal that squeals|Scald|p2a: i show love
|-activate|p2a: i show love|ability: Disguise
|-damage|p2a: i show love|100/100
|detailschange|p2a: i show love|Mimikyu-Busted, M, shiny
|-damage|p2a: i show love|88/100|[from] pokemon: Mimikyu-Busted
|
|-heal|p1a: seal that squeals|43/100|[from] item: Leftovers
|upkeep
|turn|23
|
|t:|1668130008
|move|p2a: i show love|Swords Dance|p2a: i show love
|-boost|p2a: i show love|atk|2
|move|p1a: seal that squeals|Scald|p2a: i show love
|-damage|p2a: i show love|39/100
|
|-heal|p1a: seal that squeals|49/100|[from] item: Leftovers
|upkeep
|turn|24
|
|t:|1668130012
|move|p2a: i show love|Swords Dance|p2a: i show love
|-boost|p2a: i show love|atk|0
|move|p1a: seal that squeals|Scald|p2a: i show love
|-damage|p2a: i show love|0 fnt
|faint|p2a: i show love
|
|-heal|p1a: seal that squeals|55/100|[from] item: Leftovers
|upkeep
|c|☆Angelwingsmygoons|totes thought that specs
|c|☆Angelwingsmygoons|waaaa
|
|t:|1668130021
|switch|p2a: Diggersby|Diggersby, F|82/100
|-damage|p2a: Diggersby|76/100|[from] Stealth Rock
|turn|25
|
|t:|1668130030
|move|p2a: Diggersby|Body Slam|p1a: seal that squeals
|-damage|p1a: seal that squeals|0 fnt
|faint|p1a: seal that squeals
|
|upkeep
|
|t:|1668130037
|switch|p1a: sheepy sweepy|Cobalion|62/100
|turn|26
|
|t:|1668130044
|move|p2a: Diggersby|Body Slam|p1a: sheepy sweepy
|-resisted|p1a: sheepy sweepy
|-damage|p1a: sheepy sweepy|40/100
|-damage|p2a: Diggersby|60/100|[from] item: Rocky Helmet|[of] p1a: sheepy sweepy
|move|p1a: sheepy sweepy|Swords Dance|p1a: sheepy sweepy
|-boost|p1a: sheepy sweepy|atk|2
|
|upkeep
|turn|27
|
|t:|1668130047
|move|p2a: Diggersby|Body Slam|p1a: sheepy sweepy
|-resisted|p1a: sheepy sweepy
|-damage|p1a: sheepy sweepy|19/100
|-damage|p2a: Diggersby|43/100|[from] item: Rocky Helmet|[of] p1a: sheepy sweepy
|move|p1a: sheepy sweepy|Close Combat|p2a: Diggersby
|-supereffective|p2a: Diggersby
|-damage|p2a: Diggersby|0 fnt
|-unboost|p1a: sheepy sweepy|def|1
|-unboost|p1a: sheepy sweepy|spd|1
|faint|p2a: Diggersby
|
|upkeep
|
|t:|1668130050
|switch|p2a: Moltres|Moltres|97/100
|turn|28
|
|t:|1668130052
|move|p1a: sheepy sweepy|Swords Dance|p1a: sheepy sweepy
|-boost|p1a: sheepy sweepy|atk|2
|move|p2a: Moltres|Flamethrower|p1a: sheepy sweepy
|-supereffective|p1a: sheepy sweepy
|-damage|p1a: sheepy sweepy|0 fnt
|faint|p1a: sheepy sweepy
|
|upkeep
|
|t:|1668130053
|switch|p1a: wishy washy|Rotom-Wash|84/100
|turn|29
|
|t:|1668130058
|move|p1a: wishy washy|Defog|p2a: Moltres
|-unboost|p2a: Moltres|evasion|1
|-sideend|p2: Angelwingsmygoons|Stealth Rock|[from] move: Defog|[of] p1a: wishy washy
|move|p2a: Moltres|Roost|p2a: Moltres
|-heal|p2a: Moltres|100/100
|-singleturn|p2a: Moltres|move: Roost
|
|-heal|p1a: wishy washy|90/100|[from] item: Leftovers
|upkeep
|turn|30
|
|t:|1668130062
|move|p1a: wishy washy|Hydro Pump|p2a: Moltres
|-supereffective|p2a: Moltres
|-damage|p2a: Moltres|16/100
|move|p2a: Moltres|Hurricane|p1a: wishy washy
|-resisted|p1a: wishy washy
|-damage|p1a: wishy washy|71/100
|-start|p1a: wishy washy|confusion
|
|-heal|p1a: wishy washy|77/100|[from] item: Leftovers
|upkeep
|turn|31
|
|t:|1668130066
|switch|p1a: Zygarde|Zygarde-10%|73/100
|-ability|p1a: Zygarde|Aura Break
|move|p2a: Moltres|Roost|p2a: Moltres
|-heal|p2a: Moltres|66/100
|-singleturn|p2a: Moltres|move: Roost
|
|upkeep
|turn|32
|
|t:|1668130070
|move|p1a: Zygarde|Outrage|p2a: Moltres
|-damage|p2a: Moltres|10/100
|-status|p1a: Zygarde|brn|[from] ability: Flame Body|[of] p2a: Moltres
|move|p2a: Moltres|Hurricane|p1a: Zygarde
|-damage|p1a: Zygarde|2/100 brn
|-start|p1a: Zygarde|confusion
|
|-damage|p1a: Zygarde|0 fnt|[from] brn
|faint|p1a: Zygarde
|upkeep
|
|t:|1668130072
|switch|p1a: wishy washy|Rotom-Wash|77/100
|turn|33
|
|t:|1668130075
|move|p1a: wishy washy|Hydro Pump|p2a: Moltres
|-supereffective|p2a: Moltres
|-damage|p2a: Moltres|0 fnt
|faint|p2a: Moltres
|
|win|pokemonisfun
|n|☆pokemonisfun|pokemonisfun
|n|☆Angelwingsmygoons|angelwingsmygoons
|n| H4WT ★|h4wt
