|j|☆Hiba Tawaji
|j|☆EliotEnRetar
|t:|1607331871
|player|p1|Hiba Tawaji|beauty-gen7|1601
|player|p2|EliotEnRetar|falkner|1445
|teamsize|p1|6
|teamsize|p2|6
|gametype|singles
|gen|8
|tier|[Gen 8] UU
|rated|
|clearpoke
|poke|p1|Zapdos-Galar|
|poke|p1|Zeraora|
|poke|p1|Scizor, M|
|poke|p1|Crawdaunt, M|
|poke|p1|Latias, F|
|poke|p1|Seismitoad, F|
|poke|p2|Rotom-Heat|
|poke|p2|Mamoswine, M|
|poke|p2|Gyarados, F|
|poke|p2|Jirachi|
|poke|p2|Roserade, F|
|poke|p2|Zeraora|
|rule|Sleep Clause Mod: Limit one foe put to sleep
|rule|Species Clause: Limit one of each Pokémon
|rule|OHKO Clause: OHKO moves are banned
|rule|Evasion Moves Clause: Evasion moves are banned
|rule|Endless Battle Clause: Forcing endless battles is banned
|rule|HP Percentage Mod: HP is shown in percentages
|rule|Dynamax Clause: You cannot dynamax
|teampreview
|c|☆Hiba Tawaji|hf
|c|☆EliotEnRetar|u 2 :)
|
|t:|1607331903
|start
|switch|p1a: Zapdos|Zapdos-Galar|100/100
|switch|p2a: CauetBurger|Rotom-Heat|100/100
|turn|1
|
|t:|1607331909
|move|p1a: Zapdos|Close Combat|p2a: CauetBurger
|-damage|p2a: CauetBurger|26/100
|-unboost|p1a: Zapdos|def|1
|-unboost|p1a: Zapdos|spd|1
|move|p2a: CauetBurger|Will-O-Wisp|p1a: Zapdos
|-status|p1a: Zapdos|brn
|
|-damage|p1a: Zapdos|94/100 brn|[from] brn
|upkeep
|turn|2
|
|t:|1607331927
|switch|p2a: Jean-Crack|Gyarados, F|100/100
|move|p1a: Zapdos|Close Combat|p2a: Jean-Crack
|-resisted|p2a: Jean-Crack
|-damage|p2a: Jean-Crack|73/100
|-unboost|p1a: Zapdos|def|1
|-unboost|p1a: Zapdos|spd|1
|
|-damage|p1a: Zapdos|88/100 brn|[from] brn
|upkeep
|turn|3
|
|t:|1607331943
|switch|p1a: Zeraora|Zeraora|100/100
|move|p2a: Jean-Crack|Waterfall|p1a: Zeraora
|-damage|p1a: Zeraora|47/100
|
|upkeep
|turn|4
|
|t:|1607331955
|switch|p2a: Schlaguetho|Zeraora|100/100
|move|p1a: Zeraora|Close Combat|p2a: Schlaguetho
|-damage|p2a: Schlaguetho|50/100
|-unboost|p1a: Zeraora|def|1
|-unboost|p1a: Zeraora|spd|1
|
|upkeep
|turn|5
|
|t:|1607331969
|switch|p1a: Seismitoad|Seismitoad, F|100/100
|move|p2a: Schlaguetho|Play Rough|p1a: Seismitoad
|-damage|p1a: Seismitoad|78/100
|
|-heal|p1a: Seismitoad|84/100|[from] item: Leftovers
|upkeep
|turn|6
|
|t:|1607331977
|switch|p2a: Don|Roserade, F|100/100
|move|p1a: Seismitoad|Stealth Rock|p2a: Don
|-sidestart|p2: EliotEnRetar|move: Stealth Rock
|
|-heal|p1a: Seismitoad|90/100|[from] item: Leftovers
|upkeep
|turn|7
|
|t:|1607332012
|switch|p1a: Scizor|Scizor, M|100/100
|move|p2a: Don|Shadow Ball|p1a: Scizor
|-damage|p1a: Scizor|55/100
|
|upkeep
|turn|8
|
|t:|1607332023
|switch|p2a: CauetBurger|Rotom-Heat|26/100
|move|p1a: Scizor|Roost|p1a: Scizor
|-heal|p1a: Scizor|100/100
|-singleturn|p1a: Scizor|move: Roost
|
|upkeep
|turn|9
|
|t:|1607332030
|move|p2a: CauetBurger|Defog|p1a: Scizor
|-unboost|p1a: Scizor|evasion|1
|-sideend|p2: EliotEnRetar|Stealth Rock|[from] move: Defog|[of] p2a: CauetBurger
|move|p1a: Scizor|U-turn|p2a: CauetBurger
|-resisted|p2a: CauetBurger
|-crit|p2a: CauetBurger
|-damage|p2a: CauetBurger|6/100
|
|t:|1607332035
|switch|p1a: Zapdos|Zapdos-Galar|88/100 brn|[from]move: U-turn
|
|-damage|p1a: Zapdos|82/100 brn|[from] brn
|upkeep
|turn|10
|
|t:|1607332049
|switch|p2a: Schlaguetho|Zeraora|50/100
|move|p1a: Zapdos|U-turn|p2a: Schlaguetho
|-damage|p2a: Schlaguetho|25/100
|
|t:|1607332059
|switch|p1a: Zeraora|Zeraora|47/100|[from]move: U-turn
|
|upkeep
|turn|11
|c|☆EliotEnRetar|0_0
|c|☆EliotEnRetar|speed tie
|j| Ellenara
|
|t:|1607332087
|switch|p2a: CauetBurger|Rotom-Heat|6/100
|move|p1a: Zeraora|Knock Off|p2a: CauetBurger
|-damage|p2a: CauetBurger|0 fnt
|-enditem|p2a: CauetBurger|Heavy-Duty Boots|[from] move: Knock Off|[of] p1a: Zeraora
|faint|p2a: CauetBurger
|
|upkeep
|
|t:|1607332100
|switch|p2a: Boom|Mamoswine, M|100/100
|turn|12
|
|t:|1607332108
|switch|p1a: Scizor|Scizor, M|100/100
|move|p2a: Boom|Ice Shard|p1a: Scizor
|-resisted|p1a: Scizor
|-damage|p1a: Scizor|88/100
|-damage|p2a: Boom|91/100|[from] item: Life Orb
|
|upkeep
|turn|13
|
|t:|1607332128
|move|p2a: Boom|Earthquake|p1a: Scizor
|-damage|p1a: Scizor|27/100
|-damage|p2a: Boom|81/100|[from] item: Life Orb
|move|p1a: Scizor|U-turn|p2a: Boom
|-damage|p2a: Boom|41/100
|
|t:|1607332133
|switch|p1a: Crawdaunt|Crawdaunt, M|100/100|[from]move: U-turn
|
|upkeep
|turn|14
|
|t:|1607332141
|switch|p2a: Don|Roserade, F|100/100
|move|p1a: Crawdaunt|Aqua Jet|p2a: Don
|-resisted|p2a: Don
|-damage|p2a: Don|64/100
|-damage|p1a: Crawdaunt|91/100|[from] item: Life Orb
|
|upkeep
|turn|15
|
|t:|1607332155
|switch|p1a: Zapdos|Zapdos-Galar|82/100 brn
|move|p2a: Don|Energy Ball|p1a: Zapdos
|-resisted|p1a: Zapdos
|-damage|p1a: Zapdos|43/100 brn
|
|-damage|p1a: Zapdos|36/100 brn|[from] brn
|upkeep
|turn|16
|
|t:|1607332165
|switch|p2a: Roulette|Jirachi|100/100
|move|p1a: Zapdos|U-turn|p2a: Roulette
|-damage|p2a: Roulette|86/100
|
|t:|1607332171
|switch|p1a: Seismitoad|Seismitoad, F|90/100|[from]move: U-turn
|
|-heal|p2a: Roulette|92/100|[from] item: Leftovers
|-heal|p1a: Seismitoad|96/100|[from] item: Leftovers
|upkeep
|turn|17
|
|t:|1607332180
|move|p2a: Roulette|U-turn|p1a: Seismitoad
|-damage|p1a: Seismitoad|84/100
|
|t:|1607332183
|switch|p2a: Don|Roserade, F|64/100|[from]move: U-turn
|move|p1a: Seismitoad|Stealth Rock|p2a: Don
|-sidestart|p2: EliotEnRetar|move: Stealth Rock
|
|-heal|p1a: Seismitoad|90/100|[from] item: Leftovers
|upkeep
|turn|18
|j| Life Letters
|
|t:|1607332202
|switch|p1a: Zapdos|Zapdos-Galar|36/100 brn
|move|p2a: Don|Shadow Ball|p1a: Zapdos
|-damage|p1a: Zapdos|0 fnt
|faint|p1a: Zapdos
|
|upkeep
|
|t:|1607332215
|switch|p1a: Crawdaunt|Crawdaunt, M|91/100
|turn|19
|
|t:|1607332227
|switch|p2a: Schlaguetho|Zeraora|25/100
|move|p1a: Crawdaunt|Knock Off|p2a: Schlaguetho
|-damage|p2a: Schlaguetho|0 fnt
|-enditem|p2a: Schlaguetho|Heavy-Duty Boots|[from] move: Knock Off|[of] p1a: Crawdaunt
|-damage|p1a: Crawdaunt|81/100|[from] item: Life Orb
|faint|p2a: Schlaguetho
|
|upkeep
|
|t:|1607332238
|switch|p2a: Don|Roserade, F|64/100
|-damage|p2a: Don|52/100|[from] Stealth Rock
|turn|20
|
|t:|1607332247
|switch|p1a: Latias|Latias, F|100/100
|move|p2a: Don|Energy Ball|p1a: Latias
|-resisted|p1a: Latias
|-damage|p1a: Latias|72/100
|
|upkeep
|turn|21
|
|t:|1607332258
|switch|p1a: Zeraora|Zeraora|47/100
|switch|p2a: Roulette|Jirachi|92/100
|-damage|p2a: Roulette|86/100|[from] Stealth Rock
|
|-heal|p2a: Roulette|92/100|[from] item: Leftovers
|upkeep
|turn|22
|
|t:|1607332267
|move|p1a: Zeraora|Knock Off|p2a: Roulette
|-supereffective|p2a: Roulette
|-damage|p2a: Roulette|36/100
|-enditem|p2a: Roulette|Leftovers|[from] move: Knock Off|[of] p1a: Zeraora
|move|p2a: Roulette|Wish|p2a: Roulette
|
|upkeep
|turn|23
|
|t:|1607332273
|move|p1a: Zeraora|Plasma Fists|p2a: Roulette
|-damage|p2a: Roulette|0 fnt
|-fieldactivate|move: Ion Deluge
|faint|p2a: Roulette
|
|upkeep
|c|☆EliotEnRetar|:(
|c|☆EliotEnRetar|his wish will never come true
|
|t:|1607332296
|switch|p2a: Boom|Mamoswine, M|41/100
|-damage|p2a: Boom|29/100|[from] Stealth Rock
|turn|24
|
|t:|1607332307
|switch|p1a: Seismitoad|Seismitoad, F|90/100
|move|p2a: Boom|Ice Shard|p1a: Seismitoad
|-damage|p1a: Seismitoad|68/100
|-damage|p2a: Boom|19/100|[from] item: Life Orb
|
|-heal|p1a: Seismitoad|74/100|[from] item: Leftovers
|upkeep
|turn|25
|
|t:|1607332323
|move|p2a: Boom|Icicle Crash|p1a: Seismitoad
|-damage|p1a: Seismitoad|26/100
|-damage|p2a: Boom|9/100|[from] item: Life Orb
|move|p1a: Seismitoad|Scald|p2a: Boom
|-supereffective|p2a: Boom
|-damage|p2a: Boom|0 fnt
|faint|p2a: Boom
|
|-heal|p1a: Seismitoad|32/100|[from] item: Leftovers
|upkeep
|
|t:|1607332334
|switch|p2a: Jean-Crack|Gyarados, F|73/100
|turn|26
|
|t:|1607332340
|switch|p1a: Zeraora|Zeraora|47/100
|move|p2a: Jean-Crack|Dragon Dance|p2a: Jean-Crack
|-boost|p2a: Jean-Crack|atk|1
|-boost|p2a: Jean-Crack|spe|1
|
|upkeep
|turn|27
|
|t:|1607332352
|move|p2a: Jean-Crack|Ice Fang|p1a: Zeraora
|-damage|p1a: Zeraora|2/100
|move|p1a: Zeraora|Plasma Fists|p2a: Jean-Crack
|-supereffective|p2a: Jean-Crack
|-damage|p2a: Jean-Crack|0 fnt
|-fieldactivate|move: Ion Deluge
|faint|p2a: Jean-Crack
|
|upkeep
|c|☆EliotEnRetar|0o0
|c|☆EliotEnRetar|fuuuuuuuck
|
|t:|1607332372
|switch|p2a: Don|Roserade, F|52/100
|-damage|p2a: Don|40/100|[from] Stealth Rock
|turn|28
|c|☆Hiba Tawaji|gg
|
|t:|1607332384
|move|p1a: Zeraora|Knock Off|p2a: Don
|-damage|p2a: Don|0 fnt
|-enditem|p2a: Don|Choice Specs|[from] move: Knock Off|[of] p1a: Zeraora
|faint|p2a: Don
|
|win|Hiba Tawaji
|c|☆EliotEnRetar|gg
|raw|Hiba Tawaji's rating: 1605 &rarr; <strong>1617</strong><br />(+12 for winning)
|raw|EliotEnRetar's rating: 1458 &rarr; <strong>1446</strong><br />(-12 for losing)
|l|☆EliotEnRetar
|j| Totem skarm
|l| Totem skarm
