|j|☆Kisshot
|j|☆Azurasphaeren
|t:|1667224124
|gametype|singles
|player|p1|Kisshot|elesa|1493
|player|p2|Azurasphaeren|pokekid|1374
|teamsize|p1|6
|teamsize|p2|6
|gen|8
|tier|[Gen 8] UU
|rated|
|rule|Sleep Clause Mod: Limit one foe put to sleep
|rule|Species Clause: Limit one of each Pokémon
|rule|OHKO Clause: OHKO moves are banned
|rule|Evasion Items Clause: Evasion items are banned
|rule|Evasion Moves Clause: Evasion moves are banned
|rule|Endless Battle Clause: Forcing endless battles is banned
|rule|HP Percentage Mod: HP is shown in percentages
|rule|Dynamax Clause: You cannot dynamax
|clearpoke
|poke|p1|Crawdaunt, F|
|poke|p1|Keldeo-Resolute|
|poke|p1|Zarude|
|poke|p1|Moltres|
|poke|p1|Chansey, F|
|poke|p1|Weezing-Galar, M|
|poke|p2|Scizor, F|
|poke|p2|Tapu Bulu|
|poke|p2|Slowking, M|
|poke|p2|Mandibuzz, F|
|poke|p2|Zygarde-10%|
|poke|p2|Primarina, F|
|teampreview
|j| amogusroxyrrrr
|
|t:|1667224151
|start
|switch|p1a: Keldeo|Keldeo-Resolute|100/100
|switch|p2a: Zygarde|Zygarde-10%|100/100
|-ability|p2a: Zygarde|Aura Break
|turn|1
|
|t:|1667224173
|switch|p2a: Slowking|Slowking, M|100/100
|move|p1a: Keldeo|Flip Turn|p2a: Slowking
|-resisted|p2a: Slowking
|-damage|p2a: Slowking|94/100
|-damage|p1a: Keldeo|84/100|[from] item: Rocky Helmet|[of] p2a: Slowking
|
|t:|1667224180
|switch|p1a: Crawdaunt|Crawdaunt, F|100/100|[from]move: Flip Turn
|
|upkeep
|turn|2
|
|t:|1667224184
|switch|p2a: Tapu Bulu|Tapu Bulu|100/100
|-fieldstart|move: Grassy Terrain|[from] ability: Grassy Surge|[of] p2a: Tapu Bulu
|move|p1a: Crawdaunt|Knock Off|p2a: Tapu Bulu
|-resisted|p2a: Tapu Bulu
|-damage|p2a: Tapu Bulu|57/100
|-enditem|p2a: Tapu Bulu|Assault Vest|[from] move: Knock Off|[of] p1a: Crawdaunt
|
|-heal|p2a: Tapu Bulu|63/100|[from] Grassy Terrain
|upkeep
|turn|3
|
|t:|1667224193
|switch|p1a: Weezing|Weezing-Galar, M|100/100
|-ability|p1a: Weezing|Neutralizing Gas
|move|p2a: Tapu Bulu|Nature's Madness|p1a: Weezing
|-damage|p1a: Weezing|50/100
|
|-heal|p2a: Tapu Bulu|69/100|[from] Grassy Terrain
|-heal|p1a: Weezing|56/100|[from] Grassy Terrain
|-heal|p1a: Weezing|62/100|[from] item: Black Sludge
|upkeep
|turn|4
|
|t:|1667224206
|switch|p2a: Primarina|Primarina, F|100/100
|move|p1a: Weezing|Will-O-Wisp|p2a: Primarina
|-status|p2a: Primarina|brn
|
|-heal|p1a: Weezing|68/100|[from] Grassy Terrain
|-heal|p1a: Weezing|74/100|[from] item: Black Sludge
|-damage|p2a: Primarina|94/100 brn|[from] brn
|upkeep
|turn|5
|
|t:|1667224215
|-end|p1a: Weezing|ability: Neutralizing Gas
|switch|p1a: Chansey|Chansey, F|100/100
|move|p2a: Primarina|Calm Mind|p2a: Primarina
|-boost|p2a: Primarina|spa|1
|-boost|p2a: Primarina|spd|1
|
|-heal|p2a: Primarina|100/100 brn|[from] Grassy Terrain
|-damage|p2a: Primarina|94/100 brn|[from] brn
|upkeep
|turn|6
|
|t:|1667224224
|move|p2a: Primarina|Moonblast|p1a: Chansey
|-crit|p1a: Chansey
|-damage|p1a: Chansey|70/100
|move|p1a: Chansey|Stealth Rock|p2a: Primarina
|-sidestart|p2: Azurasphaeren|move: Stealth Rock
|
|-heal|p2a: Primarina|100/100 brn|[from] Grassy Terrain
|-heal|p1a: Chansey|76/100|[from] Grassy Terrain
|-damage|p2a: Primarina|94/100 brn|[from] brn
|-fieldend|move: Grassy Terrain
|upkeep
|turn|7
|
|t:|1667224234
|switch|p2a: Scizor|Scizor, F|100/100
|-damage|p2a: Scizor|88/100|[from] Stealth Rock
|move|p1a: Chansey|Teleport|p1a: Chansey
|
|t:|1667224238
|switch|p1a: Moltres|Moltres|100/100|[from]move: Teleport
|
|-heal|p2a: Scizor|94/100|[from] item: Leftovers
|upkeep
|turn|8
|
|t:|1667224243
|switch|p2a: Slowking|Slowking, M|100/100
|-damage|p2a: Slowking|88/100|[from] Stealth Rock
|move|p1a: Moltres|U-turn|p2a: Slowking
|-supereffective|p2a: Slowking
|-damage|p2a: Slowking|63/100
|-damage|p1a: Moltres|84/100|[from] item: Rocky Helmet|[of] p2a: Slowking
|
|t:|1667224253
|switch|p1a: Crawdaunt|Crawdaunt, F|100/100|[from]move: U-turn
|
|upkeep
|turn|9
|
|t:|1667224261
|switch|p2a: Mandibuzz|Mandibuzz, F|100/100
|move|p1a: Crawdaunt|Crabhammer|p2a: Mandibuzz|[miss]
|-miss|p1a: Crawdaunt|p2a: Mandibuzz
|
|upkeep
|turn|10
|
|t:|1667224267
|move|p2a: Mandibuzz|Defog|p1a: Crawdaunt
|-unboost|p1a: Crawdaunt|evasion|1
|-sideend|p2: Azurasphaeren|Stealth Rock|[from] move: Defog|[of] p2a: Mandibuzz
|move|p1a: Crawdaunt|Crabhammer|p2a: Mandibuzz
|-damage|p2a: Mandibuzz|35/100
|
|upkeep
|turn|11
|
|t:|1667224273
|move|p2a: Mandibuzz|U-turn|p1a: Crawdaunt
|-supereffective|p1a: Crawdaunt
|-damage|p1a: Crawdaunt|69/100
|
|t:|1667224275
|switch|p2a: Slowking|Slowking, M|96/100|[from]move: U-turn
|move|p1a: Crawdaunt|Crabhammer|p2a: Slowking
|-resisted|p2a: Slowking
|-damage|p2a: Slowking|50/100
|-damage|p1a: Crawdaunt|53/100|[from] item: Rocky Helmet|[of] p2a: Slowking
|
|upkeep
|turn|12
|
|t:|1667224282
|move|p1a: Crawdaunt|Crabhammer|p2a: Slowking
|-resisted|p2a: Slowking
|-damage|p2a: Slowking|7/100
|-damage|p1a: Crawdaunt|36/100|[from] item: Rocky Helmet|[of] p2a: Slowking
|move|p2a: Slowking|Slack Off|p2a: Slowking
|-heal|p2a: Slowking|57/100
|
|upkeep
|turn|13
|
|t:|1667224289
|move|p1a: Crawdaunt|Crabhammer|p2a: Slowking
|-resisted|p2a: Slowking
|-damage|p2a: Slowking|13/100
|-damage|p1a: Crawdaunt|20/100|[from] item: Rocky Helmet|[of] p2a: Slowking
|move|p2a: Slowking|Slack Off|p2a: Slowking
|-heal|p2a: Slowking|63/100
|
|upkeep
|turn|14
|
|t:|1667224297
|switch|p1a: Weezing|Weezing-Galar, M|74/100
|-ability|p1a: Weezing|Neutralizing Gas
|move|p2a: Slowking|Teleport|p2a: Slowking
|
|t:|1667224303
|switch|p2a: Zygarde|Zygarde-10%|100/100|[from]move: Teleport
|
|-heal|p1a: Weezing|80/100|[from] item: Black Sludge
|upkeep
|turn|15
|
|t:|1667224310
|-end|p1a: Weezing|ability: Neutralizing Gas
|-ability|p2a: Zygarde|Aura Break
|switch|p1a: Zarude|Zarude|100/100
|move|p2a: Zygarde|Thousand Arrows|p1a: Zarude
|-resisted|p1a: Zarude
|-damage|p1a: Zarude|71/100
|
|upkeep
|turn|16
|
|t:|1667224322
|switch|p2a: Tapu Bulu|Tapu Bulu|69/100
|-fieldstart|move: Grassy Terrain|[from] ability: Grassy Surge|[of] p2a: Tapu Bulu
|move|p1a: Zarude|U-turn|p2a: Tapu Bulu
|-damage|p2a: Tapu Bulu|48/100
|
|t:|1667224330
|switch|p1a: Moltres|Moltres|84/100|[from]move: U-turn
|
|-heal|p2a: Tapu Bulu|54/100|[from] Grassy Terrain
|upkeep
|turn|17
|
|t:|1667224337
|switch|p2a: Primarina|Primarina, F|94/100 brn
|move|p1a: Moltres|Mystical Fire|p2a: Primarina
|-resisted|p2a: Primarina
|-damage|p2a: Primarina|83/100 brn
|-unboost|p2a: Primarina|spa|1
|
|-heal|p2a: Primarina|89/100 brn|[from] Grassy Terrain
|-heal|p2a: Primarina|95/100 brn|[from] item: Leftovers
|-damage|p2a: Primarina|89/100 brn|[from] brn
|upkeep
|turn|18
|
|t:|1667224348
|move|p1a: Moltres|U-turn|p2a: Primarina
|-resisted|p2a: Primarina
|-damage|p2a: Primarina|79/100 brn
|
|t:|1667224351
|switch|p1a: Chansey|Chansey, F|76/100|[from]move: U-turn
|move|p2a: Primarina|Moonblast|p1a: Chansey
|-damage|p1a: Chansey|68/100
|-unboost|p1a: Chansey|spa|1
|
|-heal|p2a: Primarina|86/100 brn|[from] Grassy Terrain
|-heal|p2a: Primarina|92/100 brn|[from] item: Leftovers
|-heal|p1a: Chansey|75/100|[from] Grassy Terrain
|-damage|p2a: Primarina|86/100 brn|[from] brn
|upkeep
|turn|19
|
|t:|1667224363
|switch|p2a: Mandibuzz|Mandibuzz, F|35/100
|move|p1a: Chansey|Stealth Rock|p2a: Mandibuzz
|-sidestart|p2: Azurasphaeren|move: Stealth Rock
|
|-heal|p1a: Chansey|81/100|[from] Grassy Terrain
|upkeep
|turn|20
|
|t:|1667224370
|move|p2a: Mandibuzz|Defog|p1a: Chansey
|-unboost|p1a: Chansey|evasion|1
|-sideend|p2: Azurasphaeren|Stealth Rock|[from] move: Defog|[of] p2a: Mandibuzz
|-fieldend|move: Grassy Terrain
|move|p1a: Chansey|Teleport|p1a: Chansey
|
|t:|1667224377
|switch|p1a: Keldeo|Keldeo-Resolute|84/100|[from]move: Teleport
|
|upkeep
|turn|21
|
|t:|1667224383
|switch|p2a: Slowking|Slowking, M|63/100
|move|p1a: Keldeo|Flip Turn|p2a: Slowking
|-resisted|p2a: Slowking
|-damage|p2a: Slowking|57/100
|-damage|p1a: Keldeo|68/100|[from] item: Rocky Helmet|[of] p2a: Slowking
|
|t:|1667224390
|switch|p1a: Crawdaunt|Crawdaunt, F|20/100|[from]move: Flip Turn
|
|upkeep
|turn|22
|
|t:|1667224395
|switch|p2a: Tapu Bulu|Tapu Bulu|54/100
|-fieldstart|move: Grassy Terrain|[from] ability: Grassy Surge|[of] p2a: Tapu Bulu
|move|p1a: Crawdaunt|Knock Off|p2a: Tapu Bulu
|-resisted|p2a: Tapu Bulu
|-damage|p2a: Tapu Bulu|23/100
|
|-heal|p2a: Tapu Bulu|29/100|[from] Grassy Terrain
|-heal|p1a: Crawdaunt|26/100|[from] Grassy Terrain
|upkeep
|turn|23
|
|t:|1667224406
|switch|p1a: Weezing|Weezing-Galar, M|80/100
|-ability|p1a: Weezing|Neutralizing Gas
|move|p2a: Tapu Bulu|Horn Leech|p1a: Weezing
|-resisted|p1a: Weezing
|-damage|p1a: Weezing|63/100
|-heal|p2a: Tapu Bulu|37/100|[from] drain|[of] p1a: Weezing
|
|-heal|p2a: Tapu Bulu|44/100|[from] Grassy Terrain
|-heal|p1a: Weezing|69/100|[from] Grassy Terrain
|-heal|p1a: Weezing|75/100|[from] item: Black Sludge
|upkeep
|turn|24
|
|t:|1667224419
|switch|p2a: Primarina|Primarina, F|86/100 brn
|-end|p1a: Weezing|ability: Neutralizing Gas
|switch|p1a: Chansey|Chansey, F|81/100
|
|-heal|p2a: Primarina|92/100 brn|[from] Grassy Terrain
|-heal|p2a: Primarina|98/100 brn|[from] item: Leftovers
|-heal|p1a: Chansey|87/100|[from] Grassy Terrain
|-damage|p2a: Primarina|92/100 brn|[from] brn
|upkeep
|turn|25
|
|t:|1667224429
|switch|p2a: Scizor|Scizor, F|94/100
|move|p1a: Chansey|Teleport|p1a: Chansey
|
|t:|1667224432
|switch|p1a: Moltres|Moltres|84/100|[from]move: Teleport
|
|-heal|p2a: Scizor|100/100|[from] Grassy Terrain
|upkeep
|turn|26
|
|t:|1667224438
|switch|p2a: Slowking|Slowking, M|91/100
|move|p1a: Moltres|U-turn|p2a: Slowking
|-supereffective|p2a: Slowking
|-damage|p2a: Slowking|67/100
|-damage|p1a: Moltres|67/100|[from] item: Rocky Helmet|[of] p2a: Slowking
|
|t:|1667224444
|switch|p1a: Crawdaunt|Crawdaunt, F|26/100|[from]move: U-turn
|
|-heal|p1a: Crawdaunt|32/100|[from] Grassy Terrain
|-heal|p2a: Slowking|73/100|[from] Grassy Terrain
|-fieldend|move: Grassy Terrain
|upkeep
|turn|27
|
|t:|1667224450
|switch|p2a: Mandibuzz|Mandibuzz, F|35/100
|move|p1a: Crawdaunt|Knock Off|p2a: Mandibuzz
|-resisted|p2a: Mandibuzz
|-damage|p2a: Mandibuzz|0 fnt
|-enditem|p2a: Mandibuzz|Heavy-Duty Boots|[from] move: Knock Off|[of] p1a: Crawdaunt
|faint|p2a: Mandibuzz
|
|upkeep
|
|t:|1667224459
|switch|p2a: Zygarde|Zygarde-10%|100/100
|-ability|p2a: Zygarde|Aura Break
|turn|28
|
|t:|1667224477
|switch|p1a: Zarude|Zarude|71/100
|move|p2a: Zygarde|Thousand Arrows|p1a: Zarude
|-resisted|p1a: Zarude
|-damage|p1a: Zarude|42/100
|
|upkeep
|turn|29
|
|t:|1667224486
|switch|p2a: Scizor|Scizor, F|100/100
|move|p1a: Zarude|U-turn|p2a: Scizor
|-resisted|p2a: Scizor
|-damage|p2a: Scizor|88/100
|
|t:|1667224491
|switch|p1a: Moltres|Moltres|67/100|[from]move: U-turn
|
|-heal|p2a: Scizor|94/100|[from] item: Leftovers
|upkeep
|turn|30
|
|t:|1667224496
|move|p1a: Moltres|U-turn|p2a: Scizor
|-resisted|p2a: Scizor
|-damage|p2a: Scizor|86/100
|
|t:|1667224500
|switch|p1a: Weezing|Weezing-Galar, M|75/100|[from]move: U-turn
|-ability|p1a: Weezing|Neutralizing Gas
|move|p2a: Scizor|U-turn|p1a: Weezing
|-resisted|p1a: Weezing
|-damage|p1a: Weezing|70/100
|
|t:|1667224503
|switch|p2a: Zygarde|Zygarde-10%|100/100|[from]move: U-turn
|
|-heal|p1a: Weezing|76/100|[from] item: Black Sludge
|upkeep
|turn|31
|
|t:|1667224510
|move|p2a: Zygarde|Thousand Arrows|p1a: Weezing
|-supereffective|p1a: Weezing
|-crit|p1a: Weezing
|-damage|p1a: Weezing|0 fnt
|faint|p1a: Weezing
|-end|p1a: Weezing|ability: Neutralizing Gas
|-ability|p2a: Zygarde|Aura Break
|
|upkeep
|
|t:|1667224517
|switch|p1a: Chansey|Chansey, F|87/100
|turn|32
|
|t:|1667224521
|move|p2a: Zygarde|Thousand Arrows|p1a: Chansey
|-damage|p1a: Chansey|50/100
|move|p1a: Chansey|Stealth Rock|p2a: Zygarde
|-sidestart|p2: Azurasphaeren|move: Stealth Rock
|
|upkeep
|turn|33
|
|t:|1667224535
|switch|p2a: Tapu Bulu|Tapu Bulu|44/100
|-damage|p2a: Tapu Bulu|31/100|[from] Stealth Rock
|-fieldstart|move: Grassy Terrain|[from] ability: Grassy Surge|[of] p2a: Tapu Bulu
|move|p1a: Chansey|Soft-Boiled|p1a: Chansey
|-heal|p1a: Chansey|99/100
|
|-heal|p2a: Tapu Bulu|37/100|[from] Grassy Terrain
|-heal|p1a: Chansey|100/100|[from] Grassy Terrain
|upkeep
|turn|34
|
|t:|1667224546
|switch|p1a: Moltres|Moltres|67/100
|move|p2a: Tapu Bulu|Stone Edge|p1a: Moltres
|-supereffective|p1a: Moltres
|-damage|p1a: Moltres|0 fnt
|faint|p1a: Moltres
|
|-heal|p2a: Tapu Bulu|44/100|[from] Grassy Terrain
|upkeep
|
|t:|1667224559
|switch|p1a: Keldeo|Keldeo-Resolute|68/100
|turn|35
|
|t:|1667224562
|switch|p2a: Slowking|Slowking, M|100/100
|-damage|p2a: Slowking|88/100|[from] Stealth Rock
|move|p1a: Keldeo|Focus Blast|p2a: Slowking
|-resisted|p2a: Slowking
|-damage|p2a: Slowking|55/100
|
|-heal|p1a: Keldeo|74/100|[from] Grassy Terrain
|-heal|p2a: Slowking|61/100|[from] Grassy Terrain
|upkeep
|turn|36
|
|t:|1667224572
|move|p1a: Keldeo|Focus Blast|p2a: Slowking|[miss]
|-miss|p1a: Keldeo|p2a: Slowking
|move|p2a: Slowking|Slack Off|p2a: Slowking
|-heal|p2a: Slowking|100/100
|
|-heal|p1a: Keldeo|80/100|[from] Grassy Terrain
|upkeep
|turn|37
|
|t:|1667224580
|switch|p1a: Crawdaunt|Crawdaunt, F|32/100
|move|p2a: Slowking|Future Sight|p1a: Crawdaunt
|-start|p2a: Slowking|move: Future Sight
|
|-heal|p1a: Crawdaunt|38/100|[from] Grassy Terrain
|-fieldend|move: Grassy Terrain
|upkeep
|turn|38
|
|t:|1667224590
|switch|p2a: Primarina|Primarina, F|92/100 brn
|-damage|p2a: Primarina|79/100 brn|[from] Stealth Rock
|move|p1a: Crawdaunt|Knock Off|p2a: Primarina
|-resisted|p2a: Primarina
|-damage|p2a: Primarina|12/100 brn
|-enditem|p2a: Primarina|Leftovers|[from] move: Knock Off|[of] p1a: Crawdaunt
|
|-damage|p2a: Primarina|6/100 brn|[from] brn
|upkeep
|turn|39
|
|t:|1667224601
|switch|p1a: Chansey|Chansey, F|100/100
|move|p2a: Primarina|Moonblast|p1a: Chansey
|-damage|p1a: Chansey|89/100
|
|-end|p1a: Chansey|move: Future Sight
|-damage|p1a: Chansey|75/100
|-damage|p2a: Primarina|0 fnt|[from] brn
|faint|p2a: Primarina
|upkeep
|
|t:|1667224606
|switch|p2a: Tapu Bulu|Tapu Bulu|44/100
|-damage|p2a: Tapu Bulu|31/100|[from] Stealth Rock
|-fieldstart|move: Grassy Terrain|[from] ability: Grassy Surge|[of] p2a: Tapu Bulu
|turn|40
|
|t:|1667224617
|switch|p1a: Zarude|Zarude|42/100
|move|p2a: Tapu Bulu|Horn Leech|p1a: Zarude
|-resisted|p1a: Zarude
|-damage|p1a: Zarude|21/100
|-heal|p2a: Tapu Bulu|42/100|[from] drain|[of] p1a: Zarude
|
|-heal|p1a: Zarude|27/100|[from] Grassy Terrain
|-heal|p2a: Tapu Bulu|48/100|[from] Grassy Terrain
|upkeep
|turn|41
|
|t:|1667224628
|move|p1a: Zarude|Power Whip|p2a: Tapu Bulu
|-resisted|p2a: Tapu Bulu
|-damage|p2a: Tapu Bulu|17/100
|move|p2a: Tapu Bulu|Horn Leech|p1a: Zarude
|-resisted|p1a: Zarude
|-damage|p1a: Zarude|3/100
|-heal|p2a: Tapu Bulu|29/100|[from] drain|[of] p1a: Zarude
|
|-heal|p1a: Zarude|9/100|[from] Grassy Terrain
|-heal|p2a: Tapu Bulu|35/100|[from] Grassy Terrain
|upkeep
|turn|42
|
|t:|1667224638
|switch|p2a: Scizor|Scizor, F|86/100
|-damage|p2a: Scizor|74/100|[from] Stealth Rock
|move|p1a: Zarude|Power Whip|p2a: Scizor
|-resisted|p2a: Scizor
|-damage|p2a: Scizor|55/100
|
|-heal|p1a: Zarude|15/100|[from] Grassy Terrain
|-heal|p2a: Scizor|61/100|[from] Grassy Terrain
|-heal|p2a: Scizor|67/100|[from] item: Leftovers
|upkeep
|turn|43
|
|t:|1667224649
|switch|p1a: Keldeo|Keldeo-Resolute|80/100
|move|p2a: Scizor|Swords Dance|p2a: Scizor
|-boost|p2a: Scizor|atk|2
|
|-heal|p1a: Keldeo|86/100|[from] Grassy Terrain
|-heal|p2a: Scizor|73/100|[from] Grassy Terrain
|-heal|p2a: Scizor|80/100|[from] item: Leftovers
|upkeep
|turn|44
|
|t:|1667224660
|switch|p2a: Slowking|Slowking, M|100/100
|-damage|p2a: Slowking|88/100|[from] Stealth Rock
|move|p1a: Keldeo|Focus Blast|p2a: Slowking
|-resisted|p2a: Slowking
|-damage|p2a: Slowking|57/100
|
|-heal|p1a: Keldeo|92/100|[from] Grassy Terrain
|-heal|p2a: Slowking|63/100|[from] Grassy Terrain
|-fieldend|move: Grassy Terrain
|upkeep
|turn|45
|
|t:|1667224671
|switch|p1a: Crawdaunt|Crawdaunt, F|38/100
|move|p2a: Slowking|Teleport|p2a: Slowking
|
|t:|1667224675
|switch|p2a: Zygarde|Zygarde-10%|100/100|[from]move: Teleport
|-damage|p2a: Zygarde|94/100|[from] Stealth Rock
|-ability|p2a: Zygarde|Aura Break
|
|upkeep
|turn|46
|
|t:|1667224681
|switch|p1a: Chansey|Chansey, F|75/100
|move|p2a: Zygarde|Thousand Arrows|p1a: Chansey
|-damage|p1a: Chansey|37/100
|
|upkeep
|turn|47
|
|t:|1667224688
|move|p2a: Zygarde|Thousand Arrows|p1a: Chansey
|-damage|p1a: Chansey|1/100
|move|p1a: Chansey|Soft-Boiled|p1a: Chansey
|-heal|p1a: Chansey|51/100
|
|upkeep
|turn|48
|
|t:|1667224697
|switch|p2a: Tapu Bulu|Tapu Bulu|35/100
|-damage|p2a: Tapu Bulu|23/100|[from] Stealth Rock
|-fieldstart|move: Grassy Terrain|[from] ability: Grassy Surge|[of] p2a: Tapu Bulu
|move|p1a: Chansey|Soft-Boiled|p1a: Chansey
|-heal|p1a: Chansey|100/100
|
|-heal|p2a: Tapu Bulu|29/100|[from] Grassy Terrain
|upkeep
|turn|49
|
|t:|1667224711
|switch|p1a: Zarude|Zarude|15/100
|move|p2a: Tapu Bulu|Horn Leech|p1a: Zarude
|-resisted|p1a: Zarude
|-damage|p1a: Zarude|0 fnt
|-heal|p2a: Tapu Bulu|37/100|[from] drain|[of] p1a: Zarude
|faint|p1a: Zarude
|
|-heal|p2a: Tapu Bulu|43/100|[from] Grassy Terrain
|upkeep
|
|t:|1667224720
|switch|p1a: Keldeo|Keldeo-Resolute|92/100
|turn|50
|
|t:|1667224726
|move|p1a: Keldeo|Focus Blast|p2a: Tapu Bulu
|-resisted|p2a: Tapu Bulu
|-damage|p2a: Tapu Bulu|0 fnt
|faint|p2a: Tapu Bulu
|
|-heal|p1a: Keldeo|99/100|[from] Grassy Terrain
|upkeep
|
|t:|1667224736
|switch|p2a: Zygarde|Zygarde-10%|94/100
|-damage|p2a: Zygarde|88/100|[from] Stealth Rock
|-ability|p2a: Zygarde|Aura Break
|turn|51
|
|t:|1667224741
|move|p2a: Zygarde|Outrage|p1a: Keldeo
|-damage|p1a: Keldeo|16/100
|move|p1a: Keldeo|Focus Blast|p2a: Zygarde
|-damage|p2a: Zygarde|0 fnt
|faint|p2a: Zygarde
|
|-heal|p1a: Keldeo|22/100|[from] Grassy Terrain
|upkeep
|
|t:|1667224745
|switch|p2a: Slowking|Slowking, M|97/100
|-damage|p2a: Slowking|84/100|[from] Stealth Rock
|turn|52
|
|t:|1667224752
|switch|p1a: Crawdaunt|Crawdaunt, F|38/100
|move|p2a: Slowking|Teleport|p2a: Slowking
|
|t:|1667224755
|switch|p2a: Scizor|Scizor, F|80/100|[from]move: Teleport
|-damage|p2a: Scizor|67/100|[from] Stealth Rock
|
|-heal|p1a: Crawdaunt|44/100|[from] Grassy Terrain
|-heal|p2a: Scizor|73/100|[from] Grassy Terrain
|-heal|p2a: Scizor|80/100|[from] item: Leftovers
|-fieldend|move: Grassy Terrain
|upkeep
|turn|53
|
|t:|1667224764
|move|p1a: Crawdaunt|Knock Off|p2a: Scizor
|-damage|p2a: Scizor|0 fnt
|-enditem|p2a: Scizor|Leftovers|[from] move: Knock Off|[of] p1a: Crawdaunt
|faint|p2a: Scizor
|
|upkeep
|
|t:|1667224766
|switch|p2a: Slowking|Slowking, M|100/100
|-damage|p2a: Slowking|88/100|[from] Stealth Rock
|turn|54
|
|t:|1667224771
|move|p1a: Crawdaunt|Knock Off|p2a: Slowking
|-supereffective|p2a: Slowking
|-damage|p2a: Slowking|0 fnt
|-damage|p1a: Crawdaunt|27/100|[from] item: Rocky Helmet|[of] p2a: Slowking
|-enditem|p2a: Slowking|Rocky Helmet|[from] move: Knock Off|[of] p1a: Crawdaunt
|faint|p2a: Slowking
|
|win|Kisshot
|raw|Kisshot's rating: 1493 &rarr; <strong>1506</strong><br />(+13 for winning)
|raw|Azurasphaeren's rating: 1374 &rarr; <strong>1361</strong><br />(-13 for losing)
|l|☆Azurasphaeren
|l| amogusroxyrrrr
||Ladder isn't responding, score probably updated but might not have (Request timeout).
