|j|☆Fairlumbo
|j|☆ToruToru
|t:|1606425530
|player|p1|Fairlumbo|209|1356
|player|p2|ToruToru|nate|1397
|teamsize|p1|6
|teamsize|p2|6
|gametype|singles
|gen|8
|tier|[Gen 8] UU
|rated|
|clearpoke
|poke|p1|Alakazam, F|
|poke|p1|Rotom-Heat|
|poke|p1|Hippowdon, M|
|poke|p1|Suicune|
|poke|p1|Jirachi|
|poke|p1|Mienshao, M|
|poke|p2|Tapu Lele|
|poke|p2|Scizor, M|
|poke|p2|Hydreigon, M|
|poke|p2|Keldeo-Resolute|
|poke|p2|Zeraora|
|poke|p2|Skarmory, M|
|rule|Sleep Clause Mod: Limit one foe put to sleep
|rule|Species Clause: Limit one of each Pokémon
|rule|OHKO Clause: OHKO moves are banned
|rule|Evasion Moves Clause: Evasion moves are banned
|rule|Endless Battle Clause: Forcing endless battles is banned
|rule|HP Percentage Mod: HP is shown in percentages
|rule|Dynamax Clause: You cannot dynamax
|teampreview
|
|t:|1606425559
|start
|switch|p1a: Hippowdon|Hippowdon, M|100/100
|switch|p2a: Scizor|Scizor, M, shiny|100/100
|-weather|Sandstorm|[from] ability: Sand Stream|[of] p1a: Hippowdon
|turn|1
|
|t:|1606425577
|move|p2a: Scizor|U-turn|p1a: Hippowdon
|-crit|p1a: Hippowdon
|-damage|p1a: Hippowdon|54/100
|
|t:|1606425579
|switch|p2a: Tapu Lele|Tapu Lele, shiny|100/100|[from]move: U-turn
|-fieldstart|move: Psychic Terrain|[from] ability: Psychic Surge|[of] p2a: Tapu Lele
|move|p1a: Hippowdon|Stealth Rock|p2a: Tapu Lele
|-sidestart|p2: ToruToru|move: Stealth Rock
|
|-weather|Sandstorm|[upkeep]
|-damage|p2a: Tapu Lele|94/100|[from] Sandstorm
|-heal|p1a: Hippowdon|60/100|[from] item: Leftovers
|upkeep
|turn|2
|
|t:|1606425605
|switch|p1a: Jirachi|Jirachi|100/100
|move|p2a: Tapu Lele|Moonblast|p1a: Jirachi
|-resisted|p1a: Jirachi
|-damage|p1a: Jirachi|74/100
|
|-weather|Sandstorm|[upkeep]
|-damage|p2a: Tapu Lele|88/100|[from] Sandstorm
|-heal|p1a: Jirachi|80/100|[from] item: Leftovers
|upkeep
|turn|3
|
|t:|1606425611
|switch|p2a: Skarmory|Skarmory, M, shiny|100/100
|-damage|p2a: Skarmory|88/100|[from] Stealth Rock
|move|p1a: Jirachi|U-turn|p2a: Skarmory
|-resisted|p2a: Skarmory
|-damage|p2a: Skarmory|86/100
|-damage|p1a: Jirachi|63/100|[from] item: Rocky Helmet|[of] p2a: Skarmory
|
|t:|1606425621
|switch|p1a: Rotom|Rotom-Heat|100/100|[from]move: U-turn
|
|-weather|Sandstorm|[upkeep]
|-damage|p1a: Rotom|94/100|[from] Sandstorm
|upkeep
|turn|4
|
|t:|1606425644
|switch|p2a: Hydreigon|Hydreigon, M, shiny|100/100
|-damage|p2a: Hydreigon|88/100|[from] Stealth Rock
|move|p1a: Rotom|Will-O-Wisp|p2a: Hydreigon|[miss]
|-miss|p1a: Rotom|p2a: Hydreigon
|
|-weather|Sandstorm|[upkeep]
|-damage|p2a: Hydreigon|82/100|[from] Sandstorm
|-damage|p1a: Rotom|88/100|[from] Sandstorm
|-heal|p2a: Hydreigon|88/100|[from] item: Leftovers
|upkeep
|turn|5
|
|t:|1606425655
|switch|p1a: Mienshao|Mienshao, M|100/100
|move|p2a: Hydreigon|Defog|p1a: Mienshao
|-unboost|p1a: Mienshao|evasion|1
|-sideend|p2: ToruToru|Stealth Rock|[from] move: Defog|[of] p2a: Hydreigon
|-fieldend|move: Psychic Terrain
|
|-weather|none
|-heal|p2a: Hydreigon|94/100|[from] item: Leftovers
|upkeep
|turn|6
|
|t:|1606425666
|switch|p2a: Skarmory|Skarmory, M, shiny|86/100
|move|p1a: Mienshao|High Jump Kick|p2a: Skarmory|[miss]
|-miss|p1a: Mienshao|p2a: Skarmory
|-damage|p1a: Mienshao|51/100|[from] highjumpkick
|
|upkeep
|turn|7
|
|t:|1606425689
|switch|p1a: Jirachi|Jirachi|63/100
|switch|p2a: Scizor|Scizor, M, shiny|100/100
|
|-heal|p1a: Jirachi|70/100|[from] item: Leftovers
|upkeep
|turn|8
|
|t:|1606425697
|move|p1a: Jirachi|Protect|p1a: Jirachi
|-singleturn|p1a: Jirachi|Protect
|move|p2a: Scizor|Knock Off|p1a: Jirachi
|-activate|p1a: Jirachi|move: Protect
|
|-heal|p1a: Jirachi|76/100|[from] item: Leftovers
|upkeep
|turn|9
|
|t:|1606425705
|switch|p1a: Hippowdon|Hippowdon, M|60/100
|-weather|Sandstorm|[from] ability: Sand Stream|[of] p1a: Hippowdon
|move|p2a: Scizor|Knock Off|p1a: Hippowdon
|-damage|p1a: Hippowdon|32/100
|-enditem|p1a: Hippowdon|Leftovers|[from] move: Knock Off|[of] p2a: Scizor
|
|-weather|Sandstorm|[upkeep]
|upkeep
|turn|10
|
|t:|1606425722
|switch|p2a: Hydreigon|Hydreigon, M, shiny|94/100
|move|p1a: Hippowdon|Slack Off|p1a: Hippowdon
|-heal|p1a: Hippowdon|82/100
|
|-weather|Sandstorm|[upkeep]
|-damage|p2a: Hydreigon|88/100|[from] Sandstorm
|-heal|p2a: Hydreigon|94/100|[from] item: Leftovers
|upkeep
|turn|11
|
|t:|1606425728
|move|p2a: Hydreigon|Nasty Plot|p2a: Hydreigon
|-boost|p2a: Hydreigon|spa|2
|move|p1a: Hippowdon|Slack Off|p1a: Hippowdon
|-heal|p1a: Hippowdon|100/100
|
|-weather|Sandstorm|[upkeep]
|-damage|p2a: Hydreigon|88/100|[from] Sandstorm
|-heal|p2a: Hydreigon|94/100|[from] item: Leftovers
|upkeep
|turn|12
|
|t:|1606425738
|move|p2a: Hydreigon|Dark Pulse|p1a: Hippowdon
|-damage|p1a: Hippowdon|14/100
|move|p1a: Hippowdon|Whirlwind|p2a: Hydreigon
|drag|p2a: Zeraora|Zeraora, shiny|100/100
|
|-weather|Sandstorm|[upkeep]
|-damage|p2a: Zeraora|95/100|[from] Sandstorm
|upkeep
|turn|13
|
|t:|1606425772
|switch|p1a: Suicune|Suicune|100/100
|-ability|p1a: Suicune|Pressure
|move|p2a: Zeraora|Close Combat|p1a: Suicune
|-damage|p1a: Suicune|73/100
|-unboost|p2a: Zeraora|def|1
|-unboost|p2a: Zeraora|spd|1
|
|-weather|none
|-heal|p1a: Suicune|79/100|[from] item: Leftovers
|upkeep
|turn|14
|j| Buhdamdon
|
|t:|1606425779
|move|p1a: Suicune|Protect|p1a: Suicune
|-singleturn|p1a: Suicune|Protect
|move|p2a: Zeraora|Plasma Fists|p1a: Suicune
|-activate|p1a: Suicune|move: Protect
|
|-heal|p1a: Suicune|85/100|[from] item: Leftovers
|upkeep
|turn|15
|
|t:|1606425789
|switch|p1a: Hippowdon|Hippowdon, M|14/100
|-weather|Sandstorm|[from] ability: Sand Stream|[of] p1a: Hippowdon
|move|p2a: Zeraora|Volt Switch|p1a: Hippowdon
|-immune|p1a: Hippowdon
|
|-weather|Sandstorm|[upkeep]
|-damage|p2a: Zeraora|89/100|[from] Sandstorm
|upkeep
|turn|16
|
|t:|1606425796
|move|p2a: Zeraora|Close Combat|p1a: Hippowdon
|-damage|p1a: Hippowdon|0 fnt
|-unboost|p2a: Zeraora|def|1
|-unboost|p2a: Zeraora|spd|1
|faint|p1a: Hippowdon
|
|-weather|Sandstorm|[upkeep]
|-damage|p2a: Zeraora|83/100|[from] Sandstorm
|upkeep
|
|t:|1606425800
|switch|p1a: Mienshao|Mienshao, M|51/100
|turn|17
|
|t:|1606425816
|switch|p2a: Skarmory|Skarmory, M, shiny|86/100
|move|p1a: Mienshao|Knock Off|p2a: Skarmory
|-crit|p2a: Skarmory
|-damage|p2a: Skarmory|56/100
|-damage|p1a: Mienshao|34/100|[from] item: Rocky Helmet|[of] p2a: Skarmory
|-enditem|p2a: Skarmory|Rocky Helmet|[from] move: Knock Off|[of] p1a: Mienshao
|
|-weather|Sandstorm|[upkeep]
|-damage|p1a: Mienshao|28/100|[from] Sandstorm
|upkeep
|turn|18
|
|t:|1606425821
|switch|p1a: Jirachi|Jirachi|76/100
|move|p2a: Skarmory|Roost|p2a: Skarmory
|-heal|p2a: Skarmory|100/100
|-singleturn|p2a: Skarmory|move: Roost
|
|-weather|Sandstorm|[upkeep]
|-heal|p1a: Jirachi|82/100|[from] item: Leftovers
|upkeep
|turn|19
|
|t:|1606425830
|move|p1a: Jirachi|U-turn|p2a: Skarmory
|-resisted|p2a: Skarmory
|-damage|p2a: Skarmory|98/100
|
|t:|1606425833
|switch|p1a: Rotom|Rotom-Heat|88/100|[from]move: U-turn
|move|p2a: Skarmory|Stealth Rock|p1a: Rotom
|-sidestart|p1: Fairlumbo|move: Stealth Rock
|
|-weather|none
|upkeep
|turn|20
|
|t:|1606425841
|switch|p2a: Hydreigon|Hydreigon, M, shiny|94/100
|move|p1a: Rotom|Volt Switch|p2a: Hydreigon
|-resisted|p2a: Hydreigon
|-damage|p2a: Hydreigon|79/100
|
|t:|1606425848
|switch|p1a: Alakazam|Alakazam, F|100/100|[from]move: Volt Switch
|
|-heal|p2a: Hydreigon|85/100|[from] item: Leftovers
|upkeep
|turn|21
|
|t:|1606425861
|switch|p2a: Scizor|Scizor, M, shiny|100/100
|move|p1a: Alakazam|Focus Blast|p2a: Scizor
|-crit|p2a: Scizor
|-damage|p2a: Scizor|0 fnt
|faint|p2a: Scizor
|
|upkeep
|
|t:|1606425922
|switch|p2a: Tapu Lele|Tapu Lele, shiny|88/100
|-fieldstart|move: Psychic Terrain|[from] ability: Psychic Surge|[of] p2a: Tapu Lele
|turn|22
|j| z-trousselin
|l| Buhdamdon
|l| z-trousselin
|
|t:|1606425960
|move|p1a: Alakazam|Shadow Ball|p2a: Tapu Lele
|-supereffective|p2a: Tapu Lele
|-damage|p2a: Tapu Lele|2/100
|-unboost|p2a: Tapu Lele|spd|1
|move|p2a: Tapu Lele|Moonblast|p1a: Alakazam
|-damage|p1a: Alakazam|0 fnt
|faint|p1a: Alakazam
|
|upkeep
|
|t:|1606425974
|switch|p1a: Mienshao|Mienshao, M|28/100
|-damage|p1a: Mienshao|22/100|[from] Stealth Rock
|turn|23
|
|t:|1606425988
|switch|p2a: Skarmory|Skarmory, M, shiny|98/100
|move|p1a: Mienshao|High Jump Kick|p2a: Skarmory|[miss]
|-miss|p1a: Mienshao|p2a: Skarmory
|-damage|p1a: Mienshao|0 fnt|[from] highjumpkick
|faint|p1a: Mienshao
|
|upkeep
|
|t:|1606425995
|switch|p1a: Suicune|Suicune|85/100
|-damage|p1a: Suicune|73/100|[from] Stealth Rock
|-ability|p1a: Suicune|Pressure
|turn|24
|
|t:|1606426005
|move|p1a: Suicune|Substitute|p1a: Suicune
|-start|p1a: Suicune|Substitute
|-damage|p1a: Suicune|48/100
|move|p2a: Skarmory|Spikes|p1a: Suicune
|-sidestart|p1: Fairlumbo|Spikes
|
|-heal|p1a: Suicune|54/100|[from] item: Leftovers
|upkeep
|turn|25
|
|t:|1606426012
|move|p1a: Suicune|Scald|p2a: Skarmory
|-damage|p2a: Skarmory|64/100
|move|p2a: Skarmory|Whirlwind|p1a: Suicune
|drag|p1a: Rotom|Rotom-Heat|88/100
|
|upkeep
|turn|26
|
|t:|1606426027
|switch|p2a: Hydreigon|Hydreigon, M, shiny|85/100
|move|p1a: Rotom|Defog|p2a: Hydreigon
|-unboost|p2a: Hydreigon|evasion|1
|-sideend|p1: Fairlumbo|Spikes|[from] move: Defog|[of] p1a: Rotom
|-sideend|p1: Fairlumbo|Stealth Rock|[from] move: Defog|[of] p1a: Rotom
|-fieldend|move: Psychic Terrain
|
|-heal|p2a: Hydreigon|91/100|[from] item: Leftovers
|upkeep
|turn|27
|
|t:|1606426033
|move|p2a: Hydreigon|Nasty Plot|p2a: Hydreigon
|-boost|p2a: Hydreigon|spa|2
|move|p1a: Rotom|Will-O-Wisp|p2a: Hydreigon
|-status|p2a: Hydreigon|brn
|
|-heal|p2a: Hydreigon|97/100 brn|[from] item: Leftovers
|-damage|p2a: Hydreigon|91/100 brn|[from] brn
|upkeep
|turn|28
|
|t:|1606426044
|switch|p1a: Jirachi|Jirachi|82/100
|move|p2a: Hydreigon|Dark Pulse|p1a: Jirachi
|-supereffective|p1a: Jirachi
|-damage|p1a: Jirachi|0 fnt
|faint|p1a: Jirachi
|
|-heal|p2a: Hydreigon|97/100 brn|[from] item: Leftovers
|-damage|p2a: Hydreigon|91/100 brn|[from] brn
|upkeep
|
|t:|1606426047
|switch|p1a: Suicune|Suicune|54/100
|-ability|p1a: Suicune|Pressure
|turn|29
|
|t:|1606426053
|move|p2a: Hydreigon|Dark Pulse|p1a: Suicune
|-damage|p1a: Suicune|0 fnt
|faint|p1a: Suicune
|
|-heal|p2a: Hydreigon|97/100 brn|[from] item: Leftovers
|-damage|p2a: Hydreigon|91/100 brn|[from] brn
|upkeep
|
|t:|1606426056
|switch|p1a: Rotom|Rotom-Heat|88/100
|turn|30
|
|t:|1606426059
|move|p2a: Hydreigon|Dark Pulse|p1a: Rotom
|-damage|p1a: Rotom|5/100
|move|p1a: Rotom|Volt Switch|p2a: Hydreigon
|-resisted|p2a: Hydreigon
|-damage|p2a: Hydreigon|77/100 brn
|
|-heal|p2a: Hydreigon|84/100 brn|[from] item: Leftovers
|-damage|p2a: Hydreigon|77/100 brn|[from] brn
|upkeep
|turn|31
|
|t:|1606426074
|move|p2a: Hydreigon|Dark Pulse|p1a: Rotom
|-damage|p1a: Rotom|0 fnt
|faint|p1a: Rotom
|
|win|ToruToru
|l|☆Fairlumbo
