|j|☆Cardiologie
|j|☆Mimilucha
|inactive|Battle timer is ON: inactive players will automatically lose when time's up.
|t:|1660919475
|gametype|singles
|player|p1|Cardiologie|adaman|
|player|p2|Mimilucha|ethan-masters|
|teamsize|p1|6
|teamsize|p2|6
|gen|8
|tier|[Gen 8] UU
|rated|Tournament battle
|rule|Sleep Clause Mod: Limit one foe put to sleep
|rule|Species Clause: Limit one of each Pokémon
|rule|OHKO Clause: OHKO moves are banned
|rule|Evasion Items Clause: Evasion items are banned
|rule|Evasion Moves Clause: Evasion moves are banned
|rule|Endless Battle Clause: Forcing endless battles is banned
|rule|HP Percentage Mod: HP is shown in percentages
|rule|Dynamax Clause: You cannot dynamax
|clearpoke
|poke|p1|Primarina, M|
|poke|p1|Hydreigon, F|
|poke|p1|Scizor, M|
|poke|p1|Hippowdon, M|
|poke|p1|Tangrowth, M|
|poke|p1|Moltres|
|poke|p2|Diggersby, F|
|poke|p2|Raikou|
|poke|p2|Hydreigon, M|
|poke|p2|Nihilego|
|poke|p2|Amoonguss, M|
|poke|p2|Skarmory, M|
|teampreview
|inactive|Mimilucha also wants the timer to be on.
|c|☆Cardiologie|hf
|c|☆Mimilucha|=
|j|%iKiQ ㋛
|j| Amedee64
|
|t:|1660919502
|start
|switch|p1a: Hydreigon|Hydreigon, F|100/100
|switch|p2a: Hydreigon|Hydreigon, M|100/100
|turn|1
|j| BDSPLT3SJalorsptet
|
|t:|1660919515
|switch|p1a: Primarina|Primarina, M|100/100
|switch|p2a: Amoonguss|Amoonguss, M|100/100
|
|upkeep
|turn|2
|j| Prodigezz
|l| Amedee64
|j| attention a toi
|j| Amelza
|inactive|Cardiologie has 120 seconds left.
|
|t:|1660919548
|move|p1a: Primarina|Psychic|p2a: Amoonguss
|-supereffective|p2a: Amoonguss
|-damage|p2a: Amoonguss|18/100
|move|p2a: Amoonguss|Spore|p1a: Primarina
|-status|p1a: Primarina|slp|[from] move: Spore
|
|-heal|p2a: Amoonguss|24/100|[from] item: Black Sludge
|upkeep
|turn|3
|
|t:|1660919557
|switch|p1a: Moltres|Moltres|100/100
|move|p2a: Amoonguss|Synthesis|p2a: Amoonguss
|-heal|p2a: Amoonguss|74/100
|
|-heal|p2a: Amoonguss|80/100|[from] item: Black Sludge
|upkeep
|turn|4
|j| Amedee64
|
|t:|1660919564
|switch|p1a: Scizor|Scizor, M|100/100
|switch|p2a: Nihilego|Nihilego|100/100
|
|upkeep
|turn|5
|
|t:|1660919570
|switch|p2a: Skarmory|Skarmory, M|100/100
|move|p1a: Scizor|Knock Off|p2a: Skarmory
|-damage|p2a: Skarmory|82/100
|-damage|p1a: Scizor|84/100|[from] item: Rocky Helmet|[of] p2a: Skarmory
|-enditem|p2a: Skarmory|Rocky Helmet|[from] move: Knock Off|[of] p1a: Scizor
|
|upkeep
|turn|6
|
|t:|1660919580
|move|p2a: Skarmory|Spikes|p1a: Scizor
|-sidestart|p1: Cardiologie|Spikes
|move|p1a: Scizor|U-turn|p2a: Skarmory
|-resisted|p2a: Skarmory
|-damage|p2a: Skarmory|77/100
|
|t:|1660919586
|switch|p1a: Hydreigon|Hydreigon, F|100/100|[from]move: U-turn
|
|upkeep
|turn|7
|
|t:|1660919598
|switch|p2a: Nihilego|Nihilego|100/100
|move|p1a: Hydreigon|U-turn|p2a: Nihilego
|-resisted|p2a: Nihilego
|-damage|p2a: Nihilego|89/100
|
|t:|1660919613
|switch|p1a: Hippowdon|Hippowdon, M|100/100|[from]move: U-turn
|-damage|p1a: Hippowdon|88/100|[from] Spikes
|-weather|Sandstorm|[from] ability: Sand Stream|[of] p1a: Hippowdon
|
|-weather|Sandstorm|[upkeep]
|-heal|p2a: Nihilego|95/100|[from] item: Black Sludge
|-heal|p1a: Hippowdon|94/100|[from] item: Leftovers
|upkeep
|turn|8
|
|t:|1660919619
|switch|p2a: Hydreigon|Hydreigon, M|100/100
|move|p1a: Hippowdon|Stealth Rock|p2a: Hydreigon
|-sidestart|p2: Mimilucha|move: Stealth Rock
|
|-weather|Sandstorm|[upkeep]
|-damage|p2a: Hydreigon|94/100|[from] Sandstorm
|-heal|p1a: Hippowdon|100/100|[from] item: Leftovers
|upkeep
|turn|9
|
|t:|1660919628
|move|p2a: Hydreigon|Dark Pulse|p1a: Hippowdon
|-damage|p1a: Hippowdon|40/100
|move|p1a: Hippowdon|Toxic|p2a: Hydreigon
|-status|p2a: Hydreigon|tox
|
|-weather|Sandstorm|[upkeep]
|-damage|p2a: Hydreigon|88/100 tox|[from] Sandstorm
|-heal|p1a: Hippowdon|47/100|[from] item: Leftovers
|-damage|p2a: Hydreigon|82/100 tox|[from] psn
|upkeep
|turn|10
|
|t:|1660919635
|switch|p1a: Hydreigon|Hydreigon, F|100/100
|move|p2a: Hydreigon|Dark Pulse|p1a: Hydreigon
|-resisted|p1a: Hydreigon
|-damage|p1a: Hydreigon|65/100
|
|-weather|Sandstorm|[upkeep]
|-damage|p1a: Hydreigon|59/100|[from] Sandstorm
|-damage|p2a: Hydreigon|76/100 tox|[from] Sandstorm
|-damage|p2a: Hydreigon|64/100 tox|[from] psn
|upkeep
|turn|11
|
|t:|1660919642
|switch|p2a: Amoonguss|Amoonguss, M|100/100
|-damage|p2a: Amoonguss|88/100|[from] Stealth Rock
|move|p1a: Hydreigon|Draco Meteor|p2a: Amoonguss
|-damage|p2a: Amoonguss|30/100
|-unboost|p1a: Hydreigon|spa|2
|
|-weather|none
|-heal|p2a: Amoonguss|36/100|[from] item: Black Sludge
|upkeep
|turn|12
|
|t:|1660919658
|switch|p1a: Moltres|Moltres|100/100
|switch|p2a: Nihilego|Nihilego|95/100
|-damage|p2a: Nihilego|82/100|[from] Stealth Rock
|
|-heal|p2a: Nihilego|88/100|[from] item: Black Sludge
|upkeep
|turn|13
|
|t:|1660919663
|switch|p1a: Hippowdon|Hippowdon, M|47/100
|-damage|p1a: Hippowdon|34/100|[from] Spikes
|-weather|Sandstorm|[from] ability: Sand Stream|[of] p1a: Hippowdon
|move|p2a: Nihilego|Stealth Rock|p1a: Hippowdon
|-sidestart|p1: Cardiologie|move: Stealth Rock
|
|-weather|Sandstorm|[upkeep]
|-heal|p2a: Nihilego|94/100|[from] item: Black Sludge
|-heal|p1a: Hippowdon|40/100|[from] item: Leftovers
|upkeep
|turn|14
|
|t:|1660919676
|switch|p2a: Hydreigon|Hydreigon, M|64/100 tox
|-damage|p2a: Hydreigon|51/100 tox|[from] Stealth Rock
|move|p1a: Hippowdon|Slack Off|p1a: Hippowdon
|-heal|p1a: Hippowdon|90/100
|
|-weather|Sandstorm|[upkeep]
|-damage|p2a: Hydreigon|45/100 tox|[from] Sandstorm
|-heal|p1a: Hippowdon|97/100|[from] item: Leftovers
|-damage|p2a: Hydreigon|39/100 tox|[from] psn
|upkeep
|turn|15
|
|t:|1660919688
|move|p2a: Hydreigon|Draco Meteor|p1a: Hippowdon
|-damage|p1a: Hippowdon|2/100
|-unboost|p2a: Hydreigon|spa|2
|move|p1a: Hippowdon|Slack Off|p1a: Hippowdon
|-heal|p1a: Hippowdon|52/100
|
|-weather|Sandstorm|[upkeep]
|-damage|p2a: Hydreigon|33/100 tox|[from] Sandstorm
|-heal|p1a: Hippowdon|59/100|[from] item: Leftovers
|-damage|p2a: Hydreigon|20/100 tox|[from] psn
|upkeep
|turn|16
|
|t:|1660919699
|switch|p2a: Skarmory|Skarmory, M|77/100
|-damage|p2a: Skarmory|65/100|[from] Stealth Rock
|move|p1a: Hippowdon|Slack Off|p1a: Hippowdon
|-heal|p1a: Hippowdon|100/100
|
|-weather|Sandstorm|[upkeep]
|upkeep
|turn|17
|
|t:|1660919703
|switch|p2a: Nihilego|Nihilego|94/100
|-damage|p2a: Nihilego|82/100|[from] Stealth Rock
|switch|p1a: Moltres|Moltres|100/100
|
|-weather|none
|-heal|p2a: Nihilego|88/100|[from] item: Black Sludge
|upkeep
|turn|18
|
|t:|1660919708
|switch|p1a: Hippowdon|Hippowdon, M|100/100
|-damage|p1a: Hippowdon|88/100|[from] Spikes
|-damage|p1a: Hippowdon|82/100|[from] Stealth Rock
|-weather|Sandstorm|[from] ability: Sand Stream|[of] p1a: Hippowdon
|move|p2a: Nihilego|Knock Off|p1a: Hippowdon
|-damage|p1a: Hippowdon|74/100
|-enditem|p1a: Hippowdon|Leftovers|[from] move: Knock Off|[of] p2a: Nihilego
|
|-weather|Sandstorm|[upkeep]
|-heal|p2a: Nihilego|94/100|[from] item: Black Sludge
|upkeep
|turn|19
|
|t:|1660919723
|switch|p2a: Skarmory|Skarmory, M|65/100
|-damage|p2a: Skarmory|53/100|[from] Stealth Rock
|switch|p1a: Moltres|Moltres|100/100
|
|-weather|Sandstorm|[upkeep]
|-damage|p1a: Moltres|94/100|[from] Sandstorm
|upkeep
|turn|20
|l| Amelza
|
|t:|1660919726
|switch|p2a: Nihilego|Nihilego|94/100
|-damage|p2a: Nihilego|82/100|[from] Stealth Rock
|move|p1a: Moltres|Defog|p2a: Nihilego
|-unboost|p2a: Nihilego|evasion|1
|-sideend|p2: Mimilucha|Stealth Rock|[from] move: Defog|[of] p1a: Moltres
|-sideend|p1: Cardiologie|Spikes|[from] move: Defog|[of] p1a: Moltres
|-sideend|p1: Cardiologie|Stealth Rock|[from] move: Defog|[of] p1a: Moltres
|
|-weather|Sandstorm|[upkeep]
|-damage|p1a: Moltres|88/100|[from] Sandstorm
|-heal|p2a: Nihilego|88/100|[from] item: Black Sludge
|upkeep
|turn|21
|
|t:|1660919734
|switch|p1a: Hippowdon|Hippowdon, M|74/100
|move|p2a: Nihilego|Stealth Rock|p1a: Hippowdon
|-sidestart|p1: Cardiologie|move: Stealth Rock
|
|-weather|Sandstorm|[upkeep]
|-heal|p2a: Nihilego|94/100|[from] item: Black Sludge
|upkeep
|turn|22
|
|t:|1660919741
|switch|p2a: Skarmory|Skarmory, M|53/100
|move|p1a: Hippowdon|Stealth Rock|p2a: Skarmory
|-sidestart|p2: Mimilucha|move: Stealth Rock
|
|-weather|none
|upkeep
|turn|23
|
|t:|1660919751
|switch|p1a: Moltres|Moltres|88/100
|move|p2a: Skarmory|Roost|p2a: Skarmory
|-heal|p2a: Skarmory|100/100
|-singleturn|p2a: Skarmory|move: Roost
|
|upkeep
|turn|24
|j| Dinoman42
|
|t:|1660919758
|switch|p2a: Nihilego|Nihilego|94/100
|-damage|p2a: Nihilego|81/100|[from] Stealth Rock
|move|p1a: Moltres|Flamethrower|p2a: Nihilego
|-resisted|p2a: Nihilego
|-damage|p2a: Nihilego|68/100
|
|-heal|p2a: Nihilego|74/100|[from] item: Black Sludge
|upkeep
|turn|25
|
|t:|1660919766
|switch|p1a: Hippowdon|Hippowdon, M|74/100
|-damage|p1a: Hippowdon|68/100|[from] Stealth Rock
|-weather|Sandstorm|[from] ability: Sand Stream|[of] p1a: Hippowdon
|move|p2a: Nihilego|Sludge Bomb|p1a: Hippowdon
|-resisted|p1a: Hippowdon
|-damage|p1a: Hippowdon|50/100
|
|-weather|Sandstorm|[upkeep]
|-heal|p2a: Nihilego|80/100|[from] item: Black Sludge
|upkeep
|turn|26
|
|t:|1660919770
|move|p2a: Nihilego|Sludge Bomb|p1a: Hippowdon
|-resisted|p1a: Hippowdon
|-damage|p1a: Hippowdon|30/100
|move|p1a: Hippowdon|Slack Off|p1a: Hippowdon
|-heal|p1a: Hippowdon|80/100
|
|-weather|Sandstorm|[upkeep]
|-heal|p2a: Nihilego|87/100|[from] item: Black Sludge
|upkeep
|turn|27
|l| Amedee64
|
|t:|1660919781
|switch|p2a: Skarmory|Skarmory, M|100/100
|-damage|p2a: Skarmory|88/100|[from] Stealth Rock
|switch|p1a: Hydreigon|Hydreigon, F|59/100
|-damage|p1a: Hydreigon|46/100|[from] Stealth Rock
|
|-weather|Sandstorm|[upkeep]
|-damage|p1a: Hydreigon|40/100|[from] Sandstorm
|upkeep
|turn|28
|
|t:|1660919791
|switch|p2a: Nihilego|Nihilego|87/100
|-damage|p2a: Nihilego|74/100|[from] Stealth Rock
|move|p1a: Hydreigon|Roost|p1a: Hydreigon
|-heal|p1a: Hydreigon|90/100
|-singleturn|p1a: Hydreigon|move: Roost
|
|-weather|Sandstorm|[upkeep]
|-damage|p1a: Hydreigon|84/100|[from] Sandstorm
|-heal|p2a: Nihilego|80/100|[from] item: Black Sludge
|upkeep
|turn|29
|
|t:|1660919801
|switch|p1a: Hippowdon|Hippowdon, M|80/100
|-damage|p1a: Hippowdon|74/100|[from] Stealth Rock
|move|p2a: Nihilego|Sludge Bomb|p1a: Hippowdon
|-resisted|p1a: Hippowdon
|-damage|p1a: Hippowdon|57/100
|-status|p1a: Hippowdon|psn
|
|-weather|none
|-heal|p2a: Nihilego|86/100|[from] item: Black Sludge
|-damage|p1a: Hippowdon|45/100 psn|[from] psn
|upkeep
|turn|30
|
|t:|1660919806
|switch|p2a: Amoonguss|Amoonguss, M|70/100
|-damage|p2a: Amoonguss|57/100|[from] Stealth Rock
|move|p1a: Hippowdon|Slack Off|p1a: Hippowdon
|-heal|p1a: Hippowdon|95/100 psn
|
|-heal|p2a: Amoonguss|63/100|[from] item: Black Sludge
|-damage|p1a: Hippowdon|82/100 psn|[from] psn
|upkeep
|turn|31
|
|t:|1660919816
|switch|p1a: Scizor|Scizor, M|84/100
|move|p2a: Amoonguss|Sludge Bomb|p1a: Scizor
|-immune|p1a: Scizor
|
|-heal|p2a: Amoonguss|70/100|[from] item: Black Sludge
|upkeep
|turn|32
|
|t:|1660919827
|move|p1a: Scizor|U-turn|p2a: Amoonguss
|-damage|p2a: Amoonguss|42/100
|
|t:|1660919834
|switch|p1a: Moltres|Moltres|88/100|[from]move: U-turn
|move|p2a: Amoonguss|Synthesis|p2a: Amoonguss
|-heal|p2a: Amoonguss|92/100
|
|-heal|p2a: Amoonguss|98/100|[from] item: Black Sludge
|upkeep
|turn|33
|
|t:|1660919843
|switch|p2a: Nihilego|Nihilego|86/100
|-damage|p2a: Nihilego|74/100|[from] Stealth Rock
|move|p1a: Moltres|Flamethrower|p2a: Nihilego
|-resisted|p2a: Nihilego
|-damage|p2a: Nihilego|60/100
|-status|p2a: Nihilego|brn
|
|-heal|p2a: Nihilego|66/100 brn|[from] item: Black Sludge
|-damage|p2a: Nihilego|60/100 brn|[from] brn
|upkeep
|turn|34
|
|t:|1660919857
|switch|p2a: Hydreigon|Hydreigon, M|20/100 tox
|-damage|p2a: Hydreigon|8/100 tox|[from] Stealth Rock
|switch|p1a: Hippowdon|Hippowdon, M|82/100 psn
|-damage|p1a: Hippowdon|76/100 psn|[from] Stealth Rock
|-weather|Sandstorm|[from] ability: Sand Stream|[of] p1a: Hippowdon
|
|-weather|Sandstorm|[upkeep]
|-damage|p2a: Hydreigon|2/100 tox|[from] Sandstorm
|-damage|p2a: Hydreigon|0 fnt|[from] psn
|faint|p2a: Hydreigon
|-damage|p1a: Hippowdon|64/100 psn|[from] psn
|upkeep
|
|t:|1660919862
|switch|p2a: Skarmory|Skarmory, M|88/100
|-damage|p2a: Skarmory|76/100|[from] Stealth Rock
|turn|35
|
|t:|1660919866
|switch|p1a: Moltres|Moltres|88/100
|move|p2a: Skarmory|Spikes|p1a: Moltres
|-sidestart|p1: Cardiologie|Spikes
|
|-weather|Sandstorm|[upkeep]
|-damage|p1a: Moltres|82/100|[from] Sandstorm
|upkeep
|turn|36
|
|t:|1660919871
|switch|p2a: Nihilego|Nihilego|60/100 brn
|-damage|p2a: Nihilego|47/100 brn|[from] Stealth Rock
|move|p1a: Moltres|Defog|p2a: Nihilego
|-unboost|p2a: Nihilego|evasion|1
|-sideend|p2: Mimilucha|Stealth Rock|[from] move: Defog|[of] p1a: Moltres
|-sideend|p1: Cardiologie|Spikes|[from] move: Defog|[of] p1a: Moltres
|-sideend|p1: Cardiologie|Stealth Rock|[from] move: Defog|[of] p1a: Moltres
|
|-weather|Sandstorm|[upkeep]
|-damage|p1a: Moltres|76/100|[from] Sandstorm
|-heal|p2a: Nihilego|54/100 brn|[from] item: Black Sludge
|-damage|p2a: Nihilego|47/100 brn|[from] brn
|upkeep
|turn|37
|
|t:|1660919882
|switch|p1a: Scizor|Scizor, M|84/100
|move|p2a: Nihilego|Stealth Rock|p1a: Scizor
|-sidestart|p1: Cardiologie|move: Stealth Rock
|
|-weather|Sandstorm|[upkeep]
|-heal|p2a: Nihilego|54/100 brn|[from] item: Black Sludge
|-damage|p2a: Nihilego|47/100 brn|[from] brn
|upkeep
|turn|38
|
|t:|1660919888
|switch|p2a: Skarmory|Skarmory, M|76/100
|move|p1a: Scizor|U-turn|p2a: Skarmory
|-resisted|p2a: Skarmory
|-damage|p2a: Skarmory|71/100
|
|t:|1660919895
|switch|p1a: Moltres|Moltres|76/100|[from]move: U-turn
|
|-weather|none
|upkeep
|turn|39
|
|t:|1660919903
|switch|p2a: Nihilego|Nihilego|47/100 brn
|move|p1a: Moltres|Hurricane|p2a: Nihilego|[miss]
|-miss|p1a: Moltres|p2a: Nihilego
|
|-heal|p2a: Nihilego|54/100 brn|[from] item: Black Sludge
|-damage|p2a: Nihilego|47/100 brn|[from] brn
|upkeep
|turn|40
|
|t:|1660919912
|switch|p2a: Diggersby|Diggersby, F|100/100
|switch|p1a: Hippowdon|Hippowdon, M|64/100 psn
|-damage|p1a: Hippowdon|58/100 psn|[from] Stealth Rock
|-weather|Sandstorm|[from] ability: Sand Stream|[of] p1a: Hippowdon
|
|-weather|Sandstorm|[upkeep]
|-damage|p1a: Hippowdon|45/100 psn|[from] psn
|upkeep
|turn|41
|
|t:|1660919932
|switch|p1a: Tangrowth|Tangrowth, M|100/100
|-damage|p1a: Tangrowth|88/100|[from] Stealth Rock
|move|p2a: Diggersby|Body Slam|p1a: Tangrowth
|-damage|p1a: Tangrowth|52/100
|
|-weather|Sandstorm|[upkeep]
|-damage|p1a: Tangrowth|46/100|[from] Sandstorm
|upkeep
|turn|42
|
|t:|1660919939
|switch|p2a: Amoonguss|Amoonguss, M|100/100
|move|p1a: Tangrowth|Knock Off|p2a: Amoonguss
|-damage|p2a: Amoonguss|83/100
|-enditem|p2a: Amoonguss|Black Sludge|[from] move: Knock Off|[of] p1a: Tangrowth
|
|-weather|Sandstorm|[upkeep]
|-damage|p1a: Tangrowth|40/100|[from] Sandstorm
|-damage|p2a: Amoonguss|76/100|[from] Sandstorm
|upkeep
|turn|43
|j| TheHonest
|inactive|Cardiologie has 120 seconds left.
|l| TheHonest
|j| Joueur 4
|
|t:|1660919979
|switch|p1a: Scizor|Scizor, M|84/100
|switch|p2a: Raikou|Raikou|100/100
|
|-weather|Sandstorm|[upkeep]
|-damage|p2a: Raikou|94/100|[from] Sandstorm
|upkeep
|turn|44
|
|t:|1660919986
|move|p2a: Raikou|Volt Switch|p1a: Scizor
|-damage|p1a: Scizor|46/100
|
|t:|1660919991
|switch|p2a: Amoonguss|Amoonguss, M|100/100|[from]move: Volt Switch
|move|p1a: Scizor|Knock Off|p2a: Amoonguss
|-damage|p2a: Amoonguss|84/100
|
|-weather|none
|upkeep
|turn|45
|
|t:|1660919998
|move|p1a: Scizor|Roost|p1a: Scizor
|-heal|p1a: Scizor|96/100
|-singleturn|p1a: Scizor|move: Roost
|move|p2a: Amoonguss|Foul Play|p1a: Scizor
|-damage|p1a: Scizor|72/100
|
|upkeep
|turn|46
|
|t:|1660920004
|move|p1a: Scizor|U-turn|p2a: Amoonguss
|-damage|p2a: Amoonguss|60/100
|
|t:|1660920007
|switch|p1a: Moltres|Moltres|76/100|[from]move: U-turn
|move|p2a: Amoonguss|Sludge Bomb|p1a: Moltres
|-damage|p1a: Moltres|47/100
|-status|p1a: Moltres|psn
|
|-damage|p1a: Moltres|34/100 psn|[from] psn
|upkeep
|turn|47
|n|+Bhalal|bdsplt3sjalorsptet
|
|t:|1660920024
|switch|p2a: Raikou|Raikou|94/100
|move|p1a: Moltres|Roost|p1a: Moltres
|-heal|p1a: Moltres|84/100 psn
|-singleturn|p1a: Moltres|move: Roost
|
|-damage|p1a: Moltres|72/100 psn|[from] psn
|upkeep
|turn|48
|
|t:|1660920031
|switch|p1a: Hippowdon|Hippowdon, M|45/100 psn
|-damage|p1a: Hippowdon|39/100 psn|[from] Stealth Rock
|-weather|Sandstorm|[from] ability: Sand Stream|[of] p1a: Hippowdon
|move|p2a: Raikou|Scald|p1a: Hippowdon
|-supereffective|p1a: Hippowdon
|-damage|p1a: Hippowdon|0 fnt
|faint|p1a: Hippowdon
|
|-weather|Sandstorm|[upkeep]
|-damage|p2a: Raikou|88/100|[from] Sandstorm
|upkeep
|l| Joueur 4
|
|t:|1660920037
|switch|p1a: Hydreigon|Hydreigon, F|84/100
|-damage|p1a: Hydreigon|72/100|[from] Stealth Rock
|turn|49
|
|t:|1660920040
|switch|p2a: Amoonguss|Amoonguss, M|94/100
|move|p1a: Hydreigon|Dark Pulse|p2a: Amoonguss
|-damage|p2a: Amoonguss|59/100
|
|-weather|Sandstorm|[upkeep]
|-damage|p1a: Hydreigon|66/100|[from] Sandstorm
|-damage|p2a: Amoonguss|52/100|[from] Sandstorm
|upkeep
|turn|50
|
|t:|1660920049
|switch|p1a: Scizor|Scizor, M|72/100
|move|p2a: Amoonguss|Sludge Bomb|p1a: Scizor
|-immune|p1a: Scizor
|
|-weather|Sandstorm|[upkeep]
|-damage|p2a: Amoonguss|46/100|[from] Sandstorm
|upkeep
|turn|51
|
|t:|1660920053
|switch|p2a: Skarmory|Skarmory, M|71/100
|move|p1a: Scizor|Bullet Punch|p2a: Skarmory
|-resisted|p2a: Skarmory
|-damage|p2a: Skarmory|62/100
|
|-weather|Sandstorm|[upkeep]
|upkeep
|turn|52
|
|t:|1660920067
|move|p2a: Skarmory|Roost|p2a: Skarmory
|-heal|p2a: Skarmory|100/100
|-singleturn|p2a: Skarmory|move: Roost
|move|p1a: Scizor|U-turn|p2a: Skarmory
|-resisted|p2a: Skarmory
|-damage|p2a: Skarmory|90/100
|
|t:|1660920073
|switch|p1a: Moltres|Moltres|72/100 psn|[from]move: U-turn
|
|-weather|none
|-damage|p1a: Moltres|60/100 psn|[from] psn
|upkeep
|turn|53
|
|t:|1660920078
|switch|p2a: Nihilego|Nihilego|47/100 brn
|move|p1a: Moltres|Roost|p1a: Moltres
|-heal|p1a: Moltres|100/100 psn
|-singleturn|p1a: Moltres|move: Roost
|
|-heal|p2a: Nihilego|54/100 brn|[from] item: Black Sludge
|-damage|p1a: Moltres|88/100 psn|[from] psn
|-damage|p2a: Nihilego|47/100 brn|[from] brn
|upkeep
|turn|54
|
|t:|1660920084
|move|p2a: Nihilego|Power Gem|p1a: Moltres
|-supereffective|p1a: Moltres
|-damage|p1a: Moltres|0 fnt
|faint|p1a: Moltres
|-ability|p2a: Nihilego|Beast Boost|boost
|-boost|p2a: Nihilego|spe|1
|
|-heal|p2a: Nihilego|54/100 brn|[from] item: Black Sludge
|-damage|p2a: Nihilego|47/100 brn|[from] brn
|upkeep
|
|t:|1660920096
|switch|p1a: Scizor|Scizor, M|72/100
|turn|55
|
|t:|1660920100
|switch|p2a: Skarmory|Skarmory, M|90/100
|move|p1a: Scizor|U-turn|p2a: Skarmory
|-resisted|p2a: Skarmory
|-damage|p2a: Skarmory|85/100
|
|t:|1660920104
|switch|p1a: Primarina|Primarina, M|100/100 slp|[from]move: U-turn
|-damage|p1a: Primarina|88/100 slp|[from] Stealth Rock
|
|upkeep
|turn|56
|
|t:|1660920110
|cant|p1a: Primarina|slp
|move|p2a: Skarmory|Spikes|p1a: Primarina
|-sidestart|p1: Cardiologie|Spikes
|
|upkeep
|turn|57
|l|+Bhalal
|
|t:|1660920120
|switch|p2a: Diggersby|Diggersby, F|100/100
|cant|p1a: Primarina|slp
|
|upkeep
|turn|58
|
|t:|1660920129
|move|p2a: Diggersby|Body Slam|p1a: Primarina
|-crit|p1a: Primarina
|-damage|p1a: Primarina|0 fnt
|faint|p1a: Primarina
|
|upkeep
|c|☆Cardiologie|gg
|c|☆Mimilucha|gg
|-message|Cardiologie forfeited.
|
|win|Mimilucha
|n|☆Cardiologie|cardiologie
|n|☆Mimilucha|mimilucha
|n| iKiQ ㋛|ikiq
|n| Prodigezz|prodigezz
|n| attention a toi|attentionatoi
|n| Dinoman42|dinoman42
