|html|<div class="broadcast-blue"><strong>[Gen 8] UU is currently suspecting Thundurus! For information on how to participate check out the <a href="https://www.smogon.com/forums/threads/np-ss-uu-stage-9-1-king-of-the-clouds.3689570/">suspect thread</a>.</strong></div>
|j|☆beubeuleu
|j|☆OreitoImposter
|t:|1629909122
|gametype|singles
|player|p1|beubeuleu|reporter|1328
|player|p2|OreitoImposter|juggler|1331
|teamsize|p1|6
|teamsize|p2|6
|gen|8
|tier|[Gen 8] UU
|rated|
|rule|Sleep Clause Mod: Limit one foe put to sleep
|rule|Species Clause: Limit one of each Pokémon
|rule|OHKO Clause: OHKO moves are banned
|rule|Evasion Moves Clause: Evasion moves are banned
|rule|Endless Battle Clause: Forcing endless battles is banned
|rule|HP Percentage Mod: HP is shown in percentages
|rule|Dynamax Clause: You cannot dynamax
|clearpoke
|poke|p1|Mamoswine, F|
|poke|p1|Keldeo-Resolute|
|poke|p1|Rotom-Heat|
|poke|p1|Roserade, M|
|poke|p1|Jirachi|
|poke|p1|Tapu Bulu|
|poke|p2|Shedinja|
|poke|p2|Zoroark, M|
|poke|p2|Hatterene, F|
|poke|p2|Tentacruel, M|
|poke|p2|Chansey, F|
|poke|p2|Buzzwole|
|teampreview
|
|t:|1629909130
|start
|switch|p1a: Jirachi|Jirachi|100/100
|switch|p2a: Immortal|Shedinja, shiny|100/100
|turn|1
|
|t:|1629909136
|move|p1a: Jirachi|Stealth Rock|p2a: Immortal
|-sidestart|p2: OreitoImposter|move: Stealth Rock
|move|p2a: Immortal|Knock Off|p1a: Jirachi
|-supereffective|p1a: Jirachi
|-damage|p1a: Jirachi|0 fnt
|-enditem|p1a: Jirachi|Choice Scarf|[from] move: Knock Off|[of] p2a: Immortal
|faint|p1a: Jirachi
|
|upkeep
|inactive|Battle timer is ON: inactive players will automatically lose when time's up. (requested by OreitoImposter)
|
|t:|1629909144
|switch|p1a: Mamoswine|Mamoswine, F|100/100
|turn|2
|
|t:|1629909147
|move|p2a: Immortal|Knock Off|p1a: Mamoswine
|-damage|p1a: Mamoswine|28/100
|-enditem|p1a: Mamoswine|Life Orb|[from] move: Knock Off|[of] p2a: Immortal
|move|p1a: Mamoswine|Knock Off|p2a: Immortal
|-resisted|p2a: Immortal
|-damage|p2a: Immortal|61/100
|replace|p2a: Loki|Zoroark, M
|-end|p2a: Loki|Illusion
|-enditem|p2a: Loki|Choice Band|[from] move: Knock Off|[of] p1a: Mamoswine
|
|upkeep
|turn|3
|
|t:|1629909157
|move|p1a: Mamoswine|Ice Shard|p2a: Loki
|-damage|p2a: Loki|17/100
|move|p2a: Loki|U-turn|p1a: Mamoswine
|-damage|p1a: Mamoswine|4/100
|
|t:|1629909175
|switch|p2a: Immortal|Shedinja, shiny|100/100|[from]move: U-turn
|
|upkeep
|turn|4
|
|t:|1629909180
|move|p2a: Immortal|Shadow Sneak|p1a: Mamoswine
|-damage|p1a: Mamoswine|0 fnt
|faint|p1a: Mamoswine
|
|upkeep
|
|t:|1629909185
|switch|p1a: Rotom|Rotom-Heat|100/100
|turn|5
|
|t:|1629909191
|switch|p2a: Kirby|Chansey, F|100/100
|-damage|p2a: Kirby|88/100|[from] Stealth Rock
|move|p1a: Rotom|Volt Switch|p2a: Kirby
|-damage|p2a: Kirby|79/100
|
|t:|1629909198
|switch|p1a: Keldeo|Keldeo-Resolute|100/100|[from]move: Volt Switch
|
|upkeep
|turn|6
|
|t:|1629909202
|move|p1a: Keldeo|Calm Mind|p1a: Keldeo
|-boost|p1a: Keldeo|spa|1
|-boost|p1a: Keldeo|spd|1
|move|p2a: Kirby|Toxic|p1a: Keldeo
|-status|p1a: Keldeo|tox
|
|-damage|p1a: Keldeo|94/100 tox|[from] psn
|upkeep
|turn|7
|
|t:|1629909209
|switch|p2a: Jelly|Tentacruel, M, shiny|100/100
|-damage|p2a: Jelly|88/100|[from] Stealth Rock
|move|p1a: Keldeo|Secret Sword|p2a: Jelly
|-resisted|p2a: Jelly
|-damage|p2a: Jelly|49/100
|-damage|p1a: Keldeo|85/100 tox|[from] item: Life Orb
|
|-heal|p2a: Jelly|55/100|[from] item: Black Sludge
|-damage|p1a: Keldeo|72/100 tox|[from] psn
|upkeep
|turn|8
|
|t:|1629909220
|move|p1a: Keldeo|Calm Mind|p1a: Keldeo
|-boost|p1a: Keldeo|spa|1
|-boost|p1a: Keldeo|spd|1
|move|p2a: Jelly|Rapid Spin|p1a: Keldeo
|-damage|p1a: Keldeo|63/100 tox
|-boost|p2a: Jelly|spe|1
|-sideend|p2: OreitoImposter|Stealth Rock|[from] move: Rapid Spin|[of] p2a: Jelly
|
|-heal|p2a: Jelly|61/100|[from] item: Black Sludge
|-damage|p1a: Keldeo|45/100 tox|[from] psn
|upkeep
|turn|9
|
|t:|1629909229
|switch|p2a: Immortal|Shedinja, shiny|100/100
|move|p1a: Keldeo|Air Slash|p2a: Immortal
|-supereffective|p2a: Immortal
|-damage|p2a: Immortal|0 fnt
|faint|p2a: Immortal
|-damage|p1a: Keldeo|35/100 tox|[from] item: Life Orb
|
|-damage|p1a: Keldeo|10/100 tox|[from] psn
|upkeep
|
|t:|1629909240
|switch|p2a: Winx|Hatterene, F|100/100
|turn|10
|
|t:|1629909244
|move|p2a: Winx|Protect|p2a: Winx
|-singleturn|p2a: Winx|Protect
|move|p1a: Keldeo|Scald|p2a: Winx
|-activate|p2a: Winx|move: Protect
|
|-damage|p1a: Keldeo|0 fnt|[from] psn
|faint|p1a: Keldeo
|upkeep
|
|t:|1629909256
|switch|p1a: Tapu Bulu|Tapu Bulu|100/100
|-fieldstart|move: Grassy Terrain|[from] ability: Grassy Surge|[of] p1a: Tapu Bulu
|turn|11
|
|t:|1629909262
|move|p1a: Tapu Bulu|Bulk Up|p1a: Tapu Bulu
|-boost|p1a: Tapu Bulu|atk|1
|-boost|p1a: Tapu Bulu|def|1
|move|p2a: Winx|Calm Mind|p2a: Winx
|-boost|p2a: Winx|spa|1
|-boost|p2a: Winx|spd|1
|
|upkeep
|turn|12
|
|t:|1629909268
|move|p1a: Tapu Bulu|Bulk Up|p1a: Tapu Bulu
|-boost|p1a: Tapu Bulu|atk|1
|-boost|p1a: Tapu Bulu|def|1
|move|p2a: Winx|Draining Kiss|p1a: Tapu Bulu
|-damage|p1a: Tapu Bulu|64/100
|-damage|p2a: Winx|84/100|[from] item: Rocky Helmet|[of] p1a: Tapu Bulu
|
|-heal|p1a: Tapu Bulu|70/100|[from] Grassy Terrain
|-heal|p2a: Winx|90/100|[from] Grassy Terrain
|-heal|p2a: Winx|96/100|[from] item: Leftovers
|upkeep
|turn|13
|
|t:|1629909278
|move|p1a: Tapu Bulu|Horn Leech|p2a: Winx
|-damage|p2a: Winx|22/100
|-heal|p1a: Tapu Bulu|100/100|[from] drain|[of] p2a: Winx
|move|p2a: Winx|Draining Kiss|p1a: Tapu Bulu
|-damage|p1a: Tapu Bulu|67/100
|-heal|p2a: Winx|49/100|[from] drain|[of] p1a: Tapu Bulu
|-damage|p2a: Winx|32/100|[from] item: Rocky Helmet|[of] p1a: Tapu Bulu
|
|-heal|p1a: Tapu Bulu|73/100|[from] Grassy Terrain
|-heal|p2a: Winx|38/100|[from] Grassy Terrain
|-heal|p2a: Winx|44/100|[from] item: Leftovers
|upkeep
|turn|14
|
|t:|1629909290
|move|p2a: Winx|Protect|p2a: Winx
|-singleturn|p2a: Winx|Protect
|move|p1a: Tapu Bulu|Horn Leech|p2a: Winx
|-activate|p2a: Winx|move: Protect
|
|-heal|p1a: Tapu Bulu|80/100|[from] Grassy Terrain
|-heal|p2a: Winx|50/100|[from] Grassy Terrain
|-heal|p2a: Winx|56/100|[from] item: Leftovers
|upkeep
|turn|15
|
|t:|1629909300
|switch|p2a: OnePunchBug|Buzzwole|100/100
|move|p1a: Tapu Bulu|Horn Leech|p2a: OnePunchBug
|-resisted|p2a: OnePunchBug
|-damage|p2a: OnePunchBug|73/100
|-heal|p1a: Tapu Bulu|94/100|[from] drain|[of] p2a: OnePunchBug
|
|-heal|p2a: OnePunchBug|79/100|[from] Grassy Terrain
|-heal|p1a: Tapu Bulu|99/100|[from] Grassy Terrain
|-fieldend|move: Grassy Terrain
|upkeep
|turn|16
|
|t:|1629909310
|move|p2a: OnePunchBug|Poison Jab|p1a: Tapu Bulu
|-supereffective|p1a: Tapu Bulu
|-damage|p1a: Tapu Bulu|34/100
|-damage|p2a: OnePunchBug|62/100|[from] item: Rocky Helmet|[of] p1a: Tapu Bulu
|move|p1a: Tapu Bulu|Toxic|p2a: OnePunchBug|[miss]
|-miss|p1a: Tapu Bulu|p2a: OnePunchBug
|
|upkeep
|turn|17
|
|t:|1629909318
|switch|p1a: Rotom|Rotom-Heat|100/100
|move|p2a: OnePunchBug|Poison Jab|p1a: Rotom
|-damage|p1a: Rotom|51/100
|
|upkeep
|turn|18
|
|t:|1629909325
|switch|p2a: Kirby|Chansey, F|79/100
|move|p1a: Rotom|Overheat|p2a: Kirby
|-damage|p2a: Kirby|64/100
|-unboost|p1a: Rotom|spa|2
|
|upkeep
|turn|19
|
|t:|1629909333
|switch|p1a: Tapu Bulu|Tapu Bulu|34/100
|-fieldstart|move: Grassy Terrain|[from] ability: Grassy Surge|[of] p1a: Tapu Bulu
|move|p2a: Kirby|Stealth Rock|p1a: Tapu Bulu
|-sidestart|p1: beubeuleu|move: Stealth Rock
|
|-heal|p1a: Tapu Bulu|40/100|[from] Grassy Terrain
|-heal|p2a: Kirby|70/100|[from] Grassy Terrain
|upkeep
|turn|20
|
|t:|1629909344
|move|p1a: Tapu Bulu|Toxic|p2a: Kirby
|-status|p2a: Kirby|tox
|move|p2a: Kirby|Toxic|p1a: Tapu Bulu
|-status|p1a: Tapu Bulu|tox
|
|-heal|p1a: Tapu Bulu|46/100 tox|[from] Grassy Terrain
|-heal|p2a: Kirby|77/100 tox|[from] Grassy Terrain
|-damage|p1a: Tapu Bulu|40/100 tox|[from] psn
|-damage|p2a: Kirby|70/100 tox|[from] psn
|upkeep
|turn|21
|
|t:|1629909354
|switch|p2a: Jelly|Tentacruel, M, shiny|61/100
|move|p1a: Tapu Bulu|Horn Leech|p2a: Jelly
|-damage|p2a: Jelly|24/100
|-damage|p1a: Tapu Bulu|21/100 tox|[from] ability: Liquid Ooze|[of] p2a: Jelly
|
|-heal|p2a: Jelly|30/100|[from] Grassy Terrain
|-heal|p2a: Jelly|36/100|[from] item: Black Sludge
|-heal|p1a: Tapu Bulu|27/100 tox|[from] Grassy Terrain
|-damage|p1a: Tapu Bulu|14/100 tox|[from] psn
|upkeep
|turn|22
|-message|beubeuleu forfeited.
|
|win|OreitoImposter
|raw|beubeuleu's rating: 1328 &rarr; <strong>1308</strong><br />(-20 for losing)
|raw|OreitoImposter's rating: 1331 &rarr; <strong>1351</strong><br />(+20 for winning)
|l|☆beubeuleu
