|j|☆sponger man
|j|☆d01ph1ne
|t:|1665775197
|gametype|singles
|player|p1|sponger man|lance-gen2|1447
|player|p2|d01ph1ne|1|1522
|teamsize|p1|6
|teamsize|p2|6
|gen|8
|tier|[Gen 8] UU
|rated|
|rule|Sleep Clause Mod: Limit one foe put to sleep
|rule|Species Clause: Limit one of each Pokémon
|rule|OHKO Clause: OHKO moves are banned
|rule|Evasion Items Clause: Evasion items are banned
|rule|Evasion Moves Clause: Evasion moves are banned
|rule|Endless Battle Clause: Forcing endless battles is banned
|rule|HP Percentage Mod: HP is shown in percentages
|rule|Dynamax Clause: You cannot dynamax
|clearpoke
|poke|p1|Skarmory, F|
|poke|p1|Swampert, M|
|poke|p1|Dhelmise|
|poke|p1|Obstagoon, M|
|poke|p1|Chansey, F|
|poke|p1|Thundurus-Therian, M|
|poke|p2|Scizor, M|
|poke|p2|Hydreigon, F|
|poke|p2|Thundurus-Therian, M|
|poke|p2|Starmie|
|poke|p2|Hippowdon, M|
|poke|p2|Amoonguss, F|
|teampreview
|inactive|Battle timer is ON: inactive players will automatically lose when time's up. (requested by sponger man)
|
|t:|1665775208
|start
|switch|p1a: Thundurus|Thundurus-Therian, M|100/100
|switch|p2a: Scizor|Scizor, M|100/100
|turn|1
|c|☆sponger man|hf
|
|t:|1665775213
|move|p1a: Thundurus|Incinerate|p2a: Scizor
|-supereffective|p2a: Scizor
|-damage|p2a: Scizor|0 fnt
|faint|p2a: Scizor
|
|upkeep
|c|☆d01ph1ne|!dt incinerate
|raw|<ul class="utilichart"><li class="result"><span class="col movenamecol"><a href="https://dex.pokemonshowdown.com/moves/incinerate">Incinerate</a></span> <span class="col typecol"><img src="//play.pokemonshowdown.com/sprites/types/Fire.png" alt="Fire" width="32" height="14"><img src="//play.pokemonshowdown.com/sprites/categories/Special.png" alt="Special" width="32" height="14"></span> <span class="col labelcol"><em>Power</em><br>60</span> <span class="col widelabelcol"><em>Accuracy</em><br>100%</span> <span class="col pplabelcol"><em>PP</em><br>24</span> <span class="col movedesccol">Destroys the foe(s) Berry/Gem.</span> </li><li style="clear:both"></li></ul>
|raw|<font size="1"><font color="#686868">Priority:</font> 0&nbsp;|&ThickSpace;<font color="#686868">Gen:</font> 5&nbsp;|&ThickSpace;<font color="#686868">Z-Power:</font> 120&nbsp;|&ThickSpace;<font color="#686868">Dynamax Power:</font> 110&nbsp;|&ThickSpace;<font color="#686868">Target:</font> All Adjacent Opponents</font>

|c|☆d01ph1ne|hf
|
|t:|1665775233
|switch|p2a: Hydreigon|Hydreigon, F|100/100
|turn|2
|
|t:|1665775239
|switch|p1a: Corv 1.0|Skarmory, F|100/100
|move|p2a: Hydreigon|U-turn|p1a: Corv 1.0
|-resisted|p1a: Corv 1.0
|-damage|p1a: Corv 1.0|98/100
|-damage|p2a: Hydreigon|84/100|[from] item: Rocky Helmet|[of] p1a: Corv 1.0
|
|t:|1665775244
|switch|p2a: Thundurus|Thundurus-Therian, M|100/100|[from]move: U-turn
|
|upkeep
|turn|3
|
|t:|1665775250
|switch|p1a: Lamron|Chansey, F|100/100
|move|p2a: Thundurus|Volt Switch|p1a: Lamron
|-damage|p1a: Lamron|89/100
|
|t:|1665775252
|switch|p2a: Hippowdon|Hippowdon, M|100/100|[from]move: Volt Switch
|-weather|Sandstorm|[from] ability: Sand Stream|[of] p2a: Hippowdon
|
|-weather|Sandstorm|[upkeep]
|-damage|p1a: Lamron|82/100|[from] Sandstorm
|upkeep
|turn|4
|
|t:|1665775277
|switch|p1a: Pert|Swampert, M, shiny|100/100
|move|p2a: Hippowdon|Stealth Rock|p1a: Pert
|-sidestart|p1: sponger man|move: Stealth Rock
|
|-weather|Sandstorm|[upkeep]
|upkeep
|turn|5
|
|t:|1665775287
|move|p1a: Pert|Flip Turn|p2a: Hippowdon
|-supereffective|p2a: Hippowdon
|-damage|p2a: Hippowdon|70/100
|
|t:|1665775291
|switch|p1a: Corv 1.0|Skarmory, F|98/100|[from]move: Flip Turn
|-damage|p1a: Corv 1.0|86/100|[from] Stealth Rock
|move|p2a: Hippowdon|Toxic|p1a: Corv 1.0|[miss]
|-miss|p2a: Hippowdon|p1a: Corv 1.0
|
|-weather|Sandstorm|[upkeep]
|-heal|p2a: Hippowdon|77/100|[from] item: Leftovers
|upkeep
|turn|6
|
|t:|1665775302
|switch|p1a: Dhelmise|Dhelmise, shiny|100/100
|move|p2a: Hippowdon|Stealth Rock||[still]
|-fail|p2a: Hippowdon
|
|-weather|Sandstorm|[upkeep]
|-damage|p1a: Dhelmise|94/100|[from] Sandstorm
|-heal|p2a: Hippowdon|83/100|[from] item: Leftovers
|upkeep
|turn|7
|
|t:|1665775306
|move|p1a: Dhelmise|Rapid Spin|p2a: Hippowdon
|-damage|p2a: Hippowdon|74/100
|-boost|p1a: Dhelmise|spe|1
|-sideend|p1: sponger man|Stealth Rock|[from] move: Rapid Spin|[of] p1a: Dhelmise
|move|p2a: Hippowdon|Toxic|p1a: Dhelmise
|-status|p1a: Dhelmise|tox
|
|-weather|none
|-heal|p2a: Hippowdon|80/100|[from] item: Leftovers
|-damage|p1a: Dhelmise|88/100 tox|[from] psn
|upkeep
|turn|8
|
|t:|1665775313
|switch|p1a: Lamron|Chansey, F|82/100
|switch|p2a: Amoonguss|Amoonguss, F|100/100
|
|upkeep
|turn|9
|
|t:|1665775322
|switch|p1a: Dhelmise|Dhelmise, shiny|88/100 tox
|move|p2a: Amoonguss|Spore|p1a: Dhelmise
|-immune|p1a: Dhelmise
|
|-damage|p1a: Dhelmise|82/100 tox|[from] psn
|upkeep
|turn|10
|
|t:|1665775331
|switch|p1a: Corv 1.0|Skarmory, F|86/100
|move|p2a: Amoonguss|Sludge Bomb|p1a: Corv 1.0
|-immune|p1a: Corv 1.0
|
|upkeep
|turn|11
|
|t:|1665775341
|switch|p1a: Lamron|Chansey, F|82/100
|move|p2a: Amoonguss|Spore|p1a: Lamron
|-status|p1a: Lamron|slp|[from] move: Spore
|
|upkeep
|turn|12
|
|t:|1665775344
|switch|p2a: Hippowdon|Hippowdon, M|80/100
|-weather|Sandstorm|[from] ability: Sand Stream|[of] p2a: Hippowdon
|cant|p1a: Lamron|slp
|
|-weather|Sandstorm|[upkeep]
|-damage|p1a: Lamron|76/100 slp|[from] Sandstorm
|-heal|p2a: Hippowdon|86/100|[from] item: Leftovers
|upkeep
|turn|13
|
|t:|1665775348
|cant|p1a: Lamron|slp
|move|p2a: Hippowdon|Stealth Rock|p1a: Lamron
|-sidestart|p1: sponger man|move: Stealth Rock
|
|-weather|Sandstorm|[upkeep]
|-damage|p1a: Lamron|70/100 slp|[from] Sandstorm
|-heal|p2a: Hippowdon|92/100|[from] item: Leftovers
|upkeep
|turn|14
|
|t:|1665775352
|move|p2a: Hippowdon|Earthquake|p1a: Lamron
|-damage|p1a: Lamron|45/100 slp
|cant|p1a: Lamron|slp
|
|-weather|Sandstorm|[upkeep]
|-damage|p1a: Lamron|39/100 slp|[from] Sandstorm
|-heal|p2a: Hippowdon|99/100|[from] item: Leftovers
|upkeep
|turn|15
|
|t:|1665775356
|-curestatus|p1a: Lamron|slp|[msg]
|move|p1a: Lamron|Soft-Boiled|p1a: Lamron
|-heal|p1a: Lamron|89/100
|move|p2a: Hippowdon|Earthquake|p1a: Lamron
|-damage|p1a: Lamron|65/100
|
|-weather|Sandstorm|[upkeep]
|-damage|p1a: Lamron|59/100|[from] Sandstorm
|-heal|p2a: Hippowdon|100/100|[from] item: Leftovers
|upkeep
|turn|16
|
|t:|1665775360
|switch|p2a: Amoonguss|Amoonguss, F|100/100
|move|p1a: Lamron|Soft-Boiled|p1a: Lamron
|-heal|p1a: Lamron|100/100
|
|-weather|none
|upkeep
|turn|17
|
|t:|1665775368
|switch|p1a: Pert|Swampert, M, shiny|100/100
|-damage|p1a: Pert|94/100|[from] Stealth Rock
|move|p2a: Amoonguss|Spore|p1a: Pert
|-status|p1a: Pert|slp|[from] move: Spore
|
|-heal|p1a: Pert|100/100 slp|[from] item: Leftovers
|upkeep
|turn|18
|
|t:|1665775384
|switch|p1a: Dhelmise|Dhelmise, shiny|82/100 tox
|move|p2a: Amoonguss|Seed Bomb|p1a: Dhelmise
|-resisted|p1a: Dhelmise
|-damage|p1a: Dhelmise|69/100 tox
|
|-damage|p1a: Dhelmise|63/100 tox|[from] psn
|upkeep
|turn|19
|
|t:|1665775386
|move|p1a: Dhelmise|Rapid Spin|p2a: Amoonguss
|-damage|p2a: Amoonguss|89/100
|-boost|p1a: Dhelmise|spe|1
|-damage|p1a: Dhelmise|47/100 tox|[from] item: Rocky Helmet|[of] p2a: Amoonguss
|-sideend|p1: sponger man|Stealth Rock|[from] move: Rapid Spin|[of] p1a: Dhelmise
|move|p2a: Amoonguss|Sludge Bomb|p1a: Dhelmise
|-damage|p1a: Dhelmise|24/100 tox
|
|-damage|p1a: Dhelmise|11/100 tox|[from] psn
|upkeep
|turn|20
|
|t:|1665775403
|switch|p1a: Thundurus|Thundurus-Therian, M|100/100
|move|p2a: Amoonguss|Sludge Bomb|p1a: Thundurus
|-damage|p1a: Thundurus|61/100
|
|upkeep
|turn|21
|
|t:|1665775409
|switch|p2a: Hydreigon|Hydreigon, F|84/100
|move|p1a: Thundurus|Volt Switch|p2a: Hydreigon
|-resisted|p2a: Hydreigon
|-damage|p2a: Hydreigon|50/100
|
|t:|1665775415
|switch|p1a: Lamron|Chansey, F|100/100|[from]move: Volt Switch
|
|upkeep
|turn|22
|
|t:|1665775418
|move|p2a: Hydreigon|U-turn|p1a: Lamron
|-damage|p1a: Lamron|90/100
|
|t:|1665775420
|switch|p2a: Hippowdon|Hippowdon, M|100/100|[from]move: U-turn
|-weather|Sandstorm|[from] ability: Sand Stream|[of] p2a: Hippowdon
|move|p1a: Lamron|Teleport|p1a: Lamron
|
|t:|1665775431
|switch|p1a: Thundurus|Thundurus-Therian, M|61/100|[from]move: Teleport
|
|-weather|Sandstorm|[upkeep]
|-damage|p1a: Thundurus|55/100|[from] Sandstorm
|upkeep
|turn|23
|
|t:|1665775439
|move|p1a: Thundurus|Grass Knot|p2a: Hippowdon
|-supereffective|p2a: Hippowdon
|-damage|p2a: Hippowdon|0 fnt
|faint|p2a: Hippowdon
|
|-weather|Sandstorm|[upkeep]
|-damage|p1a: Thundurus|49/100|[from] Sandstorm
|upkeep
|
|t:|1665775448
|switch|p2a: Hydreigon|Hydreigon, F|50/100
|turn|24
|
|t:|1665775453
|switch|p1a: Dhelmise|Dhelmise, shiny|11/100 tox
|move|p2a: Hydreigon|U-turn|p1a: Dhelmise
|-damage|p1a: Dhelmise|0 fnt
|faint|p1a: Dhelmise
|
|t:|1665775456
|switch|p2a: Amoonguss|Amoonguss, F|100/100|[from]move: U-turn
|
|-weather|Sandstorm|[upkeep]
|-damage|p2a: Amoonguss|94/100|[from] Sandstorm
|upkeep
|
|t:|1665775479
|switch|p1a: Obstagoon|Obstagoon, M|100/100
|turn|25
|
|t:|1665775484
|move|p1a: Obstagoon|Knock Off|p2a: Amoonguss
|-damage|p2a: Amoonguss|63/100
|-damage|p1a: Obstagoon|84/100|[from] item: Rocky Helmet|[of] p2a: Amoonguss
|-enditem|p2a: Amoonguss|Rocky Helmet|[from] move: Knock Off|[of] p1a: Obstagoon
|move|p2a: Amoonguss|Sludge Bomb|p1a: Obstagoon
|-damage|p1a: Obstagoon|52/100
|
|-weather|Sandstorm|[upkeep]
|-damage|p1a: Obstagoon|46/100|[from] Sandstorm
|-damage|p2a: Amoonguss|57/100|[from] Sandstorm
|-heal|p1a: Obstagoon|52/100|[from] item: Leftovers
|upkeep
|turn|26
|
|t:|1665775488
|move|p1a: Obstagoon|Parting Shot|p2a: Amoonguss
|-unboost|p2a: Amoonguss|atk|1
|-unboost|p2a: Amoonguss|spa|1
|
|t:|1665775493
|switch|p1a: Corv 1.0|Skarmory, F|86/100|[from]move: Parting Shot
|move|p2a: Amoonguss|Sludge Bomb|p1a: Corv 1.0
|-immune|p1a: Corv 1.0
|
|-weather|none
|upkeep
|turn|27
|
|t:|1665775500
|switch|p2a: Starmie|Starmie|100/100
|move|p1a: Corv 1.0|Spikes|p2a: Starmie
|-sidestart|p2: d01ph1ne|Spikes
|
|upkeep
|turn|28
|
|t:|1665775506
|switch|p1a: Lamron|Chansey, F|90/100
|move|p2a: Starmie|Hydro Pump|p1a: Lamron
|-damage|p1a: Lamron|70/100
|-damage|p2a: Starmie|91/100|[from] item: Life Orb
|
|upkeep
|turn|29
|
|t:|1665775514
|move|p2a: Starmie|Rapid Spin|p1a: Lamron
|-damage|p1a: Lamron|63/100
|-boost|p2a: Starmie|spe|1
|-sideend|p2: d01ph1ne|Spikes|[from] move: Rapid Spin|[of] p2a: Starmie
|-damage|p2a: Starmie|81/100|[from] item: Life Orb
|move|p1a: Lamron|Toxic|p2a: Starmie
|-status|p2a: Starmie|tox
|
|-damage|p2a: Starmie|74/100 tox|[from] psn
|upkeep
|turn|30
|
|t:|1665775523
|-curestatus|p2a: Starmie|tox|[from] ability: Natural Cure
|switch|p2a: Amoonguss|Amoonguss, F|90/100
|move|p1a: Lamron|Soft-Boiled|p1a: Lamron
|-heal|p1a: Lamron|100/100
|
|upkeep
|turn|31
|
|t:|1665775527
|move|p1a: Lamron|Seismic Toss|p2a: Amoonguss
|-damage|p2a: Amoonguss|67/100
|move|p2a: Amoonguss|Seed Bomb|p1a: Lamron
|-damage|p1a: Lamron|85/100
|
|upkeep
|turn|32
|
|t:|1665775530
|move|p1a: Lamron|Seismic Toss|p2a: Amoonguss
|-damage|p2a: Amoonguss|44/100
|move|p2a: Amoonguss|Seed Bomb|p1a: Lamron
|-damage|p1a: Lamron|69/100
|
|upkeep
|turn|33
|
|t:|1665775532
|switch|p2a: Starmie|Starmie|74/100
|move|p1a: Lamron|Seismic Toss|p2a: Starmie
|-damage|p2a: Starmie|36/100
|
|upkeep
|turn|34
|
|t:|1665775535
|move|p2a: Starmie|Recover|p2a: Starmie
|-heal|p2a: Starmie|86/100
|move|p1a: Lamron|Seismic Toss|p2a: Starmie
|-damage|p2a: Starmie|48/100
|
|upkeep
|turn|35
|
|t:|1665775539
|move|p2a: Starmie|Recover|p2a: Starmie
|-heal|p2a: Starmie|98/100
|move|p1a: Lamron|Soft-Boiled|p1a: Lamron
|-heal|p1a: Lamron|100/100
|
|upkeep
|turn|36
|
|t:|1665775542
|switch|p2a: Amoonguss|Amoonguss, F|77/100
|move|p1a: Lamron|Teleport|p1a: Lamron
|
|t:|1665775545
|switch|p1a: Thundurus|Thundurus-Therian, M|49/100|[from]move: Teleport
|
|upkeep
|turn|37
|
|t:|1665775550
|move|p1a: Thundurus|Volt Switch|p2a: Amoonguss
|-resisted|p2a: Amoonguss
|-damage|p2a: Amoonguss|54/100
|
|t:|1665775555
|switch|p1a: Corv 1.0|Skarmory, F|86/100|[from]move: Volt Switch
|move|p2a: Amoonguss|Sludge Bomb|p1a: Corv 1.0
|-immune|p1a: Corv 1.0
|
|upkeep
|turn|38
|
|t:|1665775558
|switch|p1a: Lamron|Chansey, F|100/100
|switch|p2a: Starmie|Starmie|98/100
|
|upkeep
|turn|39
|
|t:|1665775562
|switch|p2a: Amoonguss|Amoonguss, F|87/100
|move|p1a: Lamron|Teleport|p1a: Lamron
|
|t:|1665775565
|switch|p1a: Thundurus|Thundurus-Therian, M|49/100|[from]move: Teleport
|
|upkeep
|turn|40
|
|t:|1665775567
|move|p1a: Thundurus|Psychic|p2a: Amoonguss
|-supereffective|p2a: Amoonguss
|-damage|p2a: Amoonguss|0 fnt
|faint|p2a: Amoonguss
|
|upkeep
|-message|d01ph1ne forfeited.
|
|win|sponger man
|raw|sponger man's rating: 1447 &rarr; <strong>1471</strong><br />(+24 for winning)
|raw|d01ph1ne's rating: 1522 &rarr; <strong>1498</strong><br />(-24 for losing)
|l|☆d01ph1ne
||Ladder isn't responding, score probably updated but might not have (Request timeout).
