|j|☆SwagsireIsTheBest
|j|☆pokemonisfun
|t:|1666750127
|gametype|singles
|player|p1|SwagsireIsTheBest|unknownf|
|player|p2|pokemonisfun|#uutrio2ladder|
|teamsize|p1|6
|teamsize|p2|6
|gen|8
|tier|[Gen 8] UU
|rule|Sleep Clause Mod: Limit one foe put to sleep
|rule|Species Clause: Limit one of each Pokémon
|rule|OHKO Clause: OHKO moves are banned
|rule|Evasion Items Clause: Evasion items are banned
|rule|Evasion Moves Clause: Evasion moves are banned
|rule|Endless Battle Clause: Forcing endless battles is banned
|rule|HP Percentage Mod: HP is shown in percentages
|rule|Dynamax Clause: You cannot dynamax
|clearpoke
|poke|p1|Regieleki|
|poke|p1|Lycanroc-Dusk, F|
|poke|p1|Nidoking, M|
|poke|p1|Chansey, F|
|poke|p1|Scizor, F|
|poke|p1|Amoonguss, M|
|poke|p2|Toxtricity, F|
|poke|p2|Sylveon, M|
|poke|p2|Scizor, M|
|poke|p2|Hippowdon, M|
|poke|p2|Rotom-Wash|
|poke|p2|Milotic, M|
|teampreview
|inactive|Battle timer is ON: inactive players will automatically lose when time's up. (requested by SwagsireIsTheBest)
|c|☆pokemonisfun|glhf
|c|☆SwagsireIsTheBest|U2
|inactive|SwagsireIsTheBest has 270 seconds left.
|j| Exene
|c| Exene|start
|inactive|SwagsireIsTheBest has 240 seconds left.
|inactive|SwagsireIsTheBest has 210 seconds left.
|
|t:|1666750218
|start
|switch|p1a: Amoonguss|Amoonguss, M|100/100
|switch|p2a: wishy washy|Rotom-Wash|100/100
|turn|1
|inactive|SwagsireIsTheBest has 270 seconds left.
|
|t:|1666750229
|move|p2a: wishy washy|Volt Switch|p1a: Amoonguss
|-resisted|p1a: Amoonguss
|-damage|p1a: Amoonguss|88/100
|
|t:|1666750241
|switch|p2a: punchy wunchy|Scizor, M|100/100|[from]move: Volt Switch
|move|p1a: Amoonguss|Giga Drain|p2a: punchy wunchy
|-resisted|p2a: punchy wunchy
|-damage|p2a: punchy wunchy|94/100
|-heal|p1a: Amoonguss|91/100|[from] drain|[of] p2a: punchy wunchy
|
|-heal|p1a: Amoonguss|97/100|[from] item: Black Sludge
|upkeep
|turn|2
|inactive|SwagsireIsTheBest has 270 seconds left.
|
|t:|1666750277
|move|p2a: punchy wunchy|Knock Off|p1a: Amoonguss
|-damage|p1a: Amoonguss|76/100
|-enditem|p1a: Amoonguss|Black Sludge|[from] move: Knock Off|[of] p2a: punchy wunchy
|move|p1a: Amoonguss|Spore|p2a: punchy wunchy
|-status|p2a: punchy wunchy|slp|[from] move: Spore
|
|upkeep
|turn|3
|
|t:|1666750284
|switch|p1a: Nidoking|Nidoking, M|100/100
|cant|p2a: punchy wunchy|slp
|
|upkeep
|turn|4
|
|t:|1666750293
|switch|p2a: smekky snek|Milotic, M|100/100
|move|p1a: Nidoking|Flamethrower|p2a: smekky snek
|-resisted|p2a: smekky snek
|-damage|p2a: smekky snek|87/100
|
|upkeep
|turn|5
|
|t:|1666750299
|move|p1a: Nidoking|Thunderbolt|p2a: smekky snek
|-supereffective|p2a: smekky snek
|-damage|p2a: smekky snek|36/100
|move|p2a: smekky snek|Recover|p2a: smekky snek
|-heal|p2a: smekky snek|86/100
|
|upkeep
|turn|6
|
|t:|1666750306
|switch|p1a: Amoonguss|Amoonguss, M|100/100
|move|p2a: smekky snek|Scald|p1a: Amoonguss
|-resisted|p1a: Amoonguss
|-damage|p1a: Amoonguss|87/100
|
|upkeep
|turn|7
|
|t:|1666750314
|move|p2a: smekky snek|Scald|p1a: Amoonguss
|-resisted|p1a: Amoonguss
|-damage|p1a: Amoonguss|74/100
|move|p1a: Amoonguss|Giga Drain|p2a: smekky snek
|-supereffective|p2a: smekky snek
|-damage|p2a: smekky snek|57/100
|-heal|p1a: Amoonguss|87/100|[from] drain|[of] p2a: smekky snek
|
|upkeep
|turn|8
|
|t:|1666750318
|switch|p1a: Regieleki|Regieleki|100/100
|move|p2a: smekky snek|Scald|p1a: Regieleki
|-damage|p1a: Regieleki|43/100
|
|upkeep
|turn|9
|
|t:|1666750330
|switch|p1a: Amoonguss|Amoonguss, M|100/100
|switch|p2a: hip(pos) dont lie|Hippowdon, M|100/100
|-weather|Sandstorm|[from] ability: Sand Stream|[of] p2a: hip(pos) dont lie
|
|-weather|Sandstorm|[upkeep]
|-damage|p1a: Amoonguss|94/100|[from] Sandstorm
|upkeep
|turn|10
|
|t:|1666750334
|move|p2a: hip(pos) dont lie|Stealth Rock|p1a: Amoonguss
|-sidestart|p1: SwagsireIsTheBest|move: Stealth Rock
|move|p1a: Amoonguss|Giga Drain|p2a: hip(pos) dont lie
|-supereffective|p2a: hip(pos) dont lie
|-damage|p2a: hip(pos) dont lie|61/100
|-heal|p1a: Amoonguss|100/100|[from] drain|[of] p2a: hip(pos) dont lie
|
|-weather|Sandstorm|[upkeep]
|-damage|p1a: Amoonguss|94/100|[from] Sandstorm
|upkeep
|turn|11
|
|t:|1666750338
|move|p2a: hip(pos) dont lie|Slack Off|p2a: hip(pos) dont lie
|-heal|p2a: hip(pos) dont lie|100/100
|move|p1a: Amoonguss|Giga Drain|p2a: hip(pos) dont lie
|-supereffective|p2a: hip(pos) dont lie
|-damage|p2a: hip(pos) dont lie|60/100
|-heal|p1a: Amoonguss|100/100|[from] drain|[of] p2a: hip(pos) dont lie
|
|-weather|Sandstorm|[upkeep]
|-damage|p1a: Amoonguss|94/100|[from] Sandstorm
|upkeep
|turn|12
|
|t:|1666750341
|move|p2a: hip(pos) dont lie|Slack Off|p2a: hip(pos) dont lie
|-heal|p2a: hip(pos) dont lie|100/100
|move|p1a: Amoonguss|Giga Drain|p2a: hip(pos) dont lie
|-supereffective|p2a: hip(pos) dont lie
|-damage|p2a: hip(pos) dont lie|58/100
|-heal|p1a: Amoonguss|100/100|[from] drain|[of] p2a: hip(pos) dont lie
|
|-weather|Sandstorm|[upkeep]
|-damage|p1a: Amoonguss|94/100|[from] Sandstorm
|upkeep
|turn|13
|
|t:|1666750344
|move|p2a: hip(pos) dont lie|Slack Off|p2a: hip(pos) dont lie
|-heal|p2a: hip(pos) dont lie|100/100
|move|p1a: Amoonguss|Sludge Bomb|p2a: hip(pos) dont lie
|-resisted|p2a: hip(pos) dont lie
|-damage|p2a: hip(pos) dont lie|87/100
|
|-weather|none
|upkeep
|turn|14
|
|t:|1666750350
|switch|p2a: funky punky|Toxtricity, F|100/100
|move|p1a: Amoonguss|Sludge Bomb|p2a: funky punky
|-resisted|p2a: funky punky
|-damage|p2a: funky punky|81/100
|
|upkeep
|turn|15
|
|t:|1666750358
|switch|p1a: Chansey|Chansey, F|100/100
|-damage|p1a: Chansey|88/100|[from] Stealth Rock
|move|p2a: funky punky|Volt Switch|p1a: Chansey
|-damage|p1a: Chansey|73/100
|
|t:|1666750370
|switch|p2a: wishy washy|Rotom-Wash|100/100|[from]move: Volt Switch
|
|upkeep
|turn|16
|
|t:|1666750396
|switch|p1a: Regieleki|Regieleki|43/100
|-damage|p1a: Regieleki|31/100|[from] Stealth Rock
|move|p2a: wishy washy|Trick|p1a: Regieleki
|-activate|p2a: wishy washy|move: Trick|[of] p1a: Regieleki
|-item|p1a: Regieleki|Choice Scarf|[from] move: Trick
|-item|p2a: wishy washy|Choice Specs|[from] move: Trick
|
|upkeep
|turn|17
|
|t:|1666750405
|switch|p2a: hip(pos) dont lie|Hippowdon, M|87/100
|-weather|Sandstorm|[from] ability: Sand Stream|[of] p2a: hip(pos) dont lie
|move|p1a: Regieleki|Volt Switch|p2a: hip(pos) dont lie
|-immune|p2a: hip(pos) dont lie
|
|-weather|Sandstorm|[upkeep]
|-damage|p1a: Regieleki|25/100|[from] Sandstorm
|upkeep
|turn|18
|
|t:|1666750413
|switch|p1a: Chansey|Chansey, F|73/100
|-damage|p1a: Chansey|60/100|[from] Stealth Rock
|move|p2a: hip(pos) dont lie|Earthquake|p1a: Chansey
|-damage|p1a: Chansey|38/100
|
|-weather|Sandstorm|[upkeep]
|-damage|p1a: Chansey|32/100|[from] Sandstorm
|upkeep
|turn|19
|
|t:|1666750421
|move|p1a: Chansey|Soft-Boiled|p1a: Chansey
|-heal|p1a: Chansey|82/100
|move|p2a: hip(pos) dont lie|Toxic|p1a: Chansey
|-status|p1a: Chansey|tox
|
|-weather|Sandstorm|[upkeep]
|-damage|p1a: Chansey|76/100 tox|[from] Sandstorm
|-damage|p1a: Chansey|70/100 tox|[from] psn
|upkeep
|turn|20
|
|t:|1666750427
|move|p1a: Chansey|Soft-Boiled|p1a: Chansey
|-heal|p1a: Chansey|100/100 tox
|move|p2a: hip(pos) dont lie|Earthquake|p1a: Chansey
|-damage|p1a: Chansey|76/100 tox
|
|-weather|Sandstorm|[upkeep]
|-damage|p1a: Chansey|69/100 tox|[from] Sandstorm
|-damage|p1a: Chansey|57/100 tox|[from] psn
|upkeep
|turn|21
|
|t:|1666750437
|-curestatus|p1a: Chansey|tox|[from] ability: Natural Cure
|switch|p1a: Amoonguss|Amoonguss, M|100/100
|-damage|p1a: Amoonguss|88/100|[from] Stealth Rock
|move|p2a: hip(pos) dont lie|Earthquake|p1a: Amoonguss
|-damage|p1a: Amoonguss|61/100
|
|-weather|none
|upkeep
|turn|22
|
|t:|1666750444
|switch|p2a: punchy wunchy|Scizor, M|94/100 slp
|move|p1a: Amoonguss|Sludge Bomb|p2a: punchy wunchy
|-immune|p2a: punchy wunchy
|
|upkeep
|turn|23
|
|t:|1666750450
|switch|p1a: Nidoking|Nidoking, M|100/100
|-damage|p1a: Nidoking|95/100|[from] Stealth Rock
|-curestatus|p2a: punchy wunchy|slp|[msg]
|move|p2a: punchy wunchy|U-turn|p1a: Nidoking
|-resisted|p1a: Nidoking
|-damage|p1a: Nidoking|72/100
|
|t:|1666750458
|switch|p2a: hip(pos) dont lie|Hippowdon, M|87/100|[from]move: U-turn
|-weather|Sandstorm|[from] ability: Sand Stream|[of] p2a: hip(pos) dont lie
|
|-weather|Sandstorm|[upkeep]
|upkeep
|turn|24
|
|t:|1666750463
|switch|p1a: Amoonguss|Amoonguss, M|94/100
|-damage|p1a: Amoonguss|82/100|[from] Stealth Rock
|move|p2a: hip(pos) dont lie|Earthquake|p1a: Amoonguss
|-damage|p1a: Amoonguss|54/100
|
|-weather|Sandstorm|[upkeep]
|-damage|p1a: Amoonguss|47/100|[from] Sandstorm
|upkeep
|turn|25
|
|t:|1666750478
|switch|p2a: kitty katty|Sylveon, M|100/100
|move|p1a: Amoonguss|Giga Drain|p2a: kitty katty
|-damage|p2a: kitty katty|88/100
|-heal|p1a: Amoonguss|54/100|[from] drain|[of] p2a: kitty katty
|
|-weather|Sandstorm|[upkeep]
|-damage|p2a: kitty katty|81/100|[from] Sandstorm
|-damage|p1a: Amoonguss|47/100|[from] Sandstorm
|-heal|p2a: kitty katty|88/100|[from] item: Leftovers
|upkeep
|turn|26
|
|t:|1666750483
|switch|p1a: Chansey|Chansey, F|57/100
|-damage|p1a: Chansey|45/100|[from] Stealth Rock
|move|p2a: kitty katty|Hyper Voice|p1a: Chansey
|-damage|p1a: Chansey|33/100
|
|-weather|Sandstorm|[upkeep]
|-damage|p2a: kitty katty|81/100|[from] Sandstorm
|-damage|p1a: Chansey|27/100|[from] Sandstorm
|-heal|p2a: kitty katty|88/100|[from] item: Leftovers
|upkeep
|turn|27
|
|t:|1666750487
|switch|p2a: punchy wunchy|Scizor, M|94/100
|move|p1a: Chansey|Soft-Boiled|p1a: Chansey
|-heal|p1a: Chansey|77/100
|
|-weather|none
|upkeep
|turn|28
|
|t:|1666750493
|switch|p1a: Amoonguss|Amoonguss, M|81/100
|-damage|p1a: Amoonguss|68/100|[from] Stealth Rock
|move|p2a: punchy wunchy|Knock Off|p1a: Amoonguss
|-damage|p1a: Amoonguss|54/100
|
|upkeep
|turn|29
|
|t:|1666750504
|move|p2a: punchy wunchy|U-turn|p1a: Amoonguss
|-damage|p1a: Amoonguss|30/100
|
|t:|1666750508
|switch|p2a: kitty katty|Sylveon, M|88/100|[from]move: U-turn
|move|p1a: Amoonguss|Sludge Bomb|p2a: kitty katty
|-supereffective|p2a: kitty katty
|-damage|p2a: kitty katty|55/100
|
|-heal|p2a: kitty katty|61/100|[from] item: Leftovers
|upkeep
|turn|30
|
|t:|1666750518
|switch|p1a: Chansey|Chansey, F|77/100
|-damage|p1a: Chansey|65/100|[from] Stealth Rock
|move|p2a: kitty katty|Hyper Voice|p1a: Chansey
|-damage|p1a: Chansey|52/100
|
|-heal|p2a: kitty katty|67/100|[from] item: Leftovers
|upkeep
|turn|31
|
|t:|1666750522
|switch|p2a: punchy wunchy|Scizor, M|94/100
|move|p1a: Chansey|Soft-Boiled|p1a: Chansey
|-heal|p1a: Chansey|100/100
|
|upkeep
|turn|32
|
|t:|1666750527
|switch|p1a: Amoonguss|Amoonguss, M|63/100
|-damage|p1a: Amoonguss|50/100|[from] Stealth Rock
|move|p2a: punchy wunchy|Knock Off|p1a: Amoonguss
|-damage|p1a: Amoonguss|35/100
|
|upkeep
|turn|33
|
|t:|1666750531
|move|p2a: punchy wunchy|U-turn|p1a: Amoonguss
|-damage|p1a: Amoonguss|12/100
|
|t:|1666750535
|switch|p2a: kitty katty|Sylveon, M|67/100|[from]move: U-turn
|move|p1a: Amoonguss|Spore|p2a: kitty katty
|-status|p2a: kitty katty|slp|[from] move: Spore
|
|-heal|p2a: kitty katty|73/100 slp|[from] item: Leftovers
|upkeep
|turn|34
|
|t:|1666750542
|switch|p2a: punchy wunchy|Scizor, M|94/100
|switch|p1a: Nidoking|Nidoking, M|72/100
|-damage|p1a: Nidoking|67/100|[from] Stealth Rock
|
|upkeep
|turn|35
|
|t:|1666750546
|switch|p2a: wishy washy|Rotom-Wash|100/100
|move|p1a: Nidoking|Thunderbolt|p2a: wishy washy
|-damage|p2a: wishy washy|55/100
|
|upkeep
|turn|36
|
|t:|1666750558
|switch|p1a: Chansey|Chansey, F|100/100
|-damage|p1a: Chansey|88/100|[from] Stealth Rock
|move|p2a: wishy washy|Hydro Pump|p1a: Chansey
|-damage|p1a: Chansey|68/100
|
|upkeep
|turn|37
|
|t:|1666750565
|switch|p2a: punchy wunchy|Scizor, M|94/100
|move|p1a: Chansey|Stealth Rock|p2a: punchy wunchy
|-sidestart|p2: pokemonisfun|move: Stealth Rock
|
|upkeep
|turn|38
|
|t:|1666750570
|switch|p1a: Scizor|Scizor, F|100/100
|move|p2a: punchy wunchy|Knock Off|p1a: Scizor
|-damage|p1a: Scizor|78/100
|-enditem|p1a: Scizor|Heavy-Duty Boots|[from] move: Knock Off|[of] p2a: punchy wunchy
|
|upkeep
|turn|39
|
|t:|1666750581
|move|p1a: Scizor|U-turn|p2a: punchy wunchy
|-resisted|p2a: punchy wunchy
|-damage|p2a: punchy wunchy|82/100
|
|t:|1666750589
|switch|p1a: Chansey|Chansey, F|68/100|[from]move: U-turn
|-damage|p1a: Chansey|56/100|[from] Stealth Rock
|move|p2a: punchy wunchy|U-turn|p1a: Chansey
|-damage|p1a: Chansey|34/100
|
|t:|1666750600
|switch|p2a: wishy washy|Rotom-Wash|55/100|[from]move: U-turn
|-damage|p2a: wishy washy|43/100|[from] Stealth Rock
|
|upkeep
|turn|40
|
|t:|1666750605
|move|p2a: wishy washy|Trick|p1a: Chansey
|-activate|p2a: wishy washy|move: Trick|[of] p1a: Chansey
|-item|p1a: Chansey|Choice Specs|[from] move: Trick
|-item|p2a: wishy washy|Eviolite|[from] move: Trick
|move|p1a: Chansey|Soft-Boiled|p1a: Chansey
|-heal|p1a: Chansey|84/100
|
|upkeep
|turn|41
|
|t:|1666750613
|switch|p1a: Amoonguss|Amoonguss, M|45/100
|-damage|p1a: Amoonguss|33/100|[from] Stealth Rock
|move|p2a: wishy washy|Volt Switch|p1a: Amoonguss
|-resisted|p1a: Amoonguss
|-damage|p1a: Amoonguss|20/100
|
|t:|1666750618
|switch|p2a: punchy wunchy|Scizor, M|82/100|[from]move: Volt Switch
|
|upkeep
|turn|42
|
|t:|1666750622
|switch|p1a: Nidoking|Nidoking, M|67/100
|-damage|p1a: Nidoking|61/100|[from] Stealth Rock
|move|p2a: punchy wunchy|U-turn|p1a: Nidoking
|-resisted|p1a: Nidoking
|-damage|p1a: Nidoking|39/100
|
|t:|1666750627
|switch|p2a: wishy washy|Rotom-Wash|43/100|[from]move: U-turn
|-damage|p2a: wishy washy|31/100|[from] Stealth Rock
|
|upkeep
|turn|43
|
|t:|1666750632
|switch|p1a: Chansey|Chansey, F|84/100
|-damage|p1a: Chansey|71/100|[from] Stealth Rock
|move|p2a: wishy washy|Hydro Pump|p1a: Chansey|[miss]
|-miss|p2a: wishy washy|p1a: Chansey
|
|upkeep
|turn|44
|
|t:|1666750638
|move|p2a: wishy washy|Volt Switch|p1a: Chansey
|-damage|p1a: Chansey|58/100
|
|t:|1666750640
|switch|p2a: punchy wunchy|Scizor, M|82/100|[from]move: Volt Switch
|move|p1a: Chansey|Teleport|p1a: Chansey
|
|t:|1666750647
|switch|p1a: Amoonguss|Amoonguss, M|54/100|[from]move: Teleport
|-damage|p1a: Amoonguss|41/100|[from] Stealth Rock
|
|upkeep
|turn|45
|
|t:|1666750656
|switch|p1a: Scizor|Scizor, F|78/100
|-damage|p1a: Scizor|66/100|[from] Stealth Rock
|move|p2a: punchy wunchy|Knock Off|p1a: Scizor
|-damage|p1a: Scizor|52/100
|
|upkeep
|turn|46
|
|t:|1666750659
|move|p1a: Scizor|Roost|p1a: Scizor
|-heal|p1a: Scizor|100/100
|-singleturn|p1a: Scizor|move: Roost
|move|p2a: punchy wunchy|U-turn|p1a: Scizor
|-resisted|p1a: Scizor
|-damage|p1a: Scizor|88/100
|
|t:|1666750667
|switch|p2a: smekky snek|Milotic, M|57/100|[from]move: U-turn
|
|upkeep
|turn|47
|
|t:|1666750676
|move|p2a: smekky snek|Recover|p2a: smekky snek
|-heal|p2a: smekky snek|100/100
|move|p1a: Scizor|U-turn|p2a: smekky snek
|-damage|p2a: smekky snek|78/100
|
|t:|1666750695
|switch|p1a: Regieleki|Regieleki|25/100|[from]move: U-turn
|-damage|p1a: Regieleki|13/100|[from] Stealth Rock
|
|upkeep
|turn|48
|
|t:|1666750700
|switch|p2a: hip(pos) dont lie|Hippowdon, M|87/100
|-damage|p2a: hip(pos) dont lie|81/100|[from] Stealth Rock
|-weather|Sandstorm|[from] ability: Sand Stream|[of] p2a: hip(pos) dont lie
|move|p1a: Regieleki|Rapid Spin|p2a: hip(pos) dont lie
|-damage|p2a: hip(pos) dont lie|74/100
|-boost|p1a: Regieleki|spe|1
|-damage|p1a: Regieleki|0 fnt|[from] item: Rocky Helmet|[of] p2a: hip(pos) dont lie
|faint|p1a: Regieleki
|
|-weather|Sandstorm|[upkeep]
|upkeep
|
|t:|1666750707
|switch|p1a: Nidoking|Nidoking, M|39/100
|-damage|p1a: Nidoking|33/100|[from] Stealth Rock
|turn|49
|c| Exene|what in the fuck
|c| Exene|Rocks didn't go away
|
|t:|1666750726
|move|p1a: Nidoking|Ice Beam|p2a: hip(pos) dont lie
|-supereffective|p2a: hip(pos) dont lie
|-damage|p2a: hip(pos) dont lie|2/100
|move|p2a: hip(pos) dont lie|Earthquake|p1a: Nidoking
|-supereffective|p1a: Nidoking
|-damage|p1a: Nidoking|0 fnt
|faint|p1a: Nidoking
|
|-weather|Sandstorm|[upkeep]
|upkeep
|
|t:|1666750739
|switch|p1a: Lycanroc|Lycanroc-Dusk, F|100/100
|-damage|p1a: Lycanroc|88/100|[from] Stealth Rock
|turn|50
|j| StneColdJaneAusten
|c|☆pokemonisfun|if you die by helmet spin doesnt get rid of hazards
|
|t:|1666750751
|move|p1a: Lycanroc|Close Combat|p2a: hip(pos) dont lie
|-damage|p2a: hip(pos) dont lie|0 fnt
|-unboost|p1a: Lycanroc|def|1
|-unboost|p1a: Lycanroc|spd|1
|-damage|p1a: Lycanroc|72/100|[from] item: Rocky Helmet|[of] p2a: hip(pos) dont lie
|faint|p2a: hip(pos) dont lie
|-damage|p1a: Lycanroc|62/100|[from] item: Life Orb
|
|-weather|Sandstorm|[upkeep]
|upkeep
|
|t:|1666750755
|switch|p2a: punchy wunchy|Scizor, M|82/100
|turn|51
|c| Exene|That's crazy
|
|t:|1666750761
|switch|p1a: Scizor|Scizor, F|88/100
|-damage|p1a: Scizor|76/100|[from] Stealth Rock
|move|p2a: punchy wunchy|Bullet Punch|p1a: Scizor
|-resisted|p1a: Scizor
|-damage|p1a: Scizor|66/100
|
|-weather|Sandstorm|[upkeep]
|upkeep
|turn|52
|c| Exene|Hi Stone Cold
|
|t:|1666750781
|move|p1a: Scizor|Roost|p1a: Scizor
|-heal|p1a: Scizor|100/100
|-singleturn|p1a: Scizor|move: Roost
|move|p2a: punchy wunchy|U-turn|p1a: Scizor
|-resisted|p1a: Scizor
|-damage|p1a: Scizor|89/100
|c| Exene|This is a competition from a Discord server we're part of
|
|t:|1666750795
|switch|p2a: funky punky|Toxtricity, F|81/100|[from]move: U-turn
|-damage|p2a: funky punky|69/100|[from] Stealth Rock
|
|-weather|none
|upkeep
|turn|53
|c| StneColdJaneAusten|nice i just like watching games
|
|t:|1666750807
|move|p2a: funky punky|Overdrive|p1a: Scizor
|-damage|p1a: Scizor|0 fnt
|faint|p1a: Scizor
|
|upkeep
|c|☆SwagsireIsTheBest|That's crazy
|c| Exene|We play lots of different games over there
|
|t:|1666750819
|switch|p1a: Lycanroc|Lycanroc-Dusk, F|62/100
|-damage|p1a: Lycanroc|49/100|[from] Stealth Rock
|turn|54
|c| Exene|Wanna join?
|
|t:|1666750829
|move|p1a: Lycanroc|Psychic Fangs|p2a: funky punky
|-supereffective|p2a: funky punky
|-damage|p2a: funky punky|0 fnt
|faint|p2a: funky punky
|-damage|p1a: Lycanroc|39/100|[from] item: Life Orb
|
|upkeep
|
|t:|1666750831
|switch|p2a: punchy wunchy|Scizor, M|82/100
|turn|55
|c| StneColdJaneAusten|if it's pif
|
|t:|1666750837
|switch|p1a: Amoonguss|Amoonguss, M|74/100
|-damage|p1a: Amoonguss|62/100|[from] Stealth Rock
|move|p2a: punchy wunchy|Bullet Punch|p1a: Amoonguss
|-damage|p1a: Amoonguss|42/100
|
|upkeep
|turn|56
|c| StneColdJaneAusten|pif's server, im already in it
|c|☆pokemonisfun|its not
|c| Exene|No it's mine
|c|☆pokemonisfun|different server
|c| StneColdJaneAusten|yeah send me the link
|
|t:|1666750859
|switch|p1a: Chansey|Chansey, F|58/100
|-damage|p1a: Chansey|45/100|[from] Stealth Rock
|move|p2a: punchy wunchy|Bullet Punch|p1a: Chansey
|-damage|p1a: Chansey|17/100
|
|upkeep
|turn|57
|
|t:|1666750864
|switch|p1a: Amoonguss|Amoonguss, M|75/100
|-damage|p1a: Amoonguss|63/100|[from] Stealth Rock
|move|p2a: punchy wunchy|Bullet Punch|p1a: Amoonguss
|-damage|p1a: Amoonguss|43/100
|
|upkeep
|turn|58
|
|t:|1666750867
|switch|p1a: Chansey|Chansey, F|17/100
|-damage|p1a: Chansey|4/100|[from] Stealth Rock
|move|p2a: punchy wunchy|Bullet Punch|p1a: Chansey
|-damage|p1a: Chansey|0 fnt
|faint|p1a: Chansey
|
|upkeep
|
|t:|1666750869
|switch|p1a: Amoonguss|Amoonguss, M|76/100
|-damage|p1a: Amoonguss|63/100|[from] Stealth Rock
|turn|59
|c|☆SwagsireIsTheBest|I regret not putting synthesis in this
|
|t:|1666750883
|move|p2a: punchy wunchy|Bullet Punch|p1a: Amoonguss
|-damage|p1a: Amoonguss|43/100
|move|p1a: Amoonguss|Foul Play|p2a: punchy wunchy
|-damage|p2a: punchy wunchy|59/100
|
|upkeep
|turn|60
|
|t:|1666750886
|move|p2a: punchy wunchy|Bullet Punch|p1a: Amoonguss
|-damage|p1a: Amoonguss|23/100
|move|p1a: Amoonguss|Foul Play|p2a: punchy wunchy
|-damage|p2a: punchy wunchy|34/100
|
|upkeep
|turn|61
|
|t:|1666750888
|move|p2a: punchy wunchy|Roost|p2a: punchy wunchy
|-heal|p2a: punchy wunchy|84/100
|-singleturn|p2a: punchy wunchy|move: Roost
|move|p1a: Amoonguss|Foul Play|p2a: punchy wunchy
|-damage|p2a: punchy wunchy|58/100
|
|upkeep
|turn|62
|c| Exene|I can't send invites on PS
|
|t:|1666750890
|move|p2a: punchy wunchy|Roost|p2a: punchy wunchy
|-heal|p2a: punchy wunchy|100/100
|-singleturn|p2a: punchy wunchy|move: Roost
|move|p1a: Amoonguss|Foul Play|p2a: punchy wunchy
|-damage|p2a: punchy wunchy|75/100
|
|upkeep
|turn|63
|
|t:|1666750893
|move|p2a: punchy wunchy|Bullet Punch|p1a: Amoonguss
|-damage|p1a: Amoonguss|1/100
|move|p1a: Amoonguss|Foul Play|p2a: punchy wunchy
|-damage|p2a: punchy wunchy|52/100
|
|upkeep
|turn|64
|
|t:|1666750896
|move|p2a: punchy wunchy|Roost|p2a: punchy wunchy
|-heal|p2a: punchy wunchy|100/100
|-singleturn|p2a: punchy wunchy|move: Roost
|move|p1a: Amoonguss|Foul Play|p2a: punchy wunchy
|-damage|p2a: punchy wunchy|76/100
|
|upkeep
|turn|65
|c| StneColdJaneAusten|just give me the invite link
|c| Exene|What's your Discord name?
|
|t:|1666750911
|move|p2a: punchy wunchy|Bullet Punch|p1a: Amoonguss
|-damage|p1a: Amoonguss|0 fnt
|faint|p1a: Amoonguss
|
|upkeep
|
|t:|1666750914
|switch|p1a: Lycanroc|Lycanroc-Dusk, F|39/100
|-damage|p1a: Lycanroc|27/100|[from] Stealth Rock
|turn|66
|
|t:|1666750919
|move|p1a: Lycanroc|Accelerock|p2a: punchy wunchy
|-damage|p2a: punchy wunchy|48/100
|-damage|p1a: Lycanroc|17/100|[from] item: Life Orb
|move|p2a: punchy wunchy|Bullet Punch|p1a: Lycanroc
|-supereffective|p1a: Lycanroc
|-damage|p1a: Lycanroc|0 fnt
|faint|p1a: Lycanroc
|
|win|pokemonisfun
|c|☆pokemonisfun|gg
|c| Exene|I can't send it in here
|c|☆SwagsireIsTheBest|Ggwp
|l| StneColdJaneAusten
