|j|☆Cherbou
|j|☆Mimilucha
|t:|1664117292
|gametype|singles
|player|p1|Cherbou|koga-lgpe|
|player|p2|Mimilucha|lucas|
|teamsize|p1|6
|teamsize|p2|6
|gen|8
|tier|[Gen 8] UU
|rule|Sleep Clause Mod: Limit one foe put to sleep
|rule|Species Clause: Limit one of each Pokémon
|rule|OHKO Clause: OHKO moves are banned
|rule|Evasion Items Clause: Evasion items are banned
|rule|Evasion Moves Clause: Evasion moves are banned
|rule|Endless Battle Clause: Forcing endless battles is banned
|rule|HP Percentage Mod: HP is shown in percentages
|rule|Dynamax Clause: You cannot dynamax
|clearpoke
|poke|p1|Salamence, F|
|poke|p1|Thundurus-Therian, M|
|poke|p1|Seismitoad, F|
|poke|p1|Crawdaunt, M|
|poke|p1|Excadrill, M|
|poke|p1|Politoed, F|
|poke|p2|Cobalion|
|poke|p2|Rotom-Wash|
|poke|p2|Tangrowth, F|
|poke|p2|Diggersby, M|
|poke|p2|Salamence, M|
|poke|p2|Nihilego|
|teampreview
|inactive|Battle timer is ON: inactive players will automatically lose when time's up. (requested by Mimilucha)
|c|☆Cherbou|Hf mekennnnt
|j| Scavet
|inactive|Cherbou has 270 seconds left.
|inactive|Mimilucha has 270 seconds left.
|c|☆Mimilucha|hfent monsieurent
|
|t:|1664117350
|start
|switch|p1a: Salamence|Salamence, F|100/100
|switch|p2a: Tangrowth|Tangrowth, F|100/100
|-ability|p1a: Salamence|Intimidate|boost
|-unboost|p2a: Tangrowth|atk|1
|turn|1
|inactive|Cherbou has 270 seconds left.
|
|t:|1664117392
|switch|p1a: Politoed|Politoed, F|100/100
|-weather|RainDance|[from] ability: Drizzle|[of] p1a: Politoed
|move|p2a: Tangrowth|Knock Off|p1a: Politoed
|-crit|p1a: Politoed
|-damage|p1a: Politoed|76/100
|-enditem|p1a: Politoed|Damp Rock|[from] move: Knock Off|[of] p2a: Tangrowth
|
|-weather|RainDance|[upkeep]
|upkeep
|turn|2
|
|t:|1664117408
|switch|p1a: Salamence|Salamence, F|100/100
|-ability|p1a: Salamence|Intimidate|boost
|-unboost|p2a: Tangrowth|atk|1
|switch|p2a: Nihilego|Nihilego|100/100
|
|-weather|RainDance|[upkeep]
|upkeep
|turn|3
|
|t:|1664117418
|switch|p2a: Cobalion|Cobalion|100/100
|switch|p1a: Excadrill|Excadrill, M|100/100
|-ability|p1a: Excadrill|Mold Breaker
|
|-weather|RainDance|[upkeep]
|upkeep
|turn|4
|inactive|Cherbou has 270 seconds left.
|inactive|Cherbou has 240 seconds left.
|
|t:|1664117477
|switch|p1a: Seismitoad|Seismitoad, F|100/100
|move|p2a: Cobalion|Substitute|p2a: Cobalion
|-start|p2a: Cobalion|Substitute
|-damage|p2a: Cobalion|75/100
|
|-weather|RainDance|[upkeep]
|-heal|p2a: Cobalion|82/100|[from] item: Leftovers
|upkeep
|turn|5
|
|t:|1664117485
|move|p1a: Seismitoad|Earth Power|p2a: Cobalion
|-supereffective|p2a: Cobalion
|-end|p2a: Cobalion|Substitute
|-damage|p1a: Seismitoad|91/100|[from] item: Life Orb
|move|p2a: Cobalion|Focus Blast|p1a: Seismitoad
|-damage|p1a: Seismitoad|48/100
|
|-weather|RainDance|[upkeep]
|-heal|p2a: Cobalion|88/100|[from] item: Leftovers
|upkeep
|turn|6
|
|t:|1664117491
|switch|p2a: Tangrowth|Tangrowth, F|100/100
|move|p1a: Seismitoad|Stealth Rock|p2a: Tangrowth
|-sidestart|p2: Mimilucha|move: Stealth Rock
|
|-weather|RainDance|[upkeep]
|upkeep
|turn|7
|
|t:|1664117497
|switch|p1a: Salamence|Salamence, F|100/100
|-ability|p1a: Salamence|Intimidate|boost
|-unboost|p2a: Tangrowth|atk|1
|move|p2a: Tangrowth|Knock Off|p1a: Salamence
|-damage|p1a: Salamence|81/100
|-enditem|p1a: Salamence|Heavy-Duty Boots|[from] move: Knock Off|[of] p2a: Tangrowth
|
|-weather|RainDance|[upkeep]
|upkeep
|turn|8
|j| Micciu20250
|
|t:|1664117508
|switch|p2a: Nihilego|Nihilego|100/100
|-damage|p2a: Nihilego|88/100|[from] Stealth Rock
|move|p1a: Salamence|Hurricane|p2a: Nihilego
|-resisted|p2a: Nihilego
|-damage|p2a: Nihilego|70/100
|-start|p2a: Nihilego|confusion
|
|-weather|none
|-heal|p2a: Nihilego|76/100|[from] item: Black Sludge
|upkeep
|turn|9
|inactive|Cherbou has 240 seconds left.
|l| Micciu20250
|
|t:|1664117541
|switch|p1a: Excadrill|Excadrill, M|100/100
|-ability|p1a: Excadrill|Mold Breaker
|-activate|p2a: Nihilego|confusion
|-damage|p2a: Nihilego|69/100|[from] confusion
|
|-heal|p2a: Nihilego|75/100|[from] item: Black Sludge
|upkeep
|turn|10
|inactive|Cherbou has 240 seconds left.
|
|t:|1664117549
|switch|p2a: Salamence|Salamence, M|100/100
|-ability|p2a: Salamence|Intimidate|boost
|-unboost|p1a: Excadrill|atk|1
|switch|p1a: Salamence|Salamence, F|81/100
|-ability|p1a: Salamence|Intimidate|boost
|-unboost|p2a: Salamence|atk|1
|
|upkeep
|turn|11
|
|t:|1664117562
|switch|p2a: Tangrowth|Tangrowth, F|100/100
|-damage|p2a: Tangrowth|88/100|[from] Stealth Rock
|move|p1a: Salamence|Draco Meteor|p2a: Tangrowth
|-damage|p2a: Tangrowth|44/100
|-unboost|p1a: Salamence|spa|2
|
|upkeep
|turn|12
|
|t:|1664117576
|switch|p1a: Excadrill|Excadrill, M|100/100
|-ability|p1a: Excadrill|Mold Breaker
|switch|p2a: Nihilego|Nihilego|75/100
|-damage|p2a: Nihilego|63/100|[from] Stealth Rock
|
|-heal|p2a: Nihilego|69/100|[from] item: Black Sludge
|upkeep
|turn|13
|
|t:|1664117584
|switch|p2a: Salamence|Salamence, M|100/100
|-ability|p2a: Salamence|Intimidate|boost
|-unboost|p1a: Excadrill|atk|1
|move|p1a: Excadrill|Iron Head|p2a: Salamence
|-damage|p2a: Salamence|81/100
|
|upkeep
|turn|14
|
|t:|1664117596
|switch|p1a: Politoed|Politoed, F|76/100
|-weather|RainDance|[from] ability: Drizzle|[of] p1a: Politoed
|move|p2a: Salamence|Defog|p1a: Politoed
|-unboost|p1a: Politoed|evasion|1
|-sideend|p2: Mimilucha|Stealth Rock|[from] move: Defog|[of] p2a: Salamence
|
|-weather|RainDance|[upkeep]
|upkeep
|turn|15
|
|t:|1664117603
|switch|p2a: Rotom|Rotom-Wash|100/100
|move|p1a: Politoed|Ice Beam|p2a: Rotom
|-resisted|p2a: Rotom
|-damage|p2a: Rotom|91/100
|
|-weather|RainDance|[upkeep]
|-heal|p2a: Rotom|97/100|[from] item: Leftovers
|upkeep
|turn|16
|inactive|Cherbou has 270 seconds left.
|
|t:|1664117611
|switch|p1a: Salamence|Salamence, F|81/100
|-ability|p1a: Salamence|Intimidate|boost
|-unboost|p2a: Rotom|atk|1
|move|p2a: Rotom|Hydro Pump|p1a: Salamence|[miss]
|-miss|p2a: Rotom|p1a: Salamence
|
|-weather|RainDance|[upkeep]
|-heal|p2a: Rotom|100/100|[from] item: Leftovers
|upkeep
|turn|17
|
|t:|1664117619
|move|p1a: Salamence|Draco Meteor|p2a: Rotom
|-damage|p2a: Rotom|30/100
|-unboost|p1a: Salamence|spa|2
|move|p2a: Rotom|Pain Split|p1a: Salamence
|-sethp|p1a: Salamence|54/100|[from] move: Pain Split|[silent]
|-sethp|p2a: Rotom|60/100|[from] move: Pain Split
|
|-weather|RainDance|[upkeep]
|-heal|p2a: Rotom|66/100|[from] item: Leftovers
|upkeep
|turn|18
|
|t:|1664117627
|move|p1a: Salamence|Roost|p1a: Salamence
|-heal|p1a: Salamence|100/100
|-singleturn|p1a: Salamence|move: Roost
|move|p2a: Rotom|Hydro Pump|p1a: Salamence
|-resisted|p1a: Salamence
|-damage|p1a: Salamence|62/100
|
|-weather|none
|-heal|p2a: Rotom|72/100|[from] item: Leftovers
|upkeep
|turn|19
|
|t:|1664117638
|move|p1a: Salamence|Roost|p1a: Salamence
|-heal|p1a: Salamence|100/100
|-singleturn|p1a: Salamence|move: Roost
|move|p2a: Rotom|Hydro Pump|p1a: Salamence
|-resisted|p1a: Salamence
|-damage|p1a: Salamence|73/100
|
|-heal|p2a: Rotom|78/100|[from] item: Leftovers
|upkeep
|turn|20
|
|t:|1664117641
|switch|p1a: Thundurus|Thundurus-Therian, M|100/100
|move|p2a: Rotom|Toxic|p1a: Thundurus
|-status|p1a: Thundurus|tox
|
|-heal|p2a: Rotom|84/100|[from] item: Leftovers
|-damage|p1a: Thundurus|94/100 tox|[from] psn
|upkeep
|turn|21
|
|t:|1664117669
|switch|p1a: Excadrill|Excadrill, M|100/100
|-ability|p1a: Excadrill|Mold Breaker
|switch|p2a: Tangrowth|Tangrowth, F|77/100
|
|upkeep
|turn|22
|
|t:|1664117679
|switch|p1a: Salamence|Salamence, F|73/100
|-ability|p1a: Salamence|Intimidate|boost
|-unboost|p2a: Tangrowth|atk|1
|move|p2a: Tangrowth|Knock Off|p1a: Salamence
|-damage|p1a: Salamence|62/100
|
|upkeep
|turn|23
|inactive|Cherbou has 270 seconds left.
|
|t:|1664117705
|switch|p2a: Nihilego|Nihilego|69/100
|move|p1a: Salamence|Hurricane|p2a: Nihilego
|-resisted|p2a: Nihilego
|-damage|p2a: Nihilego|51/100
|
|-heal|p2a: Nihilego|57/100|[from] item: Black Sludge
|upkeep
|turn|24
|inactive|Cherbou has 270 seconds left.
|
|t:|1664117721
|switch|p1a: Excadrill|Excadrill, M|100/100
|-ability|p1a: Excadrill|Mold Breaker
|move|p2a: Nihilego|Pain Split|p1a: Excadrill
|-sethp|p1a: Excadrill|79/100|[from] move: Pain Split|[silent]
|-sethp|p2a: Nihilego|79/100|[from] move: Pain Split
|
|-heal|p2a: Nihilego|85/100|[from] item: Black Sludge
|-heal|p1a: Excadrill|85/100|[from] item: Leftovers
|upkeep
|turn|25
|inactive|Cherbou has 270 seconds left.
|
|t:|1664117738
|switch|p2a: Tangrowth|Tangrowth, F|100/100
|move|p1a: Excadrill|Stealth Rock|p2a: Tangrowth
|-sidestart|p2: Mimilucha|move: Stealth Rock
|
|-heal|p1a: Excadrill|91/100|[from] item: Leftovers
|upkeep
|turn|26
|
|t:|1664117751
|switch|p1a: Salamence|Salamence, F|62/100
|-ability|p1a: Salamence|Intimidate|boost
|-unboost|p2a: Tangrowth|atk|1
|move|p2a: Tangrowth|Sludge Bomb|p1a: Salamence
|-crit|p1a: Salamence
|-damage|p1a: Salamence|20/100
|
|upkeep
|turn|27
|
|t:|1664117754
|move|p1a: Salamence|Roost|p1a: Salamence
|-heal|p1a: Salamence|70/100
|-singleturn|p1a: Salamence|move: Roost
|move|p2a: Tangrowth|Sludge Bomb|p1a: Salamence
|-damage|p1a: Salamence|44/100
|
|upkeep
|turn|28
|
|t:|1664117766
|switch|p2a: Nihilego|Nihilego|85/100
|-damage|p2a: Nihilego|72/100|[from] Stealth Rock
|move|p1a: Salamence|Roost|p1a: Salamence
|-heal|p1a: Salamence|94/100
|-singleturn|p1a: Salamence|move: Roost
|
|-heal|p2a: Nihilego|79/100|[from] item: Black Sludge
|upkeep
|turn|29
|inactive|Cherbou has 270 seconds left.
|
|t:|1664117786
|switch|p1a: Politoed|Politoed, F|76/100
|-weather|RainDance|[from] ability: Drizzle|[of] p1a: Politoed
|move|p2a: Nihilego|Stealth Rock|p1a: Politoed
|-sidestart|p1: Cherbou|move: Stealth Rock
|
|-weather|RainDance|[upkeep]
|-heal|p2a: Nihilego|85/100|[from] item: Black Sludge
|upkeep
|turn|30
|inactive|Cherbou has 270 seconds left.
|
|t:|1664117801
|switch|p2a: Tangrowth|Tangrowth, F|100/100
|-damage|p2a: Tangrowth|88/100|[from] Stealth Rock
|switch|p1a: Salamence|Salamence, F|94/100
|-damage|p1a: Salamence|69/100|[from] Stealth Rock
|-ability|p1a: Salamence|Intimidate|boost
|-unboost|p2a: Tangrowth|atk|1
|
|-weather|RainDance|[upkeep]
|upkeep
|turn|31
|
|t:|1664117809
|switch|p2a: Nihilego|Nihilego|85/100
|-damage|p2a: Nihilego|72/100|[from] Stealth Rock
|move|p1a: Salamence|Hydro Pump|p2a: Nihilego
|-supereffective|p2a: Nihilego
|-damage|p2a: Nihilego|0 fnt
|faint|p2a: Nihilego
|
|-weather|RainDance|[upkeep]
|upkeep
|
|t:|1664117814
|switch|p2a: Diggersby|Diggersby, M|100/100
|-damage|p2a: Diggersby|94/100|[from] Stealth Rock
|turn|32
|
|t:|1664117826
|switch|p1a: Seismitoad|Seismitoad, F|48/100
|-damage|p1a: Seismitoad|42/100|[from] Stealth Rock
|move|p2a: Diggersby|Body Slam|p1a: Seismitoad
|-damage|p1a: Seismitoad|0 fnt
|faint|p1a: Seismitoad
|
|-weather|RainDance|[upkeep]
|upkeep
|
|t:|1664117835
|switch|p1a: Crawdaunt|Crawdaunt, M|100/100
|-damage|p1a: Crawdaunt|88/100|[from] Stealth Rock
|turn|33
|
|t:|1664117850
|switch|p2a: Salamence|Salamence, M|81/100
|-ability|p2a: Salamence|Intimidate|boost
|-unboost|p1a: Crawdaunt|atk|1
|move|p1a: Crawdaunt|Crabhammer|p2a: Salamence
|-resisted|p2a: Salamence
|-damage|p2a: Salamence|39/100
|
|-weather|none
|upkeep
|turn|34
|j| Bhalal
|inactive|Cherbou has 270 seconds left.
|
|t:|1664117878
|switch|p1a: Excadrill|Excadrill, M|91/100
|-damage|p1a: Excadrill|88/100|[from] Stealth Rock
|-ability|p1a: Excadrill|Mold Breaker
|move|p2a: Salamence|Roost|p2a: Salamence
|-heal|p2a: Salamence|89/100
|-singleturn|p2a: Salamence|move: Roost
|
|-heal|p1a: Excadrill|94/100|[from] item: Leftovers
|upkeep
|turn|35
|inactive|Cherbou has 270 seconds left.
|
|t:|1664117883
|move|p1a: Excadrill|Rapid Spin|p2a: Salamence
|-damage|p2a: Salamence|77/100
|-boost|p1a: Excadrill|spe|1
|-sideend|p1: Cherbou|Stealth Rock|[from] move: Rapid Spin|[of] p1a: Excadrill
|move|p2a: Salamence|Flamethrower|p1a: Excadrill
|-supereffective|p1a: Excadrill
|-damage|p1a: Excadrill|56/100
|
|-heal|p1a: Excadrill|62/100|[from] item: Leftovers
|upkeep
|turn|36
|inactive|Cherbou has 270 seconds left.
|
|t:|1664117895
|move|p1a: Excadrill|Iron Head|p2a: Salamence
|-damage|p2a: Salamence|48/100
|move|p2a: Salamence|Defog|p1a: Excadrill
|-unboost|p1a: Excadrill|evasion|1
|-sideend|p2: Mimilucha|Stealth Rock|[from] move: Defog|[of] p2a: Salamence
|
|-heal|p1a: Excadrill|68/100|[from] item: Leftovers
|upkeep
|turn|37
|
|t:|1664117902
|move|p1a: Excadrill|Stealth Rock|p2a: Salamence
|-sidestart|p2: Mimilucha|move: Stealth Rock
|move|p2a: Salamence|Roost|p2a: Salamence
|-heal|p2a: Salamence|98/100
|-singleturn|p2a: Salamence|move: Roost
|
|-heal|p1a: Excadrill|74/100|[from] item: Leftovers
|upkeep
|turn|38
|
|t:|1664117908
|move|p1a: Excadrill|Iron Head|p2a: Salamence
|-damage|p2a: Salamence|69/100
|move|p2a: Salamence|Defog|p1a: Excadrill
|-unboost|p1a: Excadrill|evasion|1
|-sideend|p2: Mimilucha|Stealth Rock|[from] move: Defog|[of] p2a: Salamence
|
|-heal|p1a: Excadrill|81/100|[from] item: Leftovers
|upkeep
|turn|39
|
|t:|1664117911
|move|p1a: Excadrill|Stealth Rock|p2a: Salamence
|-sidestart|p2: Mimilucha|move: Stealth Rock
|move|p2a: Salamence|Flamethrower|p1a: Excadrill
|-supereffective|p1a: Excadrill
|-damage|p1a: Excadrill|41/100
|
|-heal|p1a: Excadrill|47/100|[from] item: Leftovers
|upkeep
|turn|40
|
|t:|1664117913
|switch|p1a: Politoed|Politoed, F|76/100
|-weather|RainDance|[from] ability: Drizzle|[of] p1a: Politoed
|move|p2a: Salamence|Roost|p2a: Salamence
|-heal|p2a: Salamence|100/100
|-singleturn|p2a: Salamence|move: Roost
|
|-weather|RainDance|[upkeep]
|upkeep
|turn|41
|
|t:|1664117926
|switch|p2a: Rotom|Rotom-Wash|84/100
|-damage|p2a: Rotom|71/100|[from] Stealth Rock
|switch|p1a: Salamence|Salamence, F|69/100
|-ability|p1a: Salamence|Intimidate|boost
|-unboost|p2a: Rotom|atk|1
|
|-weather|RainDance|[upkeep]
|-heal|p2a: Rotom|77/100|[from] item: Leftovers
|upkeep
|turn|42
|
|t:|1664117935
|move|p1a: Salamence|Hurricane|p2a: Rotom
|-resisted|p2a: Rotom
|-damage|p2a: Rotom|52/100
|move|p2a: Rotom|Hydro Pump|p1a: Salamence
|-resisted|p1a: Salamence
|-damage|p1a: Salamence|28/100
|
|-weather|RainDance|[upkeep]
|-heal|p2a: Rotom|58/100|[from] item: Leftovers
|upkeep
|turn|43
|
|t:|1664117941
|switch|p2a: Cobalion|Cobalion|88/100
|-damage|p2a: Cobalion|85/100|[from] Stealth Rock
|move|p1a: Salamence|Roost|p1a: Salamence
|-heal|p1a: Salamence|78/100
|-singleturn|p1a: Salamence|move: Roost
|
|-weather|RainDance|[upkeep]
|-heal|p2a: Cobalion|91/100|[from] item: Leftovers
|upkeep
|turn|44
|
|t:|1664117944
|move|p2a: Cobalion|Calm Mind|p2a: Cobalion
|-boost|p2a: Cobalion|spa|1
|-boost|p2a: Cobalion|spd|1
|move|p1a: Salamence|Hurricane|p2a: Cobalion
|-damage|p2a: Cobalion|51/100
|
|-weather|none
|-heal|p2a: Cobalion|57/100|[from] item: Leftovers
|upkeep
|turn|45
|
|t:|1664117953
|move|p2a: Cobalion|Flash Cannon|p1a: Salamence
|-damage|p1a: Salamence|29/100
|-unboost|p1a: Salamence|spd|1
|move|p1a: Salamence|Hurricane|p2a: Cobalion
|-damage|p2a: Cobalion|20/100
|-start|p2a: Cobalion|confusion
|
|-heal|p2a: Cobalion|26/100|[from] item: Leftovers
|upkeep
|turn|46
|j| Banal paradis ☆〜ゝ。
|
|t:|1664117958
|switch|p1a: Thundurus|Thundurus-Therian, M|94/100 tox
|-activate|p2a: Cobalion|confusion
|move|p2a: Cobalion|Flash Cannon|p1a: Thundurus
|-resisted|p1a: Thundurus
|-damage|p1a: Thundurus|70/100 tox
|
|-heal|p2a: Cobalion|32/100|[from] item: Leftovers
|-damage|p1a: Thundurus|64/100 tox|[from] psn
|upkeep
|turn|47
|
|t:|1664117964
|-end|p2a: Cobalion|confusion
|move|p2a: Cobalion|Substitute|p2a: Cobalion
|-start|p2a: Cobalion|Substitute
|-damage|p2a: Cobalion|7/100
|move|p1a: Thundurus|Volt Switch|p2a: Cobalion
|-end|p2a: Cobalion|Substitute
|
|t:|1664117968
|switch|p1a: Politoed|Politoed, F|76/100|[from]move: Volt Switch
|-weather|RainDance|[from] ability: Drizzle|[of] p1a: Politoed
|
|-weather|RainDance|[upkeep]
|-heal|p2a: Cobalion|14/100|[from] item: Leftovers
|upkeep
|turn|48
|
|t:|1664117988
|move|p2a: Cobalion|Focus Blast|p1a: Politoed
|-damage|p1a: Politoed|26/100
|move|p1a: Politoed|Scald|p2a: Cobalion
|-damage|p2a: Cobalion|0 fnt
|faint|p2a: Cobalion
|
|-weather|RainDance|[upkeep]
|upkeep
|
|t:|1664117996
|switch|p2a: Diggersby|Diggersby, M|94/100
|-damage|p2a: Diggersby|88/100|[from] Stealth Rock
|turn|49
|n| Banal paradis ☆〜ゝ。|banalparadis
|
|t:|1664118015
|move|p2a: Diggersby|U-turn|p1a: Politoed
|-damage|p1a: Politoed|6/100
|
|t:|1664118019
|switch|p2a: Rotom|Rotom-Wash|58/100|[from]move: U-turn
|-damage|p2a: Rotom|46/100|[from] Stealth Rock
|move|p1a: Politoed|Scald|p2a: Rotom
|-resisted|p2a: Rotom
|-damage|p2a: Rotom|24/100
|
|-weather|RainDance|[upkeep]
|-heal|p2a: Rotom|30/100|[from] item: Leftovers
|upkeep
|turn|50
|
|t:|1664118037
|move|p2a: Rotom|Hydro Pump|p1a: Politoed
|-resisted|p1a: Politoed
|-damage|p1a: Politoed|0 fnt
|faint|p1a: Politoed
|
|-weather|RainDance|[upkeep]
|-heal|p2a: Rotom|36/100|[from] item: Leftovers
|upkeep
|
|t:|1664118046
|switch|p1a: Salamence|Salamence, F|29/100
|-ability|p1a: Salamence|Intimidate|boost
|-unboost|p2a: Rotom|atk|1
|turn|51
|
|t:|1664118049
|move|p1a: Salamence|Roost|p1a: Salamence
|-heal|p1a: Salamence|79/100
|-singleturn|p1a: Salamence|move: Roost
|move|p2a: Rotom|Pain Split|p1a: Salamence
|-sethp|p1a: Salamence|56/100|[from] move: Pain Split|[silent]
|-sethp|p2a: Rotom|62/100|[from] move: Pain Split
|
|-weather|none
|-heal|p2a: Rotom|68/100|[from] item: Leftovers
|upkeep
|turn|52
|
|t:|1664118053
|switch|p1a: Excadrill|Excadrill, M|47/100
|-ability|p1a: Excadrill|Mold Breaker
|move|p2a: Rotom|Pain Split|p1a: Excadrill
|-sethp|p1a: Excadrill|52/100|[from] move: Pain Split|[silent]
|-sethp|p2a: Rotom|62/100|[from] move: Pain Split
|
|-heal|p1a: Excadrill|58/100|[from] item: Leftovers
|-heal|p2a: Rotom|68/100|[from] item: Leftovers
|upkeep
|turn|53
|
|t:|1664118060
|switch|p1a: Salamence|Salamence, F|56/100
|-ability|p1a: Salamence|Intimidate|boost
|-unboost|p2a: Rotom|atk|1
|switch|p2a: Salamence|Salamence, M|100/100
|-ability|p2a: Salamence|Intimidate|boost
|-unboost|p1a: Salamence|atk|1
|
|upkeep
|turn|54
|
|t:|1664118066
|switch|p2a: Rotom|Rotom-Wash|68/100
|-damage|p2a: Rotom|56/100|[from] Stealth Rock
|move|p1a: Salamence|Draco Meteor|p2a: Rotom
|-damage|p2a: Rotom|0 fnt
|-unboost|p1a: Salamence|spa|2
|faint|p2a: Rotom
|
|upkeep
|
|t:|1664118069
|switch|p2a: Diggersby|Diggersby, M|88/100
|-damage|p2a: Diggersby|82/100|[from] Stealth Rock
|turn|55
|inactive|Cherbou has 270 seconds left.
|
|t:|1664118114
|switch|p1a: Excadrill|Excadrill, M|58/100
|-ability|p1a: Excadrill|Mold Breaker
|move|p2a: Diggersby|Body Slam|p1a: Excadrill
|-resisted|p1a: Excadrill
|-damage|p1a: Excadrill|19/100
|
|-heal|p1a: Excadrill|25/100|[from] item: Leftovers
|upkeep
|turn|56
|
|t:|1664118140
|move|p2a: Diggersby|Body Slam|p1a: Excadrill
|-resisted|p1a: Excadrill
|-damage|p1a: Excadrill|0 fnt
|faint|p1a: Excadrill
|
|upkeep
|
|t:|1664118142
|switch|p1a: Crawdaunt|Crawdaunt, M|88/100
|turn|57
|
|t:|1664118148
|move|p2a: Diggersby|Body Slam|p1a: Crawdaunt
|-crit|p1a: Crawdaunt
|-damage|p1a: Crawdaunt|0 fnt
|faint|p1a: Crawdaunt
|
|upkeep
|c|☆Cherbou|Ah
|c|☆Mimilucha|dong
|inactive|Cherbou has 270 seconds left.
|c|☆Cherbou|Je tankais tellement mdrr
|
|t:|1664118162
|switch|p1a: Salamence|Salamence, F|56/100
|-ability|p1a: Salamence|Intimidate|boost
|-unboost|p2a: Diggersby|atk|1
|turn|58
|
|t:|1664118178
|switch|p2a: Tangrowth|Tangrowth, F|100/100
|-damage|p2a: Tangrowth|88/100|[from] Stealth Rock
|move|p1a: Salamence|Roost|p1a: Salamence
|-heal|p1a: Salamence|100/100
|-singleturn|p1a: Salamence|move: Roost
|
|upkeep
|turn|59
|c|☆Cherbou|Un peu sadge tbh jtrouvais que j'avais pas mal joué
|
|t:|1664118183
|move|p1a: Salamence|Hurricane|p2a: Tangrowth
|-supereffective|p2a: Tangrowth
|-damage|p2a: Tangrowth|20/100
|move|p2a: Tangrowth|Sludge Bomb|p1a: Salamence
|-damage|p1a: Salamence|71/100
|-status|p1a: Salamence|psn
|
|-damage|p1a: Salamence|58/100 psn|[from] psn
|upkeep
|turn|60
|c|☆Mimilucha|oe moi j'ai joué trop 1er degré
|
|t:|1664118207
|switch|p2a: Salamence|Salamence, M|100/100
|-ability|p2a: Salamence|Intimidate|boost
|-unboost|p1a: Salamence|atk|1
|move|p1a: Salamence|Roost|p1a: Salamence
|-heal|p1a: Salamence|100/100 psn
|-singleturn|p1a: Salamence|move: Roost
|
|-damage|p1a: Salamence|88/100 psn|[from] psn
|upkeep
|turn|61
|
|t:|1664118211
|switch|p2a: Tangrowth|Tangrowth, F|53/100
|-damage|p2a: Tangrowth|41/100|[from] Stealth Rock
|move|p1a: Salamence|Draco Meteor|p2a: Tangrowth
|-damage|p2a: Tangrowth|0 fnt
|-unboost|p1a: Salamence|spa|2
|faint|p2a: Tangrowth
|
|-damage|p1a: Salamence|76/100 psn|[from] psn
|upkeep
|
|t:|1664118213
|switch|p2a: Diggersby|Diggersby, M|82/100
|-damage|p2a: Diggersby|76/100|[from] Stealth Rock
|turn|62
|
|t:|1664118217
|switch|p1a: Thundurus|Thundurus-Therian, M|64/100 tox
|move|p2a: Diggersby|Body Slam|p1a: Thundurus
|-damage|p1a: Thundurus|0 fnt
|faint|p1a: Thundurus
|
|upkeep
|
|t:|1664118220
|switch|p1a: Salamence|Salamence, F|76/100 psn
|-ability|p1a: Salamence|Intimidate|boost
|-unboost|p2a: Diggersby|atk|1
|turn|63
|
|t:|1664118226
|switch|p2a: Salamence|Salamence, M|100/100
|-ability|p2a: Salamence|Intimidate|boost
|-unboost|p1a: Salamence|atk|1
|move|p1a: Salamence|Hydro Pump|p2a: Salamence
|-resisted|p2a: Salamence
|-damage|p2a: Salamence|83/100
|
|-damage|p1a: Salamence|63/100 psn|[from] psn
|upkeep
|turn|64
|
|t:|1664118230
|move|p1a: Salamence|Roost|p1a: Salamence
|-heal|p1a: Salamence|100/100 psn
|-singleturn|p1a: Salamence|move: Roost
|move|p2a: Salamence|Dual Wingbeat|p1a: Salamence
|-damage|p1a: Salamence|78/100 psn
|-damage|p1a: Salamence|57/100 psn
|-hitcount|p1a: Salamence|2
|
|-damage|p1a: Salamence|44/100 psn|[from] psn
|upkeep
|turn|65
|
|t:|1664118233
|move|p1a: Salamence|Roost|p1a: Salamence
|-heal|p1a: Salamence|94/100 psn
|-singleturn|p1a: Salamence|move: Roost
|move|p2a: Salamence|Dual Wingbeat|p1a: Salamence
|-damage|p1a: Salamence|71/100 psn
|-damage|p1a: Salamence|46/100 psn
|-hitcount|p1a: Salamence|2
|
|-damage|p1a: Salamence|34/100 psn|[from] psn
|upkeep
|turn|66
|
|t:|1664118236
|move|p1a: Salamence|Roost|p1a: Salamence
|-heal|p1a: Salamence|84/100 psn
|-singleturn|p1a: Salamence|move: Roost
|move|p2a: Salamence|Dual Wingbeat|p1a: Salamence
|-damage|p1a: Salamence|60/100 psn
|-damage|p1a: Salamence|36/100 psn
|-hitcount|p1a: Salamence|2
|
|-damage|p1a: Salamence|24/100 psn|[from] psn
|upkeep
|turn|67
|
|t:|1664118238
|move|p1a: Salamence|Roost|p1a: Salamence
|-heal|p1a: Salamence|74/100 psn
|-singleturn|p1a: Salamence|move: Roost
|move|p2a: Salamence|Dual Wingbeat|p1a: Salamence
|-damage|p1a: Salamence|50/100 psn
|-damage|p1a: Salamence|28/100 psn
|-hitcount|p1a: Salamence|2
|
|-damage|p1a: Salamence|16/100 psn|[from] psn
|upkeep
|turn|68
|
|t:|1664118240
|move|p1a: Salamence|Roost|p1a: Salamence
|-heal|p1a: Salamence|66/100 psn
|-singleturn|p1a: Salamence|move: Roost
|move|p2a: Salamence|Dual Wingbeat|p1a: Salamence|[miss]
|-miss|p2a: Salamence|p1a: Salamence
|
|-damage|p1a: Salamence|54/100 psn|[from] psn
|upkeep
|turn|69
|
|t:|1664118245
|move|p1a: Salamence|Roost|p1a: Salamence
|-heal|p1a: Salamence|100/100 psn
|-singleturn|p1a: Salamence|move: Roost
|move|p2a: Salamence|Dual Wingbeat|p1a: Salamence
|-damage|p1a: Salamence|78/100 psn
|-damage|p1a: Salamence|55/100 psn
|-hitcount|p1a: Salamence|2
|
|-damage|p1a: Salamence|43/100 psn|[from] psn
|upkeep
|turn|70
|
|t:|1664118247
|move|p1a: Salamence|Roost|p1a: Salamence
|-heal|p1a: Salamence|93/100 psn
|-singleturn|p1a: Salamence|move: Roost
|move|p2a: Salamence|Dual Wingbeat|p1a: Salamence
|-damage|p1a: Salamence|70/100 psn
|-damage|p1a: Salamence|47/100 psn
|-hitcount|p1a: Salamence|2
|
|-damage|p1a: Salamence|34/100 psn|[from] psn
|upkeep
|turn|71
|
|t:|1664118250
|move|p1a: Salamence|Roost|p1a: Salamence
|-heal|p1a: Salamence|84/100 psn
|-singleturn|p1a: Salamence|move: Roost
|move|p2a: Salamence|Dual Wingbeat|p1a: Salamence
|-damage|p1a: Salamence|61/100 psn
|-damage|p1a: Salamence|37/100 psn
|-hitcount|p1a: Salamence|2
|
|-damage|p1a: Salamence|25/100 psn|[from] psn
|upkeep
|turn|72
|
|t:|1664118252
|move|p1a: Salamence|Draco Meteor|p2a: Salamence
|-supereffective|p2a: Salamence
|-damage|p2a: Salamence|0 fnt
|-unboost|p1a: Salamence|spa|2
|faint|p2a: Salamence
|
|-damage|p1a: Salamence|12/100 psn|[from] psn
|upkeep
|
|t:|1664118254
|switch|p2a: Diggersby|Diggersby, M|76/100
|-damage|p2a: Diggersby|70/100|[from] Stealth Rock
|turn|73
|c|☆Cherbou|Gg
|
|t:|1664118257
|move|p2a: Diggersby|Body Slam|p1a: Salamence
|-damage|p1a: Salamence|0 fnt
|faint|p1a: Salamence
|
|win|Mimilucha
|c|☆Mimilucha|gg mek
|l|☆Cherbou
