|j|☆uult1 shoot
|j|☆Bale2711
|player|p1|uult1 shoot|silver-gen2|1487
|player|p2|Bale2711|15|1507
|teamsize|p1|6
|teamsize|p2|6
|gametype|singles
|gen|8
|tier|[Gen 8] UU
|rated|
|clearpoke
|poke|p1|Dugtrio-Alola, M|
|poke|p1|Xatu, M|
|poke|p1|Haxorus, M|
|poke|p1|Linoone, M|
|poke|p1|Barbaracle, F|
|poke|p1|Toxtricity, M|
|poke|p2|Umbreon, F|
|poke|p2|Sylveon, M|
|poke|p2|Doublade, F|
|poke|p2|Necrozma|
|poke|p2|Rotom-Wash|
|poke|p2|Sirfetch'd, M|
|rule|Sleep Clause Mod: Limit one foe put to sleep
|rule|Species Clause: Limit one of each Pokémon
|rule|OHKO Clause: OHKO moves are banned
|rule|Evasion Moves Clause: Evasion moves are banned
|rule|Endless Battle Clause: Forcing endless battles is banned
|rule|HP Percentage Mod: HP is shown in percentages
|rule|Dynamax Clause: You cannot dynamax
|teampreview
|
|start
|switch|p1a: Dugtrio|Dugtrio-Alola, M|100/100
|switch|p2a: Rotom|Rotom-Wash|100/100
|turn|1
|
|move|p1a: Dugtrio|Stealth Rock|p2a: Rotom
|-sidestart|p2: Bale2711|move: Stealth Rock
|move|p2a: Rotom|Hydro Pump|p1a: Dugtrio
|-supereffective|p1a: Dugtrio
|-enditem|p1a: Dugtrio|Focus Sash
|-damage|p1a: Dugtrio|1/100
|
|upkeep
|turn|2
|
|move|p1a: Dugtrio|Toxic|p2a: Rotom
|-status|p2a: Rotom|tox
|move|p2a: Rotom|Hydro Pump|p1a: Dugtrio
|-supereffective|p1a: Dugtrio
|-damage|p1a: Dugtrio|0 fnt
|faint|p1a: Dugtrio
|
|-damage|p2a: Rotom|94/100 tox|[from] psn
|upkeep
|
|switch|p1a: Xatu|Xatu, M|100/100
|turn|3
|
|move|p1a: Xatu|Light Screen|p1a: Xatu
|-sidestart|p1: uult1 shoot|move: Light Screen
|move|p2a: Rotom|Defog|p1a: Xatu
|move|p1a: Xatu|Defog|p2a: Rotom|[from]Magic Bounce
|-unboost|p2a: Rotom|evasion|1
|-sideend|p2: Bale2711|Stealth Rock|[from] move: Defog|[of] p1a: Xatu
|
|-heal|p2a: Rotom|100/100 tox|[from] item: Leftovers
|-damage|p2a: Rotom|88/100 tox|[from] psn
|upkeep
|turn|4
|
|move|p1a: Xatu|Reflect|p1a: Xatu
|-sidestart|p1: uult1 shoot|Reflect
|move|p2a: Rotom|Volt Switch|p1a: Xatu
|-supereffective|p1a: Xatu
|-damage|p1a: Xatu|68/100
|
|switch|p2a: Necrozma|Necrozma|100/100|[from]move: Volt Switch
|
|upkeep
|turn|5
|
|move|p2a: Necrozma|Knock Off|p1a: Xatu
|-supereffective|p1a: Xatu
|-damage|p1a: Xatu|39/100
|-enditem|p1a: Xatu|Light Clay|[from] move: Knock Off|[of] p2a: Necrozma
|move|p1a: Xatu|Teleport|p1a: Xatu
|
|switch|p1a: Linoone|Linoone, M|100/100|[from]move: Teleport
|
|upkeep
|turn|6
|
|switch|p2a: Doublade|Doublade, F|100/100
|move|p1a: Linoone|Belly Drum|p1a: Linoone
|-damage|p1a: Linoone|50/100
|-setboost|p1a: Linoone|atk|6|[from] move: Belly Drum
|-enditem|p1a: Linoone|Figy Berry|[eat]
|-heal|p1a: Linoone|83/100|[from] item: Figy Berry
|
|upkeep
|turn|7
|
|move|p1a: Linoone|Throat Chop|p2a: Doublade
|-supereffective|p2a: Doublade
|-damage|p2a: Doublade|15/100
|-start|p2a: Doublade|Throat Chop|[silent]
|move|p2a: Doublade|Close Combat|p1a: Linoone
|-supereffective|p1a: Linoone
|-damage|p1a: Linoone|8/100
|-unboost|p2a: Doublade|def|1
|-unboost|p2a: Doublade|spd|1
|
|upkeep
|turn|8
|
|move|p1a: Linoone|Throat Chop|p2a: Doublade
|-supereffective|p2a: Doublade
|-damage|p2a: Doublade|0 fnt
|faint|p2a: Doublade
|
|upkeep
|
|switch|p2a: Sirfetch'd|Sirfetch'd, M|100/100
|turn|9
|
|move|p1a: Linoone|Extreme Speed|p2a: Sirfetch'd
|-damage|p2a: Sirfetch'd|0 fnt
|faint|p2a: Sirfetch'd
|
|upkeep
|
|switch|p2a: Rotom|Rotom-Wash|88/100 tox
|turn|10
|
|move|p1a: Linoone|Seed Bomb|p2a: Rotom
|-supereffective|p2a: Rotom
|-damage|p2a: Rotom|0 fnt
|faint|p2a: Rotom
|
|-sideend|p1: uult1 shoot|move: Light Screen
|upkeep
|j| rockpile
|
|switch|p2a: Necrozma|Necrozma|100/100
|turn|11
|
|move|p1a: Linoone|Extreme Speed|p2a: Necrozma
|-damage|p2a: Necrozma|25/100
|move|p2a: Necrozma|Knock Off|p1a: Linoone
|-damage|p1a: Linoone|0 fnt
|faint|p1a: Linoone
|
|-heal|p2a: Necrozma|31/100|[from] item: Leftovers
|-sideend|p1: uult1 shoot|Reflect
|upkeep
|
|switch|p1a: Toxtricity|Toxtricity, M|100/100
|turn|12
|
|move|p1a: Toxtricity|Boomburst|p2a: Necrozma
|-damage|p2a: Necrozma|0 fnt
|-enditem|p1a: Toxtricity|Throat Spray
|-boost|p1a: Toxtricity|spa|1|[from] item: Throat Spray
|faint|p2a: Necrozma
|
|upkeep
|
|switch|p2a: Sylveon|Sylveon, M|100/100
|turn|13
|
|move|p1a: Toxtricity|Boomburst|p2a: Sylveon
|-damage|p2a: Sylveon|35/100
|move|p2a: Sylveon|Psyshock|p1a: Toxtricity
|-supereffective|p1a: Toxtricity
|-damage|p1a: Toxtricity|0 fnt
|faint|p1a: Toxtricity
|
|upkeep
|
|switch|p1a: Barbaracle|Barbaracle, F|100/100
|turn|14
|
|move|p1a: Barbaracle|Shell Smash|p1a: Barbaracle
|-unboost|p1a: Barbaracle|def|1
|-unboost|p1a: Barbaracle|spd|1
|-boost|p1a: Barbaracle|atk|2
|-boost|p1a: Barbaracle|spa|2
|-boost|p1a: Barbaracle|spe|2
|move|p2a: Sylveon|Psyshock|p1a: Barbaracle
|-damage|p1a: Barbaracle|34/100
|
|upkeep
|turn|15
|
|move|p1a: Barbaracle|Liquidation|p2a: Sylveon
|-damage|p2a: Sylveon|0 fnt
|faint|p2a: Sylveon
|
|upkeep
|
|switch|p2a: Umbreon|Umbreon, F|100/100
|turn|16
|
|move|p1a: Barbaracle|Liquidation|p2a: Umbreon
|-damage|p2a: Umbreon|40/100
|move|p2a: Umbreon|Foul Play|p1a: Barbaracle
|-damage|p1a: Barbaracle|0 fnt
|faint|p1a: Barbaracle
|
|-heal|p2a: Umbreon|46/100|[from] item: Leftovers
|upkeep
|
|switch|p1a: Haxorus|Haxorus, M|100/100
|-ability|p1a: Haxorus|Mold Breaker
|turn|17
|
|move|p2a: Umbreon|Protect|p2a: Umbreon
|-singleturn|p2a: Umbreon|Protect
|move|p1a: Haxorus|Dragon Claw|p2a: Umbreon
|-activate|p2a: Umbreon|move: Protect
|
|-heal|p2a: Umbreon|52/100|[from] item: Leftovers
|upkeep
|turn|18
|
|move|p1a: Haxorus|Dragon Claw|p2a: Umbreon
|-damage|p2a: Umbreon|22/100
|move|p2a: Umbreon|Wish|p2a: Umbreon
|
|-heal|p2a: Umbreon|28/100|[from] item: Leftovers
|upkeep
|turn|19
|
|move|p1a: Haxorus|Dragon Dance|p1a: Haxorus
|-boost|p1a: Haxorus|atk|1
|-boost|p1a: Haxorus|spe|1
|move|p2a: Umbreon|Foul Play|p1a: Haxorus
|-damage|p1a: Haxorus|0 fnt
|faint|p1a: Haxorus
|
|-heal|p2a: Umbreon|78/100|[from] move: Wish|[wisher] Umbreon
|-heal|p2a: Umbreon|84/100|[from] item: Leftovers
|upkeep
|-message|uult1 shoot forfeited.
|
|win|Bale2711
|l|☆uult1 shoot
|l| rockpile
||Ladder (probably) updated, but score could not be retrieved (Response not received).
