|raw|<div class="broadcast-blue"><strong>This battle is required to be public due to a player having a name starting with 'uult94a'.</div>
|j|☆thegreatestshowman
|j|☆uult94a ky
|t:|1653491200
|gametype|singles
|player|p1|thegreatestshowman|n|1507
|player|p2|uult94a ky|candice|1560
|teamsize|p1|6
|teamsize|p2|6
|gen|8
|tier|[Gen 8] UU
|rated|
|rule|Sleep Clause Mod: Limit one foe put to sleep
|rule|Species Clause: Limit one of each Pokémon
|rule|OHKO Clause: OHKO moves are banned
|rule|Evasion Moves Clause: Evasion moves are banned
|rule|Endless Battle Clause: Forcing endless battles is banned
|rule|HP Percentage Mod: HP is shown in percentages
|rule|Dynamax Clause: You cannot dynamax
|clearpoke
|poke|p1|Scizor, M|
|poke|p1|Zarude-Dada|
|poke|p1|Primarina, F|
|poke|p1|Nidoqueen, F|
|poke|p1|Jirachi|
|poke|p1|Moltres|
|poke|p2|Slowbro-Galar, M|
|poke|p2|Chansey, F|
|poke|p2|Skarmory, F|
|poke|p2|Salamence, F|
|poke|p2|Quagsire, M|
|poke|p2|Umbreon, F|
|teampreview
|inactive|Battle timer is ON: inactive players will automatically lose when time's up. (requested by thegreatestshowman)
|inactive|uult94a ky has 120 seconds left.
|
|t:|1653491231
|start
|switch|p1a: Moltres|Moltres|100/100
|switch|p2a: Chansey|Chansey, F|100/100
|turn|1
|
|t:|1653491240
|switch|p1a: Jirachi|Jirachi|100/100
|move|p2a: Chansey|Stealth Rock|p1a: Jirachi
|-sidestart|p1: thegreatestshowman|move: Stealth Rock
|
|upkeep
|turn|2
|
|t:|1653491247
|switch|p2a: Umbreon|Umbreon, F|100/100
|move|p1a: Jirachi|Wish|p1a: Jirachi
|
|upkeep
|turn|3
|
|t:|1653491252
|move|p1a: Jirachi|Thunder Wave|p2a: Umbreon
|-status|p2a: Umbreon|par
|move|p2a: Umbreon|Foul Play|p1a: Jirachi
|-supereffective|p1a: Jirachi
|-damage|p1a: Jirachi|50/100
|
|-heal|p1a: Jirachi|99/100|[from] move: Wish|[wisher] Jirachi
|-heal|p1a: Jirachi|100/100|[from] item: Leftovers
|upkeep
|turn|4
|
|t:|1653491260
|switch|p1a: Scizor|Scizor, M|100/100
|move|p2a: Umbreon|Heal Bell|p2a: Umbreon
|-activate|p2a: Umbreon|move: Heal Bell
|-curestatus|p2a: Umbreon|par|[msg]
|
|upkeep
|turn|5
|
|t:|1653491269
|switch|p2a: Salamence|Salamence, F|100/100
|-ability|p2a: Salamence|Intimidate|boost
|-unboost|p1a: Scizor|atk|1
|move|p1a: Scizor|Knock Off|p2a: Salamence
|-damage|p2a: Salamence|86/100
|-enditem|p2a: Salamence|Heavy-Duty Boots|[from] move: Knock Off|[of] p1a: Scizor
|
|upkeep
|turn|6
|
|t:|1653491274
|switch|p1a: Primarina|Primarina, F|100/100
|-damage|p1a: Primarina|88/100|[from] Stealth Rock
|move|p2a: Salamence|Flamethrower|p1a: Primarina
|-resisted|p1a: Primarina
|-damage|p1a: Primarina|78/100
|
|-heal|p1a: Primarina|84/100|[from] item: Leftovers
|upkeep
|turn|7
|
|t:|1653491282
|switch|p2a: Chansey|Chansey, F|100/100
|switch|p1a: Nidoqueen|Nidoqueen, F|100/100
|-damage|p1a: Nidoqueen|94/100|[from] Stealth Rock
|
|-heal|p1a: Nidoqueen|100/100|[from] item: Black Sludge
|upkeep
|turn|8
|
|t:|1653491288
|move|p1a: Nidoqueen|Stealth Rock|p2a: Chansey
|-sidestart|p2: uult94a ky|move: Stealth Rock
|move|p2a: Chansey|Seismic Toss|p1a: Nidoqueen
|-damage|p1a: Nidoqueen|74/100
|
|-heal|p1a: Nidoqueen|81/100|[from] item: Black Sludge
|upkeep
|turn|9
|j| lokkking87
|
|t:|1653491297
|switch|p1a: Scizor|Scizor, M|100/100
|move|p2a: Chansey|Seismic Toss|p1a: Scizor
|-damage|p1a: Scizor|71/100
|
|upkeep
|turn|10
|
|t:|1653491303
|switch|p2a: Skarmory|Skarmory, F|100/100
|-damage|p2a: Skarmory|88/100|[from] Stealth Rock
|move|p1a: Scizor|Knock Off|p2a: Skarmory
|-damage|p2a: Skarmory|72/100
|-enditem|p2a: Skarmory|Leftovers|[from] move: Knock Off|[of] p1a: Scizor
|
|upkeep
|turn|11
|
|t:|1653491308
|move|p2a: Skarmory|Roost|p2a: Skarmory
|-heal|p2a: Skarmory|100/100
|-singleturn|p2a: Skarmory|move: Roost
|move|p1a: Scizor|Roost|p1a: Scizor
|-heal|p1a: Scizor|100/100
|-singleturn|p1a: Scizor|move: Roost
|
|upkeep
|turn|12
|
|t:|1653491313
|switch|p1a: Moltres|Moltres|100/100
|move|p2a: Skarmory|Defog|p1a: Moltres
|-unboost|p1a: Moltres|evasion|1
|-sideend|p1: thegreatestshowman|Stealth Rock|[from] move: Defog|[of] p2a: Skarmory
|-sideend|p2: uult94a ky|Stealth Rock|[from] move: Defog|[of] p2a: Skarmory
|
|upkeep
|turn|13
|
|t:|1653491324
|switch|p2a: Chansey|Chansey, F|100/100
|move|p1a: Moltres|Toxic|p2a: Chansey
|-status|p2a: Chansey|tox
|
|-damage|p2a: Chansey|94/100 tox|[from] psn
|upkeep
|turn|14
|
|t:|1653491330
|switch|p1a: Jirachi|Jirachi|100/100
|move|p2a: Chansey|Stealth Rock|p1a: Jirachi
|-sidestart|p1: thegreatestshowman|move: Stealth Rock
|
|-damage|p2a: Chansey|82/100 tox|[from] psn
|upkeep
|turn|15
|
|t:|1653491335
|-curestatus|p2a: Chansey|tox|[from] ability: Natural Cure
|switch|p2a: Quagsire|Quagsire, M|100/100
|move|p1a: Jirachi|Wish|p1a: Jirachi
|
|upkeep
|turn|16
|
|t:|1653491345
|switch|p1a: Zarude|Zarude-Dada|100/100
|move|p2a: Quagsire|Toxic|p1a: Zarude
|-status|p1a: Zarude|tox
|
|-damage|p1a: Zarude|95/100 tox|[from] psn
|upkeep
|turn|17
|
|t:|1653491352
|switch|p2a: Salamence|Salamence, F|86/100
|-ability|p2a: Salamence|Intimidate|boost
|-unboost|p1a: Zarude|atk|1
|move|p1a: Zarude|U-turn|p2a: Salamence
|-resisted|p2a: Salamence
|-damage|p2a: Salamence|80/100
|
|t:|1653491358
|switch|p1a: Nidoqueen|Nidoqueen, F|81/100|[from]move: U-turn
|-damage|p1a: Nidoqueen|74/100|[from] Stealth Rock
|
|-heal|p1a: Nidoqueen|81/100|[from] item: Black Sludge
|upkeep
|turn|18
|
|t:|1653491362
|switch|p2a: Chansey|Chansey, F|82/100
|move|p1a: Nidoqueen|Stealth Rock|p2a: Chansey
|-sidestart|p2: uult94a ky|move: Stealth Rock
|
|-heal|p1a: Nidoqueen|87/100|[from] item: Black Sludge
|upkeep
|turn|19
|
|t:|1653491371
|switch|p1a: Jirachi|Jirachi|100/100
|-damage|p1a: Jirachi|94/100|[from] Stealth Rock
|move|p2a: Chansey|Seismic Toss|p1a: Jirachi
|-damage|p1a: Jirachi|70/100
|
|-heal|p1a: Jirachi|76/100|[from] item: Leftovers
|upkeep
|turn|20
|j| DrMrTee
|
|t:|1653491377
|switch|p2a: Quagsire|Quagsire, M|100/100
|-damage|p2a: Quagsire|94/100|[from] Stealth Rock
|move|p1a: Jirachi|Wish|p1a: Jirachi
|
|-heal|p1a: Jirachi|82/100|[from] item: Leftovers
|-heal|p2a: Quagsire|100/100|[from] item: Leftovers
|upkeep
|turn|21
|
|t:|1653491386
|switch|p1a: Primarina|Primarina, F|84/100
|-damage|p1a: Primarina|72/100|[from] Stealth Rock
|switch|p2a: Salamence|Salamence, F|80/100
|-damage|p2a: Salamence|55/100|[from] Stealth Rock
|-ability|p2a: Salamence|Intimidate|boost
|-unboost|p1a: Primarina|atk|1
|
|-heal|p1a: Primarina|100/100|[from] move: Wish|[wisher] Jirachi
|upkeep
|turn|22
|l| lokkking87
|
|t:|1653491397
|switch|p2a: Chansey|Chansey, F|82/100
|-damage|p2a: Chansey|69/100|[from] Stealth Rock
|switch|p1a: Scizor|Scizor, M|100/100
|
|upkeep
|turn|23
|
|t:|1653491404
|move|p1a: Scizor|Swords Dance|p1a: Scizor
|-boost|p1a: Scizor|atk|2
|move|p2a: Chansey|Soft-Boiled|p2a: Chansey
|-heal|p2a: Chansey|100/100
|
|upkeep
|turn|24
|
|t:|1653491410
|switch|p2a: Quagsire|Quagsire, M|100/100
|-damage|p2a: Quagsire|94/100|[from] Stealth Rock
|move|p1a: Scizor|Knock Off|p2a: Quagsire
|-damage|p2a: Quagsire|69/100
|-enditem|p2a: Quagsire|Leftovers|[from] move: Knock Off|[of] p1a: Scizor
|
|upkeep
|turn|25
|
|t:|1653491414
|switch|p1a: Zarude|Zarude-Dada|95/100 tox
|move|p2a: Quagsire|Recover|p2a: Quagsire
|-heal|p2a: Quagsire|100/100
|
|-damage|p1a: Zarude|89/100 tox|[from] psn
|upkeep
|turn|26
|
|t:|1653491422
|switch|p2a: Skarmory|Skarmory, F|100/100
|-damage|p2a: Skarmory|88/100|[from] Stealth Rock
|move|p1a: Zarude|U-turn|p2a: Skarmory
|-resisted|p2a: Skarmory
|-crit|p2a: Skarmory
|-damage|p2a: Skarmory|83/100
|
|t:|1653491426
|switch|p1a: Moltres|Moltres|100/100|[from]move: U-turn
|
|upkeep
|turn|27
|
|t:|1653491433
|switch|p2a: Chansey|Chansey, F|100/100
|-damage|p2a: Chansey|88/100|[from] Stealth Rock
|move|p1a: Moltres|Toxic|p2a: Chansey
|-status|p2a: Chansey|tox
|
|-damage|p2a: Chansey|82/100 tox|[from] psn
|upkeep
|turn|28
|
|t:|1653491436
|switch|p1a: Scizor|Scizor, M|100/100
|move|p2a: Chansey|Soft-Boiled|p2a: Chansey
|-heal|p2a: Chansey|100/100 tox
|
|-damage|p2a: Chansey|88/100 tox|[from] psn
|upkeep
|turn|29
|
|t:|1653491442
|-curestatus|p2a: Chansey|tox|[from] ability: Natural Cure
|switch|p2a: Skarmory|Skarmory, F|83/100
|-damage|p2a: Skarmory|70/100|[from] Stealth Rock
|move|p1a: Scizor|Knock Off|p2a: Skarmory
|-damage|p2a: Skarmory|58/100
|
|upkeep
|turn|30
|
|t:|1653491453
|switch|p1a: Moltres|Moltres|100/100
|move|p2a: Skarmory|Roost|p2a: Skarmory
|-heal|p2a: Skarmory|100/100
|-singleturn|p2a: Skarmory|move: Roost
|
|upkeep
|turn|31
|
|t:|1653491460
|switch|p1a: Scizor|Scizor, M|100/100
|switch|p2a: Slowbro|Slowbro-Galar, M|100/100
|-damage|p2a: Slowbro|88/100|[from] Stealth Rock
|
|upkeep
|turn|32
|
|t:|1653491468
|switch|p1a: Jirachi|Jirachi|82/100
|-damage|p1a: Jirachi|76/100|[from] Stealth Rock
|switch|p2a: Skarmory|Skarmory, F|100/100
|-damage|p2a: Skarmory|88/100|[from] Stealth Rock
|
|-heal|p1a: Jirachi|82/100|[from] item: Leftovers
|upkeep
|turn|33
|
|t:|1653491471
|switch|p2a: Quagsire|Quagsire, M|100/100
|-damage|p2a: Quagsire|94/100|[from] Stealth Rock
|move|p1a: Jirachi|Thunder Wave|p2a: Quagsire
|-immune|p2a: Quagsire
|
|-heal|p1a: Jirachi|88/100|[from] item: Leftovers
|upkeep
|turn|34
|
|t:|1653491484
|switch|p1a: Zarude|Zarude-Dada|89/100 tox
|move|p2a: Quagsire|Scald|p1a: Zarude
|-resisted|p1a: Zarude
|-damage|p1a: Zarude|79/100 tox
|
|-damage|p1a: Zarude|73/100 tox|[from] psn
|upkeep
|turn|35
|
|t:|1653491490
|switch|p2a: Skarmory|Skarmory, F|88/100
|-damage|p2a: Skarmory|76/100|[from] Stealth Rock
|move|p1a: Zarude|Jungle Healing|p1a: Zarude
|-heal|p1a: Zarude|98/100 tox
|-curestatus|p1a: Zarude|tox|[msg]
|
|upkeep
|turn|36
|
|t:|1653491496
|move|p1a: Zarude|U-turn|p2a: Skarmory
|-resisted|p2a: Skarmory
|-damage|p2a: Skarmory|72/100
|
|t:|1653491499
|switch|p1a: Nidoqueen|Nidoqueen, F|87/100|[from]move: U-turn
|-damage|p1a: Nidoqueen|81/100|[from] Stealth Rock
|move|p2a: Skarmory|Defog|p1a: Nidoqueen
|-unboost|p1a: Nidoqueen|evasion|1
|-sideend|p1: thegreatestshowman|Stealth Rock|[from] move: Defog|[of] p2a: Skarmory
|-sideend|p2: uult94a ky|Stealth Rock|[from] move: Defog|[of] p2a: Skarmory
|
|-heal|p1a: Nidoqueen|87/100|[from] item: Black Sludge
|upkeep
|turn|37
|
|t:|1653491503
|switch|p2a: Chansey|Chansey, F|88/100
|move|p1a: Nidoqueen|Flamethrower|p2a: Chansey
|-damage|p2a: Chansey|81/100
|
|-heal|p1a: Nidoqueen|93/100|[from] item: Black Sludge
|upkeep
|turn|38
|
|t:|1653491508
|move|p1a: Nidoqueen|Stealth Rock|p2a: Chansey
|-sidestart|p2: uult94a ky|move: Stealth Rock
|move|p2a: Chansey|Seismic Toss|p1a: Nidoqueen
|-damage|p1a: Nidoqueen|67/100
|
|-heal|p1a: Nidoqueen|73/100|[from] item: Black Sludge
|upkeep
|turn|39
|
|t:|1653491513
|switch|p1a: Scizor|Scizor, M|100/100
|move|p2a: Chansey|Stealth Rock|p1a: Scizor
|-sidestart|p1: thegreatestshowman|move: Stealth Rock
|
|upkeep
|turn|40
|
|t:|1653491518
|switch|p2a: Skarmory|Skarmory, F|72/100
|-damage|p2a: Skarmory|60/100|[from] Stealth Rock
|move|p1a: Scizor|Swords Dance|p1a: Scizor
|-boost|p1a: Scizor|atk|2
|
|upkeep
|turn|41
|
|t:|1653491521
|move|p2a: Skarmory|Roost|p2a: Skarmory
|-heal|p2a: Skarmory|100/100
|-singleturn|p2a: Skarmory|move: Roost
|move|p1a: Scizor|Knock Off|p2a: Skarmory
|-damage|p2a: Skarmory|80/100
|
|upkeep
|turn|42
|
|t:|1653491526
|move|p2a: Skarmory|Iron Defense|p2a: Skarmory
|-boost|p2a: Skarmory|def|2
|move|p1a: Scizor|Swords Dance|p1a: Scizor
|-boost|p1a: Scizor|atk|2
|
|upkeep
|turn|43
|
|t:|1653491530
|switch|p1a: Moltres|Moltres|100/100
|move|p2a: Skarmory|Body Press|p1a: Moltres
|-resisted|p1a: Moltres
|-damage|p1a: Moltres|71/100
|-status|p2a: Skarmory|brn|[from] ability: Flame Body|[of] p1a: Moltres
|
|-damage|p2a: Skarmory|74/100 brn|[from] brn
|upkeep
|turn|44
|
|t:|1653491536
|switch|p2a: Slowbro|Slowbro-Galar, M|100/100
|-damage|p2a: Slowbro|88/100|[from] Stealth Rock
|move|p1a: Moltres|Roost|p1a: Moltres
|-heal|p1a: Moltres|100/100
|-singleturn|p1a: Moltres|move: Roost
|
|upkeep
|turn|45
|
|t:|1653491540
|move|p1a: Moltres|Mystical Fire|p2a: Slowbro
|-damage|p2a: Slowbro|61/100
|-unboost|p2a: Slowbro|spa|1
|move|p2a: Slowbro|Scald|p1a: Moltres
|-supereffective|p1a: Moltres
|-damage|p1a: Moltres|75/100
|
|upkeep
|turn|46
|
|t:|1653491548
|move|p1a: Moltres|Mystical Fire|p2a: Slowbro
|-damage|p2a: Slowbro|34/100
|-unboost|p2a: Slowbro|spa|1
|move|p2a: Slowbro|Slack Off|p2a: Slowbro
|-heal|p2a: Slowbro|84/100
|
|upkeep
|turn|47
|
|t:|1653491553
|switch|p1a: Zarude|Zarude-Dada|98/100
|move|p2a: Slowbro|Calm Mind|p2a: Slowbro
|-boost|p2a: Slowbro|spa|1
|-boost|p2a: Slowbro|spd|1
|
|upkeep
|turn|48
|
|t:|1653491558
|switch|p2a: Umbreon|Umbreon, F|100/100
|-damage|p2a: Umbreon|88/100|[from] Stealth Rock
|move|p1a: Zarude|Darkest Lariat|p2a: Umbreon
|-resisted|p2a: Umbreon
|-damage|p2a: Umbreon|75/100
|
|-heal|p2a: Umbreon|81/100|[from] item: Leftovers
|upkeep
|turn|49
|j| Ironx98
|l| Ironx98
|
|t:|1653491565
|move|p1a: Zarude|U-turn|p2a: Umbreon
|-supereffective|p2a: Umbreon
|-damage|p2a: Umbreon|52/100
|
|t:|1653491571
|switch|p1a: Scizor|Scizor, M|100/100|[from]move: U-turn
|move|p2a: Umbreon|Heal Bell|p2a: Umbreon
|-activate|p2a: Umbreon|move: Heal Bell
|-curestatus|p2: Skarmory|brn|[msg]
|
|-heal|p2a: Umbreon|58/100|[from] item: Leftovers
|upkeep
|turn|50
|
|t:|1653491575
|move|p2a: Umbreon|Wish|p2a: Umbreon
|move|p1a: Scizor|Knock Off|p2a: Umbreon
|-resisted|p2a: Umbreon
|-damage|p2a: Umbreon|50/100
|-enditem|p2a: Umbreon|Leftovers|[from] move: Knock Off|[of] p1a: Scizor
|
|upkeep
|turn|51
|
|t:|1653491580
|switch|p1a: Primarina|Primarina, F|100/100
|-damage|p1a: Primarina|88/100|[from] Stealth Rock
|move|p2a: Umbreon|Foul Play|p1a: Primarina
|-resisted|p1a: Primarina
|-damage|p1a: Primarina|80/100
|
|-heal|p2a: Umbreon|99/100|[from] move: Wish|[wisher] Umbreon
|-heal|p1a: Primarina|86/100|[from] item: Leftovers
|upkeep
|turn|52
|
|t:|1653491587
|switch|p2a: Chansey|Chansey, F|81/100
|-damage|p2a: Chansey|69/100|[from] Stealth Rock
|move|p1a: Primarina|Moonblast|p2a: Chansey
|-damage|p2a: Chansey|57/100
|
|-heal|p1a: Primarina|92/100|[from] item: Leftovers
|upkeep
|turn|53
|
|t:|1653491592
|switch|p1a: Scizor|Scizor, M|100/100
|move|p2a: Chansey|Soft-Boiled|p2a: Chansey
|-heal|p2a: Chansey|100/100
|
|upkeep
|turn|54
|
|t:|1653491596
|switch|p2a: Skarmory|Skarmory, F|74/100
|-damage|p2a: Skarmory|61/100|[from] Stealth Rock
|move|p1a: Scizor|Swords Dance|p1a: Scizor
|-boost|p1a: Scizor|atk|2
|
|upkeep
|turn|55
|
|t:|1653491600
|switch|p1a: Nidoqueen|Nidoqueen, F|73/100
|-damage|p1a: Nidoqueen|67/100|[from] Stealth Rock
|move|p2a: Skarmory|Roost|p2a: Skarmory
|-heal|p2a: Skarmory|100/100
|-singleturn|p2a: Skarmory|move: Roost
|
|-heal|p1a: Nidoqueen|73/100|[from] item: Black Sludge
|upkeep
|turn|56
|
|t:|1653491605
|switch|p1a: Scizor|Scizor, M|100/100
|switch|p2a: Chansey|Chansey, F|100/100
|-damage|p2a: Chansey|88/100|[from] Stealth Rock
|
|upkeep
|turn|57
|
|t:|1653491607
|switch|p1a: Moltres|Moltres|75/100
|switch|p2a: Skarmory|Skarmory, F|100/100
|-damage|p2a: Skarmory|88/100|[from] Stealth Rock
|
|upkeep
|turn|58
|
|t:|1653491610
|switch|p1a: Scizor|Scizor, M|100/100
|switch|p2a: Chansey|Chansey, F|88/100
|-damage|p2a: Chansey|75/100|[from] Stealth Rock
|
|upkeep
|turn|59
|
|t:|1653491613
|switch|p1a: Moltres|Moltres|75/100
|switch|p2a: Skarmory|Skarmory, F|88/100
|-damage|p2a: Skarmory|76/100|[from] Stealth Rock
|
|upkeep
|turn|60
|
|t:|1653491615
|switch|p1a: Scizor|Scizor, M|100/100
|switch|p2a: Chansey|Chansey, F|75/100
|-damage|p2a: Chansey|63/100|[from] Stealth Rock
|
|upkeep
|turn|61
|
|t:|1653491617
|switch|p1a: Moltres|Moltres|75/100
|switch|p2a: Skarmory|Skarmory, F|76/100
|-damage|p2a: Skarmory|63/100|[from] Stealth Rock
|
|upkeep
|turn|62
|
|t:|1653491619
|switch|p1a: Scizor|Scizor, M|100/100
|switch|p2a: Chansey|Chansey, F|63/100
|-damage|p2a: Chansey|50/100|[from] Stealth Rock
|
|upkeep
|turn|63
|
|t:|1653491621
|switch|p1a: Moltres|Moltres|75/100
|move|p2a: Chansey|Soft-Boiled|p2a: Chansey
|-heal|p2a: Chansey|100/100
|
|upkeep
|turn|64
|
|t:|1653491626
|switch|p1a: Scizor|Scizor, M|100/100
|move|p2a: Chansey|Seismic Toss|p1a: Scizor
|-damage|p1a: Scizor|71/100
|
|upkeep
|turn|65
|
|t:|1653491630
|switch|p1a: Moltres|Moltres|75/100
|switch|p2a: Quagsire|Quagsire, M|94/100
|-damage|p2a: Quagsire|88/100|[from] Stealth Rock
|
|upkeep
|turn|66
|
|t:|1653491635
|switch|p1a: Zarude|Zarude-Dada|98/100
|move|p2a: Quagsire|Toxic|p1a: Zarude
|-status|p1a: Zarude|tox
|
|-damage|p1a: Zarude|92/100 tox|[from] psn
|upkeep
|turn|67
|
|t:|1653491644
|switch|p2a: Umbreon|Umbreon, F|99/100
|-damage|p2a: Umbreon|88/100|[from] Stealth Rock
|move|p1a: Zarude|Darkest Lariat|p2a: Umbreon
|-resisted|p2a: Umbreon
|-damage|p2a: Umbreon|75/100
|
|-damage|p1a: Zarude|80/100 tox|[from] psn
|upkeep
|turn|68
|
|t:|1653491649
|switch|p1a: Primarina|Primarina, F|92/100
|-damage|p1a: Primarina|80/100|[from] Stealth Rock
|move|p2a: Umbreon|Protect||[still]
|-fail|p2a: Umbreon
|
|-heal|p1a: Primarina|86/100|[from] item: Leftovers
|upkeep
|turn|69
|
|t:|1653491653
|switch|p2a: Chansey|Chansey, F|100/100
|-damage|p2a: Chansey|88/100|[from] Stealth Rock
|move|p1a: Primarina|Moonblast|p2a: Chansey
|-damage|p2a: Chansey|75/100
|-unboost|p2a: Chansey|spa|1
|
|-heal|p1a: Primarina|92/100|[from] item: Leftovers
|upkeep
|turn|70
|
|t:|1653491658
|switch|p1a: Scizor|Scizor, M|71/100
|move|p2a: Chansey|Seismic Toss|p1a: Scizor
|-damage|p1a: Scizor|42/100
|
|upkeep
|turn|71
|
|t:|1653491660
|switch|p2a: Skarmory|Skarmory, F|63/100
|-damage|p2a: Skarmory|51/100|[from] Stealth Rock
|move|p1a: Scizor|Roost|p1a: Scizor
|-heal|p1a: Scizor|92/100
|-singleturn|p1a: Scizor|move: Roost
|
|upkeep
|turn|72
|
|t:|1653491663
|switch|p1a: Moltres|Moltres|75/100
|move|p2a: Skarmory|Roost|p2a: Skarmory
|-heal|p2a: Skarmory|100/100
|-singleturn|p2a: Skarmory|move: Roost
|
|upkeep
|turn|73
|
|t:|1653491669
|switch|p1a: Scizor|Scizor, M|92/100
|switch|p2a: Slowbro|Slowbro-Galar, M|100/100
|-damage|p2a: Slowbro|88/100|[from] Stealth Rock
|
|upkeep
|turn|74
|
|t:|1653491678
|switch|p1a: Jirachi|Jirachi|88/100
|-damage|p1a: Jirachi|82/100|[from] Stealth Rock
|switch|p2a: Quagsire|Quagsire, M|88/100
|-damage|p2a: Quagsire|82/100|[from] Stealth Rock
|
|-heal|p1a: Jirachi|88/100|[from] item: Leftovers
|upkeep
|turn|75
|
|t:|1653491684
|switch|p1a: Zarude|Zarude-Dada|80/100 tox
|move|p2a: Quagsire|Scald|p1a: Zarude
|-resisted|p1a: Zarude
|-damage|p1a: Zarude|69/100 tox
|
|-damage|p1a: Zarude|63/100 tox|[from] psn
|upkeep
|turn|76
|
|t:|1653491707
|switch|p2a: Skarmory|Skarmory, F|100/100
|-damage|p2a: Skarmory|88/100|[from] Stealth Rock
|move|p1a: Zarude|Power Whip|p2a: Skarmory
|-resisted|p2a: Skarmory
|-damage|p2a: Skarmory|79/100
|
|-damage|p1a: Zarude|51/100 tox|[from] psn
|upkeep
|turn|77
|
|t:|1653491713
|move|p1a: Zarude|U-turn|p2a: Skarmory
|-resisted|p2a: Skarmory
|-damage|p2a: Skarmory|75/100
|
|t:|1653491717
|switch|p1a: Moltres|Moltres|75/100|[from]move: U-turn
|move|p2a: Skarmory|Body Press|p1a: Moltres
|-resisted|p1a: Moltres
|-damage|p1a: Moltres|60/100
|
|upkeep
|turn|78
|
|t:|1653491723
|switch|p2a: Slowbro|Slowbro-Galar, M|100/100
|-damage|p2a: Slowbro|88/100|[from] Stealth Rock
|move|p1a: Moltres|Roost|p1a: Moltres
|-heal|p1a: Moltres|100/100
|-singleturn|p1a: Moltres|move: Roost
|
|upkeep
|turn|79
|
|t:|1653491727
|move|p1a: Moltres|Mystical Fire|p2a: Slowbro
|-damage|p2a: Slowbro|61/100
|-unboost|p2a: Slowbro|spa|1
|move|p2a: Slowbro|Calm Mind|p2a: Slowbro
|-boost|p2a: Slowbro|spa|1
|-boost|p2a: Slowbro|spd|1
|
|upkeep
|turn|80
|
|t:|1653491739
|switch|p1a: Zarude|Zarude-Dada|51/100 tox
|move|p2a: Slowbro|Scald|p1a: Zarude
|-resisted|p1a: Zarude
|-damage|p1a: Zarude|41/100 tox
|
|-damage|p1a: Zarude|35/100 tox|[from] psn
|upkeep
|turn|81
|
|t:|1653491743
|move|p1a: Zarude|Jungle Healing|p1a: Zarude
|-heal|p1a: Zarude|60/100 tox
|-curestatus|p1a: Zarude|tox|[msg]
|move|p2a: Slowbro|Sludge Bomb|p1a: Zarude
|-supereffective|p1a: Zarude
|-damage|p1a: Zarude|2/100
|-status|p1a: Zarude|psn
|
|-damage|p1a: Zarude|0 fnt|[from] psn
|faint|p1a: Zarude
|upkeep
|
|t:|1653491747
|switch|p1a: Jirachi|Jirachi|88/100
|-damage|p1a: Jirachi|82/100|[from] Stealth Rock
|turn|82
|
|t:|1653491752
|switch|p2a: Quagsire|Quagsire, M|82/100
|-damage|p2a: Quagsire|76/100|[from] Stealth Rock
|move|p1a: Jirachi|Iron Head|p2a: Quagsire
|-resisted|p2a: Quagsire
|-damage|p2a: Quagsire|64/100
|
|-heal|p1a: Jirachi|88/100|[from] item: Leftovers
|upkeep
|turn|83
|
|t:|1653491772
|switch|p1a: Primarina|Primarina, F|92/100
|-damage|p1a: Primarina|79/100|[from] Stealth Rock
|move|p2a: Quagsire|Recover|p2a: Quagsire
|-heal|p2a: Quagsire|100/100
|
|-heal|p1a: Primarina|85/100|[from] item: Leftovers
|upkeep
|turn|84
|
|t:|1653491786
|switch|p1a: Scizor|Scizor, M|92/100
|switch|p2a: Chansey|Chansey, F|75/100
|-damage|p2a: Chansey|63/100|[from] Stealth Rock
|
|upkeep
|turn|85
|
|t:|1653491792
|switch|p1a: Primarina|Primarina, F|85/100
|-damage|p1a: Primarina|73/100|[from] Stealth Rock
|switch|p2a: Quagsire|Quagsire, M|100/100
|-damage|p2a: Quagsire|94/100|[from] Stealth Rock
|
|-heal|p1a: Primarina|79/100|[from] item: Leftovers
|upkeep
|turn|86
|
|t:|1653491795
|move|p1a: Primarina|Calm Mind|p1a: Primarina
|-boost|p1a: Primarina|spa|1
|-boost|p1a: Primarina|spd|1
|move|p2a: Quagsire|Toxic|p1a: Primarina
|-status|p1a: Primarina|tox
|
|-heal|p1a: Primarina|85/100 tox|[from] item: Leftovers
|-damage|p1a: Primarina|79/100 tox|[from] psn
|upkeep
|turn|87
|
|t:|1653491801
|move|p1a: Primarina|Moonblast|p2a: Quagsire
|-damage|p2a: Quagsire|59/100
|-unboost|p2a: Quagsire|spa|1
|move|p2a: Quagsire|Recover|p2a: Quagsire
|-heal|p2a: Quagsire|100/100
|
|-heal|p1a: Primarina|85/100 tox|[from] item: Leftovers
|-damage|p1a: Primarina|73/100 tox|[from] psn
|upkeep
|turn|88
|
|t:|1653491806
|move|p1a: Primarina|Moonblast|p2a: Quagsire
|-damage|p2a: Quagsire|66/100
|move|p2a: Quagsire|Haze|p2a: Quagsire
|-clearallboost
|
|-heal|p1a: Primarina|79/100 tox|[from] item: Leftovers
|-damage|p1a: Primarina|61/100 tox|[from] psn
|upkeep
|turn|89
|
|t:|1653491810
|move|p1a: Primarina|Rest|p1a: Primarina
|-status|p1a: Primarina|slp|[from] move: Rest
|-heal|p1a: Primarina|100/100 slp|[silent]
|move|p2a: Quagsire|Recover|p2a: Quagsire
|-heal|p2a: Quagsire|100/100
|
|upkeep
|turn|90
|
|t:|1653491814
|switch|p2a: Chansey|Chansey, F|63/100
|-damage|p2a: Chansey|50/100|[from] Stealth Rock
|cant|p1a: Primarina|slp
|
|upkeep
|turn|91
|
|t:|1653491818
|switch|p1a: Jirachi|Jirachi|88/100
|-damage|p1a: Jirachi|82/100|[from] Stealth Rock
|move|p2a: Chansey|Soft-Boiled|p2a: Chansey
|-heal|p2a: Chansey|99/100
|
|-heal|p1a: Jirachi|88/100|[from] item: Leftovers
|upkeep
|turn|92
|
|t:|1653491824
|switch|p2a: Quagsire|Quagsire, M|100/100
|-damage|p2a: Quagsire|94/100|[from] Stealth Rock
|move|p1a: Jirachi|Wish|p1a: Jirachi
|
|-heal|p1a: Jirachi|94/100|[from] item: Leftovers
|upkeep
|turn|93
|
|t:|1653491830
|switch|p1a: Nidoqueen|Nidoqueen, F|73/100
|-damage|p1a: Nidoqueen|67/100|[from] Stealth Rock
|move|p2a: Quagsire|Scald|p1a: Nidoqueen
|-supereffective|p1a: Nidoqueen
|-damage|p1a: Nidoqueen|27/100
|
|-heal|p1a: Nidoqueen|79/100|[from] move: Wish|[wisher] Jirachi
|-heal|p1a: Nidoqueen|85/100|[from] item: Black Sludge
|upkeep
|turn|94
|
|t:|1653491838
|switch|p1a: Primarina|Primarina, F|100/100 slp
|-damage|p1a: Primarina|88/100 slp|[from] Stealth Rock
|move|p2a: Quagsire|Scald|p1a: Primarina
|-resisted|p1a: Primarina
|-damage|p1a: Primarina|81/100 slp
|
|-heal|p1a: Primarina|87/100 slp|[from] item: Leftovers
|upkeep
|turn|95
|
|t:|1653491842
|switch|p2a: Slowbro|Slowbro-Galar, M|94/100
|-damage|p2a: Slowbro|81/100|[from] Stealth Rock
|cant|p1a: Primarina|slp
|
|-heal|p1a: Primarina|93/100 slp|[from] item: Leftovers
|upkeep
|turn|96
|
|t:|1653491845
|-curestatus|p1a: Primarina|slp|[msg]
|move|p1a: Primarina|Calm Mind|p1a: Primarina
|-boost|p1a: Primarina|spa|1
|-boost|p1a: Primarina|spd|1
|move|p2a: Slowbro|Calm Mind|p2a: Slowbro
|-boost|p2a: Slowbro|spa|1
|-boost|p2a: Slowbro|spd|1
|
|-heal|p1a: Primarina|99/100|[from] item: Leftovers
|upkeep
|turn|97
|
|t:|1653491849
|switch|p1a: Jirachi|Jirachi|94/100
|-damage|p1a: Jirachi|88/100|[from] Stealth Rock
|move|p2a: Slowbro|Calm Mind|p2a: Slowbro
|-boost|p2a: Slowbro|spa|1
|-boost|p2a: Slowbro|spd|1
|
|-heal|p1a: Jirachi|94/100|[from] item: Leftovers
|upkeep
|turn|98
|
|t:|1653491851
|move|p1a: Jirachi|Iron Head|p2a: Slowbro
|-damage|p2a: Slowbro|60/100
|move|p2a: Slowbro|Scald|p1a: Jirachi
|-damage|p1a: Jirachi|70/100
|
|-heal|p1a: Jirachi|76/100|[from] item: Leftovers
|upkeep
|turn|99
|
|t:|1653491859
|switch|p2a: Quagsire|Quagsire, M|94/100
|-damage|p2a: Quagsire|88/100|[from] Stealth Rock
|move|p1a: Jirachi|Iron Head|p2a: Quagsire
|-resisted|p2a: Quagsire
|-damage|p2a: Quagsire|76/100
|
|-heal|p1a: Jirachi|82/100|[from] item: Leftovers
|upkeep
|turn|100
|
|t:|1653491863
|switch|p1a: Moltres|Moltres|100/100
|move|p2a: Quagsire|Toxic|p1a: Moltres|[miss]
|-miss|p2a: Quagsire|p1a: Moltres
|
|upkeep
|turn|101
|
|t:|1653491870
|switch|p1a: Scizor|Scizor, M|92/100
|switch|p2a: Chansey|Chansey, F|99/100
|-damage|p2a: Chansey|88/100|[from] Stealth Rock
|
|upkeep
|turn|102
|
|t:|1653491874
|switch|p2a: Skarmory|Skarmory, F|75/100
|-damage|p2a: Skarmory|63/100|[from] Stealth Rock
|move|p1a: Scizor|Knock Off|p2a: Skarmory
|-damage|p2a: Skarmory|52/100
|
|upkeep
|turn|103
|
|t:|1653491877
|switch|p1a: Moltres|Moltres|100/100
|move|p2a: Skarmory|Roost|p2a: Skarmory
|-heal|p2a: Skarmory|100/100
|-singleturn|p2a: Skarmory|move: Roost
|
|upkeep
|turn|104
|
|t:|1653491881
|switch|p1a: Scizor|Scizor, M|92/100
|move|p2a: Skarmory|Roost||[still]
|-fail|p2a: Skarmory|heal
|
|upkeep
|turn|105
|
|t:|1653491895
|switch|p2a: Slowbro|Slowbro-Galar, M|93/100
|-damage|p2a: Slowbro|81/100|[from] Stealth Rock
|switch|p1a: Primarina|Primarina, F|99/100
|-damage|p1a: Primarina|86/100|[from] Stealth Rock
|
|-heal|p1a: Primarina|93/100|[from] item: Leftovers
|upkeep
|turn|106
|
|t:|1653491898
|switch|p1a: Jirachi|Jirachi|82/100
|-damage|p1a: Jirachi|76/100|[from] Stealth Rock
|move|p2a: Slowbro|Calm Mind|p2a: Slowbro
|-boost|p2a: Slowbro|spa|1
|-boost|p2a: Slowbro|spd|1
|
|-heal|p1a: Jirachi|82/100|[from] item: Leftovers
|upkeep
|turn|107
|
|t:|1653491906
|move|p1a: Jirachi|Iron Head|p2a: Slowbro
|-damage|p2a: Slowbro|58/100
|move|p2a: Slowbro|Scald|p1a: Jirachi
|-damage|p1a: Jirachi|64/100
|
|-heal|p1a: Jirachi|71/100|[from] item: Leftovers
|upkeep
|turn|108
|
|t:|1653491911
|switch|p2a: Quagsire|Quagsire, M|76/100
|-damage|p2a: Quagsire|70/100|[from] Stealth Rock
|move|p1a: Jirachi|Iron Head|p2a: Quagsire
|-resisted|p2a: Quagsire
|-damage|p2a: Quagsire|58/100
|
|-heal|p1a: Jirachi|77/100|[from] item: Leftovers
|upkeep
|turn|109
|
|t:|1653491926
|switch|p1a: Primarina|Primarina, F|93/100
|-damage|p1a: Primarina|80/100|[from] Stealth Rock
|move|p2a: Quagsire|Recover|p2a: Quagsire
|-heal|p2a: Quagsire|100/100
|
|-heal|p1a: Primarina|86/100|[from] item: Leftovers
|upkeep
|turn|110
|
|t:|1653491930
|move|p1a: Primarina|Moonblast|p2a: Quagsire
|-damage|p2a: Quagsire|68/100
|move|p2a: Quagsire|Toxic|p1a: Primarina
|-status|p1a: Primarina|tox
|
|-heal|p1a: Primarina|92/100 tox|[from] item: Leftovers
|-damage|p1a: Primarina|86/100 tox|[from] psn
|upkeep
|turn|111
|
|t:|1653491934
|move|p1a: Primarina|Moonblast|p2a: Quagsire
|-damage|p2a: Quagsire|37/100
|move|p2a: Quagsire|Recover|p2a: Quagsire
|-heal|p2a: Quagsire|87/100
|
|-heal|p1a: Primarina|92/100 tox|[from] item: Leftovers
|-damage|p1a: Primarina|80/100 tox|[from] psn
|upkeep
|turn|112
|
|t:|1653491942
|switch|p2a: Slowbro|Slowbro-Galar, M|91/100
|-damage|p2a: Slowbro|78/100|[from] Stealth Rock
|move|p1a: Primarina|Moonblast|p2a: Slowbro
|-resisted|p2a: Slowbro
|-damage|p2a: Slowbro|60/100
|-unboost|p2a: Slowbro|spa|1
|
|-heal|p1a: Primarina|86/100 tox|[from] item: Leftovers
|-damage|p1a: Primarina|68/100 tox|[from] psn
|upkeep
|turn|113
|
|t:|1653491946
|switch|p1a: Jirachi|Jirachi|77/100
|-damage|p1a: Jirachi|71/100|[from] Stealth Rock
|move|p2a: Slowbro|Scald|p1a: Jirachi
|-damage|p1a: Jirachi|62/100
|
|-heal|p1a: Jirachi|69/100|[from] item: Leftovers
|upkeep
|turn|114
|
|t:|1653491953
|switch|p2a: Quagsire|Quagsire, M|87/100
|-damage|p2a: Quagsire|81/100|[from] Stealth Rock
|move|p1a: Jirachi|Iron Head|p2a: Quagsire
|-resisted|p2a: Quagsire
|-damage|p2a: Quagsire|68/100
|
|-heal|p1a: Jirachi|75/100|[from] item: Leftovers
|upkeep
|turn|115
|
|t:|1653491968
|switch|p1a: Primarina|Primarina, F|68/100 tox
|-damage|p1a: Primarina|56/100 tox|[from] Stealth Rock
|move|p2a: Quagsire|Recover|p2a: Quagsire
|-heal|p2a: Quagsire|100/100
|
|-heal|p1a: Primarina|62/100 tox|[from] item: Leftovers
|-damage|p1a: Primarina|56/100 tox|[from] psn
|upkeep
|turn|116
|l| DrMrTee
|
|t:|1653491972
|switch|p2a: Slowbro|Slowbro-Galar, M|93/100
|-damage|p2a: Slowbro|81/100|[from] Stealth Rock
|move|p1a: Primarina|Rest|p1a: Primarina
|-status|p1a: Primarina|slp|[from] move: Rest
|-heal|p1a: Primarina|100/100 slp|[silent]
|
|upkeep
|turn|117
|
|t:|1653491977
|cant|p1a: Primarina|slp
|move|p1a: Primarina|Snore|p2a: Slowbro
|-damage|p2a: Slowbro|62/100
|move|p2a: Slowbro|Scald|p1a: Primarina
|-resisted|p1a: Primarina
|-damage|p1a: Primarina|93/100 slp
|
|-heal|p1a: Primarina|99/100 slp|[from] item: Leftovers
|upkeep
|turn|118
|
|t:|1653491981
|switch|p1a: Jirachi|Jirachi|75/100
|-damage|p1a: Jirachi|69/100|[from] Stealth Rock
|move|p2a: Slowbro|Calm Mind|p2a: Slowbro
|-boost|p2a: Slowbro|spa|1
|-boost|p2a: Slowbro|spd|1
|
|-heal|p1a: Jirachi|75/100|[from] item: Leftovers
|upkeep
|turn|119
|
|t:|1653491985
|move|p1a: Jirachi|Iron Head|p2a: Slowbro
|-damage|p2a: Slowbro|41/100
|move|p2a: Slowbro|Scald|p1a: Jirachi
|-damage|p1a: Jirachi|55/100
|
|-heal|p1a: Jirachi|61/100|[from] item: Leftovers
|upkeep
|turn|120
|
|t:|1653492004
|switch|p2a: Umbreon|Umbreon, F|75/100
|-damage|p2a: Umbreon|63/100|[from] Stealth Rock
|move|p1a: Jirachi|Iron Head|p2a: Umbreon
|-damage|p2a: Umbreon|45/100
|
|-heal|p1a: Jirachi|67/100|[from] item: Leftovers
|upkeep
|turn|121
|
|t:|1653492011
|move|p1a: Jirachi|Wish|p1a: Jirachi
|move|p2a: Umbreon|Wish|p2a: Umbreon
|
|-heal|p1a: Jirachi|74/100|[from] item: Leftovers
|upkeep
|turn|122
|
|t:|1653492019
|move|p1a: Jirachi|Thunder Wave|p2a: Umbreon
|-status|p2a: Umbreon|par
|move|p2a: Umbreon|Foul Play|p1a: Jirachi
|-supereffective|p1a: Jirachi
|-damage|p1a: Jirachi|20/100
|
|-heal|p2a: Umbreon|95/100 par|[from] move: Wish|[wisher] Umbreon
|-heal|p1a: Jirachi|70/100|[from] move: Wish|[wisher] Jirachi
|-heal|p1a: Jirachi|76/100|[from] item: Leftovers
|upkeep
|turn|123
|
|t:|1653492029
|switch|p1a: Scizor|Scizor, M|92/100
|move|p2a: Umbreon|Foul Play|p1a: Scizor
|-damage|p1a: Scizor|58/100
|
|upkeep
|turn|124
|
|t:|1653492040
|move|p1a: Scizor|Roost|p1a: Scizor
|-heal|p1a: Scizor|100/100
|-singleturn|p1a: Scizor|move: Roost
|move|p2a: Umbreon|Heal Bell|p2a: Umbreon
|-activate|p2a: Umbreon|move: Heal Bell
|-curestatus|p2a: Umbreon|par|[msg]
|
|upkeep
|turn|125
|
|t:|1653492045
|move|p1a: Scizor|Bullet Punch|p2a: Umbreon
|-damage|p2a: Umbreon|80/100
|move|p2a: Umbreon|Wish|p2a: Umbreon
|
|upkeep
|turn|126
|
|t:|1653492052
|switch|p2a: Salamence|Salamence, F|55/100
|-damage|p2a: Salamence|30/100|[from] Stealth Rock
|-ability|p2a: Salamence|Intimidate|boost
|-unboost|p1a: Scizor|atk|1
|switch|p1a: Nidoqueen|Nidoqueen, F|85/100
|-damage|p1a: Nidoqueen|79/100|[from] Stealth Rock
|
|-heal|p2a: Salamence|80/100|[from] move: Wish|[wisher] Umbreon
|-heal|p1a: Nidoqueen|85/100|[from] item: Black Sludge
|upkeep
|turn|127
|
|t:|1653492064
|switch|p2a: Chansey|Chansey, F|88/100
|-damage|p2a: Chansey|75/100|[from] Stealth Rock
|move|p1a: Nidoqueen|Earth Power|p2a: Chansey
|-damage|p2a: Chansey|66/100
|
|-heal|p1a: Nidoqueen|92/100|[from] item: Black Sludge
|upkeep
|turn|128
|
|t:|1653492072
|switch|p1a: Scizor|Scizor, M|100/100
|move|p2a: Chansey|Soft-Boiled|p2a: Chansey
|-heal|p2a: Chansey|100/100
|
|upkeep
|turn|129
|
|t:|1653492085
|switch|p1a: Primarina|Primarina, F|99/100 slp
|-damage|p1a: Primarina|86/100 slp|[from] Stealth Rock
|switch|p2a: Quagsire|Quagsire, M|100/100
|-damage|p2a: Quagsire|94/100|[from] Stealth Rock
|
|-heal|p1a: Primarina|93/100 slp|[from] item: Leftovers
|upkeep
|turn|130
|
|t:|1653492090
|switch|p2a: Slowbro|Slowbro-Galar, M|74/100
|-damage|p2a: Slowbro|62/100|[from] Stealth Rock
|cant|p1a: Primarina|slp
|
|-heal|p1a: Primarina|99/100 slp|[from] item: Leftovers
|upkeep
|turn|131
|inactive|thegreatestshowman has 120 seconds left.
|
|t:|1653492111
|-curestatus|p1a: Primarina|slp|[msg]
|move|p1a: Primarina|Calm Mind|p1a: Primarina
|-boost|p1a: Primarina|spa|1
|-boost|p1a: Primarina|spd|1
|move|p2a: Slowbro|Scald|p1a: Primarina
|-resisted|p1a: Primarina
|-damage|p1a: Primarina|94/100
|-status|p1a: Primarina|brn
|
|-heal|p1a: Primarina|99/100 brn|[from] item: Leftovers
|-damage|p1a: Primarina|94/100 brn|[from] brn
|upkeep
|turn|132
|
|t:|1653492116
|switch|p1a: Jirachi|Jirachi|76/100
|-damage|p1a: Jirachi|70/100|[from] Stealth Rock
|move|p2a: Slowbro|Calm Mind|p2a: Slowbro
|-boost|p2a: Slowbro|spa|1
|-boost|p2a: Slowbro|spd|1
|
|-heal|p1a: Jirachi|76/100|[from] item: Leftovers
|upkeep
|turn|133
|
|t:|1653492118
|switch|p2a: Quagsire|Quagsire, M|94/100
|-damage|p2a: Quagsire|88/100|[from] Stealth Rock
|move|p1a: Jirachi|Iron Head|p2a: Quagsire
|-resisted|p2a: Quagsire
|-damage|p2a: Quagsire|75/100
|
|-heal|p1a: Jirachi|82/100|[from] item: Leftovers
|upkeep
|turn|134
|
|t:|1653492124
|switch|p1a: Primarina|Primarina, F|94/100 brn
|-damage|p1a: Primarina|81/100 brn|[from] Stealth Rock
|move|p2a: Quagsire|Scald|p1a: Primarina
|-resisted|p1a: Primarina
|-damage|p1a: Primarina|73/100 brn
|
|-heal|p1a: Primarina|79/100 brn|[from] item: Leftovers
|-damage|p1a: Primarina|73/100 brn|[from] brn
|upkeep
|turn|135
|
|t:|1653492129
|switch|p2a: Slowbro|Slowbro-Galar, M|95/100
|-damage|p2a: Slowbro|82/100|[from] Stealth Rock
|move|p1a: Primarina|Moonblast|p2a: Slowbro
|-resisted|p2a: Slowbro
|-damage|p2a: Slowbro|65/100
|
|-heal|p1a: Primarina|79/100 brn|[from] item: Leftovers
|-damage|p1a: Primarina|73/100 brn|[from] brn
|upkeep
|turn|136
|
|t:|1653492133
|switch|p1a: Jirachi|Jirachi|82/100
|-damage|p1a: Jirachi|76/100|[from] Stealth Rock
|move|p2a: Slowbro|Calm Mind|p2a: Slowbro
|-boost|p2a: Slowbro|spa|1
|-boost|p2a: Slowbro|spd|1
|
|-heal|p1a: Jirachi|82/100|[from] item: Leftovers
|upkeep
|turn|137
|
|t:|1653492136
|switch|p2a: Quagsire|Quagsire, M|75/100
|-damage|p2a: Quagsire|69/100|[from] Stealth Rock
|move|p1a: Jirachi|Iron Head|p2a: Quagsire
|-resisted|p2a: Quagsire
|-crit|p2a: Quagsire
|-damage|p2a: Quagsire|49/100
|
|-heal|p1a: Jirachi|88/100|[from] item: Leftovers
|upkeep
|turn|138
|
|t:|1653492145
|switch|p1a: Primarina|Primarina, F|73/100 brn
|-damage|p1a: Primarina|61/100 brn|[from] Stealth Rock
|move|p2a: Quagsire|Recover|p2a: Quagsire
|-heal|p2a: Quagsire|99/100
|
|-heal|p1a: Primarina|67/100 brn|[from] item: Leftovers
|-damage|p1a: Primarina|61/100 brn|[from] brn
|upkeep
|turn|139
|
|t:|1653492154
|switch|p2a: Slowbro|Slowbro-Galar, M|98/100
|-damage|p2a: Slowbro|86/100|[from] Stealth Rock
|move|p1a: Primarina|Calm Mind|p1a: Primarina
|-boost|p1a: Primarina|spa|1
|-boost|p1a: Primarina|spd|1
|
|-heal|p1a: Primarina|67/100 brn|[from] item: Leftovers
|-damage|p1a: Primarina|61/100 brn|[from] brn
|upkeep
|turn|140
|
|t:|1653492157
|switch|p1a: Jirachi|Jirachi|88/100
|-damage|p1a: Jirachi|82/100|[from] Stealth Rock
|move|p2a: Slowbro|Calm Mind|p2a: Slowbro
|-boost|p2a: Slowbro|spa|1
|-boost|p2a: Slowbro|spd|1
|
|-heal|p1a: Jirachi|88/100|[from] item: Leftovers
|upkeep
|turn|141
|
|t:|1653492161
|move|p1a: Jirachi|Iron Head|p2a: Slowbro
|-damage|p2a: Slowbro|63/100
|cant|p2a: Slowbro|flinch
|
|-heal|p1a: Jirachi|94/100|[from] item: Leftovers
|upkeep
|turn|142
|
|t:|1653492165
|switch|p1a: Primarina|Primarina, F|61/100 brn
|-damage|p1a: Primarina|49/100 brn|[from] Stealth Rock
|switch|p2a: Quagsire|Quagsire, M|99/100
|-damage|p2a: Quagsire|93/100|[from] Stealth Rock
|
|-heal|p1a: Primarina|55/100 brn|[from] item: Leftovers
|-damage|p1a: Primarina|49/100 brn|[from] brn
|upkeep
|turn|143
|
|t:|1653492168
|switch|p2a: Slowbro|Slowbro-Galar, M|96/100
|-damage|p2a: Slowbro|84/100|[from] Stealth Rock
|move|p1a: Primarina|Rest|p1a: Primarina
|-status|p1a: Primarina|slp|[from] move: Rest
|-heal|p1a: Primarina|100/100 slp|[silent]
|
|upkeep
|turn|144
|
|t:|1653492174
|switch|p1a: Jirachi|Jirachi|94/100
|-damage|p1a: Jirachi|88/100|[from] Stealth Rock
|move|p2a: Slowbro|Scald|p1a: Jirachi
|-damage|p1a: Jirachi|76/100
|
|-heal|p1a: Jirachi|82/100|[from] item: Leftovers
|upkeep
|turn|145
|
|t:|1653492178
|move|p1a: Jirachi|Thunder Wave|p2a: Slowbro|[miss]
|-miss|p1a: Jirachi|p2a: Slowbro
|move|p2a: Slowbro|Scald|p1a: Jirachi
|-damage|p1a: Jirachi|70/100
|-status|p1a: Jirachi|brn
|
|-heal|p1a: Jirachi|76/100 brn|[from] item: Leftovers
|-damage|p1a: Jirachi|70/100 brn|[from] brn
|upkeep
|turn|146
|
|t:|1653492201
|switch|p2a: Umbreon|Umbreon, F|80/100
|-damage|p2a: Umbreon|68/100|[from] Stealth Rock
|move|p1a: Jirachi|Thunder Wave|p2a: Umbreon
|-status|p2a: Umbreon|par
|
|-heal|p1a: Jirachi|76/100 brn|[from] item: Leftovers
|-damage|p1a: Jirachi|70/100 brn|[from] brn
|upkeep
|turn|147
|
|t:|1653492206
|move|p1a: Jirachi|Wish|p1a: Jirachi
|move|p2a: Umbreon|Foul Play|p1a: Jirachi
|-supereffective|p1a: Jirachi
|-damage|p1a: Jirachi|11/100 brn
|
|-heal|p1a: Jirachi|17/100 brn|[from] item: Leftovers
|-damage|p1a: Jirachi|11/100 brn|[from] brn
|upkeep
|turn|148
|
|t:|1653492211
|move|p1a: Jirachi|Protect|p1a: Jirachi
|-singleturn|p1a: Jirachi|Protect
|cant|p2a: Umbreon|par
|
|-heal|p1a: Jirachi|61/100 brn|[from] move: Wish|[wisher] Jirachi
|-heal|p1a: Jirachi|67/100 brn|[from] item: Leftovers
|-damage|p1a: Jirachi|61/100 brn|[from] brn
|upkeep
|turn|149
|
|t:|1653492217
|move|p1a: Jirachi|Wish|p1a: Jirachi
|move|p2a: Umbreon|Foul Play|p1a: Jirachi
|-supereffective|p1a: Jirachi
|-damage|p1a: Jirachi|7/100 brn
|
|-heal|p1a: Jirachi|13/100 brn|[from] item: Leftovers
|-damage|p1a: Jirachi|7/100 brn|[from] brn
|upkeep
|turn|150
|
|t:|1653492220
|move|p1a: Jirachi|Protect|p1a: Jirachi
|-singleturn|p1a: Jirachi|Protect
|move|p2a: Umbreon|Heal Bell|p2a: Umbreon
|-activate|p2a: Umbreon|move: Heal Bell
|-curestatus|p2a: Umbreon|par|[msg]
|
|-heal|p1a: Jirachi|57/100 brn|[from] move: Wish|[wisher] Jirachi
|-heal|p1a: Jirachi|63/100 brn|[from] item: Leftovers
|-damage|p1a: Jirachi|57/100 brn|[from] brn
|upkeep
|turn|151
|
|t:|1653492228
|switch|p1a: Primarina|Primarina, F|100/100 slp
|-damage|p1a: Primarina|88/100 slp|[from] Stealth Rock
|move|p2a: Umbreon|Foul Play|p1a: Primarina
|-resisted|p1a: Primarina
|-damage|p1a: Primarina|79/100 slp
|
|-heal|p1a: Primarina|85/100 slp|[from] item: Leftovers
|upkeep
|turn|152
|
|t:|1653492238
|switch|p2a: Slowbro|Slowbro-Galar, M|100/100
|-damage|p2a: Slowbro|88/100|[from] Stealth Rock
|cant|p1a: Primarina|slp
|move|p1a: Primarina|Snore|p2a: Slowbro
|-damage|p2a: Slowbro|70/100
|
|-heal|p1a: Primarina|91/100 slp|[from] item: Leftovers
|upkeep
|turn|153
|
|t:|1653492245
|cant|p1a: Primarina|slp
|move|p1a: Primarina|Snore|p2a: Slowbro
|-damage|p2a: Slowbro|52/100
|move|p2a: Slowbro|Calm Mind|p2a: Slowbro
|-boost|p2a: Slowbro|spa|1
|-boost|p2a: Slowbro|spd|1
|
|-heal|p1a: Primarina|97/100 slp|[from] item: Leftovers
|upkeep
|turn|154
|
|t:|1653492250
|-curestatus|p1a: Primarina|slp|[msg]
|move|p1a: Primarina|Calm Mind|p1a: Primarina
|-boost|p1a: Primarina|spa|1
|-boost|p1a: Primarina|spd|1
|move|p2a: Slowbro|Slack Off|p2a: Slowbro
|-heal|p2a: Slowbro|100/100
|
|-heal|p1a: Primarina|100/100|[from] item: Leftovers
|upkeep
|turn|155
|
|t:|1653492253
|move|p1a: Primarina|Calm Mind|p1a: Primarina
|-boost|p1a: Primarina|spa|1
|-boost|p1a: Primarina|spd|1
|move|p2a: Slowbro|Calm Mind|p2a: Slowbro
|-boost|p2a: Slowbro|spa|1
|-boost|p2a: Slowbro|spd|1
|
|upkeep
|turn|156
|
|t:|1653492255
|move|p1a: Primarina|Calm Mind|p1a: Primarina
|-boost|p1a: Primarina|spa|1
|-boost|p1a: Primarina|spd|1
|move|p2a: Slowbro|Calm Mind|p2a: Slowbro
|-boost|p2a: Slowbro|spa|1
|-boost|p2a: Slowbro|spd|1
|
|upkeep
|turn|157
|
|t:|1653492258
|move|p1a: Primarina|Calm Mind|p1a: Primarina
|-boost|p1a: Primarina|spa|1
|-boost|p1a: Primarina|spd|1
|move|p2a: Slowbro|Calm Mind|p2a: Slowbro
|-boost|p2a: Slowbro|spa|1
|-boost|p2a: Slowbro|spd|1
|
|upkeep
|turn|158
|
|t:|1653492261
|move|p1a: Primarina|Calm Mind|p1a: Primarina
|-boost|p1a: Primarina|spa|1
|-boost|p1a: Primarina|spd|1
|move|p2a: Slowbro|Calm Mind|p2a: Slowbro
|-boost|p2a: Slowbro|spa|1
|-boost|p2a: Slowbro|spd|1
|
|upkeep
|turn|159
|
|t:|1653492263
|move|p1a: Primarina|Calm Mind|p1a: Primarina
|-boost|p1a: Primarina|spa|1
|-boost|p1a: Primarina|spd|1
|move|p2a: Slowbro|Calm Mind|p2a: Slowbro
|-boost|p2a: Slowbro|spa|1
|-boost|p2a: Slowbro|spd|1
|
|upkeep
|turn|160
|
|t:|1653492265
|move|p1a: Primarina|Moonblast|p2a: Slowbro
|-resisted|p2a: Slowbro
|-damage|p2a: Slowbro|85/100
|-unboost|p2a: Slowbro|spa|1
|move|p2a: Slowbro|Sludge Bomb|p1a: Primarina
|-supereffective|p1a: Primarina
|-damage|p1a: Primarina|55/100
|-status|p1a: Primarina|psn
|
|-heal|p1a: Primarina|61/100 psn|[from] item: Leftovers
|-damage|p1a: Primarina|49/100 psn|[from] psn
|upkeep
|turn|161
|
|t:|1653492272
|move|p1a: Primarina|Rest|p1a: Primarina
|-status|p1a: Primarina|slp|[from] move: Rest
|-heal|p1a: Primarina|100/100 slp|[silent]
|move|p2a: Slowbro|Calm Mind|p2a: Slowbro
|-boost|p2a: Slowbro|spa|1
|-boost|p2a: Slowbro|spd|0
|
|upkeep
|turn|162
|
|t:|1653492274
|cant|p1a: Primarina|slp
|move|p1a: Primarina|Snore|p2a: Slowbro
|-damage|p2a: Slowbro|65/100
|move|p2a: Slowbro|Sludge Bomb|p1a: Primarina
|-supereffective|p1a: Primarina
|-damage|p1a: Primarina|46/100 slp
|
|-heal|p1a: Primarina|52/100 slp|[from] item: Leftovers
|upkeep
|turn|163
|
|t:|1653492281
|cant|p1a: Primarina|slp
|move|p1a: Primarina|Snore|p2a: Slowbro
|-damage|p2a: Slowbro|47/100
|cant|p2a: Slowbro|flinch
|
|-heal|p1a: Primarina|58/100 slp|[from] item: Leftovers
|upkeep
|turn|164
|
|t:|1653492287
|-curestatus|p1a: Primarina|slp|[msg]
|move|p1a: Primarina|Moonblast|p2a: Slowbro
|-resisted|p2a: Slowbro
|-damage|p2a: Slowbro|30/100
|-unboost|p2a: Slowbro|spa|1
|move|p2a: Slowbro|Slack Off|p2a: Slowbro
|-heal|p2a: Slowbro|80/100
|
|-heal|p1a: Primarina|64/100|[from] item: Leftovers
|upkeep
|turn|165
|
|t:|1653492291
|move|p1a: Primarina|Moonblast|p2a: Slowbro
|-resisted|p2a: Slowbro
|-damage|p2a: Slowbro|62/100
|move|p2a: Slowbro|Sludge Bomb|p1a: Primarina
|-supereffective|p1a: Primarina
|-damage|p1a: Primarina|21/100
|
|-heal|p1a: Primarina|27/100|[from] item: Leftovers
|upkeep
|turn|166
|
|t:|1653492295
|move|p1a: Primarina|Rest|p1a: Primarina
|-status|p1a: Primarina|slp|[from] move: Rest
|-heal|p1a: Primarina|100/100 slp|[silent]
|move|p2a: Slowbro|Calm Mind|p2a: Slowbro
|-boost|p2a: Slowbro|spa|1
|-boost|p2a: Slowbro|spd|0
|
|upkeep
|turn|167
|
|t:|1653492298
|cant|p1a: Primarina|slp
|move|p1a: Primarina|Snore|p2a: Slowbro
|-damage|p2a: Slowbro|44/100
|move|p2a: Slowbro|Slack Off|p2a: Slowbro
|-heal|p2a: Slowbro|94/100
|
|upkeep
|turn|168
|
|t:|1653492300
|cant|p1a: Primarina|slp
|move|p1a: Primarina|Snore|p2a: Slowbro
|-damage|p2a: Slowbro|76/100
|move|p2a: Slowbro|Sludge Bomb|p1a: Primarina
|-supereffective|p1a: Primarina
|-damage|p1a: Primarina|48/100 slp
|
|-heal|p1a: Primarina|54/100 slp|[from] item: Leftovers
|upkeep
|turn|169
|
|t:|1653492307
|-curestatus|p1a: Primarina|slp|[msg]
|move|p1a: Primarina|Moonblast|p2a: Slowbro
|-resisted|p2a: Slowbro
|-crit|p2a: Slowbro
|-damage|p2a: Slowbro|0 fnt
|faint|p2a: Slowbro
|
|-heal|p1a: Primarina|60/100|[from] item: Leftovers
|upkeep
|
|t:|1653492313
|switch|p2a: Quagsire|Quagsire, M|93/100
|-damage|p2a: Quagsire|87/100|[from] Stealth Rock
|turn|170
|
|t:|1653492316
|move|p1a: Primarina|Moonblast|p2a: Quagsire
|-damage|p2a: Quagsire|55/100
|move|p2a: Quagsire|Toxic|p1a: Primarina
|-status|p1a: Primarina|tox
|
|-heal|p1a: Primarina|66/100 tox|[from] item: Leftovers
|-damage|p1a: Primarina|60/100 tox|[from] psn
|upkeep
|turn|171
|
|t:|1653492321
|move|p1a: Primarina|Moonblast|p2a: Quagsire
|-damage|p2a: Quagsire|19/100
|-unboost|p2a: Quagsire|spa|1
|move|p2a: Quagsire|Recover|p2a: Quagsire
|-heal|p2a: Quagsire|69/100
|
|-heal|p1a: Primarina|66/100 tox|[from] item: Leftovers
|-damage|p1a: Primarina|54/100 tox|[from] psn
|upkeep
|turn|172
|
|t:|1653492325
|move|p1a: Primarina|Moonblast|p2a: Quagsire
|-damage|p2a: Quagsire|32/100
|-unboost|p2a: Quagsire|spa|1
|move|p2a: Quagsire|Recover|p2a: Quagsire
|-heal|p2a: Quagsire|82/100
|
|-heal|p1a: Primarina|60/100 tox|[from] item: Leftovers
|-damage|p1a: Primarina|42/100 tox|[from] psn
|upkeep
|turn|173
|
|t:|1653492330
|move|p1a: Primarina|Moonblast|p2a: Quagsire
|-damage|p2a: Quagsire|51/100
|move|p2a: Quagsire|Haze|p2a: Quagsire
|-clearallboost
|
|-heal|p1a: Primarina|48/100 tox|[from] item: Leftovers
|-damage|p1a: Primarina|24/100 tox|[from] psn
|upkeep
|turn|174
|
|t:|1653492334
|move|p1a: Primarina|Rest|p1a: Primarina
|-status|p1a: Primarina|slp|[from] move: Rest
|-heal|p1a: Primarina|100/100 slp|[silent]
|move|p2a: Quagsire|Recover|p2a: Quagsire
|-heal|p2a: Quagsire|100/100
|
|upkeep
|turn|175
|
|t:|1653492338
|switch|p1a: Jirachi|Jirachi|57/100 brn
|-damage|p1a: Jirachi|51/100 brn|[from] Stealth Rock
|switch|p2a: Chansey|Chansey, F|100/100
|-damage|p2a: Chansey|88/100|[from] Stealth Rock
|
|-heal|p1a: Jirachi|57/100 brn|[from] item: Leftovers
|-damage|p1a: Jirachi|51/100 brn|[from] brn
|upkeep
|turn|176
|
|t:|1653492341
|move|p1a: Jirachi|Wish|p1a: Jirachi
|move|p2a: Chansey|Seismic Toss|p1a: Jirachi
|-damage|p1a: Jirachi|26/100 brn
|
|-heal|p1a: Jirachi|32/100 brn|[from] item: Leftovers
|-damage|p1a: Jirachi|26/100 brn|[from] brn
|upkeep
|turn|177
|
|t:|1653492347
|switch|p2a: Umbreon|Umbreon, F|68/100
|-damage|p2a: Umbreon|55/100|[from] Stealth Rock
|move|p1a: Jirachi|Thunder Wave|p2a: Umbreon
|-status|p2a: Umbreon|par
|
|-heal|p1a: Jirachi|76/100 brn|[from] move: Wish|[wisher] Jirachi
|-heal|p1a: Jirachi|82/100 brn|[from] item: Leftovers
|-damage|p1a: Jirachi|76/100 brn|[from] brn
|upkeep
|turn|178
|
|t:|1653492353
|switch|p1a: Primarina|Primarina, F|100/100 slp
|-damage|p1a: Primarina|88/100 slp|[from] Stealth Rock
|move|p2a: Umbreon|Foul Play|p1a: Primarina
|-resisted|p1a: Primarina
|-damage|p1a: Primarina|80/100 slp
|
|-heal|p1a: Primarina|86/100 slp|[from] item: Leftovers
|upkeep
|turn|179
|
|t:|1653492359
|cant|p1a: Primarina|slp
|cant|p2a: Umbreon|par
|
|-heal|p1a: Primarina|92/100 slp|[from] item: Leftovers
|upkeep
|turn|180
|
|t:|1653492364
|cant|p1a: Primarina|slp
|cant|p2a: Umbreon|par
|
|-heal|p1a: Primarina|98/100 slp|[from] item: Leftovers
|upkeep
|turn|181
|
|t:|1653492370
|switch|p1a: Scizor|Scizor, M|100/100
|switch|p2a: Chansey|Chansey, F|88/100
|-damage|p2a: Chansey|75/100|[from] Stealth Rock
|
|upkeep
|turn|182
|
|t:|1653492377
|switch|p2a: Salamence|Salamence, F|80/100
|-damage|p2a: Salamence|56/100|[from] Stealth Rock
|-ability|p2a: Salamence|Intimidate|boost
|-unboost|p1a: Scizor|atk|1
|move|p1a: Scizor|Knock Off|p2a: Salamence
|-damage|p2a: Salamence|46/100
|
|upkeep
|turn|183
|
|t:|1653492382
|switch|p1a: Primarina|Primarina, F|98/100 slp
|-damage|p1a: Primarina|86/100 slp|[from] Stealth Rock
|move|p2a: Salamence|Roost|p2a: Salamence
|-heal|p2a: Salamence|96/100
|-singleturn|p2a: Salamence|move: Roost
|
|-heal|p1a: Primarina|92/100 slp|[from] item: Leftovers
|upkeep
|turn|184
|
|t:|1653492391
|switch|p2a: Chansey|Chansey, F|75/100
|-damage|p2a: Chansey|63/100|[from] Stealth Rock
|switch|p1a: Scizor|Scizor, M|100/100
|
|upkeep
|turn|185
|
|t:|1653492399
|switch|p2a: Quagsire|Quagsire, M|100/100
|-damage|p2a: Quagsire|94/100|[from] Stealth Rock
|move|p1a: Scizor|Knock Off|p2a: Quagsire
|-damage|p2a: Quagsire|75/100
|
|upkeep
|turn|186
|
|t:|1653492405
|switch|p1a: Jirachi|Jirachi|76/100 brn
|-damage|p1a: Jirachi|70/100 brn|[from] Stealth Rock
|move|p2a: Quagsire|Toxic||[still]
|-fail|p2a: Quagsire
|
|-heal|p1a: Jirachi|76/100 brn|[from] item: Leftovers
|-damage|p1a: Jirachi|70/100 brn|[from] brn
|upkeep
|turn|187
|
|t:|1653492411
|switch|p2a: Umbreon|Umbreon, F|55/100 par
|-damage|p2a: Umbreon|43/100 par|[from] Stealth Rock
|move|p1a: Jirachi|Wish|p1a: Jirachi
|
|-heal|p1a: Jirachi|76/100 brn|[from] item: Leftovers
|-damage|p1a: Jirachi|70/100 brn|[from] brn
|upkeep
|turn|188
|
|t:|1653492419
|switch|p1a: Moltres|Moltres|100/100
|move|p2a: Umbreon|Wish|p2a: Umbreon
|
|upkeep
|turn|189
|
|t:|1653492425
|move|p1a: Moltres|Mystical Fire|p2a: Umbreon
|-damage|p2a: Umbreon|19/100 par
|-unboost|p2a: Umbreon|spa|1
|cant|p2a: Umbreon|par
|
|-heal|p2a: Umbreon|69/100 par|[from] move: Wish|[wisher] Umbreon
|upkeep
|turn|190
|
|t:|1653492433
|move|p1a: Moltres|Mystical Fire|p2a: Umbreon
|-damage|p2a: Umbreon|48/100 par
|-unboost|p2a: Umbreon|spa|1
|move|p2a: Umbreon|Wish|p2a: Umbreon
|
|upkeep
|turn|191
|
|t:|1653492438
|move|p1a: Moltres|Mystical Fire|p2a: Umbreon
|-damage|p2a: Umbreon|25/100 par
|-unboost|p2a: Umbreon|spa|1
|move|p2a: Umbreon|Heal Bell|p2a: Umbreon
|-activate|p2a: Umbreon|move: Heal Bell
|-curestatus|p2a: Umbreon|par|[msg]
|
|-heal|p2a: Umbreon|75/100|[from] move: Wish|[wisher] Umbreon
|upkeep
|turn|192
|
|t:|1653492447
|switch|p1a: Scizor|Scizor, M|100/100
|move|p2a: Umbreon|Protect||[still]
|-fail|p2a: Umbreon
|
|upkeep
|turn|193
|
|t:|1653492454
|move|p1a: Scizor|Bullet Punch|p2a: Umbreon
|-damage|p2a: Umbreon|59/100
|move|p2a: Umbreon|Foul Play|p1a: Scizor
|-damage|p1a: Scizor|71/100
|
|upkeep
|turn|194
|
|t:|1653492458
|move|p1a: Scizor|Bullet Punch|p2a: Umbreon
|-damage|p2a: Umbreon|45/100
|move|p2a: Umbreon|Wish|p2a: Umbreon
|
|upkeep
|turn|195
|
|t:|1653492464
|switch|p1a: Primarina|Primarina, F|92/100 slp
|-damage|p1a: Primarina|79/100 slp|[from] Stealth Rock
|move|p2a: Umbreon|Foul Play|p1a: Primarina
|-resisted|p1a: Primarina
|-damage|p1a: Primarina|71/100 slp
|
|-heal|p2a: Umbreon|95/100|[from] move: Wish|[wisher] Umbreon
|-heal|p1a: Primarina|77/100 slp|[from] item: Leftovers
|upkeep
|turn|196
|
|t:|1653492477
|switch|p1a: Scizor|Scizor, M|71/100
|switch|p2a: Chansey|Chansey, F|63/100
|-damage|p2a: Chansey|50/100|[from] Stealth Rock
|
|upkeep
|turn|197
|
|t:|1653492480
|switch|p1a: Primarina|Primarina, F|77/100 slp
|-damage|p1a: Primarina|65/100 slp|[from] Stealth Rock
|switch|p2a: Salamence|Salamence, F|96/100
|-damage|p2a: Salamence|72/100|[from] Stealth Rock
|-ability|p2a: Salamence|Intimidate|boost
|-unboost|p1a: Primarina|atk|1
|
|-heal|p1a: Primarina|71/100 slp|[from] item: Leftovers
|upkeep
|turn|198
|
|t:|1653492485
|switch|p2a: Chansey|Chansey, F|50/100
|-damage|p2a: Chansey|38/100|[from] Stealth Rock
|-curestatus|p1a: Primarina|slp|[msg]
|move|p1a: Primarina|Moonblast|p2a: Chansey
|-damage|p2a: Chansey|25/100
|-unboost|p2a: Chansey|spa|1
|
|-heal|p1a: Primarina|77/100|[from] item: Leftovers
|upkeep
|turn|199
|
|t:|1653492491
|switch|p1a: Scizor|Scizor, M|71/100
|move|p2a: Chansey|Soft-Boiled|p2a: Chansey
|-heal|p2a: Chansey|75/100
|
|upkeep
|turn|200
|
|t:|1653492501
|switch|p2a: Quagsire|Quagsire, M|75/100
|-damage|p2a: Quagsire|69/100|[from] Stealth Rock
|move|p1a: Scizor|Knock Off|p2a: Quagsire
|-damage|p2a: Quagsire|52/100
|
|upkeep
|turn|201
|
|t:|1653492503
|move|p1a: Scizor|Knock Off|p2a: Quagsire
|-damage|p2a: Quagsire|33/100
|move|p2a: Quagsire|Recover|p2a: Quagsire
|-heal|p2a: Quagsire|83/100
|
|upkeep
|turn|202
|
|t:|1653492508
|switch|p1a: Jirachi|Jirachi|70/100 brn
|-damage|p1a: Jirachi|64/100 brn|[from] Stealth Rock
|move|p2a: Quagsire|Scald|p1a: Jirachi
|-damage|p1a: Jirachi|51/100 brn
|
|-heal|p1a: Jirachi|58/100 brn|[from] item: Leftovers
|-damage|p1a: Jirachi|51/100 brn|[from] brn
|upkeep
|turn|203
|
|t:|1653492517
|switch|p2a: Umbreon|Umbreon, F|95/100
|-damage|p2a: Umbreon|82/100|[from] Stealth Rock
|move|p1a: Jirachi|Wish|p1a: Jirachi
|
|-heal|p1a: Jirachi|58/100 brn|[from] item: Leftovers
|-damage|p1a: Jirachi|51/100 brn|[from] brn
|upkeep
|turn|204
|
|t:|1653492526
|switch|p2a: Chansey|Chansey, F|75/100
|-damage|p2a: Chansey|63/100|[from] Stealth Rock
|move|p1a: Jirachi|Protect||[still]
|-fail|p1a: Jirachi
|
|-heal|p1a: Jirachi|100/100 brn|[from] move: Wish|[wisher] Jirachi
|-damage|p1a: Jirachi|94/100 brn|[from] brn
|upkeep
|turn|205
|
|t:|1653492532
|switch|p1a: Scizor|Scizor, M|71/100
|move|p2a: Chansey|Soft-Boiled|p2a: Chansey
|-heal|p2a: Chansey|100/100
|
|upkeep
|turn|206
|
|t:|1653492540
|switch|p2a: Quagsire|Quagsire, M|83/100
|-damage|p2a: Quagsire|77/100|[from] Stealth Rock
|move|p1a: Scizor|Knock Off|p2a: Quagsire
|-damage|p2a: Quagsire|59/100
|
|upkeep
|turn|207
|
|t:|1653492543
|move|p1a: Scizor|Roost|p1a: Scizor
|-heal|p1a: Scizor|100/100
|-singleturn|p1a: Scizor|move: Roost
|move|p2a: Quagsire|Recover|p2a: Quagsire
|-heal|p2a: Quagsire|100/100
|
|upkeep
|turn|208
|
|t:|1653492547
|switch|p1a: Jirachi|Jirachi|94/100 brn
|-damage|p1a: Jirachi|88/100 brn|[from] Stealth Rock
|move|p2a: Quagsire|Scald|p1a: Jirachi
|-damage|p1a: Jirachi|75/100 brn
|
|-heal|p1a: Jirachi|81/100 brn|[from] item: Leftovers
|-damage|p1a: Jirachi|75/100 brn|[from] brn
|upkeep
|turn|209
|
|t:|1653492553
|move|p1a: Jirachi|Thunder Wave|p2a: Quagsire
|-immune|p2a: Quagsire
|move|p2a: Quagsire|Scald|p1a: Jirachi
|-crit|p1a: Jirachi
|-damage|p1a: Jirachi|54/100 brn
|
|-heal|p1a: Jirachi|60/100 brn|[from] item: Leftovers
|-damage|p1a: Jirachi|54/100 brn|[from] brn
|upkeep
|turn|210
|
|t:|1653492561
|switch|p2a: Umbreon|Umbreon, F|82/100
|-damage|p2a: Umbreon|70/100|[from] Stealth Rock
|move|p1a: Jirachi|Protect||[still]
|-fail|p1a: Jirachi
|
|-heal|p1a: Jirachi|60/100 brn|[from] item: Leftovers
|-damage|p1a: Jirachi|54/100 brn|[from] brn
|upkeep
|turn|211
|
|t:|1653492572
|switch|p1a: Scizor|Scizor, M|100/100
|move|p2a: Umbreon|Foul Play|p1a: Scizor
|-damage|p1a: Scizor|72/100
|
|upkeep
|turn|212
|
|t:|1653492577
|move|p1a: Scizor|Bullet Punch|p2a: Umbreon
|-damage|p2a: Umbreon|55/100
|move|p2a: Umbreon|Foul Play|p1a: Scizor
|-damage|p1a: Scizor|40/100
|
|upkeep
|turn|213
|
|t:|1653492582
|move|p2a: Umbreon|Wish|p2a: Umbreon
|move|p1a: Scizor|Roost|p1a: Scizor
|-heal|p1a: Scizor|90/100
|-singleturn|p1a: Scizor|move: Roost
|
|upkeep
|turn|214
|
|t:|1653492588
|switch|p1a: Primarina|Primarina, F|77/100
|-damage|p1a: Primarina|65/100|[from] Stealth Rock
|move|p2a: Umbreon|Foul Play|p1a: Primarina
|-resisted|p1a: Primarina
|-damage|p1a: Primarina|55/100
|
|-heal|p2a: Umbreon|100/100|[from] move: Wish|[wisher] Umbreon
|-heal|p1a: Primarina|61/100|[from] item: Leftovers
|upkeep
|turn|215
|
|t:|1653492597
|switch|p1a: Scizor|Scizor, M|90/100
|switch|p2a: Chansey|Chansey, F|100/100
|-damage|p2a: Chansey|88/100|[from] Stealth Rock
|
|upkeep
|turn|216
|
|t:|1653492606
|switch|p1a: Moltres|Moltres|100/100
|switch|p2a: Skarmory|Skarmory, F|100/100
|-damage|p2a: Skarmory|88/100|[from] Stealth Rock
|
|upkeep
|turn|217
|
|t:|1653492611
|switch|p1a: Scizor|Scizor, M|90/100
|switch|p2a: Chansey|Chansey, F|88/100
|-damage|p2a: Chansey|75/100|[from] Stealth Rock
|
|upkeep
|turn|218
|
|t:|1653492616
|switch|p1a: Primarina|Primarina, F|61/100
|-damage|p1a: Primarina|49/100|[from] Stealth Rock
|switch|p2a: Skarmory|Skarmory, F|88/100
|-damage|p2a: Skarmory|76/100|[from] Stealth Rock
|
|-heal|p1a: Primarina|55/100|[from] item: Leftovers
|upkeep
|turn|219
|
|t:|1653492620
|switch|p1a: Moltres|Moltres|100/100
|switch|p2a: Chansey|Chansey, F|75/100
|-damage|p2a: Chansey|63/100|[from] Stealth Rock
|
|upkeep
|turn|220
|
|t:|1653492627
|switch|p1a: Scizor|Scizor, M|90/100
|move|p2a: Chansey|Toxic|p1a: Scizor
|-immune|p1a: Scizor
|
|upkeep
|turn|221
|
|t:|1653492631
|switch|p1a: Moltres|Moltres|100/100
|switch|p2a: Quagsire|Quagsire, M|100/100
|-damage|p2a: Quagsire|94/100|[from] Stealth Rock
|
|upkeep
|turn|222
|
|t:|1653492637
|move|p1a: Moltres|Toxic|p2a: Quagsire|[miss]
|-miss|p1a: Moltres|p2a: Quagsire
|move|p2a: Quagsire|Toxic|p1a: Moltres
|-status|p1a: Moltres|tox
|
|-damage|p1a: Moltres|94/100 tox|[from] psn
|upkeep
|turn|223
|
|t:|1653492642
|switch|p1a: Scizor|Scizor, M|90/100
|move|p2a: Quagsire|Scald|p1a: Scizor
|-damage|p1a: Scizor|70/100
|
|upkeep
|turn|224
|
|t:|1653492648
|switch|p1a: Jirachi|Jirachi|54/100 brn
|-damage|p1a: Jirachi|48/100 brn|[from] Stealth Rock
|move|p2a: Quagsire|Scald|p1a: Jirachi
|-damage|p1a: Jirachi|34/100 brn
|
|-heal|p1a: Jirachi|40/100 brn|[from] item: Leftovers
|-damage|p1a: Jirachi|34/100 brn|[from] brn
|upkeep
|turn|225
|
|t:|1653492654
|move|p1a: Jirachi|Wish|p1a: Jirachi
|move|p2a: Quagsire|Scald|p1a: Jirachi
|-damage|p1a: Jirachi|21/100 brn
|
|-heal|p1a: Jirachi|27/100 brn|[from] item: Leftovers
|-damage|p1a: Jirachi|21/100 brn|[from] brn
|upkeep
|turn|226
|
|t:|1653492659
|switch|p2a: Umbreon|Umbreon, F|100/100
|-damage|p2a: Umbreon|88/100|[from] Stealth Rock
|move|p1a: Jirachi|Protect||[still]
|-fail|p1a: Jirachi
|
|-heal|p1a: Jirachi|71/100 brn|[from] move: Wish|[wisher] Jirachi
|-heal|p1a: Jirachi|77/100 brn|[from] item: Leftovers
|-damage|p1a: Jirachi|71/100 brn|[from] brn
|upkeep
|turn|227
|
|t:|1653492664
|switch|p1a: Scizor|Scizor, M|70/100
|move|p2a: Umbreon|Foul Play|p1a: Scizor
|-crit|p1a: Scizor
|-damage|p1a: Scizor|23/100
|
|upkeep
|turn|228
|
|t:|1653492669
|switch|p1a: Primarina|Primarina, F|55/100
|-damage|p1a: Primarina|42/100|[from] Stealth Rock
|move|p2a: Umbreon|Foul Play|p1a: Primarina
|-resisted|p1a: Primarina
|-damage|p1a: Primarina|33/100
|
|-heal|p1a: Primarina|39/100|[from] item: Leftovers
|upkeep
|turn|229
|
|t:|1653492675
|switch|p1a: Scizor|Scizor, M|23/100
|switch|p2a: Chansey|Chansey, F|63/100
|-damage|p2a: Chansey|50/100|[from] Stealth Rock
|
|upkeep
|turn|230
|
|t:|1653492678
|move|p1a: Scizor|Roost|p1a: Scizor
|-heal|p1a: Scizor|73/100
|-singleturn|p1a: Scizor|move: Roost
|move|p2a: Chansey|Soft-Boiled|p2a: Chansey
|-heal|p2a: Chansey|100/100
|
|upkeep
|turn|231
|
|t:|1653492687
|switch|p2a: Quagsire|Quagsire, M|94/100
|-damage|p2a: Quagsire|88/100|[from] Stealth Rock
|move|p1a: Scizor|Knock Off|p2a: Quagsire
|-damage|p2a: Quagsire|70/100
|
|upkeep
|turn|232
|
|t:|1653492693
|switch|p1a: Primarina|Primarina, F|39/100
|-damage|p1a: Primarina|27/100|[from] Stealth Rock
|switch|p2a: Salamence|Salamence, F|72/100
|-damage|p2a: Salamence|47/100|[from] Stealth Rock
|-ability|p2a: Salamence|Intimidate|boost
|-unboost|p1a: Primarina|atk|1
|
|-heal|p1a: Primarina|33/100|[from] item: Leftovers
|upkeep
|turn|233
|
|t:|1653492696
|move|p2a: Salamence|Air Slash|p1a: Primarina
|-damage|p1a: Primarina|11/100
|move|p1a: Primarina|Rest|p1a: Primarina
|-status|p1a: Primarina|slp|[from] move: Rest
|-heal|p1a: Primarina|100/100 slp|[silent]
|
|upkeep
|turn|234
|
|t:|1653492701
|move|p2a: Salamence|Roost|p2a: Salamence
|-heal|p2a: Salamence|97/100
|-singleturn|p2a: Salamence|move: Roost
|cant|p1a: Primarina|slp
|
|upkeep
|turn|235
|
|t:|1653492706
|switch|p2a: Chansey|Chansey, F|100/100
|-damage|p2a: Chansey|88/100|[from] Stealth Rock
|cant|p1a: Primarina|slp
|
|upkeep
|turn|236
|
|t:|1653492709
|switch|p1a: Scizor|Scizor, M|73/100
|move|p2a: Chansey|Seismic Toss|p1a: Scizor
|-damage|p1a: Scizor|44/100
|
|upkeep
|turn|237
|
|t:|1653492718
|switch|p2a: Salamence|Salamence, F|97/100
|-damage|p2a: Salamence|72/100|[from] Stealth Rock
|-ability|p2a: Salamence|Intimidate|boost
|-unboost|p1a: Scizor|atk|1
|move|p1a: Scizor|Knock Off|p2a: Salamence
|-damage|p2a: Salamence|63/100
|
|upkeep
|turn|238
|
|t:|1653492723
|switch|p1a: Primarina|Primarina, F|100/100 slp
|-damage|p1a: Primarina|88/100 slp|[from] Stealth Rock
|move|p2a: Salamence|Air Slash|p1a: Primarina
|-damage|p1a: Primarina|65/100 slp
|
|-heal|p1a: Primarina|71/100 slp|[from] item: Leftovers
|upkeep
|turn|239
|
|t:|1653492731
|switch|p1a: Scizor|Scizor, M|44/100
|move|p2a: Salamence|Air Slash|p1a: Scizor
|-damage|p1a: Scizor|12/100
|
|upkeep
|turn|240
|
|t:|1653492735
|switch|p1a: Primarina|Primarina, F|71/100 slp
|-damage|p1a: Primarina|58/100 slp|[from] Stealth Rock
|move|p2a: Salamence|Air Slash|p1a: Primarina
|-crit|p1a: Primarina
|-damage|p1a: Primarina|24/100 slp
|
|-heal|p1a: Primarina|30/100 slp|[from] item: Leftovers
|upkeep
|turn|241
|
|t:|1653492741
|move|p2a: Salamence|Air Slash|p1a: Primarina
|-damage|p1a: Primarina|8/100 slp
|-curestatus|p1a: Primarina|slp|[msg]
|move|p1a: Primarina|Moonblast|p2a: Salamence
|-supereffective|p2a: Salamence
|-damage|p2a: Salamence|0 fnt
|faint|p2a: Salamence
|
|-heal|p1a: Primarina|14/100|[from] item: Leftovers
|upkeep
|
|t:|1653492748
|switch|p2a: Chansey|Chansey, F|88/100
|-damage|p2a: Chansey|75/100|[from] Stealth Rock
|turn|242
|
|t:|1653492750
|move|p1a: Primarina|Rest|p1a: Primarina
|-status|p1a: Primarina|slp|[from] move: Rest
|-heal|p1a: Primarina|100/100 slp|[silent]
|move|p2a: Chansey|Seismic Toss|p1a: Primarina
|-damage|p1a: Primarina|73/100 slp
|
|-heal|p1a: Primarina|79/100 slp|[from] item: Leftovers
|upkeep
|turn|243
|
|t:|1653492759
|cant|p1a: Primarina|slp
|move|p2a: Chansey|Seismic Toss|p1a: Primarina
|-damage|p1a: Primarina|52/100 slp
|
|-heal|p1a: Primarina|58/100 slp|[from] item: Leftovers
|upkeep
|turn|244
|
|t:|1653492763
|cant|p1a: Primarina|slp
|move|p2a: Chansey|Seismic Toss|p1a: Primarina
|-damage|p1a: Primarina|30/100 slp
|
|-heal|p1a: Primarina|36/100 slp|[from] item: Leftovers
|upkeep
|turn|245
|
|t:|1653492767
|-curestatus|p1a: Primarina|slp|[msg]
|move|p1a: Primarina|Calm Mind|p1a: Primarina
|-boost|p1a: Primarina|spa|1
|-boost|p1a: Primarina|spd|1
|move|p2a: Chansey|Seismic Toss|p1a: Primarina
|-damage|p1a: Primarina|9/100
|
|-heal|p1a: Primarina|15/100|[from] item: Leftovers
|upkeep
|turn|246
|
|t:|1653492770
|move|p1a: Primarina|Rest|p1a: Primarina
|-status|p1a: Primarina|slp|[from] move: Rest
|-heal|p1a: Primarina|100/100 slp|[silent]
|move|p2a: Chansey|Seismic Toss|p1a: Primarina
|-damage|p1a: Primarina|73/100 slp
|
|-heal|p1a: Primarina|79/100 slp|[from] item: Leftovers
|upkeep
|turn|247
|
|t:|1653492775
|cant|p1a: Primarina|slp
|move|p2a: Chansey|Seismic Toss|p1a: Primarina
|-damage|p1a: Primarina|52/100 slp
|
|-heal|p1a: Primarina|58/100 slp|[from] item: Leftovers
|upkeep
|turn|248
|
|t:|1653492779
|cant|p1a: Primarina|slp
|move|p2a: Chansey|Seismic Toss|p1a: Primarina
|-damage|p1a: Primarina|30/100 slp
|
|-heal|p1a: Primarina|36/100 slp|[from] item: Leftovers
|upkeep
|turn|249
|
|t:|1653492784
|-curestatus|p1a: Primarina|slp|[msg]
|move|p1a: Primarina|Calm Mind|p1a: Primarina
|-boost|p1a: Primarina|spa|1
|-boost|p1a: Primarina|spd|1
|move|p2a: Chansey|Seismic Toss|p1a: Primarina
|-damage|p1a: Primarina|9/100
|
|-heal|p1a: Primarina|15/100|[from] item: Leftovers
|upkeep
|turn|250
|
|t:|1653492788
|move|p1a: Primarina|Rest|p1a: Primarina
|-status|p1a: Primarina|slp|[from] move: Rest
|-heal|p1a: Primarina|100/100 slp|[silent]
|move|p2a: Chansey|Seismic Toss|p1a: Primarina
|-damage|p1a: Primarina|73/100 slp
|
|-heal|p1a: Primarina|79/100 slp|[from] item: Leftovers
|upkeep
|turn|251
|
|t:|1653492799
|switch|p2a: Quagsire|Quagsire, M|70/100
|-damage|p2a: Quagsire|64/100|[from] Stealth Rock
|cant|p1a: Primarina|slp
|
|-heal|p1a: Primarina|85/100 slp|[from] item: Leftovers
|upkeep
|turn|252
|
|t:|1653492803
|cant|p1a: Primarina|slp
|move|p1a: Primarina|Snore|p2a: Quagsire
|-damage|p2a: Quagsire|48/100
|move|p2a: Quagsire|Haze|p2a: Quagsire
|-clearallboost
|
|-heal|p1a: Primarina|91/100 slp|[from] item: Leftovers
|upkeep
|turn|253
|
|t:|1653492811
|-curestatus|p1a: Primarina|slp|[msg]
|move|p1a: Primarina|Moonblast|p2a: Quagsire
|-damage|p2a: Quagsire|16/100
|-unboost|p2a: Quagsire|spa|1
|move|p2a: Quagsire|Recover|p2a: Quagsire
|-heal|p2a: Quagsire|66/100
|
|-heal|p1a: Primarina|97/100|[from] item: Leftovers
|upkeep
|turn|254
|
|t:|1653492819
|switch|p1a: Jirachi|Jirachi|71/100 brn
|-damage|p1a: Jirachi|65/100 brn|[from] Stealth Rock
|move|p2a: Quagsire|Recover|p2a: Quagsire
|-heal|p2a: Quagsire|100/100
|
|-heal|p1a: Jirachi|71/100 brn|[from] item: Leftovers
|-damage|p1a: Jirachi|65/100 brn|[from] brn
|upkeep
|turn|255
|
|t:|1653492823
|switch|p2a: Umbreon|Umbreon, F|88/100
|-damage|p2a: Umbreon|76/100|[from] Stealth Rock
|move|p1a: Jirachi|Wish|p1a: Jirachi
|
|-heal|p1a: Jirachi|71/100 brn|[from] item: Leftovers
|-damage|p1a: Jirachi|65/100 brn|[from] brn
|upkeep
|turn|256
|
|t:|1653492829
|move|p1a: Jirachi|Protect|p1a: Jirachi
|-singleturn|p1a: Jirachi|Protect
|move|p2a: Umbreon|Foul Play|p1a: Jirachi
|-activate|p1a: Jirachi|move: Protect
|
|-heal|p1a: Jirachi|100/100 brn|[from] move: Wish|[wisher] Jirachi
|-damage|p1a: Jirachi|94/100 brn|[from] brn
|upkeep
|turn|257
|
|t:|1653492835
|switch|p1a: Nidoqueen|Nidoqueen, F|92/100
|-damage|p1a: Nidoqueen|85/100|[from] Stealth Rock
|move|p2a: Umbreon|Foul Play|p1a: Nidoqueen
|-damage|p1a: Nidoqueen|66/100
|
|-heal|p1a: Nidoqueen|72/100|[from] item: Black Sludge
|upkeep
|turn|258
|
|t:|1653492842
|move|p1a: Nidoqueen|Sludge Wave|p2a: Umbreon
|-damage|p2a: Umbreon|54/100
|move|p2a: Umbreon|Wish|p2a: Umbreon
|
|-heal|p1a: Nidoqueen|78/100|[from] item: Black Sludge
|upkeep
|turn|259
|
|t:|1653492850
|move|p1a: Nidoqueen|Sludge Wave|p2a: Umbreon
|-damage|p2a: Umbreon|30/100
|move|p2a: Umbreon|Foul Play|p1a: Nidoqueen
|-damage|p1a: Nidoqueen|58/100
|
|-heal|p2a: Umbreon|80/100|[from] move: Wish|[wisher] Umbreon
|-heal|p1a: Nidoqueen|65/100|[from] item: Black Sludge
|upkeep
|turn|260
|
|t:|1653492859
|move|p1a: Nidoqueen|Sludge Wave|p2a: Umbreon
|-damage|p2a: Umbreon|56/100
|move|p2a: Umbreon|Wish|p2a: Umbreon
|
|-heal|p1a: Nidoqueen|71/100|[from] item: Black Sludge
|upkeep
|turn|261
|
|t:|1653492865
|move|p1a: Nidoqueen|Sludge Wave|p2a: Umbreon
|-damage|p2a: Umbreon|31/100
|move|p2a: Umbreon|Foul Play|p1a: Nidoqueen
|-damage|p1a: Nidoqueen|52/100
|
|-heal|p2a: Umbreon|81/100|[from] move: Wish|[wisher] Umbreon
|-heal|p1a: Nidoqueen|58/100|[from] item: Black Sludge
|upkeep
|turn|262
|
|t:|1653492870
|switch|p2a: Chansey|Chansey, F|75/100
|-damage|p2a: Chansey|63/100|[from] Stealth Rock
|move|p1a: Nidoqueen|Sludge Wave|p2a: Chansey
|-damage|p2a: Chansey|52/100
|
|-heal|p1a: Nidoqueen|65/100|[from] item: Black Sludge
|upkeep
|turn|263
|
|t:|1653492874
|move|p1a: Nidoqueen|Sludge Wave|p2a: Chansey
|-damage|p2a: Chansey|41/100
|move|p2a: Chansey|Soft-Boiled|p2a: Chansey
|-heal|p2a: Chansey|91/100
|
|-heal|p1a: Nidoqueen|71/100|[from] item: Black Sludge
|upkeep
|turn|264
|
|t:|1653492880
|move|p1a: Nidoqueen|Sludge Wave|p2a: Chansey
|-damage|p2a: Chansey|82/100
|move|p2a: Chansey|Seismic Toss|p1a: Nidoqueen
|-damage|p1a: Nidoqueen|45/100
|
|-heal|p1a: Nidoqueen|51/100|[from] item: Black Sludge
|upkeep
|turn|265
|
|t:|1653492886
|move|p1a: Nidoqueen|Sludge Wave|p2a: Chansey
|-damage|p2a: Chansey|71/100
|move|p2a: Chansey|Seismic Toss|p1a: Nidoqueen
|-damage|p1a: Nidoqueen|25/100
|
|-heal|p1a: Nidoqueen|31/100|[from] item: Black Sludge
|upkeep
|turn|266
|
|t:|1653492893
|move|p1a: Nidoqueen|Sludge Wave|p2a: Chansey
|-damage|p2a: Chansey|60/100
|move|p2a: Chansey|Seismic Toss|p1a: Nidoqueen
|-damage|p1a: Nidoqueen|5/100
|
|-heal|p1a: Nidoqueen|11/100|[from] item: Black Sludge
|upkeep
|turn|267
|
|t:|1653492897
|switch|p1a: Scizor|Scizor, M|12/100
|move|p2a: Chansey|Seismic Toss|p1a: Scizor
|-damage|p1a: Scizor|0 fnt
|faint|p1a: Scizor
|
|upkeep
|
|t:|1653492901
|switch|p1a: Primarina|Primarina, F|97/100
|-damage|p1a: Primarina|85/100|[from] Stealth Rock
|turn|268
|
|t:|1653492909
|move|p1a: Primarina|Calm Mind|p1a: Primarina
|-boost|p1a: Primarina|spa|1
|-boost|p1a: Primarina|spd|1
|move|p2a: Chansey|Stealth Rock||[still]
|-fail|p2a: Chansey
|
|-heal|p1a: Primarina|91/100|[from] item: Leftovers
|upkeep
|turn|269
|
|t:|1653492912
|move|p1a: Primarina|Calm Mind|p1a: Primarina
|-boost|p1a: Primarina|spa|1
|-boost|p1a: Primarina|spd|1
|move|p2a: Chansey|Stealth Rock||[still]
|-fail|p2a: Chansey
|
|-heal|p1a: Primarina|97/100|[from] item: Leftovers
|upkeep
|turn|270
|
|t:|1653492915
|move|p1a: Primarina|Calm Mind|p1a: Primarina
|-boost|p1a: Primarina|spa|1
|-boost|p1a: Primarina|spd|1
|move|p2a: Chansey|Soft-Boiled|p2a: Chansey
|-heal|p2a: Chansey|100/100
|
|-heal|p1a: Primarina|100/100|[from] item: Leftovers
|upkeep
|turn|271
|
|t:|1653492923
|move|p1a: Primarina|Calm Mind|p1a: Primarina
|-boost|p1a: Primarina|spa|1
|-boost|p1a: Primarina|spd|1
|move|p2a: Chansey|Stealth Rock||[still]
|-fail|p2a: Chansey
|
|upkeep
|turn|272
|
|t:|1653492926
|move|p1a: Primarina|Calm Mind|p1a: Primarina
|-boost|p1a: Primarina|spa|1
|-boost|p1a: Primarina|spd|1
|move|p2a: Chansey|Stealth Rock||[still]
|-fail|p2a: Chansey
|
|upkeep
|turn|273
|
|t:|1653492930
|switch|p2a: Quagsire|Quagsire, M|100/100
|-damage|p2a: Quagsire|94/100|[from] Stealth Rock
|move|p1a: Primarina|Calm Mind|p1a: Primarina
|-boost|p1a: Primarina|spa|1
|-boost|p1a: Primarina|spd|1
|
|upkeep
|turn|274
|j| altomandooge
|
|t:|1653492939
|switch|p1a: Moltres|Moltres|94/100 tox
|move|p2a: Quagsire|Haze|p2a: Quagsire
|-clearallboost
|
|-damage|p1a: Moltres|88/100 tox|[from] psn
|upkeep
|turn|275
|
|t:|1653492945
|move|p1a: Moltres|Toxic|p2a: Quagsire
|-status|p2a: Quagsire|tox
|move|p2a: Quagsire|Scald|p1a: Moltres
|-supereffective|p1a: Moltres
|-damage|p1a: Moltres|50/100 tox
|
|-damage|p1a: Moltres|37/100 tox|[from] psn
|-damage|p2a: Quagsire|88/100 tox|[from] psn
|upkeep
|turn|276
|
|t:|1653492951
|switch|p2a: Umbreon|Umbreon, F|81/100
|-damage|p2a: Umbreon|69/100|[from] Stealth Rock
|move|p1a: Moltres|Roost|p1a: Moltres
|-heal|p1a: Moltres|87/100 tox
|-singleturn|p1a: Moltres|move: Roost
|
|-damage|p1a: Moltres|69/100 tox|[from] psn
|upkeep
|turn|277
|
|t:|1653492958
|switch|p1a: Jirachi|Jirachi|94/100 brn
|-damage|p1a: Jirachi|88/100 brn|[from] Stealth Rock
|move|p2a: Umbreon|Heal Bell|p2a: Umbreon
|-activate|p2a: Umbreon|move: Heal Bell
|-curestatus|p2: Quagsire|tox|[msg]
|
|-heal|p1a: Jirachi|94/100 brn|[from] item: Leftovers
|-damage|p1a: Jirachi|88/100 brn|[from] brn
|upkeep
|turn|278
|
|t:|1653492961
|move|p1a: Jirachi|Thunder Wave|p2a: Umbreon
|-status|p2a: Umbreon|par
|move|p2a: Umbreon|Foul Play|p1a: Jirachi
|-supereffective|p1a: Jirachi
|-damage|p1a: Jirachi|37/100 brn
|
|-heal|p1a: Jirachi|43/100 brn|[from] item: Leftovers
|-damage|p1a: Jirachi|37/100 brn|[from] brn
|upkeep
|turn|279
|
|t:|1653492966
|switch|p1a: Primarina|Primarina, F|100/100
|-damage|p1a: Primarina|88/100|[from] Stealth Rock
|move|p2a: Umbreon|Foul Play|p1a: Primarina
|-resisted|p1a: Primarina
|-damage|p1a: Primarina|80/100
|
|-heal|p1a: Primarina|86/100|[from] item: Leftovers
|upkeep
|turn|280
|
|t:|1653492973
|switch|p2a: Chansey|Chansey, F|100/100
|-damage|p2a: Chansey|88/100|[from] Stealth Rock
|move|p1a: Primarina|Moonblast|p2a: Chansey
|-damage|p2a: Chansey|76/100
|
|-heal|p1a: Primarina|92/100|[from] item: Leftovers
|upkeep
|turn|281
|
|t:|1653492980
|switch|p1a: Jirachi|Jirachi|37/100 brn
|-damage|p1a: Jirachi|31/100 brn|[from] Stealth Rock
|move|p2a: Chansey|Stealth Rock||[still]
|-fail|p2a: Chansey
|
|-heal|p1a: Jirachi|37/100 brn|[from] item: Leftovers
|-damage|p1a: Jirachi|31/100 brn|[from] brn
|upkeep
|turn|282
|
|t:|1653492985
|move|p1a: Jirachi|Wish|p1a: Jirachi
|move|p2a: Chansey|Seismic Toss|p1a: Jirachi
|-damage|p1a: Jirachi|6/100 brn
|
|-heal|p1a: Jirachi|12/100 brn|[from] item: Leftovers
|-damage|p1a: Jirachi|6/100 brn|[from] brn
|upkeep
|turn|283
|l| altomandooge
|
|t:|1653492991
|move|p1a: Jirachi|Protect|p1a: Jirachi
|-singleturn|p1a: Jirachi|Protect
|move|p2a: Chansey|Seismic Toss|p1a: Jirachi
|-activate|p1a: Jirachi|move: Protect
|
|-heal|p1a: Jirachi|56/100 brn|[from] move: Wish|[wisher] Jirachi
|-heal|p1a: Jirachi|62/100 brn|[from] item: Leftovers
|-damage|p1a: Jirachi|56/100 brn|[from] brn
|upkeep
|turn|284
|
|t:|1653492994
|move|p1a: Jirachi|Wish|p1a: Jirachi
|move|p2a: Chansey|Seismic Toss|p1a: Jirachi
|-damage|p1a: Jirachi|31/100 brn
|
|-heal|p1a: Jirachi|38/100 brn|[from] item: Leftovers
|-damage|p1a: Jirachi|31/100 brn|[from] brn
|upkeep
|turn|285
|
|t:|1653493004
|move|p1a: Jirachi|Protect|p1a: Jirachi
|-singleturn|p1a: Jirachi|Protect
|move|p2a: Chansey|Seismic Toss|p1a: Jirachi
|-activate|p1a: Jirachi|move: Protect
|
|-heal|p1a: Jirachi|81/100 brn|[from] move: Wish|[wisher] Jirachi
|-heal|p1a: Jirachi|88/100 brn|[from] item: Leftovers
|-damage|p1a: Jirachi|81/100 brn|[from] brn
|upkeep
|turn|286
|
|t:|1653493013
|switch|p2a: Skarmory|Skarmory, F|76/100
|-damage|p2a: Skarmory|63/100|[from] Stealth Rock
|move|p1a: Jirachi|Iron Head|p2a: Skarmory
|-resisted|p2a: Skarmory
|-damage|p2a: Skarmory|59/100
|
|-heal|p1a: Jirachi|88/100 brn|[from] item: Leftovers
|-damage|p1a: Jirachi|81/100 brn|[from] brn
|upkeep
|turn|287
|
|t:|1653493019
|move|p1a: Jirachi|Thunder Wave|p2a: Skarmory
|-status|p2a: Skarmory|par
|move|p2a: Skarmory|Roost|p2a: Skarmory
|-heal|p2a: Skarmory|100/100 par
|-singleturn|p2a: Skarmory|move: Roost
|
|-heal|p1a: Jirachi|88/100 brn|[from] item: Leftovers
|-damage|p1a: Jirachi|81/100 brn|[from] brn
|upkeep
|turn|288
|
|t:|1653493028
|switch|p1a: Moltres|Moltres|69/100 tox
|cant|p2a: Skarmory|par
|
|-damage|p1a: Moltres|62/100 tox|[from] psn
|upkeep
|turn|289
|
|t:|1653493034
|switch|p2a: Chansey|Chansey, F|76/100
|-damage|p2a: Chansey|64/100|[from] Stealth Rock
|move|p1a: Moltres|Roost|p1a: Moltres
|-heal|p1a: Moltres|100/100 tox
|-singleturn|p1a: Moltres|move: Roost
|
|-damage|p1a: Moltres|88/100 tox|[from] psn
|upkeep
|turn|290
|
|t:|1653493044
|move|p1a: Moltres|Toxic|p2a: Chansey
|-status|p2a: Chansey|tox
|move|p2a: Chansey|Seismic Toss|p1a: Moltres
|-damage|p1a: Moltres|62/100 tox
|
|-damage|p1a: Moltres|43/100 tox|[from] psn
|-damage|p2a: Chansey|58/100 tox|[from] psn
|upkeep
|turn|291
|
|t:|1653493050
|move|p1a: Moltres|Roost|p1a: Moltres
|-heal|p1a: Moltres|93/100 tox
|-singleturn|p1a: Moltres|move: Roost
|move|p2a: Chansey|Soft-Boiled|p2a: Chansey
|-heal|p2a: Chansey|100/100 tox
|
|-damage|p1a: Moltres|68/100 tox|[from] psn
|-damage|p2a: Chansey|88/100 tox|[from] psn
|upkeep
|turn|292
|
|t:|1653493055
|switch|p1a: Jirachi|Jirachi|81/100 brn
|-damage|p1a: Jirachi|75/100 brn|[from] Stealth Rock
|-curestatus|p2a: Chansey|tox|[from] ability: Natural Cure
|switch|p2a: Umbreon|Umbreon, F|69/100 par
|-damage|p2a: Umbreon|56/100 par|[from] Stealth Rock
|
|-heal|p1a: Jirachi|81/100 brn|[from] item: Leftovers
|-damage|p1a: Jirachi|75/100 brn|[from] brn
|upkeep
|turn|293
|
|t:|1653493064
|switch|p1a: Primarina|Primarina, F|92/100
|-damage|p1a: Primarina|80/100|[from] Stealth Rock
|move|p2a: Umbreon|Foul Play|p1a: Primarina
|-resisted|p1a: Primarina
|-damage|p1a: Primarina|70/100
|
|-heal|p1a: Primarina|76/100|[from] item: Leftovers
|upkeep
|turn|294
|
|t:|1653493070
|switch|p2a: Chansey|Chansey, F|88/100
|-damage|p2a: Chansey|75/100|[from] Stealth Rock
|move|p1a: Primarina|Moonblast|p2a: Chansey
|-damage|p2a: Chansey|63/100
|-unboost|p2a: Chansey|spa|1
|
|-heal|p1a: Primarina|82/100|[from] item: Leftovers
|upkeep
|turn|295
|
|t:|1653493077
|switch|p1a: Jirachi|Jirachi|75/100 brn
|-damage|p1a: Jirachi|69/100 brn|[from] Stealth Rock
|move|p2a: Chansey|Soft-Boiled|p2a: Chansey
|-heal|p2a: Chansey|100/100
|
|-heal|p1a: Jirachi|75/100 brn|[from] item: Leftovers
|-damage|p1a: Jirachi|69/100 brn|[from] brn
|upkeep
|turn|296
|
|t:|1653493082
|switch|p2a: Quagsire|Quagsire, M|88/100
|-damage|p2a: Quagsire|82/100|[from] Stealth Rock
|move|p1a: Jirachi|Thunder Wave|p2a: Quagsire
|-immune|p2a: Quagsire
|
|-heal|p1a: Jirachi|75/100 brn|[from] item: Leftovers
|-damage|p1a: Jirachi|69/100 brn|[from] brn
|upkeep
|turn|297
|
|t:|1653493087
|move|p1a: Jirachi|Protect|p1a: Jirachi
|-singleturn|p1a: Jirachi|Protect
|move|p2a: Quagsire|Scald|p1a: Jirachi
|-activate|p1a: Jirachi|move: Protect
|
|-heal|p1a: Jirachi|75/100 brn|[from] item: Leftovers
|-damage|p1a: Jirachi|69/100 brn|[from] brn
|upkeep
|turn|298
|
|t:|1653493092
|move|p1a: Jirachi|Iron Head|p2a: Quagsire
|-resisted|p2a: Quagsire
|-damage|p2a: Quagsire|76/100
|cant|p2a: Quagsire|flinch
|
|-heal|p1a: Jirachi|75/100 brn|[from] item: Leftovers
|-damage|p1a: Jirachi|69/100 brn|[from] brn
|upkeep
|turn|299
|
|t:|1653493097
|switch|p2a: Skarmory|Skarmory, F|100/100 par
|-damage|p2a: Skarmory|88/100 par|[from] Stealth Rock
|move|p1a: Jirachi|Iron Head|p2a: Skarmory
|-resisted|p2a: Skarmory
|-crit|p2a: Skarmory
|-damage|p2a: Skarmory|82/100 par
|
|-heal|p1a: Jirachi|75/100 brn|[from] item: Leftovers
|-damage|p1a: Jirachi|69/100 brn|[from] brn
|upkeep
|turn|300
|
|t:|1653493105
|switch|p1a: Nidoqueen|Nidoqueen, F|11/100
|-damage|p1a: Nidoqueen|5/100|[from] Stealth Rock
|switch|p2a: Umbreon|Umbreon, F|56/100 par
|-damage|p2a: Umbreon|44/100 par|[from] Stealth Rock
|
|-heal|p1a: Nidoqueen|11/100|[from] item: Black Sludge
|upkeep
|turn|301
|
|t:|1653493109
|move|p1a: Nidoqueen|Sludge Wave|p2a: Umbreon
|-damage|p2a: Umbreon|21/100 par
|move|p2a: Umbreon|Foul Play|p1a: Nidoqueen
|-damage|p1a: Nidoqueen|0 fnt
|faint|p1a: Nidoqueen
|
|upkeep
|
|t:|1653493113
|switch|p1a: Primarina|Primarina, F|82/100
|-damage|p1a: Primarina|70/100|[from] Stealth Rock
|turn|302
|
|t:|1653493117
|switch|p2a: Chansey|Chansey, F|100/100
|-damage|p2a: Chansey|88/100|[from] Stealth Rock
|move|p1a: Primarina|Moonblast|p2a: Chansey
|-damage|p2a: Chansey|76/100
|
|-heal|p1a: Primarina|76/100|[from] item: Leftovers
|upkeep
|turn|303
|
|t:|1653493127
|move|p1a: Primarina|Calm Mind|p1a: Primarina
|-boost|p1a: Primarina|spa|1
|-boost|p1a: Primarina|spd|1
|move|p2a: Chansey|Stealth Rock||[still]
|-fail|p2a: Chansey
|
|-heal|p1a: Primarina|82/100|[from] item: Leftovers
|upkeep
|turn|304
|
|t:|1653493131
|move|p1a: Primarina|Calm Mind|p1a: Primarina
|-boost|p1a: Primarina|spa|1
|-boost|p1a: Primarina|spd|1
|move|p2a: Chansey|Stealth Rock||[still]
|-fail|p2a: Chansey
|
|-heal|p1a: Primarina|88/100|[from] item: Leftovers
|upkeep
|turn|305
|
|t:|1653493134
|move|p1a: Primarina|Calm Mind|p1a: Primarina
|-boost|p1a: Primarina|spa|1
|-boost|p1a: Primarina|spd|1
|move|p2a: Chansey|Stealth Rock||[still]
|-fail|p2a: Chansey
|
|-heal|p1a: Primarina|94/100|[from] item: Leftovers
|upkeep
|turn|306
|
|t:|1653493136
|move|p1a: Primarina|Calm Mind|p1a: Primarina
|-boost|p1a: Primarina|spa|1
|-boost|p1a: Primarina|spd|1
|move|p2a: Chansey|Stealth Rock||[still]
|-fail|p2a: Chansey
|
|-heal|p1a: Primarina|99/100|[from] item: Leftovers
|upkeep
|turn|307
|
|t:|1653493138
|switch|p2a: Quagsire|Quagsire, M|76/100
|-damage|p2a: Quagsire|70/100|[from] Stealth Rock
|move|p1a: Primarina|Calm Mind|p1a: Primarina
|-boost|p1a: Primarina|spa|1
|-boost|p1a: Primarina|spd|1
|
|-heal|p1a: Primarina|100/100|[from] item: Leftovers
|upkeep
|turn|308
|
|t:|1653493144
|switch|p1a: Jirachi|Jirachi|69/100 brn
|-damage|p1a: Jirachi|63/100 brn|[from] Stealth Rock
|move|p2a: Quagsire|Haze|p2a: Quagsire
|-clearallboost
|
|-heal|p1a: Jirachi|69/100 brn|[from] item: Leftovers
|-damage|p1a: Jirachi|63/100 brn|[from] brn
|upkeep
|turn|309
|
|t:|1653493150
|switch|p2a: Skarmory|Skarmory, F|82/100 par
|-damage|p2a: Skarmory|69/100 par|[from] Stealth Rock
|move|p1a: Jirachi|Iron Head|p2a: Skarmory
|-resisted|p2a: Skarmory
|-damage|p2a: Skarmory|66/100 par
|
|-heal|p1a: Jirachi|69/100 brn|[from] item: Leftovers
|-damage|p1a: Jirachi|63/100 brn|[from] brn
|upkeep
|turn|310
|
|t:|1653493160
|switch|p1a: Moltres|Moltres|68/100 tox
|move|p2a: Skarmory|Defog|p1a: Moltres
|-unboost|p1a: Moltres|evasion|1
|-sideend|p1: thegreatestshowman|Stealth Rock|[from] move: Defog|[of] p2a: Skarmory
|-sideend|p2: uult94a ky|Stealth Rock|[from] move: Defog|[of] p2a: Skarmory
|
|-damage|p1a: Moltres|62/100 tox|[from] psn
|upkeep
|turn|311
|
|t:|1653493169
|switch|p2a: Chansey|Chansey, F|76/100
|move|p1a: Moltres|Mystical Fire|p2a: Chansey
|-damage|p2a: Chansey|67/100
|-unboost|p2a: Chansey|spa|1
|
|-damage|p1a: Moltres|49/100 tox|[from] psn
|upkeep
|turn|312
|
|t:|1653493186
|move|p1a: Moltres|Roost|p1a: Moltres
|-heal|p1a: Moltres|99/100 tox
|-singleturn|p1a: Moltres|move: Roost
|move|p2a: Chansey|Toxic|p1a: Moltres
|-fail|p1a: Moltres|tox
|
|-damage|p1a: Moltres|81/100 tox|[from] psn
|upkeep
|turn|313
|
|t:|1653493194
|switch|p1a: Jirachi|Jirachi|63/100 brn
|move|p2a: Chansey|Toxic||[still]
|-fail|p2a: Chansey
|
|-heal|p1a: Jirachi|69/100 brn|[from] item: Leftovers
|-damage|p1a: Jirachi|63/100 brn|[from] brn
|upkeep
|turn|314
|
|t:|1653493202
|switch|p2a: Umbreon|Umbreon, F|21/100 par
|move|p1a: Jirachi|Thunder Wave|p2a: Umbreon
|-fail|p2a: Umbreon|par
|
|-heal|p1a: Jirachi|69/100 brn|[from] item: Leftovers
|-damage|p1a: Jirachi|63/100 brn|[from] brn
|upkeep
|turn|315
|
|t:|1653493207
|move|p1a: Jirachi|Iron Head|p2a: Umbreon
|-damage|p2a: Umbreon|13/100 par
|move|p2a: Umbreon|Foul Play|p1a: Jirachi
|-supereffective|p1a: Jirachi
|-damage|p1a: Jirachi|9/100 brn
|
|-heal|p1a: Jirachi|16/100 brn|[from] item: Leftovers
|-damage|p1a: Jirachi|9/100 brn|[from] brn
|upkeep
|turn|316
|
|t:|1653493214
|move|p1a: Jirachi|Protect|p1a: Jirachi
|-singleturn|p1a: Jirachi|Protect
|move|p2a: Umbreon|Wish|p2a: Umbreon
|
|-heal|p1a: Jirachi|16/100 brn|[from] item: Leftovers
|-damage|p1a: Jirachi|9/100 brn|[from] brn
|upkeep
|turn|317
|
|t:|1653493221
|switch|p1a: Primarina|Primarina, F|100/100
|move|p2a: Umbreon|Protect||[still]
|-fail|p2a: Umbreon
|
|-heal|p2a: Umbreon|63/100 par|[from] move: Wish|[wisher] Umbreon
|upkeep
|turn|318
|
|t:|1653493234
|switch|p1a: Moltres|Moltres|81/100 tox
|switch|p2a: Chansey|Chansey, F|67/100
|
|-damage|p1a: Moltres|74/100 tox|[from] psn
|upkeep
|turn|319
|
|t:|1653493243
|move|p1a: Moltres|Toxic|p2a: Chansey
|-status|p2a: Chansey|tox
|move|p2a: Chansey|Toxic|p1a: Moltres
|-fail|p1a: Moltres|tox
|
|-damage|p1a: Moltres|62/100 tox|[from] psn
|-damage|p2a: Chansey|61/100 tox|[from] psn
|upkeep
|turn|320
|
|t:|1653493248
|-curestatus|p2a: Chansey|tox|[from] ability: Natural Cure
|switch|p2a: Umbreon|Umbreon, F|63/100 par
|move|p1a: Moltres|Roost|p1a: Moltres
|-heal|p1a: Moltres|100/100 tox
|-singleturn|p1a: Moltres|move: Roost
|
|-damage|p1a: Moltres|82/100 tox|[from] psn
|upkeep
|turn|321
|
|t:|1653493253
|switch|p1a: Primarina|Primarina, F|100/100
|move|p2a: Umbreon|Wish|p2a: Umbreon
|
|upkeep
|turn|322
|
|t:|1653493258
|switch|p1a: Jirachi|Jirachi|9/100 brn
|switch|p2a: Quagsire|Quagsire, M|70/100
|
|-heal|p2a: Quagsire|100/100|[from] move: Wish|[wisher] Umbreon
|-heal|p1a: Jirachi|16/100 brn|[from] item: Leftovers
|-damage|p1a: Jirachi|9/100 brn|[from] brn
|upkeep
|turn|323
|
|t:|1653493264
|switch|p1a: Primarina|Primarina, F|100/100
|move|p2a: Quagsire|Scald|p1a: Primarina
|-resisted|p1a: Primarina
|-damage|p1a: Primarina|92/100
|
|-heal|p1a: Primarina|98/100|[from] item: Leftovers
|upkeep
|turn|324
|
|t:|1653493283
|switch|p1a: Moltres|Moltres|82/100 tox
|move|p2a: Quagsire|Haze|p2a: Quagsire
|-clearallboost
|
|-damage|p1a: Moltres|75/100 tox|[from] psn
|upkeep
|turn|325
|
|t:|1653493290
|switch|p1a: Primarina|Primarina, F|98/100
|switch|p2a: Umbreon|Umbreon, F|63/100 par
|
|-heal|p1a: Primarina|100/100|[from] item: Leftovers
|upkeep
|turn|326
|inactive|thegreatestshowman has 120 seconds left.
|
|t:|1653493296
|switch|p1a: Moltres|Moltres|75/100 tox
|switch|p2a: Chansey|Chansey, F|61/100
|
|-damage|p1a: Moltres|69/100 tox|[from] psn
|upkeep
|turn|327
|
|t:|1653493304
|switch|p2a: Umbreon|Umbreon, F|63/100 par
|move|p1a: Moltres|Toxic|p2a: Umbreon|[miss]
|-miss|p1a: Moltres|p2a: Umbreon
|
|-damage|p1a: Moltres|57/100 tox|[from] psn
|upkeep
|turn|328
|inactive|thegreatestshowman has 120 seconds left.
|
|t:|1653493310
|move|p1a: Moltres|Roost|p1a: Moltres
|-heal|p1a: Moltres|100/100 tox
|-singleturn|p1a: Moltres|move: Roost
|cant|p2a: Umbreon|par
|
|-damage|p1a: Moltres|82/100 tox|[from] psn
|upkeep
|turn|329
|
|t:|1653493317
|switch|p1a: Primarina|Primarina, F|100/100
|move|p2a: Umbreon|Wish|p2a: Umbreon
|
|upkeep
|turn|330
|inactive|uult94a ky has 120 seconds left.
|
|t:|1653493338
|switch|p1a: Jirachi|Jirachi|9/100 brn
|switch|p2a: Chansey|Chansey, F|61/100
|
|-heal|p2a: Chansey|89/100|[from] move: Wish|[wisher] Umbreon
|-heal|p1a: Jirachi|16/100 brn|[from] item: Leftovers
|-damage|p1a: Jirachi|9/100 brn|[from] brn
|upkeep
|turn|331
|
|t:|1653493345
|move|p1a: Jirachi|Protect|p1a: Jirachi
|-singleturn|p1a: Jirachi|Protect
|move|p2a: Chansey|Seismic Toss|p1a: Jirachi
|-activate|p1a: Jirachi|move: Protect
|
|-heal|p1a: Jirachi|16/100 brn|[from] item: Leftovers
|-damage|p1a: Jirachi|9/100 brn|[from] brn
|upkeep
|turn|332
|
|t:|1653493350
|switch|p1a: Moltres|Moltres|82/100 tox
|move|p2a: Chansey|Seismic Toss|p1a: Moltres
|-damage|p1a: Moltres|56/100 tox
|
|-damage|p1a: Moltres|49/100 tox|[from] psn
|upkeep
|turn|333
|
|t:|1653493357
|move|p1a: Moltres|Roost|p1a: Moltres
|-heal|p1a: Moltres|99/100 tox
|-singleturn|p1a: Moltres|move: Roost
|move|p2a: Chansey|Seismic Toss|p1a: Moltres
|-damage|p1a: Moltres|73/100 tox
|
|-damage|p1a: Moltres|61/100 tox|[from] psn
|upkeep
|turn|334
|
|t:|1653493362
|switch|p1a: Primarina|Primarina, F|100/100
|switch|p2a: Umbreon|Umbreon, F|63/100 par
|
|upkeep
|turn|335
|
|t:|1653493368
|switch|p1a: Jirachi|Jirachi|9/100 brn
|switch|p2a: Quagsire|Quagsire, M|100/100
|
|-heal|p1a: Jirachi|16/100 brn|[from] item: Leftovers
|-damage|p1a: Jirachi|9/100 brn|[from] brn
|upkeep
|turn|336
|
|t:|1653493374
|switch|p1a: Primarina|Primarina, F|100/100
|move|p2a: Quagsire|Scald|p1a: Primarina
|-resisted|p1a: Primarina
|-damage|p1a: Primarina|93/100
|-status|p1a: Primarina|brn
|
|-heal|p1a: Primarina|99/100 brn|[from] item: Leftovers
|-damage|p1a: Primarina|93/100 brn|[from] brn
|upkeep
|turn|337
|
|t:|1653493383
|switch|p1a: Jirachi|Jirachi|9/100 brn
|switch|p2a: Chansey|Chansey, F|89/100
|
|-heal|p1a: Jirachi|16/100 brn|[from] item: Leftovers
|-damage|p1a: Jirachi|9/100 brn|[from] brn
|upkeep
|turn|338
|
|t:|1653493387
|move|p1a: Jirachi|Protect|p1a: Jirachi
|-singleturn|p1a: Jirachi|Protect
|move|p2a: Chansey|Stealth Rock|p1a: Jirachi
|-sidestart|p1: thegreatestshowman|move: Stealth Rock
|
|-heal|p1a: Jirachi|16/100 brn|[from] item: Leftovers
|-damage|p1a: Jirachi|9/100 brn|[from] brn
|upkeep
|turn|339
|
|t:|1653493399
|switch|p1a: Moltres|Moltres|61/100 tox
|move|p2a: Chansey|Seismic Toss|p1a: Moltres
|-damage|p1a: Moltres|35/100 tox
|
|-damage|p1a: Moltres|29/100 tox|[from] psn
|upkeep
|turn|340
|
|t:|1653493407
|switch|p2a: Umbreon|Umbreon, F|63/100 par
|move|p1a: Moltres|Roost|p1a: Moltres
|-heal|p1a: Moltres|79/100 tox
|-singleturn|p1a: Moltres|move: Roost
|
|-damage|p1a: Moltres|66/100 tox|[from] psn
|upkeep
|turn|341
|
|t:|1653493413
|switch|p1a: Jirachi|Jirachi|9/100 brn
|-damage|p1a: Jirachi|3/100 brn|[from] Stealth Rock
|move|p2a: Umbreon|Wish|p2a: Umbreon
|
|-heal|p1a: Jirachi|9/100 brn|[from] item: Leftovers
|-damage|p1a: Jirachi|3/100 brn|[from] brn
|upkeep
|turn|342
|
|t:|1653493425
|move|p2a: Umbreon|Protect|p2a: Umbreon
|-singleturn|p2a: Umbreon|Protect
|move|p1a: Jirachi|Wish|p1a: Jirachi
|
|-heal|p2a: Umbreon|100/100 par|[from] move: Wish|[wisher] Umbreon
|-heal|p1a: Jirachi|9/100 brn|[from] item: Leftovers
|-damage|p1a: Jirachi|3/100 brn|[from] brn
|upkeep
|turn|343
|
|t:|1653493433
|switch|p2a: Skarmory|Skarmory, F|66/100 par
|move|p1a: Jirachi|Thunder Wave|p2a: Skarmory
|-fail|p2a: Skarmory|par
|
|-heal|p1a: Jirachi|53/100 brn|[from] move: Wish|[wisher] Jirachi
|-heal|p1a: Jirachi|59/100 brn|[from] item: Leftovers
|-damage|p1a: Jirachi|53/100 brn|[from] brn
|upkeep
|turn|344
|
|t:|1653493439
|move|p1a: Jirachi|Wish|p1a: Jirachi
|move|p2a: Skarmory|Roost|p2a: Skarmory
|-heal|p2a: Skarmory|100/100 par
|-singleturn|p2a: Skarmory|move: Roost
|
|-heal|p1a: Jirachi|59/100 brn|[from] item: Leftovers
|-damage|p1a: Jirachi|53/100 brn|[from] brn
|upkeep
|turn|345
|
|t:|1653493445
|move|p1a: Jirachi|Iron Head|p2a: Skarmory
|-resisted|p2a: Skarmory
|-damage|p2a: Skarmory|97/100 par
|cant|p2a: Skarmory|flinch
|
|-heal|p1a: Jirachi|100/100 brn|[from] move: Wish|[wisher] Jirachi
|-damage|p1a: Jirachi|94/100 brn|[from] brn
|upkeep
|turn|346
|inactive|thegreatestshowman has 120 seconds left.
|
|t:|1653493451
|switch|p1a: Moltres|Moltres|66/100 tox
|move|p2a: Skarmory|Body Press|p1a: Moltres
|-resisted|p1a: Moltres
|-damage|p1a: Moltres|52/100 tox
|
|-damage|p1a: Moltres|45/100 tox|[from] psn
|upkeep
|turn|347
|
|t:|1653493462
|switch|p2a: Quagsire|Quagsire, M|100/100
|move|p1a: Moltres|Roost|p1a: Moltres
|-heal|p1a: Moltres|95/100 tox
|-singleturn|p1a: Moltres|move: Roost
|
|-damage|p1a: Moltres|83/100 tox|[from] psn
|upkeep
|turn|348
|
|t:|1653493466
|switch|p2a: Chansey|Chansey, F|89/100
|move|p1a: Moltres|Toxic|p2a: Chansey
|-status|p2a: Chansey|tox
|
|-damage|p1a: Moltres|64/100 tox|[from] psn
|-damage|p2a: Chansey|82/100 tox|[from] psn
|upkeep
|turn|349
|
|t:|1653493471
|switch|p1a: Primarina|Primarina, F|93/100 brn
|-damage|p1a: Primarina|81/100 brn|[from] Stealth Rock
|-curestatus|p2a: Chansey|tox|[from] ability: Natural Cure
|switch|p2a: Umbreon|Umbreon, F|100/100 par
|
|-heal|p1a: Primarina|87/100 brn|[from] item: Leftovers
|-damage|p1a: Primarina|81/100 brn|[from] brn
|upkeep
|turn|350
|inactive|thegreatestshowman has 120 seconds left.
|
|t:|1653493478
|switch|p1a: Moltres|Moltres|64/100 tox
|switch|p2a: Quagsire|Quagsire, M|100/100
|
|-damage|p1a: Moltres|58/100 tox|[from] psn
|upkeep
|turn|351
|
|t:|1653493484
|switch|p2a: Chansey|Chansey, F|82/100
|move|p1a: Moltres|Roost|p1a: Moltres
|-heal|p1a: Moltres|100/100 tox
|-singleturn|p1a: Moltres|move: Roost
|
|-damage|p1a: Moltres|88/100 tox|[from] psn
|upkeep
|turn|352
|
|t:|1653493488
|switch|p2a: Umbreon|Umbreon, F|100/100 par
|move|p1a: Moltres|Toxic|p2a: Umbreon|[miss]
|-miss|p1a: Moltres|p2a: Umbreon
|
|-damage|p1a: Moltres|69/100 tox|[from] psn
|upkeep
|turn|353
|
|t:|1653493492
|switch|p1a: Primarina|Primarina, F|81/100 brn
|-damage|p1a: Primarina|68/100 brn|[from] Stealth Rock
|switch|p2a: Chansey|Chansey, F|82/100
|
|-heal|p1a: Primarina|74/100 brn|[from] item: Leftovers
|-damage|p1a: Primarina|68/100 brn|[from] brn
|upkeep
|turn|354
|
|t:|1653493496
|switch|p1a: Moltres|Moltres|69/100 tox
|switch|p2a: Quagsire|Quagsire, M|100/100
|
|-damage|p1a: Moltres|63/100 tox|[from] psn
|upkeep
|turn|355
|
|t:|1653493502
|switch|p1a: Primarina|Primarina, F|68/100 brn
|-damage|p1a: Primarina|56/100 brn|[from] Stealth Rock
|switch|p2a: Chansey|Chansey, F|82/100
|
|-heal|p1a: Primarina|62/100 brn|[from] item: Leftovers
|-damage|p1a: Primarina|56/100 brn|[from] brn
|upkeep
|turn|356
|
|t:|1653493506
|switch|p2a: Quagsire|Quagsire, M|100/100
|move|p1a: Primarina|Calm Mind|p1a: Primarina
|-boost|p1a: Primarina|spa|1
|-boost|p1a: Primarina|spd|1
|
|-heal|p1a: Primarina|62/100 brn|[from] item: Leftovers
|-damage|p1a: Primarina|56/100 brn|[from] brn
|upkeep
|turn|357
|
|t:|1653493514
|move|p1a: Primarina|Rest|p1a: Primarina
|-status|p1a: Primarina|slp|[from] move: Rest
|-heal|p1a: Primarina|100/100 slp|[silent]
|move|p2a: Quagsire|Haze|p2a: Quagsire
|-clearallboost
|
|upkeep
|turn|358
|
|t:|1653493521
|cant|p1a: Primarina|slp
|move|p1a: Primarina|Snore|p2a: Quagsire
|-damage|p2a: Quagsire|83/100
|cant|p2a: Quagsire|flinch
|
|upkeep
|turn|359
|
|t:|1653493525
|switch|p2a: Chansey|Chansey, F|82/100
|cant|p1a: Primarina|slp
|move|p1a: Primarina|Snore|p2a: Chansey
|-damage|p2a: Chansey|76/100
|
|upkeep
|turn|360
|
|t:|1653493533
|-curestatus|p1a: Primarina|slp|[msg]
|move|p1a: Primarina|Calm Mind|p1a: Primarina
|-boost|p1a: Primarina|spa|1
|-boost|p1a: Primarina|spd|1
|move|p2a: Chansey|Stealth Rock||[still]
|-fail|p2a: Chansey
|
|upkeep
|turn|361
|
|t:|1653493537
|move|p1a: Primarina|Calm Mind|p1a: Primarina
|-boost|p1a: Primarina|spa|1
|-boost|p1a: Primarina|spd|1
|move|p2a: Chansey|Stealth Rock||[still]
|-fail|p2a: Chansey
|
|upkeep
|turn|362
|
|t:|1653493543
|move|p1a: Primarina|Snore||[still]
|-fail|p1a: Primarina
|move|p2a: Chansey|Stealth Rock||[still]
|-fail|p2a: Chansey
|
|upkeep
|turn|363
|
|t:|1653493547
|switch|p1a: Jirachi|Jirachi|94/100 brn
|-damage|p1a: Jirachi|88/100 brn|[from] Stealth Rock
|move|p2a: Chansey|Stealth Rock||[still]
|-fail|p2a: Chansey
|
|-heal|p1a: Jirachi|94/100 brn|[from] item: Leftovers
|-damage|p1a: Jirachi|88/100 brn|[from] brn
|upkeep
|turn|364
|
|t:|1653493554
|move|p1a: Jirachi|Iron Head|p2a: Chansey
|-damage|p2a: Chansey|67/100
|cant|p2a: Chansey|flinch
|
|-heal|p1a: Jirachi|94/100 brn|[from] item: Leftovers
|-damage|p1a: Jirachi|88/100 brn|[from] brn
|upkeep
|turn|365
|
|t:|1653493558
|switch|p2a: Skarmory|Skarmory, F|97/100 par
|move|p1a: Jirachi|Iron Head|p2a: Skarmory
|-resisted|p2a: Skarmory
|-damage|p2a: Skarmory|92/100 par
|
|-heal|p1a: Jirachi|94/100 brn|[from] item: Leftovers
|-damage|p1a: Jirachi|88/100 brn|[from] brn
|upkeep
|turn|366
|
|t:|1653493565
|switch|p1a: Primarina|Primarina, F|100/100
|-damage|p1a: Primarina|88/100|[from] Stealth Rock
|cant|p2a: Skarmory|par
|
|-heal|p1a: Primarina|94/100|[from] item: Leftovers
|upkeep
|turn|367
|
|t:|1653493571
|switch|p1a: Moltres|Moltres|63/100 tox
|move|p2a: Skarmory|Iron Defense|p2a: Skarmory
|-boost|p2a: Skarmory|def|2
|
|-damage|p1a: Moltres|57/100 tox|[from] psn
|upkeep
|turn|368
|
|t:|1653493575
|switch|p2a: Umbreon|Umbreon, F|100/100 par
|move|p1a: Moltres|Mystical Fire|p2a: Umbreon
|-damage|p2a: Umbreon|78/100 par
|-unboost|p2a: Umbreon|spa|1
|
|-damage|p1a: Moltres|44/100 tox|[from] psn
|upkeep
|turn|369
|
|t:|1653493581
|move|p1a: Moltres|Roost|p1a: Moltres
|-heal|p1a: Moltres|94/100 tox
|-singleturn|p1a: Moltres|move: Roost
|cant|p2a: Umbreon|par
|
|-damage|p1a: Moltres|75/100 tox|[from] psn
|upkeep
|turn|370
|inactive|uult94a ky has 120 seconds left.
|
|t:|1653493586
|switch|p1a: Jirachi|Jirachi|88/100 brn
|-damage|p1a: Jirachi|82/100 brn|[from] Stealth Rock
|cant|p2a: Umbreon|par
|
|-heal|p1a: Jirachi|88/100 brn|[from] item: Leftovers
|-damage|p1a: Jirachi|82/100 brn|[from] brn
|upkeep
|turn|371
|inactive|uult94a ky has 120 seconds left.
|
|t:|1653493592
|switch|p2a: Skarmory|Skarmory, F|92/100 par
|move|p1a: Jirachi|Thunder Wave|p2a: Skarmory
|-fail|p2a: Skarmory|par
|
|-heal|p1a: Jirachi|88/100 brn|[from] item: Leftovers
|-damage|p1a: Jirachi|82/100 brn|[from] brn
|upkeep
|turn|372
|
|t:|1653493596
|switch|p1a: Moltres|Moltres|75/100 tox
|move|p2a: Skarmory|Iron Defense|p2a: Skarmory
|-boost|p2a: Skarmory|def|2
|
|-damage|p1a: Moltres|69/100 tox|[from] psn
|upkeep
|turn|373
|
|t:|1653493598
|switch|p2a: Umbreon|Umbreon, F|78/100 par
|move|p1a: Moltres|Mystical Fire|p2a: Umbreon
|-damage|p2a: Umbreon|58/100 par
|-unboost|p2a: Umbreon|spa|1
|
|-damage|p1a: Moltres|57/100 tox|[from] psn
|upkeep
|turn|374
|
|t:|1653493604
|switch|p1a: Jirachi|Jirachi|82/100 brn
|-damage|p1a: Jirachi|76/100 brn|[from] Stealth Rock
|cant|p2a: Umbreon|par
|
|-heal|p1a: Jirachi|82/100 brn|[from] item: Leftovers
|-damage|p1a: Jirachi|76/100 brn|[from] brn
|upkeep
|turn|375
|
|t:|1653493611
|move|p1a: Jirachi|Thunder Wave|p2a: Umbreon
|-fail|p2a: Umbreon|par
|move|p2a: Umbreon|Wish|p2a: Umbreon
|
|-heal|p1a: Jirachi|82/100 brn|[from] item: Leftovers
|-damage|p1a: Jirachi|76/100 brn|[from] brn
|upkeep
|turn|376
|
|t:|1653493618
|switch|p1a: Primarina|Primarina, F|94/100
|-damage|p1a: Primarina|82/100|[from] Stealth Rock
|cant|p2a: Umbreon|par
|
|-heal|p2a: Umbreon|100/100 par|[from] move: Wish|[wisher] Umbreon
|-heal|p1a: Primarina|88/100|[from] item: Leftovers
|upkeep
|turn|377
|
|t:|1653493625
|switch|p1a: Jirachi|Jirachi|76/100 brn
|-damage|p1a: Jirachi|70/100 brn|[from] Stealth Rock
|switch|p2a: Chansey|Chansey, F|67/100
|
|-heal|p1a: Jirachi|76/100 brn|[from] item: Leftovers
|-damage|p1a: Jirachi|70/100 brn|[from] brn
|upkeep
|turn|378
|
|t:|1653493628
|switch|p2a: Skarmory|Skarmory, F|92/100 par
|move|p1a: Jirachi|Iron Head|p2a: Skarmory
|-resisted|p2a: Skarmory
|-damage|p2a: Skarmory|88/100 par
|
|-heal|p1a: Jirachi|76/100 brn|[from] item: Leftovers
|-damage|p1a: Jirachi|70/100 brn|[from] brn
|upkeep
|turn|379
|
|t:|1653493632
|switch|p1a: Moltres|Moltres|57/100 tox
|move|p2a: Skarmory|Iron Defense|p2a: Skarmory
|-boost|p2a: Skarmory|def|2
|
|-damage|p1a: Moltres|50/100 tox|[from] psn
|upkeep
|turn|380
|
|t:|1653493636
|switch|p2a: Umbreon|Umbreon, F|100/100 par
|move|p1a: Moltres|Roost|p1a: Moltres
|-heal|p1a: Moltres|100/100 tox
|-singleturn|p1a: Moltres|move: Roost
|
|-damage|p1a: Moltres|88/100 tox|[from] psn
|upkeep
|turn|381
|
|t:|1653493640
|move|p1a: Moltres|Mystical Fire|p2a: Umbreon
|-damage|p2a: Umbreon|78/100 par
|-unboost|p2a: Umbreon|spa|1
|cant|p2a: Umbreon|par
|
|-damage|p1a: Moltres|69/100 tox|[from] psn
|upkeep
|turn|382
|
|t:|1653493645
|switch|p1a: Primarina|Primarina, F|88/100
|-damage|p1a: Primarina|75/100|[from] Stealth Rock
|cant|p2a: Umbreon|par
|
|-heal|p1a: Primarina|82/100|[from] item: Leftovers
|upkeep
|turn|383
|
|t:|1653493652
|switch|p1a: Jirachi|Jirachi|70/100 brn
|-damage|p1a: Jirachi|63/100 brn|[from] Stealth Rock
|switch|p2a: Quagsire|Quagsire, M|83/100
|
|-heal|p1a: Jirachi|70/100 brn|[from] item: Leftovers
|-damage|p1a: Jirachi|63/100 brn|[from] brn
|upkeep
|turn|384
|
|t:|1653493655
|switch|p2a: Skarmory|Skarmory, F|88/100 par
|move|p1a: Jirachi|Iron Head|p2a: Skarmory
|-resisted|p2a: Skarmory
|-crit|p2a: Skarmory
|-damage|p2a: Skarmory|82/100 par
|
|-heal|p1a: Jirachi|70/100 brn|[from] item: Leftovers
|-damage|p1a: Jirachi|63/100 brn|[from] brn
|upkeep
|turn|385
|
|t:|1653493659
|switch|p1a: Moltres|Moltres|69/100 tox
|move|p2a: Skarmory|Iron Defense|p2a: Skarmory
|-boost|p2a: Skarmory|def|2
|
|-damage|p1a: Moltres|63/100 tox|[from] psn
|upkeep
|turn|386
|
|t:|1653493664
|switch|p2a: Umbreon|Umbreon, F|78/100 par
|move|p1a: Moltres|Mystical Fire|p2a: Umbreon
|-damage|p2a: Umbreon|58/100 par
|-unboost|p2a: Umbreon|spa|1
|
|-damage|p1a: Moltres|50/100 tox|[from] psn
|upkeep
|turn|387
|
|t:|1653493668
|move|p1a: Moltres|Roost|p1a: Moltres
|-heal|p1a: Moltres|100/100 tox
|-singleturn|p1a: Moltres|move: Roost
|move|p2a: Umbreon|Wish|p2a: Umbreon
|
|-damage|p1a: Moltres|82/100 tox|[from] psn
|upkeep
|turn|388
|
|t:|1653493673
|switch|p1a: Primarina|Primarina, F|82/100
|-damage|p1a: Primarina|69/100|[from] Stealth Rock
|cant|p2a: Umbreon|par
|
|-heal|p2a: Umbreon|100/100 par|[from] move: Wish|[wisher] Umbreon
|-heal|p1a: Primarina|75/100|[from] item: Leftovers
|upkeep
|turn|389
|
|t:|1653493678
|switch|p2a: Chansey|Chansey, F|67/100
|move|p1a: Primarina|Snore||[still]
|-fail|p1a: Primarina
|
|-heal|p1a: Primarina|81/100|[from] item: Leftovers
|upkeep
|turn|390
|
|t:|1653493686
|switch|p1a: Jirachi|Jirachi|63/100 brn
|-damage|p1a: Jirachi|57/100 brn|[from] Stealth Rock
|move|p2a: Chansey|Stealth Rock||[still]
|-fail|p2a: Chansey
|
|-heal|p1a: Jirachi|63/100 brn|[from] item: Leftovers
|-damage|p1a: Jirachi|57/100 brn|[from] brn
|upkeep
|turn|391
|
|t:|1653493691
|switch|p1a: Moltres|Moltres|82/100 tox
|switch|p2a: Skarmory|Skarmory, F|82/100 par
|
|-damage|p1a: Moltres|75/100 tox|[from] psn
|upkeep
|turn|392
|
|t:|1653493696
|switch|p2a: Umbreon|Umbreon, F|100/100 par
|move|p1a: Moltres|Mystical Fire|p2a: Umbreon
|-damage|p2a: Umbreon|78/100 par
|-unboost|p2a: Umbreon|spa|1
|
|-damage|p1a: Moltres|63/100 tox|[from] psn
|upkeep
|turn|393
|
|t:|1653493700
|move|p1a: Moltres|Mystical Fire|p2a: Umbreon
|-crit|p2a: Umbreon
|-damage|p2a: Umbreon|46/100 par
|-unboost|p2a: Umbreon|spa|1
|move|p2a: Umbreon|Wish|p2a: Umbreon
|
|-damage|p1a: Moltres|44/100 tox|[from] psn
|upkeep
|turn|394
|
|t:|1653493707
|move|p2a: Umbreon|Protect|p2a: Umbreon
|-singleturn|p2a: Umbreon|Protect
|move|p1a: Moltres|Roost|p1a: Moltres
|-heal|p1a: Moltres|94/100 tox
|-singleturn|p1a: Moltres|move: Roost
|
|-heal|p2a: Umbreon|96/100 par|[from] move: Wish|[wisher] Umbreon
|-damage|p1a: Moltres|69/100 tox|[from] psn
|upkeep
|turn|395
|
|t:|1653493712
|switch|p1a: Primarina|Primarina, F|81/100
|-damage|p1a: Primarina|69/100|[from] Stealth Rock
|move|p2a: Umbreon|Protect||[still]
|-fail|p2a: Umbreon
|
|-heal|p1a: Primarina|75/100|[from] item: Leftovers
|upkeep
|turn|396
|
|t:|1653493716
|switch|p1a: Moltres|Moltres|69/100 tox
|switch|p2a: Chansey|Chansey, F|67/100
|
|-damage|p1a: Moltres|63/100 tox|[from] psn
|upkeep
|turn|397
|
|t:|1653493721
|move|p1a: Moltres|Toxic|p2a: Chansey
|-status|p2a: Chansey|tox
|move|p2a: Chansey|Stealth Rock||[still]
|-fail|p2a: Chansey
|
|-damage|p1a: Moltres|50/100 tox|[from] psn
|-damage|p2a: Chansey|60/100 tox|[from] psn
|upkeep
|turn|398
|
|t:|1653493725
|switch|p1a: Jirachi|Jirachi|57/100 brn
|-damage|p1a: Jirachi|51/100 brn|[from] Stealth Rock
|-curestatus|p2a: Chansey|tox|[from] ability: Natural Cure
|switch|p2a: Umbreon|Umbreon, F|96/100 par
|
|-heal|p1a: Jirachi|57/100 brn|[from] item: Leftovers
|-damage|p1a: Jirachi|51/100 brn|[from] brn
|upkeep
|turn|399
|
|t:|1653493731
|switch|p1a: Primarina|Primarina, F|75/100
|-damage|p1a: Primarina|63/100|[from] Stealth Rock
|switch|p2a: Skarmory|Skarmory, F|82/100 par
|
|-heal|p1a: Primarina|69/100|[from] item: Leftovers
|upkeep
|turn|400
|
|t:|1653493737
|switch|p1a: Moltres|Moltres|50/100 tox
|switch|p2a: Chansey|Chansey, F|60/100
|
|-damage|p1a: Moltres|44/100 tox|[from] psn
|upkeep
|turn|401
|
|t:|1653493746
|switch|p2a: Umbreon|Umbreon, F|96/100 par
|move|p1a: Moltres|Mystical Fire|p2a: Umbreon
|-damage|p2a: Umbreon|73/100 par
|-unboost|p2a: Umbreon|spa|1
|
|-damage|p1a: Moltres|32/100 tox|[from] psn
|upkeep
|turn|402
|
|t:|1653493751
|move|p2a: Umbreon|Protect|p2a: Umbreon
|-singleturn|p2a: Umbreon|Protect
|move|p1a: Moltres|Defog|p2a: Umbreon
|-activate|p2a: Umbreon|move: Protect
|
|-damage|p1a: Moltres|13/100 tox|[from] psn
|upkeep
|turn|403
|
|t:|1653493756
|move|p2a: Umbreon|Protect||[still]
|-fail|p2a: Umbreon
|move|p1a: Moltres|Mystical Fire|p2a: Umbreon
|-damage|p2a: Umbreon|52/100 par
|-unboost|p2a: Umbreon|spa|1
|
|-damage|p1a: Moltres|0 fnt|[from] psn
|faint|p1a: Moltres
|upkeep
|
|t:|1653493761
|switch|p1a: Jirachi|Jirachi|51/100 brn
|-damage|p1a: Jirachi|45/100 brn|[from] Stealth Rock
|turn|404
|
|t:|1653493766
|switch|p1a: Primarina|Primarina, F|69/100
|-damage|p1a: Primarina|56/100|[from] Stealth Rock
|switch|p2a: Skarmory|Skarmory, F|82/100 par
|
|-heal|p1a: Primarina|62/100|[from] item: Leftovers
|upkeep
|turn|405
|
|t:|1653493769
|switch|p2a: Chansey|Chansey, F|60/100
|move|p1a: Primarina|Calm Mind|p1a: Primarina
|-boost|p1a: Primarina|spa|1
|-boost|p1a: Primarina|spd|1
|
|-heal|p1a: Primarina|68/100|[from] item: Leftovers
|upkeep
|turn|406
|
|t:|1653493774
|move|p1a: Primarina|Calm Mind|p1a: Primarina
|-boost|p1a: Primarina|spa|1
|-boost|p1a: Primarina|spd|1
|move|p2a: Chansey|Soft-Boiled|p2a: Chansey
|-heal|p2a: Chansey|100/100
|
|-heal|p1a: Primarina|74/100|[from] item: Leftovers
|upkeep
|turn|407
|
|t:|1653493778
|move|p1a: Primarina|Calm Mind|p1a: Primarina
|-boost|p1a: Primarina|spa|1
|-boost|p1a: Primarina|spd|1
|move|p2a: Chansey|Toxic|p1a: Primarina
|-status|p1a: Primarina|tox
|
|-heal|p1a: Primarina|80/100 tox|[from] item: Leftovers
|-damage|p1a: Primarina|74/100 tox|[from] psn
|upkeep
|turn|408
|
|t:|1653493784
|switch|p2a: Umbreon|Umbreon, F|52/100 par
|move|p1a: Primarina|Rest|p1a: Primarina
|-status|p1a: Primarina|slp|[from] move: Rest
|-heal|p1a: Primarina|100/100 slp|[silent]
|
|upkeep
|turn|409
|j| Ironx98
|
|t:|1653493790
|switch|p2a: Quagsire|Quagsire, M|83/100
|cant|p1a: Primarina|slp
|move|p1a: Primarina|Snore|p2a: Quagsire
|-damage|p2a: Quagsire|65/100
|
|upkeep
|turn|410
|
|t:|1653493796
|cant|p1a: Primarina|slp
|move|p1a: Primarina|Snore|p2a: Quagsire
|-damage|p2a: Quagsire|47/100
|move|p2a: Quagsire|Haze|p2a: Quagsire
|-clearallboost
|
|upkeep
|turn|411
|
|t:|1653493809
|-curestatus|p1a: Primarina|slp|[msg]
|move|p1a: Primarina|Calm Mind|p1a: Primarina
|-boost|p1a: Primarina|spa|1
|-boost|p1a: Primarina|spd|1
|move|p2a: Quagsire|Recover|p2a: Quagsire
|-heal|p2a: Quagsire|97/100
|
|upkeep
|turn|412
|
|t:|1653493818
|move|p1a: Primarina|Moonblast|p2a: Quagsire
|-damage|p2a: Quagsire|62/100
|move|p2a: Quagsire|Haze|p2a: Quagsire
|-clearallboost
|
|upkeep
|turn|413
|l| Ironx98
|
|t:|1653493823
|switch|p2a: Skarmory|Skarmory, F|82/100 par
|move|p1a: Primarina|Moonblast|p2a: Skarmory
|-resisted|p2a: Skarmory
|-damage|p2a: Skarmory|56/100 par
|-unboost|p2a: Skarmory|spa|1
|
|upkeep
|turn|414
|
|t:|1653493828
|move|p1a: Primarina|Calm Mind|p1a: Primarina
|-boost|p1a: Primarina|spa|1
|-boost|p1a: Primarina|spd|1
|move|p2a: Skarmory|Defog|p1a: Primarina
|-unboost|p1a: Primarina|evasion|1
|-sideend|p1: thegreatestshowman|Stealth Rock|[from] move: Defog|[of] p2a: Skarmory
|
|upkeep
|turn|415
|
|t:|1653493838
|switch|p2a: Chansey|Chansey, F|100/100
|move|p1a: Primarina|Calm Mind|p1a: Primarina
|-boost|p1a: Primarina|spa|1
|-boost|p1a: Primarina|spd|1
|
|upkeep
|turn|416
|
|t:|1653493849
|switch|p2a: Skarmory|Skarmory, F|56/100 par
|move|p1a: Primarina|Snore||[still]
|-fail|p1a: Primarina
|
|upkeep
|turn|417
|inactive|thegreatestshowman has 120 seconds left.
|
|t:|1653493868
|switch|p1a: Jirachi|Jirachi|45/100 brn
|move|p2a: Skarmory|Roost|p2a: Skarmory
|-heal|p2a: Skarmory|100/100 par
|-singleturn|p2a: Skarmory|move: Roost
|
|-heal|p1a: Jirachi|51/100 brn|[from] item: Leftovers
|-damage|p1a: Jirachi|45/100 brn|[from] brn
|upkeep
|turn|418
|
|t:|1653493872
|move|p1a: Jirachi|Iron Head|p2a: Skarmory
|-resisted|p2a: Skarmory
|-damage|p2a: Skarmory|97/100 par
|move|p2a: Skarmory|Iron Defense|p2a: Skarmory
|-boost|p2a: Skarmory|def|2
|
|-heal|p1a: Jirachi|51/100 brn|[from] item: Leftovers
|-damage|p1a: Jirachi|45/100 brn|[from] brn
|upkeep
|turn|419
|
|t:|1653493876
|move|p1a: Jirachi|Iron Head|p2a: Skarmory
|-resisted|p2a: Skarmory
|-damage|p2a: Skarmory|95/100 par
|cant|p2a: Skarmory|par
|
|-heal|p1a: Jirachi|51/100 brn|[from] item: Leftovers
|-damage|p1a: Jirachi|45/100 brn|[from] brn
|upkeep
|turn|420
|
|t:|1653493880
|move|p1a: Jirachi|Iron Head|p2a: Skarmory
|-resisted|p2a: Skarmory
|-damage|p2a: Skarmory|93/100 par
|cant|p2a: Skarmory|flinch
|
|-heal|p1a: Jirachi|51/100 brn|[from] item: Leftovers
|-damage|p1a: Jirachi|45/100 brn|[from] brn
|upkeep
|turn|421
|
|t:|1653493884
|switch|p1a: Primarina|Primarina, F|100/100
|move|p2a: Skarmory|Iron Defense|p2a: Skarmory
|-boost|p2a: Skarmory|def|2
|
|upkeep
|turn|422
|
|t:|1653493889
|move|p1a: Primarina|Snore||[still]
|-fail|p1a: Primarina
|cant|p2a: Skarmory|par
|
|upkeep
|turn|423
|
|t:|1653493892
|move|p1a: Primarina|Snore||[still]
|-fail|p1a: Primarina
|cant|p2a: Skarmory|par
|
|upkeep
|turn|424
|
|t:|1653493895
|switch|p1a: Jirachi|Jirachi|45/100 brn
|move|p2a: Skarmory|Iron Defense|p2a: Skarmory
|-boost|p2a: Skarmory|def|2
|
|-heal|p1a: Jirachi|51/100 brn|[from] item: Leftovers
|-damage|p1a: Jirachi|45/100 brn|[from] brn
|upkeep
|turn|425
|
|t:|1653493900
|switch|p1a: Primarina|Primarina, F|100/100
|move|p2a: Skarmory|Defog|p1a: Primarina
|-unboost|p1a: Primarina|evasion|1
|
|upkeep
|turn|426
|
|t:|1653493904
|switch|p1a: Jirachi|Jirachi|45/100 brn
|move|p2a: Skarmory|Defog|p1a: Jirachi
|-unboost|p1a: Jirachi|evasion|1
|
|-heal|p1a: Jirachi|51/100 brn|[from] item: Leftovers
|-damage|p1a: Jirachi|45/100 brn|[from] brn
|upkeep
|turn|427
|
|t:|1653493906
|switch|p1a: Primarina|Primarina, F|100/100
|move|p2a: Skarmory|Iron Defense|p2a: Skarmory
|-boost|p2a: Skarmory|def|0
|
|upkeep
|turn|428
|
|t:|1653493909
|switch|p1a: Jirachi|Jirachi|45/100 brn
|move|p2a: Skarmory|Iron Defense|p2a: Skarmory
|-boost|p2a: Skarmory|def|0
|
|-heal|p1a: Jirachi|51/100 brn|[from] item: Leftovers
|-damage|p1a: Jirachi|45/100 brn|[from] brn
|upkeep
|turn|429
|
|t:|1653493913
|switch|p1a: Primarina|Primarina, F|100/100
|move|p2a: Skarmory|Body Press|p1a: Primarina
|-resisted|p1a: Primarina
|-damage|p1a: Primarina|37/100
|
|-heal|p1a: Primarina|43/100|[from] item: Leftovers
|upkeep
|turn|430
|
|t:|1653493918
|move|p1a: Primarina|Rest|p1a: Primarina
|-status|p1a: Primarina|slp|[from] move: Rest
|-heal|p1a: Primarina|100/100 slp|[silent]
|move|p2a: Skarmory|Body Press|p1a: Primarina
|-resisted|p1a: Primarina
|-damage|p1a: Primarina|46/100 slp
|
|-heal|p1a: Primarina|52/100 slp|[from] item: Leftovers
|upkeep
|turn|431
|
|t:|1653493924
|cant|p1a: Primarina|slp
|move|p1a: Primarina|Snore|p2a: Skarmory
|-damage|p2a: Skarmory|64/100 par
|move|p2a: Skarmory|Body Press|p1a: Primarina
|-resisted|p1a: Primarina
|-damage|p1a: Primarina|0 fnt
|faint|p1a: Primarina
|
|upkeep
|c|☆thegreatestshowman|gg
|-message|thegreatestshowman forfeited.
|
|win|uult94a ky
|raw|thegreatestshowman's rating: 1507 &rarr; <strong>1490</strong><br />(-17 for losing)
|raw|uult94a ky's rating: 1560 &rarr; <strong>1577</strong><br />(+17 for winning)
|c|☆uult94a ky|fg
|l|☆thegreatestshowman
|c|☆uult94a ky|gg
||Ladder isn't responding, score probably updated but might not have (Request timeout).
