|j|☆ZNer872
|j|☆Lnua
|player|p1|ZNer872|1|1301
|player|p2|Lnua|misty-gen2|1345
|teamsize|p1|6
|teamsize|p2|6
|gametype|singles
|gen|8
|tier|[Gen 8] UU
|rated|
|clearpoke
|poke|p1|Torkoal, M|
|poke|p1|Darmanitan, F|
|poke|p1|Venusaur, F|
|poke|p1|Heliolisk, F|
|poke|p1|Flygon, M|
|poke|p1|Umbreon, M|
|poke|p2|Noivern, M|
|poke|p2|Rhyperior, M|
|poke|p2|Sylveon, F|
|poke|p2|Reuniclus, M|
|poke|p2|Milotic, F|
|poke|p2|Cobalion|
|rule|Sleep Clause Mod: Limit one foe put to sleep
|rule|Species Clause: Limit one of each Pokémon
|rule|OHKO Clause: OHKO moves are banned
|rule|Evasion Moves Clause: Evasion moves are banned
|rule|Endless Battle Clause: Forcing endless battles is banned
|rule|HP Percentage Mod: HP is shown in percentages
|rule|Dynamax Clause: You cannot dynamax
|teampreview
|
|start
|switch|p1a: Heliolisk|Heliolisk, F|100/100
|switch|p2a: Rhyperior|Rhyperior, M|100/100
|turn|1
|
|switch|p2a: Reuniclus|Reuniclus, M|100/100
|move|p1a: Heliolisk|Grass Knot|p2a: Reuniclus
|-damage|p2a: Reuniclus|95/100
|
|upkeep
|turn|2
|
|move|p1a: Heliolisk|Volt Switch|p2a: Reuniclus
|-damage|p2a: Reuniclus|80/100
|
|switch|p1a: Torkoal|Torkoal, M|100/100|[from]move: Volt Switch
|-weather|SunnyDay|[from] ability: Drought|[of] p1a: Torkoal
|move|p2a: Reuniclus|Future Sight|p1a: Torkoal
|-start|p2a: Reuniclus|move: Future Sight
|
|-weather|SunnyDay|[upkeep]
|upkeep
|turn|3
|
|switch|p2a: Noivern|Noivern, M|100/100
|-item|p1a: Torkoal|Heat Rock|[from] ability: Frisk|[of] p2a: Noivern|[identify]
|move|p1a: Torkoal|Yawn|p2a: Noivern
|-start|p2a: Noivern|move: Yawn|[of] p1a: Torkoal
|
|-weather|SunnyDay|[upkeep]
|upkeep
|turn|4
|
|switch|p2a: Rhyperior|Rhyperior, M|100/100
|switch|p1a: Umbreon|Umbreon, M|100/100
|
|-weather|SunnyDay|[upkeep]
|-end|p1a: Umbreon|move: Future Sight
|-immune|p1a: Umbreon
|upkeep
|turn|5
|
|switch|p1a: Venusaur|Venusaur, F|100/100
|move|p2a: Rhyperior|Stealth Rock|p1a: Venusaur
|-sidestart|p1: ZNer872|move: Stealth Rock
|
|-weather|SunnyDay|[upkeep]
|upkeep
|turn|6
|
|switch|p2a: Reuniclus|Reuniclus, M|100/100
|move|p1a: Venusaur|Weather Ball|p2a: Reuniclus
|-damage|p2a: Reuniclus|72/100
|-damage|p1a: Venusaur|91/100|[from] item: Life Orb
|
|-weather|SunnyDay|[upkeep]
|upkeep
|turn|7
|
|move|p1a: Venusaur|Sludge Bomb|p2a: Reuniclus
|-crit|p2a: Reuniclus
|-damage|p2a: Reuniclus|38/100
|-damage|p1a: Venusaur|81/100|[from] item: Life Orb
|move|p2a: Reuniclus|Psychic|p1a: Venusaur
|-supereffective|p1a: Venusaur
|-damage|p1a: Venusaur|0 fnt
|faint|p1a: Venusaur
|
|-weather|SunnyDay|[upkeep]
|upkeep
|
|switch|p1a: Flygon|Flygon, M|100/100
|-damage|p1a: Flygon|95/100|[from] Stealth Rock
|turn|8
|
|switch|p2a: Milotic|Milotic, F|100/100
|move|p1a: Flygon|U-turn|p2a: Milotic
|-damage|p2a: Milotic|83/100
|
|switch|p1a: Heliolisk|Heliolisk, F|100/100|[from]move: U-turn
|-damage|p1a: Heliolisk|88/100|[from] Stealth Rock
|
|-weather|SunnyDay|[upkeep]
|-heal|p2a: Milotic|89/100|[from] item: Leftovers
|upkeep
|turn|9
|
|switch|p2a: Rhyperior|Rhyperior, M|100/100
|move|p1a: Heliolisk|Grass Knot|p2a: Rhyperior
|-supereffective|p2a: Rhyperior
|-damage|p2a: Rhyperior|0 fnt
|faint|p2a: Rhyperior
|
|-weather|none
|upkeep
|c|☆Lnua|lmao
|c|☆Lnua|ok
|
|switch|p2a: Reuniclus|Reuniclus, M|71/100
|turn|10
|
|move|p1a: Heliolisk|Volt Switch|p2a: Reuniclus
|-damage|p2a: Reuniclus|56/100
|
|switch|p1a: Flygon|Flygon, M|95/100|[from]move: Volt Switch
|-damage|p1a: Flygon|89/100|[from] Stealth Rock
|move|p2a: Reuniclus|Knock Off|p1a: Flygon
|-damage|p1a: Flygon|68/100
|-enditem|p1a: Flygon|Choice Scarf|[from] move: Knock Off|[of] p2a: Reuniclus
|
|upkeep
|turn|11
|
|switch|p2a: yawn|Sylveon, F|100/100
|move|p1a: Flygon|Earthquake|p2a: yawn
|-damage|p2a: yawn|64/100
|
|-heal|p2a: yawn|70/100|[from] item: Leftovers
|upkeep
|turn|12
|
|move|p1a: Flygon|U-turn|p2a: yawn
|-resisted|p2a: yawn
|-damage|p2a: yawn|61/100
|
|switch|p1a: Torkoal|Torkoal, M|100/100|[from]move: U-turn
|-damage|p1a: Torkoal|75/100|[from] Stealth Rock
|-weather|SunnyDay|[from] ability: Drought|[of] p1a: Torkoal
|move|p2a: yawn|Calm Mind|p2a: yawn
|-boost|p2a: yawn|spa|1
|-boost|p2a: yawn|spd|1
|
|-weather|SunnyDay|[upkeep]
|-heal|p2a: yawn|67/100|[from] item: Leftovers
|upkeep
|turn|13
|
|move|p2a: yawn|Calm Mind|p2a: yawn
|-boost|p2a: yawn|spa|1
|-boost|p2a: yawn|spd|1
|move|p1a: Torkoal|Rapid Spin|p2a: yawn
|-damage|p2a: yawn|61/100
|-boost|p1a: Torkoal|spe|1
|-sideend|p1: ZNer872|Stealth Rock|[from] move: Rapid Spin|[of] p1a: Torkoal
|
|-weather|SunnyDay|[upkeep]
|-heal|p2a: yawn|67/100|[from] item: Leftovers
|upkeep
|turn|14
|
|move|p2a: yawn|Hyper Voice|p1a: Torkoal
|-resisted|p1a: Torkoal
|-damage|p1a: Torkoal|23/100
|move|p1a: Torkoal|Yawn|p2a: yawn
|-start|p2a: yawn|move: Yawn|[of] p1a: Torkoal
|
|-weather|SunnyDay|[upkeep]
|-heal|p2a: yawn|73/100|[from] item: Leftovers
|upkeep
|turn|15
|
|move|p2a: yawn|Hyper Voice|p1a: Torkoal
|-resisted|p1a: Torkoal
|-damage|p1a: Torkoal|0 fnt
|faint|p1a: Torkoal
|
|-weather|SunnyDay|[upkeep]
|-heal|p2a: yawn|79/100|[from] item: Leftovers
|-end|p2a: yawn|move: Yawn|[silent]
|-status|p2a: yawn|slp
|upkeep
|
|switch|p1a: Darmanitan|Darmanitan, F|100/100
|turn|16
|
|switch|p2a: Noivern|Noivern, M|100/100
|-item|p1a: Darmanitan|Choice Scarf|[from] ability: Frisk|[of] p2a: Noivern|[identify]
|move|p1a: Darmanitan|Flare Blitz|p2a: Noivern
|-resisted|p2a: Noivern
|-damage|p2a: Noivern|13/100
|-damage|p1a: Darmanitan|75/100|[from] Recoil
|
|-weather|SunnyDay|[upkeep]
|upkeep
|turn|17
|
|move|p1a: Darmanitan|Flare Blitz|p2a: Noivern
|-resisted|p2a: Noivern
|-damage|p2a: Noivern|0 fnt
|-damage|p1a: Darmanitan|71/100|[from] Recoil
|faint|p2a: Noivern
|
|-weather|SunnyDay|[upkeep]
|upkeep
|
|switch|p2a: Milotic|Milotic, F|89/100
|turn|18
|
|switch|p1a: Umbreon|Umbreon, M|100/100
|move|p2a: Milotic|Scald|p1a: Umbreon
|-damage|p1a: Umbreon|94/100
|-status|p1a: Umbreon|brn
|-activate|p1a: Umbreon|ability: Synchronize
|-status|p2a: Milotic|brn
|
|-weather|SunnyDay|[upkeep]
|-heal|p2a: Milotic|95/100 brn|[from] item: Leftovers
|-heal|p1a: Umbreon|99/100 brn|[from] item: Leftovers
|-damage|p2a: Milotic|89/100 brn|[from] brn
|-damage|p1a: Umbreon|94/100 brn|[from] brn
|upkeep
|turn|19
|
|switch|p2a: Cobalion|Cobalion|100/100
|move|p1a: Umbreon|Wish|p1a: Umbreon
|
|-weather|none
|-heal|p1a: Umbreon|99/100 brn|[from] item: Leftovers
|-damage|p1a: Umbreon|94/100 brn|[from] brn
|upkeep
|turn|20
|
|switch|p1a: Flygon|Flygon, M|68/100
|move|p2a: Cobalion|Swords Dance|p2a: Cobalion
|-boost|p2a: Cobalion|atk|2
|
|-heal|p1a: Flygon|100/100|[from] move: Wish|[wisher] Umbreon
|upkeep
|turn|21
|
|move|p2a: Cobalion|Magnet Rise|p2a: Cobalion
|-start|p2a: Cobalion|Magnet Rise
|move|p1a: Flygon|Earthquake|p2a: Cobalion
|-immune|p2a: Cobalion
|
|upkeep
|turn|22
|
|move|p2a: Cobalion|Close Combat|p1a: Flygon
|-damage|p1a: Flygon|0 fnt
|-unboost|p2a: Cobalion|def|1
|-unboost|p2a: Cobalion|spd|1
|faint|p1a: Flygon
|
|upkeep
|
|switch|p1a: Darmanitan|Darmanitan, F|71/100
|turn|23
|
|switch|p2a: Milotic|Milotic, F|89/100 brn
|move|p1a: Darmanitan|Flare Blitz|p2a: Milotic
|-resisted|p2a: Milotic
|-damage|p2a: Milotic|65/100 brn
|-damage|p1a: Darmanitan|63/100|[from] Recoil
|
|-heal|p2a: Milotic|71/100 brn|[from] item: Leftovers
|-damage|p2a: Milotic|65/100 brn|[from] brn
|upkeep
|turn|24
|
|switch|p1a: Umbreon|Umbreon, M|94/100 brn
|move|p2a: Milotic|Recover|p2a: Milotic
|-heal|p2a: Milotic|100/100 brn
|
|-heal|p1a: Umbreon|99/100 brn|[from] item: Leftovers
|-damage|p2a: Milotic|94/100 brn|[from] brn
|-damage|p1a: Umbreon|94/100 brn|[from] brn
|upkeep
|turn|25
|
|switch|p2a: Cobalion|Cobalion|100/100
|move|p1a: Umbreon|Wish|p1a: Umbreon
|
|-heal|p1a: Umbreon|99/100 brn|[from] item: Leftovers
|-damage|p1a: Umbreon|94/100 brn|[from] brn
|upkeep
|turn|26
|
|switch|p1a: Darmanitan|Darmanitan, F|63/100
|move|p2a: Cobalion|Close Combat|p1a: Darmanitan
|-damage|p1a: Darmanitan|0 fnt
|-unboost|p2a: Cobalion|def|1
|-unboost|p2a: Cobalion|spd|1
|faint|p1a: Darmanitan
|
|upkeep
|
|switch|p1a: Heliolisk|Heliolisk, F|88/100
|turn|27
|
|move|p1a: Heliolisk|Thunderbolt|p2a: Cobalion
|-damage|p2a: Cobalion|22/100
|move|p2a: Cobalion|Close Combat|p1a: Heliolisk
|-supereffective|p1a: Heliolisk
|-damage|p1a: Heliolisk|0 fnt
|-unboost|p2a: Cobalion|def|1
|-unboost|p2a: Cobalion|spd|1
|faint|p1a: Heliolisk
|
|-heal|p2a: Cobalion|28/100|[from] item: Leftovers
|upkeep
|
|switch|p1a: Umbreon|Umbreon, M|94/100 brn
|turn|28
|
|switch|p2a: yawn|Sylveon, F|79/100 slp
|move|p1a: Umbreon|Foul Play|p2a: yawn
|-resisted|p2a: yawn
|-damage|p2a: yawn|76/100 slp
|
|-heal|p1a: Umbreon|99/100 brn|[from] item: Leftovers
|-heal|p2a: yawn|82/100 slp|[from] item: Leftovers
|-damage|p1a: Umbreon|94/100 brn|[from] brn
|upkeep
|turn|29
|-message|ZNer872 forfeited.
|
|win|Lnua
|l|☆ZNer872
|raw|ZNer872's rating: 1301 &rarr; <strong>1284</strong><br />(-17 for losing)
|raw|Lnua's rating: 1346 &rarr; <strong>1363</strong><br />(+17 for winning)
|l|☆Lnua
|j|☆Lnua
|player|p2|Lnua|misty-gen2
