|j|☆Celebiii32
|j|☆Wahoo Taco
|t:|1644283128
|gametype|singles
|player|p1|Celebiii32|erika-gen2|
|player|p2|Wahoo Taco|firebreather|
|teamsize|p1|6
|teamsize|p2|6
|gen|8
|tier|[Gen 8] UU
|rated|Tournament battle
|rule|Sleep Clause Mod: Limit one foe put to sleep
|rule|Species Clause: Limit one of each Pokémon
|rule|OHKO Clause: OHKO moves are banned
|rule|Evasion Moves Clause: Evasion moves are banned
|rule|Endless Battle Clause: Forcing endless battles is banned
|rule|HP Percentage Mod: HP is shown in percentages
|rule|Dynamax Clause: You cannot dynamax
|clearpoke
|poke|p1|Excadrill, F|
|poke|p1|Durant, F|
|poke|p1|Thundurus-Therian, M|
|poke|p1|Zarude|
|poke|p1|Necrozma|
|poke|p1|Gyarados, F|
|poke|p2|Slowking, F|
|poke|p2|Nihilego|
|poke|p2|Celesteela|
|poke|p2|Zarude|
|poke|p2|Mamoswine, F|
|poke|p2|Azelf|
|teampreview
|c|☆Wahoo Taco|hf
|inactive|Battle timer is ON: inactive players will automatically lose when time's up. (requested by Wahoo Taco)
|c|☆Celebiii32|hf
|c|☆Celebiii32|ant time
|
|t:|1644283148
|start
|switch|p1a: Excadrill|Excadrill, F|100/100
|switch|p2a: Celesteela|Celesteela|100/100
|-ability|p1a: Excadrill|Mold Breaker
|turn|1
|
|t:|1644283152
|move|p1a: Excadrill|Stealth Rock|p2a: Celesteela
|-sidestart|p2: Wahoo Taco|move: Stealth Rock
|move|p2a: Celesteela|Flamethrower|p1a: Excadrill
|-supereffective|p1a: Excadrill
|-damage|p1a: Excadrill|42/100
|
|upkeep
|turn|2
|j| hariyana grande
|
|t:|1644283170
|switch|p1a: Necrozma|Necrozma|100/100
|move|p2a: Celesteela|Flamethrower|p1a: Necrozma
|-damage|p1a: Necrozma|75/100
|
|upkeep
|turn|3
|
|t:|1644283179
|switch|p1a: Gyarados|Gyarados, F|100/100
|move|p2a: Celesteela|Leech Seed|p1a: Gyarados
|-start|p1a: Gyarados|move: Leech Seed
|
|-damage|p1a: Gyarados|88/100|[from] Leech Seed|[of] p2a: Celesteela
|upkeep
|turn|4
|
|t:|1644283186
|switch|p1a: Thundurus|Thundurus-Therian, M|100/100
|move|p2a: Celesteela|Heavy Slam|p1a: Thundurus
|-resisted|p1a: Thundurus
|-damage|p1a: Thundurus|68/100
|
|upkeep
|turn|5
|
|t:|1644283195
|switch|p2a: Zarude|Zarude|100/100
|move|p1a: Thundurus|Thunderbolt|p2a: Zarude
|-resisted|p2a: Zarude
|-damage|p2a: Zarude|75/100
|
|upkeep
|turn|6
|
|t:|1644283203
|switch|p1a: Durant|Durant, F|100/100
|move|p2a: Zarude|Darkest Lariat|p1a: Durant
|-damage|p1a: Durant|50/100
|
|upkeep
|turn|7
|
|t:|1644283221
|switch|p2a: Celesteela|Celesteela|100/100
|-damage|p2a: Celesteela|88/100|[from] Stealth Rock
|move|p1a: Durant|Rock Slide|p2a: Celesteela
|-damage|p2a: Celesteela|52/100
|-damage|p1a: Durant|40/100|[from] item: Life Orb
|
|-heal|p2a: Celesteela|58/100|[from] item: Leftovers
|upkeep
|turn|8
|
|t:|1644283229
|switch|p1a: Gyarados|Gyarados, F|88/100
|move|p2a: Celesteela|Flamethrower|p1a: Gyarados
|-resisted|p1a: Gyarados
|-damage|p1a: Gyarados|77/100
|-status|p1a: Gyarados|brn
|
|-heal|p2a: Celesteela|64/100|[from] item: Leftovers
|-damage|p1a: Gyarados|71/100 brn|[from] brn
|upkeep
|turn|9
|c|☆Celebiii32|that's unfortunate
|
|t:|1644283243
|move|p1a: Gyarados|Dragon Dance|p1a: Gyarados
|-boost|p1a: Gyarados|atk|1
|-boost|p1a: Gyarados|spe|1
|move|p2a: Celesteela|Leech Seed|p1a: Gyarados
|-start|p1a: Gyarados|move: Leech Seed
|
|-heal|p2a: Celesteela|70/100|[from] item: Leftovers
|-damage|p1a: Gyarados|58/100 brn|[from] Leech Seed|[of] p2a: Celesteela
|-heal|p2a: Celesteela|80/100|[silent]
|-damage|p1a: Gyarados|52/100 brn|[from] brn
|upkeep
|turn|10
|
|t:|1644283247
|switch|p1a: Thundurus|Thundurus-Therian, M|68/100
|move|p2a: Celesteela|Heavy Slam|p1a: Thundurus
|-resisted|p1a: Thundurus
|-crit|p1a: Thundurus
|-damage|p1a: Thundurus|22/100
|
|-heal|p2a: Celesteela|86/100|[from] item: Leftovers
|upkeep
|turn|11
|c|☆Wahoo Taco|mb
|
|t:|1644283255
|switch|p2a: Nihilego|Nihilego|100/100
|-damage|p2a: Nihilego|88/100|[from] Stealth Rock
|move|p1a: Thundurus|Focus Blast|p2a: Nihilego|[miss]
|-miss|p1a: Thundurus|p2a: Nihilego
|
|-heal|p2a: Nihilego|94/100|[from] item: Black Sludge
|upkeep
|turn|12
|
|t:|1644283262
|switch|p1a: Excadrill|Excadrill, F|42/100
|-ability|p1a: Excadrill|Mold Breaker
|move|p2a: Nihilego|Knock Off|p1a: Excadrill
|-damage|p1a: Excadrill|26/100
|-enditem|p1a: Excadrill|Focus Sash|[from] move: Knock Off|[of] p2a: Nihilego
|
|-heal|p2a: Nihilego|99/100|[from] item: Black Sludge
|upkeep
|turn|13
|
|t:|1644283266
|switch|p2a: Celesteela|Celesteela|86/100
|-damage|p2a: Celesteela|74/100|[from] Stealth Rock
|move|p1a: Excadrill|Rapid Spin|p2a: Celesteela
|-resisted|p2a: Celesteela
|-damage|p2a: Celesteela|67/100
|-boost|p1a: Excadrill|spe|1
|
|-heal|p2a: Celesteela|73/100|[from] item: Leftovers
|upkeep
|turn|14
|
|t:|1644283270
|move|p1a: Excadrill|Rock Tomb|p2a: Celesteela|[miss]
|-miss|p1a: Excadrill|p2a: Celesteela
|move|p2a: Celesteela|Flamethrower|p1a: Excadrill
|-supereffective|p1a: Excadrill
|-damage|p1a: Excadrill|0 fnt
|faint|p1a: Excadrill
|-ability|p2a: Celesteela|Beast Boost|boost
|-boost|p2a: Celesteela|spd|1
|
|-heal|p2a: Celesteela|79/100|[from] item: Leftovers
|upkeep
|j|+Aqua8Jet
|c|☆Wahoo Taco|mb again
|j| Corperate N
|c|☆Celebiii32|my pokemon made the interesting choice to wear blindfolds to this game
|
|t:|1644283290
|switch|p1a: Thundurus|Thundurus-Therian, M|22/100
|turn|15
|
|t:|1644283294
|move|p1a: Thundurus|Thunderbolt|p2a: Celesteela
|-supereffective|p2a: Celesteela
|-crit|p2a: Celesteela
|-damage|p2a: Celesteela|0 fnt
|faint|p2a: Celesteela
|
|upkeep
|c|☆Wahoo Taco|yep
|c|☆Wahoo Taco|kinda deserved it lol
|
|t:|1644283312
|switch|p2a: Azelf|Azelf|100/100
|-damage|p2a: Azelf|88/100|[from] Stealth Rock
|turn|16
|
|t:|1644283318
|switch|p1a: Gyarados|Gyarados, F|52/100 brn
|move|p2a: Azelf|Flamethrower|p1a: Gyarados
|-resisted|p1a: Gyarados
|-damage|p1a: Gyarados|36/100 brn
|
|-damage|p1a: Gyarados|30/100 brn|[from] brn
|upkeep
|turn|17
|
|t:|1644283321
|move|p2a: Azelf|Psychic|p1a: Gyarados
|-crit|p1a: Gyarados
|-damage|p1a: Gyarados|0 fnt
|faint|p1a: Gyarados
|
|upkeep
|
|t:|1644283325
|switch|p1a: Necrozma|Necrozma|75/100
|turn|18
|
|t:|1644283328
|move|p2a: Azelf|U-turn|p1a: Necrozma
|-supereffective|p1a: Necrozma
|-damage|p1a: Necrozma|42/100
|-enditem|p1a: Necrozma|Weakness Policy
|-boost|p1a: Necrozma|atk|2|[from] item: Weakness Policy
|-boost|p1a: Necrozma|spa|2|[from] item: Weakness Policy
|
|t:|1644283331
|switch|p2a: Slowking|Slowking, F|100/100|[from]move: U-turn
|-damage|p2a: Slowking|88/100|[from] Stealth Rock
|move|p1a: Necrozma|Dragon Dance|p1a: Necrozma
|-boost|p1a: Necrozma|atk|1
|-boost|p1a: Necrozma|spe|1
|
|upkeep
|turn|19
|
|t:|1644283335
|move|p1a: Necrozma|X-Scissor|p2a: Slowking
|-supereffective|p2a: Slowking
|-damage|p2a: Slowking|0 fnt
|faint|p2a: Slowking
|
|upkeep
|
|t:|1644283343
|switch|p2a: Mamoswine|Mamoswine, F|100/100
|-damage|p2a: Mamoswine|88/100|[from] Stealth Rock
|turn|20
|
|t:|1644283346
|move|p2a: Mamoswine|Ice Shard|p1a: Necrozma
|-damage|p1a: Necrozma|11/100
|-damage|p2a: Mamoswine|78/100|[from] item: Life Orb
|move|p1a: Necrozma|Photon Geyser|p2a: Mamoswine
|-damage|p2a: Mamoswine|0 fnt
|faint|p2a: Mamoswine
|
|upkeep
|
|t:|1644283350
|switch|p2a: Azelf|Azelf|88/100
|-damage|p2a: Azelf|76/100|[from] Stealth Rock
|turn|21
|
|t:|1644283353
|move|p1a: Necrozma|X-Scissor|p2a: Azelf
|-supereffective|p2a: Azelf
|-damage|p2a: Azelf|0 fnt
|faint|p2a: Azelf
|
|upkeep
|c|☆Wahoo Taco|gg
|c|☆Celebiii32|gg
|
|t:|1644283358
|switch|p2a: Zarude|Zarude|75/100
|turn|22
|
|t:|1644283360
|move|p1a: Necrozma|X-Scissor|p2a: Zarude
|-supereffective|p2a: Zarude
|-crit|p2a: Zarude
|-damage|p2a: Zarude|0 fnt
|faint|p2a: Zarude
|
|upkeep
|
|t:|1644283362
|switch|p2a: Nihilego|Nihilego|99/100
|-damage|p2a: Nihilego|88/100|[from] Stealth Rock
|turn|23
|
|t:|1644283364
|move|p1a: Necrozma|Photon Geyser|p2a: Nihilego
|-supereffective|p2a: Nihilego
|-damage|p2a: Nihilego|0 fnt
|faint|p2a: Nihilego
|
|win|Celebiii32
|n|☆Celebiii32|celebiii32
|n|☆Wahoo Taco|wahootaco
|n| hariyana grande|hariyanagrande
|n| Aqua8Jet|aqua8jet
|n| Corperate N|corperaten
|c|☆Celebiii32|let's go ant
|l|☆Wahoo Taco
|l|☆Celebiii32
|l| Aqua8Jet
|j| Aqua8Jet
