|j|☆aiyaru the manager
|j|☆pif
|t:|1662519066
|gametype|singles
|player|p1|aiyaru the manager|teacher-gen2|
|player|p2|pif|2|
|teamsize|p1|6
|teamsize|p2|6
|gen|8
|tier|[Gen 8] UU
|rule|Sleep Clause Mod: Limit one foe put to sleep
|rule|Species Clause: Limit one of each Pokémon
|rule|OHKO Clause: OHKO moves are banned
|rule|Evasion Items Clause: Evasion items are banned
|rule|Evasion Moves Clause: Evasion moves are banned
|rule|Endless Battle Clause: Forcing endless battles is banned
|rule|HP Percentage Mod: HP is shown in percentages
|rule|Dynamax Clause: You cannot dynamax
|clearpoke
|poke|p1|Scizor, M|
|poke|p1|Nihilego|
|poke|p1|Tangrowth, M|
|poke|p1|Mamoswine, M|
|poke|p1|Moltres|
|poke|p1|Azumarill, F|
|poke|p2|Hydreigon, M|
|poke|p2|Jirachi|
|poke|p2|Tapu Bulu|
|poke|p2|Nihilego|
|poke|p2|Nidoking, M|
|poke|p2|Salamence, M|
|teampreview
|
|t:|1662519105
|start
|switch|p1a: Moltres|Moltres|100/100
|switch|p2a: Nihilego|Nihilego|100/100
|turn|1
|
|t:|1662519117
|switch|p1a: Nihilego|Nihilego|100/100
|move|p2a: Nihilego|Stealth Rock|p1a: Nihilego
|-sidestart|p1: aiyaru the manager|move: Stealth Rock
|
|upkeep
|turn|2
|
|t:|1662519131
|move|p2a: Nihilego|Knock Off|p1a: Nihilego
|-damage|p1a: Nihilego|80/100
|-enditem|p1a: Nihilego|Black Sludge|[from] move: Knock Off|[of] p2a: Nihilego
|move|p1a: Nihilego|Stealth Rock|p2a: Nihilego
|-sidestart|p2: pif|move: Stealth Rock
|
|upkeep
|turn|3
|
|t:|1662519147
|switch|p1a: Tangrowth|Tangrowth, M|100/100
|-damage|p1a: Tangrowth|88/100|[from] Stealth Rock
|move|p2a: Nihilego|Power Gem|p1a: Tangrowth
|-damage|p1a: Tangrowth|60/100
|
|upkeep
|turn|4
|
|t:|1662519161
|switch|p2a: Jirachi|Jirachi|100/100
|-damage|p2a: Jirachi|94/100|[from] Stealth Rock
|move|p1a: Tangrowth|Earthquake|p2a: Jirachi
|-supereffective|p2a: Jirachi
|-damage|p2a: Jirachi|54/100
|
|-heal|p2a: Jirachi|60/100|[from] item: Leftovers
|upkeep
|turn|5
|
|t:|1662519171
|move|p2a: Jirachi|Wish|p2a: Jirachi
|move|p1a: Tangrowth|Knock Off|p2a: Jirachi
|-supereffective|p2a: Jirachi
|-damage|p2a: Jirachi|24/100
|-enditem|p2a: Jirachi|Leftovers|[from] move: Knock Off|[of] p1a: Tangrowth
|
|upkeep
|turn|6
|
|t:|1662519182
|switch|p1a: Moltres|Moltres|100/100
|move|p2a: Jirachi|Protect||[still]
|-fail|p2a: Jirachi
|
|-heal|p2a: Jirachi|74/100|[from] move: Wish|[wisher] Jirachi
|upkeep
|turn|7
|
|t:|1662519193
|switch|p2a: Nihilego|Nihilego|100/100
|-damage|p2a: Nihilego|88/100|[from] Stealth Rock
|move|p1a: Moltres|U-turn|p2a: Nihilego
|-resisted|p2a: Nihilego
|-damage|p2a: Nihilego|75/100
|
|t:|1662519202
|switch|p1a: Tangrowth|Tangrowth, M|93/100|[from]move: U-turn
|-damage|p1a: Tangrowth|80/100|[from] Stealth Rock
|
|-heal|p2a: Nihilego|82/100|[from] item: Black Sludge
|upkeep
|turn|8
|
|t:|1662519216
|switch|p2a: Salamence|Salamence, M|100/100
|-ability|p2a: Salamence|Intimidate|boost
|-unboost|p1a: Tangrowth|atk|1
|move|p1a: Tangrowth|Earthquake|p2a: Salamence
|-immune|p2a: Salamence
|
|upkeep
|turn|9
|
|t:|1662519229
|switch|p1a: Nihilego|Nihilego|80/100
|-damage|p1a: Nihilego|68/100|[from] Stealth Rock
|move|p2a: Salamence|Toxic|p1a: Nihilego
|-immune|p1a: Nihilego
|
|upkeep
|turn|10
|
|t:|1662519244
|switch|p1a: Tangrowth|Tangrowth, M|100/100
|-damage|p1a: Tangrowth|88/100|[from] Stealth Rock
|switch|p2a: Jirachi|Jirachi|74/100
|-damage|p2a: Jirachi|68/100|[from] Stealth Rock
|
|upkeep
|turn|11
|
|t:|1662519259
|move|p2a: Jirachi|Wish|p2a: Jirachi
|move|p1a: Tangrowth|Earthquake|p2a: Jirachi
|-supereffective|p2a: Jirachi
|-damage|p2a: Jirachi|27/100
|
|upkeep
|turn|12
|
|t:|1662519266
|switch|p1a: Moltres|Moltres|100/100
|move|p2a: Jirachi|Protect||[still]
|-fail|p2a: Jirachi
|
|-heal|p2a: Jirachi|77/100|[from] move: Wish|[wisher] Jirachi
|upkeep
|turn|13
|
|t:|1662519274
|switch|p2a: Nihilego|Nihilego|82/100
|-damage|p2a: Nihilego|69/100|[from] Stealth Rock
|move|p1a: Moltres|U-turn|p2a: Nihilego
|-resisted|p2a: Nihilego
|-damage|p2a: Nihilego|56/100
|
|t:|1662519295
|switch|p1a: Tangrowth|Tangrowth, M|100/100|[from]move: U-turn
|-damage|p1a: Tangrowth|88/100|[from] Stealth Rock
|
|-heal|p2a: Nihilego|62/100|[from] item: Black Sludge
|upkeep
|turn|14
|
|t:|1662519308
|switch|p2a: Jirachi|Jirachi|77/100
|-damage|p2a: Jirachi|71/100|[from] Stealth Rock
|move|p1a: Tangrowth|Knock Off|p2a: Jirachi
|-supereffective|p2a: Jirachi
|-damage|p2a: Jirachi|44/100
|
|upkeep
|turn|15
|
|t:|1662519316
|move|p2a: Jirachi|Wish|p2a: Jirachi
|move|p1a: Tangrowth|Earthquake|p2a: Jirachi
|-supereffective|p2a: Jirachi
|-damage|p2a: Jirachi|8/100
|
|upkeep
|turn|16
|
|t:|1662519325
|switch|p1a: Moltres|Moltres|100/100
|move|p2a: Jirachi|Protect||[still]
|-fail|p2a: Jirachi
|
|-heal|p2a: Jirachi|58/100|[from] move: Wish|[wisher] Jirachi
|upkeep
|turn|17
|
|t:|1662519336
|switch|p2a: Salamence|Salamence, M|100/100
|-ability|p2a: Salamence|Intimidate|boost
|-unboost|p1a: Moltres|atk|1
|move|p1a: Moltres|U-turn|p2a: Salamence
|-resisted|p2a: Salamence
|-damage|p2a: Salamence|96/100
|
|t:|1662519342
|switch|p1a: Azumarill|Azumarill, F|100/100|[from]move: U-turn
|-damage|p1a: Azumarill|88/100|[from] Stealth Rock
|
|upkeep
|turn|18
|
|t:|1662519355
|switch|p2a: Jirachi|Jirachi|58/100
|-damage|p2a: Jirachi|52/100|[from] Stealth Rock
|move|p1a: Azumarill|Play Rough|p2a: Jirachi
|-resisted|p2a: Jirachi
|-damage|p2a: Jirachi|14/100
|
|upkeep
|turn|19
|
|t:|1662519368
|switch|p1a: Moltres|Moltres|100/100
|move|p2a: Jirachi|Iron Head|p1a: Moltres
|-resisted|p1a: Moltres
|-damage|p1a: Moltres|87/100
|-status|p2a: Jirachi|brn|[from] ability: Flame Body|[of] p1a: Moltres
|
|-damage|p2a: Jirachi|8/100 brn|[from] brn
|upkeep
|turn|20
|
|t:|1662519377
|move|p2a: Jirachi|Wish|p2a: Jirachi
|move|p1a: Moltres|Flamethrower|p2a: Jirachi
|-supereffective|p2a: Jirachi
|-damage|p2a: Jirachi|0 fnt
|faint|p2a: Jirachi
|
|upkeep
|
|t:|1662519394
|switch|p2a: Nihilego|Nihilego|62/100
|-damage|p2a: Nihilego|50/100|[from] Stealth Rock
|turn|21
|
|t:|1662519404
|switch|p1a: Scizor|Scizor, M|100/100
|-damage|p1a: Scizor|88/100|[from] Stealth Rock
|move|p2a: Nihilego|Power Gem|p1a: Scizor
|-damage|p1a: Scizor|45/100
|
|-heal|p2a: Nihilego|100/100|[from] move: Wish|[wisher] Jirachi
|upkeep
|turn|22
|
|t:|1662519416
|switch|p2a: Salamence|Salamence, M|96/100
|-ability|p2a: Salamence|Intimidate|boost
|-unboost|p1a: Scizor|atk|1
|move|p1a: Scizor|Roost|p1a: Scizor
|-heal|p1a: Scizor|95/100
|-singleturn|p1a: Scizor|move: Roost
|
|upkeep
|turn|23
|
|t:|1662519434
|switch|p2a: Nihilego|Nihilego|100/100
|-damage|p2a: Nihilego|88/100|[from] Stealth Rock
|switch|p1a: Nihilego|Nihilego|68/100
|-damage|p1a: Nihilego|55/100|[from] Stealth Rock
|
|-heal|p2a: Nihilego|94/100|[from] item: Black Sludge
|upkeep
|turn|24
|
|t:|1662519444
|switch|p1a: Tangrowth|Tangrowth, M|100/100
|-damage|p1a: Tangrowth|88/100|[from] Stealth Rock
|move|p2a: Nihilego|Power Gem|p1a: Tangrowth
|-damage|p1a: Tangrowth|61/100
|
|-heal|p2a: Nihilego|100/100|[from] item: Black Sludge
|upkeep
|turn|25
|
|t:|1662519454
|move|p2a: Nihilego|Sludge Bomb|p1a: Tangrowth
|-supereffective|p1a: Tangrowth
|-damage|p1a: Tangrowth|0 fnt
|faint|p1a: Tangrowth
|-ability|p2a: Nihilego|Beast Boost|boost
|-boost|p2a: Nihilego|spa|1
|
|upkeep
|
|t:|1662519468
|switch|p1a: Azumarill|Azumarill, F|88/100
|-damage|p1a: Azumarill|76/100|[from] Stealth Rock
|turn|26
|
|t:|1662519481
|switch|p2a: Tapu Bulu|Tapu Bulu|100/100
|-damage|p2a: Tapu Bulu|88/100|[from] Stealth Rock
|-fieldstart|move: Grassy Terrain|[from] ability: Grassy Surge|[of] p2a: Tapu Bulu
|move|p1a: Azumarill|Play Rough|p2a: Tapu Bulu
|-damage|p2a: Tapu Bulu|0 fnt
|faint|p2a: Tapu Bulu
|
|-heal|p1a: Azumarill|82/100|[from] Grassy Terrain
|upkeep
|
|t:|1662519492
|switch|p2a: Nihilego|Nihilego|100/100
|-damage|p2a: Nihilego|88/100|[from] Stealth Rock
|turn|27
|
|t:|1662519517
|move|p2a: Nihilego|Power Gem|p1a: Azumarill
|-damage|p1a: Azumarill|32/100
|move|p1a: Azumarill|Play Rough|p2a: Nihilego
|-resisted|p2a: Nihilego
|-damage|p2a: Nihilego|11/100
|-unboost|p2a: Nihilego|atk|1
|
|-heal|p2a: Nihilego|17/100|[from] Grassy Terrain
|-heal|p2a: Nihilego|23/100|[from] item: Black Sludge
|-heal|p1a: Azumarill|38/100|[from] Grassy Terrain
|upkeep
|turn|28
|
|t:|1662519534
|switch|p1a: Scizor|Scizor, M|95/100
|-damage|p1a: Scizor|83/100|[from] Stealth Rock
|move|p2a: Nihilego|Power Gem|p1a: Scizor
|-damage|p1a: Scizor|35/100
|
|-heal|p2a: Nihilego|29/100|[from] Grassy Terrain
|-heal|p2a: Nihilego|36/100|[from] item: Black Sludge
|-heal|p1a: Scizor|42/100|[from] Grassy Terrain
|upkeep
|turn|29
|
|t:|1662519550
|move|p1a: Scizor|Bullet Punch|p2a: Nihilego
|-supereffective|p2a: Nihilego
|-damage|p2a: Nihilego|0 fnt
|faint|p2a: Nihilego
|
|-heal|p1a: Scizor|48/100|[from] Grassy Terrain
|upkeep
|
|t:|1662519558
|switch|p2a: Hydreigon|Hydreigon, M|100/100
|-damage|p2a: Hydreigon|88/100|[from] Stealth Rock
|turn|30
|
|t:|1662519584
|move|p1a: Scizor|Bullet Punch|p2a: Hydreigon
|-damage|p2a: Hydreigon|56/100
|move|p2a: Hydreigon|Dark Pulse|p1a: Scizor
|-crit|p1a: Scizor
|-damage|p1a: Scizor|0 fnt
|faint|p1a: Scizor
|
|-fieldend|move: Grassy Terrain
|upkeep
|
|t:|1662519596
|switch|p1a: Mamoswine|Mamoswine, M|100/100
|-damage|p1a: Mamoswine|88/100|[from] Stealth Rock
|turn|31
|
|t:|1662519609
|move|p1a: Mamoswine|Ice Shard|p2a: Hydreigon
|-supereffective|p2a: Hydreigon
|-damage|p2a: Hydreigon|0 fnt
|faint|p2a: Hydreigon
|-damage|p1a: Mamoswine|78/100|[from] item: Life Orb
|
|upkeep
|c|☆pif|gg'
|c|☆aiyaru the manager|gg
|
|t:|1662519627
|switch|p2a: Salamence|Salamence, M|96/100
|-ability|p2a: Salamence|Intimidate|boost
|-unboost|p1a: Mamoswine|atk|1
|turn|32
|-message|pif forfeited.
|
|win|aiyaru the manager
