|j|☆Vwood
|j|☆GreatSwitch!
|t:|1665472544
|gametype|singles
|player|p1|Vwood|elesa|1316
|player|p2|GreatSwitch!|101|1635
|teamsize|p1|6
|teamsize|p2|6
|gen|8
|tier|[Gen 8] UU
|rated|
|rule|Sleep Clause Mod: Limit one foe put to sleep
|rule|Species Clause: Limit one of each Pokémon
|rule|OHKO Clause: OHKO moves are banned
|rule|Evasion Items Clause: Evasion items are banned
|rule|Evasion Moves Clause: Evasion moves are banned
|rule|Endless Battle Clause: Forcing endless battles is banned
|rule|HP Percentage Mod: HP is shown in percentages
|rule|Dynamax Clause: You cannot dynamax
|clearpoke
|poke|p1|Zarude-Dada|
|poke|p1|Rotom-Heat|
|poke|p1|Lycanroc-Dusk, F|
|poke|p1|Amoonguss, M|
|poke|p1|Keldeo-Resolute|
|poke|p1|Krookodile, F|
|poke|p2|Zygarde-10%|
|poke|p2|Reuniclus, F|
|poke|p2|Cobalion|
|poke|p2|Salamence, M|
|poke|p2|Golisopod, M|
|poke|p2|Chansey, F|
|teampreview
|
|t:|1665472561
|start
|switch|p1a: Zarude|Zarude-Dada|100/100
|switch|p2a: Golisopod|Golisopod, M|100/100
|turn|1
|
|t:|1665472568
|move|p1a: Zarude|Power Whip|p2a: Golisopod
|-damage|p2a: Golisopod|51/100
|move|p2a: Golisopod|Knock Off|p1a: Zarude
|-resisted|p1a: Zarude
|-damage|p1a: Zarude|83/100
|-enditem|p1a: Zarude|Choice Scarf|[from] move: Knock Off|[of] p2a: Golisopod
|
|upkeep
|turn|2
|c|☆GreatSwitch!|yeah
|c|☆GreatSwitch!|:>
|
|t:|1665472580
|switch|p2a: Cobalion|Cobalion|100/100
|move|p1a: Zarude|U-turn|p2a: Cobalion
|-resisted|p2a: Cobalion
|-damage|p2a: Cobalion|95/100
|-damage|p1a: Zarude|67/100|[from] item: Rocky Helmet|[of] p2a: Cobalion
|
|t:|1665472586
|switch|p1a: Rotom|Rotom-Heat|100/100|[from]move: U-turn
|
|upkeep
|turn|3
|
|t:|1665472590
|switch|p2a: Chansey|Chansey, F|100/100
|move|p1a: Rotom|Will-O-Wisp|p2a: Chansey
|-status|p2a: Chansey|brn
|
|-damage|p2a: Chansey|94/100 brn|[from] brn
|upkeep
|turn|4
|
|t:|1665472593
|-curestatus|p2a: Chansey|brn|[from] ability: Natural Cure
|switch|p2a: Zygarde|Zygarde-10%|100/100
|-ability|p2a: Zygarde|Aura Break
|move|p1a: Rotom|Volt Switch|p2a: Zygarde
|-immune|p2a: Zygarde
|
|upkeep
|turn|5
|
|t:|1665472603
|switch|p2a: Cobalion|Cobalion|95/100
|switch|p1a: Zarude|Zarude-Dada|67/100
|
|upkeep
|turn|6
|
|t:|1665472606
|move|p2a: Cobalion|Stealth Rock|p1a: Zarude
|-sidestart|p1: Vwood|move: Stealth Rock
|move|p1a: Zarude|Close Combat|p2a: Cobalion
|-supereffective|p2a: Cobalion
|-damage|p2a: Cobalion|24/100
|-unboost|p1a: Zarude|def|1
|-unboost|p1a: Zarude|spd|1
|-damage|p1a: Zarude|50/100|[from] item: Rocky Helmet|[of] p2a: Cobalion
|
|upkeep
|turn|7
|
|t:|1665472613
|switch|p1a: Amoonguss|Amoonguss, M|100/100
|-damage|p1a: Amoonguss|88/100|[from] Stealth Rock
|move|p2a: Cobalion|Iron Head|p1a: Amoonguss
|-crit|p1a: Amoonguss
|-damage|p1a: Amoonguss|51/100
|-damage|p2a: Cobalion|8/100|[from] item: Rocky Helmet|[of] p1a: Amoonguss
|
|upkeep
|turn|8
|
|t:|1665472616
|switch|p2a: Reuniclus|Reuniclus, F, shiny|100/100
|move|p1a: Amoonguss|Synthesis|p1a: Amoonguss
|-heal|p1a: Amoonguss|100/100
|
|upkeep
|turn|9
|
|t:|1665472619
|switch|p2a: Cobalion|Cobalion|8/100
|move|p1a: Amoonguss|Spore|p2a: Cobalion
|-status|p2a: Cobalion|slp|[from] move: Spore
|
|upkeep
|turn|10
|
|t:|1665472629
|switch|p2a: Chansey|Chansey, F|94/100
|switch|p1a: Rotom|Rotom-Heat|100/100
|
|upkeep
|turn|11
|inactive|Battle timer is ON: inactive players will automatically lose when time's up. (requested by GreatSwitch!)
|
|t:|1665472632
|move|p1a: Rotom|Defog|p2a: Chansey
|-unboost|p2a: Chansey|evasion|1
|-sideend|p1: Vwood|Stealth Rock|[from] move: Defog|[of] p1a: Rotom
|move|p2a: Chansey|Toxic|p1a: Rotom
|-status|p1a: Rotom|tox
|
|-damage|p1a: Rotom|94/100 tox|[from] psn
|upkeep
|turn|12
|
|t:|1665472642
|switch|p2a: Zygarde|Zygarde-10%|100/100
|-ability|p2a: Zygarde|Aura Break
|move|p1a: Rotom|Will-O-Wisp|p2a: Zygarde
|-status|p2a: Zygarde|brn
|
|-damage|p1a: Rotom|82/100 tox|[from] psn
|-damage|p2a: Zygarde|94/100 brn|[from] brn
|upkeep
|turn|13
|
|t:|1665472653
|switch|p2a: Chansey|Chansey, F|94/100
|switch|p1a: Keldeo|Keldeo-Resolute|100/100
|
|upkeep
|turn|14
|
|t:|1665472655
|move|p1a: Keldeo|Secret Sword|p2a: Chansey
|-supereffective|p2a: Chansey
|-damage|p2a: Chansey|4/100
|move|p2a: Chansey|Toxic|p1a: Keldeo
|-status|p1a: Keldeo|tox
|
|-damage|p1a: Keldeo|94/100 tox|[from] psn
|upkeep
|turn|15
|
|t:|1665472660
|switch|p1a: Zarude|Zarude-Dada|50/100
|switch|p2a: Reuniclus|Reuniclus, F, shiny|100/100
|
|upkeep
|turn|16
|
|t:|1665472664
|switch|p2a: Salamence|Salamence, M|100/100
|-ability|p2a: Salamence|Intimidate|boost
|-unboost|p1a: Zarude|atk|1
|move|p1a: Zarude|U-turn|p2a: Salamence
|-resisted|p2a: Salamence
|-crit|p2a: Salamence
|-damage|p2a: Salamence|85/100
|
|t:|1665472669
|switch|p1a: Lycanroc|Lycanroc-Dusk, F|100/100|[from]move: U-turn
|
|upkeep
|turn|17
|
|t:|1665472674
|switch|p2a: Chansey|Chansey, F|4/100
|move|p1a: Lycanroc|Accelerock|p2a: Chansey
|-damage|p2a: Chansey|0 fnt
|faint|p2a: Chansey
|-damage|p1a: Lycanroc|91/100|[from] item: Life Orb
|
|upkeep
|
|t:|1665472681
|switch|p2a: Zygarde|Zygarde-10%|94/100 brn
|-ability|p2a: Zygarde|Aura Break
|turn|18
|
|t:|1665472686
|switch|p1a: Amoonguss|Amoonguss, M|100/100
|move|p2a: Zygarde|Thousand Arrows|p1a: Amoonguss
|-damage|p1a: Amoonguss|78/100
|
|-damage|p2a: Zygarde|88/100 brn|[from] brn
|upkeep
|turn|19
|
|t:|1665472688
|switch|p2a: Reuniclus|Reuniclus, F, shiny|100/100
|move|p1a: Amoonguss|Sludge Bomb|p2a: Reuniclus
|-damage|p2a: Reuniclus|77/100
|
|upkeep
|turn|20
|
|t:|1665472690
|move|p2a: Reuniclus|Focus Blast|p1a: Amoonguss
|-resisted|p1a: Amoonguss
|-damage|p1a: Amoonguss|61/100
|move|p1a: Amoonguss|Spore|p2a: Reuniclus
|-message|Sleep Clause Mod activated.
|
|upkeep
|turn|21
|
|t:|1665472696
|switch|p1a: Zarude|Zarude-Dada|50/100
|move|p2a: Reuniclus|Focus Blast|p1a: Zarude
|-supereffective|p1a: Zarude
|-damage|p1a: Zarude|0 fnt
|faint|p1a: Zarude
|
|upkeep
|
|t:|1665472698
|switch|p1a: Krookodile|Krookodile, F|100/100
|-ability|p1a: Krookodile|Intimidate|boost
|-unboost|p2a: Reuniclus|atk|1
|turn|22
|
|t:|1665472705
|switch|p2a: Salamence|Salamence, M|85/100
|-ability|p2a: Salamence|Intimidate|boost
|-unboost|p1a: Krookodile|atk|1
|move|p1a: Krookodile|Knock Off|p2a: Salamence
|-damage|p2a: Salamence|61/100
|-enditem|p2a: Salamence|Heavy-Duty Boots|[from] move: Knock Off|[of] p1a: Krookodile
|
|upkeep
|turn|23
|
|t:|1665472708
|move|p1a: Krookodile|Taunt|p2a: Salamence
|-start|p2a: Salamence|move: Taunt
|cant|p2a: Salamence|move: Taunt|Roost
|
|upkeep
|turn|24
|
|t:|1665472713
|move|p1a: Krookodile|Stealth Rock|p2a: Salamence
|-sidestart|p2: GreatSwitch!|move: Stealth Rock
|move|p2a: Salamence|Dual Wingbeat|p1a: Krookodile
|-damage|p1a: Krookodile|75/100
|-damage|p1a: Krookodile|50/100
|-hitcount|p1a: Krookodile|2
|
|upkeep
|turn|25
|
|t:|1665472723
|move|p1a: Krookodile|Knock Off|p2a: Salamence
|-damage|p2a: Salamence|43/100
|move|p2a: Salamence|Flamethrower|p1a: Krookodile
|-damage|p1a: Krookodile|24/100
|
|-end|p2a: Salamence|move: Taunt
|upkeep
|turn|26
|
|t:|1665472729
|move|p1a: Krookodile|Taunt|p2a: Salamence
|-start|p2a: Salamence|move: Taunt
|move|p2a: Salamence|Flamethrower|p1a: Krookodile
|-damage|p1a: Krookodile|0 fnt
|faint|p1a: Krookodile
|
|upkeep
|
|t:|1665472735
|switch|p1a: Lycanroc|Lycanroc-Dusk, F|91/100
|turn|27
|
|t:|1665472747
|move|p1a: Lycanroc|Accelerock|p2a: Salamence
|-supereffective|p2a: Salamence
|-damage|p2a: Salamence|0 fnt
|faint|p2a: Salamence
|-damage|p1a: Lycanroc|81/100|[from] item: Life Orb
|
|upkeep
|
|t:|1665472751
|switch|p2a: Zygarde|Zygarde-10%|88/100 brn
|-damage|p2a: Zygarde|82/100 brn|[from] Stealth Rock
|-ability|p2a: Zygarde|Aura Break
|turn|28
|
|t:|1665472762
|switch|p2a: Golisopod|Golisopod, M|51/100
|switch|p1a: Amoonguss|Amoonguss, M|94/100
|
|upkeep
|turn|29
|
|t:|1665472768
|move|p2a: Golisopod|Spikes|p1a: Amoonguss
|-sidestart|p1: Vwood|Spikes
|move|p1a: Amoonguss|Sludge Bomb|p2a: Golisopod
|-damage|p2a: Golisopod|23/100
|-activate|p2a: Golisopod|ability: Emergency Exit
|
|t:|1665472770
|switch|p2a: Reuniclus|Reuniclus, F, shiny|77/100
|
|upkeep
|turn|30
|
|t:|1665472774
|move|p2a: Reuniclus|Calm Mind|p2a: Reuniclus
|-boost|p2a: Reuniclus|spa|1
|-boost|p2a: Reuniclus|spd|1
|move|p1a: Amoonguss|Sludge Bomb|p2a: Reuniclus
|-damage|p2a: Reuniclus|60/100
|-status|p2a: Reuniclus|psn
|
|upkeep
|turn|31
|
|t:|1665472779
|switch|p1a: Lycanroc|Lycanroc-Dusk, F|81/100
|-damage|p1a: Lycanroc|68/100|[from] Spikes
|move|p2a: Reuniclus|Recover|p2a: Reuniclus
|-heal|p2a: Reuniclus|100/100 psn
|
|upkeep
|turn|32
|
|t:|1665472782
|move|p1a: Lycanroc|Accelerock|p2a: Reuniclus
|-damage|p2a: Reuniclus|75/100 psn
|-damage|p1a: Lycanroc|58/100|[from] item: Life Orb
|move|p2a: Reuniclus|Recover|p2a: Reuniclus
|-heal|p2a: Reuniclus|100/100 psn
|
|upkeep
|turn|33
|-message|Vwood forfeited.
|
|win|GreatSwitch!
|raw|Vwood's rating: 1316 &rarr; <strong>1311</strong><br />(-5 for losing)
|raw|GreatSwitch!'s rating: 1635 &rarr; <strong>1640</strong><br />(+5 for winning)
|l|☆Vwood
