|j|☆Keemie540
|j|☆Xoyjaz
|t:|1666944079
|gametype|singles
|player|p1|Keemie540|flint|1264
|player|p2|Xoyjaz|lucas|1504
|teamsize|p1|6
|teamsize|p2|6
|gen|8
|tier|[Gen 8] UU
|rated|
|rule|Sleep Clause Mod: Limit one foe put to sleep
|rule|Species Clause: Limit one of each Pokémon
|rule|OHKO Clause: OHKO moves are banned
|rule|Evasion Items Clause: Evasion items are banned
|rule|Evasion Moves Clause: Evasion moves are banned
|rule|Endless Battle Clause: Forcing endless battles is banned
|rule|HP Percentage Mod: HP is shown in percentages
|rule|Dynamax Clause: You cannot dynamax
|clearpoke
|poke|p1|Moltres|
|poke|p1|Krookodile, F|
|poke|p1|Thundurus-Therian, M|
|poke|p1|Chansey, F|
|poke|p1|Primarina, M|
|poke|p1|Tapu Bulu|
|poke|p2|Rotom-Wash|
|poke|p2|Hydreigon, M|
|poke|p2|Amoonguss, M|
|poke|p2|Gyarados, M|
|poke|p2|Conkeldurr, M|
|poke|p2|Krookodile, M|
|teampreview
|inactive|Battle timer is ON: inactive players will automatically lose when time's up. (requested by Keemie540)
|inactive|Xoyjaz has 120 seconds left.
|inactive|Xoyjaz has 90 seconds left.
|inactive|Xoyjaz has 60 seconds left.
|
|t:|1666944267
|start
|switch|p1a: Krookodile|Krookodile, F|100/100
|switch|p2a: Rotom|Rotom-Wash|100/100
|-ability|p1a: Krookodile|Intimidate|boost
|-unboost|p2a: Rotom|atk|1
|turn|1
|j| CommunistKommo-o
|
|t:|1666944281
|switch|p1a: Chansey|Chansey, F|100/100
|move|p2a: Rotom|Hydro Pump|p1a: Chansey
|-damage|p1a: Chansey|88/100
|
|upkeep
|turn|2
|
|t:|1666944307
|switch|p1a: Primarina|Primarina, M|100/100
|move|p2a: Rotom|Volt Switch|p1a: Primarina
|-supereffective|p1a: Primarina
|-damage|p1a: Primarina|59/100
|inactive|Xoyjaz has 120 seconds left.
|l| CommunistKommo-o
|
|t:|1666944331
|switch|p2a: Gyarados|Gyarados, M|100/100|[from]move: Volt Switch
|
|-heal|p1a: Primarina|65/100|[from] item: Leftovers
|upkeep
|turn|3
|inactive|Keemie540 has 120 seconds left.
|c|☆Xoyjaz|dragon dance
|
|t:|1666944365
|move|p2a: Gyarados|Power Whip|p1a: Primarina
|-supereffective|p1a: Primarina
|-damage|p1a: Primarina|0 fnt
|faint|p1a: Primarina
|-ability|p2a: Gyarados|Moxie|boost
|-boost|p2a: Gyarados|atk|1
|
|upkeep
|
|t:|1666944371
|switch|p1a: Thundurus|Thundurus-Therian, M|100/100
|turn|4
|inactive|Xoyjaz has 120 seconds left.
|
|t:|1666944377
|switch|p2a: Krookodile|Krookodile, M|100/100
|-ability|p2a: Krookodile|Intimidate|boost
|-unboost|p1a: Thundurus|atk|1
|move|p1a: Thundurus|Thunderbolt|p2a: Krookodile
|-immune|p2a: Krookodile
|
|upkeep
|turn|5
|inactive|Keemie540 has 120 seconds left.
|
|t:|1666944387
|switch|p1a: Tapu Bulu|Tapu Bulu|100/100
|-fieldstart|move: Grassy Terrain|[from] ability: Grassy Surge|[of] p1a: Tapu Bulu
|switch|p2a: Amoonguss|Amoonguss, M|100/100
|
|upkeep
|turn|6
|
|t:|1666944399
|switch|p1a: Moltres|Moltres|100/100
|move|p2a: Amoonguss|Sludge Bomb|p1a: Moltres
|-crit|p1a: Moltres
|-damage|p1a: Moltres|56/100
|-status|p1a: Moltres|psn
|
|-damage|p1a: Moltres|43/100 psn|[from] psn
|upkeep
|turn|7
|
|t:|1666944409
|switch|p2a: Rotom|Rotom-Wash|100/100
|move|p1a: Moltres|Mystical Fire|p2a: Rotom
|-resisted|p2a: Rotom
|-damage|p2a: Rotom|84/100
|-unboost|p2a: Rotom|spa|1
|
|-heal|p2a: Rotom|90/100|[from] item: Leftovers
|-damage|p1a: Moltres|31/100 psn|[from] psn
|upkeep
|turn|8
|c|☆Xoyjaz|Round 7 and my pokemons have no damage almost
|
|t:|1666944418
|move|p1a: Moltres|U-turn|p2a: Rotom
|-damage|p2a: Rotom|75/100
|
|t:|1666944425
|switch|p1a: Chansey|Chansey, F|88/100|[from]move: U-turn
|move|p2a: Rotom|Hydro Pump|p1a: Chansey|[miss]
|-miss|p2a: Rotom|p1a: Chansey
|
|-heal|p2a: Rotom|81/100|[from] item: Leftovers
|-heal|p1a: Chansey|94/100|[from] Grassy Terrain
|upkeep
|turn|9
|
|t:|1666944432
|move|p2a: Rotom|Volt Switch|p1a: Chansey
|-damage|p1a: Chansey|89/100
|
|t:|1666944435
|switch|p2a: Conkeldurr|Conkeldurr, M|100/100|[from]move: Volt Switch
|move|p1a: Chansey|Wish|p1a: Chansey
|
|-heal|p1a: Chansey|95/100|[from] Grassy Terrain
|-fieldend|move: Grassy Terrain
|-status|p2a: Conkeldurr|brn|[from] item: Flame Orb
|upkeep
|turn|10
|
|t:|1666944450
|switch|p1a: Tapu Bulu|Tapu Bulu|100/100
|-fieldstart|move: Grassy Terrain|[from] ability: Grassy Surge|[of] p1a: Tapu Bulu
|move|p2a: Conkeldurr|Knock Off|p1a: Tapu Bulu
|-resisted|p1a: Tapu Bulu
|-damage|p1a: Tapu Bulu|67/100
|-enditem|p1a: Tapu Bulu|Choice Band|[from] move: Knock Off|[of] p2a: Conkeldurr
|
|-heal|p1a: Tapu Bulu|100/100|[from] move: Wish|[wisher] Chansey
|-damage|p2a: Conkeldurr|94/100 brn|[from] brn
|upkeep
|turn|11
|
|t:|1666944457
|switch|p2a: Amoonguss|Amoonguss, M|100/100
|move|p1a: Tapu Bulu|Wood Hammer|p2a: Amoonguss
|-resisted|p2a: Amoonguss
|-damage|p2a: Amoonguss|85/100
|-damage|p1a: Tapu Bulu|84/100|[from] item: Rocky Helmet|[of] p2a: Amoonguss
|-damage|p1a: Tapu Bulu|77/100|[from] Recoil
|
|-heal|p1a: Tapu Bulu|83/100|[from] Grassy Terrain
|-heal|p2a: Amoonguss|92/100|[from] Grassy Terrain
|upkeep
|turn|12
|
|t:|1666944462
|switch|p1a: Chansey|Chansey, F|95/100
|move|p2a: Amoonguss|Sludge Bomb|p1a: Chansey
|-damage|p1a: Chansey|88/100
|-status|p1a: Chansey|psn
|
|-heal|p1a: Chansey|94/100 psn|[from] Grassy Terrain
|-heal|p2a: Amoonguss|98/100|[from] Grassy Terrain
|-damage|p1a: Chansey|81/100 psn|[from] psn
|upkeep
|turn|13
|
|t:|1666944465
|switch|p2a: Conkeldurr|Conkeldurr, M|94/100 brn
|move|p1a: Chansey|Seismic Toss|p2a: Conkeldurr
|-damage|p2a: Conkeldurr|70/100 brn
|
|-heal|p1a: Chansey|88/100 psn|[from] Grassy Terrain
|-heal|p2a: Conkeldurr|76/100 brn|[from] Grassy Terrain
|-damage|p1a: Chansey|75/100 psn|[from] psn
|-damage|p2a: Conkeldurr|70/100 brn|[from] brn
|upkeep
|turn|14
|
|t:|1666944467
|move|p1a: Chansey|Seismic Toss|p2a: Conkeldurr
|-damage|p2a: Conkeldurr|46/100 brn
|move|p2a: Conkeldurr|Drain Punch|p1a: Chansey
|-supereffective|p1a: Chansey
|-damage|p1a: Chansey|0 fnt
|-heal|p2a: Conkeldurr|100/100 brn|[from] drain|[of] p1a: Chansey
|faint|p1a: Chansey
|
|-damage|p2a: Conkeldurr|94/100 brn|[from] brn
|-fieldend|move: Grassy Terrain
|upkeep
|
|t:|1666944472
|switch|p1a: Thundurus|Thundurus-Therian, M|100/100
|turn|15
|c|☆Xoyjaz|the game of no damage?
|
|t:|1666944483
|move|p1a: Thundurus|Nasty Plot|p1a: Thundurus
|-boost|p1a: Thundurus|spa|2
|move|p2a: Conkeldurr|Ice Punch|p1a: Thundurus
|-supereffective|p1a: Thundurus
|-damage|p1a: Thundurus|0 fnt
|faint|p1a: Thundurus
|
|-damage|p2a: Conkeldurr|88/100 brn|[from] brn
|upkeep
|
|t:|1666944492
|switch|p1a: Krookodile|Krookodile, F|100/100
|-ability|p1a: Krookodile|Intimidate|boost
|-unboost|p2a: Conkeldurr|atk|1
|turn|16
|
|t:|1666944501
|move|p1a: Krookodile|Stealth Rock|p2a: Conkeldurr
|-sidestart|p2: Xoyjaz|move: Stealth Rock
|move|p2a: Conkeldurr|Drain Punch|p1a: Krookodile
|-supereffective|p1a: Krookodile
|-damage|p1a: Krookodile|9/100
|-heal|p2a: Conkeldurr|100/100 brn|[from] drain|[of] p1a: Krookodile
|
|-heal|p1a: Krookodile|15/100|[from] item: Leftovers
|-damage|p2a: Conkeldurr|94/100 brn|[from] brn
|upkeep
|turn|17
|
|t:|1666944505
|move|p2a: Conkeldurr|Mach Punch|p1a: Krookodile
|-supereffective|p1a: Krookodile
|-damage|p1a: Krookodile|0 fnt
|faint|p1a: Krookodile
|
|-damage|p2a: Conkeldurr|88/100 brn|[from] brn
|upkeep
|
|t:|1666944507
|switch|p1a: Tapu Bulu|Tapu Bulu|83/100
|-fieldstart|move: Grassy Terrain|[from] ability: Grassy Surge|[of] p1a: Tapu Bulu
|turn|18
|
|t:|1666944510
|switch|p2a: Amoonguss|Amoonguss, M|100/100
|-damage|p2a: Amoonguss|88/100|[from] Stealth Rock
|move|p1a: Tapu Bulu|Wood Hammer|p2a: Amoonguss
|-resisted|p2a: Amoonguss
|-damage|p2a: Amoonguss|73/100
|-damage|p1a: Tapu Bulu|66/100|[from] item: Rocky Helmet|[of] p2a: Amoonguss
|-damage|p1a: Tapu Bulu|59/100|[from] Recoil
|
|-heal|p1a: Tapu Bulu|65/100|[from] Grassy Terrain
|-heal|p2a: Amoonguss|79/100|[from] Grassy Terrain
|upkeep
|turn|19
|
|t:|1666944513
|move|p1a: Tapu Bulu|Megahorn|p2a: Amoonguss
|-damage|p2a: Amoonguss|47/100
|-damage|p1a: Tapu Bulu|48/100|[from] item: Rocky Helmet|[of] p2a: Amoonguss
|move|p2a: Amoonguss|Sludge Bomb|p1a: Tapu Bulu
|-supereffective|p1a: Tapu Bulu
|-crit|p1a: Tapu Bulu
|-damage|p1a: Tapu Bulu|0 fnt
|faint|p1a: Tapu Bulu
|
|-heal|p2a: Amoonguss|54/100|[from] Grassy Terrain
|upkeep
|
|t:|1666944517
|switch|p1a: Moltres|Moltres|31/100 psn
|turn|20
|
|t:|1666944525
|switch|p2a: Rotom|Rotom-Wash|81/100
|-damage|p2a: Rotom|68/100|[from] Stealth Rock
|move|p1a: Moltres|Mystical Fire|p2a: Rotom
|-resisted|p2a: Rotom
|-damage|p2a: Rotom|50/100
|-unboost|p2a: Rotom|spa|1
|
|-heal|p2a: Rotom|56/100|[from] item: Leftovers
|-damage|p1a: Moltres|18/100 psn|[from] psn
|upkeep
|turn|21
|-message|Keemie540 forfeited.
|
|win|Xoyjaz
|raw|Keemie540's rating: 1264 &rarr; <strong>1254</strong><br />(-10 for losing)
|raw|Xoyjaz's rating: 1504 &rarr; <strong>1512</strong><br />(+8 for winning)
|l|☆Keemie540
