|j|☆UULT91w UnzipsC
|j|☆Springerk
|t:|1651958190
|gametype|singles
|player|p1|UULT91w UnzipsC|lucas|1593
|player|p2|Springerk|tuberf|1465
|teamsize|p1|6
|teamsize|p2|6
|gen|8
|tier|[Gen 8] UU
|rated|
|rule|Sleep Clause Mod: Limit one foe put to sleep
|rule|Species Clause: Limit one of each Pokémon
|rule|OHKO Clause: OHKO moves are banned
|rule|Evasion Moves Clause: Evasion moves are banned
|rule|Endless Battle Clause: Forcing endless battles is banned
|rule|HP Percentage Mod: HP is shown in percentages
|rule|Dynamax Clause: You cannot dynamax
|clearpoke
|poke|p1|Marowak-Alola, F|
|poke|p1|Mesprit|
|poke|p1|Conkeldurr, M|
|poke|p1|Gyarados, M|
|poke|p1|Porygon2|
|poke|p1|Cresselia, F|
|poke|p2|Weezing-Galar, M|
|poke|p2|Hitmonlee, M|
|poke|p2|Necrozma|
|poke|p2|Keldeo-Resolute|
|poke|p2|Virizion|
|poke|p2|Celesteela|
|teampreview
|inactive|Battle timer is ON: inactive players will automatically lose when time's up. (requested by UULT91w UnzipsC)
|inactive|Springerk has 120 seconds left.
|
|t:|1651958244
|start
|switch|p1a: Mesprit|Mesprit|100/100
|switch|p2a: Celesteela|Celesteela|100/100
|turn|1
|
|t:|1651958248
|move|p2a: Celesteela|Meteor Beam||[still]
|-prepare|p2a: Celesteela|Meteor Beam
|-boost|p2a: Celesteela|spa|1
|-enditem|p2a: Celesteela|Power Herb
|-anim|p2a: Celesteela|Meteor Beam|p1a: Mesprit
|-damage|p1a: Mesprit|62/100
|move|p1a: Mesprit|Trick Room|p1a: Mesprit
|-fieldstart|move: Trick Room|[of] p1a: Mesprit
|
|upkeep
|turn|2
|
|t:|1651958253
|move|p1a: Mesprit|Healing Wish|p1a: Mesprit
|faint|p1a: Mesprit
|move|p2a: Celesteela|Air Slash|p1: Mesprit|[notarget]
|-fail|p2a: Celesteela
|
|upkeep
|
|t:|1651958256
|switch|p1a: Marowak|Marowak-Alola, F|100/100
|turn|3
|
|t:|1651958264
|switch|p2a: Keldeo|Keldeo-Resolute|100/100
|move|p1a: Marowak|Flare Blitz|p2a: Keldeo
|-resisted|p2a: Keldeo
|-damage|p2a: Keldeo|46/100
|
|-heal|p2a: Keldeo|53/100|[from] item: Leftovers
|upkeep
|turn|4
|
|t:|1651958272
|switch|p2a: Celesteela|Celesteela|100/100
|move|p1a: Marowak|Flare Blitz|p2a: Celesteela
|-supereffective|p2a: Celesteela
|-damage|p2a: Celesteela|0 fnt
|faint|p2a: Celesteela
|
|upkeep
|
|t:|1651958281
|switch|p2a: Weezing|Weezing-Galar, M|100/100
|-fieldstart|move: Misty Terrain|[from] ability: Misty Surge|[of] p2a: Weezing
|turn|5
|j|@Lily
|
|t:|1651958288
|move|p1a: Marowak|Flare Blitz|p2a: Weezing
|-damage|p2a: Weezing|7/100
|move|p2a: Weezing|Memento|p1a: Marowak
|-unboost|p1a: Marowak|atk|2
|-unboost|p1a: Marowak|spa|2
|faint|p2a: Weezing
|
|-fieldend|move: Trick Room
|upkeep
|
|t:|1651958296
|switch|p2a: Hitmonlee|Hitmonlee, M|100/100
|-enditem|p2a: Hitmonlee|Misty Seed
|-boost|p2a: Hitmonlee|spd|1|[from] item: Misty Seed
|turn|6
|
|t:|1651958300
|switch|p1a: Gyarados|Gyarados, M|100/100
|-ability|p1a: Gyarados|Intimidate|boost
|-unboost|p2a: Hitmonlee|atk|1
|move|p2a: Hitmonlee|Bulk Up|p2a: Hitmonlee
|-boost|p2a: Hitmonlee|atk|1
|-boost|p2a: Hitmonlee|def|1
|
|upkeep
|turn|7
|j| UULT91w Ball
|
|t:|1651958309
|move|p2a: Hitmonlee|Bulk Up|p2a: Hitmonlee
|-boost|p2a: Hitmonlee|atk|1
|-boost|p2a: Hitmonlee|def|1
|move|p1a: Gyarados|Waterfall|p2a: Hitmonlee
|-damage|p2a: Hitmonlee|54/100
|
|upkeep
|turn|8
|l| UULT91w Ball
|
|t:|1651958316
|move|p2a: Hitmonlee|Stone Edge|p1a: Gyarados
|-supereffective|p1a: Gyarados
|-damage|p1a: Gyarados|0 fnt
|faint|p1a: Gyarados
|
|upkeep
|
|t:|1651958319
|switch|p1a: Cresselia|Cresselia, F|100/100
|turn|9
|
|t:|1651958325
|move|p2a: Hitmonlee|Knock Off|p1a: Cresselia
|-supereffective|p1a: Cresselia
|-enditem|p1a: Cresselia|Colbur Berry|[eat]
|-enditem|p1a: Cresselia|Colbur Berry|[weaken]
|-damage|p1a: Cresselia|72/100
|move|p1a: Cresselia|Trick Room|p1a: Cresselia
|-fieldstart|move: Trick Room|[of] p1a: Cresselia
|
|upkeep
|turn|10
|j| ASKOV
|
|t:|1651958332
|switch|p1a: Conkeldurr|Conkeldurr, M|100/100
|move|p2a: Hitmonlee|Bulk Up|p2a: Hitmonlee
|-boost|p2a: Hitmonlee|atk|1
|-boost|p2a: Hitmonlee|def|1
|
|upkeep
|turn|11
|l| ASKOV
|inactive|Springerk has 120 seconds left.
|
|t:|1651958363
|move|p1a: Conkeldurr|Close Combat|p2a: Hitmonlee
|-damage|p2a: Hitmonlee|0 fnt
|-unboost|p1a: Conkeldurr|def|1
|-unboost|p1a: Conkeldurr|spd|1
|faint|p2a: Hitmonlee
|
|upkeep
|inactive|Springerk has 120 seconds left.
|
|t:|1651958377
|switch|p2a: Virizion|Virizion|100/100
|turn|12
|
|t:|1651958383
|switch|p2a: Necrozma|Necrozma|100/100
|move|p1a: Conkeldurr|Close Combat|p2a: Necrozma
|-resisted|p2a: Necrozma
|-damage|p2a: Necrozma|63/100
|-unboost|p1a: Conkeldurr|def|1
|-unboost|p1a: Conkeldurr|spd|1
|
|-fieldend|Misty Terrain
|-status|p1a: Conkeldurr|brn|[from] item: Flame Orb
|upkeep
|turn|13
|j| opela
|inactive|Springerk has 120 seconds left.
|
|t:|1651958403
|move|p1a: Conkeldurr|Facade|p2a: Necrozma
|-damage|p2a: Necrozma|0 fnt
|faint|p2a: Necrozma
|
|-damage|p1a: Conkeldurr|94/100 brn|[from] brn
|-fieldend|move: Trick Room
|upkeep
|inactive|Springerk has 90 seconds left.
|
|t:|1651958462
|switch|p2a: Keldeo|Keldeo-Resolute|53/100
|turn|14
|
|t:|1651958471
|move|p1a: Conkeldurr|Mach Punch|p2a: Keldeo
|-damage|p2a: Keldeo|13/100
|move|p2a: Keldeo|Surf|p1a: Conkeldurr
|-damage|p1a: Conkeldurr|0 fnt
|faint|p1a: Conkeldurr
|
|-heal|p2a: Keldeo|19/100|[from] item: Leftovers
|upkeep
|
|t:|1651958478
|switch|p1a: Porygon2|Porygon2|100/100
|-ability|p1a: Porygon2|Download|boost
|-boost|p1a: Porygon2|atk|1
|turn|15
|
|t:|1651958484
|move|p2a: Keldeo|Secret Sword|p1a: Porygon2
|-supereffective|p1a: Porygon2
|-damage|p1a: Porygon2|44/100
|move|p1a: Porygon2|Trick Room|p1a: Porygon2
|-fieldstart|move: Trick Room|[of] p1a: Porygon2
|
|-heal|p2a: Keldeo|25/100|[from] item: Leftovers
|upkeep
|turn|16
|inactive|Springerk has 90 seconds left.
|
|t:|1651958495
|switch|p2a: Virizion|Virizion|100/100
|move|p1a: Porygon2|Thunderbolt|p2a: Virizion
|-resisted|p2a: Virizion
|-crit|p2a: Virizion
|-damage|p2a: Virizion|80/100
|
|upkeep
|turn|17
|inactive|Springerk has 90 seconds left.
|
|t:|1651958500
|switch|p2a: Keldeo|Keldeo-Resolute|25/100
|move|p1a: Porygon2|Ice Beam|p2a: Keldeo
|-resisted|p2a: Keldeo
|-damage|p2a: Keldeo|8/100
|
|-heal|p2a: Keldeo|14/100|[from] item: Leftovers
|upkeep
|turn|18
|inactive|Springerk has 90 seconds left.
|
|t:|1651958515
|switch|p2a: Virizion|Virizion|80/100
|move|p1a: Porygon2|Ice Beam|p2a: Virizion
|-supereffective|p2a: Virizion
|-damage|p2a: Virizion|26/100
|
|upkeep
|turn|19
|inactive|Springerk has 90 seconds left.
|
|t:|1651958529
|switch|p2a: Keldeo|Keldeo-Resolute|14/100
|move|p1a: Porygon2|Ice Beam|p2a: Keldeo
|-resisted|p2a: Keldeo
|-damage|p2a: Keldeo|0 fnt
|faint|p2a: Keldeo
|
|-fieldend|move: Trick Room
|upkeep
|
|t:|1651958532
|switch|p2a: Virizion|Virizion|26/100
|turn|20
|
|t:|1651958536
|move|p2a: Virizion|Leaf Blade|p1a: Porygon2
|-damage|p1a: Porygon2|10/100
|-damage|p2a: Virizion|16/100|[from] item: Life Orb
|move|p1a: Porygon2|Trick Room|p1a: Porygon2
|-fieldstart|move: Trick Room|[of] p1a: Porygon2
|
|upkeep
|turn|21
|-message|Springerk forfeited.
|
|win|UULT91w UnzipsC
|raw|UULT91w UnzipsC's rating: 1593 &rarr; <strong>1606</strong><br />(+13 for winning)
|raw|Springerk's rating: 1465 &rarr; <strong>1452</strong><br />(-13 for losing)
|l|☆Springerk
|l|☆UULT91w UnzipsC
|l|@Lily
