|j|☆UULT92q Benjymin
|j|☆pif
|t:|1652149373
|gametype|singles
|player|p1|UULT92q Benjymin|unknown|1395
|player|p2|pif|#uutrio2ladder|1696
|teamsize|p1|6
|teamsize|p2|6
|gen|8
|tier|[Gen 8] UU
|rated|
|rule|Sleep Clause Mod: Limit one foe put to sleep
|rule|Species Clause: Limit one of each Pokémon
|rule|OHKO Clause: OHKO moves are banned
|rule|Evasion Moves Clause: Evasion moves are banned
|rule|Endless Battle Clause: Forcing endless battles is banned
|rule|HP Percentage Mod: HP is shown in percentages
|rule|Dynamax Clause: You cannot dynamax
|clearpoke
|poke|p1|Moltres|
|poke|p1|Primarina, M|
|poke|p1|Zarude-Dada|
|poke|p1|Mamoswine, F|
|poke|p1|Scizor, F|
|poke|p1|Swampert, F|
|poke|p2|Articuno|
|poke|p2|Chansey, F|
|poke|p2|Nihilego|
|poke|p2|Primarina, F|
|poke|p2|Skarmory, M|
|poke|p2|Hippowdon, F|
|teampreview
|inactive|Battle timer is ON: inactive players will automatically lose when time's up. (requested by UULT92q Benjymin)
|inactive|pif has 120 seconds left.
|c|☆UULT92q Benjymin|glhf
|c|☆pif|glhf
|inactive|pif has 90 seconds left.
|
|t:|1652149434
|start
|switch|p1a: Swampert|Swampert, F|100/100
|switch|p2a: jelly bish|Nihilego|100/100
|turn|1
|
|t:|1652149447
|switch|p2a: sturdy birdy|Skarmory, M|100/100
|switch|p1a: Scizor|Scizor, F|100/100
|
|upkeep
|turn|2
|
|t:|1652149456
|switch|p2a: hip(pos) dont lie|Hippowdon, F|100/100
|-weather|Sandstorm|[from] ability: Sand Stream|[of] p2a: hip(pos) dont lie
|move|p1a: Scizor|U-turn|p2a: hip(pos) dont lie
|-damage|p2a: hip(pos) dont lie|84/100
|
|t:|1652149463
|switch|p1a: Swampert|Swampert, F|100/100|[from]move: U-turn
|
|-weather|Sandstorm|[upkeep]
|-heal|p2a: hip(pos) dont lie|90/100|[from] item: Leftovers
|upkeep
|turn|3
|
|t:|1652149470
|move|p1a: Swampert|Stealth Rock|p2a: hip(pos) dont lie
|-sidestart|p2: pif|move: Stealth Rock
|move|p2a: hip(pos) dont lie|Toxic|p1a: Swampert
|-status|p1a: Swampert|tox
|
|-weather|Sandstorm|[upkeep]
|-heal|p2a: hip(pos) dont lie|96/100|[from] item: Leftovers
|-damage|p1a: Swampert|94/100 tox|[from] psn
|upkeep
|turn|4
|
|t:|1652149474
|move|p1a: Swampert|Flip Turn|p2a: hip(pos) dont lie
|-supereffective|p2a: hip(pos) dont lie
|-damage|p2a: hip(pos) dont lie|70/100
|
|t:|1652149479
|switch|p1a: Primarina|Primarina, M|100/100|[from]move: Flip Turn
|move|p2a: hip(pos) dont lie|Stealth Rock|p1a: Primarina
|-sidestart|p1: UULT92q Benjymin|move: Stealth Rock
|
|-weather|Sandstorm|[upkeep]
|-damage|p1a: Primarina|94/100|[from] Sandstorm
|-heal|p1a: Primarina|100/100|[from] item: Leftovers
|-heal|p2a: hip(pos) dont lie|77/100|[from] item: Leftovers
|upkeep
|turn|5
|
|t:|1652149485
|switch|p2a: freezey breezey|Articuno|100/100
|-ability|p2a: freezey breezey|Pressure
|move|p1a: Primarina|Calm Mind|p1a: Primarina
|-boost|p1a: Primarina|spa|1
|-boost|p1a: Primarina|spd|1
|
|-weather|Sandstorm|[upkeep]
|-damage|p2a: freezey breezey|94/100|[from] Sandstorm
|-damage|p1a: Primarina|94/100|[from] Sandstorm
|-heal|p1a: Primarina|100/100|[from] item: Leftovers
|upkeep
|turn|6
|
|t:|1652149489
|move|p2a: freezey breezey|Haze|p2a: freezey breezey
|-clearallboost
|move|p1a: Primarina|Calm Mind|p1a: Primarina
|-boost|p1a: Primarina|spa|1
|-boost|p1a: Primarina|spd|1
|
|-weather|none
|upkeep
|turn|7
|
|t:|1652149495
|move|p2a: freezey breezey|Haze|p2a: freezey breezey
|-clearallboost
|move|p1a: Primarina|Moonblast|p2a: freezey breezey
|-damage|p2a: freezey breezey|71/100
|
|upkeep
|turn|8
|
|t:|1652149502
|move|p2a: freezey breezey|Roost|p2a: freezey breezey
|-heal|p2a: freezey breezey|100/100
|-singleturn|p2a: freezey breezey|move: Roost
|move|p1a: Primarina|Calm Mind|p1a: Primarina
|-boost|p1a: Primarina|spa|1
|-boost|p1a: Primarina|spd|1
|
|upkeep
|turn|9
|
|t:|1652149504
|move|p2a: freezey breezey|Haze|p2a: freezey breezey
|-clearallboost
|move|p1a: Primarina|Moonblast|p2a: freezey breezey
|-damage|p2a: freezey breezey|76/100
|
|upkeep
|turn|10
|
|t:|1652149508
|move|p2a: freezey breezey|Roost|p2a: freezey breezey
|-heal|p2a: freezey breezey|100/100
|-singleturn|p2a: freezey breezey|move: Roost
|move|p1a: Primarina|Moonblast|p2a: freezey breezey
|-damage|p2a: freezey breezey|78/100
|
|upkeep
|turn|11
|
|t:|1652149512
|move|p2a: freezey breezey|Freeze-Dry|p1a: Primarina
|-supereffective|p1a: Primarina
|-damage|p1a: Primarina|63/100
|move|p1a: Primarina|Moonblast|p2a: freezey breezey
|-damage|p2a: freezey breezey|52/100
|
|-heal|p1a: Primarina|70/100|[from] item: Leftovers
|upkeep
|turn|12
|
|t:|1652149517
|move|p2a: freezey breezey|Roost|p2a: freezey breezey
|-heal|p2a: freezey breezey|100/100
|-singleturn|p2a: freezey breezey|move: Roost
|move|p1a: Primarina|Calm Mind|p1a: Primarina
|-boost|p1a: Primarina|spa|1
|-boost|p1a: Primarina|spd|1
|
|-heal|p1a: Primarina|76/100|[from] item: Leftovers
|upkeep
|turn|13
|
|t:|1652149524
|switch|p1a: Moltres|Moltres|100/100
|move|p2a: freezey breezey|Haze|p2a: freezey breezey
|-clearallboost
|
|upkeep
|turn|14
|
|t:|1652149538
|switch|p2a: jelly bish|Nihilego|100/100
|-damage|p2a: jelly bish|88/100|[from] Stealth Rock
|move|p1a: Moltres|U-turn|p2a: jelly bish
|-resisted|p2a: jelly bish
|-damage|p2a: jelly bish|75/100
|
|t:|1652149542
|switch|p1a: Scizor|Scizor, F|100/100|[from]move: U-turn
|
|-heal|p2a: jelly bish|81/100|[from] item: Black Sludge
|upkeep
|turn|15
|
|t:|1652149548
|switch|p2a: hip(pos) dont lie|Hippowdon, F|77/100
|-damage|p2a: hip(pos) dont lie|70/100|[from] Stealth Rock
|-weather|Sandstorm|[from] ability: Sand Stream|[of] p2a: hip(pos) dont lie
|move|p1a: Scizor|U-turn|p2a: hip(pos) dont lie
|-damage|p2a: hip(pos) dont lie|53/100
|
|t:|1652149555
|switch|p1a: Mamoswine|Mamoswine, F|100/100|[from]move: U-turn
|-damage|p1a: Mamoswine|88/100|[from] Stealth Rock
|
|-weather|Sandstorm|[upkeep]
|-heal|p2a: hip(pos) dont lie|59/100|[from] item: Leftovers
|upkeep
|turn|16
|
|t:|1652149566
|switch|p2a: sturdy birdy|Skarmory, M|100/100
|-damage|p2a: sturdy birdy|88/100|[from] Stealth Rock
|move|p1a: Mamoswine|Icicle Crash|p2a: sturdy birdy|[miss]
|-miss|p1a: Mamoswine|p2a: sturdy birdy
|
|-weather|Sandstorm|[upkeep]
|upkeep
|turn|17
|
|t:|1652149574
|switch|p1a: Moltres|Moltres|100/100
|move|p2a: sturdy birdy|Defog|p1a: Moltres
|-unboost|p1a: Moltres|evasion|1
|-sideend|p1: UULT92q Benjymin|Stealth Rock|[from] move: Defog|[of] p2a: sturdy birdy
|-sideend|p2: pif|Stealth Rock|[from] move: Defog|[of] p2a: sturdy birdy
|
|-weather|Sandstorm|[upkeep]
|-damage|p1a: Moltres|94/100|[from] Sandstorm
|upkeep
|turn|18
|
|t:|1652149586
|switch|p2a: jelly bish|Nihilego|81/100
|move|p1a: Moltres|Flamethrower|p2a: jelly bish
|-resisted|p2a: jelly bish
|-damage|p2a: jelly bish|70/100
|
|-weather|Sandstorm|[upkeep]
|-damage|p1a: Moltres|88/100|[from] Sandstorm
|-heal|p2a: jelly bish|77/100|[from] item: Black Sludge
|upkeep
|turn|19
|
|t:|1652149601
|switch|p1a: Scizor|Scizor, F|100/100
|move|p2a: jelly bish|Toxic Spikes|p1a: Scizor
|-sidestart|p1: UULT92q Benjymin|move: Toxic Spikes
|
|-weather|none
|-heal|p2a: jelly bish|83/100|[from] item: Black Sludge
|upkeep
|turn|20
|
|t:|1652149609
|switch|p2a: hip(pos) dont lie|Hippowdon, F|59/100
|-weather|Sandstorm|[from] ability: Sand Stream|[of] p2a: hip(pos) dont lie
|move|p1a: Scizor|Defog|p2a: hip(pos) dont lie
|-unboost|p2a: hip(pos) dont lie|evasion|1
|-sideend|p1: UULT92q Benjymin|Toxic Spikes|[from] move: Defog|[of] p1a: Scizor
|
|-weather|Sandstorm|[upkeep]
|-heal|p2a: hip(pos) dont lie|65/100|[from] item: Leftovers
|upkeep
|turn|21
|
|t:|1652149617
|move|p1a: Scizor|U-turn|p2a: hip(pos) dont lie
|-damage|p2a: hip(pos) dont lie|49/100
|
|t:|1652149623
|switch|p1a: Mamoswine|Mamoswine, F|88/100|[from]move: U-turn
|move|p2a: hip(pos) dont lie|Slack Off|p2a: hip(pos) dont lie
|-heal|p2a: hip(pos) dont lie|99/100
|
|-weather|Sandstorm|[upkeep]
|-heal|p2a: hip(pos) dont lie|100/100|[from] item: Leftovers
|upkeep
|turn|22
|
|t:|1652149627
|move|p1a: Mamoswine|Icicle Crash|p2a: hip(pos) dont lie
|-supereffective|p2a: hip(pos) dont lie
|-damage|p2a: hip(pos) dont lie|26/100
|move|p2a: hip(pos) dont lie|Toxic|p1a: Mamoswine|[miss]
|-miss|p2a: hip(pos) dont lie|p1a: Mamoswine
|
|-weather|Sandstorm|[upkeep]
|-heal|p2a: hip(pos) dont lie|32/100|[from] item: Leftovers
|upkeep
|turn|23
|
|t:|1652149639
|switch|p2a: squealy sealy|Primarina, F|100/100
|move|p1a: Mamoswine|Icicle Crash|p2a: squealy sealy
|-resisted|p2a: squealy sealy
|-damage|p2a: squealy sealy|63/100
|
|-weather|Sandstorm|[upkeep]
|-damage|p2a: squealy sealy|57/100|[from] Sandstorm
|-heal|p2a: squealy sealy|63/100|[from] item: Leftovers
|upkeep
|turn|24
|
|t:|1652149656
|switch|p1a: Zarude|Zarude-Dada|100/100
|move|p2a: squealy sealy|Scald|p1a: Zarude
|-resisted|p1a: Zarude
|-damage|p1a: Zarude|85/100
|
|-weather|none
|-heal|p2a: squealy sealy|69/100|[from] item: Leftovers
|upkeep
|turn|25
|
|t:|1652149666
|switch|p2a: sturdy birdy|Skarmory, M|88/100
|move|p1a: Zarude|U-turn|p2a: sturdy birdy
|-resisted|p2a: sturdy birdy
|-damage|p2a: sturdy birdy|85/100
|-damage|p1a: Zarude|68/100|[from] item: Rocky Helmet|[of] p2a: sturdy birdy
|
|t:|1652149672
|switch|p1a: Moltres|Moltres|88/100|[from]move: U-turn
|
|upkeep
|turn|26
|
|t:|1652149684
|switch|p2a: jelly bish|Nihilego|83/100
|move|p1a: Moltres|Scorching Sands|p2a: jelly bish
|-supereffective|p2a: jelly bish
|-damage|p2a: jelly bish|11/100
|
|-heal|p2a: jelly bish|17/100|[from] item: Black Sludge
|upkeep
|turn|27
|
|t:|1652149695
|switch|p1a: Scizor|Scizor, F|100/100
|move|p2a: jelly bish|Toxic Spikes|p1a: Scizor
|-sidestart|p1: UULT92q Benjymin|move: Toxic Spikes
|
|-heal|p2a: jelly bish|24/100|[from] item: Black Sludge
|upkeep
|turn|28
|
|t:|1652149699
|switch|p2a: hip(pos) dont lie|Hippowdon, F|32/100
|-weather|Sandstorm|[from] ability: Sand Stream|[of] p2a: hip(pos) dont lie
|move|p1a: Scizor|Defog|p2a: hip(pos) dont lie
|-unboost|p2a: hip(pos) dont lie|evasion|1
|-sideend|p1: UULT92q Benjymin|Toxic Spikes|[from] move: Defog|[of] p1a: Scizor
|
|-weather|Sandstorm|[upkeep]
|-heal|p2a: hip(pos) dont lie|38/100|[from] item: Leftovers
|upkeep
|turn|29
|
|t:|1652149703
|move|p1a: Scizor|U-turn|p2a: hip(pos) dont lie
|-damage|p2a: hip(pos) dont lie|22/100
|
|t:|1652149706
|switch|p1a: Mamoswine|Mamoswine, F|88/100|[from]move: U-turn
|move|p2a: hip(pos) dont lie|Slack Off|p2a: hip(pos) dont lie
|-heal|p2a: hip(pos) dont lie|72/100
|
|-weather|Sandstorm|[upkeep]
|-heal|p2a: hip(pos) dont lie|79/100|[from] item: Leftovers
|upkeep
|turn|30
|
|t:|1652149714
|move|p1a: Mamoswine|Icicle Crash|p2a: hip(pos) dont lie
|-supereffective|p2a: hip(pos) dont lie
|-damage|p2a: hip(pos) dont lie|3/100
|move|p2a: hip(pos) dont lie|Toxic|p1a: Mamoswine
|-status|p1a: Mamoswine|tox
|
|-weather|Sandstorm|[upkeep]
|-heal|p2a: hip(pos) dont lie|9/100|[from] item: Leftovers
|-damage|p1a: Mamoswine|82/100 tox|[from] psn
|upkeep
|turn|31
|j| Metallica126
|l| Metallica126
|inactive|pif has 120 seconds left.
|
|t:|1652149757
|move|p1a: Mamoswine|Icicle Crash|p2a: hip(pos) dont lie
|-supereffective|p2a: hip(pos) dont lie
|-crit|p2a: hip(pos) dont lie
|-damage|p2a: hip(pos) dont lie|0 fnt
|faint|p2a: hip(pos) dont lie
|
|-weather|Sandstorm|[upkeep]
|-damage|p1a: Mamoswine|70/100 tox|[from] psn
|upkeep
|
|t:|1652149770
|switch|p2a: squealy sealy|Primarina, F|69/100
|turn|32
|
|t:|1652149776
|switch|p1a: Primarina|Primarina, M|76/100
|move|p2a: squealy sealy|Moonblast|p1a: Primarina
|-damage|p1a: Primarina|43/100
|
|-weather|none
|-heal|p2a: squealy sealy|75/100|[from] item: Leftovers
|-heal|p1a: Primarina|49/100|[from] item: Leftovers
|upkeep
|turn|33
|
|t:|1652149784
|move|p2a: squealy sealy|Calm Mind|p2a: squealy sealy
|-boost|p2a: squealy sealy|spa|1
|-boost|p2a: squealy sealy|spd|1
|move|p1a: Primarina|Calm Mind|p1a: Primarina
|-boost|p1a: Primarina|spa|1
|-boost|p1a: Primarina|spd|1
|
|-heal|p2a: squealy sealy|81/100|[from] item: Leftovers
|-heal|p1a: Primarina|55/100|[from] item: Leftovers
|upkeep
|turn|34
|inactive|pif has 120 seconds left.
|
|t:|1652149791
|move|p2a: squealy sealy|Calm Mind|p2a: squealy sealy
|-boost|p2a: squealy sealy|spa|1
|-boost|p2a: squealy sealy|spd|1
|move|p1a: Primarina|Calm Mind|p1a: Primarina
|-boost|p1a: Primarina|spa|1
|-boost|p1a: Primarina|spd|1
|
|-heal|p2a: squealy sealy|87/100|[from] item: Leftovers
|-heal|p1a: Primarina|61/100|[from] item: Leftovers
|upkeep
|turn|35
|
|t:|1652149796
|move|p2a: squealy sealy|Moonblast|p1a: Primarina
|-damage|p1a: Primarina|30/100
|-unboost|p1a: Primarina|spa|1
|move|p1a: Primarina|Moonblast|p2a: squealy sealy
|-damage|p2a: squealy sealy|66/100
|-unboost|p2a: squealy sealy|spa|1
|
|-heal|p2a: squealy sealy|72/100|[from] item: Leftovers
|-heal|p1a: Primarina|36/100|[from] item: Leftovers
|upkeep
|turn|36
|
|t:|1652149809
|move|p2a: squealy sealy|Moonblast|p1a: Primarina
|-damage|p1a: Primarina|11/100
|move|p1a: Primarina|Rest|p1a: Primarina
|-status|p1a: Primarina|slp|[from] move: Rest
|-heal|p1a: Primarina|100/100 slp|[silent]
|
|-heal|p2a: squealy sealy|78/100|[from] item: Leftovers
|upkeep
|turn|37
|
|t:|1652149819
|move|p2a: squealy sealy|Moonblast|p1a: Primarina
|-damage|p1a: Primarina|77/100 slp
|cant|p1a: Primarina|slp
|move|p1a: Primarina|Snore|p2a: squealy sealy
|-resisted|p2a: squealy sealy
|-damage|p2a: squealy sealy|73/100
|
|-heal|p2a: squealy sealy|79/100|[from] item: Leftovers
|-heal|p1a: Primarina|83/100 slp|[from] item: Leftovers
|upkeep
|turn|38
|
|t:|1652149828
|move|p2a: squealy sealy|Moonblast|p1a: Primarina
|-damage|p1a: Primarina|58/100 slp
|cant|p1a: Primarina|slp
|move|p1a: Primarina|Snore|p2a: squealy sealy
|-resisted|p2a: squealy sealy
|-damage|p2a: squealy sealy|73/100
|
|-heal|p2a: squealy sealy|79/100|[from] item: Leftovers
|-heal|p1a: Primarina|64/100 slp|[from] item: Leftovers
|upkeep
|turn|39
|
|t:|1652149836
|switch|p2a: freezey breezey|Articuno|100/100
|-ability|p2a: freezey breezey|Pressure
|-curestatus|p1a: Primarina|slp|[msg]
|move|p1a: Primarina|Calm Mind|p1a: Primarina
|-boost|p1a: Primarina|spa|1
|-boost|p1a: Primarina|spd|1
|
|-heal|p1a: Primarina|70/100|[from] item: Leftovers
|upkeep
|turn|40
|
|t:|1652149843
|switch|p1a: Moltres|Moltres|88/100
|move|p2a: freezey breezey|Haze|p2a: freezey breezey
|-clearallboost
|
|upkeep
|turn|41
|
|t:|1652149848
|switch|p2a: megan the eggin|Chansey, F|100/100
|move|p1a: Moltres|Flamethrower|p2a: megan the eggin
|-damage|p2a: megan the eggin|86/100
|
|upkeep
|turn|42
|
|t:|1652149855
|move|p1a: Moltres|U-turn|p2a: megan the eggin
|-damage|p2a: megan the eggin|77/100
|
|t:|1652149860
|switch|p1a: Mamoswine|Mamoswine, F|70/100 tox|[from]move: U-turn
|move|p2a: megan the eggin|Soft-Boiled|p2a: megan the eggin
|-heal|p2a: megan the eggin|100/100
|
|-damage|p1a: Mamoswine|64/100 tox|[from] psn
|upkeep
|turn|43
|
|t:|1652149868
|move|p1a: Mamoswine|Knock Off|p2a: megan the eggin
|-damage|p2a: megan the eggin|67/100
|-enditem|p2a: megan the eggin|Eviolite|[from] move: Knock Off|[of] p1a: Mamoswine
|move|p2a: megan the eggin|Seismic Toss|p1a: Mamoswine
|-damage|p1a: Mamoswine|36/100 tox
|
|-damage|p1a: Mamoswine|24/100 tox|[from] psn
|upkeep
|turn|44
|
|t:|1652149879
|switch|p1a: Primarina|Primarina, M|70/100
|move|p2a: megan the eggin|Soft-Boiled|p2a: megan the eggin
|-heal|p2a: megan the eggin|100/100
|
|-heal|p1a: Primarina|76/100|[from] item: Leftovers
|upkeep
|turn|45
|
|t:|1652149891
|move|p1a: Primarina|Calm Mind|p1a: Primarina
|-boost|p1a: Primarina|spa|1
|-boost|p1a: Primarina|spd|1
|move|p2a: megan the eggin|Toxic|p1a: Primarina
|-status|p1a: Primarina|tox
|
|-heal|p1a: Primarina|82/100 tox|[from] item: Leftovers
|-damage|p1a: Primarina|76/100 tox|[from] psn
|upkeep
|turn|46
|
|t:|1652149897
|switch|p2a: freezey breezey|Articuno|100/100
|-ability|p2a: freezey breezey|Pressure
|move|p1a: Primarina|Calm Mind|p1a: Primarina
|-boost|p1a: Primarina|spa|1
|-boost|p1a: Primarina|spd|1
|
|-heal|p1a: Primarina|82/100 tox|[from] item: Leftovers
|-damage|p1a: Primarina|70/100 tox|[from] psn
|upkeep
|turn|47
|
|t:|1652149903
|move|p2a: freezey breezey|Haze|p2a: freezey breezey
|-clearallboost
|move|p1a: Primarina|Rest|p1a: Primarina
|-status|p1a: Primarina|slp|[from] move: Rest
|-heal|p1a: Primarina|100/100 slp|[silent]
|
|upkeep
|turn|48
|
|t:|1652149918
|move|p2a: freezey breezey|Freeze-Dry|p1a: Primarina
|-supereffective|p1a: Primarina
|-damage|p1a: Primarina|59/100 slp
|cant|p1a: Primarina|slp
|move|p1a: Primarina|Snore|p2a: freezey breezey
|-damage|p2a: freezey breezey|87/100
|
|-heal|p1a: Primarina|65/100 slp|[from] item: Leftovers
|upkeep
|turn|49
|
|t:|1652149933
|switch|p1a: Scizor|Scizor, F|100/100
|move|p2a: freezey breezey|Freeze-Dry|p1a: Scizor
|-resisted|p1a: Scizor
|-damage|p1a: Scizor|90/100
|
|upkeep
|turn|50
|
|t:|1652149945
|switch|p2a: sturdy birdy|Skarmory, M|85/100
|move|p1a: Scizor|U-turn|p2a: sturdy birdy
|-resisted|p2a: sturdy birdy
|-damage|p2a: sturdy birdy|80/100
|-damage|p1a: Scizor|73/100|[from] item: Rocky Helmet|[of] p2a: sturdy birdy
|
|t:|1652149961
|switch|p1a: Moltres|Moltres|88/100|[from]move: U-turn
|
|upkeep
|turn|51
|
|t:|1652149966
|switch|p2a: megan the eggin|Chansey, F|100/100
|move|p1a: Moltres|Flamethrower|p2a: megan the eggin
|-crit|p2a: megan the eggin
|-damage|p2a: megan the eggin|69/100
|
|upkeep
|turn|52
|
|t:|1652149971
|move|p1a: Moltres|U-turn|p2a: megan the eggin
|-damage|p2a: megan the eggin|55/100
|
|t:|1652149975
|switch|p1a: Primarina|Primarina, M|65/100 slp|[from]move: U-turn
|move|p2a: megan the eggin|Soft-Boiled|p2a: megan the eggin
|-heal|p2a: megan the eggin|100/100
|
|-heal|p1a: Primarina|71/100 slp|[from] item: Leftovers
|upkeep
|turn|53
|
|t:|1652149987
|switch|p2a: freezey breezey|Articuno|87/100
|-ability|p2a: freezey breezey|Pressure
|cant|p1a: Primarina|slp
|move|p1a: Primarina|Snore|p2a: freezey breezey
|-damage|p2a: freezey breezey|75/100
|
|-heal|p1a: Primarina|77/100 slp|[from] item: Leftovers
|upkeep
|turn|54
|
|t:|1652150002
|switch|p1a: Moltres|Moltres|88/100
|move|p2a: freezey breezey|Freeze-Dry|p1a: Moltres
|-damage|p1a: Moltres|61/100
|
|upkeep
|turn|55
|
|t:|1652150016
|switch|p2a: megan the eggin|Chansey, F|100/100
|move|p1a: Moltres|Flamethrower|p2a: megan the eggin
|-damage|p2a: megan the eggin|80/100
|
|upkeep
|turn|56
|
|t:|1652150022
|move|p1a: Moltres|Roost|p1a: Moltres
|-heal|p1a: Moltres|100/100
|-singleturn|p1a: Moltres|move: Roost
|move|p2a: megan the eggin|Soft-Boiled|p2a: megan the eggin
|-heal|p2a: megan the eggin|100/100
|
|upkeep
|turn|57
|
|t:|1652150027
|move|p1a: Moltres|U-turn|p2a: megan the eggin
|-damage|p2a: megan the eggin|87/100
|
|t:|1652150035
|switch|p1a: Zarude|Zarude-Dada|68/100|[from]move: U-turn
|move|p2a: megan the eggin|Seismic Toss|p1a: Zarude
|-damage|p1a: Zarude|40/100
|
|upkeep
|turn|58
|j| Spitfire arcanine
|
|t:|1652150061
|switch|p2a: sturdy birdy|Skarmory, M|80/100
|move|p1a: Zarude|Darkest Lariat|p2a: sturdy birdy
|-damage|p2a: sturdy birdy|55/100
|-damage|p1a: Zarude|23/100|[from] item: Rocky Helmet|[of] p2a: sturdy birdy
|
|upkeep
|turn|59
|
|t:|1652150071
|switch|p1a: Moltres|Moltres|100/100
|move|p2a: sturdy birdy|Roost|p2a: sturdy birdy
|-heal|p2a: sturdy birdy|100/100
|-singleturn|p2a: sturdy birdy|move: Roost
|
|upkeep
|turn|60
|
|t:|1652150077
|switch|p2a: megan the eggin|Chansey, F|87/100
|move|p1a: Moltres|Flamethrower|p2a: megan the eggin
|-damage|p2a: megan the eggin|67/100
|
|upkeep
|turn|61
|
|t:|1652150084
|move|p1a: Moltres|U-turn|p2a: megan the eggin
|-damage|p2a: megan the eggin|53/100
|
|t:|1652150086
|switch|p1a: Zarude|Zarude-Dada|23/100|[from]move: U-turn
|move|p2a: megan the eggin|Soft-Boiled|p2a: megan the eggin
|-heal|p2a: megan the eggin|100/100
|
|upkeep
|turn|62
|
|t:|1652150092
|switch|p2a: sturdy birdy|Skarmory, M|100/100
|move|p1a: Zarude|Jungle Healing|p1a: Zarude
|-heal|p1a: Zarude|48/100
|
|upkeep
|turn|63
|
|t:|1652150107
|switch|p1a: Scizor|Scizor, F|73/100
|move|p2a: sturdy birdy|Iron Defense|p2a: sturdy birdy
|-boost|p2a: sturdy birdy|def|2
|
|upkeep
|turn|64
|
|t:|1652150113
|move|p2a: sturdy birdy|Body Press|p1a: Scizor
|-damage|p1a: Scizor|17/100
|move|p1a: Scizor|U-turn|p2a: sturdy birdy
|-resisted|p2a: sturdy birdy
|-damage|p2a: sturdy birdy|98/100
|-damage|p1a: Scizor|0 fnt|[from] item: Rocky Helmet|[of] p2a: sturdy birdy
|faint|p1a: Scizor
|
|upkeep
|
|t:|1652150119
|switch|p1a: Moltres|Moltres|100/100
|turn|65
|
|t:|1652150123
|switch|p2a: megan the eggin|Chansey, F|100/100
|move|p1a: Moltres|U-turn|p2a: megan the eggin
|-damage|p2a: megan the eggin|87/100
|
|t:|1652150129
|switch|p1a: Mamoswine|Mamoswine, F|24/100 tox|[from]move: U-turn
|
|-damage|p1a: Mamoswine|18/100 tox|[from] psn
|upkeep
|turn|66
|
|t:|1652150139
|move|p1a: Mamoswine|Earthquake|p2a: megan the eggin
|-damage|p2a: megan the eggin|10/100
|move|p2a: megan the eggin|Soft-Boiled|p2a: megan the eggin
|-heal|p2a: megan the eggin|60/100
|
|-damage|p1a: Mamoswine|5/100 tox|[from] psn
|upkeep
|turn|67
|
|t:|1652150149
|switch|p1a: Moltres|Moltres|100/100
|switch|p2a: freezey breezey|Articuno|75/100
|-ability|p2a: freezey breezey|Pressure
|
|upkeep
|turn|68
|
|t:|1652150155
|move|p1a: Moltres|Flamethrower|p2a: freezey breezey
|-supereffective|p2a: freezey breezey
|-damage|p2a: freezey breezey|30/100
|move|p2a: freezey breezey|Roost|p2a: freezey breezey
|-heal|p2a: freezey breezey|80/100
|-singleturn|p2a: freezey breezey|move: Roost
|
|upkeep
|turn|69
|
|t:|1652150162
|move|p1a: Moltres|Flamethrower|p2a: freezey breezey
|-supereffective|p2a: freezey breezey
|-damage|p2a: freezey breezey|30/100
|move|p2a: freezey breezey|Roost|p2a: freezey breezey
|-heal|p2a: freezey breezey|80/100
|-singleturn|p2a: freezey breezey|move: Roost
|
|upkeep
|turn|70
|
|t:|1652150169
|switch|p2a: megan the eggin|Chansey, F|60/100
|move|p1a: Moltres|Flamethrower|p2a: megan the eggin
|-damage|p2a: megan the eggin|41/100
|
|upkeep
|turn|71
|
|t:|1652150174
|move|p1a: Moltres|U-turn|p2a: megan the eggin
|-damage|p2a: megan the eggin|27/100
|
|t:|1652150177
|switch|p1a: Zarude|Zarude-Dada|48/100|[from]move: U-turn
|move|p2a: megan the eggin|Soft-Boiled|p2a: megan the eggin
|-heal|p2a: megan the eggin|77/100
|
|upkeep
|turn|72
|
|t:|1652150188
|switch|p2a: sturdy birdy|Skarmory, M|98/100
|move|p1a: Zarude|Jungle Healing|p1a: Zarude
|-heal|p1a: Zarude|73/100
|
|upkeep
|turn|73
|
|t:|1652150204
|switch|p1a: Moltres|Moltres|100/100
|move|p2a: sturdy birdy|Roost|p2a: sturdy birdy
|-heal|p2a: sturdy birdy|100/100
|-singleturn|p2a: sturdy birdy|move: Roost
|
|upkeep
|turn|74
|
|t:|1652150209
|switch|p2a: squealy sealy|Primarina, F|79/100
|move|p1a: Moltres|Flamethrower|p2a: squealy sealy
|-resisted|p2a: squealy sealy
|-damage|p2a: squealy sealy|65/100
|
|-heal|p2a: squealy sealy|71/100|[from] item: Leftovers
|upkeep
|turn|75
|
|t:|1652150220
|move|p1a: Moltres|U-turn|p2a: squealy sealy
|-resisted|p2a: squealy sealy
|-damage|p2a: squealy sealy|63/100
|
|t:|1652150223
|switch|p1a: Swampert|Swampert, F|94/100 tox|[from]move: U-turn
|move|p2a: squealy sealy|Calm Mind|p2a: squealy sealy
|-boost|p2a: squealy sealy|spa|1
|-boost|p2a: squealy sealy|spd|1
|
|-heal|p2a: squealy sealy|69/100|[from] item: Leftovers
|-heal|p1a: Swampert|100/100 tox|[from] item: Leftovers
|-damage|p1a: Swampert|94/100 tox|[from] psn
|upkeep
|turn|76
|
|t:|1652150236
|switch|p2a: sturdy birdy|Skarmory, M|100/100
|move|p1a: Swampert|Toxic|p2a: sturdy birdy
|-immune|p2a: sturdy birdy
|
|-heal|p1a: Swampert|100/100 tox|[from] item: Leftovers
|-damage|p1a: Swampert|88/100 tox|[from] psn
|upkeep
|turn|77
|
|t:|1652150246
|switch|p1a: Moltres|Moltres|100/100
|move|p2a: sturdy birdy|Body Press|p1a: Moltres
|-resisted|p1a: Moltres
|-damage|p1a: Moltres|86/100
|-status|p2a: sturdy birdy|brn|[from] ability: Flame Body|[of] p1a: Moltres
|
|-damage|p2a: sturdy birdy|94/100 brn|[from] brn
|upkeep
|turn|78
|
|t:|1652150255
|switch|p2a: megan the eggin|Chansey, F|77/100
|move|p1a: Moltres|U-turn|p2a: megan the eggin
|-damage|p2a: megan the eggin|63/100
|
|t:|1652150258
|switch|p1a: Mamoswine|Mamoswine, F|5/100 tox|[from]move: U-turn
|
|-damage|p1a: Mamoswine|0 fnt|[from] psn
|faint|p1a: Mamoswine
|upkeep
|
|t:|1652150278
|switch|p1a: Swampert|Swampert, F|88/100 tox
|turn|79
|
|t:|1652150304
|move|p1a: Swampert|Stealth Rock|p2a: megan the eggin
|-sidestart|p2: pif|move: Stealth Rock
|move|p2a: megan the eggin|Aromatherapy|p2a: megan the eggin
|-activate|p2a: megan the eggin|move: Aromatherapy
|-curestatus|p2: sturdy birdy|brn|[msg]
|
|-heal|p1a: Swampert|94/100 tox|[from] item: Leftovers
|-damage|p1a: Swampert|88/100 tox|[from] psn
|upkeep
|turn|80
|
|t:|1652150311
|move|p1a: Swampert|Flip Turn|p2a: megan the eggin
|-damage|p2a: megan the eggin|42/100
|
|t:|1652150326
|switch|p1a: Moltres|Moltres|86/100|[from]move: Flip Turn
|move|p2a: megan the eggin|Soft-Boiled|p2a: megan the eggin
|-heal|p2a: megan the eggin|92/100
|
|upkeep
|turn|81
|
|t:|1652150339
|move|p1a: Moltres|Flamethrower|p2a: megan the eggin
|-damage|p2a: megan the eggin|71/100
|move|p2a: megan the eggin|Toxic|p1a: Moltres
|-status|p1a: Moltres|tox
|
|-damage|p1a: Moltres|79/100 tox|[from] psn
|upkeep
|turn|82
|
|t:|1652150346
|move|p1a: Moltres|U-turn|p2a: megan the eggin
|-damage|p2a: megan the eggin|57/100
|
|t:|1652150352
|switch|p1a: Zarude|Zarude-Dada|73/100|[from]move: U-turn
|move|p2a: megan the eggin|Soft-Boiled|p2a: megan the eggin
|-heal|p2a: megan the eggin|100/100
|
|upkeep
|turn|83
|
|t:|1652150358
|switch|p2a: sturdy birdy|Skarmory, M|94/100
|-damage|p2a: sturdy birdy|82/100|[from] Stealth Rock
|move|p1a: Zarude|Darkest Lariat|p2a: sturdy birdy
|-damage|p2a: sturdy birdy|55/100
|-damage|p1a: Zarude|57/100|[from] item: Rocky Helmet|[of] p2a: sturdy birdy
|
|upkeep
|turn|84
|
|t:|1652150369
|switch|p1a: Moltres|Moltres|79/100 tox
|move|p2a: sturdy birdy|Defog|p1a: Moltres
|-unboost|p1a: Moltres|evasion|1
|-sideend|p2: pif|Stealth Rock|[from] move: Defog|[of] p2a: sturdy birdy
|
|-damage|p1a: Moltres|73/100 tox|[from] psn
|upkeep
|turn|85
|
|t:|1652150377
|switch|p2a: squealy sealy|Primarina, F|69/100
|move|p1a: Moltres|U-turn|p2a: squealy sealy
|-resisted|p2a: squealy sealy
|-damage|p2a: squealy sealy|61/100
|
|t:|1652150379
|switch|p1a: Zarude|Zarude-Dada|57/100|[from]move: U-turn
|
|-heal|p2a: squealy sealy|68/100|[from] item: Leftovers
|upkeep
|turn|86
|
|t:|1652150387
|switch|p2a: sturdy birdy|Skarmory, M|55/100
|move|p1a: Zarude|Jungle Healing|p1a: Zarude
|-heal|p1a: Zarude|82/100
|
|upkeep
|turn|87
|
|t:|1652150399
|switch|p1a: Primarina|Primarina, M|77/100 slp
|move|p2a: sturdy birdy|Roost|p2a: sturdy birdy
|-heal|p2a: sturdy birdy|100/100
|-singleturn|p2a: sturdy birdy|move: Roost
|
|-heal|p1a: Primarina|83/100 slp|[from] item: Leftovers
|upkeep
|turn|88
|
|t:|1652150409
|switch|p2a: jelly bish|Nihilego|24/100
|-curestatus|p1a: Primarina|slp|[msg]
|move|p1a: Primarina|Calm Mind|p1a: Primarina
|-boost|p1a: Primarina|spa|1
|-boost|p1a: Primarina|spd|1
|
|-heal|p2a: jelly bish|30/100|[from] item: Black Sludge
|-heal|p1a: Primarina|89/100|[from] item: Leftovers
|upkeep
|turn|89
|j| Whiteout 75
|
|t:|1652150421
|move|p2a: jelly bish|Knock Off|p1a: Primarina
|-resisted|p1a: Primarina
|-damage|p1a: Primarina|85/100
|-enditem|p1a: Primarina|Leftovers|[from] move: Knock Off|[of] p2a: jelly bish
|move|p1a: Primarina|Moonblast|p2a: jelly bish
|-resisted|p2a: jelly bish
|-damage|p2a: jelly bish|8/100
|-unboost|p2a: jelly bish|spa|1
|
|-heal|p2a: jelly bish|14/100|[from] item: Black Sludge
|upkeep
|turn|90
|
|t:|1652150429
|switch|p2a: freezey breezey|Articuno|80/100
|-ability|p2a: freezey breezey|Pressure
|move|p1a: Primarina|Moonblast|p2a: freezey breezey
|-damage|p2a: freezey breezey|45/100
|
|upkeep
|turn|91
|
|t:|1652150439
|move|p2a: freezey breezey|Roost|p2a: freezey breezey
|-heal|p2a: freezey breezey|95/100
|-singleturn|p2a: freezey breezey|move: Roost
|move|p1a: Primarina|Moonblast|p2a: freezey breezey
|-damage|p2a: freezey breezey|59/100
|
|upkeep
|turn|92
|
|t:|1652150443
|switch|p1a: Moltres|Moltres|73/100 tox
|move|p2a: freezey breezey|Roost|p2a: freezey breezey
|-heal|p2a: freezey breezey|100/100
|-singleturn|p2a: freezey breezey|move: Roost
|
|-damage|p1a: Moltres|67/100 tox|[from] psn
|upkeep
|turn|93
|
|t:|1652150463
|switch|p2a: squealy sealy|Primarina, F|68/100
|move|p1a: Moltres|Flamethrower|p2a: squealy sealy
|-resisted|p2a: squealy sealy
|-damage|p2a: squealy sealy|54/100
|
|-heal|p2a: squealy sealy|60/100|[from] item: Leftovers
|-damage|p1a: Moltres|54/100 tox|[from] psn
|upkeep
|turn|94
|inactive|pif has 120 seconds left.
|
|t:|1652150496
|switch|p1a: Zarude|Zarude-Dada|82/100
|move|p2a: squealy sealy|Scald|p1a: Zarude
|-resisted|p1a: Zarude
|-damage|p1a: Zarude|64/100
|-status|p1a: Zarude|brn
|
|-heal|p2a: squealy sealy|66/100|[from] item: Leftovers
|-damage|p1a: Zarude|58/100 brn|[from] brn
|upkeep
|turn|95
|
|t:|1652150501
|move|p1a: Zarude|Jungle Healing|p1a: Zarude
|-heal|p1a: Zarude|83/100 brn
|-curestatus|p1a: Zarude|brn|[msg]
|move|p2a: squealy sealy|Moonblast|p1a: Zarude
|-supereffective|p1a: Zarude
|-damage|p1a: Zarude|0 fnt
|faint|p1a: Zarude
|
|-heal|p2a: squealy sealy|72/100|[from] item: Leftovers
|upkeep
|-message|UULT92q Benjymin forfeited.
|
|win|pif
|raw|UULT92q Benjymin's rating: 1395 &rarr; <strong>1389</strong><br />(-6 for losing)
|raw|pif's rating: 1696 &rarr; <strong>1702</strong><br />(+6 for winning)
|l|☆UULT92q Benjymin
|c|☆pif|gg
|l|☆pif
|l| Whiteout 75
