|j|☆PlasticPinnochio
|j|☆Ryan Figon
|t:|1633321311
|gametype|singles
|player|p1|PlasticPinnochio|policeman|1418
|player|p2|Ryan Figon|ethan|1466
|teamsize|p1|6
|teamsize|p2|6
|gen|8
|tier|[Gen 8] UU
|rated|
|rule|Sleep Clause Mod: Limit one foe put to sleep
|rule|Species Clause: Limit one of each Pokémon
|rule|OHKO Clause: OHKO moves are banned
|rule|Evasion Moves Clause: Evasion moves are banned
|rule|Endless Battle Clause: Forcing endless battles is banned
|rule|HP Percentage Mod: HP is shown in percentages
|rule|Dynamax Clause: You cannot dynamax
|clearpoke
|poke|p1|Azumarill, M|
|poke|p1|Latias, F|
|poke|p1|Excadrill, M|
|poke|p1|Slowbro-Galar, M|
|poke|p1|Mandibuzz, F|
|poke|p1|Zarude-Dada|
|poke|p2|Skarmory, F|
|poke|p2|Drampa, F|
|poke|p2|Zoroark, M|
|poke|p2|Hatterene, F|
|poke|p2|Thundurus-Therian, M|
|poke|p2|Cursola, F|
|teampreview
|inactive|Battle timer is ON: inactive players will automatically lose when time's up. (requested by PlasticPinnochio)
|inactive|Ryan Figon has 120 seconds left.
|inactive|Ryan Figon has 90 seconds left.
|
|t:|1633321387
|start
|switch|p1a: Zarude|Zarude-Dada|100/100
|switch|p2a: Skarmory|Skarmory, F|100/100
|turn|1
|inactive|Ryan Figon has 120 seconds left.
|
|t:|1633321424
|move|p1a: Zarude|U-turn|p2a: Skarmory
|-resisted|p2a: Skarmory
|-damage|p2a: Skarmory|96/100
|
|t:|1633321443
|switch|p1a: bitchy sissy|Latias, F|100/100|[from]move: U-turn
|move|p2a: Skarmory|Dark Pulse|p1a: bitchy sissy
|-supereffective|p1a: bitchy sissy
|-damage|p1a: bitchy sissy|59/100
|
|upkeep
|turn|2
|inactive|Ryan Figon has 120 seconds left.
|
|t:|1633321458
|switch|p2a: Hatterene|Hatterene, F|100/100
|move|p1a: bitchy sissy|Thunderbolt|p2a: Hatterene
|-damage|p2a: Hatterene|72/100
|
|upkeep
|turn|3
|inactive|Ryan Figon has 120 seconds left.
|
|t:|1633321478
|switch|p1a: funny bunny|Azumarill, M|100/100
|move|p2a: Hatterene|Swords Dance|p2a: Hatterene
|-boost|p2a: Hatterene|atk|2
|
|upkeep
|turn|4
|
|t:|1633321493
|move|p1a: funny bunny|Liquidation|p2a: Hatterene
|-damage|p2a: Hatterene|12/100
|move|p2a: Hatterene|Power Whip|p1a: funny bunny
|-supereffective|p1a: funny bunny
|-damage|p1a: funny bunny|0 fnt
|faint|p1a: funny bunny
|
|upkeep
|
|t:|1633321501
|switch|p1a: holy moley|Excadrill, M|100/100
|-ability|p1a: holy moley|Mold Breaker
|turn|5
|inactive|Ryan Figon has 120 seconds left.
|
|t:|1633321522
|switch|p2a: Skarmory|Skarmory, F|96/100
|move|p1a: holy moley|Rapid Spin|p2a: Skarmory
|-resisted|p2a: Skarmory
|-damage|p2a: Skarmory|88/100
|-boost|p1a: holy moley|spe|1
|
|upkeep
|turn|6
|inactive|Ryan Figon has 120 seconds left.
|
|t:|1633321537
|move|p1a: holy moley|Stealth Rock|p2a: Skarmory
|-sidestart|p2: Ryan Figon|move: Stealth Rock
|move|p2a: Skarmory|Icy Wind|p1a: holy moley|[miss]
|-miss|p2a: Skarmory|p1a: holy moley
|
|upkeep
|turn|7
|
|t:|1633321549
|switch|p1a: glowbro|Slowbro-Galar, M|100/100
|move|p2a: Skarmory|Icy Wind|p1a: glowbro
|-damage|p1a: glowbro|83/100
|-unboost|p1a: glowbro|spe|1
|
|upkeep
|turn|8
|inactive|Ryan Figon has 120 seconds left.
|
|t:|1633321571
|switch|p2a: Hatterene|Hatterene, F|12/100
|-damage|p2a: Hatterene|0 fnt|[from] Stealth Rock
|faint|p2a: Hatterene
|move|p1a: glowbro|Flamethrower|p2: Hatterene|[notarget]
|-fail|p1a: glowbro
|
|upkeep
|
|t:|1633321576
|switch|p2a: Cursola|Cursola, F|100/100
|-damage|p2a: Cursola|88/100|[from] Stealth Rock
|turn|9
|
|t:|1633321579
|switch|p1a: fuzzy buzzy|Mandibuzz, F|100/100
|move|p2a: Cursola|Blizzard|p1a: fuzzy buzzy
|-supereffective|p1a: fuzzy buzzy
|-damage|p1a: fuzzy buzzy|44/100
|
|upkeep
|turn|10
|inactive|Ryan Figon has 120 seconds left.
|inactive|Ryan Figon has 90 seconds left.
|
|t:|1633321624
|switch|p2a: Thundurus|Thundurus-Therian, M|100/100
|move|p1a: fuzzy buzzy|Roost|p1a: fuzzy buzzy
|-heal|p1a: fuzzy buzzy|94/100
|-singleturn|p1a: fuzzy buzzy|move: Roost
|
|upkeep
|turn|11
|
|t:|1633321630
|move|p2a: Thundurus|Defog|p1a: fuzzy buzzy
|-unboost|p1a: fuzzy buzzy|evasion|1
|-sideend|p2: Ryan Figon|Stealth Rock|[from] move: Defog|[of] p2a: Thundurus
|move|p1a: fuzzy buzzy|U-turn|p2a: Thundurus
|-resisted|p2a: Thundurus
|-damage|p2a: Thundurus|96/100
|
|t:|1633321634
|switch|p1a: Zarude|Zarude-Dada|100/100|[from]move: U-turn
|
|upkeep
|turn|12
|
|t:|1633321640
|move|p1a: Zarude|U-turn|p2a: Thundurus
|-resisted|p2a: Thundurus
|-damage|p2a: Thundurus|85/100
|
|t:|1633321644
|switch|p1a: bitchy sissy|Latias, F|59/100|[from]move: U-turn
|move|p2a: Thundurus|Toxic|p1a: bitchy sissy
|-status|p1a: bitchy sissy|tox
|
|-damage|p1a: bitchy sissy|53/100 tox|[from] psn
|upkeep
|turn|13
|
|t:|1633321654
|move|p2a: Thundurus|Protect|p2a: Thundurus
|-singleturn|p2a: Thundurus|Protect
|move|p1a: bitchy sissy|Draco Meteor|p2a: Thundurus
|-activate|p2a: Thundurus|move: Protect
|
|-damage|p1a: bitchy sissy|41/100 tox|[from] psn
|upkeep
|turn|14
|
|t:|1633321677
|move|p1a: bitchy sissy|Roost|p1a: bitchy sissy
|-heal|p1a: bitchy sissy|91/100 tox
|-singleturn|p1a: bitchy sissy|move: Roost
|move|p2a: Thundurus|Taunt|p1a: bitchy sissy
|-start|p1a: bitchy sissy|move: Taunt
|
|-damage|p1a: bitchy sissy|73/100 tox|[from] psn
|upkeep
|turn|15
|inactive|Ryan Figon has 90 seconds left.
|
|t:|1633321701
|switch|p1a: glowbro|Slowbro-Galar, M|100/100
|move|p2a: Thundurus|Protect||[still]
|-fail|p2a: Thundurus
|
|upkeep
|turn|16
|
|t:|1633321710
|move|p2a: Thundurus|Protect|p2a: Thundurus
|-singleturn|p2a: Thundurus|Protect
|move|p1a: glowbro|Shell Side Arm|p2a: Thundurus|[anim] Shell Side Arm Special
|-activate|p2a: Thundurus|move: Protect
|
|upkeep
|turn|17
|
|t:|1633321725
|switch|p2a: Drampa|Drampa, F|100/100
|move|p1a: glowbro|Shell Side Arm|p2a: Drampa|[anim] Shell Side Arm Physical
|-damage|p2a: Drampa|69/100
|-hint|Physical Shell Side Arm
|-status|p2a: Drampa|psn
|
|-heal|p2a: Drampa|75/100 psn|[from] item: Leftovers
|-damage|p2a: Drampa|63/100 psn|[from] psn
|upkeep
|turn|18
|
|t:|1633321734
|move|p2a: Drampa|Calm Mind|p2a: Drampa
|-boost|p2a: Drampa|spa|1
|-boost|p2a: Drampa|spd|1
|move|p1a: glowbro|Calm Mind|p1a: glowbro
|-boost|p1a: glowbro|spa|1
|-boost|p1a: glowbro|spd|1
|
|-heal|p2a: Drampa|69/100 psn|[from] item: Leftovers
|-damage|p2a: Drampa|57/100 psn|[from] psn
|upkeep
|turn|19
|inactive|Ryan Figon has 90 seconds left.
|
|t:|1633321757
|move|p2a: Drampa|Calm Mind|p2a: Drampa
|-boost|p2a: Drampa|spa|1
|-boost|p2a: Drampa|spd|1
|move|p1a: glowbro|Shell Side Arm|p2a: Drampa|[anim] Shell Side Arm Physical
|-damage|p2a: Drampa|24/100 psn
|-hint|Physical Shell Side Arm
|-ability|p2a: Drampa|Berserk|boost
|-boost|p2a: Drampa|spa|1
|
|-heal|p2a: Drampa|30/100 psn|[from] item: Leftovers
|-damage|p2a: Drampa|17/100 psn|[from] psn
|upkeep
|turn|20
|
|t:|1633321762
|move|p2a: Drampa|Rest|p2a: Drampa
|-status|p2a: Drampa|slp|[from] move: Rest
|-heal|p2a: Drampa|100/100 slp|[silent]
|move|p1a: glowbro|Shell Side Arm|p2a: Drampa|[anim] Shell Side Arm Physical
|-damage|p2a: Drampa|69/100 slp
|-hint|Physical Shell Side Arm
|
|-heal|p2a: Drampa|75/100 slp|[from] item: Leftovers
|upkeep
|turn|21
|
|t:|1633321766
|cant|p2a: Drampa|slp
|move|p2a: Drampa|Snore|p1a: glowbro
|-damage|p1a: glowbro|48/100
|cant|p1a: glowbro|flinch
|
|-heal|p2a: Drampa|81/100 slp|[from] item: Leftovers
|upkeep
|turn|22
|
|t:|1633321774
|switch|p1a: holy moley|Excadrill, M|100/100
|-ability|p1a: holy moley|Mold Breaker
|cant|p2a: Drampa|slp
|move|p2a: Drampa|Snore|p1a: holy moley
|-resisted|p1a: holy moley
|-damage|p1a: holy moley|62/100
|
|-heal|p1a: holy moley|68/100|[from] item: Leftovers
|-heal|p2a: Drampa|87/100 slp|[from] item: Leftovers
|upkeep
|turn|23
|inactive|Ryan Figon has 120 seconds left.
|
|t:|1633321797
|switch|p2a: Skarmory|Skarmory, F|88/100
|move|p1a: holy moley|Iron Head|p2a: Skarmory
|-resisted|p2a: Skarmory
|-damage|p2a: Skarmory|69/100
|
|-heal|p1a: holy moley|74/100|[from] item: Leftovers
|upkeep
|turn|24
|
|t:|1633321821
|move|p1a: holy moley|Stealth Rock|p2a: Skarmory
|-sidestart|p2: Ryan Figon|move: Stealth Rock
|move|p2a: Skarmory|Dark Pulse|p1a: holy moley
|-damage|p1a: holy moley|49/100
|
|-heal|p1a: holy moley|55/100|[from] item: Leftovers
|upkeep
|turn|25
|
|t:|1633321831
|switch|p1a: Zarude|Zarude-Dada|100/100
|switch|p2a: Thundurus|Thundurus-Therian, M|85/100
|
|upkeep
|turn|26
|
|t:|1633321836
|move|p1a: Zarude|Darkest Lariat|p2a: Thundurus
|-damage|p2a: Thundurus|52/100
|move|p2a: Thundurus|Defog|p1a: Zarude
|-unboost|p1a: Zarude|evasion|1
|-sideend|p2: Ryan Figon|Stealth Rock|[from] move: Defog|[of] p2a: Thundurus
|
|upkeep
|turn|27
|
|t:|1633321846
|move|p1a: Zarude|Darkest Lariat|p2a: Thundurus
|-damage|p2a: Thundurus|14/100
|move|p2a: Thundurus|Toxic|p1a: Zarude
|-status|p1a: Zarude|tox
|
|-damage|p1a: Zarude|95/100 tox|[from] psn
|upkeep
|turn|28
|
|t:|1633321857
|switch|p1a: glowbro|Slowbro-Galar, M|81/100
|move|p2a: Thundurus|Toxic|p1a: glowbro
|-immune|p1a: glowbro
|
|upkeep
|turn|29
|
|t:|1633321866
|move|p2a: Thundurus|Taunt|p1a: glowbro
|-start|p1a: glowbro|move: Taunt
|move|p1a: glowbro|Flamethrower|p2a: Thundurus
|-damage|p2a: Thundurus|0 fnt
|faint|p2a: Thundurus
|
|upkeep
|inactive|Ryan Figon has 90 seconds left.
|
|t:|1633321897
|switch|p2a: Cursola|Cursola, F|88/100
|turn|30
|
|t:|1633321900
|move|p2a: Cursola|Blizzard|p1a: glowbro|[miss]
|-miss|p2a: Cursola|p1a: glowbro
|-enditem|p2a: Cursola|Blunder Policy
|-boost|p2a: Cursola|spe|2
|move|p1a: glowbro|Shell Side Arm|p2a: Cursola|[anim] Shell Side Arm Physical
|-resisted|p2a: Cursola
|-damage|p2a: Cursola|55/100
|-hint|Physical Shell Side Arm
|-ability|p2a: Cursola|Weak Armor|boost
|-unboost|p2a: Cursola|def|1
|-boost|p2a: Cursola|spe|2
|
|upkeep
|turn|31
|
|t:|1633321910
|move|p2a: Cursola|Shadow Ball|p1a: glowbro
|-supereffective|p1a: glowbro
|-enditem|p1a: glowbro|Kasib Berry|[eat]
|-enditem|p1a: glowbro|Kasib Berry|[weaken]
|-damage|p1a: glowbro|33/100
|-unboost|p1a: glowbro|spd|1
|move|p1a: glowbro|Shell Side Arm|p2a: Cursola|[anim] Shell Side Arm Physical
|-resisted|p2a: Cursola
|-damage|p2a: Cursola|0 fnt
|-hint|Physical Shell Side Arm
|faint|p2a: Cursola
|
|-end|p1a: glowbro|move: Taunt
|upkeep
|inactive|Ryan Figon has 90 seconds left.
|
|t:|1633321955
|switch|p2a: Drampa|Drampa, F|87/100 slp
|turn|32
|
|t:|1633321960
|switch|p1a: holy moley|Excadrill, M|55/100
|-ability|p1a: holy moley|Mold Breaker
|-curestatus|p2a: Drampa|slp|[msg]
|move|p2a: Drampa|Calm Mind|p2a: Drampa
|-boost|p2a: Drampa|spa|1
|-boost|p2a: Drampa|spd|1
|
|-heal|p1a: holy moley|61/100|[from] item: Leftovers
|-heal|p2a: Drampa|93/100|[from] item: Leftovers
|upkeep
|turn|33
|
|t:|1633321968
|move|p1a: holy moley|High Horsepower|p2a: Drampa
|-damage|p2a: Drampa|34/100
|-ability|p2a: Drampa|Berserk|boost
|-boost|p2a: Drampa|spa|1
|move|p2a: Drampa|Calm Mind|p2a: Drampa
|-boost|p2a: Drampa|spa|1
|-boost|p2a: Drampa|spd|1
|
|-heal|p1a: holy moley|67/100|[from] item: Leftovers
|-heal|p2a: Drampa|40/100|[from] item: Leftovers
|upkeep
|turn|34
|inactive|Ryan Figon has 90 seconds left.
|
|t:|1633321974
|switch|p2a: Skarmory|Skarmory, F|69/100
|move|p1a: holy moley|High Horsepower|p2a: Skarmory
|-immune|p2a: Skarmory
|
|-heal|p1a: holy moley|73/100|[from] item: Leftovers
|upkeep
|turn|35
|inactive|Ryan Figon has 90 seconds left.
|
|t:|1633321997
|move|p1a: holy moley|Stealth Rock|p2a: Skarmory
|-sidestart|p2: Ryan Figon|move: Stealth Rock
|move|p2a: Skarmory|Steel Beam|p1a: holy moley
|-resisted|p1a: holy moley
|-damage|p1a: holy moley|40/100
|-damage|p2a: Skarmory|19/100|[from] mindblown
|
|-heal|p1a: holy moley|46/100|[from] item: Leftovers
|upkeep
|turn|36
|
|t:|1633322003
|move|p1a: holy moley|Iron Head|p2a: Skarmory
|-resisted|p2a: Skarmory
|-damage|p2a: Skarmory|1/100
|cant|p2a: Skarmory|flinch
|
|-heal|p1a: holy moley|52/100|[from] item: Leftovers
|upkeep
|turn|37
|
|t:|1633322008
|move|p1a: holy moley|Rapid Spin|p2a: Skarmory
|-resisted|p2a: Skarmory
|-damage|p2a: Skarmory|0 fnt
|-boost|p1a: holy moley|spe|1
|faint|p2a: Skarmory
|
|-heal|p1a: holy moley|58/100|[from] item: Leftovers
|upkeep
|
|t:|1633322013
|switch|p2a: Drampa|Drampa, F|100/100
|-damage|p2a: Drampa|88/100|[from] Stealth Rock
|turn|38
|
|t:|1633322019
|move|p1a: holy moley|High Horsepower|p2a: Drampa
|-damage|p2a: Drampa|0 fnt
|replace|p2a: Zoroark|Zoroark, M
|-end|p2a: Zoroark|Illusion
|faint|p2a: Zoroark
|
|-heal|p1a: holy moley|64/100|[from] item: Leftovers
|upkeep
|c|☆PlasticPinnochio|gg
|
|t:|1633322024
|switch|p2a: Drampa|Drampa, F|40/100
|-damage|p2a: Drampa|27/100|[from] Stealth Rock
|turn|39
|c|☆Ryan Figon|gg wp
|
|t:|1633322029
|move|p1a: holy moley|Iron Head|p2a: Drampa
|-damage|p2a: Drampa|0 fnt
|faint|p2a: Drampa
|
|win|PlasticPinnochio
|raw|PlasticPinnochio's rating: 1418 &rarr; <strong>1441</strong><br />(+23 for winning)
|raw|Ryan Figon's rating: 1466 &rarr; <strong>1443</strong><br />(-23 for losing)
|l|☆Ryan Figon
|c|☆PlasticPinnochio|wackiest team i've ever seen lmao
|l|☆PlasticPinnochio
|j|☆PlasticPinnochio
|player|p1|PlasticPinnochio|policeman
