|j|☆esqimo589
|j|☆TesterCheetos II
|t:|1664584194
|gametype|singles
|player|p1|esqimo589|n|1346
|player|p2|TesterCheetos II|fantina|1229
|teamsize|p1|6
|teamsize|p2|6
|gen|8
|tier|[Gen 8] UU
|rated|
|rule|Sleep Clause Mod: Limit one foe put to sleep
|rule|Species Clause: Limit one of each Pokémon
|rule|OHKO Clause: OHKO moves are banned
|rule|Evasion Items Clause: Evasion items are banned
|rule|Evasion Moves Clause: Evasion moves are banned
|rule|Endless Battle Clause: Forcing endless battles is banned
|rule|HP Percentage Mod: HP is shown in percentages
|rule|Dynamax Clause: You cannot dynamax
|clearpoke
|poke|p1|Entei|
|poke|p1|Hatterene, F|
|poke|p1|Cobalion|
|poke|p1|Raikou|
|poke|p1|Tangrowth, M|
|poke|p1|Salamence, M|
|poke|p2|Cobalion|
|poke|p2|Chansey, F|
|poke|p2|Roserade, F|
|poke|p2|Starmie|
|poke|p2|Mandibuzz, F|
|poke|p2|Thundurus-Therian, M|
|teampreview
|inactive|Battle timer is ON: inactive players will automatically lose when time's up. (requested by esqimo589)
|c|☆TesterCheetos II|glhf
|c|☆esqimo589|is that
|inactive|esqimo589 has 120 seconds left.
|inactive|TesterCheetos II has 120 seconds left.
|c|☆esqimo589|totomon
|c|☆TesterCheetos II|i am alting yes
|c|☆esqimo589|k
|j| scrimded
|c|☆esqimo589|i havent acually checked the paste i left because bored lmao
|inactive|esqimo589 has 90 seconds left.
|
|t:|1664584257
|start
|switch|p1a: Cobalion|Cobalion|100/100
|switch|p2a: Roserade|Roserade, F|100/100
|turn|1
|j| Luirromen
|c| scrimded|the team has entei on it
|c| scrimded|i thought that mon didn't exist
|c|☆TesterCheetos II|entei vs fire resist chansey
|inactive|TesterCheetos II has 120 seconds left.
|c|☆TesterCheetos II|hm
|c|☆esqimo589|hm
|c|☆esqimo589|and starmie dont forget that
|c| Luirromen|Entei is gonna click Sacred Fire 6 times
|c| Luirromen|:skull:
|
|t:|1664584303
|move|p1a: Cobalion|Volt Switch|p2a: Roserade
|-resisted|p2a: Roserade
|-damage|p2a: Roserade|94/100
|
|t:|1664584306
|switch|p1a: Hatterene|Hatterene, F|100/100|[from]move: Volt Switch
|move|p2a: Roserade|Spikes|p1a: Hatterene
|move|p1a: Hatterene|Spikes|p2a: Roserade|[from]ability: Magic Bounce
|-sidestart|p2: TesterCheetos II|Spikes
|
|-heal|p2a: Roserade|100/100|[from] item: Black Sludge
|upkeep
|turn|2
|c|☆TesterCheetos II|i sludged
|c|☆TesterCheetos II|in my heart
|c|☆esqimo589|yes you did
|j| RauhTr
|c|☆esqimo589|fortunately for you i have 0 sludge switch ins
|c|☆esqimo589|i made this team like 2 seconds ago
|inactive|esqimo589 has 120 seconds left.
|
|t:|1664584334
|move|p2a: Roserade|Sludge Bomb|p1a: Hatterene
|-supereffective|p1a: Hatterene
|-damage|p1a: Hatterene|16/100
|-status|p1a: Hatterene|psn
|move|p1a: Hatterene|Psyshock|p2a: Roserade
|-supereffective|p2a: Roserade
|-damage|p2a: Roserade|14/100
|
|-heal|p2a: Roserade|20/100|[from] item: Black Sludge
|-heal|p1a: Hatterene|22/100 psn|[from] item: Leftovers
|-damage|p1a: Hatterene|9/100 psn|[from] psn
|upkeep
|turn|3
|c| Luirromen|evd
|c|☆TesterCheetos II|evd
|c|☆esqimo589|bro how tf did that not kill
|inactive|esqimo589 has 120 seconds left.
|c| Luirromen|s/o to me
|n|!esqimo589|esqimo589
|c|☆TesterCheetos II|roseslay
|l| RauhTr
|inactive|esqimo589 has 90 seconds left.
|
|t:|1664584383
|move|p2a: Roserade|Giga Drain|p1a: Hatterene
|-damage|p1a: Hatterene|0 fnt
|-heal|p2a: Roserade|24/100|[from] drain|[of] p1a: Hatterene
|faint|p1a: Hatterene
|
|-heal|p2a: Roserade|31/100|[from] item: Black Sludge
|upkeep
|j| StarFalcon555
|
|t:|1664584388
|switch|p1a: Entei|Entei|100/100
|turn|4
|c| Luirromen|pick
|c|☆TesterCheetos II|fuck
|
|t:|1664584396
|switch|p2a: Mandibuzz|Mandibuzz, F|100/100
|move|p1a: Entei|Sacred Fire|p2a: Mandibuzz
|-damage|p2a: Mandibuzz|59/100
|-status|p2a: Mandibuzz|brn
|
|-damage|p2a: Mandibuzz|53/100 brn|[from] brn
|upkeep
|turn|5
|
|t:|1664584403
|switch|p1a: Cobalion|Cobalion|100/100
|move|p2a: Mandibuzz|Roost|p2a: Mandibuzz
|-heal|p2a: Mandibuzz|100/100 brn
|-singleturn|p2a: Mandibuzz|move: Roost
|
|-damage|p2a: Mandibuzz|94/100 brn|[from] brn
|upkeep
|turn|6
|c| scrimded|entei ouch
|
|t:|1664584422
|move|p1a: Cobalion|Stone Edge|p2a: Mandibuzz
|-supereffective|p2a: Mandibuzz
|-damage|p2a: Mandibuzz|61/100 brn
|move|p2a: Mandibuzz|U-turn|p1a: Cobalion
|-resisted|p1a: Cobalion
|-damage|p1a: Cobalion|99/100
|-damage|p2a: Mandibuzz|45/100 brn|[from] item: Rocky Helmet|[of] p1a: Cobalion
|c| StarFalcon555|darm would have done more /s
|
|t:|1664584426
|switch|p2a: stars in the sky|Starmie|100/100|[from]move: U-turn
|-damage|p2a: stars in the sky|88/100|[from] Spikes
|
|upkeep
|turn|7
|c| Luirromen|pick
|c| scrimded|darm would have killed itself XD
|inactive|esqimo589 has 90 seconds left.
|inactive|TesterCheetos II has 120 seconds left.
|
|t:|1664584468
|move|p2a: stars in the sky|Hydro Pump|p1a: Cobalion
|-damage|p1a: Cobalion|0 fnt
|faint|p1a: Cobalion
|
|upkeep
|
|t:|1664584470
|switch|p1a: Raikou|Raikou|100/100
|turn|8
|c| Luirromen|gone
|c| scrimded|see and you guys didnt believe in rain starmie
|
|t:|1664584485
|switch|p2a: Thundurus|Thundurus-Therian, M|100/100
|move|p1a: Raikou|Thunderbolt|p2a: Thundurus
|-immune|p2a: Thundurus|[from] ability: Volt Absorb
|
|upkeep
|turn|9
|
|t:|1664584489
|move|p1a: Raikou|Scald|p2a: Thundurus
|-damage|p2a: Thundurus|64/100
|move|p2a: Thundurus|Knock Off|p1a: Raikou
|-damage|p1a: Raikou|75/100
|-enditem|p1a: Raikou|Heavy-Duty Boots|[from] move: Knock Off|[of] p2a: Thundurus
|
|upkeep
|turn|10
|c| scrimded|when it ohkos cobalion
|c| scrimded|even without rain
|
|t:|1664584496
|switch|p2a: Chansey|Chansey, F|100/100
|-damage|p2a: Chansey|88/100|[from] Spikes
|move|p1a: Raikou|Scald|p2a: Chansey
|-damage|p2a: Chansey|79/100
|
|upkeep
|turn|11
|c| scrimded|imagine what it could do
|
|t:|1664584503
|move|p1a: Raikou|Volt Switch|p2a: Chansey
|-damage|p2a: Chansey|69/100
|c| Luirromen|wait
|c| Luirromen|chansey just 6-0 now
|
|t:|1664584512
|switch|p1a: Entei|Entei|100/100|[from]move: Volt Switch
|move|p2a: Chansey|Stealth Rock|p1a: Entei
|-sidestart|p1: esqimo589|move: Stealth Rock
|
|upkeep
|turn|12
|
|t:|1664584525
|switch|p1a: Salamence|Salamence, M|100/100
|-ability|p1a: Salamence|Intimidate|boost
|-unboost|p2a: Chansey|atk|1
|move|p2a: Chansey|Soft-Boiled|p2a: Chansey
|-heal|p2a: Chansey|100/100
|
|upkeep
|turn|13
|
|t:|1664584528
|move|p1a: Salamence|Defog|p2a: Chansey
|-unboost|p2a: Chansey|evasion|1
|-sideend|p2: TesterCheetos II|Spikes|[from] move: Defog|[of] p1a: Salamence
|-sideend|p1: esqimo589|Stealth Rock|[from] move: Defog|[of] p1a: Salamence
|move|p2a: Chansey|Toxic|p1a: Salamence
|-status|p1a: Salamence|tox
|
|-damage|p1a: Salamence|94/100 tox|[from] psn
|upkeep
|turn|14
|
|t:|1664584533
|switch|p1a: Tangrowth|Tangrowth, M|100/100
|move|p2a: Chansey|Stealth Rock|p1a: Tangrowth
|-sidestart|p1: esqimo589|move: Stealth Rock
|
|upkeep
|turn|15
|-message|esqimo589 forfeited.
|
|win|TesterCheetos II
|raw|esqimo589's rating: 1346 &rarr; <strong>1320</strong><br />(-26 for losing)
|raw|TesterCheetos II's rating: 1229 &rarr; <strong>1262</strong><br />(+33 for winning)
|l|!esqimo589
|c|☆TesterCheetos II|theresthe hazard removal luirro
|c| scrimded|rip i thought
|c|☆TesterCheetos II|ggs
|c| Luirromen|:(
|c| scrimded|esqimo had good position
|c|☆TesterCheetos II|nah he just loses to chans
|c| scrimded|after hatterene bounced spikes
|c| scrimded|then coba died :C
||Ladder isn't responding, score probably updated but might not have (Request timeout).
