|j|☆bioche80
|j|☆therealgoago
|t:|1612631966
|player|p1|bioche80|li|1389
|player|p2|therealgoago|169|1300
|teamsize|p1|6
|teamsize|p2|6
|gametype|singles
|gen|8
|tier|[Gen 8] UU
|rated|
|clearpoke
|poke|p1|Tapu Bulu|
|poke|p1|Diancie|
|poke|p1|Victini|
|poke|p1|Scizor, M|
|poke|p1|Keldeo-Resolute|
|poke|p1|Tentacruel, F|
|poke|p2|Ninetales-Alola, F|
|poke|p2|Arctozolt|
|poke|p2|Skarmory, F|
|poke|p2|Lycanroc-Dusk, M|
|poke|p2|Chandelure, M|
|poke|p2|Rotom-Wash|
|rule|Sleep Clause Mod: Limit one foe put to sleep
|rule|Species Clause: Limit one of each Pokémon
|rule|OHKO Clause: OHKO moves are banned
|rule|Evasion Moves Clause: Evasion moves are banned
|rule|Endless Battle Clause: Forcing endless battles is banned
|rule|HP Percentage Mod: HP is shown in percentages
|rule|Dynamax Clause: You cannot dynamax
|teampreview
|
|t:|1612631981
|start
|switch|p1a: Scizor|Scizor, M|100/100
|switch|p2a: Hot boi|Chandelure, M, shiny|100/100
|turn|1
|
|t:|1612631997
|switch|p1a: Tentacruel|Tentacruel, F|100/100
|move|p2a: Hot boi|Shadow Ball|p1a: Tentacruel
|-damage|p1a: Tentacruel|49/100
|
|-heal|p1a: Tentacruel|55/100|[from] item: Black Sludge
|upkeep
|turn|2
|inactive|Battle timer is ON: inactive players will automatically lose when time's up. (requested by bioche80)
|
|t:|1612632053
|switch|p2a: Ninetales|Ninetales-Alola, F|100/100
|-weather|Hail|[from] ability: Snow Warning|[of] p2a: Ninetales
|move|p1a: Tentacruel|Scald|p2a: Ninetales
|-damage|p2a: Ninetales|78/100
|-status|p2a: Ninetales|brn
|
|-weather|Hail|[upkeep]
|-damage|p1a: Tentacruel|49/100|[from] Hail
|-heal|p1a: Tentacruel|55/100|[from] item: Black Sludge
|-damage|p2a: Ninetales|72/100 brn|[from] brn
|upkeep
|turn|3
|
|t:|1612632073
|switch|p1a: Scizor|Scizor, M|100/100
|move|p2a: Ninetales|Aurora Veil|p2a: Ninetales
|-sidestart|p2: therealgoago|move: Aurora Veil
|
|-weather|Hail|[upkeep]
|-damage|p1a: Scizor|94/100|[from] Hail
|-damage|p2a: Ninetales|66/100 brn|[from] brn
|upkeep
|turn|4
|
|t:|1612632088
|switch|p2a: Hot boi|Chandelure, M, shiny|100/100
|move|p1a: Scizor|Knock Off|p2a: Hot boi
|-supereffective|p2a: Hot boi
|-damage|p2a: Hot boi|43/100
|-enditem|p2a: Hot boi|Choice Specs|[from] move: Knock Off|[of] p1a: Scizor
|-damage|p1a: Scizor|84/100|[from] item: Life Orb
|
|-weather|Hail|[upkeep]
|-damage|p2a: Hot boi|37/100|[from] Hail
|-damage|p1a: Scizor|78/100|[from] Hail
|upkeep
|turn|5
|inactive|therealgoago has 120 seconds left.
|
|t:|1612632119
|switch|p1a: le caillou|Diancie|100/100
|move|p2a: Hot boi|Shadow Ball|p1a: le caillou
|-damage|p1a: le caillou|68/100
|
|-weather|Hail|[upkeep]
|-damage|p2a: Hot boi|30/100|[from] Hail
|-damage|p1a: le caillou|62/100|[from] Hail
|-heal|p1a: le caillou|68/100|[from] item: Leftovers
|upkeep
|turn|6
|inactive|therealgoago has 120 seconds left.
|
|t:|1612632145
|switch|p2a: Arctozolt|Arctozolt|100/100
|move|p1a: le caillou|Stealth Rock|p2a: Arctozolt
|-sidestart|p2: therealgoago|move: Stealth Rock
|
|-weather|Hail|[upkeep]
|-damage|p1a: le caillou|62/100|[from] Hail
|-heal|p1a: le caillou|68/100|[from] item: Leftovers
|upkeep
|turn|7
|
|t:|1612632156
|move|p2a: Arctozolt|Bolt Beak|p1a: le caillou
|-damage|p1a: le caillou|4/100
|-damage|p2a: Arctozolt|91/100|[from] item: Life Orb
|move|p1a: le caillou|Diamond Storm|p2a: Arctozolt
|-supereffective|p2a: Arctozolt
|-damage|p2a: Arctozolt|49/100
|
|-weather|Hail|[upkeep]
|-damage|p1a: le caillou|0 fnt|[from] Hail
|faint|p1a: le caillou
|-sideend|p2: therealgoago|move: Aurora Veil
|upkeep
|inactive|bioche80 has 120 seconds left.
|
|t:|1612632169
|switch|p1a: Scizor|Scizor, M|78/100
|turn|8
|inactive|therealgoago has 90 seconds left.
|
|t:|1612632198
|switch|p2a: Rotom|Rotom-Wash|100/100
|-damage|p2a: Rotom|88/100|[from] Stealth Rock
|move|p1a: Scizor|Knock Off|p2a: Rotom
|-damage|p2a: Rotom|47/100
|-enditem|p2a: Rotom|Leftovers|[from] move: Knock Off|[of] p1a: Scizor
|-damage|p1a: Scizor|68/100|[from] item: Life Orb
|
|-weather|Hail|[upkeep]
|-damage|p2a: Rotom|40/100|[from] Hail
|-damage|p1a: Scizor|62/100|[from] Hail
|upkeep
|turn|9
|inactive|therealgoago has 90 seconds left.
|inactive|bioche80 has 120 seconds left.
|
|t:|1612632216
|move|p2a: Rotom|Will-O-Wisp|p1a: Scizor
|-status|p1a: Scizor|brn
|move|p1a: Scizor|U-turn|p2a: Rotom
|-damage|p2a: Rotom|18/100
|-damage|p1a: Scizor|52/100 brn|[from] item: Life Orb
|inactive|bioche80 has 120 seconds left.
|
|t:|1612632229
|switch|p1a: Keldeo|Keldeo-Resolute|100/100|[from]move: U-turn
|
|-weather|none
|upkeep
|turn|10
|inactive|bioche80 has 120 seconds left.
|inactive|therealgoago has 90 seconds left.
|
|t:|1612632249
|move|p1a: Keldeo|Secret Sword|p2a: Rotom
|-damage|p2a: Rotom|0 fnt
|faint|p2a: Rotom
|
|upkeep
|
|t:|1612632257
|switch|p2a: Ninetales|Ninetales-Alola, F|66/100 brn
|-damage|p2a: Ninetales|41/100 brn|[from] Stealth Rock
|-weather|Hail|[from] ability: Snow Warning|[of] p2a: Ninetales
|turn|11
|inactive|therealgoago has 90 seconds left.
|
|t:|1612632270
|move|p2a: Ninetales|Aurora Veil|p2a: Ninetales
|-sidestart|p2: therealgoago|move: Aurora Veil
|move|p1a: Keldeo|Scald|p2a: Ninetales
|-crit|p2a: Ninetales
|-damage|p2a: Ninetales|0 fnt
|faint|p2a: Ninetales
|
|-weather|Hail|[upkeep]
|-damage|p1a: Keldeo|94/100|[from] Hail
|-heal|p1a: Keldeo|100/100|[from] item: Leftovers
|upkeep
|
|t:|1612632281
|switch|p2a: Arctozolt|Arctozolt|49/100
|-damage|p2a: Arctozolt|24/100|[from] Stealth Rock
|turn|12
|
|t:|1612632292
|switch|p1a: Tentacruel|Tentacruel, F|55/100
|move|p2a: Arctozolt|Bolt Beak|p1a: Tentacruel
|-supereffective|p1a: Tentacruel
|-damage|p1a: Tentacruel|0 fnt
|-damage|p2a: Arctozolt|14/100|[from] item: Life Orb
|faint|p1a: Tentacruel
|
|-weather|Hail|[upkeep]
|upkeep
|
|t:|1612632305
|switch|p1a: Scizor|Scizor, M|52/100 brn
|turn|13
|
|t:|1612632317
|move|p1a: Scizor|Bullet Punch|p2a: Arctozolt
|-damage|p2a: Arctozolt|4/100
|-damage|p1a: Scizor|42/100 brn|[from] item: Life Orb
|move|p2a: Arctozolt|Bolt Beak|p1a: Scizor
|-damage|p1a: Scizor|3/100 brn
|-damage|p2a: Arctozolt|0 fnt|[from] item: Life Orb
|faint|p2a: Arctozolt
|
|-weather|Hail|[upkeep]
|-damage|p1a: Scizor|0 fnt|[from] Hail
|faint|p1a: Scizor
|upkeep
|inactive|therealgoago has 90 seconds left.
|inactive|bioche80 has 120 seconds left.
|
|t:|1612632348
|switch|p2a: Skarmory|Skarmory, F|100/100
|switch|p1a: Tapu Bulu|Tapu Bulu|100/100
|-fieldstart|move: Grassy Terrain|[from] ability: Grassy Surge|[of] p1a: Tapu Bulu
|-damage|p2a: Skarmory|88/100|[from] Stealth Rock
|turn|14
|inactive|bioche80 has 120 seconds left.
|inactive|therealgoago has 90 seconds left.
|
|t:|1612632358
|switch|p1a: Victini|Victini|100/100
|move|p2a: Skarmory|Brave Bird|p1a: Victini
|-damage|p1a: Victini|69/100
|-damage|p2a: Skarmory|77/100|[from] Recoil
|
|-weather|Hail|[upkeep]
|-damage|p1a: Victini|63/100|[from] Hail
|-damage|p2a: Skarmory|71/100|[from] Hail
|-heal|p1a: Victini|69/100|[from] Grassy Terrain
|upkeep
|turn|15
|inactive|bioche80 has 120 seconds left.
|inactive|therealgoago has 90 seconds left.
|
|t:|1612632369
|switch|p2a: Lycanroc|Lycanroc-Dusk, M|100/100
|-damage|p2a: Lycanroc|88/100|[from] Stealth Rock
|move|p1a: Victini|Bolt Strike|p2a: Lycanroc
|-damage|p2a: Lycanroc|59/100
|
|-weather|Hail|[upkeep]
|-damage|p1a: Victini|63/100|[from] Hail
|-damage|p2a: Lycanroc|53/100|[from] Hail
|-heal|p1a: Victini|69/100|[from] Grassy Terrain
|-heal|p2a: Lycanroc|59/100|[from] Grassy Terrain
|-sideend|p2: therealgoago|move: Aurora Veil
|upkeep
|turn|16
|inactive|bioche80 has 120 seconds left.
|inactive|therealgoago has 90 seconds left.
|
|t:|1612632393
|switch|p1a: Tapu Bulu|Tapu Bulu|100/100
|move|p2a: Lycanroc|Close Combat|p1a: Tapu Bulu
|-resisted|p1a: Tapu Bulu
|-damage|p1a: Tapu Bulu|66/100
|-unboost|p2a: Lycanroc|def|1
|-unboost|p2a: Lycanroc|spd|1
|-damage|p2a: Lycanroc|49/100|[from] item: Life Orb
|
|-weather|Hail|[upkeep]
|-damage|p2a: Lycanroc|43/100|[from] Hail
|-damage|p1a: Tapu Bulu|59/100|[from] Hail
|-heal|p2a: Lycanroc|49/100|[from] Grassy Terrain
|-heal|p1a: Tapu Bulu|66/100|[from] Grassy Terrain
|upkeep
|turn|17
|
|t:|1612632408
|switch|p2a: Skarmory|Skarmory, F|71/100
|-damage|p2a: Skarmory|59/100|[from] Stealth Rock
|move|p1a: Tapu Bulu|Horn Leech|p2a: Skarmory
|-resisted|p2a: Skarmory
|-damage|p2a: Skarmory|48/100
|-heal|p1a: Tapu Bulu|72/100|[from] drain|[of] p2a: Skarmory
|-damage|p1a: Tapu Bulu|56/100|[from] item: Rocky Helmet|[of] p2a: Skarmory
|
|-weather|Hail|[upkeep]
|-damage|p1a: Tapu Bulu|49/100|[from] Hail
|-damage|p2a: Skarmory|42/100|[from] Hail
|-heal|p1a: Tapu Bulu|56/100|[from] Grassy Terrain
|upkeep
|turn|18
|
|t:|1612632426
|move|p1a: Tapu Bulu|Horn Leech|p2a: Skarmory
|-resisted|p2a: Skarmory
|-damage|p2a: Skarmory|29/100
|-heal|p1a: Tapu Bulu|63/100|[from] drain|[of] p2a: Skarmory
|-damage|p1a: Tapu Bulu|46/100|[from] item: Rocky Helmet|[of] p2a: Skarmory
|move|p2a: Skarmory|Brave Bird|p1a: Tapu Bulu
|-supereffective|p1a: Tapu Bulu
|-damage|p1a: Tapu Bulu|0 fnt
|-damage|p2a: Skarmory|16/100|[from] Recoil
|faint|p1a: Tapu Bulu
|
|-weather|none
|-fieldend|move: Grassy Terrain
|upkeep
|
|t:|1612632441
|switch|p1a: Keldeo|Keldeo-Resolute|100/100
|turn|19
|c|☆bioche80|gg
|
|t:|1612632460
|move|p1a: Keldeo|Scald|p2a: Skarmory
|-damage|p2a: Skarmory|0 fnt
|faint|p2a: Skarmory
|
|upkeep
|c|☆therealgoago|gg
|
|t:|1612632469
|switch|p2a: Hot boi|Chandelure, M, shiny|30/100
|-damage|p2a: Hot boi|5/100|[from] Stealth Rock
|turn|20
|
|t:|1612632475
|move|p1a: Keldeo|Scald|p2a: Hot boi
|-supereffective|p2a: Hot boi
|-damage|p2a: Hot boi|0 fnt
|faint|p2a: Hot boi
|
|upkeep
|
|t:|1612632479
|switch|p2a: Lycanroc|Lycanroc-Dusk, M|49/100
|-damage|p2a: Lycanroc|37/100|[from] Stealth Rock
|turn|21
|
|t:|1612632484
|move|p2a: Lycanroc|Accelerock|p1a: Keldeo
|-resisted|p1a: Keldeo
|-damage|p1a: Keldeo|82/100
|-damage|p2a: Lycanroc|27/100|[from] item: Life Orb
|move|p1a: Keldeo|Scald|p2a: Lycanroc
|-supereffective|p2a: Lycanroc
|-damage|p2a: Lycanroc|0 fnt
|faint|p2a: Lycanroc
|
|win|bioche80
|l|☆therealgoago
|raw|bioche80's rating: 1389 &rarr; <strong>1404</strong><br />(+15 for winning)
|raw|therealgoago's rating: 1300 &rarr; <strong>1281</strong><br />(-19 for losing)
