|raw|<div class="broadcast-blue"><strong>This battle is required to be public due to a player having a name starting with 'uult91w'.</div>
|j|☆UULT91w cry
|j|☆UULT91w udon
|t:|1651978531
|gametype|singles
|player|p1|UULT91w cry|#ndpl2crying|1548
|player|p2|UULT91w udon|#bltviiiturtwigs|1634
|teamsize|p1|6
|teamsize|p2|6
|gen|8
|tier|[Gen 8] UU
|rated|
|rule|Sleep Clause Mod: Limit one foe put to sleep
|rule|Species Clause: Limit one of each Pokémon
|rule|OHKO Clause: OHKO moves are banned
|rule|Evasion Moves Clause: Evasion moves are banned
|rule|Endless Battle Clause: Forcing endless battles is banned
|rule|HP Percentage Mod: HP is shown in percentages
|rule|Dynamax Clause: You cannot dynamax
|clearpoke
|poke|p1|Torkoal, M|
|poke|p1|Venusaur, M|
|poke|p1|Eiscue, M|
|poke|p1|Rotom-Wash|
|poke|p1|Zarude|
|poke|p1|Zygarde-10%|
|poke|p2|Hydreigon, F|
|poke|p2|Cobalion|
|poke|p2|Azumarill, F|
|poke|p2|Tangrowth, F|
|poke|p2|Moltres|
|poke|p2|Aegislash, M|
|teampreview
|inactive|Battle timer is ON: inactive players will automatically lose when time's up. (requested by UULT91w cry)
|j| mncmt
|
|t:|1651978556
|start
|switch|p1a: Torkoal|Torkoal, M|100/100
|switch|p2a: Hydreigon|Hydreigon, F|100/100
|-weather|SunnyDay|[from] ability: Drought|[of] p1a: Torkoal
|turn|1
|
|t:|1651978569
|switch|p1a: Zarude|Zarude|100/100
|move|p2a: Hydreigon|Dark Pulse|p1a: Zarude
|-resisted|p1a: Zarude
|-damage|p1a: Zarude|64/100
|
|-weather|SunnyDay|[upkeep]
|upkeep
|turn|2
|
|t:|1651978584
|switch|p1a: Zygarde|Zygarde-10%|100/100
|-ability|p1a: Zygarde|Aura Break
|switch|p2a: Cobalion|Cobalion|100/100
|
|-weather|SunnyDay|[upkeep]
|upkeep
|turn|3
|
|t:|1651978593
|switch|p1a: Eiscue|Eiscue, M|100/100
|switch|p2a: Tangrowth|Tangrowth, F|100/100
|
|-weather|SunnyDay|[upkeep]
|upkeep
|turn|4
|
|t:|1651978597
|switch|p2a: Moltres|Moltres|100/100
|move|p1a: Eiscue|Freeze-Dry|p2a: Moltres
|-damage|p2a: Moltres|73/100
|
|-weather|SunnyDay|[upkeep]
|upkeep
|turn|5
|
|t:|1651978607
|switch|p1a: Zygarde|Zygarde-10%|100/100
|-ability|p1a: Zygarde|Aura Break
|move|p2a: Moltres|Overheat|p1a: Zygarde
|-resisted|p1a: Zygarde
|-damage|p1a: Zygarde|13/100
|-unboost|p2a: Moltres|spa|2
|
|-weather|SunnyDay|[upkeep]
|upkeep
|turn|6
|
|t:|1651978614
|switch|p2a: Tangrowth|Tangrowth, F|100/100
|move|p1a: Zygarde|Toxic|p2a: Tangrowth
|-status|p2a: Tangrowth|tox
|
|-weather|SunnyDay|[upkeep]
|-damage|p2a: Tangrowth|94/100 tox|[from] psn
|upkeep
|turn|7
|
|t:|1651978625
|switch|p1a: Eiscue|Eiscue, M|100/100
|move|p2a: Tangrowth|Knock Off|p1a: Eiscue
|-activate|p1a: Eiscue|ability: Ice Face
|-damage|p1a: Eiscue|100/100
|-damage|p2a: Tangrowth|78/100 tox|[from] item: Rocky Helmet|[of] p1a: Eiscue
|-enditem|p1a: Eiscue|Rocky Helmet|[from] move: Knock Off|[of] p2a: Tangrowth
|detailschange|p1a: Eiscue|Eiscue-Noice, M
|
|-weather|SunnyDay|[upkeep]
|-damage|p2a: Tangrowth|65/100 tox|[from] psn
|upkeep
|turn|8
|
|t:|1651978631
|switch|p2a: Cobalion|Cobalion|100/100
|move|p1a: Eiscue|Weather Ball|p2a: Cobalion
|-supereffective|p2a: Cobalion
|-damage|p2a: Cobalion|5/100
|
|-weather|none
|upkeep
|turn|9
|
|t:|1651978638
|move|p1a: Eiscue|Freeze-Dry|p2a: Cobalion
|-resisted|p2a: Cobalion
|-damage|p2a: Cobalion|0 fnt
|faint|p2a: Cobalion
|
|upkeep
|j| ASKOV
|
|t:|1651978648
|switch|p2a: Aegislash|Aegislash, M|100/100
|turn|10
|
|t:|1651978669
|switch|p1a: Torkoal|Torkoal, M|100/100
|-weather|SunnyDay|[from] ability: Drought|[of] p1a: Torkoal
|-formechange|p2a: Aegislash|Aegislash-Blade||[from] ability: Stance Change
|move|p2a: Aegislash|Shadow Ball|p1a: Torkoal
|-damage|p1a: Torkoal|24/100
|-damage|p2a: Aegislash|91/100|[from] item: Life Orb
|
|-weather|SunnyDay|[upkeep]
|upkeep
|turn|11
|
|t:|1651978676
|switch|p1a: Zygarde|Zygarde-10%|13/100
|-ability|p1a: Zygarde|Aura Break
|move|p2a: Aegislash|Close Combat|p1a: Zygarde
|-damage|p1a: Zygarde|0 fnt
|-unboost|p2a: Aegislash|def|1
|-unboost|p2a: Aegislash|spd|1
|faint|p1a: Zygarde
|-damage|p2a: Aegislash|81/100|[from] item: Life Orb
|
|-weather|SunnyDay|[upkeep]
|upkeep
|
|t:|1651978679
|switch|p1a: Eiscue|Eiscue-Noice, M|100/100
|turn|12
|
|t:|1651978683
|switch|p2a: Moltres|Moltres|73/100
|move|p1a: Eiscue|Weather Ball|p2a: Moltres
|-resisted|p2a: Moltres
|-damage|p2a: Moltres|56/100
|
|-weather|SunnyDay|[upkeep]
|upkeep
|turn|13
|
|t:|1651978707
|move|p1a: Eiscue|Head Smash|p2a: Moltres
|-supereffective|p2a: Moltres
|-damage|p2a: Moltres|0 fnt
|faint|p2a: Moltres
|-damage|p1a: Eiscue|66/100|[from] Recoil
|
|-weather|SunnyDay|[upkeep]
|upkeep
|
|t:|1651978712
|switch|p2a: Hydreigon|Hydreigon, F|100/100
|turn|14
|j| hariyana grande
|
|t:|1651978729
|move|p1a: Eiscue|Freeze-Dry|p2a: Hydreigon
|-supereffective|p2a: Hydreigon
|-damage|p2a: Hydreigon|47/100
|move|p2a: Hydreigon|Dark Pulse|p1a: Eiscue
|-damage|p1a: Eiscue|0 fnt
|faint|p1a: Eiscue
|
|-weather|SunnyDay|[upkeep]
|upkeep
|
|t:|1651978732
|switch|p1a: Venusaur|Venusaur, M|100/100
|turn|15
|
|t:|1651978748
|switch|p2a: Aegislash|Aegislash, M|81/100
|move|p1a: Venusaur|Sludge Bomb|p2a: Aegislash
|-immune|p2a: Aegislash
|
|-weather|SunnyDay|[upkeep]
|upkeep
|turn|16
|
|t:|1651978768
|switch|p2a: Azumarill|Azumarill, F|100/100
|move|p1a: Venusaur|Weather Ball|p2a: Azumarill
|-resisted|p2a: Azumarill
|-damage|p2a: Azumarill|69/100
|-damage|p1a: Venusaur|91/100|[from] item: Life Orb
|
|-weather|SunnyDay|[upkeep]
|upkeep
|turn|17
|
|t:|1651978781
|move|p1a: Venusaur|Giga Drain|p2a: Azumarill
|-supereffective|p2a: Azumarill
|-damage|p2a: Azumarill|0 fnt
|-heal|p1a: Venusaur|100/100|[from] drain|[of] p2a: Azumarill
|faint|p2a: Azumarill
|-damage|p1a: Venusaur|91/100|[from] item: Life Orb
|
|-weather|none
|upkeep
|
|t:|1651978784
|switch|p2a: Hydreigon|Hydreigon, F|47/100
|turn|18
|
|t:|1651978789
|switch|p1a: Rotom|Rotom-Wash|100/100
|move|p2a: Hydreigon|Dark Pulse|p1a: Rotom
|-crit|p1a: Rotom
|-damage|p1a: Rotom|0 fnt
|faint|p1a: Rotom
|
|upkeep
|
|t:|1651978809
|switch|p1a: Zarude|Zarude|64/100
|turn|19
|
|t:|1651978815
|switch|p2a: Aegislash|Aegislash, M|81/100
|move|p1a: Zarude|Darkest Lariat|p2a: Aegislash
|-supereffective|p2a: Aegislash
|-damage|p2a: Aegislash|18/100
|
|upkeep
|turn|20
|
|t:|1651978818
|switch|p2a: Tangrowth|Tangrowth, F|99/100 tox
|move|p1a: Zarude|Darkest Lariat|p2a: Tangrowth
|-damage|p2a: Tangrowth|70/100 tox
|
|-damage|p2a: Tangrowth|63/100 tox|[from] psn
|upkeep
|turn|21
|
|t:|1651978822
|move|p1a: Zarude|Substitute|p1a: Zarude
|-start|p1a: Zarude|Substitute
|-damage|p1a: Zarude|40/100
|move|p2a: Tangrowth|Earthquake|p1a: Zarude
|-resisted|p1a: Zarude
|-activate|p1a: Zarude|move: Substitute|[damage]
|
|-damage|p2a: Tangrowth|51/100 tox|[from] psn
|upkeep
|turn|22
|-message|UULT91w udon forfeited.
|
|win|UULT91w cry
|raw|UULT91w cry's rating: 1548 &rarr; <strong>1573</strong><br />(+25 for winning)
|raw|UULT91w udon's rating: 1634 &rarr; <strong>1609</strong><br />(-25 for losing)
|l|☆UULT91w udon
