|j|☆esqimo589
|j|☆amogusroxyrrrr
|t:|1662772230
|gametype|singles
|player|p1|esqimo589|n|
|player|p2|amogusroxyrrrr|scientistf|
|teamsize|p1|6
|teamsize|p2|6
|gen|8
|tier|[Gen 8] UU
|rule|Sleep Clause Mod: Limit one foe put to sleep
|rule|Species Clause: Limit one of each Pokémon
|rule|OHKO Clause: OHKO moves are banned
|rule|Evasion Items Clause: Evasion items are banned
|rule|Evasion Moves Clause: Evasion moves are banned
|rule|Endless Battle Clause: Forcing endless battles is banned
|rule|HP Percentage Mod: HP is shown in percentages
|rule|Dynamax Clause: You cannot dynamax
|clearpoke
|poke|p1|Toxtricity, M|
|poke|p1|Zarude-Dada|
|poke|p1|Azelf|
|poke|p1|Azumarill, F|
|poke|p1|Excadrill, M|
|poke|p1|Salamence, M|
|poke|p2|Nidoking, M|
|poke|p2|Keldeo-Resolute|
|poke|p2|Obstagoon, M|
|poke|p2|Azelf|
|poke|p2|Registeel|
|poke|p2|Salamence, F|
|teampreview
|inactive|Battle timer is ON: inactive players will automatically lose when time's up. (requested by esqimo589)
|c|☆esqimo589|thats a registeel
|c|☆esqimo589|i have nothing for it
|
|t:|1662772248
|start
|switch|p1a: in luv w/ emo girl|Toxtricity, M|100/100
|switch|p2a: Azelf|Azelf|100/100
|turn|1
|c|☆amogusroxyrrrr|dont be scarf dont be scarf please dont be scarf
|inactive|esqimo589 has 270 seconds left.
|
|t:|1662772279
|switch|p1a: fast as fuck boiii|Azelf|100/100
|switch|p2a: Nidoking|Nidoking, M|100/100
|
|upkeep
|turn|2
|
|t:|1662772294
|switch|p2a: Salamence|Salamence, F|100/100
|-ability|p2a: Salamence|Intimidate|boost
|-unboost|p1a: fast as fuck boiii|atk|1
|move|p1a: fast as fuck boiii|Psychic|p2a: Salamence
|-damage|p2a: Salamence|51/100
|
|upkeep
|turn|3
|c|☆esqimo589|lmao
|c|☆amogusroxyrrrr|azelf can just fuck me over
|
|t:|1662772318
|switch|p2a: Obstagoon|Obstagoon, M|100/100
|move|p1a: fast as fuck boiii|U-turn|p2a: Obstagoon
|-supereffective|p2a: Obstagoon
|-damage|p2a: Obstagoon|75/100
|c|☆esqimo589|i mean hes fast as fuck boiii
|c|☆amogusroxyrrrr|i expected that u turn to hurt a lot more
|inactive|esqimo589 has 270 seconds left.
|
|t:|1662772349
|switch|p1a: physical prim|Azumarill, F, shiny|100/100|[from]move: U-turn
|
|-status|p2a: Obstagoon|brn|[from] item: Flame Orb
|upkeep
|turn|4
|c|☆amogusroxyrrrr|unga bunga
|
|t:|1662772364
|move|p2a: Obstagoon|Facade|p1a: physical prim
|-damage|p1a: physical prim|3/100
|move|p1a: physical prim|Play Rough|p2a: Obstagoon|[miss]
|-miss|p1a: physical prim|p2a: Obstagoon
|
|-damage|p2a: Obstagoon|69/100 brn|[from] brn
|upkeep
|turn|5
|c|☆esqimo589|wait how much does facade do
|c|☆esqimo589|that was a lot
|c|☆amogusroxyrrrr|that much
|c|☆esqimo589|and i missed
|
|t:|1662772376
|switch|p1a: whiteeyesbluedrag|Salamence, M|100/100
|-ability|p1a: whiteeyesbluedrag|Intimidate|boost
|-unboost|p2a: Obstagoon|atk|1
|move|p2a: Obstagoon|Knock Off|p1a: whiteeyesbluedrag
|-damage|p1a: whiteeyesbluedrag|66/100
|-enditem|p1a: whiteeyesbluedrag|Heavy-Duty Boots|[from] move: Knock Off|[of] p2a: Obstagoon
|
|-damage|p2a: Obstagoon|63/100 brn|[from] brn
|upkeep
|turn|6
|
|t:|1662772381
|move|p2a: Obstagoon|Parting Shot|p1a: whiteeyesbluedrag
|-unboost|p1a: whiteeyesbluedrag|atk|1
|-unboost|p1a: whiteeyesbluedrag|spa|1
|c|☆amogusroxyrrrr|bye
|
|t:|1662772385
|switch|p2a: Registeel|Registeel|100/100|[from]move: Parting Shot
|move|p1a: whiteeyesbluedrag|Hurricane|p2a: Registeel
|-resisted|p2a: Registeel
|-damage|p2a: Registeel|91/100
|-start|p2a: Registeel|confusion
|
|upkeep
|turn|7
|
|t:|1662772392
|switch|p1a: physical prim|Azumarill, F, shiny|3/100
|switch|p2a: Azelf|Azelf|100/100
|
|upkeep
|turn|8
|
|t:|1662772397
|switch|p1a: whiteeyesbluedrag|Salamence, M|66/100
|-ability|p1a: whiteeyesbluedrag|Intimidate|boost
|-unboost|p2a: Azelf|atk|1
|move|p2a: Azelf|U-turn|p1a: whiteeyesbluedrag
|-resisted|p1a: whiteeyesbluedrag
|-damage|p1a: whiteeyesbluedrag|61/100
|
|t:|1662772404
|switch|p2a: Obstagoon|Obstagoon, M|63/100 brn|[from]move: U-turn
|
|-damage|p2a: Obstagoon|56/100 brn|[from] brn
|upkeep
|turn|9
|
|t:|1662772409
|move|p2a: Obstagoon|Facade|p1a: whiteeyesbluedrag
|-damage|p1a: whiteeyesbluedrag|0 fnt
|faint|p1a: whiteeyesbluedrag
|
|-damage|p2a: Obstagoon|50/100 brn|[from] brn
|upkeep
|c|☆amogusroxyrrrr|i love goon
|
|t:|1662772417
|switch|p1a: funne monke|Zarude-Dada|100/100
|turn|10
|
|t:|1662772421
|switch|p2a: Salamence|Salamence, F|51/100
|-ability|p2a: Salamence|Intimidate|boost
|-unboost|p1a: funne monke|atk|1
|move|p1a: funne monke|U-turn|p2a: Salamence
|-resisted|p2a: Salamence
|-damage|p2a: Salamence|43/100
|
|t:|1662772427
|switch|p1a: fast as fuck boiii|Azelf|100/100|[from]move: U-turn
|
|upkeep
|turn|11
|
|t:|1662772430
|move|p1a: fast as fuck boiii|U-turn|p2a: Salamence
|-resisted|p2a: Salamence
|-damage|p2a: Salamence|33/100
|c|☆amogusroxyrrrr|gotem
|
|t:|1662772436
|switch|p1a: physical prim|Azumarill, F, shiny|3/100|[from]move: U-turn
|move|p2a: Salamence|Roost|p2a: Salamence
|-heal|p2a: Salamence|83/100
|-singleturn|p2a: Salamence|move: Roost
|
|upkeep
|turn|12
|c|☆amogusroxyrrrr|idk what to do now
|
|t:|1662772450
|switch|p2a: Nidoking|Nidoking, M|100/100
|switch|p1a: mole|Excadrill, M|100/100
|-ability|p1a: mole|Mold Breaker
|
|upkeep
|turn|13
|c|☆esqimo589|lol
|
|t:|1662772462
|move|p1a: mole|Earthquake|p2a: Nidoking
|-supereffective|p2a: Nidoking
|-damage|p2a: Nidoking|0 fnt
|faint|p2a: Nidoking
|
|upkeep
|c|☆esqimo589|lol
|
|t:|1662772465
|switch|p2a: Azelf|Azelf|100/100
|turn|14
|c|☆esqimo589|what
|c|☆esqimo589|lol
|c|☆amogusroxyrrrr|i thought youd read me going for the read so i went for a read off the read to read your read on a read
|c|☆esqimo589|uhuh
|
|t:|1662772487
|move|p2a: Azelf|U-turn|p1a: mole
|-resisted|p1a: mole
|-damage|p1a: mole|88/100
|
|t:|1662772490
|switch|p2a: Salamence|Salamence, F|83/100|[from]move: U-turn
|-ability|p2a: Salamence|Intimidate|boost
|-unboost|p1a: mole|atk|1
|move|p1a: mole|Earthquake|p2a: Salamence
|-immune|p2a: Salamence
|
|-heal|p1a: mole|94/100|[from] item: Leftovers
|upkeep
|turn|15
|c|☆esqimo589|i clicked earthquake because it was super effective
|
|t:|1662772510
|switch|p1a: funne monke|Zarude-Dada|100/100
|move|p2a: Salamence|Flamethrower|p1a: funne monke
|-supereffective|p1a: funne monke
|-damage|p1a: funne monke|46/100
|
|upkeep
|turn|16
|c|☆esqimo589|i feel like chicken nuggets
|c|☆amogusroxyrrrr|crispy
|c|☆esqimo589|its 2am
|
|t:|1662772523
|move|p1a: funne monke|U-turn|p2a: Salamence
|-resisted|p2a: Salamence
|-damage|p2a: Salamence|71/100
|
|t:|1662772525
|switch|p1a: fast as fuck boiii|Azelf|100/100|[from]move: U-turn
|move|p2a: Salamence|Flamethrower|p1a: fast as fuck boiii
|-damage|p1a: fast as fuck boiii|60/100
|
|upkeep
|turn|17
|
|t:|1662772533
|move|p1a: fast as fuck boiii|Knock Off|p2a: Salamence
|-damage|p2a: Salamence|41/100
|-enditem|p2a: Salamence|Heavy-Duty Boots|[from] move: Knock Off|[of] p1a: fast as fuck boiii
|move|p2a: Salamence|Roost|p2a: Salamence
|-heal|p2a: Salamence|91/100
|-singleturn|p2a: Salamence|move: Roost
|
|upkeep
|turn|18
|
|t:|1662772541
|move|p1a: fast as fuck boiii|U-turn|p2a: Salamence
|-resisted|p2a: Salamence
|-damage|p2a: Salamence|80/100
|
|t:|1662772552
|switch|p1a: mole|Excadrill, M|94/100|[from]move: U-turn
|-ability|p1a: mole|Mold Breaker
|move|p2a: Salamence|Flamethrower|p1a: mole
|-supereffective|p1a: mole
|-damage|p1a: mole|26/100
|-status|p1a: mole|brn
|
|-heal|p1a: mole|32/100 brn|[from] item: Leftovers
|-damage|p1a: mole|26/100 brn|[from] brn
|upkeep
|turn|19
|
|t:|1662772562
|move|p1a: mole|Stealth Rock|p2a: Salamence
|-sidestart|p2: amogusroxyrrrr|move: Stealth Rock
|move|p2a: Salamence|Flamethrower|p1a: mole
|-supereffective|p1a: mole
|-damage|p1a: mole|0 fnt
|faint|p1a: mole
|
|upkeep
|c|☆esqimo589|STEALTH ROCK
|
|t:|1662772570
|switch|p1a: fast as fuck boiii|Azelf|60/100
|turn|20
|c|☆amogusroxyrrrr|i FORGOT TO ADD +SPEED
|
|t:|1662772575
|move|p1a: fast as fuck boiii|Psychic|p2a: Salamence
|-damage|p2a: Salamence|29/100
|move|p2a: Salamence|Flamethrower|p1a: fast as fuck boiii
|-damage|p1a: fast as fuck boiii|20/100
|
|upkeep
|turn|21
|c|☆esqimo589|SKILL ISSUE
|
|t:|1662772594
|move|p1a: fast as fuck boiii|U-turn|p2a: Salamence
|-resisted|p2a: Salamence
|-damage|p2a: Salamence|19/100
|
|t:|1662772596
|switch|p1a: in luv w/ emo girl|Toxtricity, M|100/100|[from]move: U-turn
|move|p2a: Salamence|Flamethrower|p1a: in luv w/ emo girl
|-damage|p1a: in luv w/ emo girl|64/100
|
|upkeep
|turn|22
|
|t:|1662772603
|move|p1a: in luv w/ emo girl|Volt Switch|p2a: Salamence
|-damage|p2a: Salamence|0 fnt
|faint|p2a: Salamence
|
|t:|1662772612
|switch|p1a: fast as fuck boiii|Azelf|20/100|[from]move: Volt Switch
|
|upkeep
|
|t:|1662772627
|switch|p2a: Obstagoon|Obstagoon, M|50/100 brn
|-damage|p2a: Obstagoon|38/100 brn|[from] Stealth Rock
|turn|23
|
|t:|1662772631
|move|p1a: fast as fuck boiii|U-turn|p2a: Obstagoon
|-supereffective|p2a: Obstagoon
|-crit|p2a: Obstagoon
|-damage|p2a: Obstagoon|0 fnt
|faint|p2a: Obstagoon
|c|☆amogusroxyrrrr|dont crit me
|c|☆amogusroxyrrrr|mother fucker
|c|☆esqimo589|lmao
|c|☆esqimo589|i dont think it mattered
|
|t:|1662772644
|switch|p1a: in luv w/ emo girl|Toxtricity, M|64/100|[from]move: U-turn
|
|upkeep
|inactive|amogusroxyrrrr has 270 seconds left.
|c|☆amogusroxyrrrr|i had a .3 chance to live it
|
|t:|1662772681
|switch|p2a: Registeel|Registeel|91/100
|-damage|p2a: Registeel|85/100|[from] Stealth Rock
|turn|24
|c|☆esqimo589|lol
|inactive|amogusroxyrrrr has 270 seconds left.
|
|t:|1662772687
|move|p1a: in luv w/ emo girl|Volt Switch|p2a: Registeel
|-damage|p2a: Registeel|63/100
|
|t:|1662772689
|switch|p1a: physical prim|Azumarill, F, shiny|3/100|[from]move: Volt Switch
|move|p2a: Registeel|Iron Defense|p2a: Registeel
|-boost|p2a: Registeel|def|2
|
|upkeep
|turn|25
|
|t:|1662772693
|move|p1a: physical prim|Liquidation|p2a: Registeel
|-damage|p2a: Registeel|43/100
|move|p2a: Registeel|Iron Defense|p2a: Registeel
|-boost|p2a: Registeel|def|2
|
|upkeep
|turn|26
|
|t:|1662772696
|move|p1a: physical prim|Liquidation|p2a: Registeel
|-damage|p2a: Registeel|29/100
|move|p2a: Registeel|Rest|p2a: Registeel
|-status|p2a: Registeel|slp|[from] move: Rest
|-heal|p2a: Registeel|100/100 slp|[silent]
|-enditem|p2a: Registeel|Chesto Berry|[eat]
|-curestatus|p2a: Registeel|slp|[msg]
|
|upkeep
|turn|27
|
|t:|1662772701
|move|p1a: physical prim|Liquidation|p2a: Registeel
|-damage|p2a: Registeel|86/100
|move|p2a: Registeel|Amnesia|p2a: Registeel
|-boost|p2a: Registeel|spd|2
|
|upkeep
|turn|28
|c|☆esqimo589|i do not win
|
|t:|1662772708
|move|p1a: physical prim|Liquidation|p2a: Registeel
|-damage|p2a: Registeel|72/100
|move|p2a: Registeel|Amnesia|p2a: Registeel
|-boost|p2a: Registeel|spd|2
|
|upkeep
|turn|29
|c|☆esqimo589|ggs
|
|t:|1662772713
|move|p1a: physical prim|Liquidation|p2a: Registeel
|-damage|p2a: Registeel|58/100
|move|p2a: Registeel|Amnesia|p2a: Registeel
|-boost|p2a: Registeel|spd|2
|
|upkeep
|turn|30
|c|☆esqimo589|CRIT
|c|☆amogusroxyrrrr|just crit me
|c|☆amogusroxyrrrr|smh
|c|☆amogusroxyrrrr|gg
|c|☆esqimo589|CRIT CRIT CRIT
|
|t:|1662772721
|move|p1a: physical prim|Liquidation|p2a: Registeel
|-damage|p2a: Registeel|45/100
|move|p2a: Registeel|Iron Defense|p2a: Registeel
|-boost|p2a: Registeel|def|2
|
|upkeep
|turn|31
|c|☆esqimo589|CRIT M
|c|☆esqimo589|CRIT
|c|☆esqimo589|DIE
|c|☆esqimo589|CRIT FUCKING IDIOT
|c|☆esqimo589|AZUMARILL JUST CRIT YOU FUCKING PIECE OF SHIT
|
|t:|1662772742
|move|p1a: physical prim|Liquidation|p2a: Registeel
|-damage|p2a: Registeel|35/100
|move|p2a: Registeel|Rest|p2a: Registeel
|-status|p2a: Registeel|slp|[from] move: Rest
|-heal|p2a: Registeel|100/100 slp|[silent]
|
|upkeep
|turn|32
|c|☆esqimo589|CRITTTTTT
|c|☆amogusroxyrrrr|hoooooooooooooooooooonk mimimimimimiim
|
|t:|1662772755
|move|p1a: physical prim|Liquidation|p2a: Registeel
|-damage|p2a: Registeel|91/100 slp
|cant|p2a: Registeel|slp
|
|upkeep
|turn|33
|
|t:|1662772758
|move|p1a: physical prim|Liquidation|p2a: Registeel
|-damage|p2a: Registeel|80/100 slp
|cant|p2a: Registeel|slp
|
|upkeep
|turn|34
|
|t:|1662772760
|move|p1a: physical prim|Liquidation|p2a: Registeel
|-damage|p2a: Registeel|70/100 slp
|-curestatus|p2a: Registeel|slp|[msg]
|move|p2a: Registeel|Body Press|p1a: physical prim
|-resisted|p1a: physical prim
|-damage|p1a: physical prim|0 fnt
|faint|p1a: physical prim
|
|upkeep
|
|t:|1662772762
|switch|p1a: fast as fuck boiii|Azelf|20/100
|turn|35
|
|t:|1662772764
|move|p1a: fast as fuck boiii|Flamethrower|p2a: Registeel
|-supereffective|p2a: Registeel
|-damage|p2a: Registeel|60/100
|move|p2a: Registeel|Body Press|p1a: fast as fuck boiii
|-resisted|p1a: fast as fuck boiii
|-damage|p1a: fast as fuck boiii|0 fnt
|faint|p1a: fast as fuck boiii
|
|upkeep
|
|t:|1662772767
|switch|p1a: in luv w/ emo girl|Toxtricity, M|64/100
|turn|36
|
|t:|1662772769
|move|p1a: in luv w/ emo girl|Overdrive|p2a: Registeel
|-damage|p2a: Registeel|52/100
|move|p2a: Registeel|Body Press|p1a: in luv w/ emo girl
|-resisted|p1a: in luv w/ emo girl
|-damage|p1a: in luv w/ emo girl|0 fnt
|faint|p1a: in luv w/ emo girl
|
|upkeep
|
|t:|1662772772
|switch|p1a: funne monke|Zarude-Dada|46/100
|turn|37
|
|t:|1662772773
|move|p1a: funne monke|Darkest Lariat|p2a: Registeel
|-damage|p2a: Registeel|31/100
|move|p2a: Registeel|Body Press|p1a: funne monke
|-supereffective|p1a: funne monke
|-damage|p1a: funne monke|0 fnt
|faint|p1a: funne monke
|
|win|amogusroxyrrrr
|l|☆esqimo589
|l|☆amogusroxyrrrr
|j|☆amogusroxyrrrr
|player|p2|amogusroxyrrrr|scientistf
