|j|☆IndeedeIsKing
|j|☆Liz Angeles
|t:|1667130533
|gametype|singles
|player|p1|IndeedeIsKing|doctor-gen8|1557
|player|p2|Liz Angeles|marley|1661
|teamsize|p1|6
|teamsize|p2|6
|gen|8
|tier|[Gen 8] UU
|rated|
|rule|Sleep Clause Mod: Limit one foe put to sleep
|rule|Species Clause: Limit one of each Pokémon
|rule|OHKO Clause: OHKO moves are banned
|rule|Evasion Items Clause: Evasion items are banned
|rule|Evasion Moves Clause: Evasion moves are banned
|rule|Endless Battle Clause: Forcing endless battles is banned
|rule|HP Percentage Mod: HP is shown in percentages
|rule|Dynamax Clause: You cannot dynamax
|clearpoke
|poke|p1|Entei|
|poke|p1|Primarina, M|
|poke|p1|Tangrowth, F|
|poke|p1|Salamence, F|
|poke|p1|Hippowdon, M|
|poke|p1|Jirachi|
|poke|p2|Sirfetch’d, M|
|poke|p2|Sylveon, M|
|poke|p2|Salamence, F|
|poke|p2|Slowking, M|
|poke|p2|Nidoqueen, F|
|poke|p2|Zarude|
|teampreview
|inactive|Battle timer is ON: inactive players will automatically lose when time's up. (requested by IndeedeIsKing)
|inactive|IndeedeIsKing has 120 seconds left.
|c|☆IndeedeIsKing|Hi
|
|t:|1667130586
|start
|switch|p1a: Hippowdon|Hippowdon, M|100/100
|switch|p2a: Slowking|Slowking, M|100/100
|-weather|Sandstorm|[from] ability: Sand Stream|[of] p1a: Hippowdon
|turn|1
|c|☆Liz Angeles|hi
|
|t:|1667130596
|move|p1a: Hippowdon|Toxic|p2a: Slowking
|-status|p2a: Slowking|tox
|move|p2a: Slowking|Toxic|p1a: Hippowdon
|-status|p1a: Hippowdon|tox
|
|-weather|Sandstorm|[upkeep]
|-damage|p2a: Slowking|94/100 tox|[from] Sandstorm
|-heal|p2a: Slowking|100/100 tox|[from] item: Leftovers
|-damage|p1a: Hippowdon|94/100 tox|[from] psn
|-damage|p2a: Slowking|94/100 tox|[from] psn
|upkeep
|turn|2
|
|t:|1667130601
|move|p1a: Hippowdon|Stealth Rock|p2a: Slowking
|-sidestart|p2: Liz Angeles|move: Stealth Rock
|move|p2a: Slowking|Scald|p1a: Hippowdon
|-supereffective|p1a: Hippowdon
|-damage|p1a: Hippowdon|45/100 tox
|
|-weather|Sandstorm|[upkeep]
|-damage|p2a: Slowking|88/100 tox|[from] Sandstorm
|-heal|p1a: Hippowdon|51/100 tox|[from] item: Leftovers
|-heal|p2a: Slowking|94/100 tox|[from] item: Leftovers
|-damage|p1a: Hippowdon|39/100 tox|[from] psn
|-damage|p2a: Slowking|82/100 tox|[from] psn
|upkeep
|turn|3
|
|t:|1667130607
|switch|p1a: Primarina|Primarina, M|100/100
|move|p2a: Slowking|Scald|p1a: Primarina
|-resisted|p1a: Primarina
|-damage|p1a: Primarina|91/100
|
|-weather|Sandstorm|[upkeep]
|-damage|p1a: Primarina|85/100|[from] Sandstorm
|-damage|p2a: Slowking|76/100 tox|[from] Sandstorm
|-heal|p1a: Primarina|91/100|[from] item: Leftovers
|-heal|p2a: Slowking|82/100 tox|[from] item: Leftovers
|-damage|p2a: Slowking|64/100 tox|[from] psn
|upkeep
|turn|4
|
|t:|1667130618
|switch|p2a: Sylveon|Sylveon, M|100/100
|-damage|p2a: Sylveon|88/100|[from] Stealth Rock
|move|p1a: Primarina|Moonblast|p2a: Sylveon
|-damage|p2a: Sylveon|65/100
|
|-weather|Sandstorm|[upkeep]
|-damage|p2a: Sylveon|59/100|[from] Sandstorm
|-damage|p1a: Primarina|85/100|[from] Sandstorm
|-heal|p1a: Primarina|91/100|[from] item: Leftovers
|-heal|p2a: Sylveon|65/100|[from] item: Leftovers
|upkeep
|turn|5
|
|t:|1667130622
|move|p1a: Primarina|Calm Mind|p1a: Primarina
|-boost|p1a: Primarina|spa|1
|-boost|p1a: Primarina|spd|1
|move|p2a: Sylveon|Wish|p2a: Sylveon
|
|-weather|none
|-heal|p1a: Primarina|97/100|[from] item: Leftovers
|-heal|p2a: Sylveon|71/100|[from] item: Leftovers
|upkeep
|turn|6
|
|t:|1667130626
|move|p1a: Primarina|Moonblast|p2a: Sylveon
|-damage|p2a: Sylveon|40/100
|-unboost|p2a: Sylveon|spa|1
|move|p2a: Sylveon|Heal Bell|p2a: Sylveon
|-activate|p2a: Sylveon|move: Heal Bell
|-curestatus|p2: Slowking|tox|[msg]
|
|-heal|p2a: Sylveon|90/100|[from] move: Wish|[wisher] Sylveon
|-heal|p1a: Primarina|100/100|[from] item: Leftovers
|-heal|p2a: Sylveon|96/100|[from] item: Leftovers
|upkeep
|turn|7
|
|t:|1667130629
|switch|p2a: Slowking|Slowking, M|97/100
|-damage|p2a: Slowking|85/100|[from] Stealth Rock
|move|p1a: Primarina|Calm Mind|p1a: Primarina
|-boost|p1a: Primarina|spa|1
|-boost|p1a: Primarina|spd|1
|
|-heal|p2a: Slowking|91/100|[from] item: Leftovers
|upkeep
|turn|8
|
|t:|1667130639
|move|p1a: Primarina|Calm Mind|p1a: Primarina
|-boost|p1a: Primarina|spa|1
|-boost|p1a: Primarina|spd|1
|move|p2a: Slowking|Psyshock|p1a: Primarina
|-damage|p1a: Primarina|74/100
|
|-heal|p1a: Primarina|80/100|[from] item: Leftovers
|-heal|p2a: Slowking|97/100|[from] item: Leftovers
|upkeep
|turn|9
|
|t:|1667130646
|move|p1a: Primarina|Moonblast|p2a: Slowking
|-damage|p2a: Slowking|22/100
|-unboost|p2a: Slowking|spa|1
|move|p2a: Slowking|Toxic|p1a: Primarina
|-status|p1a: Primarina|tox
|
|-heal|p1a: Primarina|86/100 tox|[from] item: Leftovers
|-heal|p2a: Slowking|28/100|[from] item: Leftovers
|-damage|p1a: Primarina|80/100 tox|[from] psn
|upkeep
|turn|10
|
|t:|1667130653
|switch|p2a: Sylveon|Sylveon, M|96/100
|-damage|p2a: Sylveon|83/100|[from] Stealth Rock
|move|p1a: Primarina|Moonblast|p2a: Sylveon
|-damage|p2a: Sylveon|25/100
|
|-heal|p2a: Sylveon|31/100|[from] item: Leftovers
|-heal|p1a: Primarina|86/100 tox|[from] item: Leftovers
|-damage|p1a: Primarina|74/100 tox|[from] psn
|upkeep
|turn|11
|
|t:|1667130665
|move|p2a: Sylveon|Protect|p2a: Sylveon
|-singleturn|p2a: Sylveon|Protect
|move|p1a: Primarina|Rest|p1a: Primarina
|-status|p1a: Primarina|slp|[from] move: Rest
|-heal|p1a: Primarina|100/100 slp|[silent]
|
|-heal|p2a: Sylveon|37/100|[from] item: Leftovers
|upkeep
|turn|12
|
|t:|1667130668
|switch|p2a: Zarude|Zarude|100/100
|-damage|p2a: Zarude|88/100|[from] Stealth Rock
|cant|p1a: Primarina|slp
|move|p1a: Primarina|Sleep Talk|p1a: Primarina
|move|p1a: Primarina|Rest||[from]move: Sleep Talk|[still]
|-fail|p1a: Primarina
|
|upkeep
|turn|13
|c|☆IndeedeIsKing|Are you serious
|c|☆IndeedeIsKing|What was that play
|c|☆Liz Angeles|no one runs this set
|inactive|Liz Angeles has 120 seconds left.
|c|☆Liz Angeles|They're all snore
|c|☆Liz Angeles|Also
|c|☆IndeedeIsKing|What if i was snore?
|l|☆IndeedeIsKing
|inactive|IndeedeIsKing disconnected and has a minute to reconnect!
|player|p1|
|c|☆Liz Angeles|Zarude takes like 30%
|j|☆IndeedeIsKing
|inactive|IndeedeIsKing reconnected.
|player|p1|IndeedeIsKing|doctor-gen8
|inactive|Liz Angeles has 90 seconds left.
|
|t:|1667130747
|switch|p1a: Salamence|Salamence, F|100/100
|-ability|p1a: Salamence|Intimidate|boost
|-unboost|p2a: Zarude|atk|1
|move|p2a: Zarude|Power Whip|p1a: Salamence
|-resisted|p1a: Salamence
|-damage|p1a: Salamence|93/100
|
|upkeep
|turn|14
|c|☆IndeedeIsKing|From+3 snore
|c|☆Liz Angeles|ys
|inactive|IndeedeIsKing has 120 seconds left.
|c|☆IndeedeIsKing|Doubt
|c|☆Liz Angeles|Snore sucks
|inactive|IndeedeIsKing has 90 seconds left.
|
|t:|1667130811
|switch|p2a: Salamence|Salamence, F|100/100
|-ability|p2a: Salamence|Intimidate|boost
|-unboost|p1a: Salamence|atk|1
|move|p1a: Salamence|Toxic|p2a: Salamence
|-status|p2a: Salamence|tox
|
|-damage|p2a: Salamence|94/100 tox|[from] psn
|upkeep
|turn|15
|inactive|Liz Angeles has 90 seconds left.
|c|☆Liz Angeles|+3 0 SpA Primarina Snore vs. 0 HP / 4 SpD Zarude: 114-135 (32.4 - 38.4%)
|
|t:|1667130828
|switch|p1a: Entei|Entei|100/100
|-ability|p1a: Entei|Pressure
|move|p2a: Salamence|Defog|p1a: Entei
|-unboost|p1a: Entei|evasion|1
|-sideend|p2: Liz Angeles|Stealth Rock|[from] move: Defog|[of] p2a: Salamence
|
|-damage|p2a: Salamence|82/100 tox|[from] psn
|upkeep
|turn|16
|inactive|Liz Angeles has 90 seconds left.
|
|t:|1667130841
|switch|p2a: Slowking|Slowking, M|62/100
|move|p1a: Entei|Substitute|p1a: Entei
|-start|p1a: Entei|Substitute
|-damage|p1a: Entei|76/100
|
|-heal|p1a: Entei|82/100|[from] item: Leftovers
|-heal|p2a: Slowking|68/100|[from] item: Leftovers
|upkeep
|turn|17
|
|t:|1667130844
|move|p1a: Entei|Calm Mind|p1a: Entei
|-boost|p1a: Entei|spa|1
|-boost|p1a: Entei|spd|1
|move|p2a: Slowking|Scald|p1a: Entei
|-supereffective|p1a: Entei
|-end|p1a: Entei|Substitute
|
|-heal|p1a: Entei|88/100|[from] item: Leftovers
|-heal|p2a: Slowking|74/100|[from] item: Leftovers
|upkeep
|turn|18
|inactive|IndeedeIsKing has 90 seconds left.
|
|t:|1667130850
|move|p1a: Entei|Protect|p1a: Entei
|-singleturn|p1a: Entei|Protect
|move|p2a: Slowking|Scald|p1a: Entei
|-activate|p1a: Entei|move: Protect
|
|-heal|p1a: Entei|94/100|[from] item: Leftovers
|-heal|p2a: Slowking|80/100|[from] item: Leftovers
|upkeep
|turn|19
|
|t:|1667130853
|move|p1a: Entei|Substitute|p1a: Entei
|-start|p1a: Entei|Substitute
|-damage|p1a: Entei|69/100
|move|p2a: Slowking|Scald|p1a: Entei
|-supereffective|p1a: Entei
|-end|p1a: Entei|Substitute
|
|-heal|p1a: Entei|76/100|[from] item: Leftovers
|-heal|p2a: Slowking|86/100|[from] item: Leftovers
|upkeep
|turn|20
|
|t:|1667130856
|move|p1a: Entei|Calm Mind|p1a: Entei
|-boost|p1a: Entei|spa|1
|-boost|p1a: Entei|spd|1
|move|p2a: Slowking|Psyshock|p1a: Entei
|-damage|p1a: Entei|59/100
|
|-heal|p1a: Entei|66/100|[from] item: Leftovers
|-heal|p2a: Slowking|92/100|[from] item: Leftovers
|upkeep
|turn|21
|
|t:|1667130862
|move|p1a: Entei|Protect|p1a: Entei
|-singleturn|p1a: Entei|Protect
|move|p2a: Slowking|Scald|p1a: Entei
|-activate|p1a: Entei|move: Protect
|
|-heal|p1a: Entei|72/100|[from] item: Leftovers
|-heal|p2a: Slowking|98/100|[from] item: Leftovers
|upkeep
|turn|22
|
|t:|1667130865
|move|p1a: Entei|Substitute|p1a: Entei
|-start|p1a: Entei|Substitute
|-damage|p1a: Entei|47/100
|move|p2a: Slowking|Scald|p1a: Entei
|-supereffective|p1a: Entei
|-end|p1a: Entei|Substitute
|
|-heal|p1a: Entei|53/100|[from] item: Leftovers
|-heal|p2a: Slowking|100/100|[from] item: Leftovers
|upkeep
|turn|23
|
|t:|1667130868
|move|p1a: Entei|Protect|p1a: Entei
|-singleturn|p1a: Entei|Protect
|move|p2a: Slowking|Toxic|p1a: Entei
|-activate|p1a: Entei|move: Protect
|
|-heal|p1a: Entei|59/100|[from] item: Leftovers
|upkeep
|turn|24
|
|t:|1667130872
|move|p1a: Entei|Calm Mind|p1a: Entei
|-boost|p1a: Entei|spa|1
|-boost|p1a: Entei|spd|1
|move|p2a: Slowking|Scald|p1a: Entei
|-supereffective|p1a: Entei
|-damage|p1a: Entei|35/100
|
|-heal|p1a: Entei|41/100|[from] item: Leftovers
|upkeep
|turn|25
|
|t:|1667130896
|move|p1a: Entei|Substitute|p1a: Entei
|-start|p1a: Entei|Substitute
|-damage|p1a: Entei|16/100
|move|p2a: Slowking|Scald|p1a: Entei
|-supereffective|p1a: Entei
|-activate|p1a: Entei|move: Substitute|[damage]
|
|-heal|p1a: Entei|22/100|[from] item: Leftovers
|upkeep
|turn|26
|
|t:|1667130901
|move|p1a: Entei|Protect|p1a: Entei
|-singleturn|p1a: Entei|Protect
|move|p2a: Slowking|Psyshock|p1a: Entei
|-activate|p1a: Entei|move: Protect
|
|-heal|p1a: Entei|28/100|[from] item: Leftovers
|upkeep
|turn|27
|
|t:|1667130907
|move|p1a: Entei|Calm Mind|p1a: Entei
|-boost|p1a: Entei|spa|1
|-boost|p1a: Entei|spd|1
|move|p2a: Slowking|Psyshock|p1a: Entei
|-end|p1a: Entei|Substitute
|
|-heal|p1a: Entei|35/100|[from] item: Leftovers
|upkeep
|turn|28
|
|t:|1667130912
|move|p1a: Entei|Protect|p1a: Entei
|-singleturn|p1a: Entei|Protect
|move|p2a: Slowking|Toxic|p1a: Entei
|-activate|p1a: Entei|move: Protect
|
|-heal|p1a: Entei|41/100|[from] item: Leftovers
|upkeep
|turn|29
|
|t:|1667130919
|move|p1a: Entei|Substitute|p1a: Entei
|-start|p1a: Entei|Substitute
|-damage|p1a: Entei|16/100
|move|p2a: Slowking|Scald|p1a: Entei
|-supereffective|p1a: Entei
|-activate|p1a: Entei|move: Substitute|[damage]
|
|-heal|p1a: Entei|22/100|[from] item: Leftovers
|upkeep
|turn|30
|
|t:|1667130922
|move|p1a: Entei|Protect|p1a: Entei
|-singleturn|p1a: Entei|Protect
|move|p2a: Slowking|Psyshock|p1a: Entei
|-activate|p1a: Entei|move: Protect
|
|-heal|p1a: Entei|28/100|[from] item: Leftovers
|upkeep
|turn|31
|
|t:|1667130929
|move|p1a: Entei|Calm Mind|p1a: Entei
|-boost|p1a: Entei|spa|1
|-boost|p1a: Entei|spd|1
|move|p2a: Slowking|Psyshock|p1a: Entei
|-end|p1a: Entei|Substitute
|
|-heal|p1a: Entei|35/100|[from] item: Leftovers
|upkeep
|turn|32
|
|t:|1667130932
|move|p1a: Entei|Protect|p1a: Entei
|-singleturn|p1a: Entei|Protect
|move|p2a: Slowking|Toxic|p1a: Entei
|-activate|p1a: Entei|move: Protect
|
|-heal|p1a: Entei|41/100|[from] item: Leftovers
|upkeep
|turn|33
|
|t:|1667130936
|move|p1a: Entei|Substitute|p1a: Entei
|-start|p1a: Entei|Substitute
|-damage|p1a: Entei|16/100
|move|p2a: Slowking|Psyshock|p1a: Entei
|-activate|p1a: Entei|move: Substitute|[damage]
|
|-heal|p1a: Entei|22/100|[from] item: Leftovers
|upkeep
|turn|34
|
|t:|1667130940
|move|p1a: Entei|Protect|p1a: Entei
|-singleturn|p1a: Entei|Protect
|move|p2a: Slowking|Toxic|p1a: Entei
|-activate|p1a: Entei|move: Protect
|
|-heal|p1a: Entei|28/100|[from] item: Leftovers
|upkeep
|turn|35
|
|t:|1667130950
|move|p1a: Entei|Calm Mind|p1a: Entei
|-boost|p1a: Entei|spa|1
|-boost|p1a: Entei|spd|1
|move|p2a: Slowking|Psyshock|p1a: Entei
|-end|p1a: Entei|Substitute
|
|-heal|p1a: Entei|35/100|[from] item: Leftovers
|upkeep
|turn|36
|
|t:|1667130955
|move|p1a: Entei|Protect|p1a: Entei
|-singleturn|p1a: Entei|Protect
|move|p2a: Slowking|Scald|p1a: Entei
|-activate|p1a: Entei|move: Protect
|
|-heal|p1a: Entei|41/100|[from] item: Leftovers
|upkeep
|turn|37
|
|t:|1667130958
|move|p1a: Entei|Substitute|p1a: Entei
|-start|p1a: Entei|Substitute
|-damage|p1a: Entei|16/100
|move|p2a: Slowking|Scald|p1a: Entei
|-supereffective|p1a: Entei
|-activate|p1a: Entei|move: Substitute|[damage]
|
|-heal|p1a: Entei|22/100|[from] item: Leftovers
|upkeep
|turn|38
|
|t:|1667130965
|switch|p2a: Sylveon|Sylveon, M|37/100
|move|p1a: Entei|Protect||[still]
|-fail|p1a: Entei
|
|-heal|p1a: Entei|28/100|[from] item: Leftovers
|-heal|p2a: Sylveon|43/100|[from] item: Leftovers
|upkeep
|turn|39
|
|t:|1667130969
|switch|p2a: Slowking|Slowking, M|100/100
|move|p1a: Entei|Lava Plume|p2a: Slowking
|-resisted|p2a: Slowking
|-damage|p2a: Slowking|60/100
|
|-heal|p1a: Entei|35/100|[from] item: Leftovers
|-heal|p2a: Slowking|66/100|[from] item: Leftovers
|upkeep
|turn|40
|
|t:|1667130980
|move|p1a: Entei|Protect|p1a: Entei
|-singleturn|p1a: Entei|Protect
|move|p2a: Slowking|Slack Off|p2a: Slowking
|-heal|p2a: Slowking|100/100
|
|-heal|p1a: Entei|41/100|[from] item: Leftovers
|upkeep
|turn|41
|
|t:|1667130990
|move|p1a: Entei|Lava Plume|p2a: Slowking
|-resisted|p2a: Slowking
|-damage|p2a: Slowking|60/100
|move|p2a: Slowking|Psyshock|p1a: Entei
|-end|p1a: Entei|Substitute
|
|-heal|p1a: Entei|47/100|[from] item: Leftovers
|-heal|p2a: Slowking|66/100|[from] item: Leftovers
|upkeep
|turn|42
|
|t:|1667130999
|switch|p2a: Salamence|Salamence, F|82/100 tox
|-ability|p2a: Salamence|Intimidate|boost
|-unboost|p1a: Entei|atk|1
|move|p1a: Entei|Substitute|p1a: Entei
|-start|p1a: Entei|Substitute
|-damage|p1a: Entei|22/100
|
|-heal|p1a: Entei|28/100|[from] item: Leftovers
|-damage|p2a: Salamence|76/100 tox|[from] psn
|upkeep
|turn|43
|
|t:|1667131005
|move|p2a: Salamence|Dual Wingbeat|p1a: Entei
|-activate|p1a: Entei|move: Substitute|[damage]
|-end|p1a: Entei|Substitute
|-hitcount|p1a: Entei|2
|move|p1a: Entei|Lava Plume|p2a: Salamence
|-resisted|p2a: Salamence
|-damage|p2a: Salamence|27/100 tox
|
|-heal|p1a: Entei|35/100|[from] item: Leftovers
|-damage|p2a: Salamence|14/100 tox|[from] psn
|upkeep
|turn|44
|
|t:|1667131026
|switch|p2a: Zarude|Zarude|88/100
|move|p1a: Entei|Protect||[still]
|-fail|p1a: Entei
|
|-heal|p1a: Entei|41/100|[from] item: Leftovers
|upkeep
|turn|45
|
|t:|1667131034
|move|p1a: Entei|Protect|p1a: Entei
|-singleturn|p1a: Entei|Protect
|move|p2a: Zarude|Darkest Lariat|p1a: Entei
|-activate|p1a: Entei|move: Protect
|
|-heal|p1a: Entei|47/100|[from] item: Leftovers
|upkeep
|turn|46
|
|t:|1667131040
|move|p2a: Zarude|Darkest Lariat|p1a: Entei
|-damage|p1a: Entei|20/100
|move|p1a: Entei|Lava Plume|p2a: Zarude
|-supereffective|p2a: Zarude
|-damage|p2a: Zarude|0 fnt
|faint|p2a: Zarude
|
|-heal|p1a: Entei|26/100|[from] item: Leftovers
|upkeep
|
|t:|1667131048
|switch|p2a: Sirfetch’d|Sirfetch’d, M|100/100
|turn|47
|
|t:|1667131061
|move|p1a: Entei|Protect|p1a: Entei
|-singleturn|p1a: Entei|Protect
|move|p2a: Sirfetch’d|Knock Off|p1a: Entei
|-activate|p1a: Entei|move: Protect
|
|-heal|p1a: Entei|33/100|[from] item: Leftovers
|upkeep
|turn|48
|inactive|IndeedeIsKing has 120 seconds left.
|
|t:|1667131103
|move|p1a: Entei|Lava Plume|p2a: Sirfetch’d
|-damage|p2a: Sirfetch’d|0 fnt
|faint|p2a: Sirfetch’d
|
|-heal|p1a: Entei|39/100|[from] item: Leftovers
|upkeep
|
|t:|1667131106
|switch|p2a: Salamence|Salamence, F|14/100 tox
|-ability|p2a: Salamence|Intimidate|boost
|-unboost|p1a: Entei|atk|1
|turn|49
|c|☆IndeedeIsKing|I OUTSPEED
|inactive|IndeedeIsKing has 120 seconds left.
|
|t:|1667131112
|move|p1a: Entei|Protect|p1a: Entei
|-singleturn|p1a: Entei|Protect
|move|p2a: Salamence|Dual Wingbeat|p1a: Entei
|-activate|p1a: Entei|move: Protect
|
|-heal|p1a: Entei|45/100|[from] item: Leftovers
|-damage|p2a: Salamence|8/100 tox|[from] psn
|upkeep
|turn|50
|
|t:|1667131117
|move|p2a: Salamence|Dual Wingbeat|p1a: Entei
|-damage|p1a: Entei|32/100
|-damage|p1a: Entei|18/100
|-hitcount|p1a: Entei|2
|move|p1a: Entei|Lava Plume|p2a: Salamence
|-resisted|p2a: Salamence
|-damage|p2a: Salamence|0 fnt
|faint|p2a: Salamence
|
|-heal|p1a: Entei|24/100|[from] item: Leftovers
|upkeep
|c|☆IndeedeIsKing|Ngl duck kinda sucks
|c|☆Liz Angeles|bro
|inactive|Liz Angeles has 120 seconds left.
|inactive|Liz Angeles has 90 seconds left.
|c|☆Liz Angeles|none of this would've happened if you didn't play like shit with hippowdon
|c|☆Liz Angeles|That's all I'm saying
|-message|Liz Angeles forfeited.
|
|win|IndeedeIsKing
|raw|IndeedeIsKing's rating: 1557 &rarr; <strong>1583</strong><br />(+26 for winning)
|raw|Liz Angeles's rating: 1661 &rarr; <strong>1635</strong><br />(-26 for losing)
|c|☆IndeedeIsKing|Seemed to Work out
|c|☆Liz Angeles|Also prim broken
