|j|☆Low Ladder Terror
|j|☆NBAinourhearts
|t:|1607057504
|player|p1|Low Ladder Terror|teamrocket|
|player|p2|NBAinourhearts|hoopster|
|teamsize|p1|6
|teamsize|p2|6
|gametype|singles
|gen|8
|tier|[Gen 8] UU
|rated|Tournament battle
|clearpoke
|poke|p1|Zapdos-Galar|
|poke|p1|Tentacruel, F|
|poke|p1|Rhyperior, F|
|poke|p1|Klefki, F|
|poke|p1|Latias, F|
|poke|p1|Bisharp, M|
|poke|p2|Torkoal, F|
|poke|p2|Venusaur, M|
|poke|p2|Hatterene, F|
|poke|p2|Zeraora|
|poke|p2|Porygon2|
|poke|p2|Mamoswine, M|
|rule|Sleep Clause Mod: Limit one foe put to sleep
|rule|Species Clause: Limit one of each Pokémon
|rule|OHKO Clause: OHKO moves are banned
|rule|Evasion Moves Clause: Evasion moves are banned
|rule|Endless Battle Clause: Forcing endless battles is banned
|rule|HP Percentage Mod: HP is shown in percentages
|rule|Dynamax Clause: You cannot dynamax
|teampreview
|j| Fearripper128
|j| GETTIN BIG ON EM
|j| Life Letters
|j| Doctor Scranton
|j| bigfreakingguy
|inactive|Battle timer is ON: inactive players will automatically lose when time's up. (requested by Low Ladder Terror)
|c|☆Low Ladder Terror|hf
|c|☆NBAinourhearts|u2
|
|t:|1607057521
|start
|switch|p1a: Latias|Latias, F|100/100
|switch|p2a: Mamoswine|Mamoswine, M|100/100
|turn|1
|c| Doctor Scranton|I love this sun team
|l| bigfreakingguy
|inactive|Low Ladder Terror has 120 seconds left.
|j| MilkyOmo
|
|t:|1607057554
|move|p2a: Mamoswine|Icicle Crash|p1a: Latias
|-supereffective|p1a: Latias
|-damage|p1a: Latias|0 fnt
|faint|p1a: Latias
|
|upkeep
|c|☆Low Ladder Terror|f
|inactive|Low Ladder Terror has 120 seconds left.
|c| Life Letters|HAHA
|c| Life Letters|scarf mamo
|
|t:|1607057565
|switch|p1a: Bisharp|Bisharp, M, shiny|100/100
|turn|2
|inactive|Low Ladder Terror has 120 seconds left.
|
|t:|1607057573
|switch|p2a: Torkoal|Torkoal, F|100/100
|-weather|SunnyDay|[from] ability: Drought|[of] p2a: Torkoal
|move|p1a: Bisharp|Knock Off|p2a: Torkoal
|-damage|p2a: Torkoal|68/100
|-enditem|p2a: Torkoal|Heat Rock|[from] move: Knock Off|[of] p1a: Bisharp
|
|-weather|SunnyDay|[upkeep]
|upkeep
|turn|3
|c| MilkyOmo|big ouch
|c|☆NBAinourhearts|i just respect u for not bring screen blaziken to the finals
|inactive|NBAinourhearts has 120 seconds left.
|j| bigfreakingguy
|
|t:|1607057608
|switch|p1a: Rhyperior|Rhyperior, F|100/100
|move|p2a: Torkoal|Yawn|p1a: Rhyperior
|-start|p1a: Rhyperior|move: Yawn|[of] p2a: Torkoal
|
|-weather|SunnyDay|[upkeep]
|upkeep
|turn|4
|inactive|NBAinourhearts has 120 seconds left.
|
|t:|1607057616
|move|p1a: Rhyperior|Earthquake|p2a: Torkoal
|-supereffective|p2a: Torkoal
|-damage|p2a: Torkoal|10/100
|move|p2a: Torkoal|Stealth Rock|p1a: Rhyperior
|-sidestart|p1: Low Ladder Terror|move: Stealth Rock
|
|-weather|SunnyDay|[upkeep]
|-end|p1a: Rhyperior|move: Yawn|[silent]
|-status|p1a: Rhyperior|slp
|upkeep
|turn|5
|j| Vivid Villager
|
|t:|1607057634
|switch|p2a: Venusaur|Venusaur, M|100/100
|cant|p1a: Rhyperior|slp
|
|-weather|SunnyDay|[upkeep]
|upkeep
|turn|6
|
|t:|1607057642
|switch|p1a: Tentacruel|Tentacruel, F, shiny|100/100
|-damage|p1a: Tentacruel|88/100|[from] Stealth Rock
|move|p2a: Venusaur|Giga Drain|p1a: Tentacruel
|-damage|p1a: Tentacruel|53/100
|-damage|p2a: Venusaur|79/100|[from] ability: Liquid Ooze|[of] p1a: Tentacruel
|-damage|p2a: Venusaur|69/100|[from] item: Life Orb
|
|-weather|SunnyDay|[upkeep]
|-heal|p1a: Tentacruel|59/100|[from] item: Black Sludge
|upkeep
|turn|7
|
|t:|1607057654
|move|p2a: Venusaur|Earth Power|p1a: Tentacruel
|-supereffective|p1a: Tentacruel
|-damage|p1a: Tentacruel|2/100
|-damage|p2a: Venusaur|59/100|[from] item: Life Orb
|move|p1a: Tentacruel|Rapid Spin|p2a: Venusaur
|-damage|p2a: Venusaur|49/100
|-boost|p1a: Tentacruel|spe|1
|-sideend|p1: Low Ladder Terror|Stealth Rock|[from] move: Rapid Spin|[of] p1a: Tentacruel
|
|-weather|SunnyDay|[upkeep]
|-heal|p1a: Tentacruel|8/100|[from] item: Black Sludge
|upkeep
|turn|8
|
|t:|1607057666
|move|p2a: Venusaur|Weather Ball|p1a: Tentacruel
|-resisted|p1a: Tentacruel
|-damage|p1a: Tentacruel|0 fnt
|-damage|p2a: Venusaur|39/100|[from] item: Life Orb
|faint|p1a: Tentacruel
|
|-weather|SunnyDay|[upkeep]
|upkeep
|
|t:|1607057671
|switch|p1a: Bisharp|Bisharp, M, shiny|100/100
|turn|9
|
|t:|1607057680
|move|p1a: Bisharp|Sucker Punch|p2a: Venusaur
|-damage|p2a: Venusaur|0 fnt
|faint|p2a: Venusaur
|
|-weather|none
|upkeep
|
|t:|1607057686
|switch|p2a: Zeraora|Zeraora|100/100
|turn|10
|
|t:|1607057694
|switch|p1a: Rhyperior|Rhyperior, F|100/100 slp
|move|p2a: Zeraora|Close Combat|p1a: Rhyperior
|-supereffective|p1a: Rhyperior
|-damage|p1a: Rhyperior|58/100 slp
|-unboost|p2a: Zeraora|def|1
|-unboost|p2a: Zeraora|spd|1
|
|-heal|p1a: Rhyperior|64/100 slp|[from] item: Leftovers
|upkeep
|turn|11
|j| xinc
|
|t:|1607057706
|switch|p2a: Hatterene|Hatterene, F|100/100
|switch|p1a: Zapdos|Zapdos-Galar|100/100
|
|upkeep
|turn|12
|
|t:|1607057719
|move|p1a: Zapdos|U-turn|p2a: Hatterene
|-damage|p2a: Hatterene|72/100
|
|t:|1607057735
|switch|p1a: Bisharp|Bisharp, M, shiny|100/100|[from]move: U-turn
|move|p2a: Hatterene|Dazzling Gleam|p1a: Bisharp
|-damage|p1a: Bisharp|23/100
|
|-heal|p2a: Hatterene|78/100|[from] item: Leftovers
|upkeep
|turn|13
|
|t:|1607057745
|switch|p2a: Torkoal|Torkoal, F|10/100
|-weather|SunnyDay|[from] ability: Drought|[of] p2a: Torkoal
|move|p1a: Bisharp|Swords Dance|p1a: Bisharp
|-boost|p1a: Bisharp|atk|2
|
|-weather|SunnyDay|[upkeep]
|upkeep
|turn|14
|
|t:|1607057752
|move|p1a: Bisharp|Knock Off|p2a: Torkoal
|-damage|p2a: Torkoal|0 fnt
|faint|p2a: Torkoal
|
|-weather|SunnyDay|[upkeep]
|upkeep
|
|t:|1607057758
|switch|p2a: Mamoswine|Mamoswine, M|100/100
|turn|15
|
|t:|1607057762
|move|p2a: Mamoswine|Ice Shard|p1a: Bisharp
|-resisted|p1a: Bisharp
|-damage|p1a: Bisharp|10/100
|move|p1a: Bisharp|Iron Head|p2a: Mamoswine
|-supereffective|p2a: Mamoswine
|-damage|p2a: Mamoswine|0 fnt
|faint|p2a: Mamoswine
|
|-weather|SunnyDay|[upkeep]
|upkeep
|c|☆NBAinourhearts|damn
|
|t:|1607057771
|switch|p2a: Zeraora|Zeraora|100/100
|turn|16
|c|☆NBAinourhearts|i threw
|
|t:|1607057779
|move|p1a: Bisharp|Sucker Punch|p2a: Zeraora
|-damage|p2a: Zeraora|0 fnt
|faint|p2a: Zeraora
|
|-weather|SunnyDay|[upkeep]
|upkeep
|l| Life Letters
|
|t:|1607057784
|switch|p2a: Porygon2|Porygon2|100/100
|-ability|p2a: Porygon2|Defiant|[from] ability: Trace|[of] p1a: Bisharp
|turn|17
|j| saltvik
|inactive|Low Ladder Terror has 120 seconds left.
|l| saltvik
|j| adamantazu
|
|t:|1607057834
|switch|p1a: Rhyperior|Rhyperior, F|64/100 slp
|move|p2a: Porygon2|Ice Beam|p1a: Rhyperior
|-supereffective|p1a: Rhyperior
|-damage|p1a: Rhyperior|34/100 slp
|
|-weather|none
|-heal|p1a: Rhyperior|40/100 slp|[from] item: Leftovers
|upkeep
|turn|18
|
|t:|1607057841
|-curestatus|p1a: Rhyperior|slp|[msg]
|move|p1a: Rhyperior|Earthquake|p2a: Porygon2
|-damage|p2a: Porygon2|66/100
|move|p2a: Porygon2|Teleport|p2a: Porygon2
|
|t:|1607057847
|switch|p2a: Hatterene|Hatterene, F|78/100|[from]move: Teleport
|
|-heal|p1a: Rhyperior|46/100|[from] item: Leftovers
|-heal|p2a: Hatterene|84/100|[from] item: Leftovers
|upkeep
|turn|19
|inactive|Low Ladder Terror has 120 seconds left.
|
|t:|1607057854
|move|p1a: Rhyperior|Earthquake|p2a: Hatterene
|-damage|p2a: Hatterene|29/100
|move|p2a: Hatterene|Giga Drain|p1a: Rhyperior
|-supereffective|p1a: Rhyperior
|-damage|p1a: Rhyperior|0 fnt
|-heal|p2a: Hatterene|60/100|[from] drain|[of] p1a: Rhyperior
|faint|p1a: Rhyperior
|
|-heal|p2a: Hatterene|66/100|[from] item: Leftovers
|upkeep
|inactive|Low Ladder Terror has 120 seconds left.
|
|t:|1607057862
|switch|p1a: Bisharp|Bisharp, M, shiny|10/100
|turn|20
|
|t:|1607057865
|switch|p2a: Porygon2|Porygon2|66/100
|-ability|p2a: Porygon2|Defiant|[from] ability: Trace|[of] p1a: Bisharp
|move|p1a: Bisharp|Iron Head|p2a: Porygon2
|-damage|p2a: Porygon2|41/100
|
|upkeep
|turn|21
|j| Life Letters
|
|t:|1607057882
|switch|p1a: Klefki|Klefki, F|100/100
|move|p2a: Porygon2|Recover|p2a: Porygon2
|-heal|p2a: Porygon2|91/100
|
|upkeep
|turn|22
|
|t:|1607057888
|switch|p2a: Hatterene|Hatterene, F|66/100
|move|p1a: Klefki|Switcheroo|p2a: Hatterene
|-activate|p1a: Klefki|move: Trick|[of] p2a: Hatterene
|-item|p2a: Hatterene|Lagging Tail|[from] move: Switcheroo
|-item|p1a: Klefki|Leftovers|[from] move: Switcheroo
|
|upkeep
|turn|23
|
|t:|1607057898
|move|p1a: Klefki|Dazzling Gleam|p2a: Hatterene
|-damage|p2a: Hatterene|42/100
|move|p2a: Hatterene|Mystical Fire|p1a: Klefki
|-supereffective|p1a: Klefki
|-damage|p1a: Klefki|24/100
|-unboost|p1a: Klefki|spa|1
|
|-heal|p1a: Klefki|30/100|[from] item: Leftovers
|upkeep
|turn|24
|c| adamantazu|lagging tail makes no diff with non TR hatt lol
|inactive|NBAinourhearts has 120 seconds left.
|c|☆NBAinourhearts|bisharp really fucked up my whole team
|
|t:|1607057940
|move|p1a: Klefki|Dazzling Gleam|p2a: Hatterene
|-damage|p2a: Hatterene|27/100
|move|p2a: Hatterene|Mystical Fire|p1a: Klefki
|-supereffective|p1a: Klefki
|-damage|p1a: Klefki|0 fnt
|faint|p1a: Klefki
|
|upkeep
|
|t:|1607057946
|switch|p1a: Bisharp|Bisharp, M, shiny|10/100
|turn|25
|j| qdwafsegdrhtfgjk
|inactive|NBAinourhearts has 120 seconds left.
|
|t:|1607057953
|move|p1a: Bisharp|Iron Head|p2a: Hatterene
|-supereffective|p2a: Hatterene
|-damage|p2a: Hatterene|0 fnt
|faint|p2a: Hatterene
|
|upkeep
|
|t:|1607057957
|switch|p2a: Porygon2|Porygon2|91/100
|-ability|p2a: Porygon2|Defiant|[from] ability: Trace|[of] p1a: Bisharp
|turn|26
|c|☆Low Ladder Terror|scarf mamo really messed me up
|l| Life Letters
|
|t:|1607057966
|move|p1a: Bisharp|Knock Off|p2a: Porygon2
|-crit|p2a: Porygon2
|-damage|p2a: Porygon2|29/100
|-enditem|p2a: Porygon2|Eviolite|[from] move: Knock Off|[of] p1a: Bisharp
|move|p2a: Porygon2|Ice Beam|p1a: Bisharp
|-resisted|p1a: Bisharp
|-damage|p1a: Bisharp|0 fnt
|faint|p1a: Bisharp
|
|upkeep
|c|☆Low Ladder Terror|lati went in
|c|☆Low Ladder Terror|gg
|
|t:|1607057974
|switch|p1a: Zapdos|Zapdos-Galar|100/100
|turn|27
|c|☆NBAinourhearts|it def does
|c|☆NBAinourhearts|why u think im runnin it lol
|
|t:|1607057988
|move|p1a: Zapdos|Thunderous Kick|p2a: Porygon2
|-supereffective|p2a: Porygon2
|-damage|p2a: Porygon2|0 fnt
|faint|p2a: Porygon2
|
|win|Low Ladder Terror
|n|☆Low Ladder Terror|lowladderterror
|n|☆NBAinourhearts|nbainourhearts
|n| Fearripper128|fearripper128
|n| GETTIN BIG ON EM|gettinbigonem
|n| Doctor Scranton|doctorscranton
|n| MilkyOmo|milkyomo
|n| bigfreakingguy|bigfreakingguy
|n| Vivid Villager|vividvillager
|n| xinc|xinc
|n| adamantazu|adamantazu
|n| qdwafsegdrhtfgjk|qdwafsegdrhtfgjk
