|j|☆DD Qyads
|j|☆Spaceman_LBC
|player|p1|DD Qyads|hilbert-dueldisk|1581
|player|p2|Spaceman_LBC|ltsurge|1435
|teamsize|p1|6
|teamsize|p2|6
|gametype|singles
|gen|8
|tier|[Gen 8] UU
|rated|
|rule|Sleep Clause Mod: Limit one foe put to sleep
|rule|Species Clause: Limit one of each Pokémon
|rule|OHKO Clause: OHKO moves are banned
|rule|Evasion Moves Clause: Evasion moves are banned
|rule|Endless Battle Clause: Forcing endless battles is banned
|rule|HP Percentage Mod: HP is shown in percentages
|clearpoke
|poke|p1|Golisopod, M|
|poke|p1|Lanturn, F|
|poke|p1|Diggersby, F|
|poke|p1|Gengar, F|
|poke|p1|Bronzong|
|poke|p1|Noivern, F|
|poke|p2|Crawdaunt, M|
|poke|p2|Durant, M|
|poke|p2|Gengar, F|
|poke|p2|Vikavolt, F|
|poke|p2|Mamoswine, F|
|poke|p2|Weezing-Galar, M|
|rule|Dynamax Clause: You cannot dynamax
|teampreview
|j| Santipe54
|l| Santipe54
|
|start
|switch|p1a: Noivern|Noivern, F|100/100
|switch|p2a: Vikavolt|Vikavolt, F|100/100
|turn|1
|
|move|p1a: Noivern|Hurricane|p2a: Vikavolt
|-damage|p2a: Vikavolt|47/100
|-start|p2a: Vikavolt|confusion
|-activate|p2a: Vikavolt|confusion
|move|p2a: Vikavolt|Volt Switch|p1a: Noivern
|-damage|p1a: Noivern|46/100
|
|switch|p2a: Mamoswine|Mamoswine, F|100/100|[from]move: Volt Switch
|
|upkeep
|turn|2
|
|switch|p1a: Golisopod|Golisopod, M|100/100
|move|p2a: Mamoswine|Stone Edge|p1a: Golisopod|[miss]
|-miss|p2a: Mamoswine|p1a: Golisopod
|
|upkeep
|turn|3
|
|move|p1a: Golisopod|First Impression|p2a: Mamoswine
|-damage|p2a: Mamoswine|41/100
|move|p2a: Mamoswine|Stone Edge|p1a: Golisopod
|-supereffective|p1a: Golisopod
|-damage|p1a: Golisopod|26/100
|-activate|p1a: Golisopod|ability: Emergency Exit
|-damage|p2a: Mamoswine|31/100|[from] item: Life Orb
|
|switch|p1a: Gengar|Gengar, F|100/100
|
|upkeep
|turn|4
|
|move|p1a: Gengar|Shadow Ball|p2a: Mamoswine
|-damage|p2a: Mamoswine|0 fnt
|faint|p2a: Mamoswine
|
|upkeep
|
|switch|p2a: Gengar|Gengar, F|100/100
|turn|5
|
|move|p1a: Gengar|Shadow Ball|p2a: Gengar
|-supereffective|p2a: Gengar
|-enditem|p2a: Gengar|Focus Sash
|-damage|p2a: Gengar|1/100
|-start|p1a: Gengar|Disable|Shadow Ball|[from] ability: Cursed Body|[of] p2a: Gengar
|move|p2a: Gengar|Shadow Ball|p1a: Gengar
|-supereffective|p1a: Gengar
|-damage|p1a: Gengar|0 fnt
|faint|p1a: Gengar
|
|upkeep
|
|switch|p1a: Golisopod|Golisopod, M|26/100
|turn|6
|
|switch|p2a: Weezing|Weezing-Galar, M|100/100
|move|p1a: Golisopod|First Impression|p2a: Weezing
|-resisted|p2a: Weezing
|-damage|p2a: Weezing|89/100
|
|-heal|p2a: Weezing|95/100|[from] item: Black Sludge
|upkeep
|turn|7
|
|switch|p1a: Bronzong|Bronzong|100/100
|move|p2a: Weezing|Toxic Spikes|p1a: Bronzong
|-sidestart|p1: DD Qyads|move: Toxic Spikes
|
|-heal|p2a: Weezing|100/100|[from] item: Black Sludge
|upkeep
|turn|8
|
|move|p2a: Weezing|Will-O-Wisp|p1a: Bronzong
|-status|p1a: Bronzong|brn
|move|p1a: Bronzong|Psychic|p2a: Weezing
|-supereffective|p2a: Weezing
|-damage|p2a: Weezing|55/100
|-unboost|p2a: Weezing|spd|1
|
|-heal|p2a: Weezing|61/100|[from] item: Black Sludge
|-damage|p1a: Bronzong|94/100 brn|[from] brn
|upkeep
|turn|9
|
|switch|p2a: Crawdaunt|Crawdaunt, M|100/100
|move|p1a: Bronzong|Body Press|p2a: Crawdaunt
|-supereffective|p2a: Crawdaunt
|-crit|p2a: Crawdaunt
|-damage|p2a: Crawdaunt|46/100
|
|-damage|p1a: Bronzong|88/100 brn|[from] brn
|upkeep
|turn|10
|
|move|p2a: Crawdaunt|Knock Off|p1a: Bronzong
|-supereffective|p1a: Bronzong
|-enditem|p1a: Bronzong|Colbur Berry|[eat]
|-enditem|p1a: Bronzong|Colbur Berry|[weaken]
|-damage|p1a: Bronzong|17/100 brn
|move|p1a: Bronzong|Stealth Rock|p2a: Crawdaunt
|-sidestart|p2: Spaceman_LBC|move: Stealth Rock
|
|-damage|p1a: Bronzong|11/100 brn|[from] brn
|upkeep
|turn|11
|
|move|p2a: Crawdaunt|Knock Off|p1a: Bronzong
|-supereffective|p1a: Bronzong
|-damage|p1a: Bronzong|0 fnt
|faint|p1a: Bronzong
|
|upkeep
|
|switch|p1a: Golisopod|Golisopod, M|26/100
|turn|12
|
|move|p1a: Golisopod|First Impression|p2a: Crawdaunt
|-supereffective|p2a: Crawdaunt
|-damage|p2a: Crawdaunt|0 fnt
|faint|p2a: Crawdaunt
|
|upkeep
|
|switch|p2a: Durant|Durant, M, shiny|100/100
|-damage|p2a: Durant|88/100|[from] Stealth Rock
|turn|13
|
|move|p2a: Durant|First Impression|p1a: Golisopod
|-damage|p1a: Golisopod|0 fnt
|-damage|p2a: Durant|78/100|[from] item: Life Orb
|faint|p1a: Golisopod
|
|upkeep
|
|switch|p1a: Noivern|Noivern, F|46/100
|turn|14
|
|switch|p2a: Gengar|Gengar, F|1/100
|-damage|p2a: Gengar|0 fnt|[from] Stealth Rock
|faint|p2a: Gengar
|move|p1a: Noivern|Flamethrower|p2: Gengar|[notarget]
|-fail|p1a: Noivern
|
|upkeep
|
|switch|p2a: Durant|Durant, M, shiny|78/100
|-damage|p2a: Durant|66/100|[from] Stealth Rock
|turn|15
|
|move|p2a: Durant|First Impression|p1a: Noivern
|-resisted|p1a: Noivern
|-damage|p1a: Noivern|0 fnt
|-damage|p2a: Durant|56/100|[from] item: Life Orb
|faint|p1a: Noivern
|
|upkeep
|
|switch|p1a: Lanturn|Lanturn, F|100/100
|-status|p1a: Lanturn|psn
|turn|16
|
|switch|p2a: Vikavolt|Vikavolt, F|47/100
|-damage|p2a: Vikavolt|22/100|[from] Stealth Rock
|move|p1a: Lanturn|Volt Switch|p2a: Vikavolt
|-resisted|p2a: Vikavolt
|-damage|p2a: Vikavolt|6/100
|
|switch|p1a: Diggersby|Diggersby, F|100/100|[from]move: Volt Switch
|-status|p1a: Diggersby|psn
|
|-heal|p2a: Vikavolt|12/100|[from] item: Leftovers
|-damage|p1a: Diggersby|88/100 psn|[from] psn
|upkeep
|turn|17
|
|move|p1a: Diggersby|Body Slam|p2a: Vikavolt
|-damage|p2a: Vikavolt|0 fnt
|faint|p2a: Vikavolt
|
|-damage|p1a: Diggersby|76/100 psn|[from] psn
|upkeep
|
|switch|p2a: Durant|Durant, M, shiny|56/100
|-damage|p2a: Durant|44/100|[from] Stealth Rock
|turn|18
|
|switch|p1a: Lanturn|Lanturn, F|100/100 psn
|move|p2a: Durant|Superpower|p1a: Lanturn
|-damage|p1a: Lanturn|0 fnt
|-unboost|p2a: Durant|atk|1
|-unboost|p2a: Durant|def|1
|-damage|p2a: Durant|34/100|[from] item: Life Orb
|faint|p1a: Lanturn
|
|upkeep
|
|switch|p1a: Diggersby|Diggersby, F|76/100 psn
|turn|19
|c|☆DD Qyads|gg
|
|switch|p2a: Weezing|Weezing-Galar, M|61/100
|-damage|p2a: Weezing|49/100|[from] Stealth Rock
|move|p1a: Diggersby|Quick Attack|p2a: Weezing
|-damage|p2a: Weezing|14/100
|
|-heal|p2a: Weezing|20/100|[from] item: Black Sludge
|-damage|p1a: Diggersby|64/100 psn|[from] psn
|upkeep
|turn|20
|
|move|p1a: Diggersby|Quick Attack|p2a: Weezing
|-damage|p2a: Weezing|0 fnt
|faint|p2a: Weezing
|
|-damage|p1a: Diggersby|52/100 psn|[from] psn
|upkeep
|
|switch|p2a: Durant|Durant, M, shiny|34/100
|-damage|p2a: Durant|22/100|[from] Stealth Rock
|turn|21
|
|move|p2a: Durant|First Impression|p1a: Diggersby
|-damage|p1a: Diggersby|0 fnt
|-damage|p2a: Durant|12/100|[from] item: Life Orb
|faint|p1a: Diggersby
|
|win|Spaceman_LBC
|l|☆DD Qyads
|c|☆Spaceman_LBC|yep g
|raw|DD Qyads's rating: 1581 &rarr; <strong>1553</strong><br />(-28 for losing)
|raw|Spaceman_LBC's rating: 1435 &rarr; <strong>1463</strong><br />(+28 for winning)
