|j|☆tigromata
|j|☆Goro Yagami 9
|inactive|Battle timer is ON: inactive players will automatically lose when time's up.
|t:|1661543833
|gametype|singles
|player|p1|tigromata|2|
|player|p2|Goro Yagami 9|102|
|teamsize|p1|6
|teamsize|p2|6
|gen|8
|tier|[Gen 8] UU
|rated|Tournament battle
|rule|Sleep Clause Mod: Limit one foe put to sleep
|rule|Species Clause: Limit one of each Pokémon
|rule|OHKO Clause: OHKO moves are banned
|rule|Evasion Items Clause: Evasion items are banned
|rule|Evasion Moves Clause: Evasion moves are banned
|rule|Endless Battle Clause: Forcing endless battles is banned
|rule|HP Percentage Mod: HP is shown in percentages
|rule|Dynamax Clause: You cannot dynamax
|clearpoke
|poke|p1|Mamoswine, F|
|poke|p1|Salazzle, F|
|poke|p1|Zarude-Dada|
|poke|p1|Cobalion|
|poke|p1|Slowking, F|
|poke|p1|Celesteela|
|poke|p2|Malamar, M|
|poke|p2|Weezing-Galar, F|
|poke|p2|Zygarde-10%|
|poke|p2|Rotom-Heat|
|poke|p2|Hippowdon, M|
|poke|p2|Tangrowth, F|
|teampreview
|j|*Lady Monita
|
|t:|1661543857
|start
|switch|p1a: Mamoswine|Mamoswine, F|100/100
|switch|p2a: Rotom|Rotom-Heat|100/100
|turn|1
|
|t:|1661543881
|switch|p1a: Salazzle|Salazzle, F|100/100
|move|p2a: Rotom|Overheat|p1a: Salazzle
|-resisted|p1a: Salazzle
|-damage|p1a: Salazzle|42/100
|-unboost|p2a: Rotom|spa|2
|
|upkeep
|turn|2
|
|t:|1661543892
|move|p1a: Salazzle|Knock Off|p2a: Rotom
|-damage|p2a: Rotom|82/100
|-enditem|p2a: Rotom|Heavy-Duty Boots|[from] move: Knock Off|[of] p1a: Salazzle
|move|p2a: Rotom|Volt Switch|p1a: Salazzle
|-damage|p1a: Salazzle|11/100
|j| threllgon
|
|t:|1661543898
|switch|p2a: Hippowdon|Hippowdon, M|100/100|[from]move: Volt Switch
|-weather|Sandstorm|[from] ability: Sand Stream|[of] p2a: Hippowdon
|
|-weather|Sandstorm|[upkeep]
|-damage|p1a: Salazzle|5/100|[from] Sandstorm
|upkeep
|turn|3
|
|t:|1661543908
|switch|p2a: Zygarde|Zygarde-10%|100/100
|-ability|p2a: Zygarde|Aura Break
|move|p1a: Salazzle|Toxic|p2a: Zygarde
|-status|p2a: Zygarde|tox
|
|-weather|Sandstorm|[upkeep]
|-damage|p1a: Salazzle|0 fnt|[from] Sandstorm
|faint|p1a: Salazzle
|-damage|p2a: Zygarde|94/100 tox|[from] psn
|upkeep
|
|t:|1661543917
|switch|p1a: Mamoswine|Mamoswine, F|100/100
|turn|4
|
|t:|1661543920
|switch|p2a: Weezing|Weezing-Galar, F|100/100
|move|p1a: Mamoswine|Icicle Crash|p2a: Weezing
|-damage|p2a: Weezing|57/100
|-damage|p1a: Mamoswine|91/100|[from] item: Life Orb
|
|-weather|Sandstorm|[upkeep]
|-damage|p2a: Weezing|51/100|[from] Sandstorm
|-heal|p2a: Weezing|57/100|[from] item: Black Sludge
|upkeep
|turn|5
|
|t:|1661543934
|move|p1a: Mamoswine|Icicle Crash|p2a: Weezing|[miss]
|-miss|p1a: Mamoswine|p2a: Weezing
|move|p2a: Weezing|Pain Split|p1a: Mamoswine
|-sethp|p1a: Mamoswine|72/100|[from] move: Pain Split|[silent]
|-sethp|p2a: Weezing|77/100|[from] move: Pain Split
|
|-weather|Sandstorm|[upkeep]
|-damage|p2a: Weezing|71/100|[from] Sandstorm
|-heal|p2a: Weezing|77/100|[from] item: Black Sludge
|upkeep
|turn|6
|
|t:|1661543947
|switch|p2a: Rotom|Rotom-Heat|82/100
|move|p1a: Mamoswine|Knock Off|p2a: Rotom
|-damage|p2a: Rotom|40/100
|-damage|p1a: Mamoswine|62/100|[from] item: Life Orb
|
|-weather|none
|upkeep
|turn|7
|
|t:|1661543962
|switch|p1a: Slowking|Slowking, F|100/100
|move|p2a: Rotom|Pain Split|p1a: Slowking
|-sethp|p1a: Slowking|63/100|[from] move: Pain Split|[silent]
|-sethp|p2a: Rotom|100/100|[from] move: Pain Split
|
|upkeep
|turn|8
|
|t:|1661543972
|move|p2a: Rotom|Volt Switch|p1a: Slowking
|-supereffective|p1a: Slowking
|-damage|p1a: Slowking|9/100
|
|t:|1661543990
|switch|p2a: Hippowdon|Hippowdon, M|100/100|[from]move: Volt Switch
|-weather|Sandstorm|[from] ability: Sand Stream|[of] p2a: Hippowdon
|move|p1a: Slowking|Scald|p2a: Hippowdon
|-supereffective|p2a: Hippowdon
|-damage|p2a: Hippowdon|55/100
|
|-weather|Sandstorm|[upkeep]
|-damage|p1a: Slowking|3/100|[from] Sandstorm
|-heal|p2a: Hippowdon|61/100|[from] item: Leftovers
|upkeep
|turn|9
|
|t:|1661544000
|switch|p2a: Tangrowth|Tangrowth, F|100/100
|switch|p1a: Celesteela|Celesteela|100/100
|
|-weather|Sandstorm|[upkeep]
|-damage|p2a: Tangrowth|94/100|[from] Sandstorm
|upkeep
|turn|10
|
|t:|1661544008
|move|p1a: Celesteela|Flamethrower|p2a: Tangrowth
|-supereffective|p2a: Tangrowth
|-damage|p2a: Tangrowth|60/100
|move|p2a: Tangrowth|Knock Off|p1a: Celesteela
|-damage|p1a: Celesteela|83/100
|-enditem|p1a: Celesteela|Leftovers|[from] move: Knock Off|[of] p2a: Tangrowth
|
|-weather|Sandstorm|[upkeep]
|-damage|p2a: Tangrowth|53/100|[from] Sandstorm
|upkeep
|turn|11
|
|t:|1661544015
|switch|p2a: Rotom|Rotom-Heat|100/100
|move|p1a: Celesteela|Heavy Slam|p2a: Rotom
|-resisted|p2a: Rotom
|-damage|p2a: Rotom|88/100
|
|-weather|Sandstorm|[upkeep]
|-damage|p2a: Rotom|81/100|[from] Sandstorm
|upkeep
|turn|12
|
|t:|1661544024
|move|p2a: Rotom|Overheat|p1a: Celesteela
|-supereffective|p1a: Celesteela
|-damage|p1a: Celesteela|8/100
|-unboost|p2a: Rotom|spa|2
|move|p1a: Celesteela|Leech Seed|p2a: Rotom
|-start|p2a: Rotom|move: Leech Seed
|
|-weather|none
|-damage|p2a: Rotom|69/100|[from] Leech Seed|[of] p1a: Celesteela
|-heal|p1a: Celesteela|15/100|[silent]
|upkeep
|turn|13
|c|☆tigromata|I have nothing for that dumb rotom
|
|t:|1661544035
|switch|p2a: Hippowdon|Hippowdon, M|61/100
|-weather|Sandstorm|[from] ability: Sand Stream|[of] p2a: Hippowdon
|move|p1a: Celesteela|Protect||[still]
|-fail|p1a: Celesteela
|
|-weather|Sandstorm|[upkeep]
|-heal|p2a: Hippowdon|67/100|[from] item: Leftovers
|upkeep
|turn|14
|
|t:|1661544040
|move|p1a: Celesteela|Flamethrower|p2a: Hippowdon
|-damage|p2a: Hippowdon|50/100
|-status|p2a: Hippowdon|brn
|move|p2a: Hippowdon|Stealth Rock|p1a: Celesteela
|-sidestart|p1: tigromata|move: Stealth Rock
|
|-weather|Sandstorm|[upkeep]
|-heal|p2a: Hippowdon|56/100 brn|[from] item: Leftovers
|-damage|p2a: Hippowdon|50/100 brn|[from] brn
|upkeep
|turn|15
|
|t:|1661544044
|move|p1a: Celesteela|Leech Seed|p2a: Hippowdon
|-start|p2a: Hippowdon|move: Leech Seed
|move|p2a: Hippowdon|Slack Off|p2a: Hippowdon
|-heal|p2a: Hippowdon|99/100 brn
|
|-weather|Sandstorm|[upkeep]
|-heal|p2a: Hippowdon|100/100 brn|[from] item: Leftovers
|-damage|p2a: Hippowdon|88/100 brn|[from] Leech Seed|[of] p1a: Celesteela
|-heal|p1a: Celesteela|28/100|[silent]
|-damage|p2a: Hippowdon|82/100 brn|[from] brn
|upkeep
|turn|16
|
|t:|1661544049
|switch|p2a: Rotom|Rotom-Heat|69/100
|move|p1a: Celesteela|Flamethrower|p2a: Rotom
|-resisted|p2a: Rotom
|-damage|p2a: Rotom|55/100
|
|-weather|Sandstorm|[upkeep]
|-damage|p2a: Rotom|49/100|[from] Sandstorm
|upkeep
|turn|17
|
|t:|1661544054
|move|p2a: Rotom|Volt Switch|p1a: Celesteela
|-supereffective|p1a: Celesteela
|-crit|p1a: Celesteela
|-damage|p1a: Celesteela|0 fnt
|faint|p1a: Celesteela
|
|t:|1661544064
|switch|p2a: PIF Slayer|Malamar, M|100/100|[from]move: Volt Switch
|
|-weather|none
|upkeep
|
|t:|1661544070
|switch|p1a: Zarude|Zarude-Dada|100/100
|turn|18
|
|t:|1661544073
|switch|p2a: Weezing|Weezing-Galar, F|77/100
|move|p1a: Zarude|U-turn|p2a: Weezing
|-resisted|p2a: Weezing
|-damage|p2a: Weezing|74/100
|
|t:|1661544078
|switch|p1a: Cobalion|Cobalion|100/100|[from]move: U-turn
|-damage|p1a: Cobalion|97/100|[from] Stealth Rock
|
|-heal|p2a: Weezing|80/100|[from] item: Black Sludge
|upkeep
|turn|19
|
|t:|1661544085
|move|p1a: Cobalion|Stealth Rock|p2a: Weezing
|-sidestart|p2: Goro Yagami 9|move: Stealth Rock
|move|p2a: Weezing|Will-O-Wisp|p1a: Cobalion|[miss]
|-miss|p2a: Weezing|p1a: Cobalion
|
|-heal|p2a: Weezing|86/100|[from] item: Black Sludge
|upkeep
|turn|20
|
|t:|1661544090
|switch|p1a: Slowking|Slowking, F|36/100
|move|p2a: Weezing|Will-O-Wisp|p1a: Slowking
|-status|p1a: Slowking|brn
|
|-heal|p2a: Weezing|92/100|[from] item: Black Sludge
|-damage|p1a: Slowking|30/100 brn|[from] brn
|upkeep
|turn|21
|
|t:|1661544101
|switch|p2a: Tangrowth|Tangrowth, F|87/100
|-damage|p2a: Tangrowth|74/100|[from] Stealth Rock
|move|p1a: Slowking|Slack Off|p1a: Slowking
|-heal|p1a: Slowking|80/100 brn
|
|-damage|p1a: Slowking|74/100 brn|[from] brn
|upkeep
|turn|22
|
|t:|1661544107
|switch|p1a: Cobalion|Cobalion|97/100
|-damage|p1a: Cobalion|94/100|[from] Stealth Rock
|move|p2a: Tangrowth|Knock Off|p1a: Cobalion
|-resisted|p1a: Cobalion
|-crit|p1a: Cobalion
|-damage|p1a: Cobalion|80/100
|-damage|p2a: Tangrowth|58/100|[from] item: Rocky Helmet|[of] p1a: Cobalion
|-ability|p1a: Cobalion|Justified|boost
|-boost|p1a: Cobalion|atk|1
|-enditem|p1a: Cobalion|Rocky Helmet|[from] move: Knock Off|[of] p2a: Tangrowth
|
|upkeep
|turn|23
|
|t:|1661544122
|move|p1a: Cobalion|Stone Edge|p2a: Tangrowth|[miss]
|-miss|p1a: Cobalion|p2a: Tangrowth
|move|p2a: Tangrowth|Focus Blast|p1a: Cobalion|[miss]
|-miss|p2a: Tangrowth|p1a: Cobalion
|
|upkeep
|turn|24
|
|t:|1661544125
|move|p1a: Cobalion|Close Combat|p2a: Tangrowth
|-damage|p2a: Tangrowth|13/100
|-unboost|p1a: Cobalion|def|1
|-unboost|p1a: Cobalion|spd|1
|move|p2a: Tangrowth|Focus Blast|p1a: Cobalion
|-supereffective|p1a: Cobalion
|-damage|p1a: Cobalion|0 fnt
|faint|p1a: Cobalion
|
|upkeep
|-message|tigromata forfeited.
|
|win|Goro Yagami 9
|n|☆tigromata|tigromata
|n|☆Goro Yagami 9|goroyagami9
|n|*Lady Monita|ladymonita
|n| threllgon|threllgon
|l|*Lady Monita
|c|☆Goro Yagami 9|gg
|c|☆tigromata|Pointless
|c|☆tigromata|Gg
|c|☆tigromata|No not a gg.... i sucked
|l| threllgon
|c|☆tigromata|This stupid sample has no counter whatsoever for rotomheat
|l|☆tigromata
