|j|☆Nintendo Wizard
|j|☆Adrift and Alone
|t:|1645670200
|gametype|singles
|player|p1|Nintendo Wizard|policeman|1333
|player|p2|Adrift and Alone|psychic-gen3|1618
|teamsize|p1|6
|teamsize|p2|6
|gen|8
|tier|[Gen 8] UU
|rated|
|rule|Sleep Clause Mod: Limit one foe put to sleep
|rule|Species Clause: Limit one of each Pokémon
|rule|OHKO Clause: OHKO moves are banned
|rule|Evasion Moves Clause: Evasion moves are banned
|rule|Endless Battle Clause: Forcing endless battles is banned
|rule|HP Percentage Mod: HP is shown in percentages
|rule|Dynamax Clause: You cannot dynamax
|clearpoke
|poke|p1|Nihilego|
|poke|p1|Celesteela|
|poke|p1|Aegislash, F|
|poke|p1|Xurkitree|
|poke|p1|Azumarill, M|
|poke|p1|Rhyperior, F|
|poke|p2|Thundurus-Therian, M|
|poke|p2|Roserade, F|
|poke|p2|Sylveon, M|
|poke|p2|Seismitoad, M|
|poke|p2|Jirachi|
|poke|p2|Moltres-Galar|
|teampreview
|inactive|Battle timer is ON: inactive players will automatically lose when time's up. (requested by Nintendo Wizard)
|
|t:|1645670236
|start
|switch|p1a: Rhyperior|Rhyperior, F|100/100
|switch|p2a: Jirachi|Jirachi|100/100
|turn|1
|
|t:|1645670244
|move|p2a: Jirachi|U-turn|p1a: Rhyperior
|-damage|p1a: Rhyperior|88/100
|
|t:|1645670247
|switch|p2a: Seismitoad|Seismitoad, M|100/100|[from]move: U-turn
|move|p1a: Rhyperior|Earthquake|p2a: Seismitoad
|-damage|p2a: Seismitoad|58/100
|
|-heal|p2a: Seismitoad|65/100|[from] item: Leftovers
|-heal|p1a: Rhyperior|95/100|[from] item: Leftovers
|upkeep
|turn|2
|
|t:|1645670255
|move|p2a: Seismitoad|Stealth Rock|p1a: Rhyperior
|-sidestart|p1: Nintendo Wizard|move: Stealth Rock
|move|p1a: Rhyperior|Stealth Rock|p2a: Seismitoad
|-sidestart|p2: Adrift and Alone|move: Stealth Rock
|
|-heal|p2a: Seismitoad|71/100|[from] item: Leftovers
|-heal|p1a: Rhyperior|100/100|[from] item: Leftovers
|upkeep
|turn|3
|
|t:|1645670261
|switch|p1a: Aegislash|Aegislash, F|100/100
|-damage|p1a: Aegislash|94/100|[from] Stealth Rock
|move|p2a: Seismitoad|Scald|p1a: Aegislash
|-damage|p1a: Aegislash|69/100
|
|-heal|p2a: Seismitoad|77/100|[from] item: Leftovers
|upkeep
|turn|4
|
|t:|1645670267
|switch|p2a: Moltres|Moltres-Galar|100/100
|-formechange|p1a: Aegislash|Aegislash-Blade||[from] ability: Stance Change
|move|p1a: Aegislash|Shadow Ball|p2a: Moltres
|-resisted|p2a: Moltres
|-damage|p2a: Moltres|74/100
|
|upkeep
|turn|5
|
|t:|1645670272
|switch|p1a: Rhyperior|Rhyperior, F|100/100
|-damage|p1a: Rhyperior|94/100|[from] Stealth Rock
|move|p2a: Moltres|Fiery Wrath|p1a: Rhyperior
|-damage|p1a: Rhyperior|51/100
|
|-heal|p1a: Rhyperior|58/100|[from] item: Leftovers
|upkeep
|turn|6
|
|t:|1645670283
|switch|p2a: Seismitoad|Seismitoad, M|77/100
|-damage|p2a: Seismitoad|71/100|[from] Stealth Rock
|move|p1a: Rhyperior|Stone Edge|p2a: Seismitoad
|-resisted|p2a: Seismitoad
|-damage|p2a: Seismitoad|50/100
|
|-heal|p2a: Seismitoad|57/100|[from] item: Leftovers
|-heal|p1a: Rhyperior|64/100|[from] item: Leftovers
|upkeep
|turn|7
|
|t:|1645670290
|move|p2a: Seismitoad|Scald|p1a: Rhyperior
|-supereffective|p1a: Rhyperior
|-damage|p1a: Rhyperior|0 fnt
|faint|p1a: Rhyperior
|
|-heal|p2a: Seismitoad|63/100|[from] item: Leftovers
|upkeep
|
|t:|1645670293
|switch|p1a: Xurkitree|Xurkitree|100/100
|-damage|p1a: Xurkitree|88/100|[from] Stealth Rock
|turn|8
|
|t:|1645670300
|switch|p2a: Roserade|Roserade, F|100/100
|-damage|p2a: Roserade|88/100|[from] Stealth Rock
|move|p1a: Xurkitree|Energy Ball|p2a: Roserade
|-resisted|p2a: Roserade
|-damage|p2a: Roserade|78/100
|
|-heal|p2a: Roserade|84/100|[from] item: Black Sludge
|upkeep
|turn|9
|
|t:|1645670310
|move|p2a: Roserade|Sleep Powder|p1a: Xurkitree
|-status|p1a: Xurkitree|slp|[from] move: Sleep Powder
|cant|p1a: Xurkitree|slp
|
|-heal|p2a: Roserade|90/100|[from] item: Black Sludge
|upkeep
|turn|10
|
|t:|1645670313
|switch|p1a: Celesteela|Celesteela|100/100
|-damage|p1a: Celesteela|88/100|[from] Stealth Rock
|move|p2a: Roserade|Giga Drain|p1a: Celesteela
|-resisted|p1a: Celesteela
|-damage|p1a: Celesteela|80/100
|-heal|p2a: Roserade|95/100|[from] drain|[of] p1a: Celesteela
|
|-heal|p2a: Roserade|100/100|[from] item: Black Sludge
|upkeep
|turn|11
|
|t:|1645670319
|switch|p2a: Jirachi|Jirachi|100/100
|-damage|p2a: Jirachi|94/100|[from] Stealth Rock
|move|p1a: Celesteela|Autotomize|p1a: Celesteela
|-boost|p1a: Celesteela|spe|2
|-start|p1a: Celesteela|Autotomize
|
|upkeep
|turn|12
|
|t:|1645670324
|move|p2a: Jirachi|Trick|p1a: Celesteela
|-activate|p2a: Jirachi|move: Trick|[of] p1a: Celesteela
|-item|p1a: Celesteela|Choice Scarf|[from] move: Trick
|-item|p2a: Jirachi|Power Herb|[from] move: Trick
|move|p1a: Celesteela|Flamethrower|p2a: Jirachi
|-supereffective|p2a: Jirachi
|-damage|p2a: Jirachi|29/100
|-status|p2a: Jirachi|brn
|
|-damage|p2a: Jirachi|23/100 brn|[from] brn
|upkeep
|turn|13
|
|t:|1645670331
|switch|p2a: Sylveon|Sylveon, M|100/100
|-damage|p2a: Sylveon|88/100|[from] Stealth Rock
|move|p1a: Celesteela|Flamethrower|p2a: Sylveon
|-damage|p2a: Sylveon|69/100
|
|-heal|p2a: Sylveon|75/100|[from] item: Leftovers
|upkeep
|turn|14
|
|t:|1645670335
|switch|p1a: Xurkitree|Xurkitree|88/100 slp
|-damage|p1a: Xurkitree|76/100 slp|[from] Stealth Rock
|move|p2a: Sylveon|Heal Bell|p2a: Sylveon
|-activate|p2a: Sylveon|move: Heal Bell
|-curestatus|p2: Jirachi|brn|[msg]
|
|-heal|p2a: Sylveon|81/100|[from] item: Leftovers
|upkeep
|turn|15
|
|t:|1645670339
|-curestatus|p1a: Xurkitree|slp|[msg]
|move|p1a: Xurkitree|Energy Ball|p2a: Sylveon
|-damage|p2a: Sylveon|52/100
|-unboost|p2a: Sylveon|spd|1
|move|p2a: Sylveon|Hyper Voice|p1a: Xurkitree
|-damage|p1a: Xurkitree|34/100
|
|-heal|p2a: Sylveon|58/100|[from] item: Leftovers
|upkeep
|turn|16
|
|t:|1645670348
|move|p2a: Sylveon|Protect|p2a: Sylveon
|-singleturn|p2a: Sylveon|Protect
|move|p1a: Xurkitree|Volt Switch|p2a: Sylveon
|-activate|p2a: Sylveon|move: Protect
|
|-heal|p2a: Sylveon|64/100|[from] item: Leftovers
|upkeep
|turn|17
|
|t:|1645670353
|move|p1a: Xurkitree|Dazzling Gleam|p2a: Sylveon
|-damage|p2a: Sylveon|30/100
|move|p2a: Sylveon|Wish|p2a: Sylveon
|
|-heal|p2a: Sylveon|36/100|[from] item: Leftovers
|upkeep
|turn|18
|
|t:|1645670357
|move|p2a: Sylveon|Protect|p2a: Sylveon
|-singleturn|p2a: Sylveon|Protect
|move|p1a: Xurkitree|Thunderbolt|p2a: Sylveon
|-activate|p2a: Sylveon|move: Protect
|
|-heal|p2a: Sylveon|86/100|[from] move: Wish|[wisher] Sylveon
|-heal|p2a: Sylveon|92/100|[from] item: Leftovers
|upkeep
|turn|19
|
|t:|1645670365
|move|p1a: Xurkitree|Thunderbolt|p2a: Sylveon
|-damage|p2a: Sylveon|36/100
|move|p2a: Sylveon|Hyper Voice|p1a: Xurkitree
|-damage|p1a: Xurkitree|0 fnt
|faint|p1a: Xurkitree
|
|-heal|p2a: Sylveon|42/100|[from] item: Leftovers
|upkeep
|
|t:|1645670377
|switch|p1a: Celesteela|Celesteela|80/100
|-damage|p1a: Celesteela|67/100|[from] Stealth Rock
|turn|20
|
|t:|1645670381
|move|p2a: Sylveon|Protect|p2a: Sylveon
|-singleturn|p2a: Sylveon|Protect
|move|p1a: Celesteela|Air Slash|p2a: Sylveon
|-activate|p2a: Sylveon|move: Protect
|
|-heal|p2a: Sylveon|48/100|[from] item: Leftovers
|upkeep
|turn|21
|
|t:|1645670391
|switch|p2a: Thundurus|Thundurus-Therian, M|100/100
|move|p1a: Celesteela|Air Slash|p2a: Thundurus
|-resisted|p2a: Thundurus
|-damage|p2a: Thundurus|72/100
|
|upkeep
|turn|22
|
|t:|1645670396
|move|p2a: Thundurus|Knock Off|p1a: Celesteela
|-damage|p1a: Celesteela|43/100
|-enditem|p1a: Celesteela|Choice Scarf|[from] move: Knock Off|[of] p2a: Thundurus
|move|p1a: Celesteela|Air Slash|p2a: Thundurus
|-resisted|p2a: Thundurus
|-damage|p2a: Thundurus|46/100
|
|upkeep
|turn|23
|
|t:|1645670400
|move|p2a: Thundurus|Thunderbolt|p1a: Celesteela
|-supereffective|p1a: Celesteela
|-damage|p1a: Celesteela|0 fnt
|faint|p1a: Celesteela
|
|upkeep
|
|t:|1645670405
|switch|p1a: Nihilego|Nihilego|100/100
|-damage|p1a: Nihilego|88/100|[from] Stealth Rock
|turn|24
|
|t:|1645670412
|move|p1a: Nihilego|Meteor Beam||[still]
|-prepare|p1a: Nihilego|Meteor Beam
|-boost|p1a: Nihilego|spa|1
|-enditem|p1a: Nihilego|Power Herb
|-anim|p1a: Nihilego|Meteor Beam|p2a: Thundurus
|-supereffective|p2a: Thundurus
|-damage|p2a: Thundurus|0 fnt
|faint|p2a: Thundurus
|-ability|p1a: Nihilego|Beast Boost|boost
|-boost|p1a: Nihilego|spe|1
|
|upkeep
|
|t:|1645670415
|switch|p2a: Seismitoad|Seismitoad, M|63/100
|-damage|p2a: Seismitoad|57/100|[from] Stealth Rock
|turn|25
|
|t:|1645670418
|move|p1a: Nihilego|Grass Knot|p2a: Seismitoad
|-supereffective|p2a: Seismitoad
|-crit|p2a: Seismitoad
|-damage|p2a: Seismitoad|0 fnt
|faint|p2a: Seismitoad
|-ability|p1a: Nihilego|Beast Boost|boost
|-boost|p1a: Nihilego|spe|1
|
|upkeep
|
|t:|1645670425
|switch|p2a: Jirachi|Jirachi|23/100
|-damage|p2a: Jirachi|17/100|[from] Stealth Rock
|turn|26
|
|t:|1645670428
|move|p1a: Nihilego|Power Gem|p2a: Jirachi
|-resisted|p2a: Jirachi
|-damage|p2a: Jirachi|0 fnt
|faint|p2a: Jirachi
|-ability|p1a: Nihilego|Beast Boost|boost
|-boost|p1a: Nihilego|spe|1
|
|upkeep
|-message|Adrift and Alone forfeited.
|
|win|Nintendo Wizard
|raw|Nintendo Wizard's rating: 1333 &rarr; <strong>1367</strong><br />(+34 for winning)
|raw|Adrift and Alone's rating: 1618 &rarr; <strong>1584</strong><br />(-34 for losing)
|l|☆Adrift and Alone
||Ladder isn't responding, score probably updated but might not have (Request timeout).
