|j|☆willow woods
|j|☆2.6k player
|t:|1612925230
|player|p1|willow woods|lass-gen1rb|1724
|player|p2|2.6k player|misty|1432
|teamsize|p1|6
|teamsize|p2|6
|gametype|singles
|gen|8
|tier|[Gen 8] UU
|rated|
|clearpoke
|poke|p1|Zeraora|
|poke|p1|Amoonguss, F|
|poke|p1|Slowking, M|
|poke|p1|Ditto|
|poke|p1|Terrakion|
|poke|p1|Skarmory, F|
|poke|p2|Magnezone|
|poke|p2|Crawdaunt, M|
|poke|p2|Alakazam, M|
|poke|p2|Nihilego|
|poke|p2|Bisharp, M|
|poke|p2|Tapu Bulu|
|rule|Sleep Clause Mod: Limit one foe put to sleep
|rule|Species Clause: Limit one of each Pokémon
|rule|OHKO Clause: OHKO moves are banned
|rule|Evasion Moves Clause: Evasion moves are banned
|rule|Endless Battle Clause: Forcing endless battles is banned
|rule|HP Percentage Mod: HP is shown in percentages
|rule|Dynamax Clause: You cannot dynamax
|teampreview
|c|☆2.6k player|gl hfg
|inactive|Battle timer is ON: inactive players will automatically lose when time's up. (requested by 2.6k player)
|inactive|willow woods has 120 seconds left.
|
|t:|1612925289
|start
|switch|p1a: Slowking|Slowking, M|100/100
|switch|p2a: OwO|Alakazam, M|100/100
|turn|1
|
|t:|1612925307
|move|p2a: OwO|Psychic|p1a: Slowking
|-resisted|p1a: Slowking
|-damage|p1a: Slowking|84/100
|move|p1a: Slowking|Teleport|p1a: Slowking
|
|t:|1612925315
|switch|p1a: Zeraora|Zeraora|100/100|[from]move: Teleport
|
|upkeep
|turn|2
|
|t:|1612925318
|move|p1a: Zeraora|Volt Switch|p2a: OwO
|-damage|p2a: OwO|68/100
|
|t:|1612925321
|switch|p1a: Slowking|Slowking, M|100/100|[from]move: Volt Switch
|move|p2a: OwO|Counter||[still]
|-fail|p2a: OwO
|
|upkeep
|turn|3
|c|☆willow woods|u2 oops
|
|t:|1612925332
|move|p2a: OwO|Shadow Ball|p1a: Slowking
|-supereffective|p1a: Slowking
|-damage|p1a: Slowking|61/100
|move|p1a: Slowking|Teleport|p1a: Slowking
|
|t:|1612925334
|switch|p1a: Zeraora|Zeraora|100/100|[from]move: Teleport
|
|upkeep
|turn|4
|
|t:|1612925339
|switch|p2a: Tapu BUwU|Tapu Bulu|100/100
|-fieldstart|move: Grassy Terrain|[from] ability: Grassy Surge|[of] p2a: Tapu BUwU
|move|p1a: Zeraora|Knock Off|p2a: Tapu BUwU
|-resisted|p2a: Tapu BUwU
|-damage|p2a: Tapu BUwU|91/100
|-enditem|p2a: Tapu BUwU|Leftovers|[from] move: Knock Off|[of] p1a: Zeraora
|
|-heal|p2a: Tapu BUwU|97/100|[from] Grassy Terrain
|upkeep
|turn|5
|
|t:|1612925352
|move|p1a: Zeraora|Volt Switch|p2a: Tapu BUwU
|-resisted|p2a: Tapu BUwU
|-damage|p2a: Tapu BUwU|86/100
|
|t:|1612925357
|switch|p1a: Amoonguss|Amoonguss, F|100/100|[from]move: Volt Switch
|move|p2a: Tapu BUwU|Leech Seed|p1a: Amoonguss
|-immune|p1a: Amoonguss
|
|-heal|p2a: Tapu BUwU|92/100|[from] Grassy Terrain
|upkeep
|turn|6
|
|t:|1612925364
|move|p2a: Tapu BUwU|Nature's Madness|p1a: Amoonguss
|-damage|p1a: Amoonguss|50/100
|move|p1a: Amoonguss|Spore|p2a: Tapu BUwU
|-immune|p2a: Tapu BUwU
|
|-heal|p2a: Tapu BUwU|98/100|[from] Grassy Terrain
|-heal|p1a: Amoonguss|57/100|[from] Grassy Terrain
|upkeep
|turn|7
|
|t:|1612925374
|switch|p2a: Sailor Waifuu|Nihilego, shiny|100/100
|move|p1a: Amoonguss|Spore|p2a: Sailor Waifuu
|-status|p2a: Sailor Waifuu|slp|[from] move: Spore
|
|-heal|p1a: Amoonguss|63/100|[from] Grassy Terrain
|upkeep
|turn|8
|
|t:|1612925379
|switch|p1a: Terrakion|Terrakion|100/100
|cant|p2a: Sailor Waifuu|slp
|
|-fieldend|move: Grassy Terrain
|upkeep
|turn|9
|
|t:|1612925393
|switch|p2a: Tapu BUwU|Tapu Bulu|98/100
|-fieldstart|move: Grassy Terrain|[from] ability: Grassy Surge|[of] p2a: Tapu BUwU
|move|p1a: Terrakion|Close Combat|p2a: Tapu BUwU
|-resisted|p2a: Tapu BUwU
|-damage|p2a: Tapu BUwU|70/100
|-unboost|p1a: Terrakion|def|1
|-unboost|p1a: Terrakion|spd|1
|
|-heal|p2a: Tapu BUwU|76/100|[from] Grassy Terrain
|upkeep
|turn|10
|
|t:|1612925409
|switch|p1a: Amoonguss|Amoonguss, F|96/100
|switch|p2a: Sailor Waifuu|Nihilego, shiny|100/100 slp
|
|-heal|p1a: Amoonguss|100/100|[from] Grassy Terrain
|upkeep
|turn|11
|
|t:|1612925415
|cant|p2a: Sailor Waifuu|slp
|move|p1a: Amoonguss|Giga Drain|p2a: Sailor Waifuu
|-damage|p2a: Sailor Waifuu|80/100 slp
|
|-heal|p2a: Sailor Waifuu|86/100 slp|[from] Grassy Terrain
|upkeep
|turn|12
|
|t:|1612925419
|switch|p1a: Terrakion|Terrakion|100/100
|cant|p2a: Sailor Waifuu|slp
|
|-heal|p2a: Sailor Waifuu|92/100 slp|[from] Grassy Terrain
|upkeep
|turn|13
|
|t:|1612925428
|move|p1a: Terrakion|Stone Edge|p2a: Sailor Waifuu|[miss]
|-miss|p1a: Terrakion|p2a: Sailor Waifuu
|-curestatus|p2a: Sailor Waifuu|slp|[msg]
|move|p2a: Sailor Waifuu|Psyshock|p1a: Terrakion
|-supereffective|p1a: Terrakion
|-damage|p1a: Terrakion|34/100
|
|-heal|p1a: Terrakion|40/100|[from] Grassy Terrain
|-heal|p2a: Sailor Waifuu|98/100|[from] Grassy Terrain
|-fieldend|move: Grassy Terrain
|upkeep
|turn|14
|
|t:|1612925439
|switch|p2a: Beep Beep|Magnezone|100/100
|move|p1a: Terrakion|Stone Edge|p2a: Beep Beep
|-resisted|p2a: Beep Beep
|-damage|p2a: Beep Beep|59/100
|
|upkeep
|turn|15
|
|t:|1612925447
|switch|p1a: Zeraora|Zeraora|100/100
|move|p2a: Beep Beep|Teleport|p2a: Beep Beep
|
|t:|1612925456
|switch|p2a: Tapu BUwU|Tapu Bulu|76/100|[from]move: Teleport
|-fieldstart|move: Grassy Terrain|[from] ability: Grassy Surge|[of] p2a: Tapu BUwU
|
|-heal|p2a: Tapu BUwU|82/100|[from] Grassy Terrain
|upkeep
|turn|16
|
|t:|1612925472
|move|p1a: Zeraora|Volt Switch|p2a: Tapu BUwU
|-resisted|p2a: Tapu BUwU
|-damage|p2a: Tapu BUwU|71/100
|
|t:|1612925474
|switch|p1a: Amoonguss|Amoonguss, F|100/100|[from]move: Volt Switch
|move|p2a: Tapu BUwU|Nature's Madness|p1a: Amoonguss
|-damage|p1a: Amoonguss|50/100
|
|-heal|p2a: Tapu BUwU|77/100|[from] Grassy Terrain
|-heal|p1a: Amoonguss|57/100|[from] Grassy Terrain
|upkeep
|turn|17
|
|t:|1612925483
|switch|p2a: Beep Beep|Magnezone|59/100
|switch|p1a: Terrakion|Terrakion|40/100
|
|-heal|p2a: Beep Beep|65/100|[from] Grassy Terrain
|-heal|p1a: Terrakion|47/100|[from] Grassy Terrain
|upkeep
|turn|18
|
|t:|1612925490
|switch|p1a: Ditto|Ditto|100/100
|-transform|p1a: Ditto|p2a: Beep Beep|[from] ability: Imposter
|move|p2a: Beep Beep|Flash Cannon|p1a: Ditto
|-resisted|p1a: Ditto
|-damage|p1a: Ditto|87/100
|
|-heal|p2a: Beep Beep|71/100|[from] Grassy Terrain
|-heal|p1a: Ditto|93/100|[from] Grassy Terrain
|upkeep
|turn|19
|
|t:|1612925499
|move|p1a: Ditto|Thunderbolt|p2a: Beep Beep
|-resisted|p2a: Beep Beep
|-damage|p2a: Beep Beep|37/100
|move|p2a: Beep Beep|Flash Cannon|p1a: Ditto
|-resisted|p1a: Ditto
|-damage|p1a: Ditto|80/100
|
|-heal|p2a: Beep Beep|43/100|[from] Grassy Terrain
|-heal|p1a: Ditto|86/100|[from] Grassy Terrain
|-fieldend|move: Grassy Terrain
|upkeep
|turn|20
|
|t:|1612925504
|move|p1a: Ditto|Thunderbolt|p2a: Beep Beep
|-resisted|p2a: Beep Beep
|-crit|p2a: Beep Beep
|-damage|p2a: Beep Beep|0 fnt
|faint|p2a: Beep Beep
|
|upkeep
|c|☆2.6k player|wp
|c|☆willow woods|ty
|
|t:|1612925513
|switch|p2a: Sailor Waifuu|Nihilego, shiny|98/100
|turn|21
|
|t:|1612925518
|switch|p1a: Slowking|Slowking, M|94/100
|move|p2a: Sailor Waifuu|Stealth Rock|p1a: Slowking
|-sidestart|p1: willow woods|move: Stealth Rock
|
|upkeep
|turn|22
|
|t:|1612925528
|move|p2a: Sailor Waifuu|Sludge Wave|p1a: Slowking
|-damage|p1a: Slowking|62/100
|move|p1a: Slowking|Future Sight|p2a: Sailor Waifuu
|-start|p1a: Slowking|move: Future Sight
|
|upkeep
|turn|23
|
|t:|1612925539
|switch|p2a: Cutie UwU|Crawdaunt, M|100/100
|move|p1a: Slowking|Teleport|p1a: Slowking
|
|t:|1612925543
|switch|p1a: Zeraora|Zeraora|100/100|[from]move: Teleport
|
|upkeep
|turn|24
|
|t:|1612925550
|move|p1a: Zeraora|Volt Switch|p2a: Cutie UwU
|-supereffective|p2a: Cutie UwU
|-damage|p2a: Cutie UwU|2/100
|
|t:|1612925555
|switch|p1a: Amoonguss|Amoonguss, F|90/100|[from]move: Volt Switch
|-damage|p1a: Amoonguss|78/100|[from] Stealth Rock
|move|p2a: Cutie UwU|Knock Off|p1a: Amoonguss
|-crit|p1a: Amoonguss
|-damage|p1a: Amoonguss|0 fnt
|-damage|p2a: Cutie UwU|0 fnt|[from] item: Rocky Helmet|[of] p1a: Amoonguss
|faint|p1a: Amoonguss
|faint|p2a: Cutie UwU
|
|-hint|Future Sight did not hit because the target is fainted.
|upkeep
|
|t:|1612925581
|switch|p2a: Tapu BUwU|Tapu Bulu|77/100
|switch|p1a: Zeraora|Zeraora|100/100
|-fieldstart|move: Grassy Terrain|[from] ability: Grassy Surge|[of] p2a: Tapu BUwU
|turn|25
|
|t:|1612925589
|move|p1a: Zeraora|Volt Switch|p2a: Tapu BUwU
|-resisted|p2a: Tapu BUwU
|-damage|p2a: Tapu BUwU|64/100
|
|t:|1612925590
|switch|p1a: Skarmory|Skarmory, F|100/100|[from]move: Volt Switch
|-damage|p1a: Skarmory|88/100|[from] Stealth Rock
|move|p2a: Tapu BUwU|Leech Seed|p1a: Skarmory
|-start|p1a: Skarmory|move: Leech Seed
|
|-heal|p2a: Tapu BUwU|70/100|[from] Grassy Terrain
|-damage|p1a: Skarmory|76/100|[from] Leech Seed|[of] p2a: Tapu BUwU
|-heal|p2a: Tapu BUwU|82/100|[silent]
|upkeep
|turn|26
|
|t:|1612925601
|switch|p2a: Proud Otaku|Bisharp, M|100/100
|move|p1a: Skarmory|Brave Bird|p2a: Proud Otaku
|-resisted|p2a: Proud Otaku
|-damage|p2a: Proud Otaku|78/100
|-damage|p1a: Skarmory|70/100|[from] Recoil
|
|-heal|p2a: Proud Otaku|84/100|[from] Grassy Terrain
|-damage|p1a: Skarmory|58/100|[from] Leech Seed|[of] p2a: Proud Otaku
|-heal|p2a: Proud Otaku|99/100|[silent]
|upkeep
|turn|27
|
|t:|1612925611
|switch|p1a: Ditto|Ditto|86/100
|-damage|p1a: Ditto|73/100|[from] Stealth Rock
|-transform|p1a: Ditto|p2a: Proud Otaku|[from] ability: Imposter
|move|p2a: Proud Otaku|Sucker Punch||[still]
|-fail|p2a: Proud Otaku
|
|-heal|p1a: Ditto|79/100|[from] Grassy Terrain
|-heal|p2a: Proud Otaku|100/100|[from] Grassy Terrain
|upkeep
|turn|28
|
|t:|1612925619
|move|p1a: Ditto|Knock Off|p2a: Proud Otaku
|-resisted|p2a: Proud Otaku
|-damage|p2a: Proud Otaku|69/100
|-enditem|p2a: Proud Otaku|Focus Sash|[from] move: Knock Off|[of] p1a: Ditto
|move|p2a: Proud Otaku|Swords Dance|p2a: Proud Otaku
|-boost|p2a: Proud Otaku|atk|2
|
|-heal|p1a: Ditto|85/100|[from] Grassy Terrain
|-heal|p2a: Proud Otaku|75/100|[from] Grassy Terrain
|upkeep
|turn|29
|
|t:|1612925628
|switch|p1a: Skarmory|Skarmory, F|58/100
|-damage|p1a: Skarmory|45/100|[from] Stealth Rock
|move|p2a: Proud Otaku|Swords Dance|p2a: Proud Otaku
|-boost|p2a: Proud Otaku|atk|2
|
|-heal|p2a: Proud Otaku|81/100|[from] Grassy Terrain
|-fieldend|move: Grassy Terrain
|upkeep
|turn|30
|
|t:|1612925636
|move|p2a: Proud Otaku|Knock Off|p1a: Skarmory
|-damage|p1a: Skarmory|0 fnt
|-enditem|p1a: Skarmory|Shed Shell|[from] move: Knock Off|[of] p2a: Proud Otaku
|faint|p1a: Skarmory
|
|upkeep
|
|t:|1612925641
|switch|p1a: Ditto|Ditto|85/100
|-damage|p1a: Ditto|73/100|[from] Stealth Rock
|-transform|p1a: Ditto|p2a: Proud Otaku|[from] ability: Imposter
|turn|31
|
|t:|1612925646
|move|p1a: Ditto|Sucker Punch|p2a: Proud Otaku
|-resisted|p2a: Proud Otaku
|-crit|p2a: Proud Otaku
|-damage|p2a: Proud Otaku|0 fnt
|faint|p2a: Proud Otaku
|
|upkeep
|c|☆2.6k player|fk
|c|☆2.6k player|okay
|c|☆2.6k player|now its lost+
|c|☆willow woods|sry
|c|☆2.6k player|i guess i won
|c|☆2.6k player|but all good
|c|☆2.6k player|wp pw
|c|☆2.6k player|wp
|c|☆2.6k player|nice game
|c|☆willow woods|u2
|c|☆2.6k player|bro
|c|☆willow woods|ye it was fun
|
|t:|1612925676
|switch|p2a: Tapu BUwU|Tapu Bulu|82/100
|-fieldstart|move: Grassy Terrain|[from] ability: Grassy Surge|[of] p2a: Tapu BUwU
|turn|32
|
|t:|1612925688
|switch|p1a: Zeraora|Zeraora|100/100
|move|p2a: Tapu BUwU|Leech Seed|p1a: Zeraora
|-start|p1a: Zeraora|move: Leech Seed
|
|-heal|p2a: Tapu BUwU|88/100|[from] Grassy Terrain
|-damage|p1a: Zeraora|88/100|[from] Leech Seed|[of] p2a: Tapu BUwU
|-heal|p2a: Tapu BUwU|99/100|[silent]
|upkeep
|turn|33
|
|t:|1612925696
|move|p1a: Zeraora|Volt Switch|p2a: Tapu BUwU
|-resisted|p2a: Tapu BUwU
|-damage|p2a: Tapu BUwU|87/100
|
|t:|1612925697
|switch|p1a: Ditto|Ditto|73/100|[from]move: Volt Switch
|-damage|p1a: Ditto|61/100|[from] Stealth Rock
|-transform|p1a: Ditto|p2a: Tapu BUwU|[from] ability: Imposter
|move|p2a: Tapu BUwU|Nature's Madness|p1a: Ditto
|-damage|p1a: Ditto|31/100
|
|-heal|p1a: Ditto|37/100|[from] Grassy Terrain
|-heal|p2a: Tapu BUwU|94/100|[from] Grassy Terrain
|upkeep
|turn|34
|
|t:|1612925709
|switch|p2a: Sailor Waifuu|Nihilego, shiny|98/100
|move|p1a: Ditto|Horn Leech|p2a: Sailor Waifuu
|-damage|p2a: Sailor Waifuu|26/100
|-heal|p1a: Ditto|80/100|[from] drain|[of] p2a: Sailor Waifuu
|
|-heal|p2a: Sailor Waifuu|32/100|[from] Grassy Terrain
|-heal|p1a: Ditto|86/100|[from] Grassy Terrain
|upkeep
|turn|35
|
|t:|1612925715
|switch|p2a: Tapu BUwU|Tapu Bulu|94/100
|switch|p1a: Slowking|Slowking, M|95/100
|
|-heal|p2a: Tapu BUwU|99/100|[from] Grassy Terrain
|-heal|p1a: Slowking|100/100|[from] Grassy Terrain
|upkeep
|turn|36
|
|t:|1612925724
|switch|p1a: Ditto|Ditto|86/100
|-damage|p1a: Ditto|73/100|[from] Stealth Rock
|-transform|p1a: Ditto|p2a: Tapu BUwU|[from] ability: Imposter
|move|p2a: Tapu BUwU|Toxic|p1a: Ditto
|-status|p1a: Ditto|tox
|
|-heal|p1a: Ditto|79/100 tox|[from] Grassy Terrain
|-heal|p2a: Tapu BUwU|100/100|[from] Grassy Terrain
|-fieldend|move: Grassy Terrain
|-damage|p1a: Ditto|73/100 tox|[from] psn
|upkeep
|turn|37
|c|☆2.6k player|welllll
|
|t:|1612925739
|switch|p2a: OwO|Alakazam, M|68/100
|move|p1a: Ditto|Toxic|p2a: OwO
|-status|p2a: OwO|tox
|
|-damage|p1a: Ditto|61/100 tox|[from] psn
|upkeep
|turn|38
|
|t:|1612925751
|switch|p1a: Zeraora|Zeraora|88/100
|move|p2a: OwO|Psychic|p1a: Zeraora
|-damage|p1a: Zeraora|28/100
|
|upkeep
|turn|39
|
|t:|1612925758
|switch|p2a: Tapu BUwU|Tapu Bulu|100/100
|-fieldstart|move: Grassy Terrain|[from] ability: Grassy Surge|[of] p2a: Tapu BUwU
|move|p1a: Zeraora|Volt Switch|p2a: Tapu BUwU
|-resisted|p2a: Tapu BUwU
|-damage|p2a: Tapu BUwU|88/100
|
|t:|1612925761
|switch|p1a: Ditto|Ditto|61/100 tox|[from]move: Volt Switch
|-damage|p1a: Ditto|49/100 tox|[from] Stealth Rock
|-transform|p1a: Ditto|p2a: Tapu BUwU|[from] ability: Imposter
|
|-heal|p1a: Ditto|55/100 tox|[from] Grassy Terrain
|-heal|p2a: Tapu BUwU|94/100|[from] Grassy Terrain
|-damage|p1a: Ditto|49/100 tox|[from] psn
|upkeep
|turn|40
|
|t:|1612925773
|move|p1a: Ditto|Horn Leech|p2a: Tapu BUwU
|-resisted|p2a: Tapu BUwU
|-damage|p2a: Tapu BUwU|81/100
|-heal|p1a: Ditto|57/100 tox|[from] drain|[of] p2a: Tapu BUwU
|move|p2a: Tapu BUwU|Nature's Madness|p1a: Ditto
|-damage|p1a: Ditto|29/100 tox
|
|-heal|p1a: Ditto|35/100 tox|[from] Grassy Terrain
|-heal|p2a: Tapu BUwU|87/100|[from] Grassy Terrain
|-damage|p1a: Ditto|23/100 tox|[from] psn
|upkeep
|turn|41
|
|t:|1612925785
|switch|p1a: Slowking|Slowking, M|100/100
|move|p2a: Tapu BUwU|Horn Leech|p1a: Slowking
|-supereffective|p1a: Slowking
|-damage|p1a: Slowking|38/100
|-heal|p2a: Tapu BUwU|100/100|[from] drain|[of] p1a: Slowking
|
|-heal|p1a: Slowking|44/100|[from] Grassy Terrain
|upkeep
|turn|42
|
|t:|1612925794
|move|p2a: Tapu BUwU|Horn Leech|p1a: Slowking
|-supereffective|p1a: Slowking
|-damage|p1a: Slowking|0 fnt
|faint|p1a: Slowking
|
|upkeep
|
|t:|1612925797
|switch|p1a: Terrakion|Terrakion|47/100
|-damage|p1a: Terrakion|40/100|[from] Stealth Rock
|turn|43
|
|t:|1612925801
|move|p1a: Terrakion|Stone Edge|p2a: Tapu BUwU
|-damage|p2a: Tapu BUwU|50/100
|move|p2a: Tapu BUwU|Horn Leech|p1a: Terrakion
|-supereffective|p1a: Terrakion
|-damage|p1a: Terrakion|0 fnt
|-heal|p2a: Tapu BUwU|69/100|[from] drain|[of] p1a: Terrakion
|faint|p1a: Terrakion
|
|-heal|p2a: Tapu BUwU|75/100|[from] Grassy Terrain
|-fieldend|move: Grassy Terrain
|upkeep
|
|t:|1612925806
|switch|p1a: Ditto|Ditto|23/100 tox
|-damage|p1a: Ditto|10/100 tox|[from] Stealth Rock
|-transform|p1a: Ditto|p2a: Tapu BUwU|[from] ability: Imposter
|-fieldstart|move: Grassy Terrain|[from] ability: Grassy Surge|[of] p1a: Ditto
|turn|44
|c|☆2.6k player|welllll
|
|t:|1612925817
|move|p1a: Ditto|Horn Leech|p2a: Tapu BUwU
|-resisted|p2a: Tapu BUwU
|-damage|p2a: Tapu BUwU|61/100
|-heal|p1a: Ditto|19/100 tox|[from] drain|[of] p2a: Tapu BUwU
|move|p2a: Tapu BUwU|Horn Leech|p1a: Ditto
|-resisted|p1a: Ditto
|-damage|p1a: Ditto|3/100 tox
|-heal|p2a: Tapu BUwU|68/100|[from] drain|[of] p1a: Ditto
|
|-heal|p1a: Ditto|9/100 tox|[from] Grassy Terrain
|-heal|p2a: Tapu BUwU|74/100|[from] Grassy Terrain
|-damage|p1a: Ditto|3/100 tox|[from] psn
|upkeep
|turn|45
|c|☆willow woods|kinda wish I kept amoong
|c|☆willow woods|gg
|-message|willow woods forfeited.
|
|win|2.6k player
|l|☆willow woods
|c|☆2.6k player|omfg
|raw|willow woods's rating: 1724 &rarr; <strong>1691</strong><br />(-33 for losing)
|raw|2.6k player's rating: 1432 &rarr; <strong>1466</strong><br />(+34 for winning)
