|j|☆Eazigzagoon
|j|☆Lucasm123
|t:|1657662690
|gametype|singles
|player|p1|Eazigzagoon|tuberf|1506
|player|p2|Lucasm123|265|1630
|teamsize|p1|6
|teamsize|p2|6
|gen|8
|tier|[Gen 8] UU
|rated|
|rule|Sleep Clause Mod: Limit one foe put to sleep
|rule|Species Clause: Limit one of each Pokémon
|rule|OHKO Clause: OHKO moves are banned
|rule|Evasion Moves Clause: Evasion moves are banned
|rule|Endless Battle Clause: Forcing endless battles is banned
|rule|HP Percentage Mod: HP is shown in percentages
|rule|Dynamax Clause: You cannot dynamax
|clearpoke
|poke|p1|Primarina, F|
|poke|p1|Hydreigon, M|
|poke|p1|Skarmory, M|
|poke|p1|Hippowdon, F|
|poke|p1|Slowbro-Galar, F|
|poke|p1|Azelf|
|poke|p2|Mamoswine, F|
|poke|p2|Primarina, F|
|poke|p2|Rotom-Heat|
|poke|p2|Tangrowth, M|
|poke|p2|Hydreigon, M|
|poke|p2|Cobalion|
|teampreview
|
|t:|1657662713
|start
|switch|p1a: Azelf|Azelf|100/100
|switch|p2a: Cobalion|Cobalion|100/100
|turn|1
|inactive|Battle timer is ON: inactive players will automatically lose when time's up. (requested by Eazigzagoon)
|
|t:|1657662720
|switch|p2a: Hydreigon|Hydreigon, M|100/100
|move|p1a: Azelf|Flamethrower|p2a: Hydreigon
|-resisted|p2a: Hydreigon
|-damage|p2a: Hydreigon|84/100
|-status|p2a: Hydreigon|brn
|
|-damage|p2a: Hydreigon|78/100 brn|[from] brn
|upkeep
|turn|2
|
|t:|1657662725
|switch|p1a: Primarina|Primarina, F|100/100
|move|p2a: Hydreigon|U-turn|p1a: Primarina
|-resisted|p1a: Primarina
|-damage|p1a: Primarina|96/100
|
|t:|1657662729
|switch|p2a: Tangrowth|Tangrowth, M|100/100|[from]move: U-turn
|
|-heal|p1a: Primarina|100/100|[from] item: Leftovers
|upkeep
|turn|3
|
|t:|1657662750
|switch|p1a: Skarmory|Skarmory, M|100/100
|move|p2a: Tangrowth|Knock Off|p1a: Skarmory
|-damage|p1a: Skarmory|86/100
|-damage|p2a: Tangrowth|84/100|[from] item: Rocky Helmet|[of] p1a: Skarmory
|-enditem|p1a: Skarmory|Rocky Helmet|[from] move: Knock Off|[of] p2a: Tangrowth
|
|upkeep
|turn|4
|
|t:|1657662764
|switch|p2a: Rotom|Rotom-Heat|100/100
|move|p1a: Skarmory|Spikes|p2a: Rotom
|-sidestart|p2: Lucasm123|Spikes
|
|upkeep
|turn|5
|
|t:|1657662776
|switch|p1a: Hippowdon|Hippowdon, F|100/100
|-weather|Sandstorm|[from] ability: Sand Stream|[of] p1a: Hippowdon
|move|p2a: Rotom|Defog|p1a: Hippowdon
|-unboost|p1a: Hippowdon|evasion|1
|-sideend|p2: Lucasm123|Spikes|[from] move: Defog|[of] p2a: Rotom
|
|-weather|Sandstorm|[upkeep]
|-damage|p2a: Rotom|94/100|[from] Sandstorm
|upkeep
|turn|6
|
|t:|1657662788
|switch|p2a: Primarina|Primarina, F|100/100
|move|p1a: Hippowdon|Toxic|p2a: Primarina
|-status|p2a: Primarina|tox
|
|-weather|Sandstorm|[upkeep]
|-damage|p2a: Primarina|94/100 tox|[from] Sandstorm
|-damage|p2a: Primarina|88/100 tox|[from] psn
|upkeep
|turn|7
|
|t:|1657662797
|switch|p1a: Primarina|Primarina, F|100/100
|move|p2a: Primarina|Scald|p1a: Primarina
|-resisted|p1a: Primarina
|-damage|p1a: Primarina|77/100
|-status|p1a: Primarina|brn
|
|-weather|Sandstorm|[upkeep]
|-damage|p1a: Primarina|71/100 brn|[from] Sandstorm
|-damage|p2a: Primarina|82/100 tox|[from] Sandstorm
|-heal|p1a: Primarina|77/100 brn|[from] item: Leftovers
|-damage|p2a: Primarina|70/100 tox|[from] psn
|-damage|p1a: Primarina|71/100 brn|[from] brn
|upkeep
|turn|8
|
|t:|1657662804
|switch|p1a: Skarmory|Skarmory, M|86/100
|switch|p2a: Tangrowth|Tangrowth, M|100/100
|
|-weather|Sandstorm|[upkeep]
|-damage|p2a: Tangrowth|94/100|[from] Sandstorm
|upkeep
|turn|9
|
|t:|1657662812
|switch|p2a: Rotom|Rotom-Heat|94/100
|move|p1a: Skarmory|Spikes|p2a: Rotom
|-sidestart|p2: Lucasm123|Spikes
|
|-weather|none
|upkeep
|turn|10
|
|t:|1657662820
|switch|p1a: Hippowdon|Hippowdon, F|100/100
|-weather|Sandstorm|[from] ability: Sand Stream|[of] p1a: Hippowdon
|move|p2a: Rotom|Defog|p1a: Hippowdon
|-unboost|p1a: Hippowdon|evasion|1
|-sideend|p2: Lucasm123|Spikes|[from] move: Defog|[of] p2a: Rotom
|
|-weather|Sandstorm|[upkeep]
|-damage|p2a: Rotom|88/100|[from] Sandstorm
|upkeep
|turn|11
|
|t:|1657662825
|switch|p2a: Primarina|Primarina, F|70/100 tox
|move|p1a: Hippowdon|Stealth Rock|p2a: Primarina
|-sidestart|p2: Lucasm123|move: Stealth Rock
|
|-weather|Sandstorm|[upkeep]
|-damage|p2a: Primarina|64/100 tox|[from] Sandstorm
|-damage|p2a: Primarina|58/100 tox|[from] psn
|upkeep
|turn|12
|
|t:|1657662829
|switch|p1a: Slowbro|Slowbro-Galar, F|100/100
|move|p2a: Primarina|Scald|p1a: Slowbro
|-damage|p1a: Slowbro|64/100
|
|-weather|Sandstorm|[upkeep]
|-damage|p2a: Primarina|52/100 tox|[from] Sandstorm
|-damage|p1a: Slowbro|58/100|[from] Sandstorm
|-damage|p2a: Primarina|40/100 tox|[from] psn
|upkeep
|turn|13
|
|t:|1657662834
|move|p2a: Primarina|Scald|p1a: Slowbro
|-damage|p1a: Slowbro|17/100
|move|p1a: Slowbro|Shell Side Arm|p2a: Primarina|[anim] Shell Side Arm Physical
|-supereffective|p2a: Primarina
|-damage|p2a: Primarina|0 fnt
|-hint|Physical Shell Side Arm
|faint|p2a: Primarina
|
|-weather|Sandstorm|[upkeep]
|-damage|p1a: Slowbro|11/100|[from] Sandstorm
|upkeep
|
|t:|1657662846
|switch|p2a: Rotom|Rotom-Heat|88/100
|turn|14
|
|t:|1657662854
|switch|p1a: Hippowdon|Hippowdon, F|100/100
|move|p2a: Rotom|Overheat|p1a: Hippowdon|[miss]
|-miss|p2a: Rotom|p1a: Hippowdon
|
|-weather|none
|upkeep
|turn|15
|
|t:|1657662860
|move|p2a: Rotom|Defog|p1a: Hippowdon
|-unboost|p1a: Hippowdon|evasion|1
|-sideend|p2: Lucasm123|Stealth Rock|[from] move: Defog|[of] p2a: Rotom
|move|p1a: Hippowdon|Toxic|p2a: Rotom
|-status|p2a: Rotom|tox
|
|-damage|p2a: Rotom|82/100 tox|[from] psn
|upkeep
|turn|16
|
|t:|1657662863
|move|p2a: Rotom|Overheat|p1a: Hippowdon
|-crit|p1a: Hippowdon
|-damage|p1a: Hippowdon|44/100
|-unboost|p2a: Rotom|spa|2
|move|p1a: Hippowdon|Stealth Rock|p2a: Rotom
|-sidestart|p2: Lucasm123|move: Stealth Rock
|
|-heal|p1a: Hippowdon|50/100|[from] item: Leftovers
|-damage|p2a: Rotom|69/100 tox|[from] psn
|upkeep
|turn|17
|
|t:|1657662867
|move|p2a: Rotom|Defog|p1a: Hippowdon
|-unboost|p1a: Hippowdon|evasion|1
|-sideend|p2: Lucasm123|Stealth Rock|[from] move: Defog|[of] p2a: Rotom
|move|p1a: Hippowdon|Slack Off|p1a: Hippowdon
|-heal|p1a: Hippowdon|99/100
|
|-heal|p1a: Hippowdon|100/100|[from] item: Leftovers
|-damage|p2a: Rotom|50/100 tox|[from] psn
|upkeep
|turn|18
|
|t:|1657662870
|move|p2a: Rotom|Pain Split|p1a: Hippowdon
|-sethp|p1a: Hippowdon|69/100|[from] move: Pain Split|[silent]
|-sethp|p2a: Rotom|95/100 tox|[from] move: Pain Split
|move|p1a: Hippowdon|Stealth Rock|p2a: Rotom
|-sidestart|p2: Lucasm123|move: Stealth Rock
|
|-heal|p1a: Hippowdon|75/100|[from] item: Leftovers
|-damage|p2a: Rotom|70/100 tox|[from] psn
|upkeep
|turn|19
|
|t:|1657662874
|switch|p1a: Slowbro|Slowbro-Galar, F|44/100
|move|p2a: Rotom|Defog|p1a: Slowbro
|-unboost|p1a: Slowbro|evasion|1
|-sideend|p2: Lucasm123|Stealth Rock|[from] move: Defog|[of] p2a: Rotom
|
|-damage|p2a: Rotom|38/100 tox|[from] psn
|upkeep
|turn|20
|
|t:|1657662881
|switch|p2a: Mamoswine|Mamoswine, F|100/100
|move|p1a: Slowbro|Future Sight|p2a: Mamoswine
|-start|p1a: Slowbro|move: Future Sight
|
|upkeep
|turn|21
|
|t:|1657662886
|switch|p1a: Skarmory|Skarmory, M|86/100
|move|p2a: Mamoswine|Icicle Crash|p1a: Skarmory
|-damage|p1a: Skarmory|48/100
|-damage|p2a: Mamoswine|91/100|[from] item: Life Orb
|
|upkeep
|turn|22
|
|t:|1657662889
|move|p2a: Mamoswine|Icicle Crash|p1a: Skarmory
|-crit|p1a: Skarmory
|-damage|p1a: Skarmory|0 fnt
|faint|p1a: Skarmory
|-damage|p2a: Mamoswine|81/100|[from] item: Life Orb
|
|-end|p2a: Mamoswine|move: Future Sight
|-damage|p2a: Mamoswine|15/100
|upkeep
|
|t:|1657662908
|switch|p1a: Azelf|Azelf|100/100
|turn|23
|
|t:|1657662911
|switch|p2a: Tangrowth|Tangrowth, M|100/100
|move|p1a: Azelf|U-turn|p2a: Tangrowth
|-supereffective|p2a: Tangrowth
|-crit|p2a: Tangrowth
|-damage|p2a: Tangrowth|65/100
|
|t:|1657662939
|switch|p1a: Hippowdon|Hippowdon, F|75/100|[from]move: U-turn
|-weather|Sandstorm|[from] ability: Sand Stream|[of] p1a: Hippowdon
|
|-weather|Sandstorm|[upkeep]
|-damage|p2a: Tangrowth|59/100|[from] Sandstorm
|-heal|p1a: Hippowdon|81/100|[from] item: Leftovers
|upkeep
|turn|24
|
|t:|1657662945
|move|p1a: Hippowdon|Toxic|p2a: Tangrowth
|-status|p2a: Tangrowth|tox
|move|p2a: Tangrowth|Sludge Bomb|p1a: Hippowdon
|-resisted|p1a: Hippowdon
|-damage|p1a: Hippowdon|72/100
|-status|p1a: Hippowdon|psn
|
|-weather|Sandstorm|[upkeep]
|-damage|p2a: Tangrowth|52/100 tox|[from] Sandstorm
|-heal|p1a: Hippowdon|78/100 psn|[from] item: Leftovers
|-damage|p1a: Hippowdon|65/100 psn|[from] psn
|-damage|p2a: Tangrowth|46/100 tox|[from] psn
|upkeep
|turn|25
|
|t:|1657662951
|move|p1a: Hippowdon|Stealth Rock|p2a: Tangrowth
|-sidestart|p2: Lucasm123|move: Stealth Rock
|move|p2a: Tangrowth|Giga Drain|p1a: Hippowdon
|-supereffective|p1a: Hippowdon
|-damage|p1a: Hippowdon|18/100 psn
|-heal|p2a: Tangrowth|71/100 tox|[from] drain|[of] p1a: Hippowdon
|
|-weather|Sandstorm|[upkeep]
|-damage|p2a: Tangrowth|65/100 tox|[from] Sandstorm
|-heal|p1a: Hippowdon|24/100 psn|[from] item: Leftovers
|-damage|p1a: Hippowdon|12/100 psn|[from] psn
|-damage|p2a: Tangrowth|52/100 tox|[from] psn
|upkeep
|turn|26
|
|t:|1657662963
|switch|p1a: Slowbro|Slowbro-Galar, F|77/100
|move|p2a: Tangrowth|Giga Drain|p1a: Slowbro
|-resisted|p1a: Slowbro
|-damage|p1a: Slowbro|70/100
|-heal|p2a: Tangrowth|56/100 tox|[from] drain|[of] p1a: Slowbro
|
|-weather|Sandstorm|[upkeep]
|-damage|p2a: Tangrowth|50/100 tox|[from] Sandstorm
|-damage|p1a: Slowbro|64/100|[from] Sandstorm
|-damage|p2a: Tangrowth|31/100 tox|[from] psn
|upkeep
|turn|27
|
|t:|1657662970
|switch|p2a: Cobalion|Cobalion|100/100
|-damage|p2a: Cobalion|97/100|[from] Stealth Rock
|move|p1a: Slowbro|Shell Side Arm|p2a: Cobalion|[anim] Shell Side Arm Special
|-immune|p2a: Cobalion
|
|-weather|none
|upkeep
|turn|28
|
|t:|1657662975
|move|p2a: Cobalion|Stealth Rock|p1a: Slowbro
|-sidestart|p1: Eazigzagoon|move: Stealth Rock
|move|p1a: Slowbro|Flamethrower|p2a: Cobalion
|-supereffective|p2a: Cobalion
|-damage|p2a: Cobalion|30/100
|
|upkeep
|turn|29
|
|t:|1657662981
|move|p2a: Cobalion|Volt Switch|p1a: Slowbro
|-damage|p1a: Slowbro|56/100
|
|t:|1657662983
|switch|p2a: Hydreigon|Hydreigon, M|78/100 brn|[from]move: Volt Switch
|-damage|p2a: Hydreigon|65/100 brn|[from] Stealth Rock
|move|p1a: Slowbro|Shell Side Arm|p2a: Hydreigon|[anim] Shell Side Arm Special
|-damage|p2a: Hydreigon|28/100 brn
|-hint|Special Shell Side Arm
|
|-damage|p2a: Hydreigon|21/100 brn|[from] brn
|upkeep
|turn|30
|
|t:|1657662993
|switch|p1a: Primarina|Primarina, F|71/100 brn
|-damage|p1a: Primarina|59/100 brn|[from] Stealth Rock
|move|p2a: Hydreigon|Dark Pulse|p1a: Primarina
|-resisted|p1a: Primarina
|-damage|p1a: Primarina|45/100 brn
|
|-heal|p1a: Primarina|51/100 brn|[from] item: Leftovers
|-damage|p2a: Hydreigon|15/100 brn|[from] brn
|-damage|p1a: Primarina|45/100 brn|[from] brn
|upkeep
|turn|31
|
|t:|1657663001
|move|p2a: Hydreigon|Dark Pulse|p1a: Primarina
|-resisted|p1a: Primarina
|-damage|p1a: Primarina|33/100 brn
|move|p1a: Primarina|Rest|p1a: Primarina
|-status|p1a: Primarina|slp|[from] move: Rest
|-heal|p1a: Primarina|100/100 slp|[silent]
|
|-damage|p2a: Hydreigon|9/100 brn|[from] brn
|upkeep
|turn|32
|
|t:|1657663010
|switch|p2a: Rotom|Rotom-Heat|38/100 tox
|cant|p1a: Primarina|slp
|move|p1a: Primarina|Snore|p2a: Rotom
|-supereffective|p2a: Rotom
|-damage|p2a: Rotom|0 fnt
|faint|p2a: Rotom
|
|upkeep
|
|t:|1657663014
|switch|p2a: Mamoswine|Mamoswine, F|15/100
|-damage|p2a: Mamoswine|2/100|[from] Stealth Rock
|turn|33
|inactive|Eazigzagoon has 120 seconds left.
|
|t:|1657663048
|switch|p1a: Hippowdon|Hippowdon, F|12/100 psn
|-damage|p1a: Hippowdon|5/100 psn|[from] Stealth Rock
|-weather|Sandstorm|[from] ability: Sand Stream|[of] p1a: Hippowdon
|move|p2a: Mamoswine|Earthquake|p1a: Hippowdon
|-damage|p1a: Hippowdon|0 fnt
|faint|p1a: Hippowdon
|-damage|p2a: Mamoswine|0 fnt|[from] item: Life Orb
|faint|p2a: Mamoswine
|
|-weather|Sandstorm|[upkeep]
|upkeep
|inactive|Eazigzagoon has 120 seconds left.
|
|t:|1657663063
|switch|p2a: Hydreigon|Hydreigon, M|9/100 brn
|switch|p1a: Azelf|Azelf|100/100
|-damage|p2a: Hydreigon|0 fnt|[from] Stealth Rock
|faint|p2a: Hydreigon
|
|t:|1657663067
|switch|p2a: Tangrowth|Tangrowth, M|65/100 tox
|-damage|p2a: Tangrowth|52/100 tox|[from] Stealth Rock
|turn|34
|inactive|Eazigzagoon has 120 seconds left.
|
|t:|1657663086
|move|p1a: Azelf|U-turn|p2a: Tangrowth
|-supereffective|p2a: Tangrowth
|-damage|p2a: Tangrowth|30/100 tox
|inactive|Eazigzagoon has 120 seconds left.
|inactive|Eazigzagoon has 90 seconds left.
|inactive|Eazigzagoon has 60 seconds left.
|inactive|Eazigzagoon has 30 seconds left.
|inactive|Eazigzagoon has 20 seconds left.
|inactive|Eazigzagoon has 15 seconds left.
|
|t:|1657663198
|switch|p1a: Slowbro|Slowbro-Galar, F|89/100|[from]move: U-turn
|-damage|p1a: Slowbro|77/100|[from] Stealth Rock
|move|p2a: Tangrowth|Knock Off|p1a: Slowbro
|-supereffective|p1a: Slowbro
|-damage|p1a: Slowbro|38/100
|-enditem|p1a: Slowbro|Assault Vest|[from] move: Knock Off|[of] p2a: Tangrowth
|
|-weather|Sandstorm|[upkeep]
|-damage|p2a: Tangrowth|24/100 tox|[from] Sandstorm
|-damage|p1a: Slowbro|32/100|[from] Sandstorm
|-damage|p2a: Tangrowth|18/100 tox|[from] psn
|upkeep
|turn|35
|inactive|Eazigzagoon has 25 seconds left this turn.
|inactive|Eazigzagoon has 20 seconds left.
|
|t:|1657663205
|move|p2a: Tangrowth|Earthquake|p1a: Slowbro
|-supereffective|p1a: Slowbro
|-damage|p1a: Slowbro|0 fnt
|faint|p1a: Slowbro
|
|-weather|Sandstorm|[upkeep]
|-damage|p2a: Tangrowth|11/100 tox|[from] Sandstorm
|-damage|p2a: Tangrowth|0 fnt|[from] psn
|faint|p2a: Tangrowth
|upkeep
|inactive|Eazigzagoon has 30 seconds left this turn.
|
|t:|1657663209
|switch|p2a: Cobalion|Cobalion|30/100
|switch|p1a: Azelf|Azelf|100/100
|-damage|p2a: Cobalion|27/100|[from] Stealth Rock
|turn|36
|
|t:|1657663212
|move|p1a: Azelf|Flamethrower|p2a: Cobalion
|-supereffective|p2a: Cobalion
|-crit|p2a: Cobalion
|-damage|p2a: Cobalion|0 fnt
|faint|p2a: Cobalion
|
|win|Eazigzagoon
|raw|Eazigzagoon's rating: 1506 &rarr; <strong>1533</strong><br />(+27 for winning)
|raw|Lucasm123's rating: 1630 &rarr; <strong>1603</strong><br />(-27 for losing)
|l|☆Lucasm123
||Ladder isn't responding, score probably updated but might not have (Request timeout).
