|j|☆Meracx
|j|☆HaxxLR
|t:|1657292461
|gametype|singles
|player|p1|Meracx|thorton|
|player|p2|HaxxLR|grimsley|
|teamsize|p1|6
|teamsize|p2|6
|gen|8
|tier|[Gen 8] UU
|rule|Sleep Clause Mod: Limit one foe put to sleep
|rule|Species Clause: Limit one of each Pokémon
|rule|OHKO Clause: OHKO moves are banned
|rule|Evasion Moves Clause: Evasion moves are banned
|rule|Endless Battle Clause: Forcing endless battles is banned
|rule|HP Percentage Mod: HP is shown in percentages
|rule|Dynamax Clause: You cannot dynamax
|clearpoke
|poke|p1|Azelf|
|poke|p1|Salamence, F|
|poke|p1|Excadrill, M|
|poke|p1|Scizor, F|
|poke|p1|Slowking, M|
|poke|p1|Zarude|
|poke|p2|Primarina, F|
|poke|p2|Jirachi|
|poke|p2|Amoonguss, F|
|poke|p2|Rotom-Wash|
|poke|p2|Hippowdon, F|
|poke|p2|Cobalion|
|teampreview
|c|☆HaxxLR|hf
|c|☆Meracx|hf
|j| Quarante8
|j| vslc hoenn
|
|t:|1657292556
|start
|switch|p1a: Salamence|Salamence, F|100/100
|switch|p2a: Rotom|Rotom-Wash|100/100
|-ability|p1a: Salamence|Intimidate|boost
|-unboost|p2a: Rotom|atk|1
|turn|1
|j| CaptainEikichi
|
|t:|1657292573
|switch|p2a: Primarina|Primarina, F|100/100
|move|p1a: Salamence|Draco Meteor|p2a: Primarina
|-immune|p2a: Primarina
|
|upkeep
|turn|2
|
|t:|1657292579
|switch|p1a: Scizor|Scizor, F|100/100
|move|p2a: Primarina|Moonblast|p1a: Scizor
|-resisted|p1a: Scizor
|-damage|p1a: Scizor|60/100
|
|upkeep
|turn|3
|j| Skuashs
|
|t:|1657292630
|switch|p2a: Cobalion|Cobalion|100/100
|move|p1a: Scizor|Knock Off|p2a: Cobalion
|-resisted|p2a: Cobalion
|-damage|p2a: Cobalion|88/100
|-ability|p2a: Cobalion|Justified|boost
|-boost|p2a: Cobalion|atk|1
|-enditem|p2a: Cobalion|Shuca Berry|[from] move: Knock Off|[of] p1a: Scizor
|
|upkeep
|turn|4
|
|t:|1657292646
|switch|p1a: Salamence|Salamence, F|100/100
|-ability|p1a: Salamence|Intimidate|boost
|-unboost|p2a: Cobalion|atk|1
|move|p2a: Cobalion|Swords Dance|p2a: Cobalion
|-boost|p2a: Cobalion|atk|2
|
|upkeep
|turn|5
|j| Joya
|j| Uxilon
|
|t:|1657292668
|move|p2a: Cobalion|Stone Edge|p1a: Salamence
|-supereffective|p1a: Salamence
|-damage|p1a: Salamence|0 fnt
|faint|p1a: Salamence
|
|upkeep
|
|t:|1657292678
|switch|p1a: Azelf|Azelf|100/100
|turn|6
|
|t:|1657292724
|switch|p2a: Rotom|Rotom-Wash|100/100
|move|p1a: Azelf|Flamethrower|p2a: Rotom
|-resisted|p2a: Rotom
|-damage|p2a: Rotom|83/100
|
|upkeep
|turn|7
|l| Uxilon
|
|t:|1657292770
|move|p2a: Rotom|Volt Switch|p1a: Azelf
|-damage|p1a: Azelf|63/100
|
|t:|1657292777
|switch|p2a: Jirachi|Jirachi|100/100|[from]move: Volt Switch
|move|p1a: Azelf|Psychic|p2a: Jirachi
|-resisted|p2a: Jirachi
|-damage|p2a: Jirachi|92/100
|
|-heal|p2a: Jirachi|98/100|[from] item: Leftovers
|upkeep
|turn|8
|l| CaptainEikichi
|
|t:|1657292786
|move|p1a: Azelf|U-turn|p2a: Jirachi
|-damage|p2a: Jirachi|83/100
|
|t:|1657292790
|switch|p1a: Excadrill|Excadrill, M|100/100|[from]move: U-turn
|-ability|p1a: Excadrill|Mold Breaker
|move|p2a: Jirachi|U-turn|p1a: Excadrill
|-resisted|p1a: Excadrill
|-damage|p1a: Excadrill|90/100
|j| xiiidevour
|
|t:|1657292838
|switch|p2a: Hippowdon|Hippowdon, F|100/100|[from]move: U-turn
|-weather|Sandstorm|[from] ability: Sand Stream|[of] p2a: Hippowdon
|
|-weather|Sandstorm|[upkeep]
|-heal|p1a: Excadrill|96/100|[from] item: Leftovers
|upkeep
|turn|9
|
|t:|1657292860
|switch|p1a: Slowking|Slowking, M|100/100
|move|p2a: Hippowdon|Stealth Rock|p1a: Slowking
|-sidestart|p1: Meracx|move: Stealth Rock
|
|-weather|Sandstorm|[upkeep]
|-damage|p1a: Slowking|94/100|[from] Sandstorm
|upkeep
|turn|10
|
|t:|1657292870
|move|p2a: Hippowdon|Toxic|p1a: Slowking
|-status|p1a: Slowking|tox
|move|p1a: Slowking|Future Sight|p2a: Hippowdon
|-start|p1a: Slowking|move: Future Sight
|
|-weather|Sandstorm|[upkeep]
|-damage|p1a: Slowking|88/100 tox|[from] Sandstorm
|-damage|p1a: Slowking|82/100 tox|[from] psn
|upkeep
|turn|11
|
|t:|1657292881
|switch|p2a: Jirachi|Jirachi|83/100
|move|p1a: Slowking|Scald|p2a: Jirachi
|-damage|p2a: Jirachi|58/100
|
|-weather|Sandstorm|[upkeep]
|-damage|p1a: Slowking|76/100 tox|[from] Sandstorm
|-heal|p2a: Jirachi|64/100|[from] item: Leftovers
|-damage|p1a: Slowking|64/100 tox|[from] psn
|upkeep
|turn|12
|
|t:|1657292934
|move|p2a: Jirachi|Wish|p2a: Jirachi
|move|p1a: Slowking|Teleport|p1a: Slowking
|
|t:|1657292938
|switch|p1a: Excadrill|Excadrill, M|96/100|[from]move: Teleport
|-damage|p1a: Excadrill|93/100|[from] Stealth Rock
|-ability|p1a: Excadrill|Mold Breaker
|
|-weather|none
|-end|p2a: Jirachi|move: Future Sight
|-resisted|p2a: Jirachi
|-damage|p2a: Jirachi|56/100
|-heal|p2a: Jirachi|62/100|[from] item: Leftovers
|-heal|p1a: Excadrill|99/100|[from] item: Leftovers
|upkeep
|turn|13
|j| AmyQuaris
|
|t:|1657292961
|move|p2a: Jirachi|Protect|p2a: Jirachi
|-singleturn|p2a: Jirachi|Protect
|move|p1a: Excadrill|Stealth Rock|p2a: Jirachi
|-sidestart|p2: HaxxLR|move: Stealth Rock
|
|-heal|p2a: Jirachi|100/100|[from] move: Wish|[wisher] Jirachi
|-heal|p1a: Excadrill|100/100|[from] item: Leftovers
|upkeep
|turn|14
|
|t:|1657292976
|move|p2a: Jirachi|U-turn|p1a: Excadrill
|-resisted|p1a: Excadrill
|-damage|p1a: Excadrill|89/100
|
|t:|1657292993
|switch|p2a: Hippowdon|Hippowdon, F|100/100|[from]move: U-turn
|-damage|p2a: Hippowdon|94/100|[from] Stealth Rock
|-weather|Sandstorm|[from] ability: Sand Stream|[of] p2a: Hippowdon
|move|p1a: Excadrill|Earthquake|p2a: Hippowdon
|-damage|p2a: Hippowdon|61/100
|
|-weather|Sandstorm|[upkeep]
|-heal|p1a: Excadrill|95/100|[from] item: Leftovers
|-heal|p2a: Hippowdon|68/100|[from] item: Leftovers
|upkeep
|turn|15
|
|t:|1657293009
|switch|p1a: Zarude|Zarude|100/100
|-damage|p1a: Zarude|88/100|[from] Stealth Rock
|move|p2a: Hippowdon|Slack Off|p2a: Hippowdon
|-heal|p2a: Hippowdon|100/100
|
|-weather|Sandstorm|[upkeep]
|-damage|p1a: Zarude|82/100|[from] Sandstorm
|upkeep
|turn|16
|
|t:|1657293023
|switch|p2a: Amoonguss|Amoonguss, F|100/100
|-damage|p2a: Amoonguss|88/100|[from] Stealth Rock
|move|p1a: Zarude|U-turn|p2a: Amoonguss
|-damage|p2a: Amoonguss|71/100
|-damage|p1a: Zarude|66/100|[from] item: Rocky Helmet|[of] p2a: Amoonguss
|
|t:|1657293027
|switch|p1a: Azelf|Azelf|63/100|[from]move: U-turn
|
|-weather|Sandstorm|[upkeep]
|-damage|p1a: Azelf|57/100|[from] Sandstorm
|-damage|p2a: Amoonguss|65/100|[from] Sandstorm
|upkeep
|turn|17
|
|t:|1657293040
|switch|p2a: Hippowdon|Hippowdon, F|100/100
|-damage|p2a: Hippowdon|94/100|[from] Stealth Rock
|move|p1a: Azelf|Knock Off|p2a: Hippowdon
|-damage|p2a: Hippowdon|79/100
|-enditem|p2a: Hippowdon|Leftovers|[from] move: Knock Off|[of] p1a: Azelf
|
|-weather|Sandstorm|[upkeep]
|-damage|p1a: Azelf|51/100|[from] Sandstorm
|upkeep
|turn|18
|
|t:|1657293062
|switch|p1a: Slowking|Slowking, M|97/100 tox
|-damage|p1a: Slowking|85/100 tox|[from] Stealth Rock
|move|p2a: Hippowdon|Toxic|p1a: Slowking
|-fail|p1a: Slowking|tox
|
|-weather|none
|-damage|p1a: Slowking|79/100 tox|[from] psn
|upkeep
|turn|19
|
|t:|1657293076
|switch|p2a: Primarina|Primarina, F|100/100
|-damage|p2a: Primarina|88/100|[from] Stealth Rock
|move|p1a: Slowking|Teleport|p1a: Slowking
|
|t:|1657293082
|switch|p1a: Zarude|Zarude|66/100|[from]move: Teleport
|-damage|p1a: Zarude|53/100|[from] Stealth Rock
|
|upkeep
|turn|20
|
|t:|1657293087
|switch|p1a: Azelf|Azelf|51/100
|switch|p2a: Amoonguss|Amoonguss, F|98/100
|-damage|p2a: Amoonguss|86/100|[from] Stealth Rock
|
|upkeep
|turn|21
|
|t:|1657293108
|switch|p2a: Hippowdon|Hippowdon, F|79/100
|-damage|p2a: Hippowdon|73/100|[from] Stealth Rock
|-weather|Sandstorm|[from] ability: Sand Stream|[of] p2a: Hippowdon
|move|p1a: Azelf|Flamethrower|p2a: Hippowdon
|-damage|p2a: Hippowdon|48/100
|
|-weather|Sandstorm|[upkeep]
|-damage|p1a: Azelf|45/100|[from] Sandstorm
|upkeep
|turn|22
|j| Scavet
|
|t:|1657293124
|move|p1a: Azelf|U-turn|p2a: Hippowdon
|-damage|p2a: Hippowdon|37/100
|
|t:|1657293126
|switch|p1a: Slowking|Slowking, M|100/100 tox|[from]move: U-turn
|-damage|p1a: Slowking|88/100 tox|[from] Stealth Rock
|move|p2a: Hippowdon|Slack Off|p2a: Hippowdon
|-heal|p2a: Hippowdon|87/100
|
|-weather|Sandstorm|[upkeep]
|-damage|p1a: Slowking|82/100 tox|[from] Sandstorm
|-damage|p1a: Slowking|76/100 tox|[from] psn
|upkeep
|turn|23
|
|t:|1657293137
|switch|p2a: Primarina|Primarina, F|88/100
|-damage|p2a: Primarina|76/100|[from] Stealth Rock
|move|p1a: Slowking|Scald|p2a: Primarina
|-resisted|p2a: Primarina
|-damage|p2a: Primarina|62/100
|-status|p2a: Primarina|brn
|
|-weather|Sandstorm|[upkeep]
|-damage|p2a: Primarina|56/100 brn|[from] Sandstorm
|-damage|p1a: Slowking|70/100 tox|[from] Sandstorm
|-damage|p1a: Slowking|57/100 tox|[from] psn
|-damage|p2a: Primarina|50/100 brn|[from] brn
|upkeep
|turn|24
|
|t:|1657293169
|switch|p1a: Scizor|Scizor, F|60/100
|move|p2a: Primarina|Moonblast|p1a: Scizor
|-resisted|p1a: Scizor
|-damage|p1a: Scizor|20/100
|
|-weather|Sandstorm|[upkeep]
|-damage|p2a: Primarina|45/100 brn|[from] Sandstorm
|-damage|p2a: Primarina|39/100 brn|[from] brn
|upkeep
|turn|25
|
|t:|1657293180
|switch|p2a: Cobalion|Cobalion|88/100
|-damage|p2a: Cobalion|85/100|[from] Stealth Rock
|move|p1a: Scizor|Bullet Punch|p2a: Cobalion
|-resisted|p2a: Cobalion
|-damage|p2a: Cobalion|73/100
|
|-weather|none
|upkeep
|turn|26
|
|t:|1657293194
|switch|p1a: Slowking|Slowking, M|91/100 tox
|-damage|p1a: Slowking|78/100 tox|[from] Stealth Rock
|move|p2a: Cobalion|Swords Dance|p2a: Cobalion
|-boost|p2a: Cobalion|atk|2
|
|-damage|p1a: Slowking|72/100 tox|[from] psn
|upkeep
|turn|27
|
|t:|1657293198
|move|p2a: Cobalion|Megahorn|p1a: Slowking
|-supereffective|p1a: Slowking
|-damage|p1a: Slowking|0 fnt
|faint|p1a: Slowking
|
|upkeep
|
|t:|1657293202
|switch|p1a: Azelf|Azelf|45/100
|turn|28
|
|t:|1657293209
|switch|p2a: Hippowdon|Hippowdon, F|87/100
|-damage|p2a: Hippowdon|81/100|[from] Stealth Rock
|-weather|Sandstorm|[from] ability: Sand Stream|[of] p2a: Hippowdon
|move|p1a: Azelf|Psychic|p2a: Hippowdon
|-damage|p2a: Hippowdon|41/100
|
|-weather|Sandstorm|[upkeep]
|-damage|p1a: Azelf|39/100|[from] Sandstorm
|upkeep
|turn|29
|
|t:|1657293218
|move|p1a: Azelf|Psychic|p2a: Hippowdon
|-damage|p2a: Hippowdon|3/100
|-unboost|p2a: Hippowdon|spd|1
|move|p2a: Hippowdon|Slack Off|p2a: Hippowdon
|-heal|p2a: Hippowdon|53/100
|
|-weather|Sandstorm|[upkeep]
|-damage|p1a: Azelf|32/100|[from] Sandstorm
|upkeep
|turn|30
|
|t:|1657293235
|switch|p2a: Jirachi|Jirachi|100/100
|-damage|p2a: Jirachi|94/100|[from] Stealth Rock
|move|p1a: Azelf|Flamethrower|p2a: Jirachi
|-supereffective|p2a: Jirachi
|-damage|p2a: Jirachi|47/100
|
|-weather|Sandstorm|[upkeep]
|-damage|p1a: Azelf|26/100|[from] Sandstorm
|-heal|p2a: Jirachi|53/100|[from] item: Leftovers
|upkeep
|turn|31
|
|t:|1657293247
|switch|p1a: Scizor|Scizor, F|20/100
|move|p2a: Jirachi|U-turn|p1a: Scizor
|-resisted|p1a: Scizor
|-crit|p1a: Scizor
|-damage|p1a: Scizor|9/100
|
|t:|1657293254
|switch|p2a: Cobalion|Cobalion|73/100|[from]move: U-turn
|-damage|p2a: Cobalion|70/100|[from] Stealth Rock
|
|-weather|Sandstorm|[upkeep]
|upkeep
|turn|32
|
|t:|1657293263
|move|p2a: Cobalion|Close Combat|p1a: Scizor
|-damage|p1a: Scizor|0 fnt
|-unboost|p2a: Cobalion|def|1
|-unboost|p2a: Cobalion|spd|1
|faint|p1a: Scizor
|
|-weather|none
|upkeep
|
|t:|1657293266
|switch|p1a: Azelf|Azelf|26/100
|turn|33
|
|t:|1657293278
|switch|p2a: Primarina|Primarina, F|39/100 brn
|-damage|p2a: Primarina|26/100 brn|[from] Stealth Rock
|move|p1a: Azelf|Psychic|p2a: Primarina
|-damage|p2a: Primarina|0 fnt
|faint|p2a: Primarina
|
|upkeep
|
|t:|1657293333
|switch|p2a: Rotom|Rotom-Wash|83/100
|-damage|p2a: Rotom|71/100|[from] Stealth Rock
|turn|34
|
|t:|1657293342
|switch|p1a: Zarude|Zarude|53/100
|-damage|p1a: Zarude|41/100|[from] Stealth Rock
|move|p2a: Rotom|Hydro Pump|p1a: Zarude
|-resisted|p1a: Zarude
|-damage|p1a: Zarude|20/100
|
|upkeep
|turn|35
|
|t:|1657293354
|switch|p1a: Azelf|Azelf|26/100
|switch|p2a: Amoonguss|Amoonguss, F|100/100
|-damage|p2a: Amoonguss|88/100|[from] Stealth Rock
|
|upkeep
|turn|36
|
|t:|1657293380
|switch|p2a: Jirachi|Jirachi|53/100
|-damage|p2a: Jirachi|47/100|[from] Stealth Rock
|move|p1a: Azelf|Psychic|p2a: Jirachi
|-resisted|p2a: Jirachi
|-damage|p2a: Jirachi|37/100
|-unboost|p2a: Jirachi|spd|1
|
|-heal|p2a: Jirachi|43/100|[from] item: Leftovers
|upkeep
|turn|37
|
|t:|1657293390
|move|p1a: Azelf|Psychic|p2a: Jirachi
|-resisted|p2a: Jirachi
|-damage|p2a: Jirachi|30/100
|move|p2a: Jirachi|U-turn|p1a: Azelf
|-supereffective|p1a: Azelf
|-damage|p1a: Azelf|0 fnt
|faint|p1a: Azelf
|
|t:|1657293398
|switch|p2a: Amoonguss|Amoonguss, F|100/100|[from]move: U-turn
|-damage|p2a: Amoonguss|88/100|[from] Stealth Rock
|
|upkeep
|
|t:|1657293401
|switch|p1a: Excadrill|Excadrill, M|95/100
|-damage|p1a: Excadrill|92/100|[from] Stealth Rock
|-ability|p1a: Excadrill|Mold Breaker
|turn|38
|
|t:|1657293409
|move|p1a: Excadrill|Rapid Spin|p2a: Amoonguss
|-damage|p2a: Amoonguss|75/100
|-boost|p1a: Excadrill|spe|1
|-damage|p1a: Excadrill|75/100|[from] item: Rocky Helmet|[of] p2a: Amoonguss
|-sideend|p1: Meracx|Stealth Rock|[from] move: Rapid Spin|[of] p1a: Excadrill
|move|p2a: Amoonguss|Foul Play|p1a: Excadrill
|-damage|p1a: Excadrill|23/100
|
|-heal|p1a: Excadrill|29/100|[from] item: Leftovers
|upkeep
|turn|39
|
|t:|1657293413
|move|p1a: Excadrill|Iron Head|p2a: Amoonguss
|-crit|p2a: Amoonguss
|-damage|p2a: Amoonguss|31/100
|-damage|p1a: Excadrill|12/100|[from] item: Rocky Helmet|[of] p2a: Amoonguss
|move|p2a: Amoonguss|Foul Play|p1a: Excadrill
|-damage|p1a: Excadrill|0 fnt
|faint|p1a: Excadrill
|
|upkeep
|
|t:|1657293419
|switch|p1a: Zarude|Zarude|20/100
|turn|40
|
|t:|1657293423
|move|p1a: Zarude|Power Whip|p2a: Amoonguss
|-resisted|p2a: Amoonguss
|-damage|p2a: Amoonguss|21/100
|-damage|p1a: Zarude|3/100|[from] item: Rocky Helmet|[of] p2a: Amoonguss
|move|p2a: Amoonguss|Sludge Bomb|p1a: Zarude
|-supereffective|p1a: Zarude
|-damage|p1a: Zarude|0 fnt
|faint|p1a: Zarude
|
|win|HaxxLR
|c|☆Meracx|gg
|c|☆HaxxLR|gg
|l| AmyQuaris
|l| Scavet
|l| Joya
|l| vslc hoenn
|l| xiiidevour
