|j|☆bioche80
|j|☆Wolkii
|t:|1612745024
|player|p1|bioche80|red|1359
|player|p2|Wolkii|80|1429
|teamsize|p1|6
|teamsize|p2|6
|gametype|singles
|gen|8
|tier|[Gen 8] UU
|rated|
|clearpoke
|poke|p1|Scizor, M|
|poke|p1|Ditto|
|poke|p1|Chansey, F|
|poke|p1|Keldeo-Resolute|
|poke|p1|Incineroar, M|
|poke|p1|Tentacruel, M|
|poke|p2|Crawdaunt, F|
|poke|p2|Terrakion|
|poke|p2|Kyurem|
|poke|p2|Lucario, F|
|poke|p2|Mimikyu, M|
|poke|p2|Rotom-Wash|
|rule|Sleep Clause Mod: Limit one foe put to sleep
|rule|Species Clause: Limit one of each Pokémon
|rule|OHKO Clause: OHKO moves are banned
|rule|Evasion Moves Clause: Evasion moves are banned
|rule|Endless Battle Clause: Forcing endless battles is banned
|rule|HP Percentage Mod: HP is shown in percentages
|rule|Dynamax Clause: You cannot dynamax
|teampreview
|c|☆bioche80|again
|
|t:|1612745051
|start
|switch|p1a: Keldeo|Keldeo-Resolute|100/100
|switch|p2a: Terrakion|Terrakion|100/100
|turn|1
|
|t:|1612745057
|move|p1a: Keldeo|Scald|p2a: Terrakion
|-supereffective|p2a: Terrakion
|-damage|p2a: Terrakion|8/100
|-status|p2a: Terrakion|brn
|move|p2a: Terrakion|Close Combat|p1a: Keldeo
|-damage|p1a: Keldeo|64/100
|-unboost|p2a: Terrakion|def|1
|-unboost|p2a: Terrakion|spd|1
|
|-heal|p1a: Keldeo|70/100|[from] item: Leftovers
|-damage|p2a: Terrakion|1/100 brn|[from] brn
|upkeep
|turn|2
|c|☆Wolkii|again
|
|t:|1612745069
|move|p1a: Keldeo|Scald|p2a: Terrakion
|-supereffective|p2a: Terrakion
|-damage|p2a: Terrakion|0 fnt
|faint|p2a: Terrakion
|
|-heal|p1a: Keldeo|76/100|[from] item: Leftovers
|upkeep
|c|☆Wolkii|again x2 speed tie
|
|t:|1612745081
|switch|p2a: Rotom|Rotom-Wash|100/100
|turn|3
|c|☆bioche80|yes
|
|t:|1612745094
|switch|p1a: Ditto|Ditto|100/100
|-transform|p1a: Ditto|p2a: Rotom|[from] ability: Imposter
|move|p2a: Rotom|Volt Switch|p1a: Ditto
|-damage|p1a: Ditto|63/100
|
|t:|1612745100
|switch|p2a: Kyurem|Kyurem|100/100|[from]move: Volt Switch
|-ability|p2a: Kyurem|Pressure
|
|upkeep
|turn|4
|
|t:|1612745109
|move|p1a: Ditto|Trick|p2a: Kyurem
|-activate|p1a: Ditto|move: Trick|[of] p2a: Kyurem
|-item|p2a: Kyurem|Choice Scarf|[from] move: Trick
|-item|p1a: Ditto|Choice Specs|[from] move: Trick
|move|p2a: Kyurem|Earth Power|p1a: Ditto
|-immune|p1a: Ditto|[from] ability: Levitate
|
|upkeep
|turn|5
|
|t:|1612745121
|move|p2a: Kyurem|Earth Power|p1a: Ditto
|-immune|p1a: Ditto|[from] ability: Levitate
|move|p1a: Ditto|Volt Switch|p2a: Kyurem
|-resisted|p2a: Kyurem
|-damage|p2a: Kyurem|80/100
|
|t:|1612745131
|switch|p1a: Chansey|Chansey, F|100/100|[from]move: Volt Switch
|
|upkeep
|turn|6
|
|t:|1612745138
|switch|p2a: Lucario|Lucario, F|100/100
|move|p1a: Chansey|Seismic Toss|p2a: Lucario
|-damage|p2a: Lucario|65/100
|
|upkeep
|turn|7
|
|t:|1612745144
|switch|p1a: Incineroar|Incineroar, M|100/100
|-ability|p1a: Incineroar|Intimidate|boost
|-unboost|p2a: Lucario|atk|1
|move|p2a: Lucario|Swords Dance|p2a: Lucario
|-boost|p2a: Lucario|atk|2
|
|upkeep
|turn|8
|
|t:|1612745152
|move|p2a: Lucario|Close Combat|p1a: Incineroar
|-supereffective|p1a: Incineroar
|-damage|p1a: Incineroar|0 fnt
|-unboost|p2a: Lucario|def|1
|-unboost|p2a: Lucario|spd|1
|-damage|p2a: Lucario|55/100|[from] item: Life Orb
|faint|p1a: Incineroar
|
|upkeep
|
|t:|1612745160
|switch|p1a: Keldeo|Keldeo-Resolute|76/100
|turn|9
|
|t:|1612745166
|switch|p2a: Rotom|Rotom-Wash|100/100
|move|p1a: Keldeo|Secret Sword|p2a: Rotom
|-damage|p2a: Rotom|42/100
|
|-heal|p1a: Keldeo|82/100|[from] item: Leftovers
|upkeep
|turn|10
|
|t:|1612745174
|switch|p1a: Ditto|Ditto|63/100
|-transform|p1a: Ditto|p2a: Rotom|[from] ability: Imposter
|move|p2a: Rotom|Volt Switch|p1a: Ditto
|-damage|p1a: Ditto|30/100
|
|t:|1612745188
|switch|p2a: Lucario|Lucario, F|55/100|[from]move: Volt Switch
|
|upkeep
|turn|11
|
|t:|1612745193
|move|p2a: Lucario|Close Combat|p1a: Ditto
|-damage|p1a: Ditto|0 fnt
|-unboost|p2a: Lucario|def|1
|-unboost|p2a: Lucario|spd|1
|-damage|p2a: Lucario|45/100|[from] item: Life Orb
|faint|p1a: Ditto
|
|upkeep
|
|t:|1612745202
|switch|p1a: Keldeo|Keldeo-Resolute|82/100
|turn|12
|
|t:|1612745206
|move|p2a: Lucario|Bullet Punch|p1a: Keldeo
|-resisted|p1a: Keldeo
|-damage|p1a: Keldeo|69/100
|-damage|p2a: Lucario|35/100|[from] item: Life Orb
|move|p1a: Keldeo|Scald|p2a: Lucario
|-damage|p2a: Lucario|0 fnt
|faint|p2a: Lucario
|
|-heal|p1a: Keldeo|75/100|[from] item: Leftovers
|upkeep
|
|t:|1612745210
|switch|p2a: Mimikyu|Mimikyu, M|100/100
|turn|13
|
|t:|1612745222
|switch|p1a: Scizor|Scizor, M|100/100
|move|p2a: Mimikyu|Play Rough|p1a: Scizor
|-resisted|p1a: Scizor
|-damage|p1a: Scizor|80/100
|-damage|p2a: Mimikyu|91/100|[from] item: Life Orb
|
|upkeep
|turn|14
|
|t:|1612745231
|switch|p2a: Crawdaunt|Crawdaunt, F|100/100
|move|p1a: Scizor|Knock Off|p2a: Crawdaunt
|-resisted|p2a: Crawdaunt
|-damage|p2a: Crawdaunt|71/100
|-enditem|p2a: Crawdaunt|Life Orb|[from] move: Knock Off|[of] p1a: Scizor
|-damage|p1a: Scizor|70/100|[from] item: Life Orb
|
|upkeep
|turn|15
|
|t:|1612745239
|move|p2a: Crawdaunt|Knock Off|p1a: Scizor
|-damage|p1a: Scizor|13/100
|-enditem|p1a: Scizor|Life Orb|[from] move: Knock Off|[of] p2a: Crawdaunt
|move|p1a: Scizor|U-turn|p2a: Crawdaunt
|-supereffective|p2a: Crawdaunt
|-damage|p2a: Crawdaunt|0 fnt
|faint|p2a: Crawdaunt
|
|t:|1612745255
|switch|p1a: Keldeo|Keldeo-Resolute|75/100|[from]move: U-turn
|
|-heal|p1a: Keldeo|81/100|[from] item: Leftovers
|upkeep
|
|t:|1612745258
|switch|p2a: Rotom|Rotom-Wash|42/100
|turn|16
|
|t:|1612745262
|move|p2a: Rotom|Volt Switch|p1a: Keldeo
|-supereffective|p1a: Keldeo
|-damage|p1a: Keldeo|4/100
|
|t:|1612745266
|switch|p2a: Kyurem|Kyurem|80/100|[from]move: Volt Switch
|-ability|p2a: Kyurem|Pressure
|move|p1a: Keldeo|Secret Sword|p2a: Kyurem
|-supereffective|p2a: Kyurem
|-damage|p2a: Kyurem|0 fnt
|faint|p2a: Kyurem
|
|-heal|p1a: Keldeo|10/100|[from] item: Leftovers
|upkeep
|
|t:|1612745268
|switch|p2a: Rotom|Rotom-Wash|42/100
|turn|17
|
|t:|1612745278
|switch|p1a: Chansey|Chansey, F|100/100
|move|p2a: Rotom|Volt Switch|p1a: Chansey
|-damage|p1a: Chansey|90/100
|
|t:|1612745280
|switch|p2a: Mimikyu|Mimikyu, M|91/100|[from]move: Volt Switch
|
|upkeep
|turn|18
|
|t:|1612745294
|switch|p1a: Tentacruel|Tentacruel, M|100/100
|move|p2a: Mimikyu|Swords Dance|p2a: Mimikyu
|-boost|p2a: Mimikyu|atk|2
|
|upkeep
|turn|19
|
|t:|1612745301
|move|p2a: Mimikyu|Shadow Claw|p1a: Tentacruel
|-damage|p1a: Tentacruel|27/100
|-damage|p2a: Mimikyu|81/100|[from] item: Life Orb
|move|p1a: Tentacruel|Scald|p2a: Mimikyu
|-activate|p2a: Mimikyu|ability: Disguise
|-damage|p2a: Mimikyu|81/100
|-status|p2a: Mimikyu|brn
|detailschange|p2a: Mimikyu|Mimikyu-Busted, M
|-damage|p2a: Mimikyu|68/100 brn|[from] pokemon: Mimikyu-Busted
|
|-heal|p1a: Tentacruel|33/100|[from] item: Black Sludge
|-damage|p2a: Mimikyu|62/100 brn|[from] brn
|upkeep
|turn|20
|c|☆Wolkii|lol*
|c|☆Wolkii|You ike the burn
|
|t:|1612745316
|move|p2a: Mimikyu|Shadow Claw|p1a: Tentacruel
|-crit|p1a: Tentacruel
|-damage|p1a: Tentacruel|0 fnt
|-damage|p2a: Mimikyu|52/100 brn|[from] item: Life Orb
|faint|p1a: Tentacruel
|
|-damage|p2a: Mimikyu|46/100 brn|[from] brn
|upkeep
|
|t:|1612745328
|switch|p1a: Scizor|Scizor, M|13/100
|turn|21
|
|t:|1612745331
|move|p2a: Mimikyu|Shadow Sneak|p1a: Scizor
|-damage|p1a: Scizor|0 fnt
|-damage|p2a: Mimikyu|36/100 brn|[from] item: Life Orb
|faint|p1a: Scizor
|
|-damage|p2a: Mimikyu|30/100 brn|[from] brn
|upkeep
|
|t:|1612745340
|switch|p1a: Chansey|Chansey, F|90/100
|turn|22
|
|t:|1612745346
|move|p2a: Mimikyu|Swords Dance|p2a: Mimikyu
|-boost|p2a: Mimikyu|atk|2
|move|p1a: Chansey|Soft-Boiled|p1a: Chansey
|-heal|p1a: Chansey|100/100
|
|-damage|p2a: Mimikyu|24/100 brn|[from] brn
|upkeep
|turn|23
|
|t:|1612745353
|move|p2a: Mimikyu|Play Rough|p1a: Chansey
|-damage|p1a: Chansey|53/100
|-damage|p2a: Mimikyu|14/100 brn|[from] item: Life Orb
|move|p1a: Chansey|Soft-Boiled|p1a: Chansey
|-heal|p1a: Chansey|100/100
|
|-damage|p2a: Mimikyu|8/100 brn|[from] brn
|upkeep
|turn|24
|
|t:|1612745362
|move|p2a: Mimikyu|Swords Dance|p2a: Mimikyu
|-boost|p2a: Mimikyu|atk|2
|move|p1a: Chansey|Soft-Boiled||[still]
|-fail|p1a: Chansey|heal
|
|-damage|p2a: Mimikyu|2/100 brn|[from] brn
|upkeep
|turn|25
|
|t:|1612745368
|move|p2a: Mimikyu|Play Rough|p1a: Chansey
|-damage|p1a: Chansey|42/100
|-damage|p2a: Mimikyu|0 fnt|[from] item: Life Orb
|faint|p2a: Mimikyu
|move|p1a: Chansey|Soft-Boiled|p1a: Chansey
|-heal|p1a: Chansey|92/100
|
|upkeep
|c|☆Wolkii|gg
|c|☆Wolkii|lol
|j| human misery
|
|t:|1612745376
|switch|p2a: Rotom|Rotom-Wash|42/100
|turn|26
|c|☆bioche80|gg
|c|☆bioche80|is fun the match
|c|☆Wolkii|lol
|
|t:|1612745394
|move|p2a: Rotom|Trick|p1a: Chansey
|-activate|p2a: Rotom|move: Trick|[of] p1a: Chansey
|-item|p1a: Chansey|Choice Scarf|[from] move: Trick
|-item|p2a: Rotom|Eviolite|[from] move: Trick
|move|p1a: Chansey|Seismic Toss|p2a: Rotom
|-damage|p2a: Rotom|0 fnt
|faint|p2a: Rotom
|
|win|bioche80
|l|☆Wolkii
|raw|bioche80's rating: 1368 &rarr; <strong>1392</strong><br />(+24 for winning)
|raw|Wolkii's rating: 1429 &rarr; <strong>1406</strong><br />(-23 for losing)
|c|☆bioche80|gg
