|j|☆Meute
|j|☆hiquehique
|t:|1665690637
|gametype|singles
|player|p1|Meute|lance-masters|1466
|player|p2|hiquehique|102|1504
|teamsize|p1|6
|teamsize|p2|6
|gen|8
|tier|[Gen 8] UU
|rated|
|rule|Sleep Clause Mod: Limit one foe put to sleep
|rule|Species Clause: Limit one of each Pokémon
|rule|OHKO Clause: OHKO moves are banned
|rule|Evasion Items Clause: Evasion items are banned
|rule|Evasion Moves Clause: Evasion moves are banned
|rule|Endless Battle Clause: Forcing endless battles is banned
|rule|HP Percentage Mod: HP is shown in percentages
|rule|Dynamax Clause: You cannot dynamax
|clearpoke
|poke|p1|Necrozma|
|poke|p1|Registeel|
|poke|p1|Tapu Bulu|
|poke|p1|Slowking, M|
|poke|p1|Cobalion|
|poke|p1|Hydreigon, M|
|poke|p2|Excadrill, F|
|poke|p2|Salamence, M|
|poke|p2|Conkeldurr, F|
|poke|p2|Regieleki|
|poke|p2|Swampert, F|
|poke|p2|Polteageist|
|teampreview
|
|t:|1665690651
|start
|switch|p1a: Hydreigon|Hydreigon, M|100/100
|switch|p2a: Excadrill|Excadrill, F|100/100
|-ability|p2a: Excadrill|Mold Breaker
|turn|1
|
|t:|1665690654
|move|p1a: Hydreigon|Dark Pulse|p2a: Excadrill
|-damage|p2a: Excadrill|50/100
|move|p2a: Excadrill|Stealth Rock|p1a: Hydreigon
|-sidestart|p1: Meute|move: Stealth Rock
|
|upkeep
|turn|2
|
|t:|1665690660
|move|p1a: Hydreigon|Dark Pulse|p2a: Excadrill
|-damage|p2a: Excadrill|0 fnt
|faint|p2a: Excadrill
|
|upkeep
|
|t:|1665690664
|switch|p2a: Swampert|Swampert, F|100/100
|turn|3
|
|t:|1665690697
|switch|p1a: Cobalion|Cobalion|100/100
|-damage|p1a: Cobalion|97/100|[from] Stealth Rock
|move|p2a: Swampert|Whirlpool|p1a: Cobalion
|-damage|p1a: Cobalion|82/100
|-activate|p1a: Cobalion|move: Whirlpool|[of] p2a: Swampert
|
|-damage|p1a: Cobalion|70/100|[from] move: Whirlpool|[partiallytrapped]
|upkeep
|turn|4
|l|☆hiquehique
|player|p2|
|j|☆hiquehique
|player|p2|hiquehique|102
|
|t:|1665690738
|move|p1a: Cobalion|Stealth Rock|p2a: Swampert
|-sidestart|p2: hiquehique|move: Stealth Rock
|move|p2a: Swampert|Yawn|p1a: Cobalion
|-start|p1a: Cobalion|move: Yawn|[of] p2a: Swampert
|
|-damage|p1a: Cobalion|57/100|[from] move: Whirlpool|[partiallytrapped]
|upkeep
|turn|5
|
|t:|1665690745
|move|p1a: Cobalion|Close Combat|p2a: Swampert
|-damage|p2a: Swampert|70/100
|-unboost|p1a: Cobalion|def|1
|-unboost|p1a: Cobalion|spd|1
|move|p2a: Swampert|Flip Turn|p1a: Cobalion
|-damage|p1a: Cobalion|27/100
|-damage|p2a: Swampert|53/100|[from] item: Rocky Helmet|[of] p1a: Cobalion
|
|t:|1665690748
|switch|p2a: Polteageist|Polteageist|100/100|[from]move: Flip Turn
|-damage|p2a: Polteageist|88/100|[from] Stealth Rock
|
|-end|p1a: Cobalion|Whirlpool|[partiallytrapped]|[silent]
|-end|p1a: Cobalion|move: Yawn|[silent]
|-status|p1a: Cobalion|slp
|upkeep
|turn|6
|
|t:|1665690751
|switch|p1a: Hydreigon|Hydreigon, M|100/100
|-damage|p1a: Hydreigon|88/100|[from] Stealth Rock
|move|p2a: Polteageist|Shell Smash|p2a: Polteageist
|-unboost|p2a: Polteageist|def|1
|-unboost|p2a: Polteageist|spd|1
|-boost|p2a: Polteageist|atk|2
|-boost|p2a: Polteageist|spa|2
|-boost|p2a: Polteageist|spe|2
|
|-heal|p1a: Hydreigon|94/100|[from] item: Leftovers
|upkeep
|turn|7
|
|t:|1665690755
|move|p2a: Polteageist|Giga Drain|p1a: Hydreigon
|-resisted|p1a: Hydreigon
|-damage|p1a: Hydreigon|61/100
|-heal|p2a: Polteageist|100/100|[from] drain|[of] p1a: Hydreigon
|move|p1a: Hydreigon|Dark Pulse|p2a: Polteageist
|-supereffective|p2a: Polteageist
|-enditem|p2a: Polteageist|Focus Sash
|-damage|p2a: Polteageist|1/100
|
|-heal|p1a: Hydreigon|67/100|[from] item: Leftovers
|upkeep
|turn|8
|
|t:|1665690762
|move|p2a: Polteageist|Shadow Ball|p1a: Hydreigon
|-resisted|p1a: Hydreigon
|-damage|p1a: Hydreigon|14/100
|move|p1a: Hydreigon|Dark Pulse|p2a: Polteageist
|-supereffective|p2a: Polteageist
|-damage|p2a: Polteageist|0 fnt
|faint|p2a: Polteageist
|
|-heal|p1a: Hydreigon|20/100|[from] item: Leftovers
|upkeep
|
|t:|1665690771
|switch|p2a: Conkeldurr|Conkeldurr, F|100/100
|-damage|p2a: Conkeldurr|95/100|[from] Stealth Rock
|turn|9
|
|t:|1665690794
|move|p2a: Conkeldurr|Mach Punch|p1a: Hydreigon
|-supereffective|p1a: Hydreigon
|-damage|p1a: Hydreigon|0 fnt
|faint|p1a: Hydreigon
|
|-status|p2a: Conkeldurr|brn|[from] item: Flame Orb
|upkeep
|
|t:|1665690798
|switch|p1a: Slowking|Slowking, M|100/100
|-damage|p1a: Slowking|88/100|[from] Stealth Rock
|turn|10
|
|t:|1665690801
|move|p2a: Conkeldurr|Knock Off|p1a: Slowking
|-supereffective|p1a: Slowking
|-enditem|p1a: Slowking|Colbur Berry|[eat]
|-enditem|p1a: Slowking|Colbur Berry|[weaken]
|-damage|p1a: Slowking|46/100
|move|p1a: Slowking|Psychic|p2a: Conkeldurr
|-supereffective|p2a: Conkeldurr
|-damage|p2a: Conkeldurr|7/100 brn
|
|-damage|p2a: Conkeldurr|1/100 brn|[from] brn
|upkeep
|turn|11
|
|t:|1665690813
|switch|p1a: Cobalion|Cobalion|27/100 slp
|-damage|p1a: Cobalion|24/100 slp|[from] Stealth Rock
|move|p2a: Conkeldurr|Close Combat|p1a: Cobalion
|-supereffective|p1a: Cobalion
|-damage|p1a: Cobalion|0 fnt
|-unboost|p2a: Conkeldurr|def|1
|-unboost|p2a: Conkeldurr|spd|1
|-damage|p2a: Conkeldurr|0 fnt|[from] item: Rocky Helmet|[of] p1a: Cobalion
|faint|p1a: Cobalion
|faint|p2a: Conkeldurr
|
|upkeep
|j| amogusroxyrrrr
|
|t:|1665690833
|switch|p1a: Necrozma|Necrozma|100/100
|switch|p2a: Swampert|Swampert, F|53/100
|-damage|p1a: Necrozma|88/100|[from] Stealth Rock
|-damage|p2a: Swampert|47/100|[from] Stealth Rock
|turn|12
|
|t:|1665690846
|switch|p1a: Slowking|Slowking, M|80/100
|-damage|p1a: Slowking|67/100|[from] Stealth Rock
|move|p2a: Swampert|Yawn|p1a: Slowking
|-start|p1a: Slowking|move: Yawn|[of] p2a: Swampert
|
|upkeep
|turn|13
|
|t:|1665690851
|move|p2a: Swampert|Earthquake|p1a: Slowking
|-damage|p1a: Slowking|40/100
|move|p1a: Slowking|Teleport|p1a: Slowking
|
|t:|1665690862
|switch|p1a: Registeel|Registeel|100/100|[from]move: Teleport
|-damage|p1a: Registeel|94/100|[from] Stealth Rock
|
|upkeep
|turn|14
|
|t:|1665690865
|move|p1a: Registeel|Iron Defense|p1a: Registeel
|-boost|p1a: Registeel|def|2
|move|p2a: Swampert|Whirlpool|p1a: Registeel
|-damage|p1a: Registeel|88/100
|-activate|p1a: Registeel|move: Whirlpool|[of] p2a: Swampert
|
|-damage|p1a: Registeel|75/100|[from] move: Whirlpool|[partiallytrapped]
|upkeep
|turn|15
|
|t:|1665690872
|move|p1a: Registeel|Amnesia|p1a: Registeel
|-boost|p1a: Registeel|spd|2
|move|p2a: Swampert|Yawn|p1a: Registeel
|-start|p1a: Registeel|move: Yawn|[of] p2a: Swampert
|
|-damage|p1a: Registeel|63/100|[from] move: Whirlpool|[partiallytrapped]
|upkeep
|turn|16
|
|t:|1665690879
|move|p1a: Registeel|Iron Defense|p1a: Registeel
|-boost|p1a: Registeel|def|2
|move|p2a: Swampert|Flip Turn|p1a: Registeel
|-damage|p1a: Registeel|59/100
|
|t:|1665690882
|switch|p2a: Regieleki|Regieleki|100/100|[from]move: Flip Turn
|-damage|p2a: Regieleki|88/100|[from] Stealth Rock
|
|-end|p1a: Registeel|Whirlpool|[partiallytrapped]|[silent]
|-end|p1a: Registeel|move: Yawn|[silent]
|-status|p1a: Registeel|slp
|upkeep
|-enditem|p1a: Registeel|Chesto Berry|[eat]
|-curestatus|p1a: Registeel|slp|[msg]
|turn|17
|
|t:|1665690886
|move|p2a: Regieleki|Thunderbolt|p1a: Registeel
|-damage|p1a: Registeel|30/100
|move|p1a: Registeel|Body Press|p2a: Regieleki
|-damage|p2a: Regieleki|0 fnt
|faint|p2a: Regieleki
|
|upkeep
|
|t:|1665690894
|switch|p2a: Salamence|Salamence, M|100/100
|-damage|p2a: Salamence|76/100|[from] Stealth Rock
|turn|18
|
|t:|1665690899
|move|p2a: Salamence|Dragon Dance|p2a: Salamence
|-boost|p2a: Salamence|atk|1
|-boost|p2a: Salamence|spe|1
|move|p1a: Registeel|Body Press|p2a: Salamence
|-resisted|p2a: Salamence
|-crit|p2a: Salamence
|-damage|p2a: Salamence|0 fnt
|faint|p2a: Salamence
|
|upkeep
|c|☆hiquehique|yep
|-message|hiquehique forfeited.
|
|win|Meute
|raw|Meute's rating: 1466 &rarr; <strong>1488</strong><br />(+22 for winning)
|raw|hiquehique's rating: 1504 &rarr; <strong>1482</strong><br />(-22 for losing)
|l|☆hiquehique
|l| amogusroxyrrrr
||Ladder isn't responding, score probably updated but might not have (Request timeout).
