|j|☆Springerk
|j|☆V3nuesaur
|t:|1654552199
|gametype|singles
|player|p1|Springerk|tuberf|1394
|player|p2|V3nuesaur|roark|1490
|teamsize|p1|6
|teamsize|p2|6
|gen|8
|tier|[Gen 8] UU
|rated|
|rule|Sleep Clause Mod: Limit one foe put to sleep
|rule|Species Clause: Limit one of each Pokémon
|rule|OHKO Clause: OHKO moves are banned
|rule|Evasion Moves Clause: Evasion moves are banned
|rule|Endless Battle Clause: Forcing endless battles is banned
|rule|HP Percentage Mod: HP is shown in percentages
|rule|Dynamax Clause: You cannot dynamax
|clearpoke
|poke|p1|Weezing-Galar, F|
|poke|p1|Hitmonlee, M|
|poke|p1|Necrozma|
|poke|p1|Keldeo-Resolute|
|poke|p1|Celesteela|
|poke|p1|Thundurus-Therian, M|
|poke|p2|Hippowdon, M|
|poke|p2|Skarmory, M|
|poke|p2|Zarude-Dada|
|poke|p2|Slowking, M|
|poke|p2|Thundurus-Therian, M|
|poke|p2|Noivern, F|
|teampreview
|inactive|Battle timer is ON: inactive players will automatically lose when time's up. (requested by Springerk)
|inactive|V3nuesaur has 120 seconds left.
|
|t:|1654552285
|start
|switch|p1a: Thundurus|Thundurus-Therian, M|100/100
|switch|p2a: Thundurus|Thundurus-Therian, M|100/100
|turn|1
|
|t:|1654552293
|move|p1a: Thundurus|Nasty Plot|p1a: Thundurus
|-boost|p1a: Thundurus|spa|2
|move|p2a: Thundurus|Psychic|p1a: Thundurus
|-damage|p1a: Thundurus|56/100
|
|upkeep
|turn|2
|
|t:|1654552311
|switch|p2a: Zarude|Zarude-Dada|100/100
|move|p1a: Thundurus|Psychic|p2a: Zarude
|-immune|p2a: Zarude
|
|upkeep
|turn|3
|
|t:|1654552319
|switch|p1a: The King|Weezing-Galar, F|100/100
|-fieldstart|move: Misty Terrain|[from] ability: Misty Surge|[of] p1a: The King
|move|p2a: Zarude|Darkest Lariat|p1a: The King
|-resisted|p1a: The King
|-damage|p1a: The King|83/100
|
|upkeep
|turn|4
|inactive|V3nuesaur has 120 seconds left.
|
|t:|1654552358
|move|p2a: Zarude|U-turn|p1a: The King
|-resisted|p1a: The King
|-damage|p1a: The King|79/100
|
|t:|1654552367
|switch|p2a: Slowking|Slowking, M|100/100|[from]move: U-turn
|move|p1a: The King|Memento|p2a: Slowking
|-unboost|p2a: Slowking|atk|2
|-unboost|p2a: Slowking|spa|2
|faint|p1a: The King
|
|upkeep
|
|t:|1654552383
|switch|p1a: The Bishop|Necrozma|100/100
|turn|5
|inactive|V3nuesaur has 120 seconds left.
|
|t:|1654552409
|move|p1a: The Bishop|Dragon Dance|p1a: The Bishop
|-boost|p1a: The Bishop|atk|1
|-boost|p1a: The Bishop|spe|1
|move|p2a: Slowking|Teleport|p2a: Slowking
|
|t:|1654552422
|switch|p2a: Skarmory|Skarmory, M|100/100|[from]move: Teleport
|
|upkeep
|turn|6
|
|t:|1654552438
|move|p1a: The Bishop|Heat Wave|p2a: Skarmory
|-supereffective|p2a: Skarmory
|-crit|p2a: Skarmory
|-ability|p2a: Skarmory|Sturdy
|-damage|p2a: Skarmory|1/100
|move|p2a: Skarmory|Body Press|p1a: The Bishop
|-resisted|p1a: The Bishop
|-damage|p1a: The Bishop|84/100
|
|upkeep
|turn|7
|inactive|V3nuesaur has 90 seconds left.
|
|t:|1654552458
|move|p1a: The Bishop|Dragon Dance|p1a: The Bishop
|-boost|p1a: The Bishop|atk|1
|-boost|p1a: The Bishop|spe|1
|move|p2a: Skarmory|Body Press|p1a: The Bishop
|-resisted|p1a: The Bishop
|-damage|p1a: The Bishop|68/100
|
|upkeep
|turn|8
|inactive|V3nuesaur has 90 seconds left.
|
|t:|1654552471
|switch|p2a: Noivern|Noivern, F|100/100
|move|p1a: The Bishop|Dragon Dance|p1a: The Bishop
|-boost|p1a: The Bishop|atk|1
|-boost|p1a: The Bishop|spe|1
|
|upkeep
|turn|9
|
|t:|1654552475
|move|p1a: The Bishop|Photon Geyser|p2a: Noivern
|-damage|p2a: Noivern|0 fnt
|faint|p2a: Noivern
|
|upkeep
|
|t:|1654552477
|switch|p2a: Slowking|Slowking, M|100/100
|turn|10
|
|t:|1654552483
|move|p1a: The Bishop|X-Scissor|p2a: Slowking
|-supereffective|p2a: Slowking
|-damage|p2a: Slowking|0 fnt
|faint|p2a: Slowking
|
|-fieldend|Misty Terrain
|upkeep
|
|t:|1654552491
|switch|p2a: Hippowdon|Hippowdon, M|100/100
|-weather|Sandstorm|[from] ability: Sand Stream|[of] p2a: Hippowdon
|turn|11
|
|t:|1654552504
|move|p1a: The Bishop|Photon Geyser|p2a: Hippowdon
|-damage|p2a: Hippowdon|19/100
|move|p2a: Hippowdon|Whirlwind|p1a: The Bishop
|drag|p1a: The Pawn|Hitmonlee, M|100/100
|
|-weather|Sandstorm|[upkeep]
|-damage|p1a: The Pawn|95/100|[from] Sandstorm
|upkeep
|turn|12
|
|t:|1654552516
|switch|p2a: Skarmory|Skarmory, M|1/100
|move|p1a: The Pawn|Close Combat|p2a: Skarmory
|-damage|p2a: Skarmory|0 fnt
|-unboost|p1a: The Pawn|def|1
|-unboost|p1a: The Pawn|spd|1
|-damage|p1a: The Pawn|78/100|[from] item: Rocky Helmet|[of] p2a: Skarmory
|faint|p2a: Skarmory
|
|-weather|Sandstorm|[upkeep]
|-damage|p1a: The Pawn|72/100|[from] Sandstorm
|upkeep
|
|t:|1654552521
|switch|p2a: Thundurus|Thundurus-Therian, M|100/100
|turn|13
|
|t:|1654552527
|move|p2a: Thundurus|Psychic|p1a: The Pawn
|-supereffective|p1a: The Pawn
|-damage|p1a: The Pawn|0 fnt
|faint|p1a: The Pawn
|
|-weather|Sandstorm|[upkeep]
|-damage|p2a: Thundurus|94/100|[from] Sandstorm
|upkeep
|
|t:|1654552540
|switch|p1a: The Bishop|Necrozma|68/100
|turn|14
|
|t:|1654552543
|move|p2a: Thundurus|Knock Off|p1a: The Bishop
|-supereffective|p1a: The Bishop
|-damage|p1a: The Bishop|39/100
|-enditem|p1a: The Bishop|Weakness Policy
|-boost|p1a: The Bishop|atk|2|[from] item: Weakness Policy
|-boost|p1a: The Bishop|spa|2|[from] item: Weakness Policy
|move|p1a: The Bishop|Dragon Dance|p1a: The Bishop
|-boost|p1a: The Bishop|atk|1
|-boost|p1a: The Bishop|spe|1
|
|-weather|Sandstorm|[upkeep]
|-damage|p1a: The Bishop|33/100|[from] Sandstorm
|-damage|p2a: Thundurus|88/100|[from] Sandstorm
|upkeep
|turn|15
|
|t:|1654552547
|move|p1a: The Bishop|Photon Geyser|p2a: Thundurus
|-damage|p2a: Thundurus|0 fnt
|faint|p2a: Thundurus
|
|-weather|none
|upkeep
|
|t:|1654552549
|switch|p2a: Zarude|Zarude-Dada|100/100
|turn|16
|
|t:|1654552556
|move|p1a: The Bishop|X-Scissor|p2a: Zarude
|-supereffective|p2a: Zarude
|-damage|p2a: Zarude|0 fnt
|faint|p2a: Zarude
|
|upkeep
|-message|V3nuesaur forfeited.
|
|win|Springerk
|raw|Springerk's rating: 1394 &rarr; <strong>1419</strong><br />(+25 for winning)
|raw|V3nuesaur's rating: 1490 &rarr; <strong>1465</strong><br />(-25 for losing)
