|j|☆ocabat
|j|☆theojava
|t:|1604322419
|player|p1|ocabat|aaron|1510
|player|p2|theojava|ninjaboy|1351
|teamsize|p1|6
|teamsize|p2|6
|gametype|singles
|gen|8
|tier|[Gen 8] UU
|rated|
|clearpoke
|poke|p1|Tapu Lele|
|poke|p1|Alakazam, F|
|poke|p1|Jirachi|
|poke|p1|Incineroar, F|
|poke|p1|Gyarados, F|
|poke|p1|Noivern, F|
|poke|p2|Aegislash, F|
|poke|p2|Krookodile, F|
|poke|p2|Salamence, F|
|poke|p2|Alakazam, F|
|poke|p2|Amoonguss, M|
|poke|p2|Celesteela|
|rule|Sleep Clause Mod: Limit one foe put to sleep
|rule|Species Clause: Limit one of each Pokémon
|rule|OHKO Clause: OHKO moves are banned
|rule|Evasion Moves Clause: Evasion moves are banned
|rule|Endless Battle Clause: Forcing endless battles is banned
|rule|HP Percentage Mod: HP is shown in percentages
|rule|Dynamax Clause: You cannot dynamax
|teampreview
|inactive|Battle timer is ON: inactive players will automatically lose when time's up. (requested by theojava)
|
|t:|1604322444
|start
|switch|p1a: Incineroar|Incineroar, F|100/100
|switch|p2a: Salamence|Salamence, F|100/100
|-ability|p1a: Incineroar|Intimidate|boost
|-unboost|p2a: Salamence|atk|1
|turn|1
|
|t:|1604322456
|move|p2a: Salamence|Dragon Dance|p2a: Salamence
|-boost|p2a: Salamence|atk|1
|-boost|p2a: Salamence|spe|1
|move|p1a: Incineroar|Toxic|p2a: Salamence
|-status|p2a: Salamence|tox
|
|-damage|p2a: Salamence|94/100 tox|[from] psn
|upkeep
|turn|2
|
|t:|1604322470
|move|p2a: Salamence|Dragon Dance|p2a: Salamence
|-boost|p2a: Salamence|atk|1
|-boost|p2a: Salamence|spe|1
|move|p1a: Incineroar|Parting Shot|p2a: Salamence
|-unboost|p2a: Salamence|atk|1
|-unboost|p2a: Salamence|spa|1
|
|t:|1604322472
|switch|p1a: Gyarados|Gyarados, F|100/100|[from]move: Parting Shot
|
|-damage|p2a: Salamence|82/100 tox|[from] psn
|upkeep
|turn|3
|
|t:|1604322483
|switch|p2a: Celesteela|Celesteela|100/100
|switch|p1a: Incineroar|Incineroar, F|100/100
|-ability|p1a: Incineroar|Intimidate|boost
|-unboost|p2a: Celesteela|atk|1
|
|upkeep
|turn|4
|
|t:|1604322491
|move|p1a: Incineroar|Knock Off|p2a: Celesteela
|-damage|p2a: Celesteela|67/100
|-enditem|p2a: Celesteela|Leftovers|[from] move: Knock Off|[of] p1a: Incineroar
|move|p2a: Celesteela|Leech Seed|p1a: Incineroar
|-start|p1a: Incineroar|move: Leech Seed
|
|-damage|p1a: Incineroar|88/100|[from] Leech Seed|[of] p2a: Celesteela
|-heal|p2a: Celesteela|80/100|[silent]
|upkeep
|turn|5
|
|t:|1604322498
|move|p2a: Celesteela|Protect|p2a: Celesteela
|-singleturn|p2a: Celesteela|Protect
|move|p1a: Incineroar|Parting Shot|p2a: Celesteela
|-activate|p2a: Celesteela|move: Protect
|
|-damage|p1a: Incineroar|76/100|[from] Leech Seed|[of] p2a: Celesteela
|-heal|p2a: Celesteela|92/100|[silent]
|upkeep
|turn|6
|
|t:|1604322510
|move|p1a: Incineroar|Parting Shot|p2a: Celesteela
|-unboost|p2a: Celesteela|atk|1
|-unboost|p2a: Celesteela|spa|1
|
|t:|1604322520
|switch|p1a: Alakazam|Alakazam, F|100/100|[from]move: Parting Shot
|move|p2a: Celesteela|Leech Seed|p1a: Alakazam
|-start|p1a: Alakazam|move: Leech Seed
|
|upkeep
|turn|7
|
|t:|1604322532
|switch|p1a: Incineroar|Incineroar, F|76/100
|-ability|p1a: Incineroar|Intimidate|boost
|-unboost|p2a: Celesteela|atk|1
|switch|p2a: Krookodile|Krookodile, F|100/100
|
|upkeep
|turn|8
|
|t:|1604322544
|switch|p1a: Noivern|Noivern, F|100/100
|move|p2a: Krookodile|Stealth Rock|p1a: Noivern
|-sidestart|p1: ocabat|move: Stealth Rock
|
|upkeep
|turn|9
|
|t:|1604322553
|switch|p2a: Celesteela|Celesteela|92/100
|move|p1a: Noivern|Defog|p2a: Celesteela
|-unboost|p2a: Celesteela|evasion|1
|-sideend|p1: ocabat|Stealth Rock|[from] move: Defog|[of] p1a: Noivern
|
|upkeep
|turn|10
|
|t:|1604322558
|move|p1a: Noivern|U-turn|p2a: Celesteela
|-resisted|p2a: Celesteela
|-damage|p2a: Celesteela|90/100
|
|t:|1604322564
|switch|p1a: Incineroar|Incineroar, F|76/100|[from]move: U-turn
|-ability|p1a: Incineroar|Intimidate|boost
|-unboost|p2a: Celesteela|atk|1
|move|p2a: Celesteela|Leech Seed|p1a: Incineroar
|-start|p1a: Incineroar|move: Leech Seed
|
|-damage|p1a: Incineroar|63/100|[from] Leech Seed|[of] p2a: Celesteela
|-heal|p2a: Celesteela|100/100|[silent]
|upkeep
|turn|11
|
|t:|1604322572
|switch|p1a: Jirachi|Jirachi|100/100
|move|p2a: Celesteela|Protect||[still]
|-fail|p2a: Celesteela
|
|upkeep
|turn|12
|
|t:|1604322579
|move|p1a: Jirachi|Stealth Rock|p2a: Celesteela
|-sidestart|p2: theojava|move: Stealth Rock
|move|p2a: Celesteela|Flamethrower|p1a: Jirachi
|-supereffective|p1a: Jirachi
|-crit|p1a: Jirachi
|-damage|p1a: Jirachi|63/100
|
|-heal|p1a: Jirachi|70/100|[from] item: Leftovers
|upkeep
|turn|13
|
|t:|1604322583
|move|p1a: Jirachi|Wish|p1a: Jirachi
|move|p2a: Celesteela|Leech Seed|p1a: Jirachi
|-start|p1a: Jirachi|move: Leech Seed
|
|-heal|p1a: Jirachi|76/100|[from] item: Leftovers
|-damage|p1a: Jirachi|63/100|[from] Leech Seed|[of] p2a: Celesteela
|upkeep
|turn|14
|
|t:|1604322590
|switch|p1a: Incineroar|Incineroar, F|63/100
|-ability|p1a: Incineroar|Intimidate|boost
|-unboost|p2a: Celesteela|atk|1
|switch|p2a: Krookodile|Krookodile, F|100/100
|-damage|p2a: Krookodile|94/100|[from] Stealth Rock
|
|-heal|p1a: Incineroar|100/100|[from] move: Wish|[wisher] Jirachi
|upkeep
|turn|15
|
|t:|1604322598
|switch|p1a: Noivern|Noivern, F|100/100
|move|p2a: Krookodile|Knock Off|p1a: Noivern
|-damage|p1a: Noivern|33/100
|-enditem|p1a: Noivern|Heavy-Duty Boots|[from] move: Knock Off|[of] p2a: Krookodile
|
|upkeep
|turn|16
|
|t:|1604322604
|move|p2a: Krookodile|Knock Off|p1a: Noivern
|-damage|p1a: Noivern|0 fnt
|faint|p1a: Noivern
|-ability|p2a: Krookodile|Moxie|boost
|-boost|p2a: Krookodile|atk|1
|
|upkeep
|
|t:|1604322610
|switch|p1a: Incineroar|Incineroar, F|100/100
|-ability|p1a: Incineroar|Intimidate|boost
|-unboost|p2a: Krookodile|atk|1
|turn|17
|
|t:|1604322621
|switch|p2a: Celesteela|Celesteela|100/100
|-damage|p2a: Celesteela|88/100|[from] Stealth Rock
|move|p1a: Incineroar|Parting Shot|p2a: Celesteela
|-unboost|p2a: Celesteela|atk|1
|-unboost|p2a: Celesteela|spa|1
|
|t:|1604322631
|switch|p1a: Alakazam|Alakazam, F|100/100|[from]move: Parting Shot
|
|upkeep
|turn|18
|
|t:|1604322636
|move|p1a: Alakazam|Focus Blast|p2a: Celesteela
|-damage|p2a: Celesteela|52/100
|move|p2a: Celesteela|Heavy Slam|p1a: Alakazam
|-damage|p1a: Alakazam|25/100
|
|upkeep
|turn|19
|j| im a lucky bastard
|
|t:|1604322645
|switch|p1a: Jirachi|Jirachi|63/100
|move|p2a: Celesteela|Leech Seed|p1a: Jirachi
|-start|p1a: Jirachi|move: Leech Seed
|
|-heal|p1a: Jirachi|70/100|[from] item: Leftovers
|-damage|p1a: Jirachi|57/100|[from] Leech Seed|[of] p2a: Celesteela
|-heal|p2a: Celesteela|65/100|[silent]
|upkeep
|turn|20
|
|t:|1604322650
|move|p1a: Jirachi|Wish|p1a: Jirachi
|move|p2a: Celesteela|Flamethrower|p1a: Jirachi
|-supereffective|p1a: Jirachi
|-damage|p1a: Jirachi|40/100
|
|-heal|p1a: Jirachi|47/100|[from] item: Leftovers
|-damage|p1a: Jirachi|34/100|[from] Leech Seed|[of] p2a: Celesteela
|-heal|p2a: Celesteela|77/100|[silent]
|upkeep
|turn|21
|
|t:|1604322659
|move|p1a: Jirachi|Protect|p1a: Jirachi
|-singleturn|p1a: Jirachi|Protect
|move|p2a: Celesteela|Heavy Slam|p1a: Jirachi
|-activate|p1a: Jirachi|move: Protect
|
|-heal|p1a: Jirachi|84/100|[from] move: Wish|[wisher] Jirachi
|-heal|p1a: Jirachi|90/100|[from] item: Leftovers
|-damage|p1a: Jirachi|78/100|[from] Leech Seed|[of] p2a: Celesteela
|-heal|p2a: Celesteela|90/100|[silent]
|upkeep
|turn|22
|
|t:|1604322667
|switch|p1a: Incineroar|Incineroar, F|100/100
|-ability|p1a: Incineroar|Intimidate|boost
|-unboost|p2a: Celesteela|atk|1
|move|p2a: Celesteela|Flamethrower|p1a: Incineroar
|-resisted|p1a: Incineroar
|-damage|p1a: Incineroar|95/100
|
|upkeep
|turn|23
|
|t:|1604322674
|move|p1a: Incineroar|Flare Blitz|p2a: Celesteela
|-supereffective|p2a: Celesteela
|-damage|p2a: Celesteela|17/100
|-damage|p1a: Incineroar|71/100|[from] Recoil
|move|p2a: Celesteela|Leech Seed|p1a: Incineroar
|-start|p1a: Incineroar|move: Leech Seed
|
|-damage|p1a: Incineroar|59/100|[from] Leech Seed|[of] p2a: Celesteela
|-heal|p2a: Celesteela|29/100|[silent]
|upkeep
|turn|24
|
|t:|1604322683
|move|p2a: Celesteela|Protect|p2a: Celesteela
|-singleturn|p2a: Celesteela|Protect
|move|p1a: Incineroar|Flare Blitz|p2a: Celesteela
|-activate|p2a: Celesteela|move: Protect
|
|-damage|p1a: Incineroar|46/100|[from] Leech Seed|[of] p2a: Celesteela
|-heal|p2a: Celesteela|42/100|[silent]
|upkeep
|turn|25
|
|t:|1604322696
|switch|p2a: Salamence|Salamence, F|82/100 tox
|move|p1a: Incineroar|Parting Shot|p2a: Salamence
|-unboost|p2a: Salamence|atk|1
|-unboost|p2a: Salamence|spa|1
|
|t:|1604322701
|switch|p1a: Alakazam|Alakazam, F|25/100|[from]move: Parting Shot
|
|-damage|p2a: Salamence|76/100 tox|[from] psn
|upkeep
|turn|26
|
|t:|1604322709
|move|p1a: Alakazam|Dazzling Gleam|p2a: Salamence
|-supereffective|p2a: Salamence
|-damage|p2a: Salamence|0 fnt
|faint|p2a: Salamence
|
|upkeep
|
|t:|1604322713
|switch|p2a: Krookodile|Krookodile, F|94/100
|-damage|p2a: Krookodile|88/100|[from] Stealth Rock
|turn|27
|
|t:|1604322720
|switch|p1a: Gyarados|Gyarados, F|100/100
|move|p2a: Krookodile|Knock Off|p1a: Gyarados
|-damage|p1a: Gyarados|41/100
|-enditem|p1a: Gyarados|Heavy-Duty Boots|[from] move: Knock Off|[of] p2a: Krookodile
|
|upkeep
|turn|28
|
|t:|1604322726
|move|p2a: Krookodile|Knock Off|p1a: Gyarados
|-damage|p1a: Gyarados|3/100
|move|p1a: Gyarados|Waterfall|p2a: Krookodile
|-supereffective|p2a: Krookodile
|-crit|p2a: Krookodile
|-damage|p2a: Krookodile|0 fnt
|faint|p2a: Krookodile
|-ability|p1a: Gyarados|Moxie|boost
|-boost|p1a: Gyarados|atk|1
|
|upkeep
|
|t:|1604322733
|switch|p2a: Alakazam|Alakazam, F|100/100
|turn|29
|
|t:|1604322745
|move|p2a: Alakazam|Psychic|p1a: Gyarados
|-damage|p1a: Gyarados|0 fnt
|faint|p1a: Gyarados
|
|upkeep
|
|t:|1604322748
|switch|p1a: Jirachi|Jirachi|78/100
|turn|30
|
|t:|1604322752
|switch|p2a: Celesteela|Celesteela|42/100
|-damage|p2a: Celesteela|29/100|[from] Stealth Rock
|move|p1a: Jirachi|Wish|p1a: Jirachi
|
|-heal|p1a: Jirachi|84/100|[from] item: Leftovers
|upkeep
|turn|31
|
|t:|1604322761
|switch|p1a: Incineroar|Incineroar, F|46/100
|-ability|p1a: Incineroar|Intimidate|boost
|-unboost|p2a: Celesteela|atk|1
|move|p2a: Celesteela|Leech Seed|p1a: Incineroar
|-start|p1a: Incineroar|move: Leech Seed
|
|-heal|p1a: Incineroar|97/100|[from] move: Wish|[wisher] Jirachi
|-damage|p1a: Incineroar|85/100|[from] Leech Seed|[of] p2a: Celesteela
|-heal|p2a: Celesteela|42/100|[silent]
|upkeep
|turn|32
|
|t:|1604322766
|move|p2a: Celesteela|Protect|p2a: Celesteela
|-singleturn|p2a: Celesteela|Protect
|move|p1a: Incineroar|Flare Blitz|p2a: Celesteela
|-activate|p2a: Celesteela|move: Protect
|
|-damage|p1a: Incineroar|73/100|[from] Leech Seed|[of] p2a: Celesteela
|-heal|p2a: Celesteela|54/100|[silent]
|upkeep
|turn|33
|j| BuckWheatav
|
|t:|1604322785
|move|p2a: Celesteela|Protect||[still]
|-fail|p2a: Celesteela
|move|p1a: Incineroar|Flare Blitz|p2a: Celesteela
|-supereffective|p2a: Celesteela
|-damage|p2a: Celesteela|0 fnt
|-damage|p1a: Incineroar|55/100|[from] Recoil
|faint|p2a: Celesteela
|
|upkeep
|
|t:|1604322789
|switch|p2a: Alakazam|Alakazam, F|100/100
|turn|34
|
|t:|1604322793
|switch|p1a: Jirachi|Jirachi|84/100
|move|p2a: Alakazam|Focus Blast|p1a: Jirachi
|-damage|p1a: Jirachi|52/100
|
|-heal|p1a: Jirachi|58/100|[from] item: Leftovers
|upkeep
|turn|35
|
|t:|1604322798
|move|p2a: Alakazam|Nasty Plot|p2a: Alakazam
|-boost|p2a: Alakazam|spa|2
|move|p1a: Jirachi|Wish|p1a: Jirachi
|
|-heal|p1a: Jirachi|64/100|[from] item: Leftovers
|upkeep
|turn|36
|
|t:|1604322806
|move|p2a: Alakazam|Nasty Plot|p2a: Alakazam
|-boost|p2a: Alakazam|spa|2
|move|p1a: Jirachi|Iron Head|p2a: Alakazam
|-crit|p2a: Alakazam
|-damage|p2a: Alakazam|0 fnt
|faint|p2a: Alakazam
|
|-heal|p1a: Jirachi|100/100|[from] move: Wish|[wisher] Jirachi
|upkeep
|
|t:|1604322811
|switch|p2a: Amoonguss|Amoonguss, M|100/100
|-damage|p2a: Amoonguss|88/100|[from] Stealth Rock
|turn|37
|
|t:|1604322824
|move|p1a: Jirachi|Iron Head|p2a: Amoonguss
|-damage|p2a: Amoonguss|65/100
|cant|p2a: Amoonguss|flinch
|
|-heal|p2a: Amoonguss|71/100|[from] item: Black Sludge
|upkeep
|turn|38
|
|t:|1604322831
|move|p1a: Jirachi|Iron Head|p2a: Amoonguss
|-damage|p2a: Amoonguss|49/100
|cant|p2a: Amoonguss|flinch
|
|-heal|p2a: Amoonguss|55/100|[from] item: Black Sludge
|upkeep
|turn|39
|
|t:|1604322833
|move|p1a: Jirachi|Iron Head|p2a: Amoonguss
|-damage|p2a: Amoonguss|32/100
|move|p2a: Amoonguss|Spore|p1a: Jirachi
|-status|p1a: Jirachi|slp|[from] move: Spore
|
|-heal|p2a: Amoonguss|38/100|[from] item: Black Sludge
|upkeep
|turn|40
|
|t:|1604322840
|switch|p1a: Incineroar|Incineroar, F|55/100
|-ability|p1a: Incineroar|Intimidate|boost
|-unboost|p2a: Amoonguss|atk|1
|switch|p2a: Aegislash|Aegislash, F|100/100
|-damage|p2a: Aegislash|94/100|[from] Stealth Rock
|
|-heal|p2a: Aegislash|100/100|[from] item: Leftovers
|upkeep
|turn|41
|
|t:|1604322861
|move|p2a: Aegislash|King's Shield|p2a: Aegislash
|-singleturn|p2a: Aegislash|Protect
|move|p1a: Incineroar|Knock Off|p2a: Aegislash
|-activate|p2a: Aegislash|move: Protect
|-unboost|p1a: Incineroar|atk|1
|
|upkeep
|turn|42
|
|t:|1604322869
|move|p2a: Aegislash|Toxic|p1a: Incineroar
|-status|p1a: Incineroar|tox
|move|p1a: Incineroar|Knock Off|p2a: Aegislash
|-supereffective|p2a: Aegislash
|-damage|p2a: Aegislash|61/100
|-enditem|p2a: Aegislash|Leftovers|[from] move: Knock Off|[of] p1a: Incineroar
|
|-damage|p1a: Incineroar|49/100 tox|[from] psn
|upkeep
|turn|43
|
|t:|1604322880
|move|p2a: Aegislash|King's Shield|p2a: Aegislash
|-singleturn|p2a: Aegislash|Protect
|move|p1a: Incineroar|Parting Shot|p2a: Aegislash
|-unboost|p2a: Aegislash|atk|1
|-unboost|p2a: Aegislash|spa|1
|
|t:|1604322884
|switch|p1a: Tapu Lele|Tapu Lele|100/100|[from]move: Parting Shot
|-fieldstart|move: Psychic Terrain|[from] ability: Psychic Surge|[of] p1a: Tapu Lele
|
|upkeep
|turn|44
|
|t:|1604322894
|move|p1a: Tapu Lele|Shadow Ball|p2a: Aegislash
|-supereffective|p2a: Aegislash
|-damage|p2a: Aegislash|8/100
|-formechange|p2a: Aegislash|Aegislash-Blade||[from] ability: Stance Change
|move|p2a: Aegislash|Shadow Ball|p1a: Tapu Lele
|-supereffective|p1a: Tapu Lele
|-damage|p1a: Tapu Lele|46/100
|
|upkeep
|turn|45
|
|t:|1604322900
|-formechange|p2a: Aegislash|Aegislash||[from] ability: Stance Change
|move|p2a: Aegislash|King's Shield|p2a: Aegislash
|-singleturn|p2a: Aegislash|Protect
|move|p1a: Tapu Lele|Shadow Ball|p2a: Aegislash
|-activate|p2a: Aegislash|move: Protect
|
|upkeep
|turn|46
|
|t:|1604322908
|move|p1a: Tapu Lele|Shadow Ball|p2a: Aegislash
|-supereffective|p2a: Aegislash
|-damage|p2a: Aegislash|0 fnt
|faint|p2a: Aegislash
|
|upkeep
|
|t:|1604322910
|switch|p2a: Amoonguss|Amoonguss, M|71/100
|-damage|p2a: Amoonguss|59/100|[from] Stealth Rock
|turn|47
|
|t:|1604322914
|switch|p1a: Incineroar|Incineroar, F|49/100 tox
|-ability|p1a: Incineroar|Intimidate|boost
|-unboost|p2a: Amoonguss|atk|1
|move|p2a: Amoonguss|Sludge Bomb|p1a: Incineroar
|-crit|p1a: Incineroar
|-damage|p1a: Incineroar|23/100 tox
|
|-heal|p2a: Amoonguss|65/100|[from] item: Black Sludge
|-damage|p1a: Incineroar|16/100 tox|[from] psn
|-fieldend|move: Psychic Terrain
|upkeep
|turn|48
|-message|theojava forfeited.
|
|win|ocabat
|l|☆theojava
|l|☆ocabat
