|j|☆4G3NC TERROR
|j|☆Fairlumbo
|t:|1609214718
|player|p1|4G3NC TERROR|teamrocket|1595
|player|p2|Fairlumbo|pokemonranger|1402
|teamsize|p1|6
|teamsize|p2|6
|gametype|singles
|gen|8
|tier|[Gen 8] UU
|rated|
|clearpoke
|poke|p1|Alakazam, F|
|poke|p1|Magnezone|
|poke|p1|Scizor, F|
|poke|p1|Krookodile, F|
|poke|p1|Primarina, M|
|poke|p1|Salamence, F|
|poke|p2|Scizor, F|
|poke|p2|Zeraora|
|poke|p2|Kyurem|
|poke|p2|Primarina, M|
|poke|p2|Skarmory, F|
|poke|p2|Tapu Bulu|
|rule|Sleep Clause Mod: Limit one foe put to sleep
|rule|Species Clause: Limit one of each Pokémon
|rule|OHKO Clause: OHKO moves are banned
|rule|Evasion Moves Clause: Evasion moves are banned
|rule|Endless Battle Clause: Forcing endless battles is banned
|rule|HP Percentage Mod: HP is shown in percentages
|rule|Dynamax Clause: You cannot dynamax
|teampreview
|inactive|Battle timer is ON: inactive players will automatically lose when time's up. (requested by 4G3NC TERROR)
|
|t:|1609214737
|start
|switch|p1a: Krookodile|Krookodile, F|100/100
|switch|p2a: Primarina|Primarina, M|100/100
|-ability|p1a: Krookodile|Intimidate|boost
|-unboost|p2a: Primarina|atk|1
|turn|1
|j| Hshshfhffbhdd
|
|t:|1609214748
|switch|p1a: Primarina|Primarina, M, shiny|100/100
|move|p2a: Primarina|Scald|p1a: Primarina
|-resisted|p1a: Primarina
|-damage|p1a: Primarina|87/100
|
|-heal|p1a: Primarina|93/100|[from] item: Leftovers
|upkeep
|turn|2
|
|t:|1609214755
|switch|p1a: Magnezone|Magnezone|100/100
|move|p2a: Primarina|Substitute|p2a: Primarina
|-start|p2a: Primarina|Substitute
|-damage|p2a: Primarina|76/100
|
|-heal|p2a: Primarina|82/100|[from] item: Leftovers
|upkeep
|turn|3
|
|t:|1609214768
|move|p1a: Magnezone|Volt Switch|p2a: Primarina
|-supereffective|p2a: Primarina
|-end|p2a: Primarina|Substitute
|
|t:|1609214770
|switch|p1a: Primarina|Primarina, M, shiny|93/100|[from]move: Volt Switch
|move|p2a: Primarina|Scald|p1a: Primarina
|-resisted|p1a: Primarina
|-crit|p1a: Primarina
|-damage|p1a: Primarina|72/100
|
|-heal|p1a: Primarina|78/100|[from] item: Leftovers
|-heal|p2a: Primarina|88/100|[from] item: Leftovers
|upkeep
|turn|4
|
|t:|1609214775
|move|p1a: Primarina|Substitute|p1a: Primarina
|-start|p1a: Primarina|Substitute
|-damage|p1a: Primarina|53/100
|move|p2a: Primarina|Substitute|p2a: Primarina
|-start|p2a: Primarina|Substitute
|-damage|p2a: Primarina|63/100
|
|-heal|p1a: Primarina|59/100|[from] item: Leftovers
|-heal|p2a: Primarina|69/100|[from] item: Leftovers
|upkeep
|turn|5
|
|t:|1609214779
|move|p1a: Primarina|Calm Mind|p1a: Primarina
|-boost|p1a: Primarina|spa|1
|-boost|p1a: Primarina|spd|1
|move|p2a: Primarina|Calm Mind|p2a: Primarina
|-boost|p2a: Primarina|spa|1
|-boost|p2a: Primarina|spd|1
|
|-heal|p1a: Primarina|65/100|[from] item: Leftovers
|-heal|p2a: Primarina|75/100|[from] item: Leftovers
|upkeep
|turn|6
|
|t:|1609214781
|move|p1a: Primarina|Calm Mind|p1a: Primarina
|-boost|p1a: Primarina|spa|1
|-boost|p1a: Primarina|spd|1
|move|p2a: Primarina|Calm Mind|p2a: Primarina
|-boost|p2a: Primarina|spa|1
|-boost|p2a: Primarina|spd|1
|
|-heal|p1a: Primarina|71/100|[from] item: Leftovers
|-heal|p2a: Primarina|81/100|[from] item: Leftovers
|upkeep
|turn|7
|
|t:|1609214784
|move|p1a: Primarina|Calm Mind|p1a: Primarina
|-boost|p1a: Primarina|spa|1
|-boost|p1a: Primarina|spd|1
|move|p2a: Primarina|Calm Mind|p2a: Primarina
|-boost|p2a: Primarina|spa|1
|-boost|p2a: Primarina|spd|1
|
|-heal|p1a: Primarina|77/100|[from] item: Leftovers
|-heal|p2a: Primarina|87/100|[from] item: Leftovers
|upkeep
|turn|8
|
|t:|1609214786
|move|p1a: Primarina|Calm Mind|p1a: Primarina
|-boost|p1a: Primarina|spa|1
|-boost|p1a: Primarina|spd|1
|move|p2a: Primarina|Calm Mind|p2a: Primarina
|-boost|p2a: Primarina|spa|1
|-boost|p2a: Primarina|spd|1
|
|-heal|p1a: Primarina|83/100|[from] item: Leftovers
|-heal|p2a: Primarina|93/100|[from] item: Leftovers
|upkeep
|turn|9
|
|t:|1609214789
|move|p1a: Primarina|Calm Mind|p1a: Primarina
|-boost|p1a: Primarina|spa|1
|-boost|p1a: Primarina|spd|1
|move|p2a: Primarina|Calm Mind|p2a: Primarina
|-boost|p2a: Primarina|spa|1
|-boost|p2a: Primarina|spd|1
|
|-heal|p1a: Primarina|90/100|[from] item: Leftovers
|-heal|p2a: Primarina|99/100|[from] item: Leftovers
|upkeep
|turn|10
|
|t:|1609214792
|move|p1a: Primarina|Calm Mind|p1a: Primarina
|-boost|p1a: Primarina|spa|1
|-boost|p1a: Primarina|spd|1
|move|p2a: Primarina|Calm Mind|p2a: Primarina
|-boost|p2a: Primarina|spa|1
|-boost|p2a: Primarina|spd|1
|
|-heal|p1a: Primarina|96/100|[from] item: Leftovers
|-heal|p2a: Primarina|100/100|[from] item: Leftovers
|upkeep
|turn|11
|
|t:|1609214795
|move|p1a: Primarina|Draining Kiss|p2a: Primarina
|-activate|p2a: Primarina|move: Substitute|[damage]
|-heal|p1a: Primarina|100/100|[from] drain|[of] p2a: Primarina
|move|p2a: Primarina|Draining Kiss|p1a: Primarina
|-activate|p1a: Primarina|move: Substitute|[damage]
|
|upkeep
|turn|12
|
|t:|1609214800
|move|p1a: Primarina|Scald|p2a: Primarina
|-resisted|p2a: Primarina
|-end|p2a: Primarina|Substitute
|move|p2a: Primarina|Draining Kiss|p1a: Primarina
|-end|p1a: Primarina|Substitute
|
|upkeep
|turn|13
|
|t:|1609214805
|move|p1a: Primarina|Substitute|p1a: Primarina
|-start|p1a: Primarina|Substitute
|-damage|p1a: Primarina|75/100
|move|p2a: Primarina|Scald|p1a: Primarina
|-resisted|p1a: Primarina
|-activate|p1a: Primarina|move: Substitute|[damage]
|
|-heal|p1a: Primarina|82/100|[from] item: Leftovers
|upkeep
|turn|14
|
|t:|1609214811
|move|p1a: Primarina|Scald|p2a: Primarina
|-resisted|p2a: Primarina
|-damage|p2a: Primarina|88/100
|move|p2a: Primarina|Substitute|p2a: Primarina
|-start|p2a: Primarina|Substitute
|-damage|p2a: Primarina|63/100
|
|-heal|p1a: Primarina|88/100|[from] item: Leftovers
|-heal|p2a: Primarina|69/100|[from] item: Leftovers
|upkeep
|turn|15
|
|t:|1609214819
|move|p1a: Primarina|Scald|p2a: Primarina
|-resisted|p2a: Primarina
|-activate|p2a: Primarina|move: Substitute|[damage]
|move|p2a: Primarina|Draining Kiss|p1a: Primarina
|-end|p1a: Primarina|Substitute
|-heal|p2a: Primarina|77/100|[from] drain|[of] p1a: Primarina
|
|-heal|p1a: Primarina|94/100|[from] item: Leftovers
|-heal|p2a: Primarina|83/100|[from] item: Leftovers
|upkeep
|turn|16
|j| uncool_loser
|
|t:|1609214827
|move|p1a: Primarina|Substitute|p1a: Primarina
|-start|p1a: Primarina|Substitute
|-damage|p1a: Primarina|69/100
|move|p2a: Primarina|Draining Kiss|p1a: Primarina
|-activate|p1a: Primarina|move: Substitute|[damage]
|-heal|p2a: Primarina|97/100|[from] drain|[of] p1a: Primarina
|
|-heal|p1a: Primarina|75/100|[from] item: Leftovers
|-heal|p2a: Primarina|100/100|[from] item: Leftovers
|upkeep
|turn|17
|c| Hshshfhffbhdd|This is the high quality content I came for
|
|t:|1609214831
|move|p1a: Primarina|Scald|p2a: Primarina
|-resisted|p2a: Primarina
|-end|p2a: Primarina|Substitute
|move|p2a: Primarina|Draining Kiss|p1a: Primarina
|-end|p1a: Primarina|Substitute
|
|-heal|p1a: Primarina|81/100|[from] item: Leftovers
|upkeep
|turn|18
|
|t:|1609214838
|move|p1a: Primarina|Scald|p2a: Primarina
|-resisted|p2a: Primarina
|-damage|p2a: Primarina|86/100
|-status|p2a: Primarina|brn
|move|p2a: Primarina|Substitute|p2a: Primarina
|-start|p2a: Primarina|Substitute
|-damage|p2a: Primarina|62/100 brn
|
|-heal|p1a: Primarina|87/100|[from] item: Leftovers
|-heal|p2a: Primarina|68/100 brn|[from] item: Leftovers
|-damage|p2a: Primarina|62/100 brn|[from] brn
|upkeep
|turn|19
|
|t:|1609214842
|move|p1a: Primarina|Substitute|p1a: Primarina
|-start|p1a: Primarina|Substitute
|-damage|p1a: Primarina|62/100
|move|p2a: Primarina|Draining Kiss|p1a: Primarina
|-activate|p1a: Primarina|move: Substitute|[damage]
|-heal|p2a: Primarina|76/100 brn|[from] drain|[of] p1a: Primarina
|
|-heal|p1a: Primarina|68/100|[from] item: Leftovers
|-heal|p2a: Primarina|82/100 brn|[from] item: Leftovers
|-damage|p2a: Primarina|76/100 brn|[from] brn
|upkeep
|turn|20
|l| Hshshfhffbhdd
|j| Hshshfhffbhdd
|
|t:|1609214847
|move|p1a: Primarina|Draining Kiss|p2a: Primarina
|-activate|p2a: Primarina|move: Substitute|[damage]
|-heal|p1a: Primarina|80/100|[from] drain|[of] p2a: Primarina
|move|p2a: Primarina|Draining Kiss|p1a: Primarina
|-end|p1a: Primarina|Substitute
|-heal|p2a: Primarina|81/100 brn|[from] drain|[of] p1a: Primarina
|
|-heal|p1a: Primarina|86/100|[from] item: Leftovers
|-heal|p2a: Primarina|87/100 brn|[from] item: Leftovers
|-damage|p2a: Primarina|81/100 brn|[from] brn
|upkeep
|turn|21
|
|t:|1609214855
|switch|p2a: Kyurem|Kyurem|100/100
|-ability|p2a: Kyurem|Pressure
|move|p1a: Primarina|Substitute|p1a: Primarina
|-start|p1a: Primarina|Substitute
|-damage|p1a: Primarina|61/100
|
|-heal|p1a: Primarina|67/100|[from] item: Leftovers
|upkeep
|turn|22
|
|t:|1609214858
|move|p2a: Kyurem|Substitute|p2a: Kyurem
|-start|p2a: Kyurem|Substitute
|-damage|p2a: Kyurem|76/100
|move|p1a: Primarina|Draining Kiss|p2a: Kyurem
|-supereffective|p2a: Kyurem
|-end|p2a: Kyurem|Substitute
|-heal|p1a: Primarina|88/100|[from] drain|[of] p2a: Kyurem
|
|-heal|p1a: Primarina|94/100|[from] item: Leftovers
|upkeep
|turn|23
|
|t:|1609214870
|switch|p2a: Primarina|Primarina, M|81/100 brn
|move|p1a: Primarina|Scald|p2a: Primarina
|-resisted|p2a: Primarina
|-damage|p2a: Primarina|22/100 brn
|
|-heal|p1a: Primarina|99/100|[from] item: Leftovers
|-heal|p2a: Primarina|28/100 brn|[from] item: Leftovers
|-damage|p2a: Primarina|22/100 brn|[from] brn
|upkeep
|turn|24
|
|t:|1609214879
|move|p1a: Primarina|Draining Kiss|p2a: Primarina
|-damage|p2a: Primarina|0 fnt
|-heal|p1a: Primarina|100/100|[from] drain|[of] p2a: Primarina
|faint|p2a: Primarina
|
|upkeep
|
|t:|1609214882
|switch|p2a: Zeraora|Zeraora|100/100
|turn|25
|
|t:|1609214891
|move|p2a: Zeraora|Plasma Fists|p1a: Primarina
|-supereffective|p1a: Primarina
|-end|p1a: Primarina|Substitute
|-damage|p2a: Zeraora|91/100|[from] item: Life Orb
|move|p1a: Primarina|Draining Kiss|p2a: Zeraora
|-damage|p2a: Zeraora|0 fnt
|faint|p2a: Zeraora
|
|upkeep
|
|t:|1609214895
|switch|p2a: Tapu Bulu|Tapu Bulu|100/100
|-fieldstart|move: Grassy Terrain|[from] ability: Grassy Surge|[of] p2a: Tapu Bulu
|turn|26
|
|t:|1609214901
|switch|p1a: Scizor|Scizor, F|100/100
|move|p2a: Tapu Bulu|Stone Edge|p1a: Scizor
|-damage|p1a: Scizor|71/100
|
|-heal|p1a: Scizor|77/100|[from] item: Leftovers
|-heal|p1a: Scizor|84/100|[from] Grassy Terrain
|upkeep
|turn|27
|
|t:|1609214907
|switch|p2a: Skarmory|Skarmory, F|100/100
|move|p1a: Scizor|U-turn|p2a: Skarmory
|-resisted|p2a: Skarmory
|-damage|p2a: Skarmory|96/100
|-damage|p1a: Scizor|67/100|[from] item: Rocky Helmet|[of] p2a: Skarmory
|
|t:|1609214910
|switch|p1a: Magnezone|Magnezone|100/100|[from]move: U-turn
|
|upkeep
|turn|28
|
|t:|1609214917
|move|p1a: Magnezone|Volt Switch|p2a: Skarmory
|-supereffective|p2a: Skarmory
|-damage|p2a: Skarmory|0 fnt
|faint|p2a: Skarmory
|
|t:|1609214932
|switch|p1a: Scizor|Scizor, F|67/100|[from]move: Volt Switch
|
|-heal|p1a: Scizor|73/100|[from] item: Leftovers
|-heal|p1a: Scizor|79/100|[from] Grassy Terrain
|upkeep
|
|t:|1609214940
|switch|p2a: Scizor|Scizor, F|100/100
|turn|29
|
|t:|1609214944
|move|p1a: Scizor|U-turn|p2a: Scizor
|-resisted|p2a: Scizor
|-damage|p2a: Scizor|84/100
|
|t:|1609214954
|switch|p1a: Krookodile|Krookodile, F|100/100|[from]move: U-turn
|-ability|p1a: Krookodile|Intimidate|boost
|-unboost|p2a: Scizor|atk|1
|move|p2a: Scizor|Knock Off|p1a: Krookodile
|-resisted|p1a: Krookodile
|-damage|p1a: Krookodile|79/100
|-enditem|p1a: Krookodile|Chople Berry|[from] move: Knock Off|[of] p2a: Scizor
|
|-heal|p1a: Krookodile|85/100|[from] Grassy Terrain
|-heal|p2a: Scizor|90/100|[from] Grassy Terrain
|upkeep
|turn|30
|
|t:|1609214961
|switch|p2a: Tapu Bulu|Tapu Bulu|100/100
|move|p1a: Krookodile|Knock Off|p2a: Tapu Bulu
|-resisted|p2a: Tapu Bulu
|-damage|p2a: Tapu Bulu|77/100
|-enditem|p2a: Tapu Bulu|Choice Scarf|[from] move: Knock Off|[of] p1a: Krookodile
|
|-heal|p1a: Krookodile|91/100|[from] Grassy Terrain
|-heal|p2a: Tapu Bulu|83/100|[from] Grassy Terrain
|-fieldend|move: Grassy Terrain
|upkeep
|turn|31
|
|t:|1609214969
|switch|p1a: Scizor|Scizor, F|79/100
|switch|p2a: Kyurem|Kyurem|76/100
|-ability|p2a: Kyurem|Pressure
|
|-heal|p1a: Scizor|85/100|[from] item: Leftovers
|upkeep
|turn|32
|
|t:|1609214981
|switch|p2a: Scizor|Scizor, F|90/100
|move|p1a: Scizor|Swords Dance|p1a: Scizor
|-boost|p1a: Scizor|atk|2
|
|-heal|p1a: Scizor|91/100|[from] item: Leftovers
|upkeep
|turn|33
|
|t:|1609214987
|move|p1a: Scizor|U-turn|p2a: Scizor
|-resisted|p2a: Scizor
|-damage|p2a: Scizor|55/100
|
|t:|1609214992
|switch|p1a: Magnezone|Magnezone|100/100|[from]move: U-turn
|move|p2a: Scizor|Dual Wingbeat|p1a: Magnezone
|-resisted|p1a: Magnezone
|-damage|p1a: Magnezone|92/100
|-resisted|p1a: Magnezone
|-damage|p1a: Magnezone|83/100
|-hitcount|p1a: Magnezone|2
|
|upkeep
|turn|34
|
|t:|1609214999
|move|p1a: Magnezone|Thunderbolt|p2a: Scizor
|-damage|p2a: Scizor|0 fnt
|faint|p2a: Scizor
|
|upkeep
|-message|Fairlumbo forfeited.
|
|win|4G3NC TERROR
|l|☆Fairlumbo
|raw|4G3NC TERROR's rating: 1595 &rarr; <strong>1605</strong><br />(+10 for winning)
|raw|Fairlumbo's rating: 1402 &rarr; <strong>1392</strong><br />(-10 for losing)
