|j|☆Grandmaster7890
|j|☆UU11M Hydreigon
|inactive|Battle timer is ON: inactive players will automatically lose when time's up.
|t:|1638976791
|gametype|singles
|player|p1|Grandmaster7890|ghetsis|
|player|p2|UU11M Hydreigon|guitarist|
|teamsize|p1|6
|teamsize|p2|6
|gen|8
|tier|[Gen 8] UU
|rated|Tournament battle
|rule|Sleep Clause Mod: Limit one foe put to sleep
|rule|Species Clause: Limit one of each Pokémon
|rule|OHKO Clause: OHKO moves are banned
|rule|Evasion Moves Clause: Evasion moves are banned
|rule|Endless Battle Clause: Forcing endless battles is banned
|rule|HP Percentage Mod: HP is shown in percentages
|rule|Dynamax Clause: You cannot dynamax
|clearpoke
|poke|p1|Nihilego|
|poke|p1|Salamence, F|
|poke|p1|Zarude|
|poke|p1|Darmanitan, M|
|poke|p1|Keldeo-Resolute|
|poke|p1|Slowbro-Galar, M|
|poke|p2|Hydreigon, F|
|poke|p2|Salamence, F|
|poke|p2|Haxorus, F|
|poke|p2|Aegislash, F|
|poke|p2|Excadrill, F|
|poke|p2|Azumarill, M|
|teampreview
|j|*Lady Monita ❄
|j| Tiru
|
|t:|1638976800
|start
|switch|p1a: Nihilego|Nihilego|100/100
|switch|p2a: Excadrill|Excadrill, F|100/100
|-ability|p2a: Excadrill|Mold Breaker
|turn|1
|
|t:|1638976806
|switch|p1a: Zarude|Zarude|100/100
|move|p2a: Excadrill|Stealth Rock|p1a: Zarude
|-sidestart|p1: Grandmaster7890|move: Stealth Rock
|
|upkeep
|turn|2
|
|t:|1638976821
|move|p1a: Zarude|Bulk Up|p1a: Zarude
|-boost|p1a: Zarude|atk|1
|-boost|p1a: Zarude|def|1
|move|p2a: Excadrill|Rapid Spin|p1a: Zarude
|-damage|p1a: Zarude|88/100
|-boost|p2a: Excadrill|spe|1
|
|-heal|p1a: Zarude|94/100|[from] item: Leftovers
|upkeep
|turn|3
|
|t:|1638976829
|switch|p2a: Hydreigon|Hydreigon, F|100/100
|move|p1a: Zarude|Bulk Up|p1a: Zarude
|-boost|p1a: Zarude|atk|1
|-boost|p1a: Zarude|def|1
|
|-heal|p1a: Zarude|100/100|[from] item: Leftovers
|upkeep
|turn|4
|
|t:|1638976834
|move|p1a: Zarude|Close Combat|p2a: Hydreigon
|-supereffective|p2a: Hydreigon
|-damage|p2a: Hydreigon|0 fnt
|-unboost|p1a: Zarude|def|1
|-unboost|p1a: Zarude|spd|1
|faint|p2a: Hydreigon
|
|upkeep
|j| P.Otaku ☯
|
|t:|1638976836
|switch|p2a: Salamence|Salamence, F|100/100
|turn|5
|
|t:|1638976839
|move|p1a: Zarude|Darkest Lariat|p2a: Salamence
|-damage|p2a: Salamence|2/100
|move|p2a: Salamence|Dragon Dance|p2a: Salamence
|-boost|p2a: Salamence|atk|1
|-boost|p2a: Salamence|spe|1
|
|upkeep
|turn|6
|
|t:|1638976843
|move|p2a: Salamence|Dual Wingbeat|p1a: Zarude
|-supereffective|p1a: Zarude
|-damage|p1a: Zarude|62/100
|-supereffective|p1a: Zarude
|-damage|p1a: Zarude|22/100
|-hitcount|p1a: Zarude|2
|move|p1a: Zarude|Darkest Lariat|p2a: Salamence
|-damage|p2a: Salamence|0 fnt
|faint|p2a: Salamence
|
|-heal|p1a: Zarude|28/100|[from] item: Leftovers
|upkeep
|
|t:|1638976855
|switch|p2a: Haxorus|Haxorus, F|100/100
|-ability|p2a: Haxorus|Mold Breaker
|turn|7
|
|t:|1638976861
|move|p1a: Zarude|Darkest Lariat|p2a: Haxorus
|-damage|p2a: Haxorus|1/100
|move|p2a: Haxorus|Scale Shot|p1a: Zarude
|-damage|p1a: Zarude|18/100
|-damage|p1a: Zarude|9/100
|-crit|p1a: Zarude
|-damage|p1a: Zarude|0 fnt
|faint|p1a: Zarude
|-hitcount|p1: Zarude|3
|-unboost|p2a: Haxorus|def|1
|-boost|p2a: Haxorus|spe|1
|
|upkeep
|
|t:|1638976871
|switch|p1a: Keldeo|Keldeo-Resolute|100/100
|-damage|p1a: Keldeo|94/100|[from] Stealth Rock
|turn|8
|
|t:|1638976878
|switch|p2a: Excadrill|Excadrill, F|100/100
|-ability|p2a: Excadrill|Mold Breaker
|move|p1a: Keldeo|Scald|p2a: Excadrill
|-supereffective|p2a: Excadrill
|-enditem|p2a: Excadrill|Focus Sash
|-damage|p2a: Excadrill|1/100
|
|upkeep
|turn|9
|
|t:|1638976880
|move|p1a: Keldeo|Scald|p2a: Excadrill
|-supereffective|p2a: Excadrill
|-damage|p2a: Excadrill|0 fnt
|faint|p2a: Excadrill
|
|upkeep
|
|t:|1638976883
|switch|p2a: Azumarill|Azumarill, M|100/100
|turn|10
|
|t:|1638976886
|move|p1a: Keldeo|Scald|p2a: Azumarill
|-resisted|p2a: Azumarill
|-damage|p2a: Azumarill|73/100
|move|p2a: Azumarill|Play Rough|p1a: Keldeo
|-supereffective|p1a: Keldeo
|-damage|p1a: Keldeo|0 fnt
|faint|p1a: Keldeo
|
|upkeep
|
|t:|1638976895
|switch|p1a: Nihilego|Nihilego|100/100
|-damage|p1a: Nihilego|88/100|[from] Stealth Rock
|turn|11
|
|t:|1638976902
|switch|p2a: Aegislash|Aegislash, F|100/100
|move|p1a: Nihilego|Meteor Beam||[still]
|-prepare|p1a: Nihilego|Meteor Beam
|-boost|p1a: Nihilego|spa|1
|-enditem|p1a: Nihilego|Power Herb
|-anim|p1a: Nihilego|Meteor Beam|p2a: Aegislash
|-resisted|p2a: Aegislash
|-damage|p2a: Aegislash|58/100
|
|upkeep
|turn|12
|
|t:|1638976906
|move|p1a: Nihilego|Power Gem|p2a: Aegislash
|-resisted|p2a: Aegislash
|-damage|p2a: Aegislash|27/100
|move|p2a: Aegislash|Swords Dance|p2a: Aegislash
|-boost|p2a: Aegislash|atk|2
|
|upkeep
|turn|13
|
|t:|1638976910
|-formechange|p2a: Aegislash|Aegislash-Blade||[from] ability: Stance Change
|move|p2a: Aegislash|Shadow Sneak|p1a: Nihilego
|-damage|p1a: Nihilego|4/100
|move|p1a: Nihilego|Power Gem|p2a: Aegislash
|-resisted|p2a: Aegislash
|-damage|p2a: Aegislash|0 fnt
|faint|p2a: Aegislash
|-ability|p1a: Nihilego|Beast Boost|boost
|-boost|p1a: Nihilego|spa|1
|
|upkeep
|
|t:|1638976915
|switch|p2a: Azumarill|Azumarill, M|73/100
|turn|14
|
|t:|1638976918
|move|p2a: Azumarill|Aqua Jet|p1a: Nihilego
|-supereffective|p1a: Nihilego
|-damage|p1a: Nihilego|0 fnt
|faint|p1a: Nihilego
|
|upkeep
|
|t:|1638976923
|switch|p1a: Slowbro|Slowbro-Galar, M|100/100
|-damage|p1a: Slowbro|88/100|[from] Stealth Rock
|turn|15
|
|t:|1638976927
|move|p2a: Azumarill|Knock Off|p1a: Slowbro
|-supereffective|p1a: Slowbro
|-damage|p1a: Slowbro|36/100
|-enditem|p1a: Slowbro|Leftovers|[from] move: Knock Off|[of] p2a: Azumarill
|move|p1a: Slowbro|Sludge Bomb|p2a: Azumarill
|-supereffective|p2a: Azumarill
|-damage|p2a: Azumarill|4/100
|-status|p2a: Azumarill|psn
|-enditem|p2a: Azumarill|Sitrus Berry|[eat]
|-heal|p2a: Azumarill|29/100 psn|[from] item: Sitrus Berry
|
|-damage|p2a: Azumarill|16/100 psn|[from] psn
|upkeep
|turn|16
|
|t:|1638976936
|move|p2a: Azumarill|Knock Off|p1a: Slowbro
|-supereffective|p1a: Slowbro
|-crit|p1a: Slowbro
|-damage|p1a: Slowbro|0 fnt
|faint|p1a: Slowbro
|
|-damage|p2a: Azumarill|4/100 psn|[from] psn
|upkeep
|
|t:|1638976943
|switch|p1a: Salamence|Salamence, F|100/100
|-damage|p1a: Salamence|75/100|[from] Stealth Rock
|turn|17
|c|☆UU11M Hydreigon|crap shouldnt have kiled it..
|
|t:|1638976953
|move|p1a: Salamence|Earthquake|p2a: Azumarill
|-damage|p2a: Azumarill|0 fnt
|faint|p2a: Azumarill
|-ability|p1a: Salamence|Moxie|boost
|-boost|p1a: Salamence|atk|1
|
|upkeep
|
|t:|1638976954
|switch|p2a: Haxorus|Haxorus, F|1/100
|-ability|p2a: Haxorus|Mold Breaker
|turn|18
|
|t:|1638976957
|move|p2a: Haxorus|Scale Shot|p1a: Salamence
|-supereffective|p1a: Salamence
|-damage|p1a: Salamence|39/100
|-supereffective|p1a: Salamence
|-damage|p1a: Salamence|2/100
|-hitcount|p1a: Salamence|2
|-unboost|p2a: Haxorus|def|1
|-boost|p2a: Haxorus|spe|1
|move|p1a: Salamence|Outrage|p2a: Haxorus
|-supereffective|p2a: Haxorus
|-damage|p2a: Haxorus|0 fnt
|faint|p2a: Haxorus
|
|win|Grandmaster7890
|n|☆Grandmaster7890|grandmaster7890
|n|☆UU11M Hydreigon|uu11mhydreigon
|n|*Lady Monita ❄|ladymonita
|n| Tiru|tiru
|n| P.Otaku ☯|potaku
