|raw|<div class="broadcast-blue"><strong>This battle is required to be public due to a player having a name starting with 'uult91w'.</div>
|j|☆UULT91w Adaam
|j|☆UULT91w Corp N
|t:|1651958319
|gametype|singles
|player|p1|UULT91w Adaam|265|1593
|player|p2|UULT91w Corp N|n|1565
|teamsize|p1|6
|teamsize|p2|6
|gen|8
|tier|[Gen 8] UU
|rated|
|rule|Sleep Clause Mod: Limit one foe put to sleep
|rule|Species Clause: Limit one of each Pokémon
|rule|OHKO Clause: OHKO moves are banned
|rule|Evasion Moves Clause: Evasion moves are banned
|rule|Endless Battle Clause: Forcing endless battles is banned
|rule|HP Percentage Mod: HP is shown in percentages
|rule|Dynamax Clause: You cannot dynamax
|clearpoke
|poke|p1|Togekiss, M|
|poke|p1|Nidoking, M|
|poke|p1|Hydreigon, M|
|poke|p1|Rotom-Heat|
|poke|p1|Scizor, M|
|poke|p1|Tangrowth, M|
|poke|p2|Keldeo-Resolute|
|poke|p2|Aegislash, M|
|poke|p2|Celebi|
|poke|p2|Cobalion|
|poke|p2|Mamoswine, F|
|poke|p2|Hydreigon, F|
|teampreview
|inactive|Battle timer is ON: inactive players will automatically lose when time's up. (requested by UULT91w Corp N)
|j| instant throw
|j|+Mengy ㋛
|
|t:|1651958341
|start
|switch|p1a: Nidoking|Nidoking, M|100/100
|switch|p2a: Keldeo|Keldeo-Resolute|100/100
|turn|1
|
|t:|1651958350
|switch|p1a: Tangrowth|Tangrowth, M|100/100
|move|p2a: Keldeo|Toxic|p1a: Tangrowth
|-status|p1a: Tangrowth|tox
|
|-damage|p1a: Tangrowth|94/100 tox|[from] psn
|upkeep
|turn|2
|
|t:|1651958357
|move|p2a: Keldeo|Flip Turn|p1a: Tangrowth
|-resisted|p1a: Tangrowth
|-damage|p1a: Tangrowth|90/100 tox
|-damage|p2a: Keldeo|84/100|[from] item: Rocky Helmet|[of] p1a: Tangrowth
|
|t:|1651958361
|switch|p2a: Cobalion|Cobalion|100/100|[from]move: Flip Turn
|move|p1a: Tangrowth|Sleep Powder|p2a: Cobalion|[miss]
|-miss|p1a: Tangrowth|p2a: Cobalion
|
|-damage|p1a: Tangrowth|78/100 tox|[from] psn
|upkeep
|turn|3
|j| RLplayer
|
|t:|1651958366
|switch|p1a: Nidoking|Nidoking, M|100/100
|move|p2a: Cobalion|Stealth Rock|p1a: Nidoking
|-sidestart|p1: UULT91w Adaam|move: Stealth Rock
|
|upkeep
|turn|4
|j| opela
|
|t:|1651958384
|switch|p2a: Celebi|Celebi|100/100
|move|p1a: Nidoking|Stealth Rock|p2a: Celebi
|-sidestart|p2: UULT91w Corp N|move: Stealth Rock
|
|upkeep
|turn|5
|
|t:|1651958402
|switch|p2a: Cobalion|Cobalion|100/100
|-damage|p2a: Cobalion|97/100|[from] Stealth Rock
|move|p1a: Nidoking|Sludge Wave|p2a: Cobalion
|-immune|p2a: Cobalion
|
|upkeep
|turn|6
|j| ASKOV
|
|t:|1651958408
|move|p2a: Cobalion|Iron Head|p1a: Nidoking
|-damage|p1a: Nidoking|52/100
|move|p1a: Nidoking|Earth Power|p2a: Cobalion
|-supereffective|p2a: Cobalion
|-damage|p2a: Cobalion|0 fnt
|faint|p2a: Cobalion
|
|upkeep
|
|t:|1651958413
|switch|p2a: Keldeo|Keldeo-Resolute|84/100
|-damage|p2a: Keldeo|78/100|[from] Stealth Rock
|turn|7
|
|t:|1651958417
|switch|p1a: Tangrowth|Tangrowth, M|100/100 tox
|-damage|p1a: Tangrowth|88/100 tox|[from] Stealth Rock
|move|p2a: Keldeo|Surf|p1a: Tangrowth
|-resisted|p1a: Tangrowth
|-damage|p1a: Tangrowth|61/100 tox
|
|-heal|p2a: Keldeo|84/100|[from] item: Leftovers
|-damage|p1a: Tangrowth|55/100 tox|[from] psn
|upkeep
|turn|8
|
|t:|1651958422
|switch|p2a: Celebi|Celebi|100/100
|move|p1a: Tangrowth|Giga Drain|p2a: Celebi
|-resisted|p2a: Celebi
|-damage|p2a: Celebi|89/100
|-heal|p1a: Tangrowth|60/100 tox|[from] drain|[of] p2a: Celebi
|
|-damage|p1a: Tangrowth|48/100 tox|[from] psn
|upkeep
|turn|9
|j| TestB4Best
|
|t:|1651958439
|switch|p1a: Togekiss|Togekiss, M|100/100
|move|p2a: Celebi|Psychic|p1a: Togekiss
|-damage|p1a: Togekiss|65/100
|
|upkeep
|turn|10
|
|t:|1651958449
|move|p1a: Togekiss|Roost|p1a: Togekiss
|-heal|p1a: Togekiss|100/100
|-singleturn|p1a: Togekiss|move: Roost
|move|p2a: Celebi|Psychic|p1a: Togekiss
|-damage|p1a: Togekiss|66/100
|
|upkeep
|turn|11
|l| TestB4Best
|
|t:|1651958455
|switch|p2a: Mamoswine|Mamoswine, F|100/100
|-damage|p2a: Mamoswine|88/100|[from] Stealth Rock
|move|p1a: Togekiss|Roost|p1a: Togekiss
|-heal|p1a: Togekiss|100/100
|-singleturn|p1a: Togekiss|move: Roost
|
|upkeep
|turn|12
|l| RLplayer
|
|t:|1651958462
|switch|p1a: Rotom|Rotom-Heat|100/100
|move|p2a: Mamoswine|Icicle Crash|p1a: Rotom
|-resisted|p1a: Rotom
|-damage|p1a: Rotom|72/100
|
|upkeep
|turn|13
|
|t:|1651958467
|switch|p2a: Keldeo|Keldeo-Resolute|84/100
|-damage|p2a: Keldeo|78/100|[from] Stealth Rock
|move|p1a: Rotom|Overheat|p2a: Keldeo
|-resisted|p2a: Keldeo
|-damage|p2a: Keldeo|53/100
|-unboost|p1a: Rotom|spa|2
|
|-heal|p2a: Keldeo|59/100|[from] item: Leftovers
|upkeep
|turn|14
|j| RLplayer
|
|t:|1651958475
|switch|p1a: Tangrowth|Tangrowth, M|81/100 tox
|-damage|p1a: Tangrowth|69/100 tox|[from] Stealth Rock
|move|p2a: Keldeo|Surf|p1a: Tangrowth
|-resisted|p1a: Tangrowth
|-damage|p1a: Tangrowth|44/100 tox
|
|-heal|p2a: Keldeo|65/100|[from] item: Leftovers
|-damage|p1a: Tangrowth|38/100 tox|[from] psn
|upkeep
|turn|15
|
|t:|1651958481
|switch|p2a: Celebi|Celebi|89/100
|switch|p1a: Togekiss|Togekiss, M|100/100
|
|upkeep
|turn|16
|
|t:|1651958484
|switch|p2a: Aegislash|Aegislash, M|100/100
|-damage|p2a: Aegislash|94/100|[from] Stealth Rock
|move|p1a: Togekiss|Air Slash|p2a: Aegislash
|-resisted|p2a: Aegislash
|-crit|p2a: Aegislash
|-damage|p2a: Aegislash|69/100
|
|upkeep
|turn|17
|j| hariyana grande
|j| pokemonisfun
|
|t:|1651958514
|switch|p1a: Nidoking|Nidoking, M|52/100
|-damage|p1a: Nidoking|46/100|[from] Stealth Rock
|-formechange|p2a: Aegislash|Aegislash-Blade||[from] ability: Stance Change
|move|p2a: Aegislash|Shadow Ball|p1a: Nidoking
|-damage|p1a: Nidoking|0 fnt
|faint|p1a: Nidoking
|
|upkeep
|
|t:|1651958519
|switch|p1a: deino triple|Hydreigon, M|100/100
|-damage|p1a: deino triple|88/100|[from] Stealth Rock
|turn|18
|
|t:|1651958526
|switch|p2a: Hydreigon|Hydreigon, F|100/100
|-damage|p2a: Hydreigon|88/100|[from] Stealth Rock
|move|p1a: deino triple|Draco Meteor|p2a: Hydreigon
|-supereffective|p2a: Hydreigon
|-damage|p2a: Hydreigon|0 fnt
|-unboost|p1a: deino triple|spa|2
|faint|p2a: Hydreigon
|
|upkeep
|
|t:|1651958550
|switch|p2a: Keldeo|Keldeo-Resolute|65/100
|-damage|p2a: Keldeo|59/100|[from] Stealth Rock
|turn|19
|c| pokemonisfun|deino sextuple
|c|+Mengy ㋛|hehe sex
|inactive|UULT91w Adaam has 120 seconds left.
|
|t:|1651958586
|switch|p1a: Togekiss|Togekiss, M|100/100
|move|p2a: Keldeo|Secret Sword|p1a: Togekiss
|-resisted|p1a: Togekiss
|-damage|p1a: Togekiss|89/100
|
|-heal|p2a: Keldeo|65/100|[from] item: Leftovers
|upkeep
|turn|20
|
|t:|1651958591
|move|p2a: Keldeo|Flip Turn|p1a: Togekiss
|-damage|p1a: Togekiss|73/100
|
|t:|1651958593
|switch|p2a: Aegislash|Aegislash, M|69/100|[from]move: Flip Turn
|-damage|p2a: Aegislash|63/100|[from] Stealth Rock
|move|p1a: Togekiss|Air Slash|p2a: Aegislash
|-resisted|p2a: Aegislash
|-damage|p2a: Aegislash|45/100
|
|upkeep
|turn|21
|j| pokexcel
|
|t:|1651958597
|move|p1a: Togekiss|Fire Blast|p2a: Aegislash|[miss]
|-miss|p1a: Togekiss|p2a: Aegislash
|-formechange|p2a: Aegislash|Aegislash-Blade||[from] ability: Stance Change
|move|p2a: Aegislash|Shadow Ball|p1a: Togekiss
|-damage|p1a: Togekiss|18/100
|
|upkeep
|turn|22
|c|☆UULT91w Corp N|mb
|
|t:|1651958606
|move|p1a: Togekiss|Air Slash|p2a: Aegislash
|-resisted|p2a: Aegislash
|-damage|p2a: Aegislash|4/100
|cant|p2a: Aegislash|flinch
|
|upkeep
|turn|23
|
|t:|1651958610
|move|p2a: Aegislash|Shadow Sneak|p1a: Togekiss
|-damage|p1a: Togekiss|0 fnt
|faint|p1a: Togekiss
|
|upkeep
|
|t:|1651958615
|switch|p1a: deino triple|Hydreigon, M|88/100
|-damage|p1a: deino triple|76/100|[from] Stealth Rock
|turn|24
|
|t:|1651958619
|move|p2a: Aegislash|Shadow Sneak|p1a: deino triple
|-resisted|p1a: deino triple
|-damage|p1a: deino triple|62/100
|move|p1a: deino triple|U-turn|p2a: Aegislash
|-resisted|p2a: Aegislash
|-damage|p2a: Aegislash|0 fnt
|faint|p2a: Aegislash
|
|t:|1651958622
|switch|p1a: Tangrowth|Tangrowth, M|71/100 tox|[from]move: U-turn
|-damage|p1a: Tangrowth|59/100 tox|[from] Stealth Rock
|
|-damage|p1a: Tangrowth|53/100 tox|[from] psn
|upkeep
|
|t:|1651958631
|switch|p2a: Mamoswine|Mamoswine, F|88/100
|-damage|p2a: Mamoswine|76/100|[from] Stealth Rock
|turn|25
|
|t:|1651958640
|switch|p1a: Rotom|Rotom-Heat|72/100
|move|p2a: Mamoswine|Icicle Crash|p1a: Rotom
|-resisted|p1a: Rotom
|-damage|p1a: Rotom|43/100
|
|upkeep
|turn|26
|
|t:|1651958648
|move|p1a: Rotom|Overheat|p2a: Mamoswine
|-supereffective|p2a: Mamoswine
|-damage|p2a: Mamoswine|9/100
|-unboost|p1a: Rotom|spa|2
|move|p2a: Mamoswine|Knock Off|p1a: Rotom
|-damage|p1a: Rotom|6/100
|-enditem|p1a: Rotom|Heavy-Duty Boots|[from] move: Knock Off|[of] p2a: Mamoswine
|
|upkeep
|turn|27
|
|t:|1651958655
|move|p1a: Rotom|Overheat|p2a: Mamoswine
|-supereffective|p2a: Mamoswine
|-damage|p2a: Mamoswine|0 fnt
|-unboost|p1a: Rotom|spa|2
|faint|p2a: Mamoswine
|
|upkeep
|
|t:|1651958659
|switch|p2a: Keldeo|Keldeo-Resolute|65/100
|-damage|p2a: Keldeo|59/100|[from] Stealth Rock
|turn|28
|
|t:|1651958664
|move|p2a: Keldeo|Surf|p1a: Rotom
|-supereffective|p1a: Rotom
|-damage|p1a: Rotom|0 fnt
|faint|p1a: Rotom
|
|-heal|p2a: Keldeo|65/100|[from] item: Leftovers
|upkeep
|inactive|UULT91w Adaam has 120 seconds left.
|j| TestB4Best
|
|t:|1651958710
|switch|p1a: Tangrowth|Tangrowth, M|86/100 tox
|-damage|p1a: Tangrowth|74/100 tox|[from] Stealth Rock
|turn|29
|
|t:|1651958719
|switch|p2a: Celebi|Celebi|89/100
|move|p1a: Tangrowth|Sludge Bomb|p2a: Celebi
|-supereffective|p2a: Celebi
|-damage|p2a: Celebi|50/100
|
|-damage|p1a: Tangrowth|67/100 tox|[from] psn
|upkeep
|turn|30
|
|t:|1651958730
|switch|p1a: Scizor|Scizor, M|100/100
|-damage|p1a: Scizor|88/100|[from] Stealth Rock
|move|p2a: Celebi|Recover|p2a: Celebi
|-heal|p2a: Celebi|99/100
|
|upkeep
|turn|31
|
|t:|1651958737
|move|p2a: Celebi|Psychic|p1a: Scizor
|-resisted|p1a: Scizor
|-damage|p1a: Scizor|62/100
|move|p1a: Scizor|Swords Dance|p1a: Scizor
|-boost|p1a: Scizor|atk|2
|
|upkeep
|turn|32
|
|t:|1651958740
|move|p2a: Celebi|Nasty Plot|p2a: Celebi
|-boost|p2a: Celebi|spa|2
|move|p1a: Scizor|Roost|p1a: Scizor
|-heal|p1a: Scizor|100/100
|-singleturn|p1a: Scizor|move: Roost
|
|upkeep
|turn|33
|
|t:|1651958744
|move|p1a: Scizor|Bullet Punch|p2a: Celebi
|-damage|p2a: Celebi|31/100
|move|p2a: Celebi|Psychic|p1a: Scizor
|-resisted|p1a: Scizor
|-damage|p1a: Scizor|51/100
|
|upkeep
|turn|34
|
|t:|1651958748
|move|p1a: Scizor|Bullet Punch|p2a: Celebi
|-damage|p2a: Celebi|0 fnt
|faint|p2a: Celebi
|
|upkeep
|
|t:|1651958749
|switch|p2a: Keldeo|Keldeo-Resolute|65/100
|-damage|p2a: Keldeo|59/100|[from] Stealth Rock
|turn|35
|
|t:|1651958750
|move|p1a: Scizor|Bullet Punch|p2a: Keldeo
|-resisted|p2a: Keldeo
|-damage|p2a: Keldeo|9/100
|move|p2a: Keldeo|Surf|p1a: Scizor
|-damage|p1a: Scizor|0 fnt
|faint|p1a: Scizor
|
|-heal|p2a: Keldeo|15/100|[from] item: Leftovers
|upkeep
|
|t:|1651958754
|switch|p1a: deino triple|Hydreigon, M|62/100
|-damage|p1a: deino triple|50/100|[from] Stealth Rock
|turn|36
|
|t:|1651958756
|move|p1a: deino triple|Earth Power|p2a: Keldeo
|-damage|p2a: Keldeo|0 fnt
|faint|p2a: Keldeo
|
|win|UULT91w Adaam
|raw|UULT91w Adaam's rating: 1593 &rarr; <strong>1611</strong><br />(+18 for winning)
|raw|UULT91w Corp N's rating: 1565 &rarr; <strong>1547</strong><br />(-18 for losing)
|c|☆UULT91w Corp N|gg
|l|☆UULT91w Corp N
|c|☆UULT91w Adaam|gg
|l|☆UULT91w Adaam
|l|+Mengy ㋛
|l| RLplayer
|l| hariyana grande
|l| pokexcel
|l| TestB4Best
|l| opela
||Ladder isn't responding, score probably updated but might not have (Request timeout).
