|j|☆Moltracer
|j|☆Low Ladder Terror
|t:|1606067097
|player|p1|Moltracer|elesa|1520
|player|p2|Low Ladder Terror|teamrocket|1495
|teamsize|p1|6
|teamsize|p2|6
|gametype|singles
|gen|8
|tier|[Gen 8] UU
|rated|
|clearpoke
|poke|p1|Chansey, F|
|poke|p1|Quagsire, F|
|poke|p1|Jirachi|
|poke|p1|Hippowdon, F|
|poke|p1|Amoonguss, F|
|poke|p1|Salamence, M|
|poke|p2|Politoed, M|
|poke|p2|Tornadus, M|
|poke|p2|Kingdra, M|
|poke|p2|Hatterene, F|
|poke|p2|Seismitoad, M|
|poke|p2|Skarmory, M|
|rule|Sleep Clause Mod: Limit one foe put to sleep
|rule|Species Clause: Limit one of each Pokémon
|rule|OHKO Clause: OHKO moves are banned
|rule|Evasion Moves Clause: Evasion moves are banned
|rule|Endless Battle Clause: Forcing endless battles is banned
|rule|HP Percentage Mod: HP is shown in percentages
|rule|Dynamax Clause: You cannot dynamax
|teampreview
|inactive|Battle timer is ON: inactive players will automatically lose when time's up. (requested by Moltracer)
|inactive|Low Ladder Terror also wants the timer to be on.
|
|t:|1606067129
|start
|switch|p1a: Jirachi|Jirachi|100/100
|switch|p2a: Skarmory|Skarmory, M|100/100
|turn|1
|j| Galacman
|
|t:|1606067144
|switch|p1a: Quagsire|Quagsire, F|100/100
|move|p2a: Skarmory|Spikes|p1a: Quagsire
|-sidestart|p1: Moltracer|Spikes
|
|upkeep
|turn|2
|l| Galacman
|
|t:|1606067153
|switch|p2a: Politoed|Politoed, M, shiny|100/100
|-weather|RainDance|[from] ability: Drizzle|[of] p2a: Politoed
|move|p1a: Quagsire|Scald|p2a: Politoed
|-resisted|p2a: Politoed
|-damage|p2a: Politoed|91/100
|-status|p2a: Politoed|brn
|
|-weather|RainDance|[upkeep]
|-damage|p2a: Politoed|85/100 brn|[from] brn
|upkeep
|turn|3
|
|t:|1606067165
|switch|p2a: Tornadus|Tornadus, M|100/100
|switch|p1a: Jirachi|Jirachi|100/100
|-damage|p1a: Jirachi|88/100|[from] Spikes
|
|-weather|RainDance|[upkeep]
|-heal|p1a: Jirachi|94/100|[from] item: Leftovers
|upkeep
|turn|4
|
|t:|1606067174
|switch|p2a: Seismitoad|Seismitoad, M, shiny|100/100
|move|p1a: Jirachi|Protect||[still]
|-fail|p1a: Jirachi
|
|-weather|RainDance|[upkeep]
|-heal|p1a: Jirachi|100/100|[from] item: Leftovers
|upkeep
|turn|5
|
|t:|1606067181
|switch|p1a: Amoonguss|Amoonguss, F|100/100
|-damage|p1a: Amoonguss|88/100|[from] Spikes
|move|p2a: Seismitoad|Ice Punch|p1a: Amoonguss
|-supereffective|p1a: Amoonguss
|-damage|p1a: Amoonguss|44/100
|-damage|p2a: Seismitoad|91/100|[from] item: Life Orb
|
|-weather|RainDance|[upkeep]
|-heal|p1a: Amoonguss|50/100|[from] item: Black Sludge
|upkeep
|turn|6
|
|t:|1606067200
|switch|p2a: Hatterene|Hatterene, F|100/100
|move|p1a: Amoonguss|Spore|p2a: Hatterene
|move|p2a: Hatterene|Spore|p1a: Amoonguss|[from]ability: Magic Bounce
|-immune|p1a: Amoonguss
|
|-weather|RainDance|[upkeep]
|-heal|p1a: Amoonguss|56/100|[from] item: Black Sludge
|upkeep
|turn|7
|
|t:|1606067209
|switch|p1a: Jirachi|Jirachi|100/100
|-damage|p1a: Jirachi|88/100|[from] Spikes
|move|p2a: Hatterene|Psyshock|p1a: Jirachi
|-resisted|p1a: Jirachi
|-damage|p1a: Jirachi|81/100
|
|-weather|RainDance|[upkeep]
|-heal|p1a: Jirachi|87/100|[from] item: Leftovers
|upkeep
|turn|8
|c|☆Moltracer|doesnt hatterene have anti synergy w/ rian
|
|t:|1606067218
|switch|p2a: Skarmory|Skarmory, M|100/100
|move|p1a: Jirachi|U-turn|p2a: Skarmory
|-resisted|p2a: Skarmory
|-damage|p2a: Skarmory|98/100
|-damage|p1a: Jirachi|70/100|[from] item: Rocky Helmet|[of] p2a: Skarmory
|
|t:|1606067220
|switch|p1a: Salamence|Salamence, M|100/100|[from]move: U-turn
|-ability|p1a: Salamence|Intimidate|boost
|-unboost|p2a: Skarmory|atk|1
|
|-weather|RainDance|[upkeep]
|upkeep
|turn|9
|
|t:|1606067231
|switch|p2a: Hatterene|Hatterene, F|100/100
|move|p1a: Salamence|Defog|p2a: Hatterene
|move|p2a: Hatterene|Defog|p1a: Salamence|[from]ability: Magic Bounce
|-unboost|p1a: Salamence|evasion|1
|-sideend|p1: Moltracer|Spikes|[from] move: Defog|[of] p2a: Hatterene
|
|-weather|none
|upkeep
|turn|10
|
|t:|1606067238
|switch|p1a: Jirachi|Jirachi|70/100
|switch|p2a: Politoed|Politoed, M, shiny|85/100 brn
|-weather|RainDance|[from] ability: Drizzle|[of] p2a: Politoed
|
|-weather|RainDance|[upkeep]
|-heal|p1a: Jirachi|77/100|[from] item: Leftovers
|-damage|p2a: Politoed|79/100 brn|[from] brn
|upkeep
|turn|11
|
|t:|1606067245
|move|p1a: Jirachi|Protect|p1a: Jirachi
|-singleturn|p1a: Jirachi|Protect
|move|p2a: Politoed|Scald|p1a: Jirachi
|-activate|p1a: Jirachi|move: Protect
|
|-weather|RainDance|[upkeep]
|-heal|p1a: Jirachi|83/100|[from] item: Leftovers
|-damage|p2a: Politoed|73/100 brn|[from] brn
|upkeep
|turn|12
|
|t:|1606067262
|switch|p1a: Amoonguss|Amoonguss, F|89/100
|move|p2a: Politoed|Scald|p1a: Amoonguss
|-resisted|p1a: Amoonguss
|-damage|p1a: Amoonguss|72/100
|
|-weather|RainDance|[upkeep]
|-heal|p1a: Amoonguss|78/100|[from] item: Black Sludge
|-damage|p2a: Politoed|66/100 brn|[from] brn
|upkeep
|turn|13
|
|t:|1606067270
|switch|p2a: Skarmory|Skarmory, M|98/100
|move|p1a: Amoonguss|Sludge Bomb|p2a: Skarmory
|-immune|p2a: Skarmory
|
|-weather|RainDance|[upkeep]
|-heal|p1a: Amoonguss|84/100|[from] item: Black Sludge
|upkeep
|turn|14
|
|t:|1606067279
|switch|p1a: Salamence|Salamence, M|100/100
|-ability|p1a: Salamence|Intimidate|boost
|-unboost|p2a: Skarmory|atk|1
|move|p2a: Skarmory|Spikes|p1a: Salamence
|-sidestart|p1: Moltracer|Spikes
|
|-weather|RainDance|[upkeep]
|upkeep
|turn|15
|
|t:|1606067291
|switch|p2a: Seismitoad|Seismitoad, M, shiny|91/100
|move|p1a: Salamence|Defog|p2a: Seismitoad
|-unboost|p2a: Seismitoad|evasion|1
|-sideend|p1: Moltracer|Spikes|[from] move: Defog|[of] p1a: Salamence
|
|-weather|RainDance|[upkeep]
|upkeep
|turn|16
|
|t:|1606067298
|switch|p2a: Tornadus|Tornadus, M|100/100
|switch|p1a: Amoonguss|Amoonguss, F|100/100
|
|-weather|RainDance|[upkeep]
|upkeep
|turn|17
|
|t:|1606067305
|switch|p1a: Chansey|Chansey, F|100/100
|move|p2a: Tornadus|Knock Off|p1a: Chansey
|-damage|p1a: Chansey|87/100
|-enditem|p1a: Chansey|Eviolite|[from] move: Knock Off|[of] p2a: Tornadus
|
|-weather|none
|upkeep
|turn|18
|
|t:|1606067319
|switch|p2a: Skarmory|Skarmory, M|98/100
|switch|p1a: Jirachi|Jirachi|83/100
|
|-heal|p1a: Jirachi|89/100|[from] item: Leftovers
|upkeep
|turn|19
|
|t:|1606067328
|switch|p1a: Hippowdon|Hippowdon, F|100/100
|move|p2a: Skarmory|Spikes|p1a: Hippowdon
|-sidestart|p1: Moltracer|Spikes
|
|upkeep
|turn|20
|
|t:|1606067333
|switch|p2a: Hatterene|Hatterene, F|100/100
|move|p1a: Hippowdon|Stealth Rock|p2a: Hatterene
|move|p2a: Hatterene|Stealth Rock|p1a: Hippowdon|[from]ability: Magic Bounce
|-sidestart|p1: Moltracer|move: Stealth Rock
|
|upkeep
|turn|21
|
|t:|1606067344
|switch|p1a: Jirachi|Jirachi|89/100
|-damage|p1a: Jirachi|77/100|[from] Spikes
|-damage|p1a: Jirachi|70/100|[from] Stealth Rock
|move|p2a: Hatterene|Calm Mind|p2a: Hatterene
|-boost|p2a: Hatterene|spa|1
|-boost|p2a: Hatterene|spd|1
|
|-heal|p1a: Jirachi|77/100|[from] item: Leftovers
|upkeep
|turn|22
|
|t:|1606067351
|switch|p2a: Politoed|Politoed, M, shiny|66/100 brn
|-weather|RainDance|[from] ability: Drizzle|[of] p2a: Politoed
|move|p1a: Jirachi|Iron Head|p2a: Politoed
|-resisted|p2a: Politoed
|-damage|p2a: Politoed|50/100 brn
|
|-weather|RainDance|[upkeep]
|-heal|p1a: Jirachi|83/100|[from] item: Leftovers
|-damage|p2a: Politoed|44/100 brn|[from] brn
|upkeep
|turn|23
|
|t:|1606067361
|switch|p2a: Seismitoad|Seismitoad, M, shiny|91/100
|move|p1a: Jirachi|Wish|p1a: Jirachi
|
|-weather|RainDance|[upkeep]
|-heal|p1a: Jirachi|89/100|[from] item: Leftovers
|upkeep
|turn|24
|
|t:|1606067369
|switch|p2a: Tornadus|Tornadus, M|100/100
|switch|p1a: Salamence|Salamence, M|100/100
|-ability|p1a: Salamence|Intimidate|boost
|-unboost|p2a: Tornadus|atk|1
|
|-weather|RainDance|[upkeep]
|upkeep
|turn|25
|
|t:|1606067379
|move|p2a: Tornadus|Nasty Plot|p2a: Tornadus
|-boost|p2a: Tornadus|spa|2
|move|p1a: Salamence|Defog|p2a: Tornadus
|-unboost|p2a: Tornadus|evasion|1
|-sideend|p1: Moltracer|Spikes|[from] move: Defog|[of] p1a: Salamence
|-sideend|p1: Moltracer|Stealth Rock|[from] move: Defog|[of] p1a: Salamence
|
|-weather|RainDance|[upkeep]
|upkeep
|turn|26
|
|t:|1606067385
|switch|p1a: Chansey|Chansey, F|87/100
|move|p2a: Tornadus|Hurricane|p1a: Chansey
|-damage|p1a: Chansey|32/100
|-start|p1a: Chansey|confusion
|
|-weather|RainDance|[upkeep]
|upkeep
|turn|27
|
|t:|1606067392
|switch|p1a: Jirachi|Jirachi|89/100
|move|p2a: Tornadus|Hurricane|p1a: Jirachi
|-resisted|p1a: Jirachi
|-crit|p1a: Jirachi
|-damage|p1a: Jirachi|36/100
|
|-weather|RainDance|[upkeep]
|-heal|p1a: Jirachi|42/100|[from] item: Leftovers
|upkeep
|turn|28
|
|t:|1606067397
|move|p2a: Tornadus|Weather Ball|p1a: Jirachi
|-damage|p1a: Jirachi|0 fnt
|faint|p1a: Jirachi
|
|-weather|RainDance|[upkeep]
|upkeep
|
|t:|1606067403
|switch|p1a: Amoonguss|Amoonguss, F|100/100
|turn|29
|-message|Moltracer forfeited.
|
|win|Low Ladder Terror
|l|☆Moltracer
