|html|<div class="broadcast-blue"><strong>[Gen 8] UU is currently suspecting Latias! For information on how to participate check out the <a href="https://www.smogon.com/forums/threads/np-ss-uu-stage-8-2-cherry.3676723/">suspect thread</a>.</strong></div>
|j|☆UU8L Mas
|j|☆UU8L Stale
|t:|1611476214
|player|p1|UU8L Mas|wikstrom|1470
|player|p2|UU8L Stale|zinnia|1171
|teamsize|p1|6
|teamsize|p2|6
|gametype|singles
|gen|8
|tier|[Gen 8] UU
|rated|
|clearpoke
|poke|p1|Kyurem|
|poke|p1|Scizor, M|
|poke|p1|Darmanitan, F|
|poke|p1|Celesteela|
|poke|p1|Kommo-o, F|
|poke|p1|Latias, F|
|poke|p2|Salamence, M|
|poke|p2|Chansey, F|
|poke|p2|Quagsire, F|
|poke|p2|Mew|
|poke|p2|Amoonguss, F|
|poke|p2|Celesteela|
|rule|Sleep Clause Mod: Limit one foe put to sleep
|rule|Species Clause: Limit one of each Pokémon
|rule|OHKO Clause: OHKO moves are banned
|rule|Evasion Moves Clause: Evasion moves are banned
|rule|Endless Battle Clause: Forcing endless battles is banned
|rule|HP Percentage Mod: HP is shown in percentages
|rule|Dynamax Clause: You cannot dynamax
|teampreview
|
|t:|1611476230
|start
|switch|p1a: Scizor|Scizor, M|100/100
|switch|p2a: Celesteela|Celesteela|100/100
|turn|1
|
|t:|1611476237
|move|p1a: Scizor|U-turn|p2a: Celesteela
|-resisted|p2a: Celesteela
|-crit|p2a: Celesteela
|-damage|p2a: Celesteela|81/100
|
|t:|1611476238
|switch|p1a: Darmanitan|Darmanitan, F|100/100|[from]move: U-turn
|move|p2a: Celesteela|Flamethrower|p1a: Darmanitan
|-resisted|p1a: Darmanitan
|-damage|p1a: Darmanitan|85/100
|
|-heal|p2a: Celesteela|87/100|[from] item: Leftovers
|upkeep
|turn|2
|
|t:|1611476248
|move|p2a: Celesteela|Protect|p2a: Celesteela
|-singleturn|p2a: Celesteela|Protect
|move|p1a: Darmanitan|Flare Blitz|p2a: Celesteela
|-activate|p2a: Celesteela|move: Protect
|
|-heal|p2a: Celesteela|93/100|[from] item: Leftovers
|upkeep
|turn|3
|
|t:|1611476259
|switch|p1a: Kyurem|Kyurem|100/100
|-ability|p1a: Kyurem|Pressure
|switch|p2a: Salamence|Salamence, M|100/100
|-ability|p2a: Salamence|Intimidate|boost
|-unboost|p1a: Kyurem|atk|1
|
|upkeep
|turn|4
|
|t:|1611476270
|switch|p2a: Chansey|Chansey, F|100/100
|move|p1a: Kyurem|Freeze-Dry|p2a: Chansey
|-damage|p2a: Chansey|85/100
|
|upkeep
|turn|5
|
|t:|1611476277
|switch|p1a: Scizor|Scizor, M|100/100
|move|p2a: Chansey|Stealth Rock|p1a: Scizor
|-sidestart|p1: UU8L Mas|move: Stealth Rock
|
|upkeep
|turn|6
|
|t:|1611476282
|switch|p2a: Amoonguss|Amoonguss, F|100/100
|move|p1a: Scizor|Knock Off|p2a: Amoonguss
|-damage|p2a: Amoonguss|62/100
|-damage|p1a: Scizor|84/100|[from] item: Rocky Helmet|[of] p2a: Amoonguss
|-enditem|p2a: Amoonguss|Rocky Helmet|[from] move: Knock Off|[of] p1a: Scizor
|
|upkeep
|turn|7
|
|t:|1611476306
|switch|p1a: Kommo-o|Kommo-o, F|100/100
|-damage|p1a: Kommo-o|94/100|[from] Stealth Rock
|switch|p2a: Celesteela|Celesteela|93/100
|
|-heal|p2a: Celesteela|99/100|[from] item: Leftovers
|upkeep
|turn|8
|
|t:|1611476316
|move|p1a: Kommo-o|Stealth Rock|p2a: Celesteela
|-sidestart|p2: UU8L Stale|move: Stealth Rock
|move|p2a: Celesteela|Heavy Slam|p1a: Kommo-o
|-damage|p1a: Kommo-o|69/100
|-damage|p2a: Celesteela|82/100|[from] item: Rocky Helmet|[of] p1a: Kommo-o
|
|-heal|p2a: Celesteela|88/100|[from] item: Leftovers
|upkeep
|turn|9
|
|t:|1611476327
|move|p2a: Celesteela|Protect|p2a: Celesteela
|-singleturn|p2a: Celesteela|Protect
|move|p1a: Kommo-o|Dragon Tail|p2a: Celesteela
|-activate|p2a: Celesteela|move: Protect
|
|-heal|p2a: Celesteela|94/100|[from] item: Leftovers
|upkeep
|turn|10
|
|t:|1611476336
|move|p2a: Celesteela|Leech Seed|p1a: Kommo-o
|-start|p1a: Kommo-o|move: Leech Seed
|move|p1a: Kommo-o|Dragon Tail|p2a: Celesteela
|-resisted|p2a: Celesteela
|-damage|p2a: Celesteela|86/100
|drag|p2a: Chansey|Chansey, F|85/100
|-damage|p2a: Chansey|72/100|[from] Stealth Rock
|
|-damage|p1a: Kommo-o|56/100|[from] Leech Seed|[of] p2a: Chansey
|-heal|p2a: Chansey|78/100|[silent]
|upkeep
|turn|11
|
|t:|1611476346
|switch|p2a: Amoonguss|Amoonguss, F|95/100
|-damage|p2a: Amoonguss|82/100|[from] Stealth Rock
|move|p1a: Kommo-o|Body Press|p2a: Amoonguss
|-resisted|p2a: Amoonguss
|-damage|p2a: Amoonguss|66/100
|
|-damage|p1a: Kommo-o|44/100|[from] Leech Seed|[of] p2a: Amoonguss
|-heal|p2a: Amoonguss|77/100|[silent]
|upkeep
|turn|12
|
|t:|1611476362
|move|p2a: Amoonguss|Spore|p1a: Kommo-o
|-status|p1a: Kommo-o|slp|[from] move: Spore
|cant|p1a: Kommo-o|slp
|
|-damage|p1a: Kommo-o|32/100 slp|[from] Leech Seed|[of] p2a: Amoonguss
|-heal|p2a: Amoonguss|87/100|[silent]
|upkeep
|turn|13
|
|t:|1611476374
|switch|p1a: Scizor|Scizor, M|84/100
|-damage|p1a: Scizor|72/100|[from] Stealth Rock
|move|p2a: Amoonguss|Foul Play|p1a: Scizor
|-damage|p1a: Scizor|24/100
|
|upkeep
|turn|14
|
|t:|1611476394
|move|p1a: Scizor|U-turn|p2a: Amoonguss
|-damage|p2a: Amoonguss|41/100
|
|t:|1611476398
|switch|p1a: Kyurem|Kyurem|100/100|[from]move: U-turn
|-damage|p1a: Kyurem|76/100|[from] Stealth Rock
|-ability|p1a: Kyurem|Pressure
|move|p2a: Amoonguss|Giga Drain|p1a: Kyurem
|-resisted|p1a: Kyurem
|-damage|p1a: Kyurem|65/100
|-heal|p2a: Amoonguss|46/100|[from] drain|[of] p1a: Kyurem
|
|upkeep
|turn|15
|
|t:|1611476411
|switch|p2a: Chansey|Chansey, F|78/100
|-damage|p2a: Chansey|66/100|[from] Stealth Rock
|move|p1a: Kyurem|Ice Beam|p2a: Chansey
|-damage|p2a: Chansey|45/100
|
|upkeep
|turn|16
|
|t:|1611476424
|switch|p1a: Scizor|Scizor, M|24/100
|-damage|p1a: Scizor|11/100|[from] Stealth Rock
|move|p2a: Chansey|Soft-Boiled|p2a: Chansey
|-heal|p2a: Chansey|95/100
|
|upkeep
|turn|17
|
|t:|1611476434
|switch|p2a: Amoonguss|Amoonguss, F|79/100
|-damage|p2a: Amoonguss|66/100|[from] Stealth Rock
|move|p1a: Scizor|Knock Off|p2a: Amoonguss
|-damage|p2a: Amoonguss|38/100
|
|upkeep
|turn|18
|
|t:|1611476455
|switch|p1a: Celesteela|Celesteela|100/100
|-damage|p1a: Celesteela|88/100|[from] Stealth Rock
|move|p2a: Amoonguss|Foul Play|p1a: Celesteela
|-damage|p1a: Celesteela|73/100
|
|-heal|p1a: Celesteela|79/100|[from] item: Leftovers
|upkeep
|turn|19
|
|t:|1611476466
|switch|p2a: Salamence|Salamence, M|100/100
|-ability|p2a: Salamence|Intimidate|boost
|-unboost|p1a: Celesteela|atk|1
|move|p1a: Celesteela|Leech Seed|p2a: Salamence
|-start|p2a: Salamence|move: Leech Seed
|
|-heal|p1a: Celesteela|85/100|[from] item: Leftovers
|-damage|p2a: Salamence|88/100|[from] Leech Seed|[of] p1a: Celesteela
|-heal|p1a: Celesteela|95/100|[silent]
|upkeep
|turn|20
|
|t:|1611476482
|move|p1a: Celesteela|Protect|p1a: Celesteela
|-singleturn|p1a: Celesteela|Protect
|move|p2a: Salamence|Defog|p1a: Celesteela
|-activate|p1a: Celesteela|move: Protect
|
|-heal|p1a: Celesteela|100/100|[from] item: Leftovers
|-damage|p2a: Salamence|76/100|[from] Leech Seed|[of] p1a: Celesteela
|upkeep
|turn|21
|
|t:|1611476497
|move|p2a: Salamence|Defog|p1a: Celesteela
|-unboost|p1a: Celesteela|evasion|1
|-sideend|p1: UU8L Mas|Stealth Rock|[from] move: Defog|[of] p2a: Salamence
|-sideend|p2: UU8L Stale|Stealth Rock|[from] move: Defog|[of] p2a: Salamence
|move|p1a: Celesteela|Toxic|p2a: Salamence
|-status|p2a: Salamence|tox
|
|-damage|p2a: Salamence|63/100 tox|[from] Leech Seed|[of] p1a: Celesteela
|-damage|p2a: Salamence|57/100 tox|[from] psn
|upkeep
|turn|22
|
|t:|1611476510
|switch|p2a: Amoonguss|Amoonguss, F|72/100
|move|p1a: Celesteela|Leech Seed|p2a: Amoonguss
|-immune|p2a: Amoonguss
|
|upkeep
|turn|23
|
|t:|1611476521
|switch|p2a: Chansey|Chansey, F|95/100
|move|p1a: Celesteela|Heavy Slam|p2a: Chansey
|-damage|p2a: Chansey|75/100
|
|upkeep
|turn|24
|
|t:|1611476533
|switch|p1a: Darmanitan|Darmanitan, F|85/100
|move|p2a: Chansey|Stealth Rock|p1a: Darmanitan
|-sidestart|p1: UU8L Mas|move: Stealth Rock
|
|upkeep
|turn|25
|
|t:|1611476541
|switch|p2a: Salamence|Salamence, M|57/100 tox
|-ability|p2a: Salamence|Intimidate|boost
|-unboost|p1a: Darmanitan|atk|1
|move|p1a: Darmanitan|U-turn|p2a: Salamence
|-resisted|p2a: Salamence
|-damage|p2a: Salamence|49/100 tox
|
|t:|1611476551
|switch|p1a: Latias|Latias, F|100/100|[from]move: U-turn
|-damage|p1a: Latias|88/100|[from] Stealth Rock
|
|-heal|p1a: Latias|94/100|[from] item: Leftovers
|-damage|p2a: Salamence|43/100 tox|[from] psn
|upkeep
|turn|26
|
|t:|1611476560
|switch|p2a: Chansey|Chansey, F|75/100
|move|p1a: Latias|Defog|p2a: Chansey
|-unboost|p2a: Chansey|evasion|1
|-sideend|p1: UU8L Mas|Stealth Rock|[from] move: Defog|[of] p1a: Latias
|
|-heal|p1a: Latias|99/100|[from] item: Leftovers
|upkeep
|turn|27
|
|t:|1611476595
|switch|p1a: Scizor|Scizor, M|11/100
|move|p2a: Chansey|Seismic Toss|p1a: Scizor
|-damage|p1a: Scizor|0 fnt
|faint|p1a: Scizor
|
|upkeep
|
|t:|1611476601
|switch|p1a: Darmanitan|Darmanitan, F|85/100
|turn|28
|
|t:|1611476617
|switch|p2a: Salamence|Salamence, M|43/100 tox
|-ability|p2a: Salamence|Intimidate|boost
|-unboost|p1a: Darmanitan|atk|1
|move|p1a: Darmanitan|Flare Blitz|p2a: Salamence
|-resisted|p2a: Salamence
|-damage|p2a: Salamence|18/100 tox
|-damage|p1a: Darmanitan|77/100|[from] Recoil
|
|-damage|p2a: Salamence|12/100 tox|[from] psn
|upkeep
|turn|29
|
|t:|1611476656
|move|p1a: Darmanitan|Flare Blitz|p2a: Salamence
|-resisted|p2a: Salamence
|-damage|p2a: Salamence|0 fnt
|-damage|p1a: Darmanitan|73/100|[from] Recoil
|faint|p2a: Salamence
|
|upkeep
|
|t:|1611476665
|switch|p2a: Chansey|Chansey, F|75/100
|turn|30
|
|t:|1611476673
|move|p1a: Darmanitan|Flare Blitz|p2a: Chansey
|-damage|p2a: Chansey|36/100
|-damage|p1a: Darmanitan|47/100|[from] Recoil
|move|p2a: Chansey|Stealth Rock|p1a: Darmanitan
|-sidestart|p1: UU8L Mas|move: Stealth Rock
|
|upkeep
|turn|31
|
|t:|1611476688
|switch|p2a: Quagsire|Quagsire, F|100/100
|move|p1a: Darmanitan|Flare Blitz|p2a: Quagsire
|-resisted|p2a: Quagsire
|-damage|p2a: Quagsire|73/100
|-damage|p1a: Darmanitan|37/100|[from] Recoil
|
|-heal|p2a: Quagsire|79/100|[from] item: Leftovers
|upkeep
|turn|32
|
|t:|1611476706
|switch|p1a: Celesteela|Celesteela|100/100
|-damage|p1a: Celesteela|88/100|[from] Stealth Rock
|switch|p2a: Chansey|Chansey, F|36/100
|
|-heal|p1a: Celesteela|94/100|[from] item: Leftovers
|upkeep
|turn|33
|
|t:|1611476717
|move|p1a: Celesteela|Heavy Slam|p2a: Chansey
|-damage|p2a: Chansey|11/100
|move|p2a: Chansey|Soft-Boiled|p2a: Chansey
|-heal|p2a: Chansey|61/100
|
|-heal|p1a: Celesteela|99/100|[from] item: Leftovers
|upkeep
|turn|34
|
|t:|1611476725
|switch|p2a: Amoonguss|Amoonguss, F|100/100
|move|p1a: Celesteela|Leech Seed|p2a: Amoonguss
|-immune|p2a: Amoonguss
|
|-heal|p1a: Celesteela|100/100|[from] item: Leftovers
|upkeep
|turn|35
|
|t:|1611476740
|move|p1a: Celesteela|Heavy Slam|p2a: Amoonguss
|-damage|p2a: Amoonguss|73/100
|move|p2a: Amoonguss|Foul Play|p1a: Celesteela
|-damage|p1a: Celesteela|85/100
|
|-heal|p1a: Celesteela|91/100|[from] item: Leftovers
|upkeep
|turn|36
|
|t:|1611476775
|switch|p2a: Chansey|Chansey, F|61/100
|move|p1a: Celesteela|Heavy Slam|p2a: Chansey
|-damage|p2a: Chansey|34/100
|
|-heal|p1a: Celesteela|97/100|[from] item: Leftovers
|upkeep
|turn|37
|
|t:|1611476788
|move|p1a: Celesteela|Leech Seed|p2a: Chansey
|-start|p2a: Chansey|move: Leech Seed
|move|p2a: Chansey|Soft-Boiled|p2a: Chansey
|-heal|p2a: Chansey|84/100
|
|-heal|p1a: Celesteela|100/100|[from] item: Leftovers
|-damage|p2a: Chansey|71/100|[from] Leech Seed|[of] p1a: Celesteela
|upkeep
|turn|38
|
|t:|1611476802
|switch|p2a: Celesteela|Celesteela|86/100
|move|p1a: Celesteela|Heavy Slam|p2a: Celesteela
|-resisted|p2a: Celesteela
|-damage|p2a: Celesteela|80/100
|
|-heal|p2a: Celesteela|86/100|[from] item: Leftovers
|upkeep
|turn|39
|
|t:|1611476810
|move|p1a: Celesteela|Leech Seed|p2a: Celesteela
|-start|p2a: Celesteela|move: Leech Seed
|move|p2a: Celesteela|Leech Seed|p1a: Celesteela|[miss]
|-miss|p2a: Celesteela|p1a: Celesteela
|
|-heal|p2a: Celesteela|92/100|[from] item: Leftovers
|-damage|p2a: Celesteela|79/100|[from] Leech Seed|[of] p1a: Celesteela
|upkeep
|turn|40
|c|☆UU8L Stale|.......
|
|t:|1611476822
|switch|p1a: Latias|Latias, F|99/100
|-damage|p1a: Latias|88/100|[from] Stealth Rock
|switch|p2a: Chansey|Chansey, F|71/100
|
|-heal|p1a: Latias|94/100|[from] item: Leftovers
|upkeep
|turn|41
|
|t:|1611476831
|move|p1a: Latias|Defog|p2a: Chansey
|-unboost|p2a: Chansey|evasion|1
|-sideend|p1: UU8L Mas|Stealth Rock|[from] move: Defog|[of] p1a: Latias
|move|p2a: Chansey|Toxic|p1a: Latias
|-status|p1a: Latias|tox
|
|-heal|p1a: Latias|99/100 tox|[from] item: Leftovers
|-damage|p1a: Latias|94/100 tox|[from] psn
|upkeep
|turn|42
|
|t:|1611476849
|switch|p1a: Celesteela|Celesteela|100/100
|move|p2a: Chansey|Stealth Rock|p1a: Celesteela
|-sidestart|p1: UU8L Mas|move: Stealth Rock
|
|upkeep
|turn|43
|
|t:|1611476871
|switch|p2a: Amoonguss|Amoonguss, F|100/100
|move|p1a: Celesteela|Leech Seed|p2a: Amoonguss
|-immune|p2a: Amoonguss
|
|upkeep
|turn|44
|
|t:|1611476877
|switch|p2a: Celesteela|Celesteela|79/100
|move|p1a: Celesteela|Toxic|p2a: Celesteela
|-immune|p2a: Celesteela
|
|-heal|p2a: Celesteela|85/100|[from] item: Leftovers
|upkeep
|turn|45
|j| StitChuu
|
|t:|1611476889
|move|p1a: Celesteela|Leech Seed|p2a: Celesteela
|-start|p2a: Celesteela|move: Leech Seed
|move|p2a: Celesteela|Flamethrower|p1a: Celesteela
|-supereffective|p1a: Celesteela
|-damage|p1a: Celesteela|72/100
|
|-heal|p1a: Celesteela|78/100|[from] item: Leftovers
|-heal|p2a: Celesteela|91/100|[from] item: Leftovers
|-damage|p2a: Celesteela|79/100|[from] Leech Seed|[of] p1a: Celesteela
|-heal|p1a: Celesteela|91/100|[silent]
|upkeep
|turn|46
|
|t:|1611476922
|move|p1a: Celesteela|Protect|p1a: Celesteela
|-singleturn|p1a: Celesteela|Protect
|move|p2a: Celesteela|Leech Seed|p1a: Celesteela
|-activate|p1a: Celesteela|move: Protect
|
|-heal|p1a: Celesteela|97/100|[from] item: Leftovers
|-heal|p2a: Celesteela|85/100|[from] item: Leftovers
|-damage|p2a: Celesteela|73/100|[from] Leech Seed|[of] p1a: Celesteela
|-heal|p1a: Celesteela|100/100|[silent]
|upkeep
|turn|47
|
|t:|1611476933
|switch|p1a: Latias|Latias, F|94/100 tox
|-damage|p1a: Latias|82/100 tox|[from] Stealth Rock
|move|p2a: Celesteela|Leech Seed|p1a: Latias
|-start|p1a: Latias|move: Leech Seed
|
|-heal|p1a: Latias|88/100 tox|[from] item: Leftovers
|-heal|p2a: Celesteela|79/100|[from] item: Leftovers
|-damage|p1a: Latias|75/100 tox|[from] Leech Seed|[of] p2a: Celesteela
|-heal|p2a: Celesteela|90/100|[silent]
|-damage|p2a: Celesteela|78/100|[from] Leech Seed|[of] p1a: Latias
|-heal|p1a: Latias|89/100 tox|[silent]
|-damage|p1a: Latias|83/100 tox|[from] psn
|upkeep
|turn|48
|
|t:|1611476958
|switch|p2a: Chansey|Chansey, F|71/100
|move|p1a: Latias|Defog|p2a: Chansey
|-unboost|p2a: Chansey|evasion|1
|-sideend|p1: UU8L Mas|Stealth Rock|[from] move: Defog|[of] p1a: Latias
|
|-heal|p1a: Latias|89/100 tox|[from] item: Leftovers
|-damage|p1a: Latias|76/100 tox|[from] Leech Seed|[of] p2a: Chansey
|-heal|p2a: Chansey|78/100|[silent]
|-damage|p1a: Latias|64/100 tox|[from] psn
|upkeep
|turn|49
|
|t:|1611476970
|switch|p1a: Celesteela|Celesteela|100/100
|move|p2a: Chansey|Stealth Rock|p1a: Celesteela
|-sidestart|p1: UU8L Mas|move: Stealth Rock
|
|upkeep
|turn|50
|
|t:|1611476993
|switch|p2a: Celesteela|Celesteela|78/100
|move|p1a: Celesteela|Heavy Slam|p2a: Celesteela
|-resisted|p2a: Celesteela
|-damage|p2a: Celesteela|73/100
|
|-heal|p2a: Celesteela|79/100|[from] item: Leftovers
|upkeep
|turn|51
|
|t:|1611477007
|move|p1a: Celesteela|Leech Seed|p2a: Celesteela|[miss]
|-miss|p1a: Celesteela|p2a: Celesteela
|move|p2a: Celesteela|Leech Seed|p1a: Celesteela
|-start|p1a: Celesteela|move: Leech Seed
|
|-heal|p2a: Celesteela|85/100|[from] item: Leftovers
|-damage|p1a: Celesteela|88/100|[from] Leech Seed|[of] p2a: Celesteela
|-heal|p2a: Celesteela|97/100|[silent]
|upkeep
|turn|52
|
|t:|1611477018
|switch|p2a: Amoonguss|Amoonguss, F|100/100
|move|p1a: Celesteela|Leech Seed|p2a: Amoonguss
|-immune|p2a: Amoonguss
|
|-heal|p1a: Celesteela|94/100|[from] item: Leftovers
|-damage|p1a: Celesteela|82/100|[from] Leech Seed|[of] p2a: Amoonguss
|upkeep
|turn|53
|
|t:|1611477030
|switch|p2a: Chansey|Chansey, F|78/100
|move|p1a: Celesteela|Heavy Slam|p2a: Chansey
|-damage|p2a: Chansey|52/100
|
|-heal|p1a: Celesteela|88/100|[from] item: Leftovers
|-damage|p1a: Celesteela|76/100|[from] Leech Seed|[of] p2a: Chansey
|-heal|p2a: Chansey|59/100|[silent]
|upkeep
|turn|54
|
|t:|1611477041
|move|p1a: Celesteela|Toxic|p2a: Chansey
|-status|p2a: Chansey|tox
|move|p2a: Chansey|Soft-Boiled|p2a: Chansey
|-heal|p2a: Chansey|100/100 tox
|
|-heal|p1a: Celesteela|82/100|[from] item: Leftovers
|-damage|p1a: Celesteela|69/100|[from] Leech Seed|[of] p2a: Chansey
|-damage|p2a: Chansey|94/100 tox|[from] psn
|upkeep
|turn|55
|
|t:|1611477057
|switch|p2a: Celesteela|Celesteela|97/100
|move|p1a: Celesteela|Leech Seed|p2a: Celesteela
|-start|p2a: Celesteela|move: Leech Seed
|
|-heal|p1a: Celesteela|75/100|[from] item: Leftovers
|-heal|p2a: Celesteela|100/100|[from] item: Leftovers
|-damage|p1a: Celesteela|63/100|[from] Leech Seed|[of] p2a: Celesteela
|-damage|p2a: Celesteela|88/100|[from] Leech Seed|[of] p1a: Celesteela
|-heal|p1a: Celesteela|75/100|[silent]
|upkeep
|turn|56
|
|t:|1611477073
|switch|p1a: Latias|Latias, F|64/100 tox
|-damage|p1a: Latias|52/100 tox|[from] Stealth Rock
|switch|p2a: Amoonguss|Amoonguss, F|100/100
|
|-heal|p1a: Latias|58/100 tox|[from] item: Leftovers
|-damage|p1a: Latias|52/100 tox|[from] psn
|upkeep
|turn|57
|
|t:|1611477084
|switch|p2a: Chansey|Chansey, F|94/100
|move|p1a: Latias|Roost|p1a: Latias
|-heal|p1a: Latias|100/100 tox
|-singleturn|p1a: Latias|move: Roost
|
|-damage|p1a: Latias|88/100 tox|[from] psn
|upkeep
|turn|58
|
|t:|1611477094
|move|p1a: Latias|Defog|p2a: Chansey
|-unboost|p2a: Chansey|evasion|1
|-sideend|p1: UU8L Mas|Stealth Rock|[from] move: Defog|[of] p1a: Latias
|move|p2a: Chansey|Seismic Toss|p1a: Latias
|-damage|p1a: Latias|61/100 tox
|
|-heal|p1a: Latias|67/100 tox|[from] item: Leftovers
|-damage|p1a: Latias|49/100 tox|[from] psn
|upkeep
|turn|59
|j| Petros
|
|t:|1611477106
|switch|p1a: Celesteela|Celesteela|75/100
|move|p2a: Chansey|Stealth Rock|p1a: Celesteela
|-sidestart|p1: UU8L Mas|move: Stealth Rock
|
|-heal|p1a: Celesteela|81/100|[from] item: Leftovers
|upkeep
|turn|60
|c| Petros|mas
|c|☆UU8L Mas|hi
|c| Petros|why'd you pair so low? x_x
|c|☆UU8L Mas|I was waiting for a bit
|c| Petros|stop the search sooner
|c| Petros|:x
|c|☆UU8L Mas|This is pain.
|c| StitChuu|how is mas~chan so good
|
|t:|1611477187
|switch|p2a: Amoonguss|Amoonguss, F|100/100
|move|p1a: Celesteela|Heavy Slam|p2a: Amoonguss
|-damage|p2a: Amoonguss|70/100
|
|-heal|p1a: Celesteela|87/100|[from] item: Leftovers
|upkeep
|turn|61
|
|t:|1611477197
|switch|p2a: Quagsire|Quagsire, F|79/100
|move|p1a: Celesteela|Heavy Slam|p2a: Quagsire
|-resisted|p2a: Quagsire
|-damage|p2a: Quagsire|65/100
|
|-heal|p1a: Celesteela|93/100|[from] item: Leftovers
|-heal|p2a: Quagsire|72/100|[from] item: Leftovers
|upkeep
|turn|62
|
|t:|1611477207
|switch|p2a: Celesteela|Celesteela|88/100
|move|p1a: Celesteela|Toxic|p2a: Celesteela
|-immune|p2a: Celesteela
|
|-heal|p1a: Celesteela|99/100|[from] item: Leftovers
|-heal|p2a: Celesteela|94/100|[from] item: Leftovers
|upkeep
|turn|63
|
|t:|1611477221
|move|p1a: Celesteela|Protect|p1a: Celesteela
|-singleturn|p1a: Celesteela|Protect
|move|p2a: Celesteela|Leech Seed|p1a: Celesteela
|-activate|p1a: Celesteela|move: Protect
|
|-heal|p1a: Celesteela|100/100|[from] item: Leftovers
|-heal|p2a: Celesteela|99/100|[from] item: Leftovers
|upkeep
|turn|64
|
|t:|1611477280
|move|p1a: Celesteela|Leech Seed|p2a: Celesteela
|-start|p2a: Celesteela|move: Leech Seed
|move|p2a: Celesteela|Leech Seed|p1a: Celesteela
|-start|p1a: Celesteela|move: Leech Seed
|
|-heal|p2a: Celesteela|100/100|[from] item: Leftovers
|-damage|p1a: Celesteela|88/100|[from] Leech Seed|[of] p2a: Celesteela
|-damage|p2a: Celesteela|88/100|[from] Leech Seed|[of] p1a: Celesteela
|-heal|p1a: Celesteela|100/100|[silent]
|upkeep
|turn|65
|
|t:|1611477289
|switch|p1a: Latias|Latias, F|49/100 tox
|-damage|p1a: Latias|36/100 tox|[from] Stealth Rock
|switch|p2a: Chansey|Chansey, F|94/100
|
|-heal|p1a: Latias|43/100 tox|[from] item: Leftovers
|-damage|p1a: Latias|36/100 tox|[from] psn
|upkeep
|turn|66
|
|t:|1611477301
|move|p1a: Latias|Roost|p1a: Latias
|-heal|p1a: Latias|86/100 tox
|-singleturn|p1a: Latias|move: Roost
|move|p2a: Chansey|Seismic Toss|p1a: Latias
|-damage|p1a: Latias|59/100 tox
|
|-heal|p1a: Latias|65/100 tox|[from] item: Leftovers
|-damage|p1a: Latias|53/100 tox|[from] psn
|upkeep
|turn|67
|
|t:|1611477316
|move|p1a: Latias|Defog|p2a: Chansey
|-unboost|p2a: Chansey|evasion|1
|-sideend|p1: UU8L Mas|Stealth Rock|[from] move: Defog|[of] p1a: Latias
|move|p2a: Chansey|Seismic Toss|p1a: Latias
|-damage|p1a: Latias|25/100 tox
|
|-heal|p1a: Latias|32/100 tox|[from] item: Leftovers
|-damage|p1a: Latias|13/100 tox|[from] psn
|upkeep
|turn|68
|
|t:|1611477330
|move|p1a: Latias|Healing Wish|p1a: Latias
|faint|p1a: Latias
|move|p2a: Chansey|Seismic Toss|p1: Latias|[notarget]
|-fail|p2a: Chansey
|
|upkeep
|
|t:|1611477332
|switch|p1a: Darmanitan|Darmanitan, F|37/100
|-heal|p1a: Darmanitan|100/100|[from] move: Healing Wish
|turn|69
|
|t:|1611477350
|switch|p2a: Mew|Mew|100/100
|move|p1a: Darmanitan|Flare Blitz|p2a: Mew
|-damage|p2a: Mew|34/100
|-damage|p1a: Darmanitan|75/100|[from] Recoil
|
|-heal|p2a: Mew|40/100|[from] item: Leftovers
|upkeep
|turn|70
|
|t:|1611477364
|move|p1a: Darmanitan|Flare Blitz|p2a: Mew
|-damage|p2a: Mew|0 fnt
|-damage|p1a: Darmanitan|60/100|[from] Recoil
|faint|p2a: Mew
|
|upkeep
|
|t:|1611477370
|switch|p2a: Quagsire|Quagsire, F|72/100
|turn|71
|
|t:|1611477384
|switch|p1a: Kyurem|Kyurem|65/100
|-ability|p1a: Kyurem|Pressure
|move|p2a: Quagsire|Scald|p1a: Kyurem
|-resisted|p1a: Kyurem
|-damage|p1a: Kyurem|56/100
|-status|p1a: Kyurem|brn
|
|-heal|p2a: Quagsire|78/100|[from] item: Leftovers
|-damage|p1a: Kyurem|50/100 brn|[from] brn
|upkeep
|turn|72
|
|t:|1611477402
|switch|p1a: Darmanitan|Darmanitan, F|60/100
|switch|p2a: Chansey|Chansey, F|94/100
|
|upkeep
|turn|73
|
|t:|1611477410
|move|p1a: Darmanitan|Flare Blitz|p2a: Chansey
|-damage|p2a: Chansey|40/100
|-damage|p1a: Darmanitan|24/100|[from] Recoil
|move|p2a: Chansey|Soft-Boiled|p2a: Chansey
|-heal|p2a: Chansey|90/100
|
|upkeep
|turn|74
|
|t:|1611477440
|move|p1a: Darmanitan|Flare Blitz|p2a: Chansey
|-damage|p2a: Chansey|36/100
|-damage|p1a: Darmanitan|0 fnt|[from] Recoil
|faint|p1a: Darmanitan
|move|p2a: Chansey|Soft-Boiled|p2a: Chansey
|-heal|p2a: Chansey|86/100
|
|upkeep
|
|t:|1611477444
|switch|p1a: Kommo-o|Kommo-o, F|32/100 slp
|turn|75
|
|t:|1611477457
|cant|p1a: Kommo-o|slp
|move|p2a: Chansey|Seismic Toss|p1a: Kommo-o
|-damage|p1a: Kommo-o|3/100 slp
|-damage|p2a: Chansey|69/100|[from] item: Rocky Helmet|[of] p1a: Kommo-o
|
|upkeep
|turn|76
|c| StitChuu|pain.
|
|t:|1611477485
|-curestatus|p1a: Kommo-o|slp|[msg]
|move|p1a: Kommo-o|Body Press|p2a: Chansey
|-supereffective|p2a: Chansey
|-damage|p2a: Chansey|12/100
|move|p2a: Chansey|Seismic Toss|p1a: Kommo-o
|-damage|p1a: Kommo-o|0 fnt
|-damage|p2a: Chansey|0 fnt|[from] item: Rocky Helmet|[of] p1a: Kommo-o
|faint|p1a: Kommo-o
|faint|p2a: Chansey
|
|upkeep
|
|t:|1611477510
|switch|p1a: Celesteela|Celesteela|100/100
|switch|p2a: Celesteela|Celesteela|88/100
|turn|77
|
|t:|1611477515
|move|p2a: Celesteela|Protect|p2a: Celesteela
|-singleturn|p2a: Celesteela|Protect
|move|p1a: Celesteela|Leech Seed|p2a: Celesteela
|-activate|p2a: Celesteela|move: Protect
|
|-heal|p2a: Celesteela|94/100|[from] item: Leftovers
|upkeep
|turn|78
|
|t:|1611477525
|switch|p2a: Amoonguss|Amoonguss, F|100/100
|move|p1a: Celesteela|Leech Seed|p2a: Amoonguss
|-immune|p2a: Amoonguss
|
|upkeep
|turn|79
|
|t:|1611477535
|switch|p2a: Celesteela|Celesteela|94/100
|move|p1a: Celesteela|Heavy Slam|p2a: Celesteela
|-resisted|p2a: Celesteela
|-damage|p2a: Celesteela|89/100
|
|-heal|p2a: Celesteela|95/100|[from] item: Leftovers
|upkeep
|turn|80
|
|t:|1611477548
|move|p1a: Celesteela|Protect|p1a: Celesteela
|-singleturn|p1a: Celesteela|Protect
|move|p2a: Celesteela|Protect||[still]
|-fail|p2a: Celesteela
|
|-heal|p2a: Celesteela|100/100|[from] item: Leftovers
|upkeep
|turn|81
|
|t:|1611477564
|move|p1a: Celesteela|Heavy Slam|p2a: Celesteela
|-resisted|p2a: Celesteela
|-damage|p2a: Celesteela|95/100
|move|p2a: Celesteela|Flamethrower|p1a: Celesteela
|-supereffective|p1a: Celesteela
|-damage|p1a: Celesteela|70/100
|
|-heal|p1a: Celesteela|76/100|[from] item: Leftovers
|-heal|p2a: Celesteela|100/100|[from] item: Leftovers
|upkeep
|turn|82
|
|t:|1611477576
|move|p1a: Celesteela|Protect|p1a: Celesteela
|-singleturn|p1a: Celesteela|Protect
|move|p2a: Celesteela|Protect||[still]
|-fail|p2a: Celesteela
|
|-heal|p1a: Celesteela|82/100|[from] item: Leftovers
|upkeep
|turn|83
|
|t:|1611477594
|switch|p2a: Amoonguss|Amoonguss, F|100/100
|move|p1a: Celesteela|Leech Seed|p2a: Amoonguss
|-immune|p2a: Amoonguss
|
|-heal|p1a: Celesteela|88/100|[from] item: Leftovers
|upkeep
|turn|84
|
|t:|1611477605
|move|p1a: Celesteela|Heavy Slam|p2a: Amoonguss
|-damage|p2a: Amoonguss|70/100
|move|p2a: Amoonguss|Spore|p1a: Celesteela
|-status|p1a: Celesteela|slp|[from] move: Spore
|
|-heal|p1a: Celesteela|94/100 slp|[from] item: Leftovers
|upkeep
|turn|85
|
|t:|1611477618
|switch|p1a: Kyurem|Kyurem|50/100 brn
|-ability|p1a: Kyurem|Pressure
|switch|p2a: Celesteela|Celesteela|100/100
|
|-damage|p1a: Kyurem|44/100 brn|[from] brn
|upkeep
|turn|86
|
|t:|1611477632
|switch|p1a: Celesteela|Celesteela|94/100 slp
|move|p2a: Celesteela|Heavy Slam|p1a: Celesteela
|-resisted|p1a: Celesteela
|-damage|p1a: Celesteela|89/100 slp
|
|-heal|p1a: Celesteela|95/100 slp|[from] item: Leftovers
|upkeep
|turn|87
|
|t:|1611477641
|cant|p1a: Celesteela|slp
|move|p2a: Celesteela|Leech Seed|p1a: Celesteela
|-start|p1a: Celesteela|move: Leech Seed
|
|-heal|p1a: Celesteela|100/100 slp|[from] item: Leftovers
|-damage|p1a: Celesteela|88/100 slp|[from] Leech Seed|[of] p2a: Celesteela
|upkeep
|turn|88
|
|t:|1611477651
|cant|p1a: Celesteela|slp
|move|p2a: Celesteela|Flamethrower|p1a: Celesteela
|-supereffective|p1a: Celesteela
|-damage|p1a: Celesteela|55/100 slp
|
|-heal|p1a: Celesteela|61/100 slp|[from] item: Leftovers
|-damage|p1a: Celesteela|49/100 slp|[from] Leech Seed|[of] p2a: Celesteela
|upkeep
|turn|89
|
|t:|1611477670
|switch|p2a: Amoonguss|Amoonguss, F|100/100
|-curestatus|p1a: Celesteela|slp|[msg]
|move|p1a: Celesteela|Leech Seed|p2a: Amoonguss
|-immune|p2a: Amoonguss
|
|-heal|p1a: Celesteela|55/100|[from] item: Leftovers
|-damage|p1a: Celesteela|42/100|[from] Leech Seed|[of] p2a: Amoonguss
|upkeep
|turn|90
|
|t:|1611477694
|switch|p1a: Kyurem|Kyurem|44/100 brn
|-ability|p1a: Kyurem|Pressure
|switch|p2a: Celesteela|Celesteela|100/100
|
|-damage|p1a: Kyurem|38/100 brn|[from] brn
|upkeep
|turn|91
|
|t:|1611477710
|move|p1a: Kyurem|Ice Beam|p2a: Celesteela
|-damage|p2a: Celesteela|57/100
|move|p2a: Celesteela|Heavy Slam|p1a: Kyurem
|-supereffective|p1a: Kyurem
|-damage|p1a: Kyurem|0 fnt
|faint|p1a: Kyurem
|-ability|p2a: Celesteela|Beast Boost|boost
|-boost|p2a: Celesteela|spd|1
|
|-heal|p2a: Celesteela|63/100|[from] item: Leftovers
|upkeep
|-message|UU8L Mas forfeited.
|
|win|UU8L Stale
|l|☆UU8L Mas
|raw|UU8L Mas's rating: 1486 &rarr; <strong>1452</strong><br />(-34 for losing)
|raw|UU8L Stale's rating: 1171 &rarr; <strong>1214</strong><br />(+43 for winning)
|c| StitChuu|nooooooooooooooo
|l| StitChuu
|c|☆UU8L Stale|gg
|l|☆UU8L Stale
|j|☆UU8L Stale
|player|p2|UU8L Stale|zinnia
