|html|<div class="broadcast-blue"><strong>[Gen 8] UU is currently suspecting Thundurus! For information on how to participate check out the <a href="https://www.smogon.com/forums/threads/np-ss-uu-stage-9-1-king-of-the-clouds.3689570/">suspect thread</a>.</strong></div>
|j|☆gogole2021
|j|☆Pukillo
|t:|1630657226
|gametype|singles
|player|p1|gogole2021|reporter|1316
|player|p2|Pukillo|giovanni|1381
|teamsize|p1|6
|teamsize|p2|6
|gen|8
|tier|[Gen 8] UU
|rated|
|rule|Sleep Clause Mod: Limit one foe put to sleep
|rule|Species Clause: Limit one of each Pokémon
|rule|OHKO Clause: OHKO moves are banned
|rule|Evasion Moves Clause: Evasion moves are banned
|rule|Endless Battle Clause: Forcing endless battles is banned
|rule|HP Percentage Mod: HP is shown in percentages
|rule|Dynamax Clause: You cannot dynamax
|clearpoke
|poke|p1|Tangrowth, F|
|poke|p1|Krookodile, F|
|poke|p1|Salamence, M|
|poke|p1|Jirachi|
|poke|p1|Primarina, M|
|poke|p1|Entei|
|poke|p2|Azelf|
|poke|p2|Nidoqueen, F|
|poke|p2|Metagross|
|poke|p2|Porygon-Z|
|poke|p2|Milotic, M|
|poke|p2|Tapu Bulu|
|teampreview
|j| phantoomkuun
|
|t:|1630657239
|start
|switch|p1a: Jirachi|Jirachi|100/100
|switch|p2a: Azelf|Azelf|100/100
|turn|1
|
|t:|1630657249
|move|p1a: Jirachi|Iron Head|p2a: Azelf
|-damage|p2a: Azelf|44/100
|cant|p2a: Azelf|flinch
|
|upkeep
|turn|2
|
|t:|1630657260
|switch|p2a: Milotic|Milotic, M|100/100
|move|p1a: Jirachi|Iron Head|p2a: Milotic
|-resisted|p2a: Milotic
|-damage|p2a: Milotic|89/100
|
|-heal|p2a: Milotic|95/100|[from] item: Leftovers
|upkeep
|turn|3
|
|t:|1630657273
|switch|p1a: Tangrowth|Tangrowth, F|100/100
|move|p2a: Milotic|Toxic|p1a: Tangrowth
|-status|p1a: Tangrowth|tox
|
|-heal|p2a: Milotic|100/100|[from] item: Leftovers
|-damage|p1a: Tangrowth|94/100 tox|[from] psn
|upkeep
|turn|4
|l| phantoomkuun
|
|t:|1630657284
|switch|p2a: Tapu Bulu|Tapu Bulu|100/100
|-fieldstart|move: Grassy Terrain|[from] ability: Grassy Surge|[of] p2a: Tapu Bulu
|move|p1a: Tangrowth|Knock Off|p2a: Tapu Bulu
|-resisted|p2a: Tapu Bulu
|-damage|p2a: Tapu Bulu|90/100
|-enditem|p2a: Tapu Bulu|Assault Vest|[from] move: Knock Off|[of] p1a: Tangrowth
|
|-heal|p2a: Tapu Bulu|96/100|[from] Grassy Terrain
|-heal|p1a: Tangrowth|100/100 tox|[from] Grassy Terrain
|-damage|p1a: Tangrowth|88/100 tox|[from] psn
|upkeep
|turn|5
|
|t:|1630657305
|move|p2a: Tapu Bulu|Stone Edge|p1a: Tangrowth|[miss]
|-miss|p2a: Tapu Bulu|p1a: Tangrowth
|move|p1a: Tangrowth|Sludge Bomb|p2a: Tapu Bulu
|-supereffective|p2a: Tapu Bulu
|-damage|p2a: Tapu Bulu|1/100
|
|-heal|p2a: Tapu Bulu|7/100|[from] Grassy Terrain
|-heal|p1a: Tangrowth|94/100 tox|[from] Grassy Terrain
|-damage|p1a: Tangrowth|76/100 tox|[from] psn
|upkeep
|turn|6
|j| phantoomkuun
|
|t:|1630657329
|move|p2a: Tapu Bulu|Close Combat|p1a: Tangrowth
|-damage|p1a: Tangrowth|44/100 tox
|-unboost|p2a: Tapu Bulu|def|1
|-unboost|p2a: Tapu Bulu|spd|1
|move|p1a: Tangrowth|Knock Off|p2a: Tapu Bulu
|-resisted|p2a: Tapu Bulu
|-damage|p2a: Tapu Bulu|0 fnt
|faint|p2a: Tapu Bulu
|
|-heal|p1a: Tangrowth|50/100 tox|[from] Grassy Terrain
|-damage|p1a: Tangrowth|25/100 tox|[from] psn
|upkeep
|
|t:|1630657343
|switch|p2a: Azelf|Azelf|44/100
|turn|7
|
|t:|1630657349
|switch|p1a: Jirachi|Jirachi|100/100
|move|p2a: Azelf|Stealth Rock|p1a: Jirachi
|-sidestart|p1: gogole2021|move: Stealth Rock
|
|upkeep
|turn|8
|
|t:|1630657358
|move|p1a: Jirachi|U-turn|p2a: Azelf
|-supereffective|p2a: Azelf
|-damage|p2a: Azelf|0 fnt
|faint|p2a: Azelf
|
|t:|1630657388
|switch|p1a: Krookodile|Krookodile, F|100/100|[from]move: U-turn
|-damage|p1a: Krookodile|94/100|[from] Stealth Rock
|
|-heal|p1a: Krookodile|100/100|[from] Grassy Terrain
|-fieldend|move: Grassy Terrain
|upkeep
|
|t:|1630657396
|switch|p2a: Milotic|Milotic, M|100/100
|turn|9
|l| phantoomkuun
|
|t:|1630657403
|move|p1a: Krookodile|Toxic|p2a: Milotic
|-status|p2a: Milotic|tox
|move|p2a: Milotic|Ice Beam|p1a: Krookodile
|-supereffective|p1a: Krookodile
|-damage|p1a: Krookodile|39/100
|
|-heal|p1a: Krookodile|45/100|[from] item: Leftovers
|-damage|p2a: Milotic|94/100 tox|[from] psn
|upkeep
|turn|10
|
|t:|1630657417
|move|p1a: Krookodile|Knock Off|p2a: Milotic
|-damage|p2a: Milotic|60/100 tox
|-enditem|p2a: Milotic|Leftovers|[from] move: Knock Off|[of] p1a: Krookodile
|move|p2a: Milotic|Toxic|p1a: Krookodile
|-status|p1a: Krookodile|tox
|
|-heal|p1a: Krookodile|51/100 tox|[from] item: Leftovers
|-damage|p1a: Krookodile|45/100 tox|[from] psn
|-damage|p2a: Milotic|48/100 tox|[from] psn
|upkeep
|turn|11
|
|t:|1630657428
|move|p1a: Krookodile|Earthquake|p2a: Milotic
|-damage|p2a: Milotic|15/100 tox
|move|p2a: Milotic|Recover|p2a: Milotic
|-heal|p2a: Milotic|65/100 tox
|
|-heal|p1a: Krookodile|51/100 tox|[from] item: Leftovers
|-damage|p1a: Krookodile|39/100 tox|[from] psn
|-damage|p2a: Milotic|46/100 tox|[from] psn
|upkeep
|turn|12
|
|t:|1630657442
|move|p1a: Krookodile|Stealth Rock|p2a: Milotic
|-sidestart|p2: Pukillo|move: Stealth Rock
|move|p2a: Milotic|Recover|p2a: Milotic
|-heal|p2a: Milotic|96/100 tox
|
|-heal|p1a: Krookodile|45/100 tox|[from] item: Leftovers
|-damage|p1a: Krookodile|27/100 tox|[from] psn
|-damage|p2a: Milotic|72/100 tox|[from] psn
|upkeep
|turn|13
|
|t:|1630657452
|switch|p1a: Primarina|Primarina, M|100/100
|-damage|p1a: Primarina|88/100|[from] Stealth Rock
|move|p2a: Milotic|Ice Beam|p1a: Primarina
|-resisted|p1a: Primarina
|-damage|p1a: Primarina|80/100
|
|-heal|p1a: Primarina|86/100|[from] item: Leftovers
|-damage|p2a: Milotic|41/100 tox|[from] psn
|upkeep
|turn|14
|
|t:|1630657464
|move|p2a: Milotic|Toxic|p1a: Primarina|[miss]
|-miss|p2a: Milotic|p1a: Primarina
|move|p1a: Primarina|Calm Mind|p1a: Primarina
|-boost|p1a: Primarina|spa|1
|-boost|p1a: Primarina|spd|1
|
|-heal|p1a: Primarina|93/100|[from] item: Leftovers
|-damage|p2a: Milotic|4/100 tox|[from] psn
|upkeep
|turn|15
|j| phantoomkuun
|
|t:|1630657474
|move|p2a: Milotic|Toxic|p1a: Primarina
|-status|p1a: Primarina|tox
|move|p1a: Primarina|Calm Mind|p1a: Primarina
|-boost|p1a: Primarina|spa|1
|-boost|p1a: Primarina|spd|1
|
|-heal|p1a: Primarina|99/100 tox|[from] item: Leftovers
|-damage|p2a: Milotic|0 fnt|[from] psn
|faint|p2a: Milotic
|-damage|p1a: Primarina|93/100 tox|[from] psn
|upkeep
|
|t:|1630657489
|switch|p2a: Nidoqueen|Nidoqueen, F|100/100
|-damage|p2a: Nidoqueen|94/100|[from] Stealth Rock
|turn|16
|
|t:|1630657500
|move|p2a: Nidoqueen|Sludge Wave|p1a: Primarina
|-supereffective|p1a: Primarina
|-damage|p1a: Primarina|45/100 tox
|move|p1a: Primarina|Rest|p1a: Primarina
|-status|p1a: Primarina|slp|[from] move: Rest
|-heal|p1a: Primarina|100/100 slp|[silent]
|
|upkeep
|turn|17
|
|t:|1630657508
|move|p2a: Nidoqueen|Sludge Wave|p1a: Primarina
|-supereffective|p1a: Primarina
|-damage|p1a: Primarina|55/100 slp
|cant|p1a: Primarina|slp
|move|p1a: Primarina|Snore|p2a: Nidoqueen
|-supereffective|p2a: Nidoqueen
|-damage|p2a: Nidoqueen|13/100
|
|-heal|p1a: Primarina|61/100 slp|[from] item: Leftovers
|upkeep
|turn|18
|
|t:|1630657520
|move|p2a: Nidoqueen|Sludge Wave|p1a: Primarina
|-supereffective|p1a: Primarina
|-damage|p1a: Primarina|14/100 slp
|cant|p1a: Primarina|slp
|move|p1a: Primarina|Snore|p2a: Nidoqueen
|-supereffective|p2a: Nidoqueen
|-damage|p2a: Nidoqueen|0 fnt
|faint|p2a: Nidoqueen
|
|-heal|p1a: Primarina|20/100 slp|[from] item: Leftovers
|upkeep
|
|t:|1630657540
|switch|p2a: Metagross|Metagross|100/100
|-damage|p2a: Metagross|94/100|[from] Stealth Rock
|turn|19
|
|t:|1630657553
|move|p2a: Metagross|Earthquake|p1a: Primarina
|-damage|p1a: Primarina|0 fnt
|faint|p1a: Primarina
|
|upkeep
|
|t:|1630657559
|switch|p1a: Salamence|Salamence, M|100/100
|-ability|p1a: Salamence|Intimidate|boost
|-fail|p2a: Metagross|unboost|[from] ability: Clear Body|[of] p2a: Metagross
|turn|20
|
|t:|1630657566
|switch|p2a: Porygon-Z|Porygon-Z|100/100
|-damage|p2a: Porygon-Z|88/100|[from] Stealth Rock
|-ability|p2a: Porygon-Z|Download|boost
|-boost|p2a: Porygon-Z|spa|1
|move|p1a: Salamence|Flamethrower|p2a: Porygon-Z
|-damage|p2a: Porygon-Z|55/100
|
|upkeep
|turn|21
|l| phantoomkuun
|
|t:|1630657589
|switch|p1a: Jirachi|Jirachi|100/100
|-damage|p1a: Jirachi|94/100|[from] Stealth Rock
|move|p2a: Porygon-Z|Tri Attack|p1a: Jirachi
|-resisted|p1a: Jirachi
|-damage|p1a: Jirachi|65/100
|
|upkeep
|turn|22
|j| phantoomkuun
|
|t:|1630657602
|switch|p2a: Metagross|Metagross|94/100
|-damage|p2a: Metagross|88/100|[from] Stealth Rock
|move|p1a: Jirachi|U-turn|p2a: Metagross
|-damage|p2a: Metagross|73/100
|
|t:|1630657608
|switch|p1a: Entei|Entei|100/100|[from]move: U-turn
|-damage|p1a: Entei|76/100|[from] Stealth Rock
|
|upkeep
|turn|23
|
|t:|1630657615
|move|p1a: Entei|Sacred Fire|p2a: Metagross
|-supereffective|p2a: Metagross
|-crit|p2a: Metagross
|-damage|p2a: Metagross|0 fnt
|faint|p2a: Metagross
|
|upkeep
|
|t:|1630657622
|switch|p2a: Porygon-Z|Porygon-Z|55/100
|-damage|p2a: Porygon-Z|42/100|[from] Stealth Rock
|-ability|p2a: Porygon-Z|Download|boost
|-boost|p2a: Porygon-Z|spa|1
|turn|24
|
|t:|1630657633
|switch|p1a: Jirachi|Jirachi|65/100
|-damage|p1a: Jirachi|59/100|[from] Stealth Rock
|move|p2a: Porygon-Z|Discharge|p1a: Jirachi
|-damage|p1a: Jirachi|18/100
|-status|p1a: Jirachi|par
|
|upkeep
|turn|25
|
|t:|1630657642
|move|p2a: Porygon-Z|Discharge|p1a: Jirachi
|-damage|p1a: Jirachi|0 fnt
|faint|p1a: Jirachi
|
|upkeep
|
|t:|1630657646
|switch|p1a: Entei|Entei|76/100
|-damage|p1a: Entei|51/100|[from] Stealth Rock
|turn|26
|
|t:|1630657651
|move|p1a: Entei|Extreme Speed|p2a: Porygon-Z
|-damage|p2a: Porygon-Z|0 fnt
|faint|p2a: Porygon-Z
|
|win|gogole2021
|raw|gogole2021's rating: 1316 &rarr; <strong>1340</strong><br />(+24 for winning)
|raw|Pukillo's rating: 1381 &rarr; <strong>1357</strong><br />(-24 for losing)
|c|☆gogole2021|gg
|l|☆Pukillo
|l| phantoomkuun
