|j|☆dergonu_1
|j|‽Kisshot
|t:|1665215001
|gametype|singles
|player|p1|dergonu_1|102|1351
|player|p2|Kisshot|elesa|1496
|teamsize|p1|6
|teamsize|p2|6
|gen|8
|tier|[Gen 8] UU
|rated|
|rule|Sleep Clause Mod: Limit one foe put to sleep
|rule|Species Clause: Limit one of each Pokémon
|rule|OHKO Clause: OHKO moves are banned
|rule|Evasion Items Clause: Evasion items are banned
|rule|Evasion Moves Clause: Evasion moves are banned
|rule|Endless Battle Clause: Forcing endless battles is banned
|rule|HP Percentage Mod: HP is shown in percentages
|rule|Dynamax Clause: You cannot dynamax
|clearpoke
|poke|p1|Thundurus-Therian, M|
|poke|p1|Zarude|
|poke|p1|Moltres|
|poke|p1|Slowking, M|
|poke|p1|Cobalion|
|poke|p1|Diggersby, F|
|poke|p2|Crawdaunt, M|
|poke|p2|Keldeo-Resolute|
|poke|p2|Zarude|
|poke|p2|Moltres|
|poke|p2|Chansey, F|
|poke|p2|Weezing-Galar, F|
|teampreview
|inactive|Battle timer is ON: inactive players will automatically lose when time's up. (requested by dergonu_1)
|j| sgaah
|l| sgaah
|inactive|dergonu_1 has 120 seconds left.
|
|t:|1665215039
|start
|switch|p1a: Diggersby|Diggersby, F|100/100
|switch|p2a: Chansey|Chansey, F|100/100
|turn|1
|
|t:|1665215051
|switch|p2a: Weezing|Weezing-Galar, F|100/100
|move|p1a: Diggersby|U-turn|p2a: Weezing
|-resisted|p2a: Weezing
|-damage|p2a: Weezing|96/100
|
|t:|1665215062
|switch|p1a: Cobalion|Cobalion|100/100|[from]move: U-turn
|
|-heal|p2a: Weezing|100/100|[from] item: Black Sludge
|upkeep
|turn|2
|
|t:|1665215067
|move|p1a: Cobalion|Iron Head|p2a: Weezing
|-supereffective|p2a: Weezing
|-damage|p2a: Weezing|59/100
|move|p2a: Weezing|Will-O-Wisp|p1a: Cobalion
|-status|p1a: Cobalion|brn
|
|-heal|p2a: Weezing|65/100|[from] item: Black Sludge
|-damage|p1a: Cobalion|94/100 brn|[from] brn
|upkeep
|turn|3
|
|t:|1665215078
|move|p1a: Cobalion|Stealth Rock|p2a: Weezing
|-sidestart|p2: Kisshot|move: Stealth Rock
|move|p2a: Weezing|Will-O-Wisp|p1a: Cobalion
|-fail|p1a: Cobalion|brn
|
|-heal|p2a: Weezing|71/100|[from] item: Black Sludge
|-damage|p1a: Cobalion|88/100 brn|[from] brn
|upkeep
|turn|4
|
|t:|1665215091
|move|p1a: Cobalion|Swords Dance|p1a: Cobalion
|-boost|p1a: Cobalion|atk|2
|move|p2a: Weezing|Defog|p1a: Cobalion
|-unboost|p1a: Cobalion|evasion|1
|-sideend|p2: Kisshot|Stealth Rock|[from] move: Defog|[of] p2a: Weezing
|
|-heal|p2a: Weezing|77/100|[from] item: Black Sludge
|-damage|p1a: Cobalion|82/100 brn|[from] brn
|upkeep
|turn|5
|
|t:|1665215102
|move|p1a: Cobalion|Iron Head|p2a: Weezing
|-supereffective|p2a: Weezing
|-damage|p2a: Weezing|32/100
|move|p2a: Weezing|Strange Steam|p1a: Cobalion
|-damage|p1a: Cobalion|45/100 brn
|
|-heal|p2a: Weezing|38/100|[from] item: Black Sludge
|-damage|p1a: Cobalion|39/100 brn|[from] brn
|upkeep
|turn|6
|
|t:|1665215112
|switch|p2a: Moltres|Moltres|100/100
|move|p1a: Cobalion|Iron Head|p2a: Moltres
|-resisted|p2a: Moltres
|-damage|p2a: Moltres|85/100
|
|-damage|p1a: Cobalion|32/100 brn|[from] brn
|upkeep
|turn|7
|
|t:|1665215123
|switch|p1a: Slowking|Slowking, M|100/100
|move|p2a: Moltres|Mystical Fire|p1a: Slowking
|-resisted|p1a: Slowking
|-damage|p1a: Slowking|88/100
|-unboost|p1a: Slowking|spa|1
|
|upkeep
|turn|8
|
|t:|1665215132
|move|p2a: Moltres|U-turn|p1a: Slowking
|-supereffective|p1a: Slowking
|-damage|p1a: Slowking|67/100
|
|t:|1665215136
|switch|p2a: Chansey|Chansey, F|100/100|[from]move: U-turn
|move|p1a: Slowking|Teleport|p1a: Slowking
|
|t:|1665215143
|switch|p1a: Thundurus|Thundurus-Therian, M|100/100|[from]move: Teleport
|
|upkeep
|turn|9
|
|t:|1665215147
|move|p1a: Thundurus|Knock Off|p2a: Chansey
|-damage|p2a: Chansey|86/100
|-enditem|p2a: Chansey|Eviolite|[from] move: Knock Off|[of] p1a: Thundurus
|move|p2a: Chansey|Stealth Rock|p1a: Thundurus
|-sidestart|p1: dergonu_1|move: Stealth Rock
|
|upkeep
|turn|10
|
|t:|1665215157
|move|p1a: Thundurus|Focus Blast|p2a: Chansey
|-supereffective|p2a: Chansey
|-damage|p2a: Chansey|43/100
|move|p2a: Chansey|Teleport|p2a: Chansey
|
|t:|1665215164
|switch|p2a: Keldeo|Keldeo-Resolute|100/100|[from]move: Teleport
|
|upkeep
|turn|11
|
|t:|1665215170
|move|p2a: Keldeo|Flip Turn|p1a: Thundurus
|-damage|p1a: Thundurus|77/100
|
|t:|1665215174
|switch|p2a: Chansey|Chansey, F|43/100|[from]move: Flip Turn
|move|p1a: Thundurus|Volt Switch|p2a: Chansey
|-damage|p2a: Chansey|24/100
|
|t:|1665215183
|switch|p1a: Zarude|Zarude|100/100|[from]move: Volt Switch
|
|upkeep
|turn|12
|
|t:|1665215189
|move|p1a: Zarude|Darkest Lariat|p2a: Chansey
|-damage|p2a: Chansey|0 fnt
|faint|p2a: Chansey
|
|upkeep
|
|t:|1665215195
|switch|p2a: Moltres|Moltres|85/100
|turn|13
|inactive|dergonu_1 has 120 seconds left.
|
|t:|1665215230
|switch|p1a: Cobalion|Cobalion|32/100 brn
|-damage|p1a: Cobalion|29/100 brn|[from] Stealth Rock
|move|p2a: Moltres|U-turn|p1a: Cobalion
|-resisted|p1a: Cobalion
|-damage|p1a: Cobalion|26/100 brn
|-damage|p2a: Moltres|68/100|[from] item: Rocky Helmet|[of] p1a: Cobalion
|
|t:|1665215241
|switch|p2a: Keldeo|Keldeo-Resolute|100/100|[from]move: U-turn
|
|-damage|p1a: Cobalion|20/100 brn|[from] brn
|upkeep
|turn|14
|
|t:|1665215250
|move|p1a: Cobalion|Close Combat|p2a: Keldeo
|-damage|p2a: Keldeo|72/100
|-unboost|p1a: Cobalion|def|1
|-unboost|p1a: Cobalion|spd|1
|move|p2a: Keldeo|Surf|p1a: Cobalion
|-damage|p1a: Cobalion|0 fnt
|faint|p1a: Cobalion
|
|upkeep
|j| fist1000
|j| lokking87
|inactive|dergonu_1 has 120 seconds left.
|inactive|dergonu_1 has 90 seconds left.
|
|t:|1665215301
|switch|p1a: Slowking|Slowking, M|99/100
|-damage|p1a: Slowking|88/100|[from] Stealth Rock
|turn|15
|
|t:|1665215307
|switch|p2a: Crawdaunt|Crawdaunt, M|100/100
|move|p1a: Slowking|Scald|p2a: Crawdaunt
|-resisted|p2a: Crawdaunt
|-damage|p2a: Crawdaunt|67/100
|
|upkeep
|turn|16
|
|t:|1665215319
|move|p2a: Crawdaunt|Knock Off|p1a: Slowking
|-supereffective|p1a: Slowking
|-enditem|p1a: Slowking|Colbur Berry|[eat]
|-enditem|p1a: Slowking|Colbur Berry|[weaken]
|-damage|p1a: Slowking|7/100
|move|p1a: Slowking|Scald|p2a: Crawdaunt
|-resisted|p2a: Crawdaunt
|-damage|p2a: Crawdaunt|33/100
|
|upkeep
|turn|17
|
|t:|1665215328
|switch|p1a: Zarude|Zarude|100/100
|move|p2a: Crawdaunt|Knock Off|p1a: Zarude
|-resisted|p1a: Zarude
|-damage|p1a: Zarude|48/100
|-enditem|p1a: Zarude|Heavy-Duty Boots|[from] move: Knock Off|[of] p2a: Crawdaunt
|
|upkeep
|turn|18
|
|t:|1665215342
|switch|p2a: Moltres|Moltres|68/100
|move|p1a: Zarude|Jungle Healing|p1a: Zarude
|-heal|p1a: Zarude|73/100
|
|upkeep
|turn|19
|
|t:|1665215354
|move|p1a: Zarude|Darkest Lariat|p2a: Moltres
|-damage|p2a: Moltres|28/100
|move|p2a: Moltres|U-turn|p1a: Zarude
|-supereffective|p1a: Zarude
|-damage|p1a: Zarude|14/100
|
|t:|1665215359
|switch|p2a: Zarude|Zarude|100/100|[from]move: U-turn
|
|upkeep
|turn|20
|
|t:|1665215366
|move|p2a: Zarude|U-turn|p1a: Zarude
|-supereffective|p1a: Zarude
|-damage|p1a: Zarude|0 fnt
|faint|p1a: Zarude
|
|t:|1665215378
|switch|p2a: Keldeo|Keldeo-Resolute|72/100|[from]move: U-turn
|
|upkeep
|inactive|dergonu_1 has 120 seconds left.
|
|t:|1665215387
|switch|p1a: Diggersby|Diggersby, F|100/100
|-damage|p1a: Diggersby|94/100|[from] Stealth Rock
|turn|21
|
|t:|1665215403
|switch|p2a: Moltres|Moltres|28/100
|move|p1a: Diggersby|Body Slam|p2a: Moltres
|-damage|p2a: Moltres|0 fnt
|faint|p2a: Moltres
|
|upkeep
|inactive|Kisshot has 120 seconds left.
|
|t:|1665215423
|switch|p2a: Crawdaunt|Crawdaunt, M|33/100
|turn|22
|
|t:|1665215437
|switch|p1a: Slowking|Slowking, M|40/100
|-damage|p1a: Slowking|28/100|[from] Stealth Rock
|move|p2a: Crawdaunt|Aqua Jet|p1a: Slowking
|-resisted|p1a: Slowking
|-damage|p1a: Slowking|13/100
|
|upkeep
|turn|23
|
|t:|1665215452
|move|p2a: Crawdaunt|Aqua Jet|p1a: Slowking
|-resisted|p1a: Slowking
|-damage|p1a: Slowking|0 fnt
|faint|p1a: Slowking
|
|upkeep
|
|t:|1665215455
|switch|p1a: Thundurus|Thundurus-Therian, M|77/100
|turn|24
|
|t:|1665215462
|move|p2a: Crawdaunt|Aqua Jet|p1a: Thundurus
|-damage|p1a: Thundurus|13/100
|move|p1a: Thundurus|Focus Blast|p2a: Crawdaunt
|-supereffective|p2a: Crawdaunt
|-damage|p2a: Crawdaunt|0 fnt
|faint|p2a: Crawdaunt
|
|upkeep
|
|t:|1665215472
|switch|p2a: Keldeo|Keldeo-Resolute|72/100
|turn|25
|inactive|dergonu_1 has 120 seconds left.
|
|t:|1665215512
|move|p2a: Keldeo|Surf|p1a: Thundurus
|-damage|p1a: Thundurus|0 fnt
|faint|p1a: Thundurus
|
|upkeep
|
|t:|1665215514
|switch|p1a: Diggersby|Diggersby, F|94/100
|-damage|p1a: Diggersby|88/100|[from] Stealth Rock
|turn|26
|inactive|dergonu_1 has 120 seconds left.
|
|t:|1665215529
|switch|p2a: Weezing|Weezing-Galar, F|38/100
|move|p1a: Diggersby|Body Slam|p2a: Weezing
|-damage|p2a: Weezing|4/100
|
|-heal|p2a: Weezing|10/100|[from] item: Black Sludge
|upkeep
|turn|27
|
|t:|1665215546
|move|p1a: Diggersby|Body Slam|p2a: Weezing
|-crit|p2a: Weezing
|-damage|p2a: Weezing|0 fnt
|faint|p2a: Weezing
|
|upkeep
|
|t:|1665215560
|switch|p2a: Keldeo|Keldeo-Resolute|72/100
|turn|28
|
|t:|1665215564
|move|p1a: Diggersby|Body Slam|p2a: Keldeo
|-damage|p2a: Keldeo|12/100
|-status|p2a: Keldeo|par
|move|p2a: Keldeo|Surf|p1a: Diggersby
|-supereffective|p1a: Diggersby
|-damage|p1a: Diggersby|0 fnt
|faint|p1a: Diggersby
|
|upkeep
|
|t:|1665215567
|switch|p1a: Moltres|Moltres|100/100
|turn|29
|
|t:|1665215576
|move|p1a: Moltres|Flamethrower|p2a: Keldeo
|-resisted|p2a: Keldeo
|-damage|p2a: Keldeo|0 fnt
|faint|p2a: Keldeo
|
|upkeep
|
|t:|1665215582
|switch|p2a: Zarude|Zarude|100/100
|turn|30
|inactive|dergonu_1 has 120 seconds left.
|
|t:|1665215640
|move|p2a: Zarude|Darkest Lariat|p1a: Moltres
|-damage|p1a: Moltres|54/100
|move|p1a: Moltres|Flamethrower|p2a: Zarude
|-supereffective|p2a: Zarude
|-damage|p2a: Zarude|11/100
|
|upkeep
|turn|31
|
|t:|1665215647
|move|p2a: Zarude|Darkest Lariat|p1a: Moltres
|-damage|p1a: Moltres|5/100
|move|p1a: Moltres|Flamethrower|p2a: Zarude
|-supereffective|p2a: Zarude
|-damage|p2a: Zarude|0 fnt
|faint|p2a: Zarude
|
|win|dergonu_1
|raw|dergonu_1's rating: 1351 &rarr; <strong>1379</strong><br />(+28 for winning)
|raw|Kisshot's rating: 1496 &rarr; <strong>1468</strong><br />(-28 for losing)
|c|☆dergonu_1|gg
