|j|☆Arcangel666
|j|☆V3nuesaur
|t:|1660341219
|gametype|singles
|player|p1|Arcangel666|piers|1360
|player|p2|V3nuesaur|pokemonranger-gen3rs|1310
|teamsize|p1|6
|teamsize|p2|6
|gen|8
|tier|[Gen 8] UU
|rated|
|rule|Sleep Clause Mod: Limit one foe put to sleep
|rule|Species Clause: Limit one of each Pokémon
|rule|OHKO Clause: OHKO moves are banned
|rule|Evasion Items Clause: Evasion items are banned
|rule|Evasion Moves Clause: Evasion moves are banned
|rule|Endless Battle Clause: Forcing endless battles is banned
|rule|HP Percentage Mod: HP is shown in percentages
|rule|Dynamax Clause: You cannot dynamax
|clearpoke
|poke|p1|Tangrowth, M|
|poke|p1|Chansey, F|
|poke|p1|Conkeldurr, M|
|poke|p1|Hydreigon, M|
|poke|p1|Celesteela|
|poke|p1|Lycanroc-Dusk, M|
|poke|p2|Cobalion|
|poke|p2|Diggersby, F|
|poke|p2|Slowbro-Galar, F|
|poke|p2|Amoonguss, M|
|poke|p2|Rotom-Wash|
|poke|p2|Salamence, M|
|teampreview
|
|t:|1660341254
|start
|switch|p1a: Lycanroc|Lycanroc-Dusk, M|100/100
|switch|p2a: Diggersby|Diggersby, F|100/100
|turn|1
|
|t:|1660341263
|switch|p1a: Tangrowth|Tangrowth, M, shiny|100/100
|move|p2a: Diggersby|U-turn|p1a: Tangrowth
|-supereffective|p1a: Tangrowth
|-damage|p1a: Tangrowth|71/100
|-damage|p2a: Diggersby|84/100|[from] item: Rocky Helmet|[of] p1a: Tangrowth
|
|t:|1660341271
|switch|p2a: Amoonguss|Amoonguss, M|100/100|[from]move: U-turn
|
|upkeep
|turn|2
|
|t:|1660341283
|switch|p1a: Chansey|Chansey, F|100/100
|move|p2a: Amoonguss|Spore|p1a: Chansey
|-status|p1a: Chansey|slp|[from] move: Spore
|
|upkeep
|turn|3
|
|t:|1660341291
|-curestatus|p1a: Chansey|slp|[from] ability: Natural Cure
|switch|p1a: Tangrowth|Tangrowth, M, shiny|100/100
|switch|p2a: Cobalion|Cobalion|100/100
|
|upkeep
|turn|4
|
|t:|1660341312
|switch|p2a: Amoonguss|Amoonguss, M|100/100
|move|p1a: Tangrowth|Sleep Powder|p2a: Amoonguss
|-immune|p2a: Amoonguss
|
|upkeep
|turn|5
|
|t:|1660341318
|switch|p1a: Celesteela|Celesteela, shiny|100/100
|switch|p2a: Cobalion|Cobalion|100/100
|
|upkeep
|turn|6
|
|t:|1660341324
|move|p2a: Cobalion|Stealth Rock|p1a: Celesteela
|-sidestart|p1: Arcangel666|move: Stealth Rock
|move|p1a: Celesteela|Air Slash|p2a: Cobalion
|-damage|p2a: Cobalion|61/100
|
|upkeep
|turn|7
|
|t:|1660341329
|move|p2a: Cobalion|Volt Switch|p1a: Celesteela
|-supereffective|p1a: Celesteela
|-damage|p1a: Celesteela|84/100
|
|t:|1660341360
|switch|p2a: Rotom|Rotom-Wash|100/100|[from]move: Volt Switch
|move|p1a: Celesteela|Air Slash|p2a: Rotom
|-resisted|p2a: Rotom
|-damage|p2a: Rotom|85/100
|
|-heal|p1a: Celesteela|90/100|[from] item: Leftovers
|upkeep
|turn|8
|
|t:|1660341366
|move|p2a: Rotom|Volt Switch|p1a: Celesteela
|-supereffective|p1a: Celesteela
|-damage|p1a: Celesteela|60/100
|
|t:|1660341373
|switch|p2a: Amoonguss|Amoonguss, M|100/100|[from]move: Volt Switch
|move|p1a: Celesteela|Leech Seed|p2a: Amoonguss
|-immune|p2a: Amoonguss
|
|-heal|p1a: Celesteela|66/100|[from] item: Leftovers
|upkeep
|turn|9
|
|t:|1660341380
|move|p1a: Celesteela|Air Slash|p2a: Amoonguss
|-supereffective|p2a: Amoonguss
|-crit|p2a: Amoonguss
|-damage|p2a: Amoonguss|21/100
|move|p2a: Amoonguss|Spore|p1a: Celesteela
|-status|p1a: Celesteela|slp|[from] move: Spore
|
|-heal|p1a: Celesteela|72/100 slp|[from] item: Leftovers
|-heal|p2a: Amoonguss|28/100|[from] item: Black Sludge
|upkeep
|turn|10
|
|t:|1660341401
|switch|p1a: Chansey|Chansey, F|100/100
|-damage|p1a: Chansey|88/100|[from] Stealth Rock
|switch|p2a: Cobalion|Cobalion|61/100
|
|upkeep
|turn|11
|
|t:|1660341415
|move|p2a: Cobalion|Toxic|p1a: Chansey
|-status|p1a: Chansey|tox
|move|p1a: Chansey|Thunder Wave|p2a: Cobalion
|-status|p2a: Cobalion|par
|
|-damage|p1a: Chansey|82/100 tox|[from] psn
|upkeep
|turn|12
|
|t:|1660341420
|move|p2a: Cobalion|Volt Switch|p1a: Chansey
|-damage|p1a: Chansey|78/100 tox
|
|t:|1660341426
|switch|p2a: Diggersby|Diggersby, F|84/100|[from]move: Volt Switch
|move|p1a: Chansey|Teleport|p1a: Chansey
|
|t:|1660341432
|-curestatus|p1a: Chansey|tox|[from] ability: Natural Cure
|switch|p1a: Tangrowth|Tangrowth, M, shiny|100/100|[from]move: Teleport
|-damage|p1a: Tangrowth|88/100|[from] Stealth Rock
|
|upkeep
|turn|13
|
|t:|1660341442
|switch|p2a: Amoonguss|Amoonguss, M|61/100
|move|p1a: Tangrowth|Knock Off|p2a: Amoonguss
|-damage|p2a: Amoonguss|45/100
|-enditem|p2a: Amoonguss|Black Sludge|[from] move: Knock Off|[of] p1a: Tangrowth
|
|upkeep
|turn|14
|
|t:|1660341455
|switch|p1a: Chansey|Chansey, F|78/100
|-damage|p1a: Chansey|65/100|[from] Stealth Rock
|switch|p2a: Diggersby|Diggersby, F|84/100
|
|upkeep
|turn|15
|
|t:|1660341461
|switch|p1a: Tangrowth|Tangrowth, M, shiny|100/100
|-damage|p1a: Tangrowth|88/100|[from] Stealth Rock
|move|p2a: Diggersby|Knock Off|p1a: Tangrowth
|-damage|p1a: Tangrowth|68/100
|-damage|p2a: Diggersby|68/100|[from] item: Rocky Helmet|[of] p1a: Tangrowth
|-enditem|p1a: Tangrowth|Rocky Helmet|[from] move: Knock Off|[of] p2a: Diggersby
|
|upkeep
|turn|16
|
|t:|1660341468
|switch|p2a: Amoonguss|Amoonguss, M|79/100
|switch|p1a: Hydreigon|Hydreigon, M, shiny|100/100
|-damage|p1a: Hydreigon|88/100|[from] Stealth Rock
|
|upkeep
|turn|17
|
|t:|1660341482
|switch|p2a: Cobalion|Cobalion|61/100 par
|move|p1a: Hydreigon|Nasty Plot|p1a: Hydreigon
|-boost|p1a: Hydreigon|spa|2
|
|upkeep
|turn|18
|
|t:|1660341486
|move|p1a: Hydreigon|Flamethrower|p2a: Cobalion
|-supereffective|p2a: Cobalion
|-damage|p2a: Cobalion|0 fnt
|faint|p2a: Cobalion
|-damage|p1a: Hydreigon|78/100|[from] item: Life Orb
|
|upkeep
|
|t:|1660341488
|switch|p2a: Diggersby|Diggersby, F|68/100
|turn|19
|
|t:|1660341505
|move|p2a: Diggersby|U-turn|p1a: Hydreigon
|-supereffective|p1a: Hydreigon
|-damage|p1a: Hydreigon|18/100
|
|t:|1660341519
|switch|p2a: Rotom|Rotom-Wash|85/100|[from]move: U-turn
|move|p1a: Hydreigon|Dark Pulse|p2a: Rotom
|-damage|p2a: Rotom|0 fnt
|faint|p2a: Rotom
|-damage|p1a: Hydreigon|8/100|[from] item: Life Orb
|
|upkeep
|
|t:|1660341527
|switch|p2a: Diggersby|Diggersby, F|68/100
|turn|20
|
|t:|1660341537
|move|p2a: Diggersby|U-turn|p1a: Hydreigon
|-supereffective|p1a: Hydreigon
|-crit|p1a: Hydreigon
|-damage|p1a: Hydreigon|0 fnt
|faint|p1a: Hydreigon
|
|t:|1660341548
|switch|p2a: Slowbro|Slowbro-Galar, F|100/100|[from]move: U-turn
|
|upkeep
|
|t:|1660341555
|switch|p1a: Chansey|Chansey, F|65/100
|-damage|p1a: Chansey|53/100|[from] Stealth Rock
|turn|21
|
|t:|1660341563
|move|p1a: Chansey|Soft-Boiled|p1a: Chansey
|-heal|p1a: Chansey|100/100
|move|p2a: Slowbro|Calm Mind|p2a: Slowbro
|-boost|p2a: Slowbro|spa|1
|-boost|p2a: Slowbro|spd|1
|
|upkeep
|turn|22
|
|t:|1660341567
|move|p1a: Chansey|Thunder Wave|p2a: Slowbro
|-status|p2a: Slowbro|par
|cant|p2a: Slowbro|par
|
|upkeep
|turn|23
|
|t:|1660341571
|move|p2a: Slowbro|Calm Mind|p2a: Slowbro
|-boost|p2a: Slowbro|spa|1
|-boost|p2a: Slowbro|spd|1
|move|p1a: Chansey|Teleport|p1a: Chansey
|
|t:|1660341574
|switch|p1a: Conkeldurr|Conkeldurr, M|100/100|[from]move: Teleport
|-damage|p1a: Conkeldurr|94/100|[from] Stealth Rock
|
|-status|p1a: Conkeldurr|brn|[from] item: Flame Orb
|upkeep
|turn|24
|
|t:|1660341576
|move|p1a: Conkeldurr|Knock Off|p2a: Slowbro
|-supereffective|p2a: Slowbro
|-damage|p2a: Slowbro|23/100 par
|-enditem|p2a: Slowbro|Safety Goggles|[from] move: Knock Off|[of] p1a: Conkeldurr
|move|p2a: Slowbro|Sludge Bomb|p1a: Conkeldurr
|-damage|p1a: Conkeldurr|17/100 brn
|
|-damage|p1a: Conkeldurr|11/100 brn|[from] brn
|upkeep
|turn|25
|
|t:|1660341601
|switch|p2a: Amoonguss|Amoonguss, M|100/100
|move|p1a: Conkeldurr|Knock Off|p2a: Amoonguss
|-damage|p2a: Amoonguss|73/100
|
|-damage|p1a: Conkeldurr|5/100 brn|[from] brn
|upkeep
|turn|26
|
|t:|1660341610
|move|p1a: Conkeldurr|Facade|p2a: Amoonguss
|-damage|p2a: Amoonguss|15/100
|move|p2a: Amoonguss|Giga Drain|p1a: Conkeldurr
|-damage|p1a: Conkeldurr|0 fnt
|-heal|p2a: Amoonguss|17/100|[from] drain|[of] p1a: Conkeldurr
|faint|p1a: Conkeldurr
|
|upkeep
|
|t:|1660341617
|switch|p1a: Chansey|Chansey, F|100/100
|-damage|p1a: Chansey|88/100|[from] Stealth Rock
|turn|27
|
|t:|1660341619
|switch|p2a: Slowbro|Slowbro-Galar, F|57/100 par
|move|p1a: Chansey|Seismic Toss|p2a: Slowbro
|-damage|p2a: Slowbro|31/100 par
|
|upkeep
|turn|28
|
|t:|1660341627
|move|p1a: Chansey|Seismic Toss|p2a: Slowbro
|-damage|p2a: Slowbro|6/100 par
|cant|p2a: Slowbro|par
|
|upkeep
|turn|29
|
|t:|1660341632
|switch|p2a: Amoonguss|Amoonguss, M|50/100
|move|p1a: Chansey|Seismic Toss|p2a: Amoonguss
|-damage|p2a: Amoonguss|27/100
|
|upkeep
|turn|30
|
|t:|1660341638
|switch|p2a: Slowbro|Slowbro-Galar, F|39/100 par
|move|p1a: Chansey|Thunder Wave|p2a: Slowbro
|-fail|p2a: Slowbro|par
|
|upkeep
|turn|31
|
|t:|1660341642
|switch|p2a: Amoonguss|Amoonguss, M|60/100
|move|p1a: Chansey|Seismic Toss|p2a: Amoonguss
|-damage|p2a: Amoonguss|37/100
|
|upkeep
|turn|32
|
|t:|1660341645
|switch|p2a: Slowbro|Slowbro-Galar, F|72/100 par
|move|p1a: Chansey|Seismic Toss|p2a: Slowbro
|-damage|p2a: Slowbro|47/100 par
|
|upkeep
|turn|33
|
|t:|1660341649
|switch|p2a: Amoonguss|Amoonguss, M|71/100
|move|p1a: Chansey|Teleport|p1a: Chansey
|
|t:|1660341654
|switch|p1a: Celesteela|Celesteela, shiny|72/100 slp|[from]move: Teleport
|-damage|p1a: Celesteela|60/100 slp|[from] Stealth Rock
|
|-heal|p1a: Celesteela|66/100 slp|[from] item: Leftovers
|upkeep
|turn|34
|
|t:|1660341682
|switch|p2a: Diggersby|Diggersby, F|68/100
|cant|p1a: Celesteela|slp
|
|-heal|p1a: Celesteela|72/100 slp|[from] item: Leftovers
|upkeep
|turn|35
|j| Specs Squirtl
|
|t:|1660341695
|move|p2a: Diggersby|Knock Off|p1a: Celesteela
|-damage|p1a: Celesteela|39/100 slp
|-enditem|p1a: Celesteela|Leftovers|[from] move: Knock Off|[of] p2a: Diggersby
|cant|p1a: Celesteela|slp
|
|upkeep
|turn|36
|
|t:|1660341700
|switch|p2a: Amoonguss|Amoonguss, M|100/100
|-curestatus|p1a: Celesteela|slp|[msg]
|move|p1a: Celesteela|Leech Seed|p2a: Amoonguss
|-immune|p2a: Amoonguss
|
|upkeep
|turn|37
|
|t:|1660341705
|move|p1a: Celesteela|Air Slash|p2a: Amoonguss
|-supereffective|p2a: Amoonguss
|-crit|p2a: Amoonguss
|-damage|p2a: Amoonguss|25/100
|move|p2a: Amoonguss|Spore|p1a: Celesteela
|-status|p1a: Celesteela|slp|[from] move: Spore
|
|upkeep
|turn|38
|
|t:|1660341715
|switch|p2a: Diggersby|Diggersby, F|68/100
|cant|p1a: Celesteela|slp
|
|upkeep
|turn|39
|
|t:|1660341727
|cant|p1a: Celesteela|slp
|move|p2a: Diggersby|Knock Off|p1a: Celesteela
|-damage|p1a: Celesteela|15/100 slp
|
|upkeep
|turn|40
|
|t:|1660341746
|switch|p2a: Salamence|Salamence, M|100/100
|-ability|p2a: Salamence|Intimidate|boost
|-unboost|p1a: Celesteela|atk|1
|-curestatus|p1a: Celesteela|slp|[msg]
|move|p1a: Celesteela|Leech Seed|p2a: Salamence
|-start|p2a: Salamence|move: Leech Seed
|
|-damage|p2a: Salamence|88/100|[from] Leech Seed|[of] p1a: Celesteela
|-heal|p1a: Celesteela|28/100|[silent]
|upkeep
|turn|41
|
|t:|1660341762
|switch|p2a: Amoonguss|Amoonguss, M|58/100
|move|p1a: Celesteela|Air Slash|p2a: Amoonguss
|-supereffective|p2a: Amoonguss
|-damage|p2a: Amoonguss|11/100
|
|upkeep
|turn|42
|
|t:|1660341769
|switch|p2a: Salamence|Salamence, M|88/100
|-ability|p2a: Salamence|Intimidate|boost
|-unboost|p1a: Celesteela|atk|1
|move|p1a: Celesteela|Air Slash|p2a: Salamence
|-damage|p2a: Salamence|60/100
|
|upkeep
|turn|43
|
|t:|1660341775
|move|p2a: Salamence|Flamethrower|p1a: Celesteela
|-supereffective|p1a: Celesteela
|-damage|p1a: Celesteela|0 fnt
|faint|p1a: Celesteela
|
|upkeep
|
|t:|1660341778
|switch|p1a: Lycanroc|Lycanroc-Dusk, M|100/100
|-damage|p1a: Lycanroc|88/100|[from] Stealth Rock
|turn|44
|
|t:|1660341806
|switch|p2a: Slowbro|Slowbro-Galar, F|80/100 par
|move|p1a: Lycanroc|Swords Dance|p1a: Lycanroc
|-boost|p1a: Lycanroc|atk|2
|
|upkeep
|turn|45
|
|t:|1660341814
|move|p1a: Lycanroc|Stone Edge|p2a: Slowbro|[miss]
|-miss|p1a: Lycanroc|p2a: Slowbro
|move|p2a: Slowbro|Sludge Bomb|p1a: Lycanroc
|-resisted|p1a: Lycanroc
|-damage|p1a: Lycanroc|63/100
|
|upkeep
|turn|46
|
|t:|1660341819
|move|p1a: Lycanroc|Swords Dance|p1a: Lycanroc
|-boost|p1a: Lycanroc|atk|2
|move|p2a: Slowbro|Sludge Bomb|p1a: Lycanroc
|-resisted|p1a: Lycanroc
|-damage|p1a: Lycanroc|40/100
|
|upkeep
|turn|47
|
|t:|1660341821
|move|p1a: Lycanroc|Stone Edge|p2a: Slowbro
|-damage|p2a: Slowbro|0 fnt
|faint|p2a: Slowbro
|-damage|p1a: Lycanroc|30/100|[from] item: Life Orb
|
|upkeep
|
|t:|1660341826
|switch|p2a: Diggersby|Diggersby, F|68/100
|turn|48
|
|t:|1660341831
|move|p1a: Lycanroc|Accelerock|p2a: Diggersby
|-resisted|p2a: Diggersby
|-damage|p2a: Diggersby|4/100
|-damage|p1a: Lycanroc|20/100|[from] item: Life Orb
|move|p2a: Diggersby|Earthquake|p1a: Lycanroc
|-supereffective|p1a: Lycanroc
|-damage|p1a: Lycanroc|0 fnt
|faint|p1a: Lycanroc
|
|upkeep
|
|t:|1660341834
|switch|p1a: Tangrowth|Tangrowth, M, shiny|100/100
|-damage|p1a: Tangrowth|88/100|[from] Stealth Rock
|turn|49
|
|t:|1660341838
|switch|p2a: Amoonguss|Amoonguss, M|44/100
|move|p1a: Tangrowth|Knock Off|p2a: Amoonguss
|-damage|p2a: Amoonguss|34/100
|
|upkeep
|turn|50
|
|t:|1660341843
|switch|p1a: Chansey|Chansey, F|88/100
|-damage|p1a: Chansey|76/100|[from] Stealth Rock
|switch|p2a: Salamence|Salamence, M|60/100
|-ability|p2a: Salamence|Intimidate|boost
|-unboost|p1a: Chansey|atk|1
|
|upkeep
|turn|51
|
|t:|1660341850
|move|p2a: Salamence|Hurricane|p1a: Chansey|[miss]
|-miss|p2a: Salamence|p1a: Chansey
|move|p1a: Chansey|Seismic Toss|p2a: Salamence
|-damage|p2a: Salamence|35/100
|
|upkeep
|turn|52
|
|t:|1660341857
|switch|p2a: Amoonguss|Amoonguss, M|68/100
|move|p1a: Chansey|Seismic Toss|p2a: Amoonguss
|-damage|p2a: Amoonguss|44/100
|
|upkeep
|turn|53
|
|t:|1660341863
|move|p1a: Chansey|Seismic Toss|p2a: Amoonguss
|-damage|p2a: Amoonguss|21/100
|move|p2a: Amoonguss|Spore|p1a: Chansey
|-status|p1a: Chansey|slp|[from] move: Spore
|
|upkeep
|turn|54
|
|t:|1660341867
|-curestatus|p1a: Chansey|slp|[from] ability: Natural Cure
|switch|p1a: Tangrowth|Tangrowth, M, shiny|100/100
|-damage|p1a: Tangrowth|88/100|[from] Stealth Rock
|move|p2a: Amoonguss|Giga Drain|p1a: Tangrowth
|-resisted|p1a: Tangrowth
|-damage|p1a: Tangrowth|72/100
|-heal|p2a: Amoonguss|29/100|[from] drain|[of] p1a: Tangrowth
|
|upkeep
|turn|55
|
|t:|1660341871
|switch|p1a: Chansey|Chansey, F|76/100
|-damage|p1a: Chansey|63/100|[from] Stealth Rock
|move|p2a: Amoonguss|Sludge Bomb|p1a: Chansey
|-damage|p1a: Chansey|55/100
|
|upkeep
|turn|56
|
|t:|1660341876
|switch|p2a: Salamence|Salamence, M|35/100
|-ability|p2a: Salamence|Intimidate|boost
|-unboost|p1a: Chansey|atk|1
|move|p1a: Chansey|Seismic Toss|p2a: Salamence
|-damage|p2a: Salamence|9/100
|
|upkeep
|turn|57
|
|t:|1660341881
|move|p2a: Salamence|Roost|p2a: Salamence
|-heal|p2a: Salamence|60/100
|-singleturn|p2a: Salamence|move: Roost
|move|p1a: Chansey|Soft-Boiled|p1a: Chansey
|-heal|p1a: Chansey|100/100
|
|upkeep
|turn|58
|
|t:|1660341884
|move|p2a: Salamence|Roost|p2a: Salamence
|-heal|p2a: Salamence|100/100
|-singleturn|p2a: Salamence|move: Roost
|move|p1a: Chansey|Teleport|p1a: Chansey
|
|t:|1660341886
|switch|p1a: Tangrowth|Tangrowth, M, shiny|100/100|[from]move: Teleport
|-damage|p1a: Tangrowth|88/100|[from] Stealth Rock
|
|upkeep
|turn|59
|
|t:|1660341889
|switch|p1a: Chansey|Chansey, F|100/100
|-damage|p1a: Chansey|88/100|[from] Stealth Rock
|move|p2a: Salamence|Hurricane|p1a: Chansey
|-damage|p1a: Chansey|71/100
|
|upkeep
|turn|60
|
|t:|1660341895
|switch|p2a: Amoonguss|Amoonguss, M|62/100
|move|p1a: Chansey|Thunder Wave|p2a: Amoonguss
|-status|p2a: Amoonguss|par
|
|upkeep
|turn|61
|
|t:|1660341901
|move|p1a: Chansey|Seismic Toss|p2a: Amoonguss
|-damage|p2a: Amoonguss|39/100 par
|move|p2a: Amoonguss|Sludge Bomb|p1a: Chansey
|-damage|p1a: Chansey|63/100
|
|upkeep
|turn|62
|
|t:|1660341905
|move|p1a: Chansey|Seismic Toss|p2a: Amoonguss
|-damage|p2a: Amoonguss|16/100 par
|move|p2a: Amoonguss|Sludge Bomb|p1a: Chansey
|-damage|p1a: Chansey|55/100
|
|upkeep
|turn|63
|
|t:|1660341907
|switch|p2a: Salamence|Salamence, M|100/100
|-ability|p2a: Salamence|Intimidate|boost
|-unboost|p1a: Chansey|atk|1
|move|p1a: Chansey|Seismic Toss|p2a: Salamence
|-damage|p2a: Salamence|75/100
|
|upkeep
|turn|64
|
|t:|1660341910
|move|p2a: Salamence|Hurricane|p1a: Chansey|[miss]
|-miss|p2a: Salamence|p1a: Chansey
|move|p1a: Chansey|Thunder Wave|p2a: Salamence
|-status|p2a: Salamence|par
|
|upkeep
|turn|65
|
|t:|1660341916
|move|p2a: Salamence|Hurricane|p1a: Chansey
|-damage|p1a: Chansey|37/100
|move|p1a: Chansey|Teleport|p1a: Chansey
|
|t:|1660341918
|switch|p1a: Tangrowth|Tangrowth, M, shiny|100/100|[from]move: Teleport
|-damage|p1a: Tangrowth|88/100|[from] Stealth Rock
|
|upkeep
|turn|66
|
|t:|1660341920
|switch|p1a: Chansey|Chansey, F|37/100
|-damage|p1a: Chansey|25/100|[from] Stealth Rock
|move|p2a: Salamence|Hurricane|p1a: Chansey|[miss]
|-miss|p2a: Salamence|p1a: Chansey
|
|upkeep
|turn|67
|
|t:|1660341937
|switch|p2a: Diggersby|Diggersby, F|4/100
|move|p1a: Chansey|Soft-Boiled|p1a: Chansey
|-heal|p1a: Chansey|75/100
|
|upkeep
|turn|68
|
|t:|1660341941
|move|p2a: Diggersby|Knock Off|p1a: Chansey
|-damage|p1a: Chansey|47/100
|-enditem|p1a: Chansey|Eviolite|[from] move: Knock Off|[of] p2a: Diggersby
|move|p1a: Chansey|Seismic Toss|p2a: Diggersby
|-damage|p2a: Diggersby|0 fnt
|faint|p2a: Diggersby
|
|upkeep
|
|t:|1660341949
|switch|p2a: Salamence|Salamence, M|75/100 par
|-ability|p2a: Salamence|Intimidate|boost
|-unboost|p1a: Chansey|atk|1
|turn|69
|
|t:|1660341954
|move|p1a: Chansey|Soft-Boiled|p1a: Chansey
|-heal|p1a: Chansey|98/100
|move|p2a: Salamence|Hurricane|p1a: Chansey
|-damage|p1a: Chansey|71/100
|-start|p1a: Chansey|confusion
|
|upkeep
|turn|70
|
|t:|1660341959
|-activate|p1a: Chansey|confusion
|move|p1a: Chansey|Thunder Wave|p2a: Salamence
|-fail|p2a: Salamence|par
|move|p2a: Salamence|Hurricane|p1a: Chansey
|-damage|p1a: Chansey|43/100
|
|upkeep
|turn|71
|
|t:|1660341964
|-end|p1a: Chansey|confusion
|move|p1a: Chansey|Seismic Toss|p2a: Salamence
|-damage|p2a: Salamence|50/100 par
|move|p2a: Salamence|Hurricane|p1a: Chansey
|-damage|p1a: Chansey|16/100
|
|upkeep
|turn|72
|-message|Arcangel666 forfeited.
|
|win|V3nuesaur
|raw|Arcangel666's rating: 1360 &rarr; <strong>1337</strong><br />(-23 for losing)
|raw|V3nuesaur's rating: 1310 &rarr; <strong>1333</strong><br />(+23 for winning)
|l|☆Arcangel666
|l| Specs Squirtl
