|html|<div class="broadcast-blue"><strong>[Gen 8] UU is currently suspecting Thundurus-T! For information on how to participate check out the <a href="https://www.smogon.com/forums/threads/np-ss-uu-stage-11-boom-clap.3696000/">suspect thread</a>.</strong></div>
|j|☆Y1theking100
|j|☆hariyana grande
|t:|1642455410
|gametype|singles
|player|p1|Y1theking100|battlegirl-gen4|
|player|p2|hariyana grande|ethan|
|teamsize|p1|6
|teamsize|p2|6
|gen|8
|tier|[Gen 8] UU
|rated|Tournament battle
|rule|Sleep Clause Mod: Limit one foe put to sleep
|rule|Species Clause: Limit one of each Pokémon
|rule|OHKO Clause: OHKO moves are banned
|rule|Evasion Moves Clause: Evasion moves are banned
|rule|Endless Battle Clause: Forcing endless battles is banned
|rule|HP Percentage Mod: HP is shown in percentages
|rule|Dynamax Clause: You cannot dynamax
|clearpoke
|poke|p1|Swampert, F|
|poke|p1|Celesteela|
|poke|p1|Rotom-Heat|
|poke|p1|Garbodor, F|
|poke|p1|Dhelmise|
|poke|p1|Primarina, F|
|poke|p2|Slowking, M|
|poke|p2|Mandibuzz, F|
|poke|p2|Cobalion|
|poke|p2|Golurk|
|poke|p2|Golisopod, F|
|poke|p2|Nihilego|
|teampreview
|inactive|Battle timer is ON: inactive players will automatically lose when time's up. (requested by hariyana grande)
|c|☆Y1theking100|hf
|c|☆hariyana grande|hf
|j| Arxtric
|j| Jadorimu
|c| Jadorimu|gl and hf
|
|t:|1642455438
|start
|switch|p1a: Garbodor|Garbodor, F|100/100
|switch|p2a: Golisopod|Golisopod, F|100/100
|turn|1
|
|t:|1642455450
|move|p1a: Garbodor|Gunk Shot|p2a: Golisopod
|-damage|p2a: Golisopod|70/100
|move|p2a: Golisopod|Liquidation|p1a: Garbodor
|-damage|p1a: Garbodor|49/100
|
|-heal|p1a: Garbodor|56/100|[from] item: Black Sludge
|upkeep
|turn|2
|
|t:|1642455462
|switch|p1a: Primarina|Primarina, F|100/100
|switch|p2a: Golurk|Golurk|100/100
|
|upkeep
|turn|3
|
|t:|1642455470
|move|p2a: Golurk|Poltergeist|p1a: Primarina
|-activate|p1a: Primarina|move: Poltergeist|Leftovers
|-damage|p1a: Primarina|19/100
|move|p1a: Primarina|Scald|p2a: Golurk
|-supereffective|p2a: Golurk
|-crit|p2a: Golurk
|-damage|p2a: Golurk|0 fnt
|faint|p2a: Golurk
|
|-heal|p1a: Primarina|25/100|[from] item: Leftovers
|upkeep
|c|☆Y1theking100|idk if that matter
|c|☆Y1theking100|but my bad
|c|☆hariyana grande|it does all g
|
|t:|1642455496
|switch|p2a: Nihilego|Nihilego|100/100
|turn|4
|
|t:|1642455502
|switch|p1a: Celesteela|Celesteela|100/100
|move|p2a: Nihilego|Knock Off|p1a: Celesteela
|-damage|p1a: Celesteela|91/100
|-enditem|p1a: Celesteela|Leftovers|[from] move: Knock Off|[of] p2a: Nihilego
|
|upkeep
|turn|5
|
|t:|1642455510
|move|p2a: Nihilego|Stealth Rock|p1a: Celesteela
|-sidestart|p1: Y1theking100|move: Stealth Rock
|move|p1a: Celesteela|Leech Seed|p2a: Nihilego
|-start|p2a: Nihilego|move: Leech Seed
|
|-damage|p2a: Nihilego|88/100|[from] Leech Seed|[of] p1a: Celesteela
|-heal|p1a: Celesteela|100/100|[silent]
|upkeep
|turn|6
|j|+Aqua8Jet
|
|t:|1642455514
|switch|p2a: Slowking|Slowking, M|100/100
|switch|p1a: Primarina|Primarina, F|25/100
|-damage|p1a: Primarina|13/100|[from] Stealth Rock
|
|-heal|p1a: Primarina|19/100|[from] item: Leftovers
|upkeep
|turn|7
|
|t:|1642455524
|move|p1a: Primarina|Moonblast|p2a: Slowking
|-damage|p2a: Slowking|70/100
|move|p2a: Slowking|Psyshock|p1a: Primarina
|-damage|p1a: Primarina|0 fnt
|faint|p1a: Primarina
|
|upkeep
|
|t:|1642455528
|switch|p1a: Dhelmise|Dhelmise|100/100
|-damage|p1a: Dhelmise|88/100|[from] Stealth Rock
|turn|8
|
|t:|1642455531
|switch|p2a: Mandibuzz|Mandibuzz, F|100/100
|move|p1a: Dhelmise|Rapid Spin|p2a: Mandibuzz
|-crit|p2a: Mandibuzz
|-damage|p2a: Mandibuzz|84/100
|-boost|p1a: Dhelmise|spe|1
|-sideend|p1: Y1theking100|Stealth Rock|[from] move: Rapid Spin|[of] p1a: Dhelmise
|
|upkeep
|turn|9
|
|t:|1642455535
|switch|p1a: Rotom|Rotom-Heat|100/100
|move|p2a: Mandibuzz|U-turn|p1a: Rotom
|-resisted|p1a: Rotom
|-damage|p1a: Rotom|94/100
|
|t:|1642455538
|switch|p2a: Nihilego|Nihilego|88/100|[from]move: U-turn
|
|-heal|p2a: Nihilego|94/100|[from] item: Black Sludge
|upkeep
|turn|10
|
|t:|1642455541
|switch|p1a: Celesteela|Celesteela|100/100
|move|p2a: Nihilego|Stealth Rock|p1a: Celesteela
|-sidestart|p1: Y1theking100|move: Stealth Rock
|
|-heal|p2a: Nihilego|99/100|[from] item: Black Sludge
|upkeep
|turn|11
|
|t:|1642455555
|switch|p2a: Mandibuzz|Mandibuzz, F|84/100
|move|p1a: Celesteela|Heavy Slam|p2a: Mandibuzz
|-damage|p2a: Mandibuzz|60/100
|
|upkeep
|turn|12
|
|t:|1642455561
|move|p2a: Mandibuzz|Roost|p2a: Mandibuzz
|-heal|p2a: Mandibuzz|100/100
|-singleturn|p2a: Mandibuzz|move: Roost
|move|p1a: Celesteela|Leech Seed|p2a: Mandibuzz
|-start|p2a: Mandibuzz|move: Leech Seed
|
|-damage|p2a: Mandibuzz|88/100|[from] Leech Seed|[of] p1a: Celesteela
|upkeep
|turn|13
|
|t:|1642455564
|switch|p2a: Slowking|Slowking, M|100/100
|move|p1a: Celesteela|Heavy Slam|p2a: Slowking
|-resisted|p2a: Slowking
|-damage|p2a: Slowking|87/100
|
|upkeep
|turn|14
|
|t:|1642455569
|switch|p1a: Swampert|Swampert, F|100/100
|-damage|p1a: Swampert|94/100|[from] Stealth Rock
|move|p2a: Slowking|Teleport|p2a: Slowking
|
|t:|1642455572
|switch|p2a: Golisopod|Golisopod, F|70/100|[from]move: Teleport
|
|-heal|p1a: Swampert|100/100|[from] item: Leftovers
|upkeep
|turn|15
|
|t:|1642455577
|move|p1a: Swampert|Stealth Rock|p2a: Golisopod
|-sidestart|p2: hariyana grande|move: Stealth Rock
|move|p2a: Golisopod|Liquidation|p1a: Swampert
|-damage|p1a: Swampert|68/100
|-unboost|p1a: Swampert|def|1
|
|-heal|p1a: Swampert|75/100|[from] item: Leftovers
|upkeep
|turn|16
|
|t:|1642455583
|move|p1a: Swampert|Flip Turn|p2a: Golisopod
|-resisted|p2a: Golisopod
|-damage|p2a: Golisopod|61/100
|
|t:|1642455585
|switch|p1a: Dhelmise|Dhelmise|88/100|[from]move: Flip Turn
|-damage|p1a: Dhelmise|76/100|[from] Stealth Rock
|move|p2a: Golisopod|Leech Life|p1a: Dhelmise
|-damage|p1a: Dhelmise|30/100
|-heal|p2a: Golisopod|83/100|[from] drain|[of] p1a: Dhelmise
|
|upkeep
|turn|17
|
|t:|1642455593
|switch|p2a: Mandibuzz|Mandibuzz, F|88/100
|move|p1a: Dhelmise|Power Whip|p2a: Mandibuzz
|-resisted|p2a: Mandibuzz
|-damage|p2a: Mandibuzz|69/100
|
|upkeep
|turn|18
|
|t:|1642455602
|switch|p1a: Celesteela|Celesteela|100/100
|-damage|p1a: Celesteela|88/100|[from] Stealth Rock
|move|p2a: Mandibuzz|Defog|p1a: Celesteela
|-unboost|p1a: Celesteela|evasion|1
|-sideend|p1: Y1theking100|Stealth Rock|[from] move: Defog|[of] p2a: Mandibuzz
|-sideend|p2: hariyana grande|Stealth Rock|[from] move: Defog|[of] p2a: Mandibuzz
|
|upkeep
|turn|19
|
|t:|1642455608
|move|p2a: Mandibuzz|Roost|p2a: Mandibuzz
|-heal|p2a: Mandibuzz|100/100
|-singleturn|p2a: Mandibuzz|move: Roost
|move|p1a: Celesteela|Heavy Slam|p2a: Mandibuzz
|-damage|p2a: Mandibuzz|76/100
|
|upkeep
|turn|20
|
|t:|1642455611
|move|p2a: Mandibuzz|U-turn|p1a: Celesteela
|-resisted|p1a: Celesteela
|-crit|p1a: Celesteela
|-damage|p1a: Celesteela|84/100
|
|t:|1642455613
|switch|p2a: Slowking|Slowking, M|100/100|[from]move: U-turn
|move|p1a: Celesteela|Heavy Slam|p2a: Slowking
|-resisted|p2a: Slowking
|-damage|p2a: Slowking|87/100
|
|upkeep
|turn|21
|
|t:|1642455625
|switch|p1a: Swampert|Swampert, F|75/100
|move|p2a: Slowking|Scald|p1a: Swampert
|-damage|p1a: Swampert|49/100
|
|-heal|p1a: Swampert|55/100|[from] item: Leftovers
|upkeep
|turn|22
|
|t:|1642455630
|move|p1a: Swampert|Stealth Rock|p2a: Slowking
|-sidestart|p2: hariyana grande|move: Stealth Rock
|move|p2a: Slowking|Scald|p1a: Swampert
|-damage|p1a: Swampert|30/100
|
|-heal|p1a: Swampert|36/100|[from] item: Leftovers
|upkeep
|turn|23
|
|t:|1642455632
|move|p1a: Swampert|Earthquake|p2a: Slowking
|-damage|p2a: Slowking|60/100
|move|p2a: Slowking|Teleport|p2a: Slowking
|
|t:|1642455647
|switch|p2a: Mandibuzz|Mandibuzz, F|76/100|[from]move: Teleport
|
|-heal|p1a: Swampert|42/100|[from] item: Leftovers
|upkeep
|turn|24
|
|t:|1642455655
|switch|p1a: Garbodor|Garbodor, F|56/100
|move|p2a: Mandibuzz|Foul Play|p1a: Garbodor
|-damage|p1a: Garbodor|12/100
|
|-heal|p1a: Garbodor|18/100|[from] item: Black Sludge
|upkeep
|turn|25
|
|t:|1642455661
|switch|p2a: Cobalion|Cobalion|100/100
|-damage|p2a: Cobalion|97/100|[from] Stealth Rock
|move|p1a: Garbodor|Gunk Shot|p2a: Cobalion
|-immune|p2a: Cobalion
|
|-heal|p2a: Cobalion|100/100|[from] item: Leftovers
|-heal|p1a: Garbodor|25/100|[from] item: Black Sludge
|upkeep
|turn|26
|
|t:|1642455668
|move|p2a: Cobalion|Close Combat|p1a: Garbodor
|-resisted|p1a: Garbodor
|-damage|p1a: Garbodor|0 fnt
|-unboost|p2a: Cobalion|def|1
|-unboost|p2a: Cobalion|spd|1
|-damage|p2a: Cobalion|76/100|[from] ability: Aftermath|[of] p1a: Garbodor
|faint|p1a: Garbodor
|
|-heal|p2a: Cobalion|82/100|[from] item: Leftovers
|upkeep
|
|t:|1642455678
|switch|p1a: Rotom|Rotom-Heat|94/100
|turn|27
|
|t:|1642455683
|switch|p2a: Nihilego|Nihilego|99/100
|-damage|p2a: Nihilego|88/100|[from] Stealth Rock
|move|p1a: Rotom|Volt Switch|p2a: Nihilego
|-damage|p2a: Nihilego|69/100
|
|t:|1642455686
|switch|p1a: Swampert|Swampert, F|42/100|[from]move: Volt Switch
|
|-heal|p2a: Nihilego|75/100|[from] item: Black Sludge
|-heal|p1a: Swampert|49/100|[from] item: Leftovers
|upkeep
|turn|28
|
|t:|1642455690
|switch|p2a: Slowking|Slowking, M|93/100
|move|p1a: Swampert|Flip Turn|p2a: Slowking
|-resisted|p2a: Slowking
|-damage|p2a: Slowking|85/100
|
|t:|1642455692
|switch|p1a: Rotom|Rotom-Heat|94/100|[from]move: Flip Turn
|
|upkeep
|turn|29
|
|t:|1642455697
|move|p1a: Rotom|Volt Switch|p2a: Slowking
|-supereffective|p2a: Slowking
|-damage|p2a: Slowking|48/100
|
|t:|1642455699
|switch|p1a: Swampert|Swampert, F|49/100|[from]move: Volt Switch
|move|p2a: Slowking|Teleport|p2a: Slowking
|
|t:|1642455702
|switch|p2a: Mandibuzz|Mandibuzz, F|76/100|[from]move: Teleport
|
|-heal|p1a: Swampert|55/100|[from] item: Leftovers
|upkeep
|turn|30
|
|t:|1642455707
|switch|p1a: Rotom|Rotom-Heat|94/100
|move|p2a: Mandibuzz|Foul Play|p1a: Rotom
|-damage|p1a: Rotom|75/100
|
|upkeep
|turn|31
|
|t:|1642455713
|move|p1a: Rotom|Volt Switch|p2a: Mandibuzz
|-supereffective|p2a: Mandibuzz
|-damage|p2a: Mandibuzz|32/100
|
|t:|1642455715
|switch|p1a: Swampert|Swampert, F|55/100|[from]move: Volt Switch
|move|p2a: Mandibuzz|Defog|p1a: Swampert
|-unboost|p1a: Swampert|evasion|1
|-sideend|p2: hariyana grande|Stealth Rock|[from] move: Defog|[of] p2a: Mandibuzz
|
|-heal|p1a: Swampert|61/100|[from] item: Leftovers
|upkeep
|turn|32
|
|t:|1642455717
|move|p2a: Mandibuzz|Roost|p2a: Mandibuzz
|-heal|p2a: Mandibuzz|82/100
|-singleturn|p2a: Mandibuzz|move: Roost
|move|p1a: Swampert|Stealth Rock|p2a: Mandibuzz
|-sidestart|p2: hariyana grande|move: Stealth Rock
|
|-heal|p1a: Swampert|67/100|[from] item: Leftovers
|upkeep
|turn|33
|l| Arxtric
|
|t:|1642455720
|switch|p1a: Rotom|Rotom-Heat|75/100
|move|p2a: Mandibuzz|Defog|p1a: Rotom
|-unboost|p1a: Rotom|evasion|1
|-sideend|p2: hariyana grande|Stealth Rock|[from] move: Defog|[of] p2a: Mandibuzz
|
|upkeep
|turn|34
|
|t:|1642455727
|move|p1a: Rotom|Nasty Plot|p1a: Rotom
|-boost|p1a: Rotom|spa|2
|move|p2a: Mandibuzz|U-turn|p1a: Rotom
|-resisted|p1a: Rotom
|-damage|p1a: Rotom|68/100
|
|t:|1642455729
|switch|p2a: Nihilego|Nihilego|75/100|[from]move: U-turn
|
|-heal|p2a: Nihilego|81/100|[from] item: Black Sludge
|upkeep
|turn|35
|
|t:|1642455732
|switch|p1a: Swampert|Swampert, F|67/100
|move|p2a: Nihilego|Power Gem|p1a: Swampert
|-resisted|p1a: Swampert
|-damage|p1a: Swampert|49/100
|
|-heal|p2a: Nihilego|87/100|[from] item: Black Sludge
|-heal|p1a: Swampert|55/100|[from] item: Leftovers
|upkeep
|turn|36
|
|t:|1642455741
|switch|p2a: Mandibuzz|Mandibuzz, F|82/100
|move|p1a: Swampert|Stealth Rock|p2a: Mandibuzz
|-sidestart|p2: hariyana grande|move: Stealth Rock
|
|-heal|p1a: Swampert|61/100|[from] item: Leftovers
|upkeep
|turn|37
|
|t:|1642455746
|switch|p1a: Rotom|Rotom-Heat|68/100
|move|p2a: Mandibuzz|Defog|p1a: Rotom
|-unboost|p1a: Rotom|evasion|1
|-sideend|p2: hariyana grande|Stealth Rock|[from] move: Defog|[of] p2a: Mandibuzz
|
|upkeep
|turn|38
|
|t:|1642455756
|move|p1a: Rotom|Volt Switch|p2a: Mandibuzz
|-supereffective|p2a: Mandibuzz
|-damage|p2a: Mandibuzz|40/100
|
|t:|1642455758
|switch|p1a: Swampert|Swampert, F|61/100|[from]move: Volt Switch
|move|p2a: Mandibuzz|Roost|p2a: Mandibuzz
|-heal|p2a: Mandibuzz|90/100
|-singleturn|p2a: Mandibuzz|move: Roost
|
|-heal|p1a: Swampert|67/100|[from] item: Leftovers
|upkeep
|turn|39
|
|t:|1642455763
|switch|p1a: Rotom|Rotom-Heat|68/100
|move|p2a: Mandibuzz|Foul Play|p1a: Rotom
|-damage|p1a: Rotom|50/100
|
|upkeep
|turn|40
|
|t:|1642455769
|switch|p2a: Nihilego|Nihilego|87/100
|move|p1a: Rotom|Nasty Plot|p1a: Rotom
|-boost|p1a: Rotom|spa|2
|
|-heal|p2a: Nihilego|93/100|[from] item: Black Sludge
|upkeep
|turn|41
|
|t:|1642455771
|switch|p1a: Swampert|Swampert, F|67/100
|move|p2a: Nihilego|Knock Off|p1a: Swampert
|-damage|p1a: Swampert|58/100
|-enditem|p1a: Swampert|Leftovers|[from] move: Knock Off|[of] p2a: Nihilego
|
|-heal|p2a: Nihilego|99/100|[from] item: Black Sludge
|upkeep
|turn|42
|
|t:|1642455776
|switch|p2a: Mandibuzz|Mandibuzz, F|90/100
|move|p1a: Swampert|Stealth Rock|p2a: Mandibuzz
|-sidestart|p2: hariyana grande|move: Stealth Rock
|
|upkeep
|turn|43
|
|t:|1642455779
|switch|p1a: Rotom|Rotom-Heat|50/100
|move|p2a: Mandibuzz|Foul Play|p1a: Rotom
|-crit|p1a: Rotom
|-damage|p1a: Rotom|23/100
|
|upkeep
|turn|44
|
|t:|1642455783
|move|p1a: Rotom|Pain Split|p2a: Mandibuzz
|-sethp|p2a: Mandibuzz|53/100|[from] move: Pain Split|[silent]
|-sethp|p1a: Rotom|74/100|[from] move: Pain Split
|move|p2a: Mandibuzz|Defog|p1a: Rotom
|-unboost|p1a: Rotom|evasion|1
|-sideend|p2: hariyana grande|Stealth Rock|[from] move: Defog|[of] p2a: Mandibuzz
|
|upkeep
|turn|45
|
|t:|1642455794
|move|p1a: Rotom|Nasty Plot|p1a: Rotom
|-boost|p1a: Rotom|spa|2
|move|p2a: Mandibuzz|Roost|p2a: Mandibuzz
|-heal|p2a: Mandibuzz|100/100
|-singleturn|p2a: Mandibuzz|move: Roost
|
|upkeep
|turn|46
|
|t:|1642455797
|switch|p2a: Nihilego|Nihilego|99/100
|move|p1a: Rotom|Volt Switch|p2a: Nihilego
|-damage|p2a: Nihilego|60/100
|
|t:|1642455799
|switch|p1a: Swampert|Swampert, F|58/100|[from]move: Volt Switch
|
|-heal|p2a: Nihilego|66/100|[from] item: Black Sludge
|upkeep
|turn|47
|
|t:|1642455803
|move|p2a: Nihilego|Sludge Bomb|p1a: Swampert
|-resisted|p1a: Swampert
|-damage|p1a: Swampert|37/100
|move|p1a: Swampert|Flip Turn|p2a: Nihilego
|-supereffective|p2a: Nihilego
|-damage|p2a: Nihilego|0 fnt
|faint|p2a: Nihilego
|j| Arxtric
|
|t:|1642455805
|switch|p1a: Rotom|Rotom-Heat|74/100|[from]move: Flip Turn
|
|upkeep
|
|t:|1642455811
|switch|p2a: Slowking|Slowking, M|81/100
|turn|48
|
|t:|1642455813
|move|p1a: Rotom|Volt Switch|p2a: Slowking
|-supereffective|p2a: Slowking
|-damage|p2a: Slowking|42/100
|
|t:|1642455816
|switch|p1a: Dhelmise|Dhelmise|30/100|[from]move: Volt Switch
|move|p2a: Slowking|Scald|p1a: Dhelmise
|-resisted|p1a: Dhelmise
|-damage|p1a: Dhelmise|22/100
|
|upkeep
|turn|49
|
|t:|1642455827
|switch|p2a: Mandibuzz|Mandibuzz, F|100/100
|move|p1a: Dhelmise|Poltergeist|p2a: Mandibuzz
|-activate|p2a: Mandibuzz|move: Poltergeist|Heavy-Duty Boots
|-resisted|p2a: Mandibuzz
|-damage|p2a: Mandibuzz|85/100
|
|upkeep
|turn|50
|
|t:|1642455834
|switch|p1a: Rotom|Rotom-Heat|74/100
|move|p2a: Mandibuzz|Foul Play|p1a: Rotom
|-damage|p1a: Rotom|56/100
|
|upkeep
|turn|51
|
|t:|1642455837
|move|p1a: Rotom|Volt Switch|p2a: Mandibuzz
|-supereffective|p2a: Mandibuzz
|-damage|p2a: Mandibuzz|39/100
|
|t:|1642455840
|switch|p1a: Swampert|Swampert, F|37/100|[from]move: Volt Switch
|move|p2a: Mandibuzz|U-turn|p1a: Swampert
|-damage|p1a: Swampert|29/100
|
|t:|1642455863
|switch|p2a: Slowking|Slowking, M|76/100|[from]move: U-turn
|
|upkeep
|turn|52
|
|t:|1642455869
|move|p1a: Swampert|Flip Turn|p2a: Slowking
|-resisted|p2a: Slowking
|-damage|p2a: Slowking|67/100
|
|t:|1642455873
|switch|p1a: Dhelmise|Dhelmise|22/100|[from]move: Flip Turn
|move|p2a: Slowking|Scald|p1a: Dhelmise
|-resisted|p1a: Dhelmise
|-damage|p1a: Dhelmise|14/100
|
|upkeep
|turn|53
|
|t:|1642455876
|switch|p1a: Rotom|Rotom-Heat|56/100
|move|p2a: Slowking|Teleport|p2a: Slowking
|
|t:|1642455899
|switch|p2a: Golisopod|Golisopod, F|83/100|[from]move: Teleport
|
|upkeep
|turn|54
|
|t:|1642455903
|switch|p1a: Celesteela|Celesteela|84/100
|move|p2a: Golisopod|Aqua Jet|p1a: Celesteela
|-damage|p1a: Celesteela|64/100
|
|upkeep
|turn|55
|
|t:|1642455909
|move|p1a: Celesteela|Leech Seed|p2a: Golisopod
|-start|p2a: Golisopod|move: Leech Seed
|move|p2a: Golisopod|Liquidation|p1a: Celesteela
|-damage|p1a: Celesteela|26/100
|-unboost|p1a: Celesteela|def|1
|
|-damage|p2a: Golisopod|71/100|[from] Leech Seed|[of] p1a: Celesteela
|-heal|p1a: Celesteela|37/100|[silent]
|upkeep
|turn|56
|
|t:|1642455913
|switch|p2a: Slowking|Slowking, M|99/100
|move|p1a: Celesteela|Flamethrower|p2a: Slowking
|-resisted|p2a: Slowking
|-damage|p2a: Slowking|92/100
|
|upkeep
|turn|57
|
|t:|1642455917
|move|p1a: Celesteela|Leech Seed|p2a: Slowking
|-start|p2a: Slowking|move: Leech Seed
|move|p2a: Slowking|Teleport|p2a: Slowking
|
|t:|1642455919
|switch|p2a: Mandibuzz|Mandibuzz, F|39/100|[from]move: Teleport
|
|upkeep
|turn|58
|
|t:|1642455922
|move|p2a: Mandibuzz|Roost|p2a: Mandibuzz
|-heal|p2a: Mandibuzz|89/100
|-singleturn|p2a: Mandibuzz|move: Roost
|move|p1a: Celesteela|Heavy Slam|p2a: Mandibuzz
|-damage|p2a: Mandibuzz|65/100
|
|upkeep
|turn|59
|
|t:|1642455925
|move|p2a: Mandibuzz|Foul Play|p1a: Celesteela
|-damage|p1a: Celesteela|0 fnt
|faint|p1a: Celesteela
|
|upkeep
|l| Arxtric
|
|t:|1642455930
|switch|p1a: Rotom|Rotom-Heat|56/100
|turn|60
|
|t:|1642455936
|move|p1a: Rotom|Nasty Plot|p1a: Rotom
|-boost|p1a: Rotom|spa|2
|move|p2a: Mandibuzz|U-turn|p1a: Rotom
|-resisted|p1a: Rotom
|-damage|p1a: Rotom|50/100
|j| Arxtric
|
|t:|1642455939
|switch|p2a: Cobalion|Cobalion|82/100|[from]move: U-turn
|
|-heal|p2a: Cobalion|88/100|[from] item: Leftovers
|upkeep
|turn|61
|
|t:|1642455943
|move|p2a: Cobalion|Close Combat|p1a: Rotom
|-damage|p1a: Rotom|0 fnt
|-unboost|p2a: Cobalion|def|1
|-unboost|p2a: Cobalion|spd|1
|faint|p1a: Rotom
|
|-heal|p2a: Cobalion|94/100|[from] item: Leftovers
|upkeep
|
|t:|1642455948
|switch|p1a: Swampert|Swampert, F|29/100
|turn|62
|
|t:|1642455952
|move|p2a: Cobalion|Close Combat|p1a: Swampert
|-damage|p1a: Swampert|0 fnt
|-unboost|p2a: Cobalion|def|1
|-unboost|p2a: Cobalion|spd|1
|faint|p1a: Swampert
|
|-heal|p2a: Cobalion|100/100|[from] item: Leftovers
|upkeep
|
|t:|1642455954
|switch|p1a: Dhelmise|Dhelmise|14/100
|turn|63
|
|t:|1642455956
|move|p2a: Cobalion|Iron Head|p1a: Dhelmise
|-damage|p1a: Dhelmise|0 fnt
|faint|p1a: Dhelmise
|
|win|hariyana grande
|n|☆Y1theking100|y1theking100
|n|☆hariyana grande|hariyanagrande
|n| Jadorimu|jadorimu
|n| Aqua8Jet|aqua8jet
|n| Arxtric|arxtric
|c|☆hariyana grande|gg
|c|☆Y1theking100|gg
|l|☆hariyana grande
|l|☆Y1theking100
|c| Jadorimu|Well played everyone
|l| Arxtric
|l| Jadorimu
