|j|☆vivemacron
|j|☆AyanokoujiKiyotaka
|t:|1612806334
|player|p1|vivemacron|lucian|1416
|player|p2|AyanokoujiKiyotaka|cheren|1317
|teamsize|p1|6
|teamsize|p2|6
|gametype|singles
|gen|8
|tier|[Gen 8] UU
|rated|
|clearpoke
|poke|p1|Scizor, F|
|poke|p1|Slowking, M|
|poke|p1|Kommo-o, F|
|poke|p1|Ditto|
|poke|p1|Nihilego|
|poke|p1|Rotom-Heat|
|poke|p2|Chandelure, F|
|poke|p2|Chansey, F|
|poke|p2|Umbreon, M|
|poke|p2|Tangrowth, F|
|poke|p2|Mantine, F|
|poke|p2|Slowbro-Galar, F|
|rule|Sleep Clause Mod: Limit one foe put to sleep
|rule|Species Clause: Limit one of each Pokémon
|rule|OHKO Clause: OHKO moves are banned
|rule|Evasion Moves Clause: Evasion moves are banned
|rule|Endless Battle Clause: Forcing endless battles is banned
|rule|HP Percentage Mod: HP is shown in percentages
|rule|Dynamax Clause: You cannot dynamax
|teampreview
|inactive|Battle timer is ON: inactive players will automatically lose when time's up. (requested by AyanokoujiKiyotaka)
|
|t:|1612806351
|start
|switch|p1a: Scizor|Scizor, F|100/100
|switch|p2a: Yuu Otosaka|Slowbro-Galar, F|100/100
|turn|1
|
|t:|1612806357
|switch|p2a: Nao Tomori|Tangrowth, F|100/100
|move|p1a: Scizor|Knock Off|p2a: Nao Tomori
|-damage|p2a: Nao Tomori|75/100
|-damage|p1a: Scizor|84/100|[from] item: Rocky Helmet|[of] p2a: Nao Tomori
|-enditem|p2a: Nao Tomori|Rocky Helmet|[from] move: Knock Off|[of] p1a: Scizor
|-damage|p1a: Scizor|74/100|[from] item: Life Orb
|
|upkeep
|turn|2
|
|t:|1612806365
|move|p1a: Scizor|U-turn|p2a: Nao Tomori
|-supereffective|p2a: Nao Tomori
|-damage|p2a: Nao Tomori|19/100
|-damage|p1a: Scizor|64/100|[from] item: Life Orb
|
|t:|1612806371
|switch|p1a: Rotom|Rotom-Heat|100/100|[from]move: U-turn
|move|p2a: Nao Tomori|Leech Seed|p1a: Rotom
|-start|p1a: Rotom|move: Leech Seed
|
|-damage|p1a: Rotom|88/100|[from] Leech Seed|[of] p2a: Nao Tomori
|-heal|p2a: Nao Tomori|30/100|[silent]
|upkeep
|turn|3
|
|t:|1612806380
|move|p2a: Nao Tomori|Protect|p2a: Nao Tomori
|-singleturn|p2a: Nao Tomori|Protect
|move|p1a: Rotom|Volt Switch|p2a: Nao Tomori
|-activate|p2a: Nao Tomori|move: Protect
|
|-damage|p1a: Rotom|76/100|[from] Leech Seed|[of] p2a: Nao Tomori
|-heal|p2a: Nao Tomori|41/100|[silent]
|upkeep
|turn|4
|
|t:|1612806399
|switch|p2a: Yuu Otosaka|Slowbro-Galar, F|100/100
|move|p1a: Rotom|Overheat|p2a: Yuu Otosaka
|-damage|p2a: Yuu Otosaka|68/100
|-unboost|p1a: Rotom|spa|2
|
|-damage|p1a: Rotom|64/100|[from] Leech Seed|[of] p2a: Yuu Otosaka
|-heal|p2a: Yuu Otosaka|79/100|[silent]
|upkeep
|turn|5
|
|t:|1612806414
|move|p1a: Rotom|Pain Split|p2a: Yuu Otosaka
|-sethp|p2a: Yuu Otosaka|68/100|[from] move: Pain Split|[silent]
|-sethp|p1a: Rotom|75/100|[from] move: Pain Split
|move|p2a: Yuu Otosaka|Future Sight|p1a: Rotom
|-start|p2a: Yuu Otosaka|move: Future Sight
|
|-damage|p1a: Rotom|63/100|[from] Leech Seed|[of] p2a: Yuu Otosaka
|-heal|p2a: Yuu Otosaka|80/100|[silent]
|upkeep
|turn|6
|
|t:|1612806425
|switch|p1a: Slowking|Slowking, M|100/100
|move|p2a: Yuu Otosaka|Earthquake|p1a: Slowking
|-damage|p1a: Slowking|84/100
|
|upkeep
|turn|7
|
|t:|1612806431
|switch|p2a: Charlotte|Chandelure, F, shiny|100/100
|move|p1a: Slowking|Future Sight|p2a: Charlotte
|-start|p1a: Slowking|move: Future Sight
|
|-end|p1a: Slowking|move: Future Sight
|-resisted|p1a: Slowking
|-damage|p1a: Slowking|67/100
|upkeep
|turn|8
|
|t:|1612806440
|switch|p1a: Kommo-o|Kommo-o, F|100/100
|move|p2a: Charlotte|Trick|p1a: Kommo-o
|-activate|p2a: Charlotte|move: Trick|[of] p1a: Kommo-o
|-item|p1a: Kommo-o|Choice Scarf|[from] move: Trick
|-item|p2a: Charlotte|Leftovers|[from] move: Trick
|
|upkeep
|turn|9
|
|t:|1612806447
|switch|p2a: Yuu Otosaka|Slowbro-Galar, F|100/100
|move|p1a: Kommo-o|Stealth Rock|p2a: Yuu Otosaka
|-sidestart|p2: AyanokoujiKiyotaka|move: Stealth Rock
|
|-end|p2a: Yuu Otosaka|move: Future Sight
|-damage|p2a: Yuu Otosaka|71/100
|upkeep
|turn|10
|
|t:|1612806456
|switch|p1a: Slowking|Slowking, M|99/100
|move|p2a: Yuu Otosaka|Future Sight|p1a: Slowking
|-start|p2a: Yuu Otosaka|move: Future Sight
|
|upkeep
|turn|11
|
|t:|1612806485
|switch|p2a: Tomioka|Mantine, F|100/100
|move|p1a: Slowking|Psyshock|p2a: Tomioka
|-damage|p2a: Tomioka|68/100
|
|upkeep
|turn|12
|
|t:|1612806491
|move|p2a: Tomioka|Defog|p1a: Slowking
|-unboost|p1a: Slowking|evasion|1
|-sideend|p2: AyanokoujiKiyotaka|Stealth Rock|[from] move: Defog|[of] p2a: Tomioka
|move|p1a: Slowking|Future Sight|p2a: Tomioka
|-start|p1a: Slowking|move: Future Sight
|
|-end|p1a: Slowking|move: Future Sight
|-resisted|p1a: Slowking
|-damage|p1a: Slowking|83/100
|upkeep
|turn|13
|
|t:|1612806498
|move|p2a: Tomioka|Toxic|p1a: Slowking
|-status|p1a: Slowking|tox
|move|p1a: Slowking|Psyshock|p2a: Tomioka
|-damage|p2a: Tomioka|40/100
|
|-damage|p1a: Slowking|77/100 tox|[from] psn
|upkeep
|turn|14
|
|t:|1612806506
|switch|p2a: Umbreon|Umbreon, M, shiny|100/100
|switch|p1a: Rotom|Rotom-Heat|63/100
|
|-end|p2a: Umbreon|move: Future Sight
|-immune|p2a: Umbreon
|upkeep
|turn|15
|
|t:|1612806515
|move|p1a: Rotom|Volt Switch|p2a: Umbreon
|-damage|p2a: Umbreon|85/100
|
|t:|1612806519
|switch|p1a: Scizor|Scizor, F|64/100|[from]move: Volt Switch
|move|p2a: Umbreon|Wish|p2a: Umbreon
|
|-heal|p2a: Umbreon|91/100|[from] item: Leftovers
|upkeep
|turn|16
|
|t:|1612806529
|switch|p2a: Nao Tomori|Tangrowth, F|74/100
|move|p1a: Scizor|Knock Off|p2a: Nao Tomori
|-damage|p2a: Nao Tomori|57/100
|-damage|p1a: Scizor|54/100|[from] item: Life Orb
|
|-heal|p2a: Nao Tomori|100/100|[from] move: Wish|[wisher] Umbreon
|upkeep
|turn|17
|
|t:|1612806538
|move|p1a: Scizor|Roost|p1a: Scizor
|-heal|p1a: Scizor|100/100
|-singleturn|p1a: Scizor|move: Roost
|move|p2a: Nao Tomori|Leech Seed|p1a: Scizor
|-start|p1a: Scizor|move: Leech Seed
|
|-damage|p1a: Scizor|88/100|[from] Leech Seed|[of] p2a: Nao Tomori
|upkeep
|turn|18
|
|t:|1612806551
|switch|p1a: Nihilego|Nihilego|100/100
|move|p2a: Nao Tomori|Protect||[still]
|-fail|p2a: Nao Tomori
|
|upkeep
|turn|19
|inactive|AyanokoujiKiyotaka has 120 seconds left.
|inactive|AyanokoujiKiyotaka has 90 seconds left.
|
|t:|1612806613
|switch|p2a: Tsunade|Chansey, F|100/100
|move|p1a: Nihilego|Sludge Wave|p2a: Tsunade
|-damage|p2a: Tsunade|91/100
|
|upkeep
|turn|20
|
|t:|1612806618
|switch|p1a: Kommo-o|Kommo-o, F|100/100
|move|p2a: Tsunade|Stealth Rock|p1a: Kommo-o
|-sidestart|p1: vivemacron|move: Stealth Rock
|
|upkeep
|turn|21
|
|t:|1612806624
|switch|p2a: Tomioka|Mantine, F|40/100
|move|p1a: Kommo-o|Stealth Rock|p2a: Tomioka
|-sidestart|p2: AyanokoujiKiyotaka|move: Stealth Rock
|
|upkeep
|turn|22
|
|t:|1612806632
|switch|p1a: Rotom|Rotom-Heat|63/100
|move|p2a: Tomioka|Defog|p1a: Rotom
|-unboost|p1a: Rotom|evasion|1
|-sideend|p1: vivemacron|Stealth Rock|[from] move: Defog|[of] p2a: Tomioka
|-sideend|p2: AyanokoujiKiyotaka|Stealth Rock|[from] move: Defog|[of] p2a: Tomioka
|
|upkeep
|turn|23
|
|t:|1612806639
|switch|p2a: Tsunade|Chansey, F|91/100
|move|p1a: Rotom|Volt Switch|p2a: Tsunade
|-damage|p2a: Tsunade|85/100
|
|t:|1612806645
|switch|p1a: Scizor|Scizor, F|88/100|[from]move: Volt Switch
|
|upkeep
|turn|24
|inactive|AyanokoujiKiyotaka has 120 seconds left.
|
|t:|1612806671
|move|p2a: Tsunade|Protect|p2a: Tsunade
|-singleturn|p2a: Tsunade|Protect
|move|p1a: Scizor|U-turn|p2a: Tsunade
|-activate|p2a: Tsunade|move: Protect
|
|upkeep
|turn|25
|
|t:|1612806677
|switch|p2a: Nao Tomori|Tangrowth, F|100/100
|move|p1a: Scizor|Knock Off|p2a: Nao Tomori
|-damage|p2a: Nao Tomori|83/100
|-damage|p1a: Scizor|78/100|[from] item: Life Orb
|
|upkeep
|turn|26
|inactive|AyanokoujiKiyotaka has 120 seconds left.
|
|t:|1612806689
|move|p1a: Scizor|U-turn|p2a: Nao Tomori
|-supereffective|p2a: Nao Tomori
|-damage|p2a: Nao Tomori|22/100
|-damage|p1a: Scizor|68/100|[from] item: Life Orb
|
|t:|1612806696
|switch|p1a: Ditto|Ditto|100/100|[from]move: U-turn
|-transform|p1a: Ditto|p2a: Nao Tomori|[from] ability: Imposter
|move|p2a: Nao Tomori|Toxic|p1a: Ditto
|-status|p1a: Ditto|tox
|
|-damage|p1a: Ditto|94/100 tox|[from] psn
|upkeep
|turn|27
|inactive|AyanokoujiKiyotaka has 120 seconds left.
|
|t:|1612806711
|switch|p2a: Yuu Otosaka|Slowbro-Galar, F|100/100
|move|p1a: Ditto|Toxic|p2a: Yuu Otosaka|[miss]
|-miss|p1a: Ditto|p2a: Yuu Otosaka
|
|-damage|p1a: Ditto|82/100 tox|[from] psn
|upkeep
|turn|28
|
|t:|1612806719
|switch|p1a: Rotom|Rotom-Heat|63/100
|switch|p2a: Nao Tomori|Tangrowth, F|55/100
|
|upkeep
|turn|29
|
|t:|1612806726
|switch|p2a: Yuu Otosaka|Slowbro-Galar, F|100/100
|move|p1a: Rotom|Pain Split|p2a: Yuu Otosaka
|-sethp|p2a: Yuu Otosaka|79/100|[from] move: Pain Split|[silent]
|-sethp|p1a: Rotom|86/100|[from] move: Pain Split
|
|upkeep
|turn|30
|
|t:|1612806735
|move|p1a: Rotom|Volt Switch|p2a: Yuu Otosaka
|-damage|p2a: Yuu Otosaka|61/100
|
|t:|1612806744
|switch|p1a: Kommo-o|Kommo-o, F|100/100|[from]move: Volt Switch
|move|p2a: Yuu Otosaka|Shell Side Arm|p1a: Kommo-o
|-damage|p1a: Kommo-o|70/100
|-hint|Special Shell Side Arm
|
|upkeep
|turn|31
|
|t:|1612806751
|switch|p2a: Tomioka|Mantine, F|40/100
|move|p1a: Kommo-o|Stealth Rock|p2a: Tomioka
|-sidestart|p2: AyanokoujiKiyotaka|move: Stealth Rock
|
|upkeep
|turn|32
|
|t:|1612806760
|switch|p1a: Rotom|Rotom-Heat|86/100
|move|p2a: Tomioka|Defog|p1a: Rotom
|-unboost|p1a: Rotom|evasion|1
|-sideend|p2: AyanokoujiKiyotaka|Stealth Rock|[from] move: Defog|[of] p2a: Tomioka
|
|upkeep
|turn|33
|
|t:|1612806769
|switch|p2a: Yuu Otosaka|Slowbro-Galar, F|94/100
|move|p1a: Rotom|Volt Switch|p2a: Yuu Otosaka
|-damage|p2a: Yuu Otosaka|79/100
|
|t:|1612806781
|switch|p1a: Scizor|Scizor, F|68/100|[from]move: Volt Switch
|
|upkeep
|turn|34
|
|t:|1612806795
|move|p1a: Scizor|U-turn|p2a: Yuu Otosaka
|-damage|p2a: Yuu Otosaka|43/100
|-damage|p1a: Scizor|58/100|[from] item: Life Orb
|
|t:|1612806804
|switch|p1a: Rotom|Rotom-Heat|86/100|[from]move: U-turn
|move|p2a: Yuu Otosaka|Future Sight|p1a: Rotom
|-start|p2a: Yuu Otosaka|move: Future Sight
|
|upkeep
|turn|35
|
|t:|1612806809
|move|p1a: Rotom|Volt Switch|p2a: Yuu Otosaka
|-crit|p2a: Yuu Otosaka
|-damage|p2a: Yuu Otosaka|17/100
|
|t:|1612806814
|switch|p1a: Scizor|Scizor, F|58/100|[from]move: Volt Switch
|move|p2a: Yuu Otosaka|Earthquake|p1a: Scizor
|-damage|p1a: Scizor|38/100
|
|upkeep
|turn|36
|
|t:|1612806824
|switch|p2a: Nao Tomori|Tangrowth, F|88/100
|move|p1a: Scizor|Roost|p1a: Scizor
|-heal|p1a: Scizor|88/100
|-singleturn|p1a: Scizor|move: Roost
|
|-end|p1a: Scizor|move: Future Sight
|-resisted|p1a: Scizor
|-damage|p1a: Scizor|64/100
|upkeep
|turn|37
|
|t:|1612806836
|move|p1a: Scizor|U-turn|p2a: Nao Tomori
|-supereffective|p2a: Nao Tomori
|-damage|p2a: Nao Tomori|28/100
|-damage|p1a: Scizor|54/100|[from] item: Life Orb
|
|t:|1612806841
|switch|p1a: Rotom|Rotom-Heat|86/100|[from]move: U-turn
|move|p2a: Nao Tomori|Leech Seed|p1a: Rotom
|-start|p1a: Rotom|move: Leech Seed
|
|-damage|p1a: Rotom|74/100|[from] Leech Seed|[of] p2a: Nao Tomori
|-heal|p2a: Nao Tomori|39/100|[silent]
|upkeep
|turn|38
|
|t:|1612806850
|switch|p1a: Nihilego|Nihilego|100/100
|move|p2a: Nao Tomori|Protect||[still]
|-fail|p2a: Nao Tomori
|
|upkeep
|turn|39
|
|t:|1612806857
|switch|p1a: Scizor|Scizor, F|54/100
|switch|p2a: Tsunade|Chansey, F|85/100
|
|upkeep
|turn|40
|
|t:|1612806864
|move|p1a: Scizor|Knock Off|p2a: Tsunade
|-crit|p2a: Tsunade
|-damage|p2a: Tsunade|0 fnt
|-enditem|p2a: Tsunade|Eviolite|[from] move: Knock Off|[of] p1a: Scizor
|-damage|p1a: Scizor|44/100|[from] item: Life Orb
|faint|p2a: Tsunade
|
|upkeep
|
|t:|1612806867
|switch|p2a: Charlotte|Chandelure, F, shiny|100/100
|turn|41
|
|t:|1612806892
|switch|p1a: Nihilego|Nihilego|100/100
|move|p2a: Charlotte|Shadow Ball|p1a: Nihilego
|-damage|p1a: Nihilego|68/100
|
|upkeep
|turn|42
|
|t:|1612806903
|switch|p2a: Umbreon|Umbreon, M, shiny|91/100
|move|p1a: Nihilego|Meteor Beam||[still]
|-prepare|p1a: Nihilego|Meteor Beam
|-boost|p1a: Nihilego|spa|1
|-enditem|p1a: Nihilego|Power Herb
|-anim|p1a: Nihilego|Meteor Beam|p2a: Umbreon
|-damage|p2a: Umbreon|31/100
|
|-heal|p2a: Umbreon|37/100|[from] item: Leftovers
|upkeep
|turn|43
|
|t:|1612806913
|move|p1a: Nihilego|Sludge Wave|p2a: Umbreon
|-damage|p2a: Umbreon|0 fnt
|faint|p2a: Umbreon
|-ability|p1a: Nihilego|Beast Boost|boost
|-boost|p1a: Nihilego|spe|1
|
|upkeep
|-message|AyanokoujiKiyotaka forfeited.
|
|win|vivemacron
|l|☆AyanokoujiKiyotaka
||Ladder (probably) updated, but score could not be retrieved (Request timeout).
