|j|☆bioche80
|j|☆Yogurt64
|t:|1640794188
|gametype|singles
|player|p1|bioche80|hugh|1454
|player|p2|Yogurt64|hilbert|1336
|teamsize|p1|6
|teamsize|p2|6
|gen|8
|tier|[Gen 8] UU
|rated|
|rule|Sleep Clause Mod: Limit one foe put to sleep
|rule|Species Clause: Limit one of each Pokémon
|rule|OHKO Clause: OHKO moves are banned
|rule|Evasion Moves Clause: Evasion moves are banned
|rule|Endless Battle Clause: Forcing endless battles is banned
|rule|HP Percentage Mod: HP is shown in percentages
|rule|Dynamax Clause: You cannot dynamax
|clearpoke
|poke|p1|Leafeon, F|
|poke|p1|Nihilego|
|poke|p1|Moltres-Galar|
|poke|p1|Salamence, M|
|poke|p1|Swampert, M|
|poke|p1|Darmanitan, M|
|poke|p2|Salamence, M|
|poke|p2|Amoonguss, M|
|poke|p2|Conkeldurr, F|
|poke|p2|Mandibuzz, F|
|poke|p2|Entei|
|poke|p2|Thundurus-Therian, M|
|teampreview
|inactive|Battle timer is ON: inactive players will automatically lose when time's up. (requested by Yogurt64)
|
|t:|1640794211
|start
|switch|p1a: Nihilego|Nihilego|100/100
|switch|p2a: Amoonguss|Amoonguss, M|100/100
|turn|1
|
|t:|1640794217
|switch|p1a: Moltres|Moltres-Galar|100/100
|move|p2a: Amoonguss|Spore|p1a: Moltres
|-status|p1a: Moltres|slp|[from] move: Spore
|
|upkeep
|turn|2
|
|t:|1640794223
|switch|p1a: Nihilego|Nihilego|100/100
|switch|p2a: Thundurus|Thundurus-Therian, M|100/100
|
|upkeep
|turn|3
|
|t:|1640794230
|switch|p2a: Amoonguss|Amoonguss, M|100/100
|move|p1a: Nihilego|Power Gem|p2a: Amoonguss
|-damage|p2a: Amoonguss|47/100
|
|upkeep
|turn|4
|
|t:|1640794254
|switch|p2a: Conkeldurr|Conkeldurr, F|100/100
|move|p1a: Nihilego|Power Gem|p2a: Conkeldurr
|-resisted|p2a: Conkeldurr
|-damage|p2a: Conkeldurr|68/100
|
|-status|p2a: Conkeldurr|brn|[from] item: Flame Orb
|upkeep
|turn|5
|
|t:|1640794262
|switch|p1a: Salamence|Salamence, M|100/100
|-ability|p1a: Salamence|Intimidate|boost
|-unboost|p2a: Conkeldurr|atk|1
|move|p2a: Conkeldurr|Knock Off|p1a: Salamence
|-damage|p1a: Salamence|63/100
|-enditem|p1a: Salamence|Heavy-Duty Boots|[from] move: Knock Off|[of] p2a: Conkeldurr
|
|-damage|p2a: Conkeldurr|62/100 brn|[from] brn
|upkeep
|turn|6
|
|t:|1640794274
|switch|p2a: Mandibuzz|Mandibuzz, F|100/100
|move|p1a: Salamence|Dual Wingbeat|p2a: Mandibuzz
|-damage|p2a: Mandibuzz|87/100
|-damage|p2a: Mandibuzz|74/100
|-hitcount|p2a: Mandibuzz|2
|
|upkeep
|turn|7
|
|t:|1640794282
|switch|p1a: Nihilego|Nihilego|100/100
|move|p2a: Mandibuzz|U-turn|p1a: Nihilego
|-resisted|p1a: Nihilego
|-damage|p1a: Nihilego|90/100
|
|t:|1640794292
|switch|p2a: Conkeldurr|Conkeldurr, F|62/100 brn|[from]move: U-turn
|
|-damage|p2a: Conkeldurr|56/100 brn|[from] brn
|upkeep
|turn|8
|
|t:|1640794298
|move|p1a: Nihilego|Sludge Wave|p2a: Conkeldurr
|-damage|p2a: Conkeldurr|0 fnt
|faint|p2a: Conkeldurr
|-ability|p1a: Nihilego|Beast Boost|boost
|-boost|p1a: Nihilego|spa|1
|
|upkeep
|
|t:|1640794304
|switch|p2a: Amoonguss|Amoonguss, M|80/100
|turn|9
|
|t:|1640794308
|move|p1a: Nihilego|Sludge Wave|p2a: Amoonguss
|-damage|p2a: Amoonguss|0 fnt
|faint|p2a: Amoonguss
|-ability|p1a: Nihilego|Beast Boost|boost
|-boost|p1a: Nihilego|spa|1
|
|upkeep
|j| Y1THEKING
|
|t:|1640794313
|switch|p2a: Mandibuzz|Mandibuzz, F|74/100
|turn|10
|
|t:|1640794315
|move|p1a: Nihilego|Sludge Wave|p2a: Mandibuzz
|-damage|p2a: Mandibuzz|0 fnt
|faint|p2a: Mandibuzz
|-ability|p1a: Nihilego|Beast Boost|boost
|-boost|p1a: Nihilego|spa|1
|
|upkeep
|
|t:|1640794319
|switch|p2a: Entei|Entei|100/100
|turn|11
|l| Y1THEKING
|
|t:|1640794322
|move|p1a: Nihilego|Sludge Wave|p2a: Entei
|-damage|p2a: Entei|0 fnt
|faint|p2a: Entei
|-ability|p1a: Nihilego|Beast Boost|boost
|-boost|p1a: Nihilego|spa|1
|
|upkeep
|c|☆Yogurt64|gg
|
|t:|1640794329
|switch|p2a: Salamence|Salamence, M|100/100
|turn|12
|c|☆bioche80|gg
|
|t:|1640794333
|move|p1a: Nihilego|Sludge Wave|p2a: Salamence
|-crit|p2a: Salamence
|-damage|p2a: Salamence|0 fnt
|faint|p2a: Salamence
|-ability|p1a: Nihilego|Beast Boost|boost
|-boost|p1a: Nihilego|spa|1
|
|upkeep
|
|t:|1640794336
|switch|p2a: Thundurus|Thundurus-Therian, M|100/100
|turn|13
|
|t:|1640794340
|move|p1a: Nihilego|Sludge Wave|p2a: Thundurus
|-damage|p2a: Thundurus|0 fnt
|faint|p2a: Thundurus
|
|win|bioche80
|raw|bioche80's rating: 1454 &rarr; <strong>1467</strong><br />(+13 for winning)
|raw|Yogurt64's rating: 1336 &rarr; <strong>1323</strong><br />(-13 for losing)
|l|☆Yogurt64
