|j|☆UUBF1 No
|j|☆2.6k player
|t:|1612849686
|player|p1|UUBF1 No|wally|1365
|player|p2|2.6k player|misty|1399
|teamsize|p1|6
|teamsize|p2|6
|gametype|singles
|gen|8
|tier|[Gen 8] UU
|rated|
|clearpoke
|poke|p1|Keldeo-Resolute|
|poke|p1|Shuckle, F|
|poke|p1|Bisharp, M|
|poke|p1|Kommo-o, M|
|poke|p1|Mimikyu, F|
|poke|p1|Thundurus-Therian, M|
|poke|p2|Magnezone|
|poke|p2|Crawdaunt, M|
|poke|p2|Alakazam, M|
|poke|p2|Nihilego|
|poke|p2|Bisharp, M|
|poke|p2|Tapu Bulu|
|rule|Sleep Clause Mod: Limit one foe put to sleep
|rule|Species Clause: Limit one of each Pokémon
|rule|OHKO Clause: OHKO moves are banned
|rule|Evasion Moves Clause: Evasion moves are banned
|rule|Endless Battle Clause: Forcing endless battles is banned
|rule|HP Percentage Mod: HP is shown in percentages
|rule|Dynamax Clause: You cannot dynamax
|teampreview
|c|☆UUBF1 No|hf
|inactive|Battle timer is ON: inactive players will automatically lose when time's up. (requested by 2.6k player)
|
|t:|1612849704
|start
|switch|p1a: Shuckle|Shuckle, F|100/100
|switch|p2a: Cutie UwU|Crawdaunt, M|100/100
|turn|1
|c|☆2.6k player|gl hf
|
|t:|1612849709
|move|p2a: Cutie UwU|Liquidation|p1a: Shuckle
|-supereffective|p1a: Shuckle
|-ability|p1a: Shuckle|Sturdy
|-damage|p1a: Shuckle|1/100
|move|p1a: Shuckle|Sticky Web|p2a: Cutie UwU
|-sidestart|p2: 2.6k player|move: Sticky Web
|
|upkeep
|turn|2
|
|t:|1612849716
|move|p2a: Cutie UwU|Liquidation|p1a: Shuckle
|-supereffective|p1a: Shuckle
|-damage|p1a: Shuckle|0 fnt
|faint|p1a: Shuckle
|
|upkeep
|
|t:|1612849729
|switch|p1a: Insurance|Mimikyu, F|100/100
|turn|3
|
|t:|1612849741
|move|p1a: Insurance|Swords Dance|p1a: Insurance
|-boost|p1a: Insurance|atk|2
|move|p2a: Cutie UwU|Liquidation|p1a: Insurance
|-activate|p1a: Insurance|ability: Disguise
|-damage|p1a: Insurance|100/100
|detailschange|p1a: Insurance|Mimikyu-Busted, F
|-damage|p1a: Insurance|88/100|[from] pokemon: Mimikyu-Busted
|-enditem|p1a: Insurance|Red Card|[of] p2a: Cutie UwU
|drag|p2a: OwO|Alakazam, M|100/100
|-activate|p2a: OwO|move: Sticky Web
|-unboost|p2a: OwO|spe|1
|
|upkeep
|turn|4
|j| Dunderman
|
|t:|1612849753
|move|p1a: Insurance|Shadow Claw|p2a: OwO
|-supereffective|p2a: OwO
|-enditem|p2a: OwO|Focus Sash
|-damage|p2a: OwO|1/100
|move|p2a: OwO|Shadow Ball|p1a: Insurance
|-supereffective|p1a: Insurance
|-damage|p1a: Insurance|16/100
|
|upkeep
|turn|5
|
|t:|1612849773
|switch|p2a: Tapu BUwU|Tapu Bulu|100/100
|-activate|p2a: Tapu BUwU|move: Sticky Web
|-unboost|p2a: Tapu BUwU|spe|1
|-fieldstart|move: Grassy Terrain|[from] ability: Grassy Surge|[of] p2a: Tapu BUwU
|move|p1a: Insurance|Shadow Claw|p2a: Tapu BUwU
|-damage|p2a: Tapu BUwU|64/100
|
|-heal|p1a: Insurance|22/100|[from] Grassy Terrain
|-heal|p2a: Tapu BUwU|71/100|[from] Grassy Terrain
|-heal|p2a: Tapu BUwU|77/100|[from] item: Leftovers
|upkeep
|turn|6
|
|t:|1612849785
|move|p1a: Insurance|Play Rough|p2a: Tapu BUwU
|-damage|p2a: Tapu BUwU|29/100
|move|p2a: Tapu BUwU|Leech Seed|p1a: Insurance
|-start|p1a: Insurance|move: Leech Seed
|
|-heal|p1a: Insurance|28/100|[from] Grassy Terrain
|-heal|p2a: Tapu BUwU|35/100|[from] Grassy Terrain
|-heal|p2a: Tapu BUwU|41/100|[from] item: Leftovers
|-damage|p1a: Insurance|16/100|[from] Leech Seed|[of] p2a: Tapu BUwU
|-heal|p2a: Tapu BUwU|50/100|[silent]
|upkeep
|turn|7
|
|t:|1612849797
|move|p1a: Insurance|Play Rough|p2a: Tapu BUwU
|-damage|p2a: Tapu BUwU|4/100
|-unboost|p2a: Tapu BUwU|atk|1
|move|p2a: Tapu BUwU|Horn Leech|p1a: Insurance
|-damage|p1a: Insurance|0 fnt
|-heal|p2a: Tapu BUwU|10/100|[from] drain|[of] p1a: Insurance
|faint|p1a: Insurance
|
|-heal|p2a: Tapu BUwU|16/100|[from] Grassy Terrain
|-heal|p2a: Tapu BUwU|22/100|[from] item: Leftovers
|upkeep
|
|t:|1612849802
|switch|p1a: Kommo-o|Kommo-o, M|100/100
|turn|8
|
|t:|1612849811
|move|p1a: Kommo-o|Clangorous Soul|p1a: Kommo-o
|-boost|p1a: Kommo-o|atk|1
|-boost|p1a: Kommo-o|def|1
|-boost|p1a: Kommo-o|spa|1
|-boost|p1a: Kommo-o|spd|1
|-boost|p1a: Kommo-o|spe|1
|-damage|p1a: Kommo-o|68/100
|-enditem|p1a: Kommo-o|Throat Spray
|-boost|p1a: Kommo-o|spa|1|[from] item: Throat Spray
|move|p2a: Tapu BUwU|Leech Seed|p1a: Kommo-o
|-start|p1a: Kommo-o|move: Leech Seed
|
|-heal|p1a: Kommo-o|74/100|[from] Grassy Terrain
|-heal|p2a: Tapu BUwU|28/100|[from] Grassy Terrain
|-heal|p2a: Tapu BUwU|35/100|[from] item: Leftovers
|-damage|p1a: Kommo-o|61/100|[from] Leech Seed|[of] p2a: Tapu BUwU
|-heal|p2a: Tapu BUwU|45/100|[silent]
|upkeep
|turn|9
|
|t:|1612849828
|move|p1a: Kommo-o|Flamethrower|p2a: Tapu BUwU
|-supereffective|p2a: Tapu BUwU
|-damage|p2a: Tapu BUwU|0 fnt
|faint|p2a: Tapu BUwU
|
|-heal|p1a: Kommo-o|68/100|[from] Grassy Terrain
|-fieldend|move: Grassy Terrain
|upkeep
|
|t:|1612849837
|switch|p2a: Sailor Waifuu|Nihilego, shiny|100/100
|-activate|p2a: Sailor Waifuu|move: Sticky Web
|-unboost|p2a: Sailor Waifuu|spe|1
|turn|10
|
|t:|1612849845
|move|p1a: Kommo-o|Clanging Scales|p2a: Sailor Waifuu
|-damage|p2a: Sailor Waifuu|29/100
|-unboost|p1a: Kommo-o|def|1
|move|p2a: Sailor Waifuu|Psyshock|p1a: Kommo-o
|-supereffective|p1a: Kommo-o
|-damage|p1a: Kommo-o|17/100
|
|-damage|p1a: Kommo-o|4/100|[from] Leech Seed|[of] p2a: Sailor Waifuu
|-heal|p2a: Sailor Waifuu|39/100|[silent]
|upkeep
|turn|11
|
|t:|1612849868
|move|p1a: Kommo-o|Clanging Scales|p2a: Sailor Waifuu
|-damage|p2a: Sailor Waifuu|0 fnt
|-unboost|p1a: Kommo-o|def|1
|faint|p2a: Sailor Waifuu
|
|upkeep
|
|t:|1612849876
|switch|p2a: Proud Otaku|Bisharp, M|100/100
|-activate|p2a: Proud Otaku|move: Sticky Web
|-unboost|p2a: Proud Otaku|spe|1
|-ability|p2a: Proud Otaku|Defiant
|-boost|p2a: Proud Otaku|atk|2
|turn|12
|
|t:|1612849886
|switch|p1a: Keldeo|Keldeo-Resolute|100/100
|move|p2a: Proud Otaku|Sucker Punch||[still]
|-fail|p2a: Proud Otaku
|
|upkeep
|turn|13
|
|t:|1612849891
|move|p1a: Keldeo|Secret Sword|p2a: Proud Otaku
|-supereffective|p2a: Proud Otaku
|-enditem|p2a: Proud Otaku|Focus Sash
|-damage|p2a: Proud Otaku|1/100
|-damage|p1a: Keldeo|91/100|[from] item: Life Orb
|move|p2a: Proud Otaku|Knock Off|p1a: Keldeo
|-resisted|p1a: Keldeo
|-damage|p1a: Keldeo|30/100
|-ability|p1a: Keldeo|Justified|boost
|-boost|p1a: Keldeo|atk|1
|-enditem|p1a: Keldeo|Life Orb|[from] move: Knock Off|[of] p2a: Proud Otaku
|
|upkeep
|turn|14
|
|t:|1612849901
|move|p1a: Keldeo|Secret Sword|p2a: Proud Otaku
|-supereffective|p2a: Proud Otaku
|-damage|p2a: Proud Otaku|0 fnt
|faint|p2a: Proud Otaku
|
|upkeep
|
|t:|1612849905
|switch|p2a: Cutie UwU|Crawdaunt, M|100/100
|-activate|p2a: Cutie UwU|move: Sticky Web
|-unboost|p2a: Cutie UwU|spe|1
|turn|15
|
|t:|1612849909
|move|p2a: Cutie UwU|Aqua Jet|p1a: Keldeo
|-resisted|p1a: Keldeo
|-damage|p1a: Keldeo|3/100
|move|p1a: Keldeo|Secret Sword|p2a: Cutie UwU
|-supereffective|p2a: Cutie UwU
|-damage|p2a: Cutie UwU|0 fnt
|faint|p2a: Cutie UwU
|
|upkeep
|
|t:|1612849915
|switch|p2a: Beep Beep|Magnezone|100/100
|-activate|p2a: Beep Beep|move: Sticky Web
|-unboost|p2a: Beep Beep|spe|1
|turn|16
|
|t:|1612849924
|move|p1a: Keldeo|Secret Sword|p2a: Beep Beep
|-supereffective|p2a: Beep Beep
|-damage|p2a: Beep Beep|8/100
|move|p2a: Beep Beep|Volt Switch|p1a: Keldeo
|-supereffective|p1a: Keldeo
|-damage|p1a: Keldeo|0 fnt
|faint|p1a: Keldeo
|
|t:|1612849926
|switch|p2a: OwO|Alakazam, M|1/100|[from]move: Volt Switch
|-activate|p2a: OwO|move: Sticky Web
|-unboost|p2a: OwO|spe|1
|
|upkeep
|
|t:|1612849940
|switch|p1a: Kommo-o|Kommo-o, M|4/100
|turn|17
|
|t:|1612849943
|move|p1a: Kommo-o|Flamethrower|p2a: OwO
|-damage|p2a: OwO|0 fnt
|faint|p2a: OwO
|
|upkeep
|
|t:|1612849946
|switch|p2a: Beep Beep|Magnezone|8/100
|-activate|p2a: Beep Beep|move: Sticky Web
|-unboost|p2a: Beep Beep|spe|1
|turn|18
|c|☆UUBF1 No|gg
|
|t:|1612849951
|move|p1a: Kommo-o|Flamethrower|p2a: Beep Beep
|-supereffective|p2a: Beep Beep
|-crit|p2a: Beep Beep
|-damage|p2a: Beep Beep|0 fnt
|faint|p2a: Beep Beep
|
|win|UUBF1 No
|l|☆2.6k player
|raw|UUBF1 No's rating: 1365 &rarr; <strong>1387</strong><br />(+22 for winning)
|raw|2.6k player's rating: 1399 &rarr; <strong>1377</strong><br />(-22 for losing)
