|j|☆LongshadesSun
|j|☆d01ph1ne
|t:|1662267141
|gametype|singles
|player|p1|LongshadesSun|brendan-gen3rs|1488
|player|p2|d01ph1ne|266|1540
|teamsize|p1|6
|teamsize|p2|6
|gen|8
|tier|[Gen 8] UU
|rated|
|rule|Sleep Clause Mod: Limit one foe put to sleep
|rule|Species Clause: Limit one of each Pokémon
|rule|OHKO Clause: OHKO moves are banned
|rule|Evasion Items Clause: Evasion items are banned
|rule|Evasion Moves Clause: Evasion moves are banned
|rule|Endless Battle Clause: Forcing endless battles is banned
|rule|HP Percentage Mod: HP is shown in percentages
|rule|Dynamax Clause: You cannot dynamax
|clearpoke
|poke|p1|Politoed, M|
|poke|p1|Kingdra, F|
|poke|p1|Azumarill, M|
|poke|p1|Tornadus, M|
|poke|p1|Salamence, F|
|poke|p1|Chansey, F|
|poke|p2|Conkeldurr, F|
|poke|p2|Zarude-Dada|
|poke|p2|Scizor, M|
|poke|p2|Salamence, M|
|poke|p2|Nidoqueen, F|
|poke|p2|Slowking, F|
|teampreview
|inactive|Battle timer is ON: inactive players will automatically lose when time's up. (requested by LongshadesSun)
|
|t:|1662267177
|start
|switch|p1a: Politoed|Politoed, M|100/100
|switch|p2a: Scizor|Scizor, M|100/100
|-weather|RainDance|[from] ability: Drizzle|[of] p1a: Politoed
|turn|1
|
|t:|1662267189
|switch|p1a: Salamence|Salamence, F|100/100
|-ability|p1a: Salamence|Intimidate|boost
|-unboost|p2a: Scizor|atk|1
|move|p2a: Scizor|Knock Off|p1a: Salamence
|-crit|p1a: Salamence
|-damage|p1a: Salamence|56/100
|-enditem|p1a: Salamence|Heavy-Duty Boots|[from] move: Knock Off|[of] p2a: Scizor
|
|-weather|RainDance|[upkeep]
|upkeep
|turn|2
|
|t:|1662267207
|move|p1a: Salamence|Hurricane|p2a: Scizor
|-damage|p2a: Scizor|57/100
|move|p2a: Scizor|U-turn|p1a: Salamence
|-resisted|p1a: Salamence
|-damage|p1a: Salamence|46/100
|
|t:|1662267223
|switch|p2a: Slowking|Slowking, F|100/100|[from]move: U-turn
|
|-weather|RainDance|[upkeep]
|upkeep
|turn|3
|
|t:|1662267227
|move|p1a: Salamence|Roost|p1a: Salamence
|-heal|p1a: Salamence|96/100
|-singleturn|p1a: Salamence|move: Roost
|move|p2a: Slowking|Future Sight|p1a: Salamence
|-start|p2a: Slowking|move: Future Sight
|
|-weather|RainDance|[upkeep]
|upkeep
|turn|4
|
|t:|1662267234
|move|p1a: Salamence|Hurricane|p2a: Slowking
|-damage|p2a: Slowking|67/100
|move|p2a: Slowking|Scald|p1a: Salamence
|-resisted|p1a: Salamence
|-damage|p1a: Salamence|73/100
|
|-weather|RainDance|[upkeep]
|upkeep
|turn|5
|
|t:|1662267249
|switch|p1a: Chansey|Chansey, F|100/100
|move|p2a: Slowking|Teleport|p2a: Slowking
|
|t:|1662267251
|switch|p2a: Conkeldurr|Conkeldurr, F|100/100|[from]move: Teleport
|
|-weather|RainDance|[upkeep]
|-end|p1a: Chansey|move: Future Sight
|-damage|p1a: Chansey|87/100
|-status|p2a: Conkeldurr|brn|[from] item: Flame Orb
|upkeep
|turn|6
|
|t:|1662267262
|switch|p1a: Salamence|Salamence, F|73/100
|-ability|p1a: Salamence|Intimidate|boost
|-unboost|p2a: Conkeldurr|atk|1
|move|p2a: Conkeldurr|Knock Off|p1a: Salamence
|-damage|p1a: Salamence|46/100
|
|-weather|RainDance|[upkeep]
|-damage|p2a: Conkeldurr|95/100 brn|[from] brn
|upkeep
|turn|7
|
|t:|1662267268
|switch|p2a: Slowking|Slowking, F|99/100
|move|p1a: Salamence|Roost|p1a: Salamence
|-heal|p1a: Salamence|96/100
|-singleturn|p1a: Salamence|move: Roost
|
|-weather|RainDance|[upkeep]
|upkeep
|turn|8
|
|t:|1662267278
|switch|p1a: Azumarill|Azumarill, M|100/100
|move|p2a: Slowking|Future Sight|p1a: Azumarill
|-start|p2a: Slowking|move: Future Sight
|
|-weather|none
|upkeep
|turn|9
|
|t:|1662267301
|move|p1a: Azumarill|Liquidation|p2a: Slowking
|-resisted|p2a: Slowking
|-damage|p2a: Slowking|73/100
|-unboost|p2a: Slowking|def|1
|move|p2a: Slowking|Teleport|p2a: Slowking
|
|t:|1662267308
|switch|p2a: Zarude|Zarude-Dada|100/100|[from]move: Teleport
|
|upkeep
|turn|10
|
|t:|1662267312
|switch|p1a: Chansey|Chansey, F|87/100
|move|p2a: Zarude|U-turn|p1a: Chansey
|-damage|p1a: Chansey|73/100
|
|t:|1662267315
|switch|p2a: Conkeldurr|Conkeldurr, F|95/100 brn|[from]move: U-turn
|
|-end|p1a: Chansey|move: Future Sight
|-damage|p1a: Chansey|61/100
|-damage|p2a: Conkeldurr|89/100 brn|[from] brn
|upkeep
|turn|11
|
|t:|1662267319
|switch|p1a: Salamence|Salamence, F|96/100
|-ability|p1a: Salamence|Intimidate|boost
|-unboost|p2a: Conkeldurr|atk|1
|move|p2a: Conkeldurr|Facade|p1a: Salamence
|-damage|p1a: Salamence|37/100
|
|-damage|p2a: Conkeldurr|83/100 brn|[from] brn
|upkeep
|turn|12
|
|t:|1662267333
|switch|p1a: Politoed|Politoed, M|100/100
|-weather|RainDance|[from] ability: Drizzle|[of] p1a: Politoed
|switch|p2a: Slowking|Slowking, F|100/100
|
|-weather|RainDance|[upkeep]
|upkeep
|turn|13
|
|t:|1662267354
|switch|p1a: Tornadus|Tornadus, M|100/100
|move|p2a: Slowking|Future Sight|p1a: Tornadus
|-start|p2a: Slowking|move: Future Sight
|
|-weather|RainDance|[upkeep]
|upkeep
|turn|14
|
|t:|1662267356
|move|p1a: Tornadus|Hurricane|p2a: Slowking
|-damage|p2a: Slowking|38/100
|move|p2a: Slowking|Teleport|p2a: Slowking
|inactive|d01ph1ne has 120 seconds left.
|
|t:|1662267381
|switch|p2a: Nidoqueen|Nidoqueen, F|100/100|[from]move: Teleport
|
|-weather|RainDance|[upkeep]
|upkeep
|turn|15
|j| TheMaskedMarauder
|
|t:|1662267385
|move|p1a: Tornadus|Hurricane|p2a: Nidoqueen
|-damage|p2a: Nidoqueen|13/100
|move|p2a: Nidoqueen|Sludge Wave|p1a: Tornadus
|-damage|p1a: Tornadus|13/100
|
|-weather|RainDance|[upkeep]
|-end|p1a: Tornadus|move: Future Sight
|-damage|p1a: Tornadus|0 fnt
|faint|p1a: Tornadus
|upkeep
|
|t:|1662267404
|switch|p1a: Kingdra|Kingdra, F|100/100
|turn|16
|inactive|LongshadesSun has 120 seconds left.
|
|t:|1662267446
|move|p1a: Kingdra|Hurricane|p2a: Nidoqueen
|-damage|p2a: Nidoqueen|0 fnt
|faint|p2a: Nidoqueen
|
|-weather|RainDance|[upkeep]
|upkeep
|
|t:|1662267451
|switch|p2a: Slowking|Slowking, F|71/100
|turn|17
|
|t:|1662267456
|move|p1a: Kingdra|Hurricane|p2a: Slowking
|-damage|p2a: Slowking|30/100
|move|p2a: Slowking|Slack Off|p2a: Slowking
|-heal|p2a: Slowking|80/100
|
|-weather|RainDance|[upkeep]
|upkeep
|turn|18
|
|t:|1662267461
|move|p1a: Kingdra|Hurricane|p2a: Slowking
|-damage|p2a: Slowking|38/100
|move|p2a: Slowking|Slack Off|p2a: Slowking
|-heal|p2a: Slowking|88/100
|
|-weather|RainDance|[upkeep]
|upkeep
|turn|19
|
|t:|1662267464
|move|p1a: Kingdra|Hurricane|p2a: Slowking
|-damage|p2a: Slowking|45/100
|-start|p2a: Slowking|confusion
|-activate|p2a: Slowking|confusion
|-damage|p2a: Slowking|40/100|[from] confusion
|
|-weather|none
|upkeep
|turn|20
|
|t:|1662267475
|switch|p2a: Scizor|Scizor, M|57/100
|move|p1a: Kingdra|Hurricane|p2a: Scizor|[miss]
|-miss|p1a: Kingdra|p2a: Scizor
|
|upkeep
|turn|21
|
|t:|1662267481
|switch|p2a: Slowking|Slowking, F|73/100
|move|p1a: Kingdra|Hurricane|p2a: Slowking
|-damage|p2a: Slowking|36/100
|
|upkeep
|turn|22
|
|t:|1662267487
|switch|p2a: Scizor|Scizor, M|57/100
|move|p1a: Kingdra|Hurricane|p2a: Scizor
|-damage|p2a: Scizor|7/100
|
|upkeep
|turn|23
|
|t:|1662267491
|move|p2a: Scizor|Bullet Punch|p1a: Kingdra
|-resisted|p1a: Kingdra
|-damage|p1a: Kingdra|84/100
|move|p1a: Kingdra|Hurricane|p2a: Scizor|[miss]
|-miss|p1a: Kingdra|p2a: Scizor
|
|upkeep
|turn|24
|
|t:|1662267494
|move|p2a: Scizor|Bullet Punch|p1a: Kingdra
|-resisted|p1a: Kingdra
|-damage|p1a: Kingdra|65/100
|move|p1a: Kingdra|Hurricane|p2a: Scizor|[miss]
|-miss|p1a: Kingdra|p2a: Scizor
|
|upkeep
|turn|25
|
|t:|1662267496
|move|p2a: Scizor|Bullet Punch|p1a: Kingdra
|-resisted|p1a: Kingdra
|-damage|p1a: Kingdra|49/100
|move|p1a: Kingdra|Hurricane|p2a: Scizor
|-damage|p2a: Scizor|0 fnt
|faint|p2a: Scizor
|
|upkeep
|
|t:|1662267502
|switch|p2a: Zarude|Zarude-Dada|100/100
|turn|26
|
|t:|1662267520
|switch|p1a: Salamence|Salamence, F|37/100
|-ability|p1a: Salamence|Intimidate|boost
|-unboost|p2a: Zarude|atk|1
|move|p2a: Zarude|Darkest Lariat|p1a: Salamence
|-damage|p1a: Salamence|9/100
|
|upkeep
|turn|27
|
|t:|1662267541
|switch|p1a: Politoed|Politoed, M|100/100
|-weather|RainDance|[from] ability: Drizzle|[of] p1a: Politoed
|move|p2a: Zarude|Darkest Lariat|p1a: Politoed
|-damage|p1a: Politoed|80/100
|
|-weather|RainDance|[upkeep]
|upkeep
|turn|28
|
|t:|1662267559
|switch|p2a: Slowking|Slowking, F|69/100
|switch|p1a: Salamence|Salamence, F|9/100
|-ability|p1a: Salamence|Intimidate|boost
|-unboost|p2a: Slowking|atk|1
|
|-weather|RainDance|[upkeep]
|upkeep
|turn|29
|
|t:|1662267568
|move|p1a: Salamence|Roost|p1a: Salamence
|-heal|p1a: Salamence|59/100
|-singleturn|p1a: Salamence|move: Roost
|move|p2a: Slowking|Future Sight|p1a: Salamence
|-start|p2a: Slowking|move: Future Sight
|
|-weather|RainDance|[upkeep]
|upkeep
|turn|30
|
|t:|1662267571
|move|p1a: Salamence|Roost|p1a: Salamence
|-heal|p1a: Salamence|100/100
|-singleturn|p1a: Salamence|move: Roost
|move|p2a: Slowking|Scald|p1a: Salamence
|-resisted|p1a: Salamence
|-damage|p1a: Salamence|78/100
|
|-weather|RainDance|[upkeep]
|upkeep
|turn|31
|
|t:|1662267581
|switch|p1a: Chansey|Chansey, F|61/100
|move|p2a: Slowking|Scald|p1a: Chansey
|-damage|p1a: Chansey|47/100
|
|-weather|RainDance|[upkeep]
|-end|p1a: Chansey|move: Future Sight
|-damage|p1a: Chansey|35/100
|upkeep
|turn|32
|
|t:|1662267588
|move|p2a: Slowking|Future Sight|p1a: Chansey
|-start|p2a: Slowking|move: Future Sight
|move|p1a: Chansey|Teleport|p1a: Chansey
|
|t:|1662267596
|switch|p1a: Azumarill|Azumarill, M|100/100|[from]move: Teleport
|
|-weather|RainDance|[upkeep]
|upkeep
|turn|33
|
|t:|1662267601
|move|p1a: Azumarill|Play Rough|p2a: Slowking
|-damage|p2a: Slowking|3/100
|-unboost|p2a: Slowking|atk|1
|move|p2a: Slowking|Teleport|p2a: Slowking
|
|t:|1662267614
|switch|p2a: Zarude|Zarude-Dada|100/100|[from]move: Teleport
|
|-weather|RainDance|[upkeep]
|upkeep
|turn|34
|
|t:|1662267620
|switch|p1a: Chansey|Chansey, F|35/100
|move|p2a: Zarude|Power Whip|p1a: Chansey
|-damage|p1a: Chansey|0 fnt
|faint|p1a: Chansey
|
|-weather|none
|-hint|Future Sight did not hit because the target is fainted.
|upkeep
|
|t:|1662267625
|switch|p1a: Politoed|Politoed, M|80/100
|-weather|RainDance|[from] ability: Drizzle|[of] p1a: Politoed
|turn|35
|
|t:|1662267631
|switch|p2a: Slowking|Slowking, F|36/100
|switch|p1a: Salamence|Salamence, F|78/100
|-ability|p1a: Salamence|Intimidate|boost
|-unboost|p2a: Slowking|atk|1
|
|-weather|RainDance|[upkeep]
|upkeep
|turn|36
|
|t:|1662267640
|switch|p1a: Azumarill|Azumarill, M|100/100
|switch|p2a: Salamence|Salamence, M|100/100
|-ability|p2a: Salamence|Intimidate|boost
|-unboost|p1a: Azumarill|atk|1
|
|-weather|RainDance|[upkeep]
|upkeep
|turn|37
|
|t:|1662267645
|switch|p2a: Slowking|Slowking, F|69/100
|move|p1a: Azumarill|Play Rough|p2a: Slowking|[miss]
|-miss|p1a: Azumarill|p2a: Slowking
|
|-weather|RainDance|[upkeep]
|upkeep
|turn|38
|
|t:|1662267655
|switch|p1a: Kingdra|Kingdra, F|49/100
|move|p2a: Slowking|Slack Off|p2a: Slowking
|-heal|p2a: Slowking|100/100
|
|-weather|RainDance|[upkeep]
|upkeep
|turn|39
|
|t:|1662267659
|move|p1a: Kingdra|Draco Meteor|p2a: Slowking
|-damage|p2a: Slowking|28/100
|-unboost|p1a: Kingdra|spa|2
|move|p2a: Slowking|Future Sight|p1a: Kingdra
|-start|p2a: Slowking|move: Future Sight
|
|-weather|RainDance|[upkeep]
|upkeep
|turn|40
|
|t:|1662267666
|switch|p2a: Zarude|Zarude-Dada|100/100
|move|p1a: Kingdra|Draco Meteor|p2a: Zarude
|-damage|p2a: Zarude|59/100
|-unboost|p1a: Kingdra|spa|2
|
|-weather|RainDance|[upkeep]
|upkeep
|turn|41
|
|t:|1662267680
|switch|p1a: Salamence|Salamence, F|78/100
|-ability|p1a: Salamence|Intimidate|boost
|-unboost|p2a: Zarude|atk|1
|move|p2a: Zarude|U-turn|p1a: Salamence
|-resisted|p1a: Salamence
|-damage|p1a: Salamence|70/100
|
|t:|1662267684
|switch|p2a: Slowking|Slowking, F|61/100|[from]move: U-turn
|
|-weather|RainDance|[upkeep]
|-end|p1a: Salamence|move: Future Sight
|-damage|p1a: Salamence|24/100
|upkeep
|turn|42
|
|t:|1662267689
|move|p1a: Salamence|Roost|p1a: Salamence
|-heal|p1a: Salamence|74/100
|-singleturn|p1a: Salamence|move: Roost
|move|p2a: Slowking|Future Sight|p1a: Salamence
|-start|p2a: Slowking|move: Future Sight
|
|-weather|none
|upkeep
|turn|43
|
|t:|1662267693
|switch|p1a: Politoed|Politoed, M|80/100
|-weather|RainDance|[from] ability: Drizzle|[of] p1a: Politoed
|move|p2a: Slowking|Slack Off|p2a: Slowking
|-heal|p2a: Slowking|100/100
|
|-weather|RainDance|[upkeep]
|upkeep
|turn|44
|
|t:|1662267713
|switch|p1a: Salamence|Salamence, F|74/100
|-ability|p1a: Salamence|Intimidate|boost
|-unboost|p2a: Slowking|atk|1
|move|p2a: Slowking|Teleport|p2a: Slowking
|
|t:|1662267716
|switch|p2a: Zarude|Zarude-Dada|59/100|[from]move: Teleport
|
|-weather|RainDance|[upkeep]
|-end|p1a: Salamence|move: Future Sight
|-damage|p1a: Salamence|29/100
|upkeep
|turn|45
|
|t:|1662267728
|move|p2a: Zarude|Power Whip|p1a: Salamence
|-resisted|p1a: Salamence
|-damage|p1a: Salamence|13/100
|move|p1a: Salamence|Hurricane|p2a: Zarude
|-supereffective|p2a: Zarude
|-damage|p2a: Zarude|0 fnt
|faint|p2a: Zarude
|
|-weather|RainDance|[upkeep]
|upkeep
|
|t:|1662267734
|switch|p2a: Conkeldurr|Conkeldurr, F|83/100 brn
|turn|46
|
|t:|1662267741
|move|p2a: Conkeldurr|Mach Punch|p1a: Salamence
|-resisted|p1a: Salamence
|-damage|p1a: Salamence|0 fnt
|faint|p1a: Salamence
|
|-weather|RainDance|[upkeep]
|-damage|p2a: Conkeldurr|77/100 brn|[from] brn
|upkeep
|inactive|LongshadesSun has 120 seconds left.
|
|t:|1662267785
|switch|p1a: Azumarill|Azumarill, M|100/100
|turn|47
|
|t:|1662267788
|switch|p2a: Salamence|Salamence, M|100/100
|-ability|p2a: Salamence|Intimidate|boost
|-unboost|p1a: Azumarill|atk|1
|move|p1a: Azumarill|Play Rough|p2a: Salamence
|-supereffective|p2a: Salamence
|-damage|p2a: Salamence|12/100
|
|-weather|RainDance|[upkeep]
|upkeep
|turn|48
|inactive|LongshadesSun has 120 seconds left.
|
|t:|1662267798
|switch|p2a: Slowking|Slowking, F|100/100
|move|p1a: Azumarill|Play Rough|p2a: Slowking
|-damage|p2a: Slowking|61/100
|
|-weather|RainDance|[upkeep]
|upkeep
|turn|49
|
|t:|1662267806
|switch|p1a: Kingdra|Kingdra, F|49/100
|move|p2a: Slowking|Future Sight|p1a: Kingdra
|-start|p2a: Slowking|move: Future Sight
|
|-weather|RainDance|[upkeep]
|upkeep
|turn|50
|
|t:|1662267811
|switch|p2a: Salamence|Salamence, M|12/100
|-ability|p2a: Salamence|Intimidate|boost
|-unboost|p1a: Kingdra|atk|1
|move|p1a: Kingdra|Draco Meteor|p2a: Salamence
|-supereffective|p2a: Salamence
|-damage|p2a: Salamence|0 fnt
|-unboost|p1a: Kingdra|spa|2
|faint|p2a: Salamence
|
|-weather|none
|upkeep
|
|t:|1662267815
|switch|p2a: Slowking|Slowking, F|94/100
|turn|51
|
|t:|1662267818
|switch|p1a: Politoed|Politoed, M|80/100
|-weather|RainDance|[from] ability: Drizzle|[of] p1a: Politoed
|move|p2a: Slowking|Teleport|p2a: Slowking
|
|t:|1662267820
|switch|p2a: Conkeldurr|Conkeldurr, F|77/100 brn|[from]move: Teleport
|
|-weather|RainDance|[upkeep]
|-end|p1a: Politoed|move: Future Sight
|-damage|p1a: Politoed|45/100
|-damage|p2a: Conkeldurr|71/100 brn|[from] brn
|upkeep
|turn|52
|
|t:|1662267836
|move|p2a: Conkeldurr|Drain Punch|p1a: Politoed
|-damage|p1a: Politoed|0 fnt
|-heal|p2a: Conkeldurr|95/100 brn|[from] drain|[of] p1a: Politoed
|faint|p1a: Politoed
|
|-weather|RainDance|[upkeep]
|-damage|p2a: Conkeldurr|89/100 brn|[from] brn
|upkeep
|
|t:|1662267850
|switch|p1a: Azumarill|Azumarill, M|100/100
|turn|53
|
|t:|1662267855
|switch|p2a: Slowking|Slowking, F|100/100
|move|p1a: Azumarill|Play Rough|p2a: Slowking|[miss]
|-miss|p1a: Azumarill|p2a: Slowking
|
|-weather|RainDance|[upkeep]
|upkeep
|turn|54
|
|t:|1662267858
|move|p1a: Azumarill|Play Rough|p2a: Slowking
|-damage|p2a: Slowking|37/100
|move|p2a: Slowking|Future Sight|p1a: Azumarill
|-start|p2a: Slowking|move: Future Sight
|
|-weather|RainDance|[upkeep]
|upkeep
|turn|55
|
|t:|1662267872
|move|p1a: Azumarill|Play Rough|p2a: Slowking
|-damage|p2a: Slowking|0 fnt
|faint|p2a: Slowking
|
|-weather|RainDance|[upkeep]
|upkeep
|
|t:|1662267873
|switch|p2a: Conkeldurr|Conkeldurr, F|89/100 brn
|turn|56
|
|t:|1662267880
|move|p2a: Conkeldurr|Facade|p1a: Azumarill
|-damage|p1a: Azumarill|13/100
|move|p1a: Azumarill|Play Rough|p2a: Conkeldurr
|-supereffective|p2a: Conkeldurr
|-damage|p2a: Conkeldurr|0 fnt
|faint|p2a: Conkeldurr
|
|win|LongshadesSun
|raw|LongshadesSun's rating: 1488 &rarr; <strong>1511</strong><br />(+23 for winning)
|raw|d01ph1ne's rating: 1540 &rarr; <strong>1517</strong><br />(-23 for losing)
|c|☆LongshadesSun|gg
|l| TheMaskedMarauder
|c|☆LongshadesSun|switched over to rain haha
|j| TheMaskedMarauder
||Ladder isn't responding, score probably updated but might not have (Request timeout).
