|j|☆Capucin
|j|☆DDD951
|t:|1665596938
|gametype|singles
|player|p1|Capucin|worker|1439
|player|p2|DDD951|2|1631
|teamsize|p1|6
|teamsize|p2|6
|gen|8
|tier|[Gen 8] UU
|rated|
|rule|Sleep Clause Mod: Limit one foe put to sleep
|rule|Species Clause: Limit one of each Pokémon
|rule|OHKO Clause: OHKO moves are banned
|rule|Evasion Items Clause: Evasion items are banned
|rule|Evasion Moves Clause: Evasion moves are banned
|rule|Endless Battle Clause: Forcing endless battles is banned
|rule|HP Percentage Mod: HP is shown in percentages
|rule|Dynamax Clause: You cannot dynamax
|clearpoke
|poke|p1|Cobalion|
|poke|p1|Primarina, F|
|poke|p1|Thundurus-Therian, M|
|poke|p1|Swampert, F|
|poke|p1|Incineroar, F|
|poke|p1|Scizor, M|
|poke|p2|Scizor, M|
|poke|p2|Gyarados, F|
|poke|p2|Regieleki|
|poke|p2|Hydreigon, F|
|poke|p2|Tangrowth, F|
|poke|p2|Mamoswine, M|
|teampreview
|
|t:|1665596950
|start
|switch|p1a: Swampert|Swampert, F|100/100
|switch|p2a: Tangrowth|Tangrowth, F|100/100
|turn|1
|
|t:|1665596957
|switch|p1a: Scizor|Scizor, M|100/100
|move|p2a: Tangrowth|Knock Off|p1a: Scizor
|-damage|p1a: Scizor|82/100
|-damage|p2a: Tangrowth|84/100|[from] item: Rocky Helmet|[of] p1a: Scizor
|-enditem|p1a: Scizor|Rocky Helmet|[from] move: Knock Off|[of] p2a: Tangrowth
|
|upkeep
|turn|2
|
|t:|1665596966
|switch|p2a: Scizor|Scizor, M|100/100
|move|p1a: Scizor|Knock Off|p2a: Scizor
|-damage|p2a: Scizor|77/100
|-enditem|p2a: Scizor|Leftovers|[from] move: Knock Off|[of] p1a: Scizor
|
|upkeep
|turn|3
|
|t:|1665596975
|move|p2a: Scizor|U-turn|p1a: Scizor
|-resisted|p1a: Scizor
|-damage|p1a: Scizor|70/100
|
|t:|1665596981
|switch|p2a: Gyarados|Gyarados, F|100/100|[from]move: U-turn
|-ability|p2a: Gyarados|Intimidate|boost
|-unboost|p1a: Scizor|atk|1
|move|p1a: Scizor|Swords Dance|p1a: Scizor
|-boost|p1a: Scizor|atk|2
|
|upkeep
|turn|4
|
|t:|1665596993
|switch|p2a: Scizor|Scizor, M|77/100
|move|p1a: Scizor|Knock Off|p2a: Scizor
|-damage|p2a: Scizor|54/100
|
|upkeep
|turn|5
|
|t:|1665597002
|move|p2a: Scizor|Swords Dance|p2a: Scizor
|-boost|p2a: Scizor|atk|2
|move|p1a: Scizor|Knock Off|p2a: Scizor
|-damage|p2a: Scizor|30/100
|
|upkeep
|turn|6
|
|t:|1665597008
|move|p2a: Scizor|Roost|p2a: Scizor
|-heal|p2a: Scizor|80/100
|-singleturn|p2a: Scizor|move: Roost
|move|p1a: Scizor|Swords Dance|p1a: Scizor
|-boost|p1a: Scizor|atk|2
|
|upkeep
|turn|7
|
|t:|1665597014
|move|p2a: Scizor|Bullet Punch|p1a: Scizor
|-resisted|p1a: Scizor
|-damage|p1a: Scizor|50/100
|move|p1a: Scizor|Knock Off|p2a: Scizor
|-damage|p2a: Scizor|45/100
|
|upkeep
|turn|8
|
|t:|1665597022
|move|p2a: Scizor|Swords Dance|p2a: Scizor
|-boost|p2a: Scizor|atk|2
|move|p1a: Scizor|Roost|p1a: Scizor
|-heal|p1a: Scizor|99/100
|-singleturn|p1a: Scizor|move: Roost
|
|upkeep
|turn|9
|
|t:|1665597030
|move|p2a: Scizor|Roost|p2a: Scizor
|-heal|p2a: Scizor|95/100
|-singleturn|p2a: Scizor|move: Roost
|move|p1a: Scizor|Swords Dance|p1a: Scizor
|-boost|p1a: Scizor|atk|2
|
|upkeep
|turn|10
|
|t:|1665597041
|move|p2a: Scizor|Bullet Punch|p1a: Scizor
|-resisted|p1a: Scizor
|-crit|p1a: Scizor
|-damage|p1a: Scizor|55/100
|move|p1a: Scizor|Knock Off|p2a: Scizor
|-damage|p2a: Scizor|43/100
|
|upkeep
|turn|11
|
|t:|1665597048
|move|p2a: Scizor|Bullet Punch|p1a: Scizor
|-resisted|p1a: Scizor
|-damage|p1a: Scizor|26/100
|move|p1a: Scizor|Roost|p1a: Scizor
|-heal|p1a: Scizor|77/100
|-singleturn|p1a: Scizor|move: Roost
|
|upkeep
|turn|12
|
|t:|1665597054
|move|p2a: Scizor|Bullet Punch|p1a: Scizor
|-resisted|p1a: Scizor
|-damage|p1a: Scizor|44/100
|move|p1a: Scizor|Knock Off|p2a: Scizor
|-damage|p2a: Scizor|0 fnt
|faint|p2a: Scizor
|
|upkeep
|
|t:|1665597063
|switch|p2a: Mamoswine|Mamoswine, M|100/100
|turn|13
|
|t:|1665597069
|move|p1a: Scizor|Bullet Punch|p2a: Mamoswine
|-supereffective|p2a: Mamoswine
|-enditem|p2a: Mamoswine|Focus Sash
|-damage|p2a: Mamoswine|1/100
|move|p2a: Mamoswine|Earthquake|p1a: Scizor
|-damage|p1a: Scizor|1/100
|
|upkeep
|turn|14
|
|t:|1665597078
|move|p2a: Mamoswine|Ice Shard|p1a: Scizor
|-resisted|p1a: Scizor
|-damage|p1a: Scizor|0 fnt
|faint|p1a: Scizor
|
|upkeep
|
|t:|1665597102
|switch|p1a: Cobalion|Cobalion|100/100
|turn|15
|
|t:|1665597106
|switch|p2a: Tangrowth|Tangrowth, F|100/100
|move|p1a: Cobalion|Iron Head|p2a: Tangrowth
|-damage|p2a: Tangrowth|76/100
|
|upkeep
|turn|16
|
|t:|1665597137
|switch|p1a: Incineroar|Incineroar, F|100/100
|-ability|p1a: Incineroar|Intimidate|boost
|-unboost|p2a: Tangrowth|atk|1
|move|p2a: Tangrowth|Earthquake|p1a: Incineroar
|-supereffective|p1a: Incineroar
|-damage|p1a: Incineroar|70/100
|
|upkeep
|turn|17
|
|t:|1665597148
|switch|p2a: Hydreigon|Hydreigon, F|100/100
|move|p1a: Incineroar|Knock Off|p2a: Hydreigon
|-resisted|p2a: Hydreigon
|-damage|p2a: Hydreigon|79/100
|-enditem|p2a: Hydreigon|Choice Specs|[from] move: Knock Off|[of] p1a: Incineroar
|
|upkeep
|turn|18
|
|t:|1665597158
|switch|p1a: Primarina|Primarina, F|100/100
|move|p2a: Hydreigon|Draco Meteor|p1a: Primarina
|-immune|p1a: Primarina
|
|upkeep
|turn|19
|
|t:|1665597165
|move|p2a: Hydreigon|U-turn|p1a: Primarina
|-resisted|p1a: Primarina
|-damage|p1a: Primarina|93/100
|
|t:|1665597169
|switch|p2a: Tangrowth|Tangrowth, F|100/100|[from]move: U-turn
|move|p1a: Primarina|Moonblast|p2a: Tangrowth
|-damage|p2a: Tangrowth|78/100
|
|-heal|p1a: Primarina|99/100|[from] item: Leftovers
|upkeep
|turn|20
|
|t:|1665597182
|switch|p1a: Incineroar|Incineroar, F|70/100
|-ability|p1a: Incineroar|Intimidate|boost
|-unboost|p2a: Tangrowth|atk|1
|move|p2a: Tangrowth|Knock Off|p1a: Incineroar
|-resisted|p1a: Incineroar
|-damage|p1a: Incineroar|62/100
|-enditem|p1a: Incineroar|Heavy-Duty Boots|[from] move: Knock Off|[of] p2a: Tangrowth
|
|upkeep
|turn|21
|
|t:|1665597196
|move|p1a: Incineroar|Toxic|p2a: Tangrowth
|-status|p2a: Tangrowth|tox
|move|p2a: Tangrowth|Earthquake|p1a: Incineroar
|-supereffective|p1a: Incineroar
|-damage|p1a: Incineroar|31/100
|
|-damage|p2a: Tangrowth|72/100 tox|[from] psn
|upkeep
|turn|22
|
|t:|1665597204
|switch|p2a: Hydreigon|Hydreigon, F|79/100
|move|p1a: Incineroar|Parting Shot|p2a: Hydreigon
|-unboost|p2a: Hydreigon|atk|1
|-unboost|p2a: Hydreigon|spa|1
|
|t:|1665597213
|switch|p1a: Swampert|Swampert, F|100/100|[from]move: Parting Shot
|
|upkeep
|turn|23
|
|t:|1665597220
|move|p2a: Hydreigon|U-turn|p1a: Swampert
|-damage|p1a: Swampert|93/100
|
|t:|1665597223
|switch|p2a: Mamoswine|Mamoswine, M|1/100|[from]move: U-turn
|move|p1a: Swampert|Stealth Rock|p2a: Mamoswine
|-sidestart|p2: DDD951|move: Stealth Rock
|
|-heal|p1a: Swampert|99/100|[from] item: Leftovers
|upkeep
|turn|24
|
|t:|1665597238
|move|p2a: Mamoswine|Stealth Rock|p1a: Swampert
|-sidestart|p1: Capucin|move: Stealth Rock
|move|p1a: Swampert|Flip Turn|p2a: Mamoswine
|-supereffective|p2a: Mamoswine
|-damage|p2a: Mamoswine|0 fnt
|faint|p2a: Mamoswine
|
|t:|1665597247
|switch|p1a: Thundurus|Thundurus-Therian, M|100/100|[from]move: Flip Turn
|
|upkeep
|
|t:|1665597253
|switch|p2a: Regieleki|Regieleki|100/100
|turn|25
|
|t:|1665597259
|switch|p1a: Swampert|Swampert, F|99/100
|-damage|p1a: Swampert|93/100|[from] Stealth Rock
|move|p2a: Regieleki|Rapid Spin|p1a: Swampert
|-damage|p1a: Swampert|85/100
|-boost|p2a: Regieleki|spe|1
|-sideend|p2: DDD951|Stealth Rock|[from] move: Rapid Spin|[of] p2a: Regieleki
|
|-heal|p1a: Swampert|91/100|[from] item: Leftovers
|upkeep
|turn|26
|
|t:|1665597269
|switch|p2a: Tangrowth|Tangrowth, F|100/100 tox
|move|p1a: Swampert|Stealth Rock|p2a: Tangrowth
|-sidestart|p2: DDD951|move: Stealth Rock
|
|-heal|p1a: Swampert|97/100|[from] item: Leftovers
|-damage|p2a: Tangrowth|94/100 tox|[from] psn
|upkeep
|turn|27
|
|t:|1665597301
|move|p1a: Swampert|Flip Turn|p2a: Tangrowth
|-resisted|p2a: Tangrowth
|-damage|p2a: Tangrowth|87/100 tox
|
|t:|1665597306
|switch|p1a: Thundurus|Thundurus-Therian, M|100/100|[from]move: Flip Turn
|move|p2a: Tangrowth|Knock Off|p1a: Thundurus
|-damage|p1a: Thundurus|69/100
|-enditem|p1a: Thundurus|Heavy-Duty Boots|[from] move: Knock Off|[of] p2a: Tangrowth
|
|-damage|p2a: Tangrowth|75/100 tox|[from] psn
|upkeep
|turn|28
|
|t:|1665597316
|move|p1a: Thundurus|Defog|p2a: Tangrowth
|-unboost|p2a: Tangrowth|evasion|1
|-sideend|p2: DDD951|Stealth Rock|[from] move: Defog|[of] p1a: Thundurus
|-sideend|p1: Capucin|Stealth Rock|[from] move: Defog|[of] p1a: Thundurus
|move|p2a: Tangrowth|Sludge Bomb|p1a: Thundurus
|-damage|p1a: Thundurus|36/100
|
|-damage|p2a: Tangrowth|56/100 tox|[from] psn
|upkeep
|turn|29
|
|t:|1665597325
|move|p1a: Thundurus|Volt Switch|p2a: Tangrowth
|-resisted|p2a: Tangrowth
|-damage|p2a: Tangrowth|45/100 tox
|
|t:|1665597343
|switch|p1a: Cobalion|Cobalion|100/100|[from]move: Volt Switch
|move|p2a: Tangrowth|Giga Drain|p1a: Cobalion
|-resisted|p1a: Cobalion
|-damage|p1a: Cobalion|81/100
|-heal|p2a: Tangrowth|53/100 tox|[from] drain|[of] p1a: Cobalion
|
|-damage|p2a: Tangrowth|28/100 tox|[from] psn
|upkeep
|turn|30
|
|t:|1665597358
|move|p1a: Cobalion|Close Combat|p2a: Tangrowth
|-damage|p2a: Tangrowth|0 fnt
|-unboost|p1a: Cobalion|def|1
|-unboost|p1a: Cobalion|spd|1
|faint|p2a: Tangrowth
|
|upkeep
|
|t:|1665597365
|switch|p2a: Regieleki|Regieleki|100/100
|turn|31
|
|t:|1665597369
|switch|p2a: Gyarados|Gyarados, F|100/100
|-ability|p2a: Gyarados|Intimidate|boost
|-unboost|p1a: Cobalion|atk|1
|switch|p1a: Swampert|Swampert, F|97/100
|
|-heal|p1a: Swampert|100/100|[from] item: Leftovers
|upkeep
|turn|32
|
|t:|1665597383
|move|p2a: Gyarados|Substitute|p2a: Gyarados
|-start|p2a: Gyarados|Substitute
|-damage|p2a: Gyarados|76/100
|move|p1a: Swampert|Toxic||[still]
|-fail|p1a: Swampert
|
|-heal|p2a: Gyarados|82/100|[from] item: Leftovers
|upkeep
|turn|33
|
|t:|1665597390
|move|p2a: Gyarados|Dragon Dance|p2a: Gyarados
|-boost|p2a: Gyarados|atk|1
|-boost|p2a: Gyarados|spe|1
|move|p1a: Swampert|Flip Turn|p2a: Gyarados
|-resisted|p2a: Gyarados
|-activate|p2a: Gyarados|move: Substitute|[damage]
|
|t:|1665597427
|switch|p1a: Cobalion|Cobalion|81/100|[from]move: Flip Turn
|
|-heal|p2a: Gyarados|88/100|[from] item: Leftovers
|upkeep
|turn|34
|
|t:|1665597439
|switch|p1a: Incineroar|Incineroar, F|31/100
|-ability|p1a: Incineroar|Intimidate|boost
|-immune|p2a: Gyarados
|move|p2a: Gyarados|Bounce||[still]
|-prepare|p2a: Gyarados|Bounce
|
|-heal|p2a: Gyarados|94/100|[from] item: Leftovers
|upkeep
|turn|35
|
|t:|1665597472
|move|p2a: Gyarados|Bounce|p1a: Incineroar|[from]lockedmove
|-damage|p1a: Incineroar|0 fnt
|faint|p1a: Incineroar
|
|-heal|p2a: Gyarados|99/100|[from] item: Leftovers
|upkeep
|
|t:|1665597486
|switch|p1a: Swampert|Swampert, F|100/100
|turn|36
|
|t:|1665597489
|move|p2a: Gyarados|Dragon Dance|p2a: Gyarados
|-boost|p2a: Gyarados|atk|1
|-boost|p2a: Gyarados|spe|1
|move|p1a: Swampert|Flip Turn|p2a: Gyarados
|-resisted|p2a: Gyarados
|-activate|p2a: Gyarados|move: Substitute|[damage]
|
|t:|1665597519
|switch|p1a: Thundurus|Thundurus-Therian, M|36/100|[from]move: Flip Turn
|
|-heal|p2a: Gyarados|100/100|[from] item: Leftovers
|upkeep
|turn|37
|
|t:|1665597524
|move|p2a: Gyarados|Waterfall|p1a: Thundurus
|-damage|p1a: Thundurus|0 fnt
|faint|p1a: Thundurus
|
|upkeep
|
|t:|1665597564
|switch|p1a: Primarina|Primarina, F|99/100
|turn|38
|
|t:|1665597570
|move|p2a: Gyarados|Bounce||[still]
|-prepare|p2a: Gyarados|Bounce
|move|p1a: Primarina|Moonblast|p2a: Gyarados|[miss]
|-miss|p1a: Primarina|p2a: Gyarados
|
|-heal|p1a: Primarina|100/100|[from] item: Leftovers
|upkeep
|turn|39
|
|t:|1665597579
|move|p2a: Gyarados|Bounce|p1a: Primarina|[from]lockedmove
|-damage|p1a: Primarina|34/100
|-status|p1a: Primarina|par
|move|p1a: Primarina|Moonblast|p2a: Gyarados
|-end|p2a: Gyarados|Substitute
|
|-heal|p1a: Primarina|40/100 par|[from] item: Leftovers
|upkeep
|turn|40
|
|t:|1665597593
|move|p2a: Gyarados|Dragon Dance|p2a: Gyarados
|-boost|p2a: Gyarados|atk|1
|-boost|p2a: Gyarados|spe|1
|move|p1a: Primarina|Moonblast|p2a: Gyarados
|-damage|p2a: Gyarados|71/100
|-unboost|p2a: Gyarados|spa|1
|
|-heal|p2a: Gyarados|77/100|[from] item: Leftovers
|-heal|p1a: Primarina|46/100 par|[from] item: Leftovers
|upkeep
|turn|41
|
|t:|1665597603
|move|p2a: Gyarados|Waterfall|p1a: Primarina
|-resisted|p1a: Primarina
|-damage|p1a: Primarina|4/100 par
|cant|p1a: Primarina|flinch
|
|-heal|p2a: Gyarados|83/100|[from] item: Leftovers
|-heal|p1a: Primarina|10/100 par|[from] item: Leftovers
|upkeep
|turn|42
|
|t:|1665597614
|move|p2a: Gyarados|Waterfall|p1a: Primarina
|-resisted|p1a: Primarina
|-damage|p1a: Primarina|0 fnt
|faint|p1a: Primarina
|
|-heal|p2a: Gyarados|90/100|[from] item: Leftovers
|upkeep
|
|t:|1665597621
|switch|p1a: Cobalion|Cobalion|81/100
|turn|43
|
|t:|1665597624
|move|p2a: Gyarados|Substitute|p2a: Gyarados
|-start|p2a: Gyarados|Substitute
|-damage|p2a: Gyarados|65/100
|move|p1a: Cobalion|Volt Switch|p2a: Gyarados
|-supereffective|p2a: Gyarados
|-end|p2a: Gyarados|Substitute
|-message|Capucin forfeited.
|
|win|DDD951
|raw|Capucin's rating: 1439 &rarr; <strong>1429</strong><br />(-10 for losing)
|raw|DDD951's rating: 1631 &rarr; <strong>1641</strong><br />(+10 for winning)
|l|☆Capucin
||Ladder isn't responding, score probably updated but might not have (Request timeout).
