|j|☆DDD951
|j|☆smee maimen
|t:|1653754615
|gametype|singles
|player|p1|DDD951|101|1437
|player|p2|smee maimen|cameraman|1421
|teamsize|p1|6
|teamsize|p2|6
|gen|8
|tier|[Gen 8] UU
|rated|
|rule|Sleep Clause Mod: Limit one foe put to sleep
|rule|Species Clause: Limit one of each Pokémon
|rule|OHKO Clause: OHKO moves are banned
|rule|Evasion Moves Clause: Evasion moves are banned
|rule|Endless Battle Clause: Forcing endless battles is banned
|rule|HP Percentage Mod: HP is shown in percentages
|rule|Dynamax Clause: You cannot dynamax
|clearpoke
|poke|p1|Gyarados, F|
|poke|p1|Scizor, F|
|poke|p1|Slowbro-Galar, F|
|poke|p1|Swampert, M|
|poke|p1|Hydreigon, F|
|poke|p1|Conkeldurr, F|
|poke|p2|Nihilego|
|poke|p2|Gyarados, M|
|poke|p2|Hippowdon, M|
|poke|p2|Primarina, M|
|poke|p2|Electivire, M|
|poke|p2|Darmanitan, M|
|teampreview
|
|t:|1653754631
|start
|switch|p1a: Gyarados|Gyarados, F|100/100
|switch|p2a: Dr. Pavel|Primarina, M|100/100
|-ability|p1a: Gyarados|Intimidate|boost
|-unboost|p2a: Dr. Pavel|atk|1
|turn|1
|
|t:|1653754648
|move|p1a: Gyarados|Power Whip|p2a: Dr. Pavel
|-supereffective|p2a: Dr. Pavel
|-damage|p2a: Dr. Pavel|0 fnt
|faint|p2a: Dr. Pavel
|
|upkeep
|
|t:|1653754657
|switch|p2a: Bill "CIA" Wilson|Gyarados, M|100/100
|turn|2
|
|t:|1653754660
|move|p2a: Bill "CIA" Wilson|Dragon Dance|p2a: Bill "CIA" Wilson
|-boost|p2a: Bill "CIA" Wilson|atk|1
|-boost|p2a: Bill "CIA" Wilson|spe|1
|move|p1a: Gyarados|Power Whip|p2a: Bill "CIA" Wilson
|-damage|p2a: Bill "CIA" Wilson|23/100
|-enditem|p2a: Bill "CIA" Wilson|Sitrus Berry|[eat]
|-heal|p2a: Bill "CIA" Wilson|47/100|[from] item: Sitrus Berry
|
|upkeep
|turn|3
|
|t:|1653754677
|switch|p1a: Swampert|Swampert, M|100/100
|move|p2a: Bill "CIA" Wilson|Power Whip|p1a: Swampert
|-supereffective|p1a: Swampert
|-damage|p1a: Swampert|0 fnt
|faint|p1a: Swampert
|-ability|p2a: Bill "CIA" Wilson|Moxie|boost
|-boost|p2a: Bill "CIA" Wilson|atk|1
|
|upkeep
|inactive|Battle timer is ON: inactive players will automatically lose when time's up. (requested by smee maimen)
|
|t:|1653754688
|switch|p1a: Gyarados|Gyarados, F|100/100
|-ability|p1a: Gyarados|Intimidate|boost
|-unboost|p2a: Bill "CIA" Wilson|atk|1
|turn|4
|
|t:|1653754697
|move|p2a: Bill "CIA" Wilson|Power Whip|p1a: Gyarados
|-damage|p1a: Gyarados|21/100
|move|p1a: Gyarados|Power Whip|p2a: Bill "CIA" Wilson
|-damage|p2a: Bill "CIA" Wilson|0 fnt
|faint|p2a: Bill "CIA" Wilson
|
|upkeep
|
|t:|1653754702
|switch|p2a: Big Guy 4U|Electivire, M|100/100
|turn|5
|
|t:|1653754707
|move|p2a: Big Guy 4U|Power-Up Punch|p1a: Gyarados
|-resisted|p1a: Gyarados
|-damage|p1a: Gyarados|9/100
|-boost|p2a: Big Guy 4U|atk|1
|-damage|p2a: Big Guy 4U|91/100|[from] item: Life Orb
|move|p1a: Gyarados|Power Whip|p2a: Big Guy 4U
|-damage|p2a: Big Guy 4U|0 fnt
|faint|p2a: Big Guy 4U
|
|upkeep
|
|t:|1653754710
|switch|p2a: Hothead|Darmanitan, M|100/100
|turn|6
|
|t:|1653754722
|switch|p1a: Slowbro|Slowbro-Galar, F|100/100
|move|p2a: Hothead|U-turn|p1a: Slowbro
|-damage|p1a: Slowbro|68/100
|
|t:|1653754734
|switch|p2a: Bor Gullet|Nihilego|100/100|[from]move: U-turn
|
|upkeep
|turn|7
|
|t:|1653754740
|move|p2a: Bor Gullet|Power Gem|p1a: Slowbro
|-damage|p1a: Slowbro|35/100
|move|p1a: Slowbro|Psyshock|p2a: Bor Gullet
|-supereffective|p2a: Bor Gullet
|-damage|p2a: Bor Gullet|0 fnt
|faint|p2a: Bor Gullet
|
|upkeep
|
|t:|1653754742
|switch|p2a: Hothead|Darmanitan, M|100/100
|turn|8
|
|t:|1653754759
|switch|p1a: Scizor|Scizor, F|100/100
|move|p2a: Hothead|Flare Blitz|p1a: Scizor
|-supereffective|p1a: Scizor
|-damage|p1a: Scizor|0 fnt
|faint|p1a: Scizor
|-damage|p2a: Hothead|74/100|[from] Recoil
|
|upkeep
|
|t:|1653754769
|switch|p1a: Gyarados|Gyarados, F|9/100
|-ability|p1a: Gyarados|Intimidate|boost
|-unboost|p2a: Hothead|atk|1
|turn|9
|
|t:|1653754776
|switch|p1a: Slowbro|Slowbro-Galar, F|69/100
|move|p2a: Hothead|Flare Blitz|p1a: Slowbro
|-damage|p1a: Slowbro|0 fnt
|faint|p1a: Slowbro
|-damage|p2a: Hothead|49/100|[from] Recoil
|
|upkeep
|
|t:|1653754783
|switch|p1a: Gyarados|Gyarados, F|9/100
|-ability|p1a: Gyarados|Intimidate|boost
|-unboost|p2a: Hothead|atk|1
|turn|10
|inactive|smee maimen has 120 seconds left.
|
|t:|1653754816
|move|p2a: Hothead|Flare Blitz|p1a: Gyarados
|-resisted|p1a: Gyarados
|-damage|p1a: Gyarados|0 fnt
|faint|p1a: Gyarados
|-damage|p2a: Hothead|46/100|[from] Recoil
|
|upkeep
|
|t:|1653754822
|switch|p1a: Conkeldurr|Conkeldurr, F|100/100
|turn|11
|
|t:|1653754825
|switch|p2a: Bane|Hippowdon, M|100/100
|-weather|Sandstorm|[from] ability: Sand Stream|[of] p2a: Bane
|move|p1a: Conkeldurr|Bulk Up|p1a: Conkeldurr
|-boost|p1a: Conkeldurr|atk|1
|-boost|p1a: Conkeldurr|def|1
|
|-weather|Sandstorm|[upkeep]
|-damage|p1a: Conkeldurr|94/100|[from] Sandstorm
|-status|p1a: Conkeldurr|brn|[from] item: Flame Orb
|upkeep
|turn|12
|
|t:|1653754835
|move|p1a: Conkeldurr|Bulk Up|p1a: Conkeldurr
|-boost|p1a: Conkeldurr|atk|1
|-boost|p1a: Conkeldurr|def|1
|move|p2a: Bane|Earthquake|p1a: Conkeldurr
|-damage|p1a: Conkeldurr|77/100 brn
|
|-weather|Sandstorm|[upkeep]
|-damage|p1a: Conkeldurr|71/100 brn|[from] Sandstorm
|-damage|p1a: Conkeldurr|65/100 brn|[from] brn
|upkeep
|turn|13
|
|t:|1653754844
|switch|p2a: Hothead|Darmanitan, M|46/100
|move|p1a: Conkeldurr|Drain Punch|p2a: Hothead
|-damage|p2a: Hothead|0 fnt
|-heal|p1a: Conkeldurr|85/100 brn|[from] drain|[of] p2a: Hothead
|faint|p2a: Hothead
|
|-weather|Sandstorm|[upkeep]
|-damage|p1a: Conkeldurr|78/100 brn|[from] Sandstorm
|-damage|p1a: Conkeldurr|72/100 brn|[from] brn
|upkeep
|-message|smee maimen forfeited.
|
|win|DDD951
|raw|DDD951's rating: 1437 &rarr; <strong>1454</strong><br />(+17 for winning)
|raw|smee maimen's rating: 1385 &rarr; <strong>1368</strong><br />(-17 for losing)
|l|☆smee maimen
||Ladder isn't responding, score probably updated but might not have (Request timeout).
