|j|☆Low Ladder Terror
|j|☆congelateur-sama
|t:|1606843816
|player|p1|Low Ladder Terror|teamrocket|
|player|p2|congelateur-sama|#fcpl4raichicheurs|
|teamsize|p1|6
|teamsize|p2|6
|gametype|singles
|gen|8
|tier|[Gen 8] UU
|rated|Tournament battle
|clearpoke
|poke|p1|Politoed, F|
|poke|p1|Tornadus, M|
|poke|p1|Kingdra, M|
|poke|p1|Skarmory, F|
|poke|p1|Kabutops, M|
|poke|p1|Zeraora|
|poke|p2|Zapdos-Galar|
|poke|p2|Mew|
|poke|p2|Azumarill, M|
|poke|p2|Aegislash, F|
|poke|p2|Kommo-o, M|
|poke|p2|Rotom-Heat|
|rule|Sleep Clause Mod: Limit one foe put to sleep
|rule|Species Clause: Limit one of each Pokémon
|rule|OHKO Clause: OHKO moves are banned
|rule|Evasion Moves Clause: Evasion moves are banned
|rule|Endless Battle Clause: Forcing endless battles is banned
|rule|HP Percentage Mod: HP is shown in percentages
|rule|Dynamax Clause: You cannot dynamax
|teampreview
|j| Chicknemacnchez
|inactive|Battle timer is ON: inactive players will automatically lose when time's up. (requested by Low Ladder Terror)
|j|+Low Ladder Heroes
|c|☆congelateur-sama|yo where is your ho ??
|j| pabloaram
|j|@ANGER MANAGEMENT
|j| Life Letters
|inactive|congelateur-sama has 120 seconds left.
|j| BlueFins
|j|+7MM
|
|t:|1606843870
|start
|switch|p1a: Politoed|Politoed, F, shiny|100/100
|switch|p2a: Gonna drop these|Mew|100/100
|-weather|RainDance|[from] ability: Drizzle|[of] p1a: Politoed
|turn|1
|
|t:|1606843877
|move|p2a: Gonna drop these|Knock Off|p1a: Politoed
|-damage|p1a: Politoed|78/100
|-enditem|p1a: Politoed|Damp Rock|[from] move: Knock Off|[of] p2a: Gonna drop these
|move|p1a: Politoed|Encore|p2a: Gonna drop these
|-start|p2a: Gonna drop these|Encore
|
|-weather|RainDance|[upkeep]
|upkeep
|turn|2
|j| mrlbird33
|
|t:|1606843890
|switch|p1a: Tornadus|Tornadus, M|100/100
|move|p2a: Gonna drop these|Knock Off|p1a: Tornadus
|-damage|p1a: Tornadus|69/100
|-enditem|p1a: Tornadus|Heavy-Duty Boots|[from] move: Knock Off|[of] p2a: Gonna drop these
|
|-weather|RainDance|[upkeep]
|upkeep
|turn|3
|
|t:|1606843899
|switch|p2a: Still here...f now|Aegislash, F|100/100
|move|p1a: Tornadus|Nasty Plot|p1a: Tornadus
|-boost|p1a: Tornadus|spa|2
|
|-weather|RainDance|[upkeep]
|upkeep
|turn|4
|
|t:|1606843905
|move|p1a: Tornadus|Weather Ball|p2a: Still here...f now
|-damage|p2a: Still here...f now|35/100
|-formechange|p2a: Still here...f now|Aegislash-Blade||[from] ability: Stance Change
|move|p2a: Still here...f now|Shadow Ball|p1a: Tornadus
|-damage|p1a: Tornadus|15/100
|-unboost|p1a: Tornadus|spd|1
|
|-weather|RainDance|[upkeep]
|-heal|p2a: Still here...f now|42/100|[from] item: Leftovers
|upkeep
|turn|5
|
|t:|1606843916
|-formechange|p2a: Still here...f now|Aegislash||[from] ability: Stance Change
|move|p2a: Still here...f now|King's Shield|p2a: Still here...f now
|-singleturn|p2a: Still here...f now|Protect
|move|p1a: Tornadus|Hurricane|p2a: Still here...f now
|-activate|p2a: Still here...f now|move: Protect
|
|-weather|RainDance|[upkeep]
|-heal|p2a: Still here...f now|48/100|[from] item: Leftovers
|upkeep
|turn|6
|
|t:|1606843931
|switch|p2a: Leave it to me ?!|Azumarill, M|100/100
|move|p1a: Tornadus|Hurricane|p2a: Leave it to me ?!
|-damage|p2a: Leave it to me ?!|0 fnt
|faint|p2a: Leave it to me ?!
|
|-weather|RainDance|[upkeep]
|upkeep
|
|t:|1606843932
|switch|p2a: BAN HAMMER !|Zapdos-Galar|100/100
|turn|7
|
|t:|1606843936
|switch|p1a: Skarmory|Skarmory, F|100/100
|move|p2a: BAN HAMMER !|U-turn|p1a: Skarmory
|-resisted|p1a: Skarmory
|-damage|p1a: Skarmory|97/100
|-damage|p2a: BAN HAMMER !|84/100|[from] item: Rocky Helmet|[of] p1a: Skarmory
|j| Sugarybomber
|
|t:|1606843947
|switch|p2a: Falsified pass|Kommo-o, M|100/100|[from]move: U-turn
|
|-weather|RainDance|[upkeep]
|upkeep
|turn|8
|j| a world of madness
|
|t:|1606843955
|switch|p1a: Tornadus|Tornadus, M|15/100
|move|p2a: Falsified pass|Stealth Rock|p1a: Tornadus
|-sidestart|p1: Low Ladder Terror|move: Stealth Rock
|
|-weather|none
|upkeep
|turn|9
|
|t:|1606843966
|switch|p2a: Hi daddy !|Rotom-Heat|100/100
|move|p1a: Tornadus|Defog|p2a: Hi daddy !
|-unboost|p2a: Hi daddy !|evasion|1
|-sideend|p1: Low Ladder Terror|Stealth Rock|[from] move: Defog|[of] p1a: Tornadus
|
|upkeep
|turn|10
|j| Dom Osmond
|
|t:|1606843983
|switch|p1a: Politoed|Politoed, F, shiny|78/100
|-weather|RainDance|[from] ability: Drizzle|[of] p1a: Politoed
|move|p2a: Hi daddy !|Nasty Plot|p2a: Hi daddy !
|-boost|p2a: Hi daddy !|spa|2
|
|-weather|RainDance|[upkeep]
|upkeep
|turn|11
|l| Dom Osmond
|l| pabloaram
|inactive|Low Ladder Terror has 120 seconds left.
|inactive|congelateur-sama has 120 seconds left.
|
|t:|1606844031
|switch|p1a: Tornadus|Tornadus, M|15/100
|move|p2a: Hi daddy !|Discharge|p1a: Tornadus
|-supereffective|p1a: Tornadus
|-damage|p1a: Tornadus|0 fnt
|faint|p1a: Tornadus
|
|-weather|RainDance|[upkeep]
|upkeep
|
|t:|1606844034
|switch|p1a: Kingdra|Kingdra, M, shiny|100/100
|turn|12
|inactive|congelateur-sama has 120 seconds left.
|j| ManUNkind
|inactive|congelateur-sama has 90 seconds left.
|
|t:|1606844095
|move|p1a: Kingdra|Surf|p2a: Hi daddy !
|-supereffective|p2a: Hi daddy !
|-damage|p2a: Hi daddy !|0 fnt
|-damage|p1a: Kingdra|91/100|[from] item: Life Orb
|faint|p2a: Hi daddy !
|
|-weather|RainDance|[upkeep]
|upkeep
|
|t:|1606844106
|switch|p2a: Still here...f now|Aegislash, F|48/100
|turn|13
|
|t:|1606844110
|move|p2a: Still here...f now|King's Shield|p2a: Still here...f now
|-singleturn|p2a: Still here...f now|Protect
|move|p1a: Kingdra|Surf|p2a: Still here...f now
|-activate|p2a: Still here...f now|move: Protect
|
|-weather|RainDance|[upkeep]
|-heal|p2a: Still here...f now|54/100|[from] item: Leftovers
|upkeep
|turn|14
|
|t:|1606844117
|switch|p2a: Falsified pass|Kommo-o, M|100/100
|move|p1a: Kingdra|Surf|p2a: Falsified pass
|-resisted|p2a: Falsified pass
|-damage|p2a: Falsified pass|46/100
|-damage|p1a: Kingdra|81/100|[from] item: Life Orb
|
|-weather|none
|upkeep
|turn|15
|inactive|congelateur-sama has 90 seconds left.
|
|t:|1606844130
|move|p2a: Falsified pass|Stealth Rock|p1a: Kingdra
|-sidestart|p1: Low Ladder Terror|move: Stealth Rock
|move|p1a: Kingdra|Draco Meteor|p2a: Falsified pass|[miss]
|-miss|p1a: Kingdra|p2a: Falsified pass
|
|upkeep
|turn|16
|
|t:|1606844146
|switch|p1a: Skarmory|Skarmory, F|97/100
|-damage|p1a: Skarmory|85/100|[from] Stealth Rock
|move|p2a: Falsified pass|Clanging Scales|p1a: Skarmory
|-resisted|p1a: Skarmory
|-damage|p1a: Skarmory|47/100
|-unboost|p2a: Falsified pass|def|1
|-damage|p2a: Falsified pass|36/100|[from] item: Life Orb
|
|upkeep
|turn|17
|inactive|congelateur-sama has 90 seconds left.
|inactive|Low Ladder Terror has 120 seconds left.
|inactive|congelateur-sama has 60 seconds left.
|
|t:|1606844205
|switch|p2a: Still here...f now|Aegislash, F|54/100
|move|p1a: Skarmory|Spikes|p2a: Still here...f now
|-sidestart|p2: congelateur-sama|Spikes
|
|-heal|p2a: Still here...f now|60/100|[from] item: Leftovers
|upkeep
|turn|18
|
|t:|1606844220
|move|p1a: Skarmory|Spikes|p2a: Still here...f now
|-sidestart|p2: congelateur-sama|Spikes
|-formechange|p2a: Still here...f now|Aegislash-Blade||[from] ability: Stance Change
|move|p2a: Still here...f now|Shadow Ball|p1a: Skarmory
|-damage|p1a: Skarmory|0 fnt
|faint|p1a: Skarmory
|
|-heal|p2a: Still here...f now|66/100|[from] item: Leftovers
|upkeep
|
|t:|1606844222
|switch|p1a: Politoed|Politoed, F, shiny|78/100
|-damage|p1a: Politoed|66/100|[from] Stealth Rock
|-weather|RainDance|[from] ability: Drizzle|[of] p1a: Politoed
|turn|19
|
|t:|1606844231
|move|p1a: Politoed|Scald|p2a: Still here...f now
|-damage|p2a: Still here...f now|22/100
|move|p2a: Still here...f now|Shadow Ball|p1a: Politoed
|-damage|p1a: Politoed|41/100
|-unboost|p1a: Politoed|spd|1
|
|-weather|RainDance|[upkeep]
|-heal|p2a: Still here...f now|29/100|[from] item: Leftovers
|upkeep
|turn|20
|inactive|Low Ladder Terror has 120 seconds left.
|inactive|Low Ladder Terror has 90 seconds left.
|
|t:|1606844295
|switch|p1a: Kingdra|Kingdra, M, shiny|81/100
|-damage|p1a: Kingdra|68/100|[from] Stealth Rock
|switch|p2a: BAN HAMMER !|Zapdos-Galar|84/100
|
|-weather|RainDance|[upkeep]
|upkeep
|turn|21
|inactive|congelateur-sama has 60 seconds left.
|
|t:|1606844321
|move|p1a: Kingdra|Surf|p2a: BAN HAMMER !
|-damage|p2a: BAN HAMMER !|0 fnt
|-damage|p1a: Kingdra|58/100|[from] item: Life Orb
|faint|p2a: BAN HAMMER !
|
|-weather|RainDance|[upkeep]
|upkeep
|
|t:|1606844325
|switch|p2a: Gonna drop these|Mew|100/100
|-damage|p2a: Gonna drop these|84/100|[from] Spikes
|turn|22
|
|t:|1606844329
|move|p1a: Kingdra|Surf|p2a: Gonna drop these
|-damage|p2a: Gonna drop these|18/100
|-damage|p1a: Kingdra|48/100|[from] item: Life Orb
|move|p2a: Gonna drop these|Soft-Boiled|p2a: Gonna drop these
|-heal|p2a: Gonna drop these|68/100
|
|-weather|RainDance|[upkeep]
|-heal|p2a: Gonna drop these|74/100|[from] item: Leftovers
|upkeep
|turn|23
|
|t:|1606844337
|move|p1a: Kingdra|Hydro Pump|p2a: Gonna drop these
|-damage|p2a: Gonna drop these|0 fnt
|-damage|p1a: Kingdra|38/100|[from] item: Life Orb
|faint|p2a: Gonna drop these
|
|-weather|none
|upkeep
|
|t:|1606844341
|switch|p2a: Falsified pass|Kommo-o, M|36/100
|-damage|p2a: Falsified pass|19/100|[from] Spikes
|turn|24
|c|☆congelateur-sama|gg
|inactive|Low Ladder Terror has 120 seconds left.
|inactive|congelateur-sama has 90 seconds left.
|
|t:|1606844348
|switch|p1a: Politoed|Politoed, F, shiny|41/100
|-damage|p1a: Politoed|28/100|[from] Stealth Rock
|-weather|RainDance|[from] ability: Drizzle|[of] p1a: Politoed
|move|p2a: Falsified pass|Close Combat|p1a: Politoed
|-damage|p1a: Politoed|0 fnt
|-unboost|p2a: Falsified pass|def|1
|-unboost|p2a: Falsified pass|spd|1
|-damage|p2a: Falsified pass|9/100|[from] item: Life Orb
|faint|p1a: Politoed
|
|-weather|RainDance|[upkeep]
|upkeep
|inactive|Low Ladder Terror has 120 seconds left.
|
|t:|1606844354
|switch|p1a: Kingdra|Kingdra, M, shiny|38/100
|-damage|p1a: Kingdra|26/100|[from] Stealth Rock
|turn|25
|
|t:|1606844357
|move|p1a: Kingdra|Surf|p2a: Falsified pass
|-resisted|p2a: Falsified pass
|-crit|p2a: Falsified pass
|-damage|p2a: Falsified pass|0 fnt
|-damage|p1a: Kingdra|16/100|[from] item: Life Orb
|faint|p2a: Falsified pass
|
|-weather|RainDance|[upkeep]
|upkeep
|
|t:|1606844358
|switch|p2a: Still here...f now|Aegislash, F|29/100
|-damage|p2a: Still here...f now|12/100|[from] Spikes
|turn|26
|
|t:|1606844360
|move|p1a: Kingdra|Surf|p2a: Still here...f now
|-damage|p2a: Still here...f now|0 fnt
|-damage|p1a: Kingdra|6/100|[from] item: Life Orb
|faint|p2a: Still here...f now
|
|win|Low Ladder Terror
|n|☆Low Ladder Terror|lowladderterror
|n|☆congelateur-sama|congelateursama
|n| Chicknemacnchez|chicknemacnchez
|n| Low Ladder Heroes|lowladderheroes
|n| ANGER MANAGEMENT|angermanagement
|n| Life Letters|lifeletters
|n| BlueFins|bluefins
|n| 7MM|7mm
|n| mrlbird33|mrlbird33
|n| Sugarybomber|sugarybomber
|n| a world of madness|aworldofmadness
|n| ManUNkind|manunkind
