|j|☆Grumpigfan
|j|☆alexander malofeev
|player|p1|Grumpigfan|lass-gen4dp|1546
|player|p2|alexander malofeev|policeman-gen4|1555
|teamsize|p1|6
|teamsize|p2|6
|gametype|singles
|gen|8
|tier|[Gen 8] UU
|rated|
|clearpoke
|poke|p1|Marill, F|
|poke|p1|Vaporeon, F|
|poke|p1|Milotic, F|
|poke|p1|Gastrodon, F|
|poke|p1|Keldeo-Resolute|
|poke|p1|Mantine, M|
|poke|p2|Golurk|
|poke|p2|Araquanid, F|
|poke|p2|Sylveon, M|
|poke|p2|Cobalion|
|poke|p2|Noivern, M|
|poke|p2|Rillaboom, M|
|rule|Sleep Clause Mod: Limit one foe put to sleep
|rule|Species Clause: Limit one of each Pokémon
|rule|OHKO Clause: OHKO moves are banned
|rule|Evasion Moves Clause: Evasion moves are banned
|rule|Endless Battle Clause: Forcing endless battles is banned
|rule|HP Percentage Mod: HP is shown in percentages
|rule|Dynamax Clause: You cannot dynamax
|teampreview
|inactive|Battle timer is ON: inactive players will automatically lose when time's up. (requested by alexander malofeev)
|c|☆alexander malofeev|hf
|
|start
|switch|p1a: Marill|Marill, F|100/100
|switch|p2a: Araquanid|Araquanid, F|100/100
|turn|1
|inactive|Grumpigfan has 120 seconds left.
|
|move|p2a: Araquanid|Sticky Web|p1a: Marill
|-sidestart|p1: Grumpigfan|move: Sticky Web
|move|p1a: Marill|Whirlpool|p2a: Araquanid
|-resisted|p2a: Araquanid
|-damage|p2a: Araquanid|99/100
|-activate|p2a: Araquanid|move: Whirlpool|[of] p1a: Marill
|
|-damage|p2a: Araquanid|87/100|[from] move: Whirlpool|[partiallytrapped]
|upkeep
|turn|2
|
|move|p2a: Araquanid|Toxic|p1a: Marill
|-status|p1a: Marill|tox
|move|p1a: Marill|Perish Song|p1a: Marill
|-start|p1a: Marill|perish3|[silent]
|-start|p2a: Araquanid|perish3|[silent]
|-fieldactivate|move: Perish Song
|
|-damage|p1a: Marill|94/100 tox|[from] psn
|-damage|p2a: Araquanid|74/100|[from] move: Whirlpool|[partiallytrapped]
|-start|p2a: Araquanid|perish3
|-start|p1a: Marill|perish3
|upkeep
|turn|3
|j| hjkhj ㋛
|j| mega gabin
|
|move|p1a: Marill|Protect|p1a: Marill
|-singleturn|p1a: Marill|Protect
|move|p2a: Araquanid|Leech Life|p1a: Marill
|-activate|p1a: Marill|move: Protect
|
|-damage|p1a: Marill|82/100 tox|[from] psn
|-damage|p2a: Araquanid|62/100|[from] move: Whirlpool|[partiallytrapped]
|-start|p2a: Araquanid|perish2
|-start|p1a: Marill|perish2
|upkeep
|turn|4
|
|move|p1a: Marill|Protect||[still]
|-fail|p1a: Marill
|move|p2a: Araquanid|Leech Life|p1a: Marill
|-resisted|p1a: Marill
|-damage|p1a: Marill|71/100 tox
|-heal|p2a: Araquanid|69/100|[from] drain|[of] p1a: Marill
|
|-damage|p1a: Marill|53/100 tox|[from] psn
|-damage|p2a: Araquanid|56/100|[from] move: Whirlpool|[partiallytrapped]
|-start|p2a: Araquanid|perish1
|-start|p1a: Marill|perish1
|upkeep
|turn|5
|
|switch|p1a: Mantine|Mantine, M|100/100
|move|p2a: Araquanid|Toxic|p1a: Mantine
|-status|p1a: Mantine|tox
|
|-damage|p1a: Mantine|94/100 tox|[from] psn
|-end|p2a: Araquanid|Whirlpool|[partiallytrapped]
|-start|p2a: Araquanid|perish0
|upkeep
|faint|p2a: Araquanid
|
|switch|p2a: Sylveon|Sylveon, M|100/100
|turn|6
|
|switch|p1a: Gastrodon|Gastrodon, F|100/100
|-activate|p1a: Gastrodon|move: Sticky Web
|-unboost|p1a: Gastrodon|spe|1
|move|p2a: Sylveon|Calm Mind|p2a: Sylveon
|-boost|p2a: Sylveon|spa|1
|-boost|p2a: Sylveon|spd|1
|
|upkeep
|turn|7
|
|move|p2a: Sylveon|Substitute|p2a: Sylveon
|-start|p2a: Sylveon|Substitute
|-damage|p2a: Sylveon|76/100
|move|p1a: Gastrodon|Toxic||[still]
|-fail|p1a: Gastrodon
|
|-heal|p2a: Sylveon|82/100|[from] item: Leftovers
|upkeep
|turn|8
|
|switch|p1a: Vaporeon|Vaporeon, F|100/100
|-activate|p1a: Vaporeon|move: Sticky Web
|-unboost|p1a: Vaporeon|spe|1
|move|p2a: Sylveon|Calm Mind|p2a: Sylveon
|-boost|p2a: Sylveon|spa|1
|-boost|p2a: Sylveon|spd|1
|
|-heal|p2a: Sylveon|88/100|[from] item: Leftovers
|upkeep
|turn|9
|
|move|p2a: Sylveon|Calm Mind|p2a: Sylveon
|-boost|p2a: Sylveon|spa|1
|-boost|p2a: Sylveon|spd|1
|move|p1a: Vaporeon|Heal Bell|p1a: Vaporeon
|-activate|p1a: Vaporeon|move: Heal Bell
|-curestatus|p1: Mantine|tox|[msg]
|-curestatus|p1: Marill|tox|[msg]
|
|-heal|p2a: Sylveon|94/100|[from] item: Leftovers
|upkeep
|turn|10
|l| mega gabin
|
|switch|p1a: Mantine|Mantine, M|94/100
|move|p2a: Sylveon|Calm Mind|p2a: Sylveon
|-boost|p2a: Sylveon|spa|1
|-boost|p2a: Sylveon|spd|1
|
|-heal|p2a: Sylveon|99/100|[from] item: Leftovers
|upkeep
|turn|11
|
|move|p2a: Sylveon|Hyper Voice|p1a: Mantine
|-damage|p1a: Mantine|0 fnt
|faint|p1a: Mantine
|
|-heal|p2a: Sylveon|100/100|[from] item: Leftovers
|upkeep
|-message|Grumpigfan forfeited.
|
|win|alexander malofeev
|l|☆Grumpigfan
|c|☆alexander malofeev|xd
