|j|☆PlasticPinnochio
|j|☆Maro239
|t:|1655576435
|gametype|singles
|player|p1|PlasticPinnochio|170|1384
|player|p2|Maro239|cyclist|1363
|teamsize|p1|6
|teamsize|p2|6
|gen|8
|tier|[Gen 8] UU
|rated|
|rule|Sleep Clause Mod: Limit one foe put to sleep
|rule|Species Clause: Limit one of each Pokémon
|rule|OHKO Clause: OHKO moves are banned
|rule|Evasion Moves Clause: Evasion moves are banned
|rule|Endless Battle Clause: Forcing endless battles is banned
|rule|HP Percentage Mod: HP is shown in percentages
|rule|Dynamax Clause: You cannot dynamax
|clearpoke
|poke|p1|Skarmory, M|
|poke|p1|Noivern, F|
|poke|p1|Swampert, M|
|poke|p1|Nihilego|
|poke|p1|Scizor, F|
|poke|p1|Rotom-Wash|
|poke|p2|Moltres|
|poke|p2|Hippowdon, M|
|poke|p2|Salamence, M|
|poke|p2|Zarude|
|poke|p2|Primarina, F|
|poke|p2|Scizor, M|
|teampreview
|inactive|Battle timer is ON: inactive players will automatically lose when time's up. (requested by PlasticPinnochio)
|
|t:|1655576449
|start
|switch|p1a: Rotom|Rotom-Wash|100/100
|switch|p2a: Scizor|Scizor, M, shiny|100/100
|turn|1
|
|t:|1655576457
|switch|p2a: Zarude|Zarude|100/100
|move|p1a: Rotom|Volt Switch|p2a: Zarude
|-resisted|p2a: Zarude
|-damage|p2a: Zarude|89/100
|
|t:|1655576459
|switch|p1a: Noivern|Noivern, F|100/100|[from]move: Volt Switch
|-item|p2a: Zarude|Life Orb|[from] ability: Frisk|[of] p1a: Noivern|[identify]
|
|upkeep
|turn|2
|
|t:|1655576468
|switch|p2a: Primarina|Primarina, F, shiny|100/100
|move|p1a: Noivern|U-turn|p2a: Primarina
|-resisted|p2a: Primarina
|-damage|p2a: Primarina|94/100
|
|t:|1655576472
|switch|p1a: Rotom|Rotom-Wash|100/100|[from]move: U-turn
|
|upkeep
|turn|3
|
|t:|1655576476
|move|p1a: Rotom|Will-O-Wisp|p2a: Primarina
|-status|p2a: Primarina|brn
|move|p2a: Primarina|Moonblast|p1a: Rotom
|-damage|p1a: Rotom|18/100
|-unboost|p1a: Rotom|spa|1
|
|-heal|p1a: Rotom|24/100|[from] item: Leftovers
|-damage|p2a: Primarina|88/100 brn|[from] brn
|upkeep
|turn|4
|
|t:|1655576485
|switch|p2a: Zarude|Zarude|89/100
|move|p1a: Rotom|Volt Switch|p2a: Zarude
|-resisted|p2a: Zarude
|-damage|p2a: Zarude|79/100
|
|t:|1655576487
|switch|p1a: Noivern|Noivern, F|100/100|[from]move: Volt Switch
|-item|p2a: Zarude|Life Orb|[from] ability: Frisk|[of] p1a: Noivern|[identify]
|
|upkeep
|turn|5
|
|t:|1655576492
|switch|p2a: Hippowdon|Hippowdon, M, shiny|100/100
|-weather|Sandstorm|[from] ability: Sand Stream|[of] p2a: Hippowdon
|move|p1a: Noivern|U-turn|p2a: Hippowdon
|-crit|p2a: Hippowdon
|-damage|p2a: Hippowdon|90/100
|
|t:|1655576497
|switch|p1a: Swampert|Swampert, M|100/100|[from]move: U-turn
|
|-weather|Sandstorm|[upkeep]
|-heal|p2a: Hippowdon|96/100|[from] item: Leftovers
|upkeep
|turn|6
|
|t:|1655576502
|move|p1a: Swampert|Stealth Rock|p2a: Hippowdon
|-sidestart|p2: Maro239|move: Stealth Rock
|move|p2a: Hippowdon|Toxic|p1a: Swampert
|-status|p1a: Swampert|tox
|
|-weather|Sandstorm|[upkeep]
|-heal|p2a: Hippowdon|100/100|[from] item: Leftovers
|-damage|p1a: Swampert|94/100 tox|[from] psn
|upkeep
|turn|7
|
|t:|1655576509
|switch|p2a: Scizor|Scizor, M, shiny|100/100
|move|p1a: Swampert|Flip Turn|p2a: Scizor
|-damage|p2a: Scizor|80/100
|
|t:|1655576512
|switch|p1a: Noivern|Noivern, F|100/100|[from]move: Flip Turn
|-item|p2a: Scizor|Heavy-Duty Boots|[from] ability: Frisk|[of] p1a: Noivern|[identify]
|
|-weather|Sandstorm|[upkeep]
|-damage|p1a: Noivern|94/100|[from] Sandstorm
|upkeep
|turn|8
|
|t:|1655576519
|switch|p2a: Moltres|Moltres|100/100
|move|p1a: Noivern|Flamethrower|p2a: Moltres
|-resisted|p2a: Moltres
|-damage|p2a: Moltres|88/100
|
|-weather|Sandstorm|[upkeep]
|-damage|p1a: Noivern|88/100|[from] Sandstorm
|-damage|p2a: Moltres|82/100|[from] Sandstorm
|upkeep
|turn|9
|
|t:|1655576526
|move|p1a: Noivern|U-turn|p2a: Moltres
|-resisted|p2a: Moltres
|-damage|p2a: Moltres|80/100
|
|t:|1655576528
|switch|p1a: Nihilego|Nihilego|100/100|[from]move: U-turn
|move|p2a: Moltres|U-turn|p1a: Nihilego
|-resisted|p1a: Nihilego
|-crit|p1a: Nihilego
|-damage|p1a: Nihilego|82/100
|
|t:|1655576534
|switch|p2a: Scizor|Scizor, M, shiny|80/100|[from]move: U-turn
|
|-weather|none
|-heal|p1a: Nihilego|88/100|[from] item: Leftovers
|upkeep
|turn|10
|
|t:|1655576540
|switch|p1a: Skarmory|Skarmory, M|100/100
|move|p2a: Scizor|Knock Off|p1a: Skarmory
|-damage|p1a: Skarmory|80/100
|-damage|p2a: Scizor|63/100|[from] item: Rocky Helmet|[of] p1a: Skarmory
|-enditem|p1a: Skarmory|Rocky Helmet|[from] move: Knock Off|[of] p2a: Scizor
|
|upkeep
|turn|11
|
|t:|1655576545
|move|p1a: Skarmory|Spikes|p2a: Scizor
|-sidestart|p2: Maro239|Spikes
|move|p2a: Scizor|Roost|p2a: Scizor
|-heal|p2a: Scizor|100/100
|-singleturn|p2a: Scizor|move: Roost
|
|upkeep
|turn|12
|
|t:|1655576549
|switch|p1a: Noivern|Noivern, F|88/100
|-item|p2a: Scizor|Heavy-Duty Boots|[from] ability: Frisk|[of] p1a: Noivern|[identify]
|switch|p2a: Moltres|Moltres|80/100
|
|upkeep
|turn|13
|
|t:|1655576555
|move|p1a: Noivern|Draco Meteor|p2a: Moltres
|-damage|p2a: Moltres|26/100
|-unboost|p1a: Noivern|spa|2
|move|p2a: Moltres|Roost|p2a: Moltres
|-heal|p2a: Moltres|76/100
|-singleturn|p2a: Moltres|move: Roost
|
|upkeep
|turn|14
|
|t:|1655576559
|move|p1a: Noivern|U-turn|p2a: Moltres
|-resisted|p2a: Moltres
|-crit|p2a: Moltres
|-damage|p2a: Moltres|73/100
|
|t:|1655576564
|switch|p1a: Nihilego|Nihilego|88/100|[from]move: U-turn
|move|p2a: Moltres|Defog|p1a: Nihilego
|-unboost|p1a: Nihilego|evasion|1
|-sideend|p2: Maro239|Spikes|[from] move: Defog|[of] p2a: Moltres
|-sideend|p2: Maro239|Stealth Rock|[from] move: Defog|[of] p2a: Moltres
|
|-heal|p1a: Nihilego|94/100|[from] item: Leftovers
|upkeep
|turn|15
|
|t:|1655576571
|switch|p2a: Scizor|Scizor, M, shiny|100/100
|move|p1a: Nihilego|Knock Off|p2a: Scizor
|-damage|p2a: Scizor|89/100
|-enditem|p2a: Scizor|Heavy-Duty Boots|[from] move: Knock Off|[of] p1a: Nihilego
|
|-heal|p1a: Nihilego|99/100|[from] item: Leftovers
|upkeep
|turn|16
|
|t:|1655576577
|switch|p1a: Skarmory|Skarmory, M|80/100
|move|p2a: Scizor|U-turn|p1a: Skarmory
|-resisted|p1a: Skarmory
|-crit|p1a: Skarmory
|-damage|p1a: Skarmory|72/100
|
|t:|1655576583
|switch|p2a: Primarina|Primarina, F, shiny|88/100 brn|[from]move: U-turn
|
|-damage|p2a: Primarina|81/100 brn|[from] brn
|upkeep
|turn|17
|
|t:|1655576587
|switch|p1a: Swampert|Swampert, M|94/100 tox
|move|p2a: Primarina|Hydro Pump|p1a: Swampert
|-damage|p1a: Swampert|38/100 tox
|
|-heal|p1a: Swampert|44/100 tox|[from] item: Leftovers
|-damage|p1a: Swampert|38/100 tox|[from] psn
|-damage|p2a: Primarina|75/100 brn|[from] brn
|upkeep
|turn|18
|
|t:|1655576599
|switch|p2a: Scizor|Scizor, M, shiny|89/100
|move|p1a: Swampert|Flip Turn|p2a: Scizor
|-damage|p2a: Scizor|70/100
|
|t:|1655576603
|switch|p1a: Rotom|Rotom-Wash|24/100|[from]move: Flip Turn
|
|-heal|p1a: Rotom|30/100|[from] item: Leftovers
|upkeep
|turn|19
|
|t:|1655576610
|switch|p2a: Zarude|Zarude|79/100
|move|p1a: Rotom|Will-O-Wisp|p2a: Zarude
|-status|p2a: Zarude|brn
|
|-heal|p1a: Rotom|36/100|[from] item: Leftovers
|-damage|p2a: Zarude|73/100 brn|[from] brn
|upkeep
|turn|20
|
|t:|1655576617
|switch|p1a: Skarmory|Skarmory, M|72/100
|move|p2a: Zarude|Jungle Healing|p2a: Zarude
|-heal|p2a: Zarude|98/100 brn
|-curestatus|p2a: Zarude|brn|[msg]
|
|upkeep
|turn|21
|
|t:|1655576622
|switch|p2a: Moltres|Moltres|73/100
|move|p1a: Skarmory|Spikes|p2a: Moltres
|-sidestart|p2: Maro239|Spikes
|
|upkeep
|turn|22
|
|t:|1655576633
|switch|p1a: Rotom|Rotom-Wash|36/100
|move|p2a: Moltres|Defog|p1a: Rotom
|-unboost|p1a: Rotom|evasion|1
|-sideend|p2: Maro239|Spikes|[from] move: Defog|[of] p2a: Moltres
|
|-heal|p1a: Rotom|42/100|[from] item: Leftovers
|upkeep
|turn|23
|
|t:|1655576640
|switch|p2a: Zarude|Zarude|98/100
|move|p1a: Rotom|Volt Switch|p2a: Zarude
|-resisted|p2a: Zarude
|-damage|p2a: Zarude|86/100
|
|t:|1655576646
|switch|p1a: Noivern|Noivern, F|88/100|[from]move: Volt Switch
|-item|p2a: Zarude|Life Orb|[from] ability: Frisk|[of] p1a: Noivern|[identify]
|
|upkeep
|turn|24
|
|t:|1655576651
|switch|p2a: Hippowdon|Hippowdon, M, shiny|100/100
|-weather|Sandstorm|[from] ability: Sand Stream|[of] p2a: Hippowdon
|move|p1a: Noivern|U-turn|p2a: Hippowdon
|-crit|p2a: Hippowdon
|-damage|p2a: Hippowdon|89/100
|
|t:|1655576657
|switch|p1a: Rotom|Rotom-Wash|42/100|[from]move: U-turn
|
|-weather|Sandstorm|[upkeep]
|-damage|p1a: Rotom|36/100|[from] Sandstorm
|-heal|p1a: Rotom|42/100|[from] item: Leftovers
|-heal|p2a: Hippowdon|95/100|[from] item: Leftovers
|upkeep
|turn|25
|
|t:|1655576660
|move|p1a: Rotom|Volt Switch|p2a: Hippowdon
|-immune|p2a: Hippowdon
|move|p2a: Hippowdon|Toxic|p1a: Rotom
|-status|p1a: Rotom|tox
|
|-weather|Sandstorm|[upkeep]
|-damage|p1a: Rotom|36/100 tox|[from] Sandstorm
|-heal|p1a: Rotom|42/100 tox|[from] item: Leftovers
|-heal|p2a: Hippowdon|100/100|[from] item: Leftovers
|-damage|p1a: Rotom|36/100 tox|[from] psn
|upkeep
|turn|26
|
|t:|1655576666
|switch|p2a: Zarude|Zarude|86/100
|move|p1a: Rotom|Volt Switch|p2a: Zarude
|-resisted|p2a: Zarude
|-damage|p2a: Zarude|73/100
|
|t:|1655576669
|switch|p1a: Scizor|Scizor, F|100/100|[from]move: Volt Switch
|
|-weather|Sandstorm|[upkeep]
|-damage|p2a: Zarude|67/100|[from] Sandstorm
|upkeep
|turn|27
|
|t:|1655576675
|switch|p2a: Moltres|Moltres|73/100
|move|p1a: Scizor|Knock Off|p2a: Moltres
|-damage|p2a: Moltres|54/100
|-status|p1a: Scizor|brn|[from] ability: Flame Body|[of] p2a: Moltres
|-enditem|p2a: Moltres|Heavy-Duty Boots|[from] move: Knock Off|[of] p1a: Scizor
|
|-weather|Sandstorm|[upkeep]
|-damage|p2a: Moltres|48/100|[from] Sandstorm
|-damage|p1a: Scizor|94/100 brn|[from] brn
|upkeep
|turn|28
|
|t:|1655576679
|switch|p1a: Nihilego|Nihilego|99/100
|move|p2a: Moltres|Roost|p2a: Moltres
|-heal|p2a: Moltres|98/100
|-singleturn|p2a: Moltres|move: Roost
|
|-weather|none
|-heal|p1a: Nihilego|100/100|[from] item: Leftovers
|upkeep
|turn|29
|
|t:|1655576684
|move|p1a: Nihilego|Power Gem|p2a: Moltres
|-supereffective|p2a: Moltres
|-damage|p2a: Moltres|0 fnt
|faint|p2a: Moltres
|-ability|p1a: Nihilego|Beast Boost|boost
|-boost|p1a: Nihilego|spa|1
|
|upkeep
|
|t:|1655576691
|switch|p2a: Zarude|Zarude|67/100
|turn|30
|
|t:|1655576694
|switch|p1a: Skarmory|Skarmory, M|72/100
|move|p2a: Zarude|Darkest Lariat|p1a: Skarmory
|-damage|p1a: Skarmory|39/100
|-damage|p2a: Zarude|57/100|[from] item: Life Orb
|
|upkeep
|turn|31
|
|t:|1655576701
|switch|p2a: Primarina|Primarina, F, shiny|75/100 brn
|move|p1a: Skarmory|Roost|p1a: Skarmory
|-heal|p1a: Skarmory|89/100
|-singleturn|p1a: Skarmory|move: Roost
|
|-damage|p2a: Primarina|69/100 brn|[from] brn
|upkeep
|turn|32
|
|t:|1655576711
|switch|p1a: Swampert|Swampert, M|38/100 tox
|move|p2a: Primarina|Hydro Pump|p1a: Swampert
|-damage|p1a: Swampert|0 fnt
|faint|p1a: Swampert
|
|-damage|p2a: Primarina|63/100 brn|[from] brn
|upkeep
|
|t:|1655576715
|switch|p1a: Nihilego|Nihilego|100/100
|turn|33
|
|t:|1655576720
|move|p1a: Nihilego|Power Gem|p2a: Primarina
|-damage|p2a: Primarina|24/100 brn
|move|p2a: Primarina|Hydro Pump|p1a: Nihilego
|-supereffective|p1a: Nihilego
|-damage|p1a: Nihilego|0 fnt
|faint|p1a: Nihilego
|
|-damage|p2a: Primarina|18/100 brn|[from] brn
|upkeep
|
|t:|1655576727
|switch|p1a: Rotom|Rotom-Wash|36/100 tox
|turn|34
|
|t:|1655576732
|switch|p2a: Hippowdon|Hippowdon, M, shiny|100/100
|-weather|Sandstorm|[from] ability: Sand Stream|[of] p2a: Hippowdon
|move|p1a: Rotom|Volt Switch|p2a: Hippowdon
|-immune|p2a: Hippowdon
|
|-weather|Sandstorm|[upkeep]
|-damage|p1a: Rotom|30/100 tox|[from] Sandstorm
|-heal|p1a: Rotom|36/100 tox|[from] item: Leftovers
|-damage|p1a: Rotom|30/100 tox|[from] psn
|upkeep
|turn|35
|
|t:|1655576740
|switch|p1a: Skarmory|Skarmory, M|89/100
|switch|p2a: Salamence|Salamence, M, shiny|100/100
|-ability|p2a: Salamence|Intimidate|boost
|-unboost|p1a: Skarmory|atk|1
|
|-weather|Sandstorm|[upkeep]
|-damage|p2a: Salamence|94/100|[from] Sandstorm
|upkeep
|turn|36
|
|t:|1655576748
|move|p2a: Salamence|Dragon Dance|p2a: Salamence
|-boost|p2a: Salamence|atk|1
|-boost|p2a: Salamence|spe|1
|move|p1a: Skarmory|Spikes|p2a: Salamence
|-sidestart|p2: Maro239|Spikes
|
|-weather|Sandstorm|[upkeep]
|-damage|p2a: Salamence|88/100|[from] Sandstorm
|upkeep
|turn|37
|
|t:|1655576750
|move|p2a: Salamence|Dragon Dance|p2a: Salamence
|-boost|p2a: Salamence|atk|1
|-boost|p2a: Salamence|spe|1
|move|p1a: Skarmory|Brave Bird|p2a: Salamence
|-damage|p2a: Salamence|61/100
|-damage|p1a: Skarmory|80/100|[from] Recoil
|
|-weather|Sandstorm|[upkeep]
|-damage|p2a: Salamence|55/100|[from] Sandstorm
|upkeep
|turn|38
|
|t:|1655576755
|move|p2a: Salamence|Roost|p2a: Salamence
|-heal|p2a: Salamence|100/100
|-singleturn|p2a: Salamence|move: Roost
|move|p1a: Skarmory|Brave Bird|p2a: Salamence
|-damage|p2a: Salamence|74/100
|-damage|p1a: Skarmory|71/100|[from] Recoil
|
|-weather|none
|upkeep
|turn|39
|
|t:|1655576761
|switch|p1a: Rotom|Rotom-Wash|30/100 tox
|move|p2a: Salamence|Dragon Dance|p2a: Salamence
|-boost|p2a: Salamence|atk|1
|-boost|p2a: Salamence|spe|1
|
|-heal|p1a: Rotom|36/100 tox|[from] item: Leftovers
|-damage|p1a: Rotom|30/100 tox|[from] psn
|upkeep
|turn|40
|
|t:|1655576766
|move|p2a: Salamence|Dual Wingbeat|p1a: Rotom
|-resisted|p1a: Rotom
|-crit|p1a: Rotom
|-damage|p1a: Rotom|0 fnt
|faint|p1a: Rotom
|-hitcount|p1: Rotom|1
|
|upkeep
|
|t:|1655576768
|switch|p1a: Scizor|Scizor, F|94/100 brn
|turn|41
|
|t:|1655576773
|move|p2a: Salamence|Dual Wingbeat|p1a: Scizor
|-damage|p1a: Scizor|53/100 brn
|-damage|p1a: Scizor|14/100 brn
|-hitcount|p1a: Scizor|2
|move|p1a: Scizor|Swords Dance|p1a: Scizor
|-boost|p1a: Scizor|atk|2
|
|-damage|p1a: Scizor|8/100 brn|[from] brn
|upkeep
|turn|42
|
|t:|1655576780
|move|p1a: Scizor|Bullet Punch|p2a: Salamence
|-damage|p2a: Salamence|41/100
|move|p2a: Salamence|Roost|p2a: Salamence
|-heal|p2a: Salamence|91/100
|-singleturn|p2a: Salamence|move: Roost
|
|-damage|p1a: Scizor|2/100 brn|[from] brn
|upkeep
|turn|43
|
|t:|1655576785
|move|p1a: Scizor|Bullet Punch|p2a: Salamence
|-damage|p2a: Salamence|59/100
|move|p2a: Salamence|Roost|p2a: Salamence
|-heal|p2a: Salamence|100/100
|-singleturn|p2a: Salamence|move: Roost
|
|-damage|p1a: Scizor|0 fnt|[from] brn
|faint|p1a: Scizor
|upkeep
|-message|PlasticPinnochio forfeited.
|
|win|Maro239
|raw|PlasticPinnochio's rating: 1384 &rarr; <strong>1363</strong><br />(-21 for losing)
|raw|Maro239's rating: 1363 &rarr; <strong>1384</strong><br />(+21 for winning)
||Ladder isn't responding, score probably updated but might not have (Request timeout).
