|j|☆ajisawesome222
|j|☆Zephyyyr
|t:|1656237278
|gametype|singles
|player|p1|ajisawesome222|guitarist|1250
|player|p2|Zephyyyr|richboy|1507
|teamsize|p1|6
|teamsize|p2|6
|gen|8
|tier|[Gen 8] UU
|rated|
|rule|Sleep Clause Mod: Limit one foe put to sleep
|rule|Species Clause: Limit one of each Pokémon
|rule|OHKO Clause: OHKO moves are banned
|rule|Evasion Moves Clause: Evasion moves are banned
|rule|Endless Battle Clause: Forcing endless battles is banned
|rule|HP Percentage Mod: HP is shown in percentages
|rule|Dynamax Clause: You cannot dynamax
|clearpoke
|poke|p1|Necrozma|
|poke|p1|Thundurus-Therian, M|
|poke|p1|Swampert, F|
|poke|p1|Excadrill, M|
|poke|p1|Tapu Bulu|
|poke|p1|Hydreigon, M|
|poke|p2|Froslass, F|
|poke|p2|Krookodile, M|
|poke|p2|Azumarill, F|
|poke|p2|Scizor, F|
|poke|p2|Virizion|
|poke|p2|Thundurus-Therian, M|
|teampreview
|inactive|Battle timer is ON: inactive players will automatically lose when time's up. (requested by ajisawesome222)
|c|☆ajisawesome222|hf
|c|☆Zephyyyr|Hf
|
|t:|1656237301
|start
|switch|p1a: Excadrill|Excadrill, M|100/100
|switch|p2a: Froslass|Froslass, F, shiny|100/100
|-ability|p1a: Excadrill|Mold Breaker
|turn|1
|
|t:|1656237306
|move|p2a: Froslass|Spikes|p1a: Excadrill
|-sidestart|p1: ajisawesome222|Spikes
|move|p1a: Excadrill|Iron Head|p2a: Froslass
|-supereffective|p2a: Froslass
|-enditem|p2a: Froslass|Focus Sash
|-damage|p2a: Froslass|1/100
|
|upkeep
|turn|2
|
|t:|1656237311
|switch|p2a: Krookodile|Krookodile, M|100/100
|-ability|p2a: Krookodile|Intimidate|boost
|-unboost|p1a: Excadrill|atk|1
|move|p1a: Excadrill|Stealth Rock|p2a: Krookodile
|-sidestart|p2: Zephyyyr|move: Stealth Rock
|
|upkeep
|turn|3
|
|t:|1656237331
|switch|p1a: Tapu Bulu|Tapu Bulu|100/100
|-damage|p1a: Tapu Bulu|88/100|[from] Spikes
|-fieldstart|move: Grassy Terrain|[from] ability: Grassy Surge|[of] p1a: Tapu Bulu
|move|p2a: Krookodile|Earthquake|p1a: Tapu Bulu
|-resisted|p1a: Tapu Bulu
|-damage|p1a: Tapu Bulu|80/100
|
|-heal|p1a: Tapu Bulu|86/100|[from] Grassy Terrain
|upkeep
|turn|4
|
|t:|1656237350
|switch|p2a: Froslass|Froslass, F, shiny|1/100
|-damage|p2a: Froslass|0 fnt|[from] Stealth Rock
|faint|p2a: Froslass
|move|p1a: Tapu Bulu|Zen Headbutt|p2: Froslass|[notarget]
|-fail|p1a: Tapu Bulu
|
|-heal|p1a: Tapu Bulu|92/100|[from] Grassy Terrain
|upkeep
|
|t:|1656237354
|switch|p2a: Scizor|Scizor, F|100/100
|-damage|p2a: Scizor|88/100|[from] Stealth Rock
|turn|5
|
|t:|1656237364
|switch|p1a: Hydreigon|Hydreigon, M|100/100
|move|p2a: Scizor|Swords Dance|p2a: Scizor
|-boost|p2a: Scizor|atk|2
|
|-heal|p2a: Scizor|94/100|[from] Grassy Terrain
|upkeep
|turn|6
|
|t:|1656237368
|move|p2a: Scizor|Bullet Punch|p1a: Hydreigon
|-damage|p1a: Hydreigon|1/100
|-damage|p2a: Scizor|84/100|[from] item: Life Orb
|move|p1a: Hydreigon|Flamethrower|p2a: Scizor
|-supereffective|p2a: Scizor
|-damage|p2a: Scizor|0 fnt
|faint|p2a: Scizor
|
|upkeep
|
|t:|1656237377
|switch|p2a: Krookodile|Krookodile, M|100/100
|-damage|p2a: Krookodile|94/100|[from] Stealth Rock
|-ability|p2a: Krookodile|Intimidate|boost
|-unboost|p1a: Hydreigon|atk|1
|turn|7
|
|t:|1656237386
|switch|p1a: Tapu Bulu|Tapu Bulu|92/100
|-damage|p1a: Tapu Bulu|80/100|[from] Spikes
|move|p2a: Krookodile|Stealth Rock|p1a: Tapu Bulu
|-sidestart|p1: ajisawesome222|move: Stealth Rock
|
|-heal|p2a: Krookodile|100/100|[from] Grassy Terrain
|-heal|p1a: Tapu Bulu|86/100|[from] Grassy Terrain
|-fieldend|move: Grassy Terrain
|upkeep
|turn|8
|
|t:|1656237396
|move|p2a: Krookodile|Knock Off|p1a: Tapu Bulu
|-resisted|p1a: Tapu Bulu
|-damage|p1a: Tapu Bulu|70/100
|-enditem|p1a: Tapu Bulu|Assault Vest|[from] move: Knock Off|[of] p2a: Krookodile
|move|p1a: Tapu Bulu|Horn Leech|p2a: Krookodile
|-supereffective|p2a: Krookodile
|-damage|p2a: Krookodile|14/100
|-heal|p1a: Tapu Bulu|100/100|[from] drain|[of] p2a: Krookodile
|
|upkeep
|turn|9
|
|t:|1656237406
|move|p2a: Krookodile|Taunt|p1a: Tapu Bulu
|-start|p1a: Tapu Bulu|move: Taunt
|move|p1a: Tapu Bulu|Horn Leech|p2a: Krookodile
|-supereffective|p2a: Krookodile
|-damage|p2a: Krookodile|0 fnt
|faint|p2a: Krookodile
|
|upkeep
|
|t:|1656237409
|switch|p2a: Virizion|Virizion|100/100
|-damage|p2a: Virizion|94/100|[from] Stealth Rock
|turn|10
|
|t:|1656237412
|move|p2a: Virizion|Calm Mind|p2a: Virizion
|-boost|p2a: Virizion|spa|1
|-boost|p2a: Virizion|spd|1
|move|p1a: Tapu Bulu|Zen Headbutt|p2a: Virizion
|-supereffective|p2a: Virizion
|-damage|p2a: Virizion|14/100
|
|upkeep
|turn|11
|
|t:|1656237416
|move|p2a: Virizion|Air Slash|p1a: Tapu Bulu
|-supereffective|p1a: Tapu Bulu
|-damage|p1a: Tapu Bulu|24/100
|-damage|p2a: Virizion|5/100|[from] item: Life Orb
|move|p1a: Tapu Bulu|Zen Headbutt|p2a: Virizion
|-supereffective|p2a: Virizion
|-damage|p2a: Virizion|0 fnt
|faint|p2a: Virizion
|
|-end|p1a: Tapu Bulu|move: Taunt
|upkeep
|
|t:|1656237419
|switch|p2a: Thundurus|Thundurus-Therian, M|100/100
|turn|12
|
|t:|1656237423
|move|p2a: Thundurus|Psychic|p1a: Tapu Bulu
|-damage|p1a: Tapu Bulu|0 fnt
|faint|p1a: Tapu Bulu
|
|upkeep
|
|t:|1656237440
|switch|p1a: Swampert|Swampert, F|100/100
|-damage|p1a: Swampert|88/100|[from] Spikes
|-damage|p1a: Swampert|82/100|[from] Stealth Rock
|turn|13
|
|t:|1656237444
|move|p2a: Thundurus|Agility|p2a: Thundurus
|-boost|p2a: Thundurus|spe|2
|move|p1a: Swampert|Flip Turn|p2a: Thundurus
|-damage|p2a: Thundurus|26/100
|
|t:|1656237452
|switch|p1a: Thundurus|Thundurus-Therian, M|100/100|[from]move: Flip Turn
|
|upkeep
|turn|14
|
|t:|1656237454
|move|p2a: Thundurus|Psychic|p1a: Thundurus
|-damage|p1a: Thundurus|51/100
|move|p1a: Thundurus|Psychic|p2a: Thundurus
|-damage|p2a: Thundurus|0 fnt
|faint|p2a: Thundurus
|
|upkeep
|
|t:|1656237457
|switch|p2a: Azumarill|Azumarill, F, shiny|100/100
|-damage|p2a: Azumarill|88/100|[from] Stealth Rock
|turn|15
|
|t:|1656237459
|move|p2a: Azumarill|Aqua Jet|p1a: Thundurus
|-damage|p1a: Thundurus|12/100
|move|p1a: Thundurus|Thunderbolt|p2a: Azumarill
|-supereffective|p2a: Azumarill
|-damage|p2a: Azumarill|0 fnt
|faint|p2a: Azumarill
|
|win|ajisawesome222
|raw|ajisawesome222's rating: 1250 &rarr; <strong>1291</strong><br />(+41 for winning)
|raw|Zephyyyr's rating: 1507 &rarr; <strong>1474</strong><br />(-33 for losing)
|c|☆ajisawesome222|gg
|c|☆Zephyyyr|Gg
