|j|☆gijion chilli
|j|☆Rok
|player|p1|gijion chilli|twins-gen4dp|1548
|player|p2|Rok|99|1437
|teamsize|p1|6
|teamsize|p2|6
|gametype|singles
|gen|8
|tier|[Gen 8] UU
|rated|
|clearpoke
|poke|p1|Machamp, F|
|poke|p1|Weavile, M|
|poke|p1|Duraludon, M|
|poke|p1|Weezing-Galar, M|
|poke|p1|Doublade, F|
|poke|p1|Gardevoir, M|
|poke|p2|Gardevoir, M|
|poke|p2|Cinccino, M|
|poke|p2|Claydol|
|poke|p2|Durant, F|
|poke|p2|Roserade, M|
|poke|p2|Diggersby, M|
|rule|Sleep Clause Mod: Limit one foe put to sleep
|rule|Species Clause: Limit one of each Pokémon
|rule|OHKO Clause: OHKO moves are banned
|rule|Evasion Moves Clause: Evasion moves are banned
|rule|Endless Battle Clause: Forcing endless battles is banned
|rule|HP Percentage Mod: HP is shown in percentages
|rule|Dynamax Clause: You cannot dynamax
|teampreview
|inactive|Battle timer is ON: inactive players will automatically lose when time's up. (requested by Rok)
|c|☆Rok|hey ur the dude whos ranked 1 with like 3 alts lmfao
|c|☆Rok|lets see what uve got
|inactive|Rok has 120 seconds left.
|
|start
|switch|p1a: Duraludon|Duraludon, M|100/100
|switch|p2a: Diggersby|Diggersby, M|100/100
|turn|1
|
|move|p2a: Diggersby|U-turn|p1a: Duraludon
|-resisted|p1a: Duraludon
|-damage|p1a: Duraludon|84/100
|
|switch|p2a: Roserade|Roserade, M|100/100|[from]move: U-turn
|move|p1a: Duraludon|Stealth Rock|p2a: Roserade
|-sidestart|p2: Rok|move: Stealth Rock
|
|upkeep
|turn|2
|
|move|p1a: Duraludon|Flash Cannon|p2a: Roserade
|-damage|p2a: Roserade|72/100
|move|p2a: Roserade|Spikes|p1a: Duraludon
|-sidestart|p1: gijion chilli|Spikes
|
|-heal|p2a: Roserade|79/100|[from] item: Black Sludge
|upkeep
|turn|3
|
|move|p1a: Duraludon|Thunder Wave|p2a: Roserade
|-status|p2a: Roserade|par
|move|p2a: Roserade|Sleep Powder|p1a: Duraludon
|-status|p1a: Duraludon|slp|[from] move: Sleep Powder
|
|-heal|p2a: Roserade|85/100 par|[from] item: Black Sludge
|upkeep
|turn|4
|
|switch|p1a: Machamp|Machamp, F|100/100
|-damage|p1a: Machamp|88/100|[from] Spikes
|switch|p2a: Gardevoir|Gardevoir, M|100/100
|-damage|p2a: Gardevoir|88/100|[from] Stealth Rock
|-ability|p2a: Gardevoir|Guts|[from] ability: Trace|[of] p1a: Machamp
|
|-status|p1a: Machamp|brn|[from] item: Flame Orb
|upkeep
|turn|5
|
|move|p1a: Machamp|Bullet Punch|p2a: Gardevoir
|-supereffective|p2a: Gardevoir
|-damage|p2a: Gardevoir|12/100
|move|p2a: Gardevoir|Moonblast|p1a: Machamp
|-supereffective|p1a: Machamp
|-damage|p1a: Machamp|0 fnt
|faint|p1a: Machamp
|
|upkeep
|
|switch|p1a: Gardevoir|Gardevoir, M|100/100
|-damage|p1a: Gardevoir|88/100|[from] Spikes
|-ability|p1a: Gardevoir|Guts|[from] ability: Trace|[of] p2a: Gardevoir
|turn|6
|
|move|p1a: Gardevoir|Psychic|p2a: Gardevoir
|-resisted|p2a: Gardevoir
|-damage|p2a: Gardevoir|0 fnt
|faint|p2a: Gardevoir
|
|upkeep
|
|switch|p2a: Cinccino|Cinccino, M|100/100
|-damage|p2a: Cinccino|88/100|[from] Stealth Rock
|turn|7
|
|move|p1a: Gardevoir|Psychic|p2a: Cinccino
|-damage|p2a: Cinccino|9/100
|move|p2a: Cinccino|Knock Off|p1a: Gardevoir
|-damage|p1a: Gardevoir|22/100
|-enditem|p1a: Gardevoir|Choice Scarf|[from] move: Knock Off|[of] p2a: Cinccino
|
|upkeep
|turn|8
|
|switch|p1a: Duraludon|Duraludon, M|84/100 slp
|-damage|p1a: Duraludon|72/100 slp|[from] Spikes
|move|p2a: Cinccino|Knock Off|p1a: Duraludon
|-damage|p1a: Duraludon|28/100 slp
|-enditem|p1a: Duraludon|Focus Sash|[from] move: Knock Off|[of] p2a: Cinccino
|
|upkeep
|turn|9
|
|move|p2a: Cinccino|Knock Off|p1a: Duraludon
|-damage|p1a: Duraludon|0 fnt
|faint|p1a: Duraludon
|
|upkeep
|
|switch|p1a: Weavile|Weavile, M|100/100
|-damage|p1a: Weavile|88/100|[from] Spikes
|-ability|p1a: Weavile|Pressure
|turn|10
|
|move|p1a: Weavile|Ice Shard|p2a: Cinccino
|-damage|p2a: Cinccino|0 fnt
|-damage|p1a: Weavile|78/100|[from] item: Life Orb
|faint|p2a: Cinccino
|
|upkeep
|
|switch|p2a: Diggersby|Diggersby, M|100/100
|-damage|p2a: Diggersby|94/100|[from] Stealth Rock
|turn|11
|
|switch|p1a: Doublade|Doublade, F|100/100
|-damage|p1a: Doublade|88/100|[from] Spikes
|move|p2a: Diggersby|U-turn|p1a: Doublade
|-resisted|p1a: Doublade
|-damage|p1a: Doublade|84/100
|
|switch|p2a: Roserade|Roserade, M|85/100|[from]move: U-turn
|-damage|p2a: Roserade|72/100|[from] Stealth Rock
|
|-heal|p2a: Roserade|79/100|[from] item: Black Sludge
|upkeep
|turn|12
|
|move|p2a: Roserade|Giga Drain|p1a: Doublade
|-resisted|p1a: Doublade
|-damage|p1a: Doublade|64/100
|-heal|p2a: Roserade|88/100|[from] drain|[of] p1a: Doublade
|move|p1a: Doublade|Iron Head|p2a: Roserade
|-damage|p2a: Roserade|26/100
|
|-heal|p2a: Roserade|32/100|[from] item: Black Sludge
|upkeep
|turn|13
|
|move|p2a: Roserade|Sleep Powder|p1a: Doublade
|-status|p1a: Doublade|slp|[from] move: Sleep Powder
|cant|p1a: Doublade|slp
|
|-heal|p2a: Roserade|39/100|[from] item: Black Sludge
|upkeep
|turn|14
|
|move|p2a: Roserade|Spikes|p1a: Doublade
|-sidestart|p1: gijion chilli|Spikes
|-curestatus|p1a: Doublade|slp|[msg]
|move|p1a: Doublade|Iron Head|p2a: Roserade
|-damage|p2a: Roserade|0 fnt
|faint|p2a: Roserade
|
|upkeep
|
|switch|p2a: Diggersby|Diggersby, M|94/100
|-damage|p2a: Diggersby|88/100|[from] Stealth Rock
|turn|15
|
|switch|p1a: Gardevoir|Gardevoir, M|22/100
|-damage|p1a: Gardevoir|5/100|[from] Spikes
|-ability|p1a: Gardevoir|Huge Power|[from] ability: Trace|[of] p2a: Diggersby
|move|p2a: Diggersby|U-turn|p1a: Gardevoir
|-damage|p1a: Gardevoir|0 fnt
|faint|p1a: Gardevoir
|
|switch|p2a: Claydol|Claydol|100/100|[from]move: U-turn
|-damage|p2a: Claydol|94/100|[from] Stealth Rock
|
|-heal|p2a: Claydol|100/100|[from] item: Leftovers
|upkeep
|
|switch|p1a: Weavile|Weavile, M|78/100
|-damage|p1a: Weavile|62/100|[from] Spikes
|-ability|p1a: Weavile|Pressure
|turn|16
|
|move|p1a: Weavile|Knock Off|p2a: Claydol
|-supereffective|p2a: Claydol
|-damage|p2a: Claydol|11/100
|-enditem|p2a: Claydol|Leftovers|[from] move: Knock Off|[of] p1a: Weavile
|-damage|p1a: Weavile|52/100|[from] item: Life Orb
|move|p2a: Claydol|Body Press|p1a: Weavile
|-supereffective|p1a: Weavile
|-damage|p1a: Weavile|0 fnt
|faint|p1a: Weavile
|
|upkeep
|j| testfou
|
|switch|p1a: Weezing|Weezing-Galar, M|100/100
|turn|17
|l| testfou
|
|move|p1a: Weezing|Strange Steam|p2a: Claydol
|-damage|p2a: Claydol|0 fnt
|faint|p2a: Claydol
|
|upkeep
|
|switch|p2a: Durant|Durant, F|100/100
|-damage|p2a: Durant|88/100|[from] Stealth Rock
|turn|18
|
|switch|p1a: Doublade|Doublade, F|64/100
|-damage|p1a: Doublade|47/100|[from] Spikes
|move|p2a: Durant|Iron Head|p1a: Doublade
|-resisted|p1a: Doublade
|-damage|p1a: Doublade|29/100
|-damage|p2a: Durant|78/100|[from] item: Life Orb
|
|upkeep
|turn|19
|
|move|p2a: Durant|Hone Claws|p2a: Durant
|-boost|p2a: Durant|atk|1
|-boost|p2a: Durant|accuracy|1
|move|p1a: Doublade|Shadow Claw|p2a: Durant
|-damage|p2a: Durant|35/100
|
|upkeep
|turn|20
|
|move|p1a: Doublade|Shadow Sneak|p2a: Durant
|-damage|p2a: Durant|13/100
|move|p2a: Durant|Iron Head|p1a: Doublade
|-resisted|p1a: Doublade
|-damage|p1a: Doublade|0 fnt
|-damage|p2a: Durant|3/100|[from] item: Life Orb
|faint|p1a: Doublade
|
|upkeep
|
|switch|p1a: Weezing|Weezing-Galar, M|100/100
|turn|21
|c|☆Rok|gg
|
|move|p2a: Durant|Iron Head|p1a: Weezing
|-supereffective|p1a: Weezing
|-crit|p1a: Weezing
|-damage|p1a: Weezing|0 fnt
|-damage|p2a: Durant|0 fnt|[from] item: Life Orb
|faint|p1a: Weezing
|faint|p2a: Durant
|
|win|Rok
|l|☆gijion chilli
