|j|☆Randomuser04
|j|☆SpenderOfTime
|t:|1602944601
|player|p1|Randomuser04|acetrainer-gen4dp|
|player|p2|SpenderOfTime|youngn|
|teamsize|p1|6
|teamsize|p2|6
|gametype|singles
|gen|8
|tier|[Gen 8] UU
|rated|Tournament battle
|clearpoke
|poke|p1|Krookodile, F|
|poke|p1|Noivern, M|
|poke|p1|Doublade, M|
|poke|p1|Slowbro-Galar, F|
|poke|p1|Keldeo-Resolute|
|poke|p1|Sylveon, F|
|poke|p2|Barbaracle, M|
|poke|p2|Slowbro-Galar, M|
|poke|p2|Sharpedo, M|
|poke|p2|Mimikyu, M|
|poke|p2|Noivern, M|
|poke|p2|Necrozma|
|rule|Sleep Clause Mod: Limit one foe put to sleep
|rule|Species Clause: Limit one of each Pokémon
|rule|OHKO Clause: OHKO moves are banned
|rule|Evasion Moves Clause: Evasion moves are banned
|rule|Endless Battle Clause: Forcing endless battles is banned
|rule|HP Percentage Mod: HP is shown in percentages
|rule|Dynamax Clause: You cannot dynamax
|teampreview
|j| Doctor Scranton
|c| Doctor Scranton|I am back gentlemen from my ubers tour!
|inactive|Battle timer is ON: inactive players will automatically lose when time's up. (requested by Randomuser04)
|c|☆Randomuser04|nice gf
|j| Totem skarm
|inactive|SpenderOfTime has 120 seconds left.
|c| Doctor Scranton|And now the finals of this UU tournament has....
|
|t:|1602944672
|start
|switch|p1a: Krookodile|Krookodile, F|100/100
|switch|p2a: Noivern|Noivern, M|100/100
|-ability|p1a: Krookodile|Intimidate|boost
|-unboost|p2a: Noivern|atk|1
|turn|1
|c| Doctor Scranton|Begun!
|j| ojr
|inactive|SpenderOfTime has 120 seconds left.
|l| ojr
|
|t:|1602944727
|move|p1a: Krookodile|Protect|p1a: Krookodile
|-singleturn|p1a: Krookodile|Protect
|move|p2a: Noivern|U-turn|p1a: Krookodile
|-activate|p1a: Krookodile|move: Protect
|
|upkeep
|turn|2
|
|t:|1602944732
|move|p2a: Noivern|U-turn|p1a: Krookodile
|-supereffective|p1a: Krookodile
|-damage|p1a: Krookodile|82/100
|c| Doctor Scranton|Oof
|
|t:|1602944738
|switch|p2a: Barbaracle|Barbaracle, M|100/100|[from]move: U-turn
|move|p1a: Krookodile|Stealth Rock|p2a: Barbaracle
|-sidestart|p2: SpenderOfTime|move: Stealth Rock
|
|-heal|p1a: Krookodile|88/100|[from] item: Leftovers
|upkeep
|turn|3
|
|t:|1602944742
|move|p1a: Krookodile|Earthquake|p2a: Barbaracle
|-supereffective|p2a: Barbaracle
|-enditem|p2a: Barbaracle|Focus Sash
|-damage|p2a: Barbaracle|1/100
|move|p2a: Barbaracle|Stealth Rock|p1a: Krookodile
|-sidestart|p1: Randomuser04|move: Stealth Rock
|
|-heal|p1a: Krookodile|94/100|[from] item: Leftovers
|upkeep
|turn|4
|inactive|SpenderOfTime has 120 seconds left.
|
|t:|1602944764
|move|p1a: Krookodile|Knock Off|p2a: Barbaracle
|-crit|p2a: Barbaracle
|-damage|p2a: Barbaracle|0 fnt
|faint|p2a: Barbaracle
|
|-heal|p1a: Krookodile|100/100|[from] item: Leftovers
|upkeep
|l| Totem skarm
|j| Totem skarm
|
|t:|1602944776
|switch|p2a: Sharpedo|Sharpedo, M|100/100
|-damage|p2a: Sharpedo|88/100|[from] Stealth Rock
|turn|5
|c| Doctor Scranton|Ah yes
|
|t:|1602944785
|switch|p1a: Noivern|Noivern, M|100/100
|switch|p2a: Slowbro|Slowbro-Galar, M|100/100
|-damage|p2a: Slowbro|88/100|[from] Stealth Rock
|
|upkeep
|turn|6
|c| Doctor Scranton|Speed boost shark
|j| KrookQueen
|inactive|SpenderOfTime has 90 seconds left.
|
|t:|1602944815
|move|p1a: Noivern|U-turn|p2a: Slowbro
|-damage|p2a: Slowbro|79/100
|
|t:|1602944819
|switch|p1a: Krookodile|Krookodile, F|100/100|[from]move: U-turn
|-damage|p1a: Krookodile|94/100|[from] Stealth Rock
|-ability|p1a: Krookodile|Intimidate|boost
|-unboost|p2a: Slowbro|atk|1
|move|p2a: Slowbro|Nasty Plot|p2a: Slowbro
|-boost|p2a: Slowbro|spa|2
|
|-heal|p1a: Krookodile|100/100|[from] item: Leftovers
|upkeep
|turn|7
|
|t:|1602944829
|move|p1a: Krookodile|Earthquake|p2a: Slowbro
|-supereffective|p2a: Slowbro
|-damage|p2a: Slowbro|0 fnt
|faint|p2a: Slowbro
|
|upkeep
|c| Doctor Scranton|F
|inactive|SpenderOfTime has 90 seconds left.
|c| KrookQueen|mans got Protect Krookodile
|c| KrookQueen|I have seen it all
|c| Doctor Scranton|Protect krook seems fine
|c|☆Randomuser04|krookKing
|inactive|SpenderOfTime has 60 seconds left.
|c| Doctor Scranton|He killed a glowbro
|
|t:|1602944873
|switch|p2a: Sharpedo|Sharpedo, M|88/100
|-damage|p2a: Sharpedo|76/100|[from] Stealth Rock
|turn|8
|c| Doctor Scranton|So it seems legit
|c| Doctor Scranton|Ah yes
|c| Doctor Scranton|Shar
|
|t:|1602944881
|switch|p1a: Keldeo|Keldeo-Resolute|100/100
|move|p2a: Sharpedo|Liquidation|p1a: Keldeo
|-resisted|p1a: Keldeo
|-damage|p1a: Keldeo|66/100
|-damage|p2a: Sharpedo|66/100|[from] item: Life Orb
|
|-ability|p2a: Sharpedo|Speed Boost|boost
|-boost|p2a: Sharpedo|spe|1
|upkeep
|turn|9
|c| Doctor Scranton|Dude watch o-
|
|t:|1602944890
|switch|p2a: Noivern|Noivern, M|100/100
|-damage|p2a: Noivern|76/100|[from] Stealth Rock
|switch|p1a: Krookodile|Krookodile, F|100/100
|-damage|p1a: Krookodile|94/100|[from] Stealth Rock
|-ability|p1a: Krookodile|Intimidate|boost
|-unboost|p2a: Noivern|atk|1
|
|-heal|p1a: Krookodile|100/100|[from] item: Leftovers
|upkeep
|turn|10
|c| Doctor Scranton|Yeah he doesn't have psych fangs
|
|t:|1602944901
|move|p1a: Krookodile|Protect|p1a: Krookodile
|-singleturn|p1a: Krookodile|Protect
|move|p2a: Noivern|Hurricane|p1a: Krookodile
|-activate|p1a: Krookodile|move: Protect
|
|upkeep
|turn|11
|
|t:|1602944908
|switch|p2a: Necrozma|Necrozma|100/100
|-damage|p2a: Necrozma|88/100|[from] Stealth Rock
|move|p1a: Krookodile|Knock Off|p2a: Necrozma
|-supereffective|p2a: Necrozma
|-damage|p2a: Necrozma|15/100
|-enditem|p2a: Necrozma|Lum Berry|[from] move: Knock Off|[of] p1a: Krookodile
|
|upkeep
|turn|12
|c| Doctor Scranton|OOF
|c| KrookQueen|yikers
|c| Doctor Scranton|Man's krook is walling the other guy's entire team
|j| Zero Two's Darling
|inactive|SpenderOfTime has 60 seconds left.
|c| Doctor Scranton|If he switches
|c| Doctor Scranton|His teamate loses his item
|c|☆Randomuser04|krook is the king
|c| Doctor Scranton|If he stays
|c| Doctor Scranton|Nec died
|l| Zero Two's Darling
|inactive|SpenderOfTime has 30 seconds left.
|inactive|SpenderOfTime has 20 seconds left.
|
|t:|1602944978
|move|p1a: Krookodile|Knock Off|p2a: Necrozma
|-supereffective|p2a: Necrozma
|-damage|p2a: Necrozma|0 fnt
|faint|p2a: Necrozma
|
|upkeep
|inactive|SpenderOfTime has 25 seconds left this turn.
|
|t:|1602944981
|switch|p2a: Sharpedo|Sharpedo, M|66/100
|-damage|p2a: Sharpedo|53/100|[from] Stealth Rock
|turn|13
|
|t:|1602944989
|switch|p1a: Keldeo|Keldeo-Resolute|66/100
|move|p2a: Sharpedo|Liquidation|p1a: Keldeo
|-resisted|p1a: Keldeo
|-damage|p1a: Keldeo|32/100
|-unboost|p1a: Keldeo|def|1
|-damage|p2a: Sharpedo|43/100|[from] item: Life Orb
|
|-ability|p2a: Sharpedo|Speed Boost|boost
|-boost|p2a: Sharpedo|spe|1
|upkeep
|turn|14
|
|t:|1602944997
|move|p2a: Sharpedo|Liquidation|p1a: Keldeo
|-resisted|p1a: Keldeo
|-damage|p1a: Keldeo|0 fnt
|-damage|p2a: Sharpedo|33/100|[from] item: Life Orb
|faint|p1a: Keldeo
|
|-ability|p2a: Sharpedo|Speed Boost|boost
|-boost|p2a: Sharpedo|spe|1
|upkeep
|
|t:|1602945001
|switch|p1a: Krookodile|Krookodile, F|100/100
|-damage|p1a: Krookodile|94/100|[from] Stealth Rock
|-ability|p1a: Krookodile|Intimidate|boost
|-unboost|p2a: Sharpedo|atk|1
|turn|15
|
|t:|1602945007
|switch|p1a: Doublade|Doublade, M|100/100
|-damage|p1a: Doublade|94/100|[from] Stealth Rock
|move|p2a: Sharpedo|Liquidation|p1a: Doublade
|-damage|p1a: Doublade|74/100
|-unboost|p1a: Doublade|def|1
|-damage|p2a: Sharpedo|23/100|[from] item: Life Orb
|
|-ability|p2a: Sharpedo|Speed Boost|boost
|-boost|p2a: Sharpedo|spe|1
|upkeep
|turn|16
|
|t:|1602945011
|switch|p1a: Krookodile|Krookodile, F|94/100
|-damage|p1a: Krookodile|88/100|[from] Stealth Rock
|-ability|p1a: Krookodile|Intimidate|boost
|-unboost|p2a: Sharpedo|atk|1
|move|p2a: Sharpedo|Crunch|p1a: Krookodile
|-resisted|p1a: Krookodile
|-damage|p1a: Krookodile|70/100
|-damage|p2a: Sharpedo|13/100|[from] item: Life Orb
|
|-heal|p1a: Krookodile|76/100|[from] item: Leftovers
|-ability|p2a: Sharpedo|Speed Boost|boost
|-boost|p2a: Sharpedo|spe|1
|upkeep
|turn|17
|c| Doctor Scranton|Bro
|
|t:|1602945021
|move|p1a: Krookodile|Protect|p1a: Krookodile
|-singleturn|p1a: Krookodile|Protect
|move|p2a: Sharpedo|Liquidation|p1a: Krookodile
|-activate|p1a: Krookodile|move: Protect
|
|-heal|p1a: Krookodile|82/100|[from] item: Leftovers
|-ability|p2a: Sharpedo|Speed Boost|boost
|-boost|p2a: Sharpedo|spe|1
|upkeep
|turn|18
|c| Doctor Scranton|He is walling his shark
|
|t:|1602945029
|switch|p2a: Mimikyu|Mimikyu, M|100/100
|-damage|p2a: Mimikyu|88/100|[from] Stealth Rock
|switch|p1a: Doublade|Doublade, M|74/100
|-damage|p1a: Doublade|68/100|[from] Stealth Rock
|
|upkeep
|turn|19
|c| Doctor Scranton|This man gonna do it
|
|t:|1602945053
|move|p1a: Doublade|Shadow Sneak|p2a: Mimikyu
|-activate|p2a: Mimikyu|ability: Disguise
|-damage|p2a: Mimikyu|88/100
|detailschange|p2a: Mimikyu|Mimikyu-Busted, M
|-damage|p2a: Mimikyu|76/100|[from] pokemon: Mimikyu-Busted
|move|p2a: Mimikyu|Swords Dance|p2a: Mimikyu
|-boost|p2a: Mimikyu|atk|2
|
|upkeep
|turn|20
|c| Doctor Scranton|Nice
|
|t:|1602945060
|move|p2a: Mimikyu|Shadow Sneak|p1a: Doublade
|-supereffective|p1a: Doublade
|-damage|p1a: Doublade|25/100
|-damage|p2a: Mimikyu|66/100|[from] item: Life Orb
|move|p1a: Doublade|Shadow Sneak|p2a: Mimikyu
|-supereffective|p2a: Mimikyu
|-damage|p2a: Mimikyu|0 fnt
|faint|p2a: Mimikyu
|
|upkeep
|
|t:|1602945064
|switch|p2a: Noivern|Noivern, M|76/100
|-damage|p2a: Noivern|51/100|[from] Stealth Rock
|turn|21
|c| KrookQueen|the Lesson here is pretty much, done sleep on Krook
|
|t:|1602945074
|move|p1a: Doublade|Shadow Sneak|p2a: Noivern
|-damage|p2a: Noivern|24/100
|move|p2a: Noivern|U-turn|p1a: Doublade
|-resisted|p1a: Doublade
|-damage|p1a: Doublade|24/100
|-message|SpenderOfTime forfeited.
|
|win|Randomuser04
