|raw|<div class="broadcast-blue"><strong>This battle is required to be public due to a player having a name starting with 'uult94a'.</div>
|j|☆UULT94A Prod
|j|☆uult94a pif x pia
|t:|1653949800
|gametype|singles
|player|p1|UULT94A Prod|falkner-gen2|1661
|player|p2|uult94a pif x pia|#uutrio2ladder|1711
|teamsize|p1|6
|teamsize|p2|6
|gen|8
|tier|[Gen 8] UU
|rated|
|rule|Sleep Clause Mod: Limit one foe put to sleep
|rule|Species Clause: Limit one of each Pokémon
|rule|OHKO Clause: OHKO moves are banned
|rule|Evasion Moves Clause: Evasion moves are banned
|rule|Endless Battle Clause: Forcing endless battles is banned
|rule|HP Percentage Mod: HP is shown in percentages
|rule|Dynamax Clause: You cannot dynamax
|clearpoke
|poke|p1|Primarina, M|
|poke|p1|Amoonguss, F|
|poke|p1|Conkeldurr, M|
|poke|p1|Rotom-Heat|
|poke|p1|Jirachi|
|poke|p1|Zarude|
|poke|p2|Scizor, M|
|poke|p2|Moltres|
|poke|p2|Slowking, F|
|poke|p2|Zarude|
|poke|p2|Zygarde-10%|
|poke|p2|Nihilego|
|teampreview
|inactive|Battle timer is ON: inactive players will automatically lose when time's up. (requested by UULT94A Prod)
|c|☆UULT94A Prod|hf
|j| Micciu20250
|
|t:|1653949811
|start
|switch|p1a: Conkeldurr|Conkeldurr, M|100/100
|switch|p2a: punch ur lunch|Scizor, M|100/100
|turn|1
|c|☆uult94a pif x pia|same
|
|t:|1653949819
|move|p2a: punch ur lunch|Knock Off|p1a: Conkeldurr
|-resisted|p1a: Conkeldurr
|-damage|p1a: Conkeldurr|87/100
|-enditem|p1a: Conkeldurr|Leftovers|[from] move: Knock Off|[of] p2a: punch ur lunch
|move|p1a: Conkeldurr|Bulk Up|p1a: Conkeldurr
|-boost|p1a: Conkeldurr|atk|1
|-boost|p1a: Conkeldurr|def|1
|
|upkeep
|turn|2
|j| UULT94A Humerus
|j| corperate n
|
|t:|1653949826
|move|p2a: punch ur lunch|U-turn|p1a: Conkeldurr
|-resisted|p1a: Conkeldurr
|-damage|p1a: Conkeldurr|78/100
|j| mncmt
|
|t:|1653949830
|switch|p2a: think PINK|Slowking, F|100/100|[from]move: U-turn
|move|p1a: Conkeldurr|Knock Off|p2a: think PINK
|-supereffective|p2a: think PINK
|-enditem|p2a: think PINK|Colbur Berry|[eat]
|-enditem|p2a: think PINK|Colbur Berry|[weaken]
|-damage|p2a: think PINK|67/100
|
|upkeep
|turn|3
|j| kirinok0usaka
|
|t:|1653949833
|move|p1a: Conkeldurr|Knock Off|p2a: think PINK
|-supereffective|p2a: think PINK
|-damage|p2a: think PINK|27/100
|move|p2a: think PINK|Slack Off|p2a: think PINK
|-heal|p2a: think PINK|77/100
|
|upkeep
|turn|4
|
|t:|1653949842
|switch|p1a: Jirachi|Jirachi|100/100
|move|p2a: think PINK|Slack Off|p2a: think PINK
|-heal|p2a: think PINK|100/100
|
|upkeep
|turn|5
|
|t:|1653949858
|move|p1a: Jirachi|Body Slam|p2a: think PINK
|-damage|p2a: think PINK|87/100
|-status|p2a: think PINK|par
|cant|p2a: think PINK|par
|
|upkeep
|turn|6
|
|t:|1653949864
|move|p1a: Jirachi|Stealth Rock|p2a: think PINK
|-sidestart|p2: uult94a pif x pia|move: Stealth Rock
|move|p2a: think PINK|Scald|p1a: Jirachi
|-damage|p1a: Jirachi|82/100
|-status|p1a: Jirachi|brn
|
|-heal|p1a: Jirachi|88/100 brn|[from] item: Leftovers
|-damage|p1a: Jirachi|82/100 brn|[from] brn
|upkeep
|turn|7
|
|t:|1653949871
|switch|p1a: Rotom|Rotom-Heat|100/100
|move|p2a: think PINK|Teleport|p2a: think PINK
|
|t:|1653949878
|switch|p2a: stingy thingy|Nihilego|100/100|[from]move: Teleport
|-damage|p2a: stingy thingy|88/100|[from] Stealth Rock
|
|-heal|p2a: stingy thingy|94/100|[from] item: Black Sludge
|upkeep
|turn|8
|
|t:|1653949881
|move|p2a: stingy thingy|Stealth Rock|p1a: Rotom
|-sidestart|p1: UULT94A Prod|move: Stealth Rock
|move|p1a: Rotom|Volt Switch|p2a: stingy thingy
|-damage|p2a: stingy thingy|77/100
|
|t:|1653949888
|switch|p1a: Jirachi|Jirachi|82/100 brn|[from]move: Volt Switch
|-damage|p1a: Jirachi|75/100 brn|[from] Stealth Rock
|
|-heal|p2a: stingy thingy|83/100|[from] item: Black Sludge
|-heal|p1a: Jirachi|82/100 brn|[from] item: Leftovers
|-damage|p1a: Jirachi|75/100 brn|[from] brn
|upkeep
|turn|9
|
|t:|1653949893
|switch|p2a: think PINK|Slowking, F|100/100 par
|-damage|p2a: think PINK|88/100 par|[from] Stealth Rock
|switch|p1a: Zarude|Zarude|100/100
|-damage|p1a: Zarude|88/100|[from] Stealth Rock
|
|upkeep
|turn|10
|j| soolking
|
|t:|1653949901
|switch|p2a: quirky turkey|Moltres|100/100
|move|p1a: Zarude|Darkest Lariat|p2a: quirky turkey
|-damage|p2a: quirky turkey|41/100
|
|upkeep
|turn|11
|j| 6 mons and a dream
|
|t:|1653949912
|switch|p2a: za polite|Zarude|100/100
|-damage|p2a: za polite|88/100|[from] Stealth Rock
|move|p1a: Zarude|Darkest Lariat|p2a: za polite
|-resisted|p2a: za polite
|-damage|p2a: za polite|58/100
|
|upkeep
|turn|12
|
|t:|1653949923
|switch|p1a: Rotom|Rotom-Heat|100/100
|move|p2a: za polite|U-turn|p1a: Rotom
|-resisted|p1a: Rotom
|-damage|p1a: Rotom|84/100
|
|t:|1653949931
|switch|p2a: Zygarde-10% off|Zygarde-10%|100/100|[from]move: U-turn
|-damage|p2a: Zygarde-10% off|94/100|[from] Stealth Rock
|-ability|p2a: Zygarde-10% off|Aura Break
|
|upkeep
|turn|13
|j| UULT94A Zaza
|
|t:|1653949935
|switch|p1a: Amoonguss|Amoonguss, F|100/100
|-damage|p1a: Amoonguss|88/100|[from] Stealth Rock
|move|p2a: Zygarde-10% off|Thousand Arrows|p1a: Amoonguss
|-damage|p1a: Amoonguss|44/100
|
|upkeep
|turn|14
|
|t:|1653949940
|switch|p1a: Zarude|Zarude|88/100
|-damage|p1a: Zarude|76/100|[from] Stealth Rock
|move|p2a: Zygarde-10% off|Thousand Arrows|p1a: Zarude
|-resisted|p1a: Zarude
|-damage|p1a: Zarude|50/100
|
|upkeep
|turn|15
|n| UULT94A Zaza@!|uult94azaza
|n| UULT94A Zaza|uult94azaza
|j|+avarice
|
|t:|1653949955
|switch|p2a: quirky turkey|Moltres|41/100
|move|p1a: Zarude|Darkest Lariat|p2a: quirky turkey
|-damage|p2a: quirky turkey|0 fnt
|faint|p2a: quirky turkey
|
|upkeep
|
|t:|1653949963
|switch|p2a: punch ur lunch|Scizor, M|100/100
|turn|16
|n| UULT94A Zaza@!|uult94azaza
|
|t:|1653949970
|switch|p1a: Conkeldurr|Conkeldurr, M|78/100
|-damage|p1a: Conkeldurr|72/100|[from] Stealth Rock
|move|p2a: punch ur lunch|U-turn|p1a: Conkeldurr
|-resisted|p1a: Conkeldurr
|-damage|p1a: Conkeldurr|57/100
|
|t:|1653949977
|switch|p2a: think PINK|Slowking, F|100/100 par|[from]move: U-turn
|-damage|p2a: think PINK|88/100 par|[from] Stealth Rock
|
|upkeep
|turn|17
|
|t:|1653949983
|switch|p1a: Jirachi|Jirachi|75/100 brn
|-damage|p1a: Jirachi|69/100 brn|[from] Stealth Rock
|move|p2a: think PINK|Future Sight|p1a: Jirachi
|-start|p2a: think PINK|move: Future Sight
|
|-heal|p1a: Jirachi|75/100 brn|[from] item: Leftovers
|-damage|p1a: Jirachi|69/100 brn|[from] brn
|upkeep
|turn|18
|
|t:|1653949986
|move|p1a: Jirachi|Wish|p1a: Jirachi
|cant|p2a: think PINK|par
|
|-heal|p1a: Jirachi|75/100 brn|[from] item: Leftovers
|-damage|p1a: Jirachi|69/100 brn|[from] brn
|upkeep
|turn|19
|
|t:|1653949990
|move|p1a: Jirachi|Iron Head|p2a: think PINK
|-resisted|p2a: think PINK
|-damage|p2a: think PINK|83/100 par
|cant|p2a: think PINK|par
|
|-end|p1a: Jirachi|move: Future Sight
|-resisted|p1a: Jirachi
|-damage|p1a: Jirachi|62/100 brn
|-heal|p1a: Jirachi|100/100 brn|[from] move: Wish|[wisher] Jirachi
|-damage|p1a: Jirachi|94/100 brn|[from] brn
|upkeep
|turn|20
|
|t:|1653949993
|move|p1a: Jirachi|Wish|p1a: Jirachi
|move|p2a: think PINK|Teleport|p2a: think PINK
|
|t:|1653950002
|switch|p2a: Zygarde-10% off|Zygarde-10%|94/100|[from]move: Teleport
|-damage|p2a: Zygarde-10% off|88/100|[from] Stealth Rock
|-ability|p2a: Zygarde-10% off|Aura Break
|
|-heal|p1a: Jirachi|100/100 brn|[from] item: Leftovers
|-damage|p1a: Jirachi|94/100 brn|[from] brn
|upkeep
|turn|21
|c| 6 mons and a dream|pifxpia I usually like to run psychic on my slowking when it's my conk answer
|
|t:|1653950006
|switch|p1a: Amoonguss|Amoonguss, F|77/100
|-damage|p1a: Amoonguss|65/100|[from] Stealth Rock
|move|p2a: Zygarde-10% off|Thousand Arrows|p1a: Amoonguss
|-damage|p1a: Amoonguss|21/100
|
|-heal|p1a: Amoonguss|68/100|[from] move: Wish|[wisher] Jirachi
|upkeep
|turn|22
|
|t:|1653950017
|switch|p2a: think PINK|Slowking, F|100/100 par
|-damage|p2a: think PINK|88/100 par|[from] Stealth Rock
|move|p1a: Amoonguss|Spore||[still]
|-fail|p1a: Amoonguss
|
|upkeep
|turn|23
|
|t:|1653950023
|move|p1a: Amoonguss|Giga Drain|p2a: think PINK
|-supereffective|p2a: think PINK
|-damage|p2a: think PINK|48/100 par
|-heal|p1a: Amoonguss|86/100|[from] drain|[of] p2a: think PINK
|move|p2a: think PINK|Future Sight|p1a: Amoonguss
|-start|p2a: think PINK|move: Future Sight
|
|upkeep
|turn|24
|c|☆uult94a pif x pia|future sight is technically psychic
|n| UULT94A Zaza|uult94azaza
|j| 999truc99
|
|t:|1653950037
|move|p1a: Amoonguss|Spore||[still]
|-fail|p1a: Amoonguss
|move|p2a: think PINK|Teleport|p2a: think PINK
|n| UULT94A Zaza@!|uult94azaza
|
|t:|1653950042
|switch|p2a: punch ur lunch|Scizor, M|100/100|[from]move: Teleport
|
|upkeep
|turn|25
|c| 6 mons and a dream|maybe run psychium z then instead of colbur
|n| UULT94A Zaza|uult94azaza
|c| 6 mons and a dream|both reduce knock damage
|n| UULT94A Zaza@!|uult94azaza
|
|t:|1653950056
|switch|p1a: Conkeldurr|Conkeldurr, M|57/100
|-damage|p1a: Conkeldurr|51/100|[from] Stealth Rock
|move|p2a: punch ur lunch|Knock Off|p1a: Conkeldurr
|-resisted|p1a: Conkeldurr
|-damage|p1a: Conkeldurr|42/100
|
|-end|p1a: Conkeldurr|move: Future Sight
|-supereffective|p1a: Conkeldurr
|-damage|p1a: Conkeldurr|0 fnt
|faint|p1a: Conkeldurr
|upkeep
|
|t:|1653950058
|switch|p1a: Rotom|Rotom-Heat|84/100
|turn|26
|j| congelateur-sama
|c| 6 mons and a dream|oh nvm it hit
|
|t:|1653950072
|switch|p2a: Zygarde-10% off|Zygarde-10%|88/100
|-damage|p2a: Zygarde-10% off|82/100|[from] Stealth Rock
|-ability|p2a: Zygarde-10% off|Aura Break
|move|p1a: Rotom|Volt Switch|p2a: Zygarde-10% off
|-immune|p2a: Zygarde-10% off
|
|upkeep
|turn|27
|
|t:|1653950082
|switch|p1a: Amoonguss|Amoonguss, F|100/100
|-damage|p1a: Amoonguss|88/100|[from] Stealth Rock
|move|p2a: Zygarde-10% off|Thousand Arrows|p1a: Amoonguss
|-crit|p1a: Amoonguss
|-damage|p1a: Amoonguss|27/100
|
|upkeep
|turn|28
|
|t:|1653950088
|move|p2a: Zygarde-10% off|Thousand Arrows|p1a: Amoonguss
|-damage|p1a: Amoonguss|0 fnt
|faint|p1a: Amoonguss
|
|upkeep
|
|t:|1653950089
|switch|p1a: Primarina|Primarina, M|100/100
|-damage|p1a: Primarina|88/100|[from] Stealth Rock
|turn|29
|
|t:|1653950100
|switch|p2a: stingy thingy|Nihilego|83/100
|-damage|p2a: stingy thingy|70/100|[from] Stealth Rock
|move|p1a: Primarina|Substitute|p1a: Primarina
|-start|p1a: Primarina|Substitute
|-damage|p1a: Primarina|63/100
|
|-heal|p2a: stingy thingy|77/100|[from] item: Black Sludge
|-heal|p1a: Primarina|69/100|[from] item: Leftovers
|upkeep
|turn|30
|n| UULT94A Zaza|uult94azaza
|
|t:|1653950109
|move|p2a: stingy thingy|Power Gem|p1a: Primarina
|-end|p1a: Primarina|Substitute
|move|p1a: Primarina|Scald|p2a: stingy thingy
|-supereffective|p2a: stingy thingy
|-damage|p2a: stingy thingy|24/100
|
|-heal|p2a: stingy thingy|30/100|[from] item: Black Sludge
|-heal|p1a: Primarina|75/100|[from] item: Leftovers
|upkeep
|turn|31
|n| UULT94A Zaza@!|uult94azaza
|
|t:|1653950120
|switch|p1a: Jirachi|Jirachi|94/100 brn
|-damage|p1a: Jirachi|88/100 brn|[from] Stealth Rock
|move|p2a: stingy thingy|Power Gem|p1a: Jirachi
|-resisted|p1a: Jirachi
|-damage|p1a: Jirachi|72/100 brn
|
|-heal|p2a: stingy thingy|36/100|[from] item: Black Sludge
|-heal|p1a: Jirachi|78/100 brn|[from] item: Leftovers
|-damage|p1a: Jirachi|72/100 brn|[from] brn
|upkeep
|turn|32
|
|t:|1653950130
|switch|p2a: punch ur lunch|Scizor, M|100/100
|move|p1a: Jirachi|Body Slam|p2a: punch ur lunch
|-resisted|p2a: punch ur lunch
|-damage|p2a: punch ur lunch|96/100
|-status|p2a: punch ur lunch|par
|
|-heal|p1a: Jirachi|78/100 brn|[from] item: Leftovers
|-damage|p1a: Jirachi|72/100 brn|[from] brn
|upkeep
|turn|33
|
|t:|1653950135
|move|p1a: Jirachi|Wish|p1a: Jirachi
|move|p2a: punch ur lunch|U-turn|p1a: Jirachi
|-damage|p1a: Jirachi|41/100 brn
|
|t:|1653950143
|switch|p2a: Zygarde-10% off|Zygarde-10%|82/100|[from]move: U-turn
|-damage|p2a: Zygarde-10% off|76/100|[from] Stealth Rock
|-ability|p2a: Zygarde-10% off|Aura Break
|
|-heal|p1a: Jirachi|48/100 brn|[from] item: Leftovers
|-damage|p1a: Jirachi|41/100 brn|[from] brn
|upkeep
|turn|34
|
|t:|1653950151
|switch|p1a: Primarina|Primarina, M|75/100
|-damage|p1a: Primarina|63/100|[from] Stealth Rock
|move|p2a: Zygarde-10% off|Thousand Arrows|p1a: Primarina
|-damage|p1a: Primarina|18/100
|
|-heal|p1a: Primarina|74/100|[from] move: Wish|[wisher] Jirachi
|-heal|p1a: Primarina|80/100|[from] item: Leftovers
|upkeep
|turn|35
|
|t:|1653950162
|switch|p2a: punch ur lunch|Scizor, M|96/100 par
|move|p1a: Primarina|Substitute|p1a: Primarina
|-start|p1a: Primarina|Substitute
|-damage|p1a: Primarina|55/100
|
|-heal|p1a: Primarina|61/100|[from] item: Leftovers
|upkeep
|turn|36
|
|t:|1653950167
|cant|p2a: punch ur lunch|par
|move|p1a: Primarina|Scald|p2a: punch ur lunch
|-damage|p2a: punch ur lunch|63/100 par
|
|-heal|p1a: Primarina|67/100|[from] item: Leftovers
|upkeep
|turn|37
|
|t:|1653950170
|move|p2a: punch ur lunch|Bullet Punch|p1a: Primarina
|-activate|p1a: Primarina|move: Substitute|[damage]
|move|p1a: Primarina|Scald|p2a: punch ur lunch
|-damage|p2a: punch ur lunch|29/100 par
|
|-heal|p1a: Primarina|73/100|[from] item: Leftovers
|upkeep
|turn|38
|
|t:|1653950175
|move|p1a: Primarina|Substitute|p1a: Primarina
|-fail|p1a: Primarina|move: Substitute
|move|p2a: punch ur lunch|U-turn|p1a: Primarina
|-resisted|p1a: Primarina
|-end|p1a: Primarina|Substitute
|
|t:|1653950179
|switch|p2a: stingy thingy|Nihilego|36/100|[from]move: U-turn
|-damage|p2a: stingy thingy|24/100|[from] Stealth Rock
|
|-heal|p2a: stingy thingy|30/100|[from] item: Black Sludge
|-heal|p1a: Primarina|79/100|[from] item: Leftovers
|upkeep
|turn|39
|
|t:|1653950186
|switch|p1a: Rotom|Rotom-Heat|84/100
|move|p2a: stingy thingy|Power Gem|p1a: Rotom
|-supereffective|p1a: Rotom
|-damage|p1a: Rotom|0 fnt
|faint|p1a: Rotom
|-ability|p2a: stingy thingy|Beast Boost|boost
|-boost|p2a: stingy thingy|spa|1
|
|-heal|p2a: stingy thingy|36/100|[from] item: Black Sludge
|upkeep
|
|t:|1653950188
|switch|p1a: Jirachi|Jirachi|41/100 brn
|-damage|p1a: Jirachi|35/100 brn|[from] Stealth Rock
|turn|40
|
|t:|1653950194
|move|p2a: stingy thingy|Power Gem|p1a: Jirachi
|-resisted|p1a: Jirachi
|-crit|p1a: Jirachi
|-damage|p1a: Jirachi|3/100 brn
|move|p1a: Jirachi|Iron Head|p2a: stingy thingy
|-supereffective|p2a: stingy thingy
|-damage|p2a: stingy thingy|0 fnt
|faint|p2a: stingy thingy
|
|-heal|p1a: Jirachi|9/100 brn|[from] item: Leftovers
|-damage|p1a: Jirachi|3/100 brn|[from] brn
|upkeep
|
|t:|1653950209
|switch|p2a: punch ur lunch|Scizor, M|29/100 par
|turn|41
|
|t:|1653950213
|move|p2a: punch ur lunch|Bullet Punch|p1a: Jirachi
|-resisted|p1a: Jirachi
|-damage|p1a: Jirachi|0 fnt
|faint|p1a: Jirachi
|
|upkeep
|
|t:|1653950215
|switch|p1a: Primarina|Primarina, M|79/100
|-damage|p1a: Primarina|67/100|[from] Stealth Rock
|turn|42
|
|t:|1653950228
|move|p2a: punch ur lunch|Bullet Punch|p1a: Primarina
|-damage|p1a: Primarina|45/100
|move|p1a: Primarina|Substitute|p1a: Primarina
|-start|p1a: Primarina|Substitute
|-damage|p1a: Primarina|20/100
|
|-heal|p1a: Primarina|26/100|[from] item: Leftovers
|upkeep
|turn|43
|
|t:|1653950233
|move|p2a: punch ur lunch|Bullet Punch|p1a: Primarina
|-activate|p1a: Primarina|move: Substitute|[damage]
|move|p1a: Primarina|Scald|p2a: punch ur lunch
|-damage|p2a: punch ur lunch|0 fnt
|faint|p2a: punch ur lunch
|
|-heal|p1a: Primarina|32/100|[from] item: Leftovers
|upkeep
|
|t:|1653950238
|switch|p2a: za polite|Zarude|58/100
|-damage|p2a: za polite|46/100|[from] Stealth Rock
|turn|44
|
|t:|1653950246
|move|p2a: za polite|Power Whip|p1a: Primarina
|-supereffective|p1a: Primarina
|-end|p1a: Primarina|Substitute
|move|p1a: Primarina|Draining Kiss|p2a: za polite
|-supereffective|p2a: za polite
|-damage|p2a: za polite|0 fnt
|-heal|p1a: Primarina|65/100|[from] drain|[of] p2a: za polite
|faint|p2a: za polite
|
|-heal|p1a: Primarina|71/100|[from] item: Leftovers
|upkeep
|
|t:|1653950257
|switch|p2a: think PINK|Slowking, F|82/100 par
|-damage|p2a: think PINK|69/100 par|[from] Stealth Rock
|turn|45
|
|t:|1653950260
|move|p1a: Primarina|Substitute|p1a: Primarina
|-start|p1a: Primarina|Substitute
|-damage|p1a: Primarina|46/100
|move|p2a: think PINK|Future Sight|p1a: Primarina
|-start|p2a: think PINK|move: Future Sight
|
|-heal|p1a: Primarina|52/100|[from] item: Leftovers
|upkeep
|turn|46
|
|t:|1653950265
|move|p1a: Primarina|Calm Mind|p1a: Primarina
|-boost|p1a: Primarina|spa|1
|-boost|p1a: Primarina|spd|1
|move|p2a: think PINK|Scald|p1a: Primarina
|-resisted|p1a: Primarina
|-activate|p1a: Primarina|move: Substitute|[damage]
|
|-heal|p1a: Primarina|58/100|[from] item: Leftovers
|upkeep
|turn|47
|
|t:|1653950267
|move|p1a: Primarina|Calm Mind|p1a: Primarina
|-boost|p1a: Primarina|spa|1
|-boost|p1a: Primarina|spd|1
|move|p2a: think PINK|Teleport|p2a: think PINK
|
|t:|1653950269
|switch|p2a: Zygarde-10% off|Zygarde-10%|76/100|[from]move: Teleport
|-damage|p2a: Zygarde-10% off|70/100|[from] Stealth Rock
|-ability|p2a: Zygarde-10% off|Aura Break
|
|-end|p1a: Primarina|move: Future Sight
|-end|p1a: Primarina|Substitute
|-heal|p1a: Primarina|64/100|[from] item: Leftovers
|upkeep
|turn|48
|j| Albatross CCD
|
|t:|1653950275
|move|p2a: Zygarde-10% off|Thousand Arrows|p1a: Primarina
|-damage|p1a: Primarina|18/100
|move|p1a: Primarina|Draining Kiss|p2a: Zygarde-10% off
|-supereffective|p2a: Zygarde-10% off
|-damage|p2a: Zygarde-10% off|0 fnt
|-heal|p1a: Primarina|54/100|[from] drain|[of] p2a: Zygarde-10% off
|faint|p2a: Zygarde-10% off
|
|-heal|p1a: Primarina|60/100|[from] item: Leftovers
|upkeep
|c|☆UULT94A Prod|gg
|j| UULT94A skarmy
|-message|uult94a pif x pia forfeited.
|
|win|UULT94A Prod
|raw|UULT94A Prod's rating: 1661 &rarr; <strong>1684</strong><br />(+23 for winning)
|raw|uult94a pif x pia's rating: 1711 &rarr; <strong>1688</strong><br />(-23 for losing)
|c|☆uult94a pif x pia|gg
|l|☆uult94a pif x pia
|l|☆UULT94A Prod
|n| UULT94A Zaza|uult94azaza
|l| UULT94A Zaza
|l| UULT94A skarmy
|l| mncmt
|l| kirinok0usaka
|l| Albatross CCD
