|j|☆Meute
|j|☆Orion2Ikea
|t:|1665918373
|gametype|singles
|player|p1|Meute|lance-masters|1503
|player|p2|Orion2Ikea|caitlin|1418
|teamsize|p1|6
|teamsize|p2|6
|gen|8
|tier|[Gen 8] UU
|rated|
|rule|Sleep Clause Mod: Limit one foe put to sleep
|rule|Species Clause: Limit one of each Pokémon
|rule|OHKO Clause: OHKO moves are banned
|rule|Evasion Items Clause: Evasion items are banned
|rule|Evasion Moves Clause: Evasion moves are banned
|rule|Endless Battle Clause: Forcing endless battles is banned
|rule|HP Percentage Mod: HP is shown in percentages
|rule|Dynamax Clause: You cannot dynamax
|clearpoke
|poke|p1|Lycanroc-Dusk, F|
|poke|p1|Golisopod, M|
|poke|p1|Scizor, M|
|poke|p1|Krookodile, F|
|poke|p1|Slowking, F|
|poke|p1|Regieleki|
|poke|p2|Jirachi|
|poke|p2|Zarude|
|poke|p2|Moltres|
|poke|p2|Azumarill, M|
|poke|p2|Nidoking, M|
|poke|p2|Salamence, M|
|teampreview
|inactive|Battle timer is ON: inactive players will automatically lose when time's up. (requested by Orion2Ikea)
|
|t:|1665918399
|start
|switch|p1a: Slowking|Slowking, F|100/100
|switch|p2a: Azumarill|Azumarill, M|100/100
|turn|1
|
|t:|1665918404
|move|p2a: Azumarill|Belly Drum|p2a: Azumarill
|-damage|p2a: Azumarill|50/100
|-setboost|p2a: Azumarill|atk|6|[from] move: Belly Drum
|-enditem|p2a: Azumarill|Sitrus Berry|[eat]
|-heal|p2a: Azumarill|75/100|[from] item: Sitrus Berry
|move|p1a: Slowking|Teleport|p1a: Slowking
|j| Ichindar
|c| Ichindar|ouh la situation
|
|t:|1665918431
|switch|p1a: Golisopod|Golisopod, M|100/100|[from]move: Teleport
|
|upkeep
|turn|2
|c|☆Meute|trkl
|inactive|Orion2Ikea has 120 seconds left.
|
|t:|1665918466
|move|p1a: Golisopod|First Impression|p2a: Azumarill
|-resisted|p2a: Azumarill
|-damage|p2a: Azumarill|46/100
|move|p2a: Azumarill|Play Rough|p1a: Golisopod
|-damage|p1a: Golisopod|0 fnt
|faint|p1a: Golisopod
|
|upkeep
|c| Ichindar|mouai bof quand meme taas pas grans chose
|inactive|Meute has 120 seconds left.
|c| Ichindar|heuresement tas enorme priorité
|
|t:|1665918501
|switch|p1a: Lycanroc|Lycanroc-Dusk, F|100/100
|turn|3
|
|t:|1665918506
|move|p1a: Lycanroc|Accelerock|p2a: Azumarill
|-crit|p2a: Azumarill
|-damage|p2a: Azumarill|0 fnt
|faint|p2a: Azumarill
|
|upkeep
|
|t:|1665918521
|switch|p2a: Nidoking|Nidoking, M|100/100
|turn|4
|
|t:|1665918527
|switch|p1a: Slowking|Slowking, F|100/100
|move|p2a: Nidoking|Earth Power|p1a: Slowking
|-damage|p1a: Slowking|62/100
|
|upkeep
|turn|5
|
|t:|1665918535
|switch|p2a: Jirachi|Jirachi|100/100
|move|p1a: Slowking|Teleport|p1a: Slowking
|
|t:|1665918542
|switch|p1a: Krookodile|Krookodile, F|100/100|[from]move: Teleport
|-ability|p1a: Krookodile|Intimidate|boost
|-unboost|p2a: Jirachi|atk|1
|
|upkeep
|turn|6
|
|t:|1665918545
|move|p2a: Jirachi|U-turn|p1a: Krookodile
|-supereffective|p1a: Krookodile
|-damage|p1a: Krookodile|79/100
|
|t:|1665918548
|switch|p2a: Moltres|Moltres|100/100|[from]move: U-turn
|-ability|p2a: Moltres|Pressure
|move|p1a: Krookodile|Stealth Rock|p2a: Moltres
|-sidestart|p2: Orion2Ikea|move: Stealth Rock
|
|-heal|p1a: Krookodile|85/100|[from] item: Leftovers
|upkeep
|turn|7
|
|t:|1665918556
|switch|p1a: Slowking|Slowking, F|96/100
|move|p2a: Moltres|Defog|p1a: Slowking
|-unboost|p1a: Slowking|evasion|1
|-sideend|p2: Orion2Ikea|Stealth Rock|[from] move: Defog|[of] p2a: Moltres
|
|upkeep
|turn|8
|j| t-yeu
|
|t:|1665918562
|move|p2a: Moltres|Toxic|p1a: Slowking
|-status|p1a: Slowking|tox
|move|p1a: Slowking|Teleport|p1a: Slowking
|
|t:|1665918568
|switch|p1a: Lycanroc|Lycanroc-Dusk, F|100/100|[from]move: Teleport
|
|upkeep
|turn|9
|
|t:|1665918579
|switch|p1a: Krookodile|Krookodile, F|85/100
|-ability|p1a: Krookodile|Intimidate|boost
|-unboost|p2a: Moltres|atk|1
|switch|p2a: Jirachi|Jirachi|100/100
|
|-heal|p1a: Krookodile|91/100|[from] item: Leftovers
|upkeep
|turn|10
|
|t:|1665918587
|move|p2a: Jirachi|U-turn|p1a: Krookodile
|-supereffective|p1a: Krookodile
|-damage|p1a: Krookodile|63/100
|
|t:|1665918591
|switch|p2a: Zarude|Zarude|100/100|[from]move: U-turn
|move|p1a: Krookodile|Stealth Rock|p2a: Zarude
|-sidestart|p2: Orion2Ikea|move: Stealth Rock
|
|-heal|p1a: Krookodile|69/100|[from] item: Leftovers
|upkeep
|turn|11
|
|t:|1665918599
|switch|p1a: Scizor|Scizor, M|100/100
|move|p2a: Zarude|Darkest Lariat|p1a: Scizor
|-damage|p1a: Scizor|65/100
|
|upkeep
|turn|12
|c| Ichindar|tau rais du te debarasser de son scarf
|
|t:|1665918614
|switch|p1a: Krookodile|Krookodile, F|69/100
|-ability|p1a: Krookodile|Intimidate|boost
|-unboost|p2a: Zarude|atk|1
|move|p2a: Zarude|U-turn|p1a: Krookodile
|-supereffective|p1a: Krookodile
|-damage|p1a: Krookodile|38/100
|
|t:|1665918627
|switch|p2a: Nidoking|Nidoking, M|100/100|[from]move: U-turn
|-damage|p2a: Nidoking|94/100|[from] Stealth Rock
|
|-heal|p1a: Krookodile|44/100|[from] item: Leftovers
|upkeep
|turn|13
|c| Ichindar|oh il est pas scarf
|
|t:|1665918639
|switch|p1a: Slowking|Slowking, F|100/100 tox
|move|p2a: Nidoking|Ice Beam|p1a: Slowking
|-resisted|p1a: Slowking
|-damage|p1a: Slowking|89/100 tox
|
|-damage|p1a: Slowking|83/100 tox|[from] psn
|upkeep
|turn|14
|
|t:|1665918645
|switch|p2a: Moltres|Moltres|100/100
|-ability|p2a: Moltres|Pressure
|move|p1a: Slowking|Teleport|p1a: Slowking
|
|t:|1665918664
|switch|p1a: Krookodile|Krookodile, F|44/100|[from]move: Teleport
|-ability|p1a: Krookodile|Intimidate|boost
|-unboost|p2a: Moltres|atk|1
|
|-heal|p1a: Krookodile|50/100|[from] item: Leftovers
|upkeep
|turn|15
|
|t:|1665918670
|move|p2a: Moltres|Toxic|p1a: Krookodile
|-status|p1a: Krookodile|tox
|move|p1a: Krookodile|Taunt|p2a: Moltres
|-start|p2a: Moltres|move: Taunt
|
|-heal|p1a: Krookodile|56/100 tox|[from] item: Leftovers
|-damage|p1a: Krookodile|50/100 tox|[from] psn
|upkeep
|turn|16
|
|t:|1665918677
|move|p2a: Moltres|Mystical Fire|p1a: Krookodile
|-damage|p1a: Krookodile|12/100 tox
|-unboost|p1a: Krookodile|spa|1
|move|p1a: Krookodile|Knock Off|p2a: Moltres
|-damage|p2a: Moltres|61/100
|-enditem|p2a: Moltres|Heavy-Duty Boots|[from] move: Knock Off|[of] p1a: Krookodile
|
|-heal|p1a: Krookodile|18/100 tox|[from] item: Leftovers
|-damage|p1a: Krookodile|6/100 tox|[from] psn
|upkeep
|turn|17
|
|t:|1665918688
|switch|p1a: Slowking|Slowking, F|100/100 tox
|move|p2a: Moltres|Mystical Fire|p1a: Slowking
|-resisted|p1a: Slowking
|-damage|p1a: Slowking|89/100 tox
|-unboost|p1a: Slowking|spa|1
|
|-damage|p1a: Slowking|83/100 tox|[from] psn
|upkeep
|turn|18
|
|t:|1665918692
|move|p2a: Moltres|Mystical Fire|p1a: Slowking
|-resisted|p1a: Slowking
|-damage|p1a: Slowking|71/100 tox
|-unboost|p1a: Slowking|spa|1
|move|p1a: Slowking|Teleport|p1a: Slowking
|
|t:|1665918698
|switch|p1a: Lycanroc|Lycanroc-Dusk, F|100/100|[from]move: Teleport
|
|-end|p2a: Moltres|move: Taunt
|upkeep
|turn|19
|
|t:|1665918705
|move|p1a: Lycanroc|Stone Edge|p2a: Moltres|[miss]
|-miss|p1a: Lycanroc|p2a: Moltres
|move|p2a: Moltres|Defog|p1a: Lycanroc
|-unboost|p1a: Lycanroc|evasion|1
|-sideend|p2: Orion2Ikea|Stealth Rock|[from] move: Defog|[of] p2a: Moltres
|
|upkeep
|turn|20
|c| Ichindar|oh
|
|t:|1665918715
|switch|p2a: Jirachi|Jirachi|100/100
|move|p1a: Lycanroc|Stone Edge|p2a: Jirachi
|-resisted|p2a: Jirachi
|-crit|p2a: Jirachi
|-damage|p2a: Jirachi|55/100
|
|-heal|p2a: Jirachi|61/100|[from] item: Leftovers
|upkeep
|turn|21
|c| Ichindar|le bolzy
|c|☆Meute|c la vie
|c| Ichindar|il a eu du cran
|
|t:|1665918729
|switch|p1a: Scizor|Scizor, M|65/100
|move|p2a: Jirachi|Stealth Rock|p1a: Scizor
|-sidestart|p1: Meute|move: Stealth Rock
|
|-heal|p2a: Jirachi|67/100|[from] item: Leftovers
|upkeep
|turn|22
|
|t:|1665918734
|move|p2a: Jirachi|U-turn|p1a: Scizor
|-resisted|p1a: Scizor
|-damage|p1a: Scizor|58/100
|
|t:|1665918736
|switch|p2a: Moltres|Moltres|61/100|[from]move: U-turn
|-ability|p2a: Moltres|Pressure
|move|p1a: Scizor|U-turn|p2a: Moltres
|-resisted|p2a: Moltres
|-damage|p2a: Moltres|53/100
|
|t:|1665918744
|switch|p1a: Lycanroc|Lycanroc-Dusk, F|100/100|[from]move: U-turn
|-damage|p1a: Lycanroc|88/100|[from] Stealth Rock
|
|upkeep
|turn|23
|
|t:|1665918750
|switch|p2a: Jirachi|Jirachi|67/100
|move|p1a: Lycanroc|Stone Edge|p2a: Jirachi
|-resisted|p2a: Jirachi
|-damage|p2a: Jirachi|38/100
|
|-heal|p2a: Jirachi|45/100|[from] item: Leftovers
|upkeep
|turn|24
|
|t:|1665918758
|switch|p1a: Krookodile|Krookodile, F|6/100 tox
|-damage|p1a: Krookodile|0 fnt|[from] Stealth Rock
|faint|p1a: Krookodile
|move|p2a: Jirachi|Iron Head|p1: Krookodile|[notarget]
|-fail|p2a: Jirachi
|
|-heal|p2a: Jirachi|51/100|[from] item: Leftovers
|upkeep
|
|t:|1665918765
|switch|p1a: Scizor|Scizor, M|58/100
|turn|25
|
|t:|1665918770
|move|p2a: Jirachi|U-turn|p1a: Scizor
|-resisted|p1a: Scizor
|-damage|p1a: Scizor|52/100
|
|t:|1665918772
|switch|p2a: Moltres|Moltres|53/100|[from]move: U-turn
|-ability|p2a: Moltres|Pressure
|move|p1a: Scizor|U-turn|p2a: Moltres
|-resisted|p2a: Moltres
|-damage|p2a: Moltres|45/100
|
|t:|1665918782
|switch|p1a: Lycanroc|Lycanroc-Dusk, F|88/100|[from]move: U-turn
|-damage|p1a: Lycanroc|76/100|[from] Stealth Rock
|
|upkeep
|turn|26
|
|t:|1665918792
|move|p1a: Lycanroc|Stone Edge|p2a: Moltres
|-supereffective|p2a: Moltres
|-damage|p2a: Moltres|0 fnt
|faint|p2a: Moltres
|
|upkeep
|
|t:|1665918797
|switch|p2a: Zarude|Zarude|100/100
|turn|27
|c| Ichindar|enfin mort
|
|t:|1665918815
|move|p1a: Lycanroc|Stone Edge|p2a: Zarude
|-damage|p2a: Zarude|28/100
|move|p2a: Zarude|Darkest Lariat|p1a: Lycanroc
|-damage|p1a: Lycanroc|0 fnt
|faint|p1a: Lycanroc
|
|-heal|p2a: Zarude|34/100|[from] item: Leftovers
|upkeep
|
|t:|1665918823
|switch|p1a: Scizor|Scizor, M|52/100
|turn|28
|
|t:|1665918828
|move|p2a: Zarude|U-turn|p1a: Scizor
|-resisted|p1a: Scizor
|-damage|p1a: Scizor|41/100
|
|t:|1665918831
|switch|p2a: Jirachi|Jirachi|51/100|[from]move: U-turn
|move|p1a: Scizor|Roost|p1a: Scizor
|-heal|p1a: Scizor|91/100
|-singleturn|p1a: Scizor|move: Roost
|
|-heal|p2a: Jirachi|57/100|[from] item: Leftovers
|upkeep
|turn|29
|
|t:|1665918838
|move|p2a: Jirachi|U-turn|p1a: Scizor
|-resisted|p1a: Scizor
|-damage|p1a: Scizor|84/100
|
|t:|1665918841
|switch|p2a: Salamence|Salamence, M|100/100|[from]move: U-turn
|move|p1a: Scizor|U-turn|p2a: Salamence
|-resisted|p2a: Salamence
|-crit|p2a: Salamence
|-damage|p2a: Salamence|71/100
|c| Ichindar|scizor
|c| Ichindar|fait un malheur
|
|t:|1665918855
|switch|p1a: Regieleki|Regieleki|100/100|[from]move: U-turn
|
|upkeep
|turn|30
|
|t:|1665918858
|switch|p1a: Slowking|Slowking, F|100/100 tox
|-damage|p1a: Slowking|88/100 tox|[from] Stealth Rock
|switch|p2a: Nidoking|Nidoking, M|94/100
|
|-damage|p1a: Slowking|82/100 tox|[from] psn
|upkeep
|turn|31
|
|t:|1665918866
|switch|p2a: Jirachi|Jirachi|57/100
|move|p1a: Slowking|Scald|p2a: Jirachi
|-damage|p2a: Jirachi|36/100
|
|-heal|p2a: Jirachi|42/100|[from] item: Leftovers
|-damage|p1a: Slowking|70/100 tox|[from] psn
|upkeep
|turn|32
|
|t:|1665918871
|move|p2a: Jirachi|U-turn|p1a: Slowking
|-supereffective|p1a: Slowking
|-damage|p1a: Slowking|45/100 tox
|
|t:|1665918873
|switch|p2a: Zarude|Zarude|34/100|[from]move: U-turn
|move|p1a: Slowking|Teleport|p1a: Slowking
|
|t:|1665918879
|switch|p1a: Scizor|Scizor, M|84/100|[from]move: Teleport
|
|-heal|p2a: Zarude|41/100|[from] item: Leftovers
|upkeep
|turn|33
|
|t:|1665918885
|move|p2a: Zarude|U-turn|p1a: Scizor
|-resisted|p1a: Scizor
|-damage|p1a: Scizor|73/100
|
|t:|1665918888
|switch|p2a: Jirachi|Jirachi|42/100|[from]move: U-turn
|move|p1a: Scizor|U-turn|p2a: Jirachi
|-damage|p2a: Jirachi|14/100
|
|t:|1665918893
|switch|p1a: Regieleki|Regieleki|100/100|[from]move: U-turn
|
|-heal|p2a: Jirachi|20/100|[from] item: Leftovers
|upkeep
|turn|34
|
|t:|1665918900
|move|p1a: Regieleki|Volt Switch|p2a: Jirachi
|-damage|p2a: Jirachi|0 fnt
|faint|p2a: Jirachi
|c| Ichindar|tas gagner
|
|t:|1665918920
|switch|p1a: Scizor|Scizor, M|73/100|[from]move: Volt Switch
|
|upkeep
|
|t:|1665918926
|switch|p2a: Salamence|Salamence, M|71/100
|turn|35
|c| Ichindar|fait pas le bete qand meme
|
|t:|1665918935
|switch|p1a: Regieleki|Regieleki|100/100
|move|p2a: Salamence|Dragon Dance|p2a: Salamence
|-boost|p2a: Salamence|atk|1
|-boost|p2a: Salamence|spe|1
|
|upkeep
|turn|36
|
|t:|1665918939
|move|p1a: Regieleki|Thunderbolt|p2a: Salamence
|-damage|p2a: Salamence|0 fnt
|faint|p2a: Salamence
|
|upkeep
|
|t:|1665918942
|switch|p2a: Nidoking|Nidoking, M|94/100
|turn|37
|
|t:|1665918956
|move|p1a: Regieleki|Explosion|p2a: Nidoking
|-damage|p2a: Nidoking|11/100
|faint|p1a: Regieleki
|move|p2a: Nidoking|Earth Power|p1: Regieleki|[notarget]
|-fail|p2a: Nidoking
|
|upkeep
|
|t:|1665918962
|switch|p1a: Scizor|Scizor, M|73/100
|turn|38
|
|t:|1665918965
|move|p1a: Scizor|Bullet Punch|p2a: Nidoking
|-damage|p2a: Nidoking|0 fnt
|faint|p2a: Nidoking
|
|upkeep
|
|t:|1665918966
|switch|p2a: Zarude|Zarude|41/100
|turn|39
|
|t:|1665918970
|move|p2a: Zarude|Darkest Lariat|p1a: Scizor
|-damage|p1a: Scizor|35/100
|move|p1a: Scizor|U-turn|p2a: Zarude
|-supereffective|p2a: Zarude
|-damage|p2a: Zarude|0 fnt
|faint|p2a: Zarude
|
|win|Meute
|raw|Meute's rating: 1503 &rarr; <strong>1518</strong><br />(+15 for winning)
|raw|Orion2Ikea's rating: 1418 &rarr; <strong>1403</strong><br />(-15 for losing)
|c|☆Meute|gg
|c| Ichindar|gg
|c|☆Orion2Ikea|fils de pute avec tes 35 crit
|l|☆Orion2Ikea
|c|☆Meute|ah
|c|☆Meute|ca fait plaiz
|c|☆Meute|de pouvoir report des gens
|c| Ichindar|moltres tas eu un coup de bol
|c|☆Meute|je l'ai juste outplay c'est pas grave
|c| Ichindar|ah sympa la commu francaise des fois
