|j|☆little sebastian
|j|☆gijion chilli
|player|p1|little sebastian|170|1467
|player|p2|gijion chilli|103|1453
|teamsize|p1|6
|teamsize|p2|6
|gametype|singles
|gen|8
|tier|[Gen 8] UU
|rated|
|clearpoke
|poke|p1|Tsareena, F|
|poke|p1|Weezing-Galar, F|
|poke|p1|Diggersby, F|
|poke|p1|Gardevoir, F|
|poke|p1|Golisopod, M|
|poke|p1|Gigalith, M|
|poke|p2|Machamp, F|
|poke|p2|Durant, F|
|poke|p2|Jellicent, M|
|poke|p2|Gigalith, F|
|poke|p2|Roserade, F|
|poke|p2|Flygon, F|
|rule|Sleep Clause Mod: Limit one foe put to sleep
|rule|Species Clause: Limit one of each Pokémon
|rule|OHKO Clause: OHKO moves are banned
|rule|Evasion Moves Clause: Evasion moves are banned
|rule|Endless Battle Clause: Forcing endless battles is banned
|rule|HP Percentage Mod: HP is shown in percentages
|rule|Dynamax Clause: You cannot dynamax
|teampreview
|c|☆gijion chilli|Hf
|c|☆little sebastian|I always do
|
|start
|switch|p1a: Diggersby|Diggersby, F|100/100
|switch|p2a: Durant|Durant, F|100/100
|turn|1
|
|switch|p1a: Weezing|Weezing-Galar, F|100/100
|move|p2a: Durant|Iron Head|p1a: Weezing
|-supereffective|p1a: Weezing
|-damage|p1a: Weezing|0 fnt
|faint|p1a: Weezing
|
|upkeep
|
|switch|p1a: Golisopod|Golisopod, M|100/100
|turn|2
|
|switch|p2a: Jellicent|Jellicent, M|100/100
|move|p1a: Golisopod|Spikes|p2a: Jellicent
|-sidestart|p2: gijion chilli|Spikes
|
|upkeep
|turn|3
|
|move|p2a: Jellicent|Will-O-Wisp|p1a: Golisopod|[miss]
|-miss|p2a: Jellicent|p1a: Golisopod
|move|p1a: Golisopod|Leech Life|p2a: Jellicent
|-resisted|p2a: Jellicent
|-damage|p2a: Jellicent|83/100
|
|-heal|p2a: Jellicent|89/100|[from] item: Leftovers
|upkeep
|turn|4
|
|switch|p1a: Gardevoir|Gardevoir, F|100/100
|-ability|p1a: Gardevoir|Water Absorb|[from] ability: Trace|[of] p2a: Jellicent
|move|p2a: Jellicent|Taunt|p1a: Gardevoir
|-start|p1a: Gardevoir|move: Taunt
|
|-heal|p2a: Jellicent|95/100|[from] item: Leftovers
|upkeep
|turn|5
|
|move|p1a: Gardevoir|Moonblast|p2a: Jellicent
|-damage|p2a: Jellicent|40/100
|move|p2a: Jellicent|Recover|p2a: Jellicent
|-heal|p2a: Jellicent|90/100
|
|-heal|p2a: Jellicent|96/100|[from] item: Leftovers
|upkeep
|turn|6
|
|switch|p2a: Roserade|Roserade, F|100/100
|-damage|p2a: Roserade|88/100|[from] Spikes
|move|p1a: Gardevoir|Moonblast|p2a: Roserade
|-resisted|p2a: Roserade
|-damage|p2a: Roserade|40/100
|-unboost|p2a: Roserade|spa|1
|
|-heal|p2a: Roserade|46/100|[from] item: Black Sludge
|-end|p1a: Gardevoir|move: Taunt
|upkeep
|turn|7
|
|switch|p1a: Golisopod|Golisopod, M|100/100
|move|p2a: Roserade|Sleep Powder|p1a: Golisopod
|-status|p1a: Golisopod|slp|[from] move: Sleep Powder
|
|-heal|p2a: Roserade|52/100|[from] item: Black Sludge
|upkeep
|turn|8
|
|switch|p1a: Diggersby|Diggersby, F|100/100
|move|p2a: Roserade|Toxic Spikes|p1a: Diggersby
|-sidestart|p1: little sebastian|move: Toxic Spikes
|
|-heal|p2a: Roserade|58/100|[from] item: Black Sludge
|upkeep
|turn|9
|
|switch|p2a: Durant|Durant, F|100/100
|-damage|p2a: Durant|88/100|[from] Spikes
|move|p1a: Diggersby|U-turn|p2a: Durant
|-resisted|p2a: Durant
|-damage|p2a: Durant|71/100
|
|switch|p1a: Tsareena|Tsareena, F|100/100|[from]move: U-turn
|
|upkeep
|turn|10
|
|move|p2a: Durant|Iron Head|p1a: Tsareena
|-damage|p1a: Tsareena|1/100
|move|p1a: Tsareena|Rapid Spin|p2a: Durant
|-resisted|p2a: Durant
|-damage|p2a: Durant|61/100
|-boost|p1a: Tsareena|spe|1
|-sideend|p1: little sebastian|Toxic Spikes|[from] move: Rapid Spin|[of] p1a: Tsareena
|
|upkeep
|turn|11
|j| macnolads
|
|move|p1a: Tsareena|Knock Off|p2a: Durant
|-damage|p2a: Durant|22/100
|-enditem|p2a: Durant|Choice Band|[from] move: Knock Off|[of] p1a: Tsareena
|move|p2a: Durant|Iron Head|p1a: Tsareena
|-damage|p1a: Tsareena|0 fnt
|faint|p1a: Tsareena
|
|upkeep
|j| Skittay
|
|switch|p1a: Diggersby|Diggersby, F|100/100
|turn|12
|j| wooden chair
|c| wooden chair|rip lil sebastian
|c|☆little sebastian|Bye bye little Sebastian
|
|switch|p2a: Flygon|Flygon, F|100/100
|move|p1a: Diggersby|Body Slam|p2a: Flygon
|-damage|p2a: Flygon|30/100
|
|upkeep
|turn|13
|
|switch|p1a: Golisopod|Golisopod, M|100/100 slp
|move|p2a: Flygon|U-turn|p1a: Golisopod
|-damage|p1a: Golisopod|85/100 slp
|
|switch|p2a: Machamp|Machamp, F|100/100|[from]move: U-turn
|-damage|p2a: Machamp|88/100|[from] Spikes
|
|-status|p2a: Machamp|brn|[from] item: Flame Orb
|upkeep
|turn|14
|
|move|p2a: Machamp|Stone Edge|p1a: Golisopod
|-supereffective|p1a: Golisopod
|-damage|p1a: Golisopod|0 fnt
|faint|p1a: Golisopod
|
|-damage|p2a: Machamp|82/100 brn|[from] brn
|upkeep
|l| Skittay
|
|switch|p1a: Gardevoir|Gardevoir, F|100/100
|-ability|p1a: Gardevoir|Guts|[from] ability: Trace|[of] p2a: Machamp
|turn|15
|
|switch|p2a: Durant|Durant, F|22/100
|-damage|p2a: Durant|9/100|[from] Spikes
|move|p1a: Gardevoir|Moonblast|p2a: Durant
|-resisted|p2a: Durant
|-damage|p2a: Durant|0 fnt
|faint|p2a: Durant
|
|upkeep
|
|switch|p2a: Roserade|Roserade, F|58/100
|-damage|p2a: Roserade|46/100|[from] Spikes
|turn|16
|
|switch|p1a: Gigalith|Gigalith, M|100/100
|-weather|Sandstorm|[from] ability: Sand Stream|[of] p1a: Gigalith
|move|p2a: Roserade|Sleep Powder|p1a: Gigalith
|-status|p1a: Gigalith|slp|[from] move: Sleep Powder
|
|-weather|Sandstorm|[upkeep]
|-damage|p2a: Roserade|40/100|[from] Sandstorm
|-heal|p2a: Roserade|46/100|[from] item: Black Sludge
|upkeep
|turn|17
|
|switch|p1a: Diggersby|Diggersby, F|100/100
|move|p2a: Roserade|Toxic Spikes|p1a: Diggersby
|-sidestart|p1: little sebastian|move: Toxic Spikes
|
|-weather|Sandstorm|[upkeep]
|-damage|p2a: Roserade|40/100|[from] Sandstorm
|-heal|p2a: Roserade|46/100|[from] item: Black Sludge
|upkeep
|turn|18
|
|switch|p2a: Flygon|Flygon, F|30/100
|move|p1a: Diggersby|Knock Off|p2a: Flygon
|-damage|p2a: Flygon|0 fnt
|-enditem|p2a: Flygon|Choice Scarf|[from] move: Knock Off|[of] p1a: Diggersby
|faint|p2a: Flygon
|
|-weather|Sandstorm|[upkeep]
|upkeep
|
|switch|p2a: Machamp|Machamp, F|82/100 brn
|-damage|p2a: Machamp|69/100 brn|[from] Spikes
|turn|19
|
|switch|p1a: Gigalith|Gigalith, M|100/100 slp
|switch|p2a: Jellicent|Jellicent, M|96/100
|-damage|p2a: Jellicent|84/100|[from] Spikes
|
|-weather|Sandstorm|[upkeep]
|-damage|p2a: Jellicent|78/100|[from] Sandstorm
|-heal|p2a: Jellicent|84/100|[from] item: Leftovers
|upkeep
|turn|20
|
|move|p2a: Jellicent|Hex|p1a: Gigalith
|-damage|p1a: Gigalith|79/100 slp
|cant|p1a: Gigalith|slp
|
|-weather|none
|-heal|p2a: Jellicent|90/100|[from] item: Leftovers
|-heal|p1a: Gigalith|85/100 slp|[from] item: Leftovers
|upkeep
|turn|21
|
|move|p2a: Jellicent|Taunt|p1a: Gigalith
|-start|p1a: Gigalith|move: Taunt
|cant|p1a: Gigalith|slp
|
|-heal|p2a: Jellicent|96/100|[from] item: Leftovers
|-heal|p1a: Gigalith|91/100 slp|[from] item: Leftovers
|upkeep
|turn|22
|
|move|p2a: Jellicent|Hex|p1a: Gigalith
|-damage|p1a: Gigalith|61/100 slp
|cant|p1a: Gigalith|slp
|
|-heal|p2a: Jellicent|100/100|[from] item: Leftovers
|-heal|p1a: Gigalith|67/100 slp|[from] item: Leftovers
|upkeep
|turn|23
|
|move|p2a: Jellicent|Hex|p1a: Gigalith
|-damage|p1a: Gigalith|39/100 slp
|-curestatus|p1a: Gigalith|slp|[msg]
|move|p1a: Gigalith|Rock Blast|p2a: Jellicent
|-damage|p2a: Jellicent|92/100
|-damage|p2a: Jellicent|82/100
|-hitcount|p2a: Jellicent|2
|
|-heal|p2a: Jellicent|89/100|[from] item: Leftovers
|-heal|p1a: Gigalith|45/100|[from] item: Leftovers
|-end|p1a: Gigalith|move: Taunt
|upkeep
|turn|24
|j| ban dynamax
|
|move|p2a: Jellicent|Will-O-Wisp|p1a: Gigalith
|-status|p1a: Gigalith|brn
|move|p1a: Gigalith|Rock Blast|p2a: Jellicent
|-damage|p2a: Jellicent|84/100
|-damage|p2a: Jellicent|80/100
|-damage|p2a: Jellicent|75/100
|-hitcount|p2a: Jellicent|3
|
|-heal|p2a: Jellicent|81/100|[from] item: Leftovers
|-heal|p1a: Gigalith|51/100 brn|[from] item: Leftovers
|-damage|p1a: Gigalith|45/100 brn|[from] brn
|upkeep
|turn|25
|
|move|p2a: Jellicent|Taunt|p1a: Gigalith
|-start|p1a: Gigalith|move: Taunt
|move|p1a: Gigalith|Rock Blast|p2a: Jellicent
|-damage|p2a: Jellicent|77/100
|-damage|p2a: Jellicent|72/100
|-hitcount|p2a: Jellicent|2
|
|-heal|p2a: Jellicent|78/100|[from] item: Leftovers
|-heal|p1a: Gigalith|51/100 brn|[from] item: Leftovers
|-damage|p1a: Gigalith|45/100 brn|[from] brn
|upkeep
|turn|26
|
|move|p2a: Jellicent|Recover|p2a: Jellicent
|-heal|p2a: Jellicent|100/100
|move|p1a: Gigalith|Rock Blast|p2a: Jellicent
|-damage|p2a: Jellicent|96/100
|-damage|p2a: Jellicent|92/100
|-hitcount|p2a: Jellicent|2
|
|-heal|p2a: Jellicent|98/100|[from] item: Leftovers
|-heal|p1a: Gigalith|51/100 brn|[from] item: Leftovers
|-damage|p1a: Gigalith|45/100 brn|[from] brn
|upkeep
|turn|27
|
|move|p2a: Jellicent|Hex|p1a: Gigalith
|-damage|p1a: Gigalith|16/100 brn
|move|p1a: Gigalith|Rock Blast|p2a: Jellicent
|-damage|p2a: Jellicent|93/100
|-damage|p2a: Jellicent|89/100
|-crit|p2a: Jellicent
|-damage|p2a: Jellicent|82/100
|-damage|p2a: Jellicent|77/100
|-hitcount|p2a: Jellicent|4
|
|-heal|p2a: Jellicent|84/100|[from] item: Leftovers
|-heal|p1a: Gigalith|22/100 brn|[from] item: Leftovers
|-damage|p1a: Gigalith|16/100 brn|[from] brn
|-end|p1a: Gigalith|move: Taunt
|upkeep
|turn|28
|
|move|p2a: Jellicent|Hex|p1a: Gigalith
|-damage|p1a: Gigalith|0 fnt
|faint|p1a: Gigalith
|
|-heal|p2a: Jellicent|90/100|[from] item: Leftovers
|upkeep
|
|switch|p1a: Gardevoir|Gardevoir, F|100/100
|-status|p1a: Gardevoir|psn
|-ability|p1a: Gardevoir|Water Absorb|[from] ability: Trace|[of] p2a: Jellicent
|turn|29
|
|switch|p2a: Machamp|Machamp, F|69/100 brn
|-damage|p2a: Machamp|57/100 brn|[from] Spikes
|move|p1a: Gardevoir|Moonblast|p2a: Machamp
|-supereffective|p2a: Machamp
|-damage|p2a: Machamp|0 fnt
|faint|p2a: Machamp
|
|-damage|p1a: Gardevoir|88/100 psn|[from] psn
|upkeep
|
|switch|p2a: Roserade|Roserade, F|46/100
|-damage|p2a: Roserade|34/100|[from] Spikes
|turn|30
|
|move|p2a: Roserade|Sludge Bomb|p1a: Gardevoir
|-supereffective|p1a: Gardevoir
|-damage|p1a: Gardevoir|0 fnt
|faint|p1a: Gardevoir
|
|-heal|p2a: Roserade|40/100|[from] item: Black Sludge
|upkeep
|
|switch|p1a: Diggersby|Diggersby, F|100/100
|-status|p1a: Diggersby|psn
|turn|31
|
|move|p1a: Diggersby|Earthquake|p2a: Roserade
|-damage|p2a: Roserade|0 fnt
|faint|p2a: Roserade
|
|-damage|p1a: Diggersby|88/100 psn|[from] psn
|upkeep
|
|switch|p2a: Jellicent|Jellicent, M|90/100
|-damage|p2a: Jellicent|77/100|[from] Spikes
|turn|32
|
|move|p1a: Diggersby|Earthquake|p2a: Jellicent
|-damage|p2a: Jellicent|28/100
|move|p2a: Jellicent|Recover|p2a: Jellicent
|-heal|p2a: Jellicent|78/100
|
|-heal|p2a: Jellicent|84/100|[from] item: Leftovers
|-damage|p1a: Diggersby|76/100 psn|[from] psn
|upkeep
|turn|33
|
|move|p1a: Diggersby|Earthquake|p2a: Jellicent
|-damage|p2a: Jellicent|31/100
|move|p2a: Jellicent|Recover|p2a: Jellicent
|-heal|p2a: Jellicent|81/100
|
|-heal|p2a: Jellicent|87/100|[from] item: Leftovers
|-damage|p1a: Diggersby|64/100 psn|[from] psn
|upkeep
|turn|34
|
|move|p1a: Diggersby|Earthquake|p2a: Jellicent
|-damage|p2a: Jellicent|39/100
|move|p2a: Jellicent|Recover|p2a: Jellicent
|-heal|p2a: Jellicent|90/100
|
|-heal|p2a: Jellicent|96/100|[from] item: Leftovers
|-damage|p1a: Diggersby|52/100 psn|[from] psn
|upkeep
|turn|35
|
|move|p1a: Diggersby|Earthquake|p2a: Jellicent
|-damage|p2a: Jellicent|43/100
|move|p2a: Jellicent|Recover|p2a: Jellicent
|-heal|p2a: Jellicent|93/100
|
|-heal|p2a: Jellicent|99/100|[from] item: Leftovers
|-damage|p1a: Diggersby|39/100 psn|[from] psn
|upkeep
|turn|36
|
|move|p1a: Diggersby|Earthquake|p2a: Jellicent
|-damage|p2a: Jellicent|46/100
|move|p2a: Jellicent|Recover|p2a: Jellicent
|-heal|p2a: Jellicent|96/100
|
|-heal|p2a: Jellicent|100/100|[from] item: Leftovers
|-damage|p1a: Diggersby|27/100 psn|[from] psn
|upkeep
|turn|37
|
|move|p1a: Diggersby|Earthquake|p2a: Jellicent
|-damage|p2a: Jellicent|50/100
|move|p2a: Jellicent|Recover|p2a: Jellicent
|-heal|p2a: Jellicent|100/100
|
|-damage|p1a: Diggersby|15/100 psn|[from] psn
|upkeep
|turn|38
|
|move|p1a: Diggersby|Earthquake|p2a: Jellicent
|-damage|p2a: Jellicent|55/100
|move|p2a: Jellicent|Recover|p2a: Jellicent
|-heal|p2a: Jellicent|100/100
|
|-damage|p1a: Diggersby|3/100 psn|[from] psn
|upkeep
|turn|39
|
|move|p1a: Diggersby|Earthquake|p2a: Jellicent
|-crit|p2a: Jellicent
|-damage|p2a: Jellicent|31/100
|move|p2a: Jellicent|Recover|p2a: Jellicent
|-heal|p2a: Jellicent|81/100
|
|-heal|p2a: Jellicent|87/100|[from] item: Leftovers
|-damage|p1a: Diggersby|0 fnt|[from] psn
|faint|p1a: Diggersby
|
|win|gijion chilli
|upkeep
|c|☆gijion chilli|Gg
|c|☆little sebastian|GG
|raw|little sebastian's rating: 1467 &rarr; <strong>1445</strong><br />(-22 for losing)
|raw|gijion chilli's rating: 1428 &rarr; <strong>1450</strong><br />(+22 for winning)
