|html|<div class="broadcast-blue"><strong>[Gen 8] UU is currently suspecting Latias! For information on how to participate check out the <a href="https://www.smogon.com/forums/threads/np-ss-uu-stage-10-airplanes-latias-retest.3691692/page-3#post-9007205">suspect thread</a>.</strong></div>
|j|☆sableyefan77
|j|☆Xoyjaz
|t:|1634845894
|gametype|singles
|player|p1|sableyefan77|wallace|1335
|player|p2|Xoyjaz|170|1421
|teamsize|p1|6
|teamsize|p2|6
|gen|8
|tier|[Gen 8] UU
|rated|
|rule|Sleep Clause Mod: Limit one foe put to sleep
|rule|Species Clause: Limit one of each Pokémon
|rule|OHKO Clause: OHKO moves are banned
|rule|Evasion Moves Clause: Evasion moves are banned
|rule|Endless Battle Clause: Forcing endless battles is banned
|rule|HP Percentage Mod: HP is shown in percentages
|rule|Dynamax Clause: You cannot dynamax
|clearpoke
|poke|p1|Skarmory, M|
|poke|p1|Chansey, F|
|poke|p1|Slowking, F|
|poke|p1|Conkeldurr, F|
|poke|p1|Tentacruel, M|
|poke|p1|Krookodile, M|
|poke|p2|Rotom-Heat|
|poke|p2|Conkeldurr, M|
|poke|p2|Salamence, M|
|poke|p2|Amoonguss, M|
|poke|p2|Hydreigon, M|
|poke|p2|Chansey, F|
|teampreview
|inactive|Battle timer is ON: inactive players will automatically lose when time's up. (requested by sableyefan77)
|inactive|Xoyjaz has 120 seconds left.
|inactive|Xoyjaz has 90 seconds left.
|
|t:|1634845976
|start
|switch|p1a: Krookodile|Krookodile, M|100/100
|switch|p2a: Bag-Alert!|Hydreigon, M|100/100
|-ability|p1a: Krookodile|Intimidate|boost
|-unboost|p2a: Bag-Alert!|atk|1
|turn|1
|
|t:|1634845988
|move|p1a: Krookodile|Stealth Rock|p2a: Bag-Alert!
|-sidestart|p2: Xoyjaz|move: Stealth Rock
|move|p2a: Bag-Alert!|Draco Meteor|p1a: Krookodile
|-damage|p1a: Krookodile|0 fnt
|-unboost|p2a: Bag-Alert!|spa|2
|faint|p1a: Krookodile
|
|upkeep
|
|t:|1634845991
|switch|p1a: Conkeldurr|Conkeldurr, F|100/100
|turn|2
|
|t:|1634845995
|switch|p2a: Salamence|Salamence, M|100/100
|move|p1a: Conkeldurr|Knock Off|p2a: Salamence
|-damage|p2a: Salamence|56/100
|-enditem|p2a: Salamence|Heavy-Duty Boots|[from] move: Knock Off|[of] p1a: Conkeldurr
|
|-status|p1a: Conkeldurr|brn|[from] item: Flame Orb
|upkeep
|turn|3
|
|t:|1634846001
|move|p2a: Salamence|Dual Wingbeat|p1a: Conkeldurr
|-supereffective|p1a: Conkeldurr
|-damage|p1a: Conkeldurr|64/100 brn
|-supereffective|p1a: Conkeldurr
|-damage|p1a: Conkeldurr|22/100 brn
|-hitcount|p1a: Conkeldurr|2
|move|p1a: Conkeldurr|Facade|p2a: Salamence
|-damage|p2a: Salamence|0 fnt
|faint|p2a: Salamence
|
|-damage|p1a: Conkeldurr|16/100 brn|[from] brn
|upkeep
|
|t:|1634846010
|switch|p2a: Rotom|Rotom-Heat|100/100
|turn|4
|
|t:|1634846015
|switch|p1a: Chansey|Chansey, F|100/100
|move|p2a: Rotom|Overheat|p1a: Chansey
|-damage|p1a: Chansey|86/100
|-unboost|p2a: Rotom|spa|2
|
|upkeep
|turn|5
|
|t:|1634846017
|move|p2a: Rotom|Defog|p1a: Chansey
|-unboost|p1a: Chansey|evasion|1
|-sideend|p2: Xoyjaz|Stealth Rock|[from] move: Defog|[of] p2a: Rotom
|move|p1a: Chansey|Toxic|p2a: Rotom
|-status|p2a: Rotom|tox
|
|-damage|p2a: Rotom|94/100 tox|[from] psn
|upkeep
|turn|6
|
|t:|1634846020
|move|p2a: Rotom|Volt Switch|p1a: Chansey
|-damage|p1a: Chansey|82/100
|
|t:|1634846023
|switch|p2a: Conkeldurr|Conkeldurr, M|100/100|[from]move: Volt Switch
|move|p1a: Chansey|Wish|p1a: Chansey
|
|upkeep
|turn|7
|
|t:|1634846026
|switch|p1a: Slowking|Slowking, F, shiny|100/100
|move|p2a: Conkeldurr|Knock Off|p1a: Slowking
|-supereffective|p1a: Slowking
|-enditem|p1a: Slowking|Colbur Berry|[eat]
|-enditem|p1a: Slowking|Colbur Berry|[weaken]
|-damage|p1a: Slowking|62/100
|-damage|p2a: Conkeldurr|91/100|[from] item: Life Orb
|
|-heal|p1a: Slowking|100/100|[from] move: Wish|[wisher] Chansey
|upkeep
|turn|8
|
|t:|1634846036
|switch|p2a: Rotom|Rotom-Heat|94/100 tox
|move|p1a: Slowking|Future Sight|p2a: Rotom
|-start|p1a: Slowking|move: Future Sight
|
|-damage|p2a: Rotom|88/100 tox|[from] psn
|upkeep
|turn|9
|
|t:|1634846040
|switch|p1a: Chansey|Chansey, F|82/100
|move|p2a: Rotom|Volt Switch|p1a: Chansey
|-damage|p1a: Chansey|75/100
|
|t:|1634846050
|switch|p2a: Chansey|Chansey, F|100/100|[from]move: Volt Switch
|
|upkeep
|turn|10
|
|t:|1634846054
|move|p1a: Chansey|Wish|p1a: Chansey
|move|p2a: Chansey|Teleport|p2a: Chansey
|
|t:|1634846057
|switch|p2a: Bag-Alert!|Hydreigon, M|100/100|[from]move: Teleport
|
|-end|p2a: Bag-Alert!|move: Future Sight
|-immune|p2a: Bag-Alert!
|upkeep
|turn|11
|
|t:|1634846063
|move|p2a: Bag-Alert!|Draco Meteor|p1a: Chansey
|-damage|p1a: Chansey|41/100
|-unboost|p2a: Bag-Alert!|spa|2
|move|p1a: Chansey|Toxic|p2a: Bag-Alert!
|-status|p2a: Bag-Alert!|tox
|
|-heal|p1a: Chansey|91/100|[from] move: Wish|[wisher] Chansey
|-damage|p2a: Bag-Alert!|94/100 tox|[from] psn
|upkeep
|turn|12
|
|t:|1634846069
|switch|p2a: Conkeldurr|Conkeldurr, M|91/100
|move|p1a: Chansey|Wish|p1a: Chansey
|
|upkeep
|turn|13
|
|t:|1634846074
|switch|p1a: Slowking|Slowking, F, shiny|100/100
|move|p2a: Conkeldurr|Knock Off|p1a: Slowking
|-supereffective|p1a: Slowking
|-damage|p1a: Slowking|56/100
|-damage|p2a: Conkeldurr|81/100|[from] item: Life Orb
|
|-heal|p1a: Slowking|100/100|[from] move: Wish|[wisher] Chansey
|upkeep
|turn|14
|
|t:|1634846077
|move|p2a: Conkeldurr|Knock Off|p1a: Slowking
|-supereffective|p1a: Slowking
|-damage|p1a: Slowking|48/100
|-damage|p2a: Conkeldurr|71/100|[from] item: Life Orb
|move|p1a: Slowking|Scald|p2a: Conkeldurr
|-damage|p2a: Conkeldurr|35/100
|
|upkeep
|turn|15
|
|t:|1634846081
|switch|p1a: Tentacruel|Tentacruel, M|100/100
|move|p2a: Conkeldurr|Drain Punch|p1a: Tentacruel
|-resisted|p1a: Tentacruel
|-damage|p1a: Tentacruel|55/100
|-damage|p2a: Conkeldurr|11/100|[from] ability: Liquid Ooze|[of] p1a: Tentacruel
|-damage|p2a: Conkeldurr|1/100|[from] item: Life Orb
|
|-heal|p1a: Tentacruel|61/100|[from] item: Black Sludge
|upkeep
|turn|16
|
|t:|1634846086
|switch|p1a: Skarmory|Skarmory, M|100/100
|move|p2a: Conkeldurr|Knock Off|p1a: Skarmory
|-damage|p1a: Skarmory|68/100
|-damage|p2a: Conkeldurr|0 fnt|[from] item: Rocky Helmet|[of] p1a: Skarmory
|faint|p2a: Conkeldurr
|
|upkeep
|
|t:|1634846090
|switch|p2a: Bag-Alert!|Hydreigon, M|94/100 tox
|turn|17
|
|t:|1634846093
|switch|p1a: Chansey|Chansey, F|91/100
|move|p2a: Bag-Alert!|Dark Pulse|p1a: Chansey
|-damage|p1a: Chansey|70/100
|
|-damage|p2a: Bag-Alert!|88/100 tox|[from] psn
|upkeep
|turn|18
|
|t:|1634846096
|move|p2a: Bag-Alert!|Dark Pulse|p1a: Chansey
|-damage|p1a: Chansey|48/100
|move|p1a: Chansey|Wish|p1a: Chansey
|
|-damage|p2a: Bag-Alert!|76/100 tox|[from] psn
|upkeep
|turn|19
|
|t:|1634846102
|switch|p2a: Rotom|Rotom-Heat|88/100 tox
|move|p1a: Chansey|Seismic Toss|p2a: Rotom
|-damage|p2a: Rotom|55/100 tox
|
|-heal|p1a: Chansey|98/100|[from] move: Wish|[wisher] Chansey
|-damage|p2a: Rotom|49/100 tox|[from] psn
|upkeep
|turn|20
|
|t:|1634846106
|move|p2a: Rotom|Toxic|p1a: Chansey
|-status|p1a: Chansey|tox
|move|p1a: Chansey|Wish|p1a: Chansey
|
|-damage|p2a: Rotom|36/100 tox|[from] psn
|-damage|p1a: Chansey|92/100 tox|[from] psn
|upkeep
|turn|21
|
|t:|1634846108
|move|p2a: Rotom|Volt Switch|p1a: Chansey
|-damage|p1a: Chansey|84/100 tox
|
|t:|1634846110
|switch|p2a: Bag-Alert!|Hydreigon, M|76/100 tox|[from]move: Volt Switch
|move|p1a: Chansey|Seismic Toss|p2a: Bag-Alert!
|-damage|p2a: Bag-Alert!|45/100 tox
|
|-heal|p1a: Chansey|100/100 tox|[from] move: Wish|[wisher] Chansey
|-damage|p2a: Bag-Alert!|39/100 tox|[from] psn
|-damage|p1a: Chansey|88/100 tox|[from] psn
|upkeep
|turn|22
|
|t:|1634846115
|move|p2a: Bag-Alert!|Dark Pulse|p1a: Chansey
|-damage|p1a: Chansey|68/100 tox
|move|p1a: Chansey|Wish|p1a: Chansey
|
|-damage|p2a: Bag-Alert!|27/100 tox|[from] psn
|-damage|p1a: Chansey|49/100 tox|[from] psn
|upkeep
|turn|23
|
|t:|1634846119
|-curestatus|p1a: Chansey|tox|[from] ability: Natural Cure
|switch|p1a: Conkeldurr|Conkeldurr, F|16/100 brn
|move|p2a: Bag-Alert!|Dark Pulse|p1a: Conkeldurr
|-resisted|p1a: Conkeldurr
|-damage|p1a: Conkeldurr|0 fnt
|faint|p1a: Conkeldurr
|
|-damage|p2a: Bag-Alert!|8/100 tox|[from] psn
|upkeep
|
|t:|1634846129
|switch|p1a: Chansey|Chansey, F|49/100
|turn|24
|
|t:|1634846145
|switch|p2a: Amoonguss|Amoonguss, M|100/100
|move|p1a: Chansey|Soft-Boiled|p1a: Chansey
|-heal|p1a: Chansey|99/100
|
|upkeep
|turn|25
|
|t:|1634846153
|switch|p1a: Tentacruel|Tentacruel, M|61/100
|move|p2a: Amoonguss|Spore|p1a: Tentacruel
|-status|p1a: Tentacruel|slp|[from] move: Spore
|
|-heal|p1a: Tentacruel|67/100 slp|[from] item: Black Sludge
|upkeep
|turn|26
|
|t:|1634846160
|switch|p1a: Skarmory|Skarmory, M|68/100
|move|p2a: Amoonguss|Sludge Bomb|p1a: Skarmory
|-immune|p1a: Skarmory
|
|upkeep
|turn|27
|
|t:|1634846165
|switch|p2a: Rotom|Rotom-Heat|36/100 tox
|move|p1a: Skarmory|Spikes|p2a: Rotom
|-sidestart|p2: Xoyjaz|Spikes
|
|-damage|p2a: Rotom|30/100 tox|[from] psn
|upkeep
|turn|28
|
|t:|1634846168
|move|p2a: Rotom|Volt Switch|p1a: Skarmory
|-supereffective|p1a: Skarmory
|-damage|p1a: Skarmory|0 fnt
|faint|p1a: Skarmory
|j| Friedolin
|
|t:|1634846181
|switch|p2a: Amoonguss|Amoonguss, M|100/100|[from]move: Volt Switch
|-damage|p2a: Amoonguss|88/100|[from] Spikes
|
|upkeep
|
|t:|1634846185
|switch|p1a: Slowking|Slowking, F, shiny|81/100
|turn|29
|
|t:|1634846187
|move|p2a: Amoonguss|Giga Drain|p1a: Slowking
|-supereffective|p1a: Slowking
|-damage|p1a: Slowking|45/100
|-heal|p2a: Amoonguss|100/100|[from] drain|[of] p1a: Slowking
|move|p1a: Slowking|Psyshock|p2a: Amoonguss
|-supereffective|p2a: Amoonguss
|-damage|p2a: Amoonguss|61/100
|
|upkeep
|turn|30
|
|t:|1634846194
|move|p2a: Amoonguss|Giga Drain|p1a: Slowking
|-supereffective|p1a: Slowking
|-damage|p1a: Slowking|7/100
|-heal|p2a: Amoonguss|79/100|[from] drain|[of] p1a: Slowking
|move|p1a: Slowking|Future Sight|p2a: Amoonguss
|-start|p1a: Slowking|move: Future Sight
|
|upkeep
|turn|31
|
|t:|1634846197
|switch|p1a: Chansey|Chansey, F|99/100
|move|p2a: Amoonguss|Sludge Bomb|p1a: Chansey
|-damage|p1a: Chansey|90/100
|
|upkeep
|turn|32
|
|t:|1634846199
|switch|p1a: Slowking|Slowking, F, shiny|41/100
|move|p2a: Amoonguss|Sludge Bomb|p1a: Slowking
|-crit|p1a: Slowking
|-damage|p1a: Slowking|10/100
|
|-end|p2a: Amoonguss|move: Future Sight
|-supereffective|p2a: Amoonguss
|-damage|p2a: Amoonguss|3/100
|upkeep
|turn|33
|
|t:|1634846204
|switch|p2a: Chansey|Chansey, F|100/100
|-damage|p2a: Chansey|88/100|[from] Spikes
|switch|p1a: Chansey|Chansey, F|90/100
|
|upkeep
|turn|34
|
|t:|1634846207
|move|p2a: Chansey|Toxic|p1a: Chansey
|-status|p1a: Chansey|tox
|move|p1a: Chansey|Toxic|p2a: Chansey
|-status|p2a: Chansey|tox
|
|-damage|p2a: Chansey|82/100 tox|[from] psn
|-damage|p1a: Chansey|84/100 tox|[from] psn
|upkeep
|turn|35
|
|t:|1634846210
|move|p1a: Chansey|Wish|p1a: Chansey
|move|p2a: Chansey|Seismic Toss|p1a: Chansey
|-damage|p1a: Chansey|70/100 tox
|
|-damage|p1a: Chansey|57/100 tox|[from] psn
|-damage|p2a: Chansey|69/100 tox|[from] psn
|upkeep
|turn|36
|
|t:|1634846212
|-curestatus|p1a: Chansey|tox|[from] ability: Natural Cure
|switch|p1a: Slowking|Slowking, F, shiny|43/100
|move|p2a: Chansey|Teleport|p2a: Chansey
|
|t:|1634846218
|-curestatus|p2a: Chansey|tox|[from] ability: Natural Cure
|switch|p2a: Bag-Alert!|Hydreigon, M|8/100 tox|[from]move: Teleport
|
|-heal|p1a: Slowking|100/100|[from] move: Wish|[wisher] Chansey
|-damage|p2a: Bag-Alert!|2/100 tox|[from] psn
|upkeep
|turn|37
|
|t:|1634846222
|switch|p1a: Chansey|Chansey, F|57/100
|move|p2a: Bag-Alert!|Draco Meteor|p1a: Chansey|[miss]
|-miss|p2a: Bag-Alert!|p1a: Chansey
|
|-damage|p2a: Bag-Alert!|0 fnt|[from] psn
|faint|p2a: Bag-Alert!
|upkeep
|
|t:|1634846227
|switch|p2a: Amoonguss|Amoonguss, M|36/100
|-damage|p2a: Amoonguss|24/100|[from] Spikes
|turn|38
|
|t:|1634846239
|switch|p2a: Rotom|Rotom-Heat|30/100 tox
|move|p1a: Chansey|Seismic Toss|p2a: Rotom
|-damage|p2a: Rotom|0 fnt
|faint|p2a: Rotom
|
|upkeep
|
|t:|1634846242
|switch|p2a: Amoonguss|Amoonguss, M|57/100
|-damage|p2a: Amoonguss|45/100|[from] Spikes
|turn|39
|
|t:|1634846258
|switch|p2a: Chansey|Chansey, F|69/100
|-damage|p2a: Chansey|57/100|[from] Spikes
|move|p1a: Chansey|Seismic Toss|p2a: Chansey
|-damage|p2a: Chansey|43/100
|
|upkeep
|turn|40
|c|☆Xoyjaz|the rng gods have gotten the best of my team
|
|t:|1634846271
|switch|p1a: Tentacruel|Tentacruel, M|67/100 slp
|move|p2a: Chansey|Soft-Boiled|p2a: Chansey
|-heal|p2a: Chansey|93/100
|
|-heal|p1a: Tentacruel|73/100 slp|[from] item: Black Sludge
|upkeep
|turn|41
|
|t:|1634846281
|cant|p1a: Tentacruel|slp
|move|p2a: Chansey|Seismic Toss|p1a: Tentacruel
|-damage|p1a: Tentacruel|46/100 slp
|
|-heal|p1a: Tentacruel|52/100 slp|[from] item: Black Sludge
|upkeep
|turn|42
|
|t:|1634846296
|-curestatus|p1a: Tentacruel|slp|[msg]
|move|p1a: Tentacruel|Sludge Bomb|p2a: Chansey
|-damage|p2a: Chansey|85/100
|move|p2a: Chansey|Seismic Toss|p1a: Tentacruel
|-damage|p1a: Tentacruel|24/100
|
|-heal|p1a: Tentacruel|30/100|[from] item: Black Sludge
|upkeep
|turn|43
|
|t:|1634846302
|switch|p1a: Slowking|Slowking, F, shiny|100/100
|move|p2a: Chansey|Seismic Toss|p1a: Slowking
|-damage|p1a: Slowking|75/100
|
|upkeep
|turn|44
|
|t:|1634846305
|move|p2a: Chansey|Toxic|p1a: Slowking
|-status|p1a: Slowking|tox
|move|p1a: Slowking|Future Sight|p2a: Chansey
|-start|p1a: Slowking|move: Future Sight
|
|-damage|p1a: Slowking|69/100 tox|[from] psn
|upkeep
|turn|45
|
|t:|1634846307
|move|p2a: Chansey|Seismic Toss|p1a: Slowking
|-damage|p1a: Slowking|44/100 tox
|move|p1a: Slowking|Teleport|p1a: Slowking
|
|t:|1634846311
|switch|p1a: Chansey|Chansey, F|57/100|[from]move: Teleport
|
|upkeep
|turn|46
|
|t:|1634846317
|move|p2a: Chansey|Toxic|p1a: Chansey
|-status|p1a: Chansey|tox
|move|p1a: Chansey|Wish|p1a: Chansey
|
|-end|p2a: Chansey|move: Future Sight
|-damage|p2a: Chansey|72/100
|-damage|p1a: Chansey|51/100 tox|[from] psn
|upkeep
|turn|47
|
|t:|1634846324
|-curestatus|p1a: Chansey|tox|[from] ability: Natural Cure
|switch|p1a: Slowking|Slowking, F, shiny|77/100 tox
|move|p2a: Chansey|Seismic Toss|p1a: Slowking
|-damage|p1a: Slowking|52/100 tox
|
|-heal|p1a: Slowking|100/100 tox|[from] move: Wish|[wisher] Chansey
|-damage|p1a: Slowking|94/100 tox|[from] psn
|upkeep
|turn|48
|
|t:|1634846328
|move|p2a: Chansey|Seismic Toss|p1a: Slowking
|-damage|p1a: Slowking|69/100 tox
|move|p1a: Slowking|Psyshock|p2a: Chansey
|-damage|p2a: Chansey|53/100
|
|-damage|p1a: Slowking|57/100 tox|[from] psn
|upkeep
|turn|49
|
|t:|1634846331
|move|p2a: Chansey|Seismic Toss|p1a: Slowking
|-damage|p1a: Slowking|31/100 tox
|move|p1a: Slowking|Teleport|p1a: Slowking
|
|t:|1634846334
|switch|p1a: Chansey|Chansey, F|51/100|[from]move: Teleport
|
|upkeep
|turn|50
|
|t:|1634846336
|move|p2a: Chansey|Toxic|p1a: Chansey
|-status|p1a: Chansey|tox
|move|p1a: Chansey|Soft-Boiled|p1a: Chansey
|-heal|p1a: Chansey|100/100 tox
|
|-damage|p1a: Chansey|94/100 tox|[from] psn
|upkeep
|turn|51
|
|t:|1634846342
|move|p1a: Chansey|Toxic|p2a: Chansey
|-status|p2a: Chansey|tox
|move|p2a: Chansey|Soft-Boiled|p2a: Chansey
|-heal|p2a: Chansey|100/100 tox
|
|-damage|p1a: Chansey|82/100 tox|[from] psn
|-damage|p2a: Chansey|94/100 tox|[from] psn
|upkeep
|turn|52
|
|t:|1634846345
|-curestatus|p2a: Chansey|tox|[from] ability: Natural Cure
|switch|p2a: Amoonguss|Amoonguss, M|78/100
|-damage|p2a: Amoonguss|66/100|[from] Spikes
|move|p1a: Chansey|Wish|p1a: Chansey
|
|-damage|p1a: Chansey|63/100 tox|[from] psn
|upkeep
|turn|53
|
|t:|1634846350
|-curestatus|p1a: Chansey|tox|[from] ability: Natural Cure
|switch|p1a: Slowking|Slowking, F, shiny|65/100 tox
|move|p2a: Amoonguss|Spore||[still]
|-fail|p2a: Amoonguss
|
|-heal|p1a: Slowking|100/100 tox|[from] move: Wish|[wisher] Chansey
|-damage|p1a: Slowking|94/100 tox|[from] psn
|upkeep
|turn|54
|
|t:|1634846356
|switch|p1a: Tentacruel|Tentacruel, M|30/100
|move|p2a: Amoonguss|Giga Drain|p1a: Tentacruel
|-crit|p1a: Tentacruel
|-damage|p1a: Tentacruel|2/100
|-damage|p2a: Amoonguss|54/100|[from] ability: Liquid Ooze|[of] p1a: Tentacruel
|
|-heal|p1a: Tentacruel|8/100|[from] item: Black Sludge
|upkeep
|turn|55
|
|t:|1634846362
|move|p1a: Tentacruel|Scald|p2a: Amoonguss
|-resisted|p2a: Amoonguss
|-damage|p2a: Amoonguss|43/100
|-status|p2a: Amoonguss|brn
|move|p2a: Amoonguss|Giga Drain|p1a: Tentacruel
|-damage|p1a: Tentacruel|0 fnt
|-damage|p2a: Amoonguss|40/100 brn|[from] ability: Liquid Ooze|[of] p1a: Tentacruel
|faint|p1a: Tentacruel
|
|-damage|p2a: Amoonguss|33/100 brn|[from] brn
|upkeep
|
|t:|1634846370
|switch|p1a: Slowking|Slowking, F, shiny|100/100 tox
|turn|56
|
|t:|1634846372
|move|p2a: Amoonguss|Giga Drain|p1a: Slowking
|-supereffective|p1a: Slowking
|-damage|p1a: Slowking|64/100 tox
|-heal|p2a: Amoonguss|50/100 brn|[from] drain|[of] p1a: Slowking
|move|p1a: Slowking|Psyshock|p2a: Amoonguss
|-supereffective|p2a: Amoonguss
|-damage|p2a: Amoonguss|11/100 brn
|
|-damage|p1a: Slowking|58/100 tox|[from] psn
|-damage|p2a: Amoonguss|4/100 brn|[from] brn
|upkeep
|turn|57
|
|t:|1634846378
|switch|p2a: Chansey|Chansey, F|94/100
|-damage|p2a: Chansey|82/100|[from] Spikes
|move|p1a: Slowking|Psyshock|p2a: Chansey
|-damage|p2a: Chansey|64/100
|
|-damage|p1a: Slowking|46/100 tox|[from] psn
|upkeep
|turn|58
|
|t:|1634846383
|switch|p2a: Amoonguss|Amoonguss, M|38/100 brn
|-damage|p2a: Amoonguss|25/100 brn|[from] Spikes
|switch|p1a: Chansey|Chansey, F|63/100
|
|-damage|p2a: Amoonguss|19/100 brn|[from] brn
|upkeep
|turn|59
|
|t:|1634846386
|switch|p2a: Chansey|Chansey, F|64/100
|-damage|p2a: Chansey|51/100|[from] Spikes
|move|p1a: Chansey|Seismic Toss|p2a: Chansey
|-damage|p2a: Chansey|37/100
|
|upkeep
|turn|60
|
|t:|1634846388
|move|p1a: Chansey|Toxic|p2a: Chansey
|-status|p2a: Chansey|tox
|move|p2a: Chansey|Soft-Boiled|p2a: Chansey
|-heal|p2a: Chansey|87/100 tox
|
|-damage|p2a: Chansey|81/100 tox|[from] psn
|upkeep
|turn|61
|
|t:|1634846393
|move|p1a: Chansey|Wish|p1a: Chansey
|move|p2a: Chansey|Teleport|p2a: Chansey
|
|t:|1634846394
|-curestatus|p2a: Chansey|tox|[from] ability: Natural Cure
|switch|p2a: Amoonguss|Amoonguss, M|52/100 brn|[from]move: Teleport
|-damage|p2a: Amoonguss|40/100 brn|[from] Spikes
|
|-damage|p2a: Amoonguss|34/100 brn|[from] brn
|upkeep
|turn|62
|
|t:|1634846397
|switch|p2a: Chansey|Chansey, F|81/100
|-damage|p2a: Chansey|68/100|[from] Spikes
|move|p1a: Chansey|Seismic Toss|p2a: Chansey
|-damage|p2a: Chansey|54/100
|
|-heal|p1a: Chansey|100/100|[from] move: Wish|[wisher] Chansey
|upkeep
|turn|63
|
|t:|1634846400
|move|p1a: Chansey|Toxic|p2a: Chansey
|-status|p2a: Chansey|tox
|move|p2a: Chansey|Soft-Boiled|p2a: Chansey
|-heal|p2a: Chansey|100/100 tox
|
|-damage|p2a: Chansey|94/100 tox|[from] psn
|upkeep
|turn|64
|
|t:|1634846405
|move|p1a: Chansey|Seismic Toss|p2a: Chansey
|-damage|p2a: Chansey|80/100 tox
|move|p2a: Chansey|Toxic|p1a: Chansey
|-status|p1a: Chansey|tox
|
|-damage|p2a: Chansey|68/100 tox|[from] psn
|-damage|p1a: Chansey|94/100 tox|[from] psn
|upkeep
|turn|65
|
|t:|1634846408
|move|p1a: Chansey|Seismic Toss|p2a: Chansey
|-damage|p2a: Chansey|53/100 tox
|move|p2a: Chansey|Soft-Boiled|p2a: Chansey
|-heal|p2a: Chansey|100/100 tox
|
|-damage|p1a: Chansey|82/100 tox|[from] psn
|-damage|p2a: Chansey|82/100 tox|[from] psn
|upkeep
|turn|66
|
|t:|1634846415
|move|p1a: Chansey|Wish|p1a: Chansey
|move|p2a: Chansey|Seismic Toss|p1a: Chansey
|-damage|p1a: Chansey|68/100 tox
|
|-damage|p1a: Chansey|49/100 tox|[from] psn
|-damage|p2a: Chansey|57/100 tox|[from] psn
|upkeep
|turn|67
|
|t:|1634846423
|-curestatus|p1a: Chansey|tox|[from] ability: Natural Cure
|switch|p1a: Slowking|Slowking, F, shiny|79/100 tox
|move|p2a: Chansey|Teleport|p2a: Chansey
|
|t:|1634846425
|-curestatus|p2a: Chansey|tox|[from] ability: Natural Cure
|switch|p2a: Amoonguss|Amoonguss, M|67/100 brn|[from]move: Teleport
|-damage|p2a: Amoonguss|54/100 brn|[from] Spikes
|
|-heal|p1a: Slowking|100/100 tox|[from] move: Wish|[wisher] Chansey
|-damage|p1a: Slowking|94/100 tox|[from] psn
|-damage|p2a: Amoonguss|48/100 brn|[from] brn
|upkeep
|turn|68
|
|t:|1634846427
|switch|p2a: Chansey|Chansey, F|57/100
|-damage|p2a: Chansey|44/100|[from] Spikes
|move|p1a: Slowking|Psyshock|p2a: Chansey
|-damage|p2a: Chansey|26/100
|
|-damage|p1a: Slowking|82/100 tox|[from] psn
|upkeep
|turn|69
|
|t:|1634846429
|move|p2a: Chansey|Soft-Boiled|p2a: Chansey
|-heal|p2a: Chansey|76/100
|move|p1a: Slowking|Psyshock|p2a: Chansey
|-damage|p2a: Chansey|59/100
|
|-damage|p1a: Slowking|64/100 tox|[from] psn
|upkeep
|turn|70
|
|t:|1634846432
|move|p2a: Chansey|Soft-Boiled|p2a: Chansey
|-heal|p2a: Chansey|100/100
|move|p1a: Slowking|Teleport|p1a: Slowking
|
|t:|1634846435
|switch|p1a: Chansey|Chansey, F|49/100|[from]move: Teleport
|
|upkeep
|turn|71
|
|t:|1634846445
|move|p1a: Chansey|Soft-Boiled|p1a: Chansey
|-heal|p1a: Chansey|99/100
|move|p2a: Chansey|Seismic Toss|p1a: Chansey
|-damage|p1a: Chansey|85/100
|
|upkeep
|turn|72
|
|t:|1634846450
|move|p1a: Chansey|Toxic|p2a: Chansey
|-status|p2a: Chansey|tox
|move|p2a: Chansey|Toxic|p1a: Chansey
|-status|p1a: Chansey|tox
|
|-damage|p1a: Chansey|78/100 tox|[from] psn
|-damage|p2a: Chansey|94/100 tox|[from] psn
|upkeep
|turn|73
|
|t:|1634846457
|move|p1a: Chansey|Seismic Toss|p2a: Chansey
|-damage|p2a: Chansey|80/100 tox
|move|p2a: Chansey|Teleport|p2a: Chansey
|
|t:|1634846459
|-curestatus|p2a: Chansey|tox|[from] ability: Natural Cure
|switch|p2a: Amoonguss|Amoonguss, M|82/100 brn|[from]move: Teleport
|-damage|p2a: Amoonguss|69/100 brn|[from] Spikes
|
|-damage|p1a: Chansey|66/100 tox|[from] psn
|-damage|p2a: Amoonguss|63/100 brn|[from] brn
|upkeep
|turn|74
|
|t:|1634846463
|move|p1a: Chansey|Soft-Boiled|p1a: Chansey
|-heal|p1a: Chansey|100/100 tox
|move|p2a: Amoonguss|Giga Drain|p1a: Chansey
|-crit|p1a: Chansey
|-damage|p1a: Chansey|89/100 tox
|-heal|p2a: Amoonguss|72/100 brn|[from] drain|[of] p1a: Chansey
|
|-damage|p1a: Chansey|70/100 tox|[from] psn
|-damage|p2a: Amoonguss|66/100 brn|[from] brn
|upkeep
|turn|75
|
|t:|1634846470
|-curestatus|p1a: Chansey|tox|[from] ability: Natural Cure
|switch|p1a: Slowking|Slowking, F, shiny|97/100 tox
|move|p2a: Amoonguss|Giga Drain|p1a: Slowking
|-supereffective|p1a: Slowking
|-damage|p1a: Slowking|59/100 tox
|-heal|p2a: Amoonguss|83/100 brn|[from] drain|[of] p1a: Slowking
|
|-damage|p1a: Slowking|53/100 tox|[from] psn
|-damage|p2a: Amoonguss|77/100 brn|[from] brn
|upkeep
|turn|76
|
|t:|1634846474
|move|p2a: Amoonguss|Giga Drain|p1a: Slowking
|-supereffective|p1a: Slowking
|-damage|p1a: Slowking|15/100 tox
|-heal|p2a: Amoonguss|94/100 brn|[from] drain|[of] p1a: Slowking
|move|p1a: Slowking|Teleport|p1a: Slowking
|
|t:|1634846475
|switch|p1a: Chansey|Chansey, F|70/100|[from]move: Teleport
|
|-damage|p2a: Amoonguss|88/100 brn|[from] brn
|upkeep
|turn|77
|
|t:|1634846478
|move|p1a: Chansey|Wish|p1a: Chansey
|move|p2a: Amoonguss|Spore|p1a: Chansey
|-status|p1a: Chansey|slp|[from] move: Spore
|
|-damage|p2a: Amoonguss|82/100 brn|[from] brn
|upkeep
|turn|78
|
|t:|1634846483
|-curestatus|p1a: Chansey|slp|[from] ability: Natural Cure
|switch|p1a: Slowking|Slowking, F, shiny|48/100 tox
|move|p2a: Amoonguss|Foul Play|p1a: Slowking
|-supereffective|p1a: Slowking
|-damage|p1a: Slowking|39/100 tox
|
|-heal|p1a: Slowking|100/100 tox|[from] move: Wish|[wisher] Chansey
|-damage|p1a: Slowking|94/100 tox|[from] psn
|-damage|p2a: Amoonguss|76/100 brn|[from] brn
|upkeep
|turn|79
|
|t:|1634846490
|switch|p2a: Chansey|Chansey, F|80/100
|-damage|p2a: Chansey|68/100|[from] Spikes
|move|p1a: Slowking|Future Sight|p2a: Chansey
|-start|p1a: Slowking|move: Future Sight
|
|-damage|p1a: Slowking|82/100 tox|[from] psn
|upkeep
|turn|80
|
|t:|1634846492
|move|p2a: Chansey|Toxic|p1a: Slowking
|-fail|p1a: Slowking|tox
|move|p1a: Slowking|Psyshock|p2a: Chansey
|-damage|p2a: Chansey|50/100
|
|-damage|p1a: Slowking|64/100 tox|[from] psn
|upkeep
|turn|81
|
|t:|1634846494
|move|p2a: Chansey|Soft-Boiled|p2a: Chansey
|-heal|p2a: Chansey|100/100
|move|p1a: Slowking|Teleport|p1a: Slowking
|
|t:|1634846501
|switch|p1a: Chansey|Chansey, F|70/100|[from]move: Teleport
|
|-end|p2a: Chansey|move: Future Sight
|-damage|p2a: Chansey|88/100
|upkeep
|turn|82
|
|t:|1634846508
|move|p2a: Chansey|Toxic|p1a: Chansey
|-status|p1a: Chansey|tox
|move|p1a: Chansey|Toxic|p2a: Chansey
|-status|p2a: Chansey|tox
|
|-damage|p2a: Chansey|82/100 tox|[from] psn
|-damage|p1a: Chansey|64/100 tox|[from] psn
|upkeep
|turn|83
|
|t:|1634846511
|move|p1a: Chansey|Seismic Toss|p2a: Chansey
|-damage|p2a: Chansey|68/100 tox
|move|p2a: Chansey|Teleport|p2a: Chansey
|
|t:|1634846513
|-curestatus|p2a: Chansey|tox|[from] ability: Natural Cure
|switch|p2a: Amoonguss|Amoonguss, M|100/100 brn|[from]move: Teleport
|-damage|p2a: Amoonguss|88/100 brn|[from] Spikes
|
|-damage|p1a: Chansey|51/100 tox|[from] psn
|-damage|p2a: Amoonguss|82/100 brn|[from] brn
|upkeep
|turn|84
|
|t:|1634846517
|-curestatus|p1a: Chansey|tox|[from] ability: Natural Cure
|switch|p1a: Slowking|Slowking, F, shiny|97/100 tox
|move|p2a: Amoonguss|Giga Drain|p1a: Slowking
|-supereffective|p1a: Slowking
|-damage|p1a: Slowking|58/100 tox
|-heal|p2a: Amoonguss|99/100 brn|[from] drain|[of] p1a: Slowking
|
|-damage|p1a: Slowking|52/100 tox|[from] psn
|-damage|p2a: Amoonguss|94/100 brn|[from] brn
|upkeep
|turn|85
|
|t:|1634846520
|move|p2a: Amoonguss|Giga Drain|p1a: Slowking
|-supereffective|p1a: Slowking
|-damage|p1a: Slowking|15/100 tox
|-heal|p2a: Amoonguss|100/100 brn|[from] drain|[of] p1a: Slowking
|move|p1a: Slowking|Psyshock|p2a: Amoonguss
|-supereffective|p2a: Amoonguss
|-damage|p2a: Amoonguss|58/100 brn
|
|-damage|p1a: Slowking|3/100 tox|[from] psn
|-damage|p2a: Amoonguss|52/100 brn|[from] brn
|upkeep
|turn|86
|
|t:|1634846524
|switch|p1a: Chansey|Chansey, F|51/100
|move|p2a: Amoonguss|Spore|p1a: Chansey
|-status|p1a: Chansey|slp|[from] move: Spore
|
|-damage|p2a: Amoonguss|46/100 brn|[from] brn
|upkeep
|turn|87
|
|t:|1634846532
|switch|p2a: Chansey|Chansey, F|68/100
|-damage|p2a: Chansey|55/100|[from] Spikes
|cant|p1a: Chansey|slp
|
|upkeep
|turn|88
|
|t:|1634846534
|cant|p1a: Chansey|slp
|move|p2a: Chansey|Seismic Toss|p1a: Chansey
|-damage|p1a: Chansey|37/100 slp
|
|upkeep
|turn|89
|
|t:|1634846544
|switch|p2a: Amoonguss|Amoonguss, M|79/100 brn
|-damage|p2a: Amoonguss|67/100 brn|[from] Spikes
|-curestatus|p1a: Chansey|slp|[msg]
|move|p1a: Chansey|Soft-Boiled|p1a: Chansey
|-heal|p1a: Chansey|87/100
|
|-damage|p2a: Amoonguss|60/100 brn|[from] brn
|upkeep
|turn|90
|
|t:|1634846546
|move|p1a: Chansey|Seismic Toss|p2a: Amoonguss
|-damage|p2a: Amoonguss|37/100 brn
|-damage|p1a: Chansey|71/100|[from] item: Rocky Helmet|[of] p2a: Amoonguss
|move|p2a: Amoonguss|Spore|p1a: Chansey
|-status|p1a: Chansey|slp|[from] move: Spore
|
|-damage|p2a: Amoonguss|31/100 brn|[from] brn
|upkeep
|turn|91
|
|t:|1634846550
|switch|p2a: Chansey|Chansey, F|55/100
|-damage|p2a: Chansey|43/100|[from] Spikes
|cant|p1a: Chansey|slp
|
|upkeep
|turn|92
|
|t:|1634846554
|-curestatus|p1a: Chansey|slp|[msg]
|move|p1a: Chansey|Seismic Toss|p2a: Chansey
|-damage|p2a: Chansey|28/100
|move|p2a: Chansey|Seismic Toss|p1a: Chansey
|-damage|p1a: Chansey|56/100
|
|upkeep
|turn|93
|
|t:|1634846561
|move|p1a: Chansey|Seismic Toss|p2a: Chansey
|-damage|p2a: Chansey|14/100
|move|p2a: Chansey|Soft-Boiled|p2a: Chansey
|-heal|p2a: Chansey|64/100
|
|upkeep
|turn|94
|
|t:|1634846563
|move|p1a: Chansey|Toxic|p2a: Chansey
|-status|p2a: Chansey|tox
|move|p2a: Chansey|Toxic|p1a: Chansey
|-status|p1a: Chansey|tox
|
|-damage|p2a: Chansey|58/100 tox|[from] psn
|-damage|p1a: Chansey|50/100 tox|[from] psn
|upkeep
|turn|95
|
|t:|1634846566
|move|p1a: Chansey|Soft-Boiled|p1a: Chansey
|-heal|p1a: Chansey|99/100 tox
|move|p2a: Chansey|Teleport|p2a: Chansey
|
|t:|1634846569
|-curestatus|p2a: Chansey|tox|[from] ability: Natural Cure
|switch|p2a: Amoonguss|Amoonguss, M|64/100 brn|[from]move: Teleport
|-damage|p2a: Amoonguss|52/100 brn|[from] Spikes
|
|-damage|p1a: Chansey|88/100 tox|[from] psn
|-damage|p2a: Amoonguss|46/100 brn|[from] brn
|upkeep
|turn|96
|
|t:|1634846574
|switch|p2a: Chansey|Chansey, F|58/100
|-damage|p2a: Chansey|46/100|[from] Spikes
|move|p1a: Chansey|Wish|p1a: Chansey
|
|-damage|p1a: Chansey|69/100 tox|[from] psn
|upkeep
|turn|97
|
|t:|1634846576
|-curestatus|p1a: Chansey|tox|[from] ability: Natural Cure
|switch|p1a: Slowking|Slowking, F, shiny|36/100 tox
|move|p2a: Chansey|Soft-Boiled|p2a: Chansey
|-heal|p2a: Chansey|96/100
|
|-heal|p1a: Slowking|100/100 tox|[from] move: Wish|[wisher] Chansey
|-damage|p1a: Slowking|94/100 tox|[from] psn
|upkeep
|turn|98
|
|t:|1634846582
|move|p2a: Chansey|Seismic Toss|p1a: Slowking
|-damage|p1a: Slowking|69/100 tox
|move|p1a: Slowking|Psyshock|p2a: Chansey
|-damage|p2a: Chansey|78/100
|
|-damage|p1a: Slowking|57/100 tox|[from] psn
|upkeep
|turn|99
|
|t:|1634846589
|move|p2a: Chansey|Teleport|p2a: Chansey
|
|t:|1634846590
|switch|p2a: Amoonguss|Amoonguss, M|79/100 brn|[from]move: Teleport
|-damage|p2a: Amoonguss|66/100 brn|[from] Spikes
|move|p1a: Slowking|Teleport|p1a: Slowking
|
|t:|1634846595
|switch|p1a: Chansey|Chansey, F|69/100|[from]move: Teleport
|
|-damage|p2a: Amoonguss|60/100 brn|[from] brn
|upkeep
|turn|100
|
|t:|1634846597
|move|p1a: Chansey|Seismic Toss|p2a: Amoonguss
|-damage|p2a: Amoonguss|37/100 brn
|-damage|p1a: Chansey|52/100|[from] item: Rocky Helmet|[of] p2a: Amoonguss
|move|p2a: Amoonguss|Sludge Bomb|p1a: Chansey
|-damage|p1a: Chansey|44/100
|-status|p1a: Chansey|psn
|
|-damage|p1a: Chansey|32/100 psn|[from] psn
|-damage|p2a: Amoonguss|31/100 brn|[from] brn
|upkeep
|turn|101
|
|t:|1634846600
|switch|p2a: Chansey|Chansey, F|78/100
|-damage|p2a: Chansey|66/100|[from] Spikes
|move|p1a: Chansey|Soft-Boiled|p1a: Chansey
|-heal|p1a: Chansey|82/100 psn
|
|-damage|p1a: Chansey|69/100 psn|[from] psn
|upkeep
|turn|102
|
|t:|1634846603
|move|p1a: Chansey|Toxic|p2a: Chansey
|-status|p2a: Chansey|tox
|move|p2a: Chansey|Teleport|p2a: Chansey
|
|t:|1634846604
|-curestatus|p2a: Chansey|tox|[from] ability: Natural Cure
|switch|p2a: Amoonguss|Amoonguss, M|64/100 brn|[from]move: Teleport
|-damage|p2a: Amoonguss|52/100 brn|[from] Spikes
|
|-damage|p1a: Chansey|57/100 psn|[from] psn
|-damage|p2a: Amoonguss|45/100 brn|[from] brn
|upkeep
|turn|103
|
|t:|1634846607
|move|p1a: Chansey|Wish|p1a: Chansey
|move|p2a: Amoonguss|Giga Drain|p1a: Chansey
|-damage|p1a: Chansey|50/100 psn
|-heal|p2a: Amoonguss|51/100 brn|[from] drain|[of] p1a: Chansey
|
|-damage|p1a: Chansey|37/100 psn|[from] psn
|-damage|p2a: Amoonguss|45/100 brn|[from] brn
|upkeep
|turn|104
|
|t:|1634846610
|move|p1a: Chansey|Seismic Toss|p2a: Amoonguss
|-damage|p2a: Amoonguss|22/100 brn
|-damage|p1a: Chansey|21/100 psn|[from] item: Rocky Helmet|[of] p2a: Amoonguss
|move|p2a: Amoonguss|Giga Drain|p1a: Chansey
|-damage|p1a: Chansey|14/100 psn
|-heal|p2a: Amoonguss|27/100 brn|[from] drain|[of] p1a: Chansey
|
|-heal|p1a: Chansey|64/100 psn|[from] move: Wish|[wisher] Chansey
|-damage|p1a: Chansey|51/100 psn|[from] psn
|-damage|p2a: Amoonguss|21/100 brn|[from] brn
|upkeep
|turn|105
|
|t:|1634846614
|switch|p2a: Chansey|Chansey, F|66/100
|-damage|p2a: Chansey|53/100|[from] Spikes
|move|p1a: Chansey|Soft-Boiled|p1a: Chansey
|-heal|p1a: Chansey|100/100 psn
|
|-damage|p1a: Chansey|88/100 psn|[from] psn
|upkeep
|turn|106
|
|t:|1634846616
|move|p1a: Chansey|Toxic|p2a: Chansey
|-status|p2a: Chansey|tox
|move|p2a: Chansey|Teleport|p2a: Chansey
|
|t:|1634846618
|-curestatus|p2a: Chansey|tox|[from] ability: Natural Cure
|switch|p2a: Amoonguss|Amoonguss, M|54/100 brn|[from]move: Teleport
|-damage|p2a: Amoonguss|42/100 brn|[from] Spikes
|
|-damage|p1a: Chansey|75/100 psn|[from] psn
|-damage|p2a: Amoonguss|35/100 brn|[from] brn
|upkeep
|turn|107
|
|t:|1634846620
|-curestatus|p1a: Chansey|psn|[from] ability: Natural Cure
|switch|p1a: Slowking|Slowking, F, shiny|90/100 tox
|switch|p2a: Chansey|Chansey, F|53/100
|-damage|p2a: Chansey|41/100|[from] Spikes
|
|-damage|p1a: Slowking|84/100 tox|[from] psn
|upkeep
|turn|108
|
|t:|1634846624
|move|p2a: Chansey|Soft-Boiled|p2a: Chansey
|-heal|p2a: Chansey|91/100
|move|p1a: Slowking|Psyshock|p2a: Chansey
|-damage|p2a: Chansey|72/100
|
|-damage|p1a: Slowking|72/100 tox|[from] psn
|upkeep
|turn|109
|
|t:|1634846635
|move|p2a: Chansey|Seismic Toss|p1a: Slowking
|-damage|p1a: Slowking|46/100 tox
|move|p1a: Slowking|Teleport|p1a: Slowking
|
|t:|1634846637
|switch|p1a: Chansey|Chansey, F|75/100|[from]move: Teleport
|
|upkeep
|turn|110
|
|t:|1634846641
|switch|p1a: Slowking|Slowking, F, shiny|80/100 tox
|move|p2a: Chansey|Toxic|p1a: Slowking
|-fail|p1a: Slowking|tox
|
|-damage|p1a: Slowking|74/100 tox|[from] psn
|upkeep
|turn|111
|
|t:|1634846645
|move|p2a: Chansey|Seismic Toss|p1a: Slowking
|-damage|p1a: Slowking|48/100 tox
|move|p1a: Slowking|Teleport|p1a: Slowking
|
|t:|1634846647
|switch|p1a: Chansey|Chansey, F|75/100|[from]move: Teleport
|
|upkeep
|turn|112
|
|t:|1634846649
|switch|p1a: Slowking|Slowking, F, shiny|81/100 tox
|move|p2a: Chansey|Toxic|p1a: Slowking
|-fail|p1a: Slowking|tox
|
|-damage|p1a: Slowking|75/100 tox|[from] psn
|upkeep
|turn|113
|
|t:|1634846653
|move|p2a: Chansey|Seismic Toss|p1a: Slowking
|-damage|p1a: Slowking|50/100 tox
|move|p1a: Slowking|Teleport|p1a: Slowking
|
|t:|1634846654
|switch|p1a: Chansey|Chansey, F|75/100|[from]move: Teleport
|
|upkeep
|turn|114
|
|t:|1634846658
|move|p1a: Chansey|Toxic|p2a: Chansey
|-status|p2a: Chansey|tox
|move|p2a: Chansey|Seismic Toss|p1a: Chansey
|-damage|p1a: Chansey|61/100
|
|-damage|p2a: Chansey|66/100 tox|[from] psn
|upkeep
|turn|115
|
|t:|1634846660
|switch|p1a: Slowking|Slowking, F, shiny|83/100 tox
|move|p2a: Chansey|Toxic|p1a: Slowking
|-fail|p1a: Slowking|tox
|
|-damage|p2a: Chansey|53/100 tox|[from] psn
|-damage|p1a: Slowking|77/100 tox|[from] psn
|upkeep
|turn|116
|
|t:|1634846664
|move|p2a: Chansey|Soft-Boiled|p2a: Chansey
|-heal|p2a: Chansey|100/100 tox
|move|p1a: Slowking|Teleport|p1a: Slowking
|
|t:|1634846666
|switch|p1a: Chansey|Chansey, F|61/100|[from]move: Teleport
|
|-damage|p2a: Chansey|82/100 tox|[from] psn
|upkeep
|turn|117
|
|t:|1634846671
|switch|p1a: Slowking|Slowking, F, shiny|100/100 tox
|move|p2a: Chansey|Teleport|p2a: Chansey
|
|t:|1634846672
|-curestatus|p2a: Chansey|tox|[from] ability: Natural Cure
|switch|p2a: Amoonguss|Amoonguss, M|69/100 brn|[from]move: Teleport
|-damage|p2a: Amoonguss|56/100 brn|[from] Spikes
|
|-damage|p1a: Slowking|94/100 tox|[from] psn
|-damage|p2a: Amoonguss|50/100 brn|[from] brn
|upkeep
|turn|118
|
|t:|1634846675
|switch|p2a: Chansey|Chansey, F|82/100
|-damage|p2a: Chansey|69/100|[from] Spikes
|move|p1a: Slowking|Psyshock|p2a: Chansey
|-damage|p2a: Chansey|52/100
|
|-damage|p1a: Slowking|82/100 tox|[from] psn
|upkeep
|turn|119
|
|t:|1634846679
|move|p2a: Chansey|Seismic Toss|p1a: Slowking
|-damage|p1a: Slowking|57/100 tox
|move|p1a: Slowking|Teleport|p1a: Slowking
|
|t:|1634846681
|switch|p1a: Chansey|Chansey, F|61/100|[from]move: Teleport
|
|upkeep
|turn|120
|
|t:|1634846683
|switch|p1a: Slowking|Slowking, F, shiny|90/100 tox
|move|p2a: Chansey|Toxic|p1a: Slowking|[miss]
|-miss|p2a: Chansey|p1a: Slowking
|
|-damage|p1a: Slowking|84/100 tox|[from] psn
|upkeep
|turn|121
|
|t:|1634846686
|move|p2a: Chansey|Seismic Toss|p1a: Slowking
|-damage|p1a: Slowking|59/100 tox
|move|p1a: Slowking|Teleport|p1a: Slowking
|
|t:|1634846688
|switch|p1a: Chansey|Chansey, F|61/100|[from]move: Teleport
|
|upkeep
|turn|122
|
|t:|1634846691
|move|p2a: Chansey|Toxic|p1a: Chansey
|-status|p1a: Chansey|tox
|move|p1a: Chansey|Toxic|p2a: Chansey
|-status|p2a: Chansey|tox
|
|-damage|p1a: Chansey|55/100 tox|[from] psn
|-damage|p2a: Chansey|46/100 tox|[from] psn
|upkeep
|turn|123
|
|t:|1634846694
|-curestatus|p1a: Chansey|tox|[from] ability: Natural Cure
|switch|p1a: Slowking|Slowking, F, shiny|92/100 tox
|move|p2a: Chansey|Soft-Boiled|p2a: Chansey
|-heal|p2a: Chansey|96/100 tox
|
|-damage|p2a: Chansey|83/100 tox|[from] psn
|-damage|p1a: Slowking|86/100 tox|[from] psn
|upkeep
|turn|124
|
|t:|1634846700
|move|p1a: Slowking|Psyshock|p2a: Chansey
|-damage|p2a: Chansey|65/100 tox
|move|p2a: Chansey|Teleport|p2a: Chansey
|
|t:|1634846702
|-curestatus|p2a: Chansey|tox|[from] ability: Natural Cure
|switch|p2a: Amoonguss|Amoonguss, M|83/100 brn|[from]move: Teleport
|-damage|p2a: Amoonguss|71/100 brn|[from] Spikes
|
|-damage|p1a: Slowking|74/100 tox|[from] psn
|-damage|p2a: Amoonguss|65/100 brn|[from] brn
|upkeep
|turn|125
|
|t:|1634846704
|switch|p2a: Chansey|Chansey, F|65/100
|-damage|p2a: Chansey|53/100|[from] Spikes
|move|p1a: Slowking|Future Sight|p2a: Chansey
|-start|p1a: Slowking|move: Future Sight
|
|-damage|p1a: Slowking|55/100 tox|[from] psn
|upkeep
|turn|126
|
|t:|1634846709
|switch|p1a: Chansey|Chansey, F|55/100
|move|p2a: Chansey|Soft-Boiled|p2a: Chansey
|-heal|p2a: Chansey|100/100
|
|upkeep
|turn|127
|
|t:|1634846713
|move|p1a: Chansey|Soft-Boiled|p1a: Chansey
|-heal|p1a: Chansey|100/100
|move|p2a: Chansey|Teleport|p2a: Chansey
|
|t:|1634846715
|switch|p2a: Amoonguss|Amoonguss, M|98/100 brn|[from]move: Teleport
|-damage|p2a: Amoonguss|85/100 brn|[from] Spikes
|
|-end|p2a: Amoonguss|move: Future Sight
|-supereffective|p2a: Amoonguss
|-damage|p2a: Amoonguss|9/100 brn
|-damage|p2a: Amoonguss|3/100 brn|[from] brn
|upkeep
|turn|128
|
|t:|1634846717
|switch|p1a: Slowking|Slowking, F, shiny|89/100 tox
|move|p2a: Amoonguss|Spore||[still]
|-fail|p2a: Amoonguss
|
|-damage|p1a: Slowking|82/100 tox|[from] psn
|-damage|p2a: Amoonguss|0 fnt|[from] brn
|faint|p2a: Amoonguss
|upkeep
|l|☆Xoyjaz
|inactive|Xoyjaz disconnected and has a minute to reconnect!
|player|p2|
|inactive|Xoyjaz has 30 seconds to reconnect!
|inactive|Xoyjaz has 20 seconds to reconnect!
|inactive|Xoyjaz has 15 seconds to reconnect!
|inactive|Xoyjaz has 10 seconds to reconnect!
|inactive|Xoyjaz has 5 seconds to reconnect!
|-message|Xoyjaz lost due to inactivity.
|
|win|sableyefan77
|raw|sableyefan77's rating: 1335 &rarr; <strong>1360</strong><br />(+25 for winning)
|raw|Xoyjaz's rating: 1421 &rarr; <strong>1396</strong><br />(-25 for losing)
