|j|☆Verstraeten
|j|☆luc ario power
|t:|1651615065
|gametype|singles
|player|p1|Verstraeten|scientist|1263
|player|p2|luc ario power|birdkeeper-gen4dp|1374
|teamsize|p1|6
|teamsize|p2|6
|gen|8
|tier|[Gen 8] UU
|rated|
|rule|Sleep Clause Mod: Limit one foe put to sleep
|rule|Species Clause: Limit one of each Pokémon
|rule|OHKO Clause: OHKO moves are banned
|rule|Evasion Moves Clause: Evasion moves are banned
|rule|Endless Battle Clause: Forcing endless battles is banned
|rule|HP Percentage Mod: HP is shown in percentages
|rule|Dynamax Clause: You cannot dynamax
|clearpoke
|poke|p1|Charizard, M|
|poke|p1|Obstagoon, M|
|poke|p1|Tsareena, F|
|poke|p1|Galvantula, F|
|poke|p1|Salamence, M|
|poke|p1|Cloyster, F|
|poke|p2|Aegislash, F|
|poke|p2|Rotom-Heat|
|poke|p2|Primarina, M|
|poke|p2|Mandibuzz, F|
|poke|p2|Conkeldurr, F|
|poke|p2|Celebi|
|teampreview
|c|☆Verstraeten|glhf!
|inactive|Battle timer is ON: inactive players will automatically lose when time's up. (requested by Verstraeten)
|c|☆luc ario power|u2!
|
|t:|1651615091
|start
|switch|p1a: Galvan-Eyes|Galvantula, F, shiny|100/100
|switch|p2a: Rotom|Rotom-Heat|100/100
|turn|1
|
|t:|1651615094
|move|p1a: Galvan-Eyes|Sticky Web|p2a: Rotom
|-sidestart|p2: luc ario power|move: Sticky Web
|move|p2a: Rotom|Overheat|p1a: Galvan-Eyes
|-supereffective|p1a: Galvan-Eyes
|-enditem|p1a: Galvan-Eyes|Focus Sash
|-damage|p1a: Galvan-Eyes|1/100
|-unboost|p2a: Rotom|spa|2
|
|upkeep
|turn|2
|
|t:|1651615107
|switch|p1a: Salamenace|Salamence, M|100/100
|move|p2a: Rotom|Defog|p1a: Salamenace
|-unboost|p1a: Salamenace|evasion|1
|-sideend|p2: luc ario power|Sticky Web|[from] move: Defog|[of] p2a: Rotom
|
|upkeep
|turn|3
|
|t:|1651615109
|move|p1a: Salamenace|Dragon Dance|p1a: Salamenace
|-boost|p1a: Salamenace|atk|1
|-boost|p1a: Salamenace|spe|1
|move|p2a: Rotom|Volt Switch|p1a: Salamenace
|-damage|p1a: Salamenace|85/100
|
|t:|1651615122
|switch|p2a: Primarina|Primarina, M|100/100|[from]move: Volt Switch
|
|-heal|p1a: Salamenace|91/100|[from] item: Leftovers
|upkeep
|turn|4
|
|t:|1651615124
|move|p1a: Salamenace|Fly||[still]
|-prepare|p1a: Salamenace|Fly
|move|p2a: Primarina|Moonblast|p1a: Salamenace|[miss]
|-miss|p2a: Primarina|p1a: Salamenace
|
|-heal|p1a: Salamenace|97/100|[from] item: Leftovers
|upkeep
|turn|5
|
|t:|1651615131
|move|p1a: Salamenace|Fly|p2a: Primarina|[from]lockedmove
|-damage|p2a: Primarina|0 fnt
|faint|p2a: Primarina
|-ability|p1a: Salamenace|Moxie|boost
|-boost|p1a: Salamenace|atk|1
|
|-heal|p1a: Salamenace|100/100|[from] item: Leftovers
|upkeep
|
|t:|1651615140
|switch|p2a: Mandibuzz|Mandibuzz, F|100/100
|turn|6
|
|t:|1651615142
|move|p1a: Salamenace|Fly||[still]
|-prepare|p1a: Salamenace|Fly
|move|p2a: Mandibuzz|Foul Play|p1a: Salamenace|[miss]
|-miss|p2a: Mandibuzz|p1a: Salamenace
|
|upkeep
|turn|7
|
|t:|1651615144
|move|p1a: Salamenace|Fly|p2a: Mandibuzz|[from]lockedmove
|-damage|p2a: Mandibuzz|50/100
|move|p2a: Mandibuzz|Foul Play|p1a: Salamenace
|-damage|p1a: Salamenace|0 fnt
|faint|p1a: Salamenace
|
|-heal|p2a: Mandibuzz|56/100|[from] item: Leftovers
|upkeep
|
|t:|1651615147
|switch|p1a: ProfessionalGoon|Obstagoon, M, shiny|100/100
|turn|8
|
|t:|1651615166
|move|p1a: ProfessionalGoon|Knock Off|p2a: Mandibuzz
|-resisted|p2a: Mandibuzz
|-damage|p2a: Mandibuzz|44/100
|-enditem|p2a: Mandibuzz|Leftovers|[from] move: Knock Off|[of] p1a: ProfessionalGoon
|move|p2a: Mandibuzz|U-turn|p1a: ProfessionalGoon
|-supereffective|p1a: ProfessionalGoon
|-damage|p1a: ProfessionalGoon|75/100
|
|t:|1651615171
|switch|p2a: gramps|Conkeldurr, F|100/100|[from]move: U-turn
|
|-status|p1a: ProfessionalGoon|brn|[from] item: Flame Orb
|-status|p2a: gramps|brn|[from] item: Flame Orb
|upkeep
|turn|9
|c|☆luc ario power|honestly fly is a big brain play very scary
|
|t:|1651615198
|move|p2a: gramps|Mach Punch|p1a: ProfessionalGoon
|-supereffective|p1a: ProfessionalGoon
|-damage|p1a: ProfessionalGoon|0 fnt
|faint|p1a: ProfessionalGoon
|
|-damage|p2a: gramps|94/100 brn|[from] brn
|upkeep
|
|t:|1651615200
|switch|p1a: #Slay|Tsareena, F, shiny|100/100
|turn|10
|
|t:|1651615208
|move|p1a: #Slay|Knock Off|p2a: gramps
|-resisted|p2a: gramps
|-damage|p2a: gramps|76/100 brn
|-enditem|p2a: gramps|Flame Orb|[from] move: Knock Off|[of] p1a: #Slay
|move|p2a: gramps|Facade|p1a: #Slay
|-damage|p1a: #Slay|5/100
|
|-heal|p1a: #Slay|11/100|[from] item: Leftovers
|-damage|p2a: gramps|70/100 brn|[from] brn
|upkeep
|turn|11
|c|☆Verstraeten|Combined with leftovers it can be pretty strategic!
|
|t:|1651615220
|move|p2a: gramps|Mach Punch||[still]
|cant|p1a: #Slay|ability: Queenly Majesty|Mach Punch|[of] p2a: gramps
|move|p1a: #Slay|Seed Bomb|p2a: gramps
|-damage|p2a: gramps|29/100 brn
|
|-heal|p1a: #Slay|17/100|[from] item: Leftovers
|-damage|p2a: gramps|23/100 brn|[from] brn
|upkeep
|turn|12
|
|t:|1651615226
|switch|p2a: Rotom|Rotom-Heat|100/100
|move|p1a: #Slay|Seed Bomb|p2a: Rotom
|-resisted|p2a: Rotom
|-damage|p2a: Rotom|79/100
|
|-heal|p1a: #Slay|23/100|[from] item: Leftovers
|upkeep
|turn|13
|
|t:|1651615232
|move|p1a: #Slay|Knock Off|p2a: Rotom
|-damage|p2a: Rotom|41/100
|-enditem|p2a: Rotom|Heavy-Duty Boots|[from] move: Knock Off|[of] p1a: #Slay
|move|p2a: Rotom|Overheat|p1a: #Slay
|-supereffective|p1a: #Slay
|-damage|p1a: #Slay|0 fnt
|-unboost|p2a: Rotom|spa|2
|faint|p1a: #Slay
|
|upkeep
|
|t:|1651615235
|switch|p1a: EddieIzard|Charizard, M, shiny|100/100
|turn|14
|c|☆luc ario power|oh i can def see that
|
|t:|1651615243
|move|p1a: EddieIzard|Dual Wingbeat|p2a: Rotom|[miss]
|-miss|p1a: EddieIzard|p2a: Rotom
|move|p2a: Rotom|Pain Split|p1a: EddieIzard
|-sethp|p1a: EddieIzard|71/100|[from] move: Pain Split|[silent]
|-sethp|p2a: Rotom|70/100|[from] move: Pain Split
|
|-heal|p1a: EddieIzard|77/100|[from] item: Leftovers
|upkeep
|turn|15
|
|t:|1651615252
|move|p1a: EddieIzard|Belly Drum|p1a: EddieIzard
|-damage|p1a: EddieIzard|27/100
|-setboost|p1a: EddieIzard|atk|6|[from] move: Belly Drum
|move|p2a: Rotom|Pain Split|p1a: EddieIzard
|-sethp|p1a: EddieIzard|49/100|[from] move: Pain Split|[silent]
|-sethp|p2a: Rotom|48/100|[from] move: Pain Split
|
|-heal|p1a: EddieIzard|55/100|[from] item: Leftovers
|upkeep
|turn|16
|
|t:|1651615257
|move|p1a: EddieIzard|Dual Wingbeat|p2a: Rotom
|-resisted|p2a: Rotom
|-damage|p2a: Rotom|16/100
|-resisted|p2a: Rotom
|-damage|p2a: Rotom|0 fnt
|faint|p2a: Rotom
|-hitcount|p2: Rotom|2
|
|-heal|p1a: EddieIzard|61/100|[from] item: Leftovers
|upkeep
|
|t:|1651615270
|switch|p2a: gilgamesh|Aegislash, F|100/100
|turn|17
|
|t:|1651615274
|move|p2a: gilgamesh|King's Shield|p2a: gilgamesh
|-singleturn|p2a: gilgamesh|Protect
|move|p1a: EddieIzard|Earthquake|p2a: gilgamesh
|-activate|p2a: gilgamesh|move: Protect
|
|-heal|p1a: EddieIzard|68/100|[from] item: Leftovers
|upkeep
|turn|18
|
|t:|1651615282
|move|p1a: EddieIzard|Earthquake|p2a: gilgamesh
|-supereffective|p2a: gilgamesh
|-damage|p2a: gilgamesh|0 fnt
|faint|p2a: gilgamesh
|
|-heal|p1a: EddieIzard|74/100|[from] item: Leftovers
|upkeep
|
|t:|1651615288
|switch|p2a: gramps|Conkeldurr, F|23/100 brn
|turn|19
|
|t:|1651615291
|move|p2a: gramps|Mach Punch|p1a: EddieIzard
|-resisted|p1a: EddieIzard
|-damage|p1a: EddieIzard|51/100
|move|p1a: EddieIzard|Fire Punch|p2a: gramps
|-damage|p2a: gramps|0 fnt
|faint|p2a: gramps
|
|-heal|p1a: EddieIzard|57/100|[from] item: Leftovers
|upkeep
|c|☆luc ario power|honestly i threw the game there with the second pain split gg
|c|☆Verstraeten|gg!
|-message|luc ario power forfeited.
|
|win|Verstraeten
|raw|Verstraeten's rating: 1263 &rarr; <strong>1296</strong><br />(+33 for winning)
|raw|luc ario power's rating: 1374 &rarr; <strong>1348</strong><br />(-26 for losing)
|l|☆luc ario power
