|j|☆RolitoBR
|j|☆rulky
|t:|1667055055
|gametype|singles
|player|p1|RolitoBR|nate|1558
|player|p2|rulky|maid|1693
|teamsize|p1|6
|teamsize|p2|6
|gen|8
|tier|[Gen 8] UU
|rated|
|rule|Sleep Clause Mod: Limit one foe put to sleep
|rule|Species Clause: Limit one of each Pokémon
|rule|OHKO Clause: OHKO moves are banned
|rule|Evasion Items Clause: Evasion items are banned
|rule|Evasion Moves Clause: Evasion moves are banned
|rule|Endless Battle Clause: Forcing endless battles is banned
|rule|HP Percentage Mod: HP is shown in percentages
|rule|Dynamax Clause: You cannot dynamax
|clearpoke
|poke|p1|Togekiss, F|
|poke|p1|Hippowdon, F|
|poke|p1|Mandibuzz, F|
|poke|p1|Jirachi|
|poke|p1|Zygarde-10%|
|poke|p1|Slowking, M|
|poke|p2|Zygarde-10%|
|poke|p2|Cobalion|
|poke|p2|Golisopod, M|
|poke|p2|Reuniclus, F|
|poke|p2|Chansey, F|
|poke|p2|Salamence, M|
|teampreview
|
|t:|1667055072
|start
|switch|p1a: Togekiss|Togekiss, F, shiny|100/100
|switch|p2a: Golisopod|Golisopod, M|100/100
|turn|1
|
|t:|1667055080
|switch|p2a: Chansey|Chansey, F|100/100
|move|p1a: Togekiss|Air Slash|p2a: Chansey
|-damage|p2a: Chansey|90/100
|
|upkeep
|turn|2
|
|t:|1667055087
|switch|p1a: Jirachi|Jirachi, shiny|100/100
|move|p2a: Chansey|Toxic|p1a: Jirachi
|-immune|p1a: Jirachi
|
|upkeep
|turn|3
|
|t:|1667055093
|switch|p2a: Golisopod|Golisopod, M|100/100
|move|p1a: Jirachi|Thunder Wave|p2a: Golisopod
|-status|p2a: Golisopod|par
|
|upkeep
|turn|4
|
|t:|1667055115
|switch|p1a: Slowking|Slowking, M|100/100
|move|p2a: Golisopod|Knock Off|p1a: Slowking
|-supereffective|p1a: Slowking
|-enditem|p1a: Slowking|Colbur Berry|[eat]
|-enditem|p1a: Slowking|Colbur Berry|[weaken]
|-damage|p1a: Slowking|74/100
|
|upkeep
|turn|5
|
|t:|1667055121
|move|p2a: Golisopod|Spikes|p1a: Slowking
|-sidestart|p1: RolitoBR|Spikes
|move|p1a: Slowking|Psyshock|p2a: Golisopod
|-damage|p2a: Golisopod|79/100 par
|
|upkeep
|turn|6
|
|t:|1667055127
|move|p2a: Golisopod|Knock Off|p1a: Slowking
|-supereffective|p1a: Slowking
|-damage|p1a: Slowking|37/100
|move|p1a: Slowking|Psyshock|p2a: Golisopod
|-damage|p2a: Golisopod|59/100 par
|
|upkeep
|turn|7
|
|t:|1667055137
|switch|p1a: Togekiss|Togekiss, F, shiny|100/100
|move|p2a: Golisopod|Knock Off|p1a: Togekiss
|-resisted|p1a: Togekiss
|-damage|p1a: Togekiss|82/100
|-enditem|p1a: Togekiss|Heavy-Duty Boots|[from] move: Knock Off|[of] p2a: Golisopod
|
|upkeep
|turn|8
|
|t:|1667055144
|switch|p2a: Chansey|Chansey, F|90/100
|move|p1a: Togekiss|Nasty Plot|p1a: Togekiss
|-boost|p1a: Togekiss|spa|2
|
|upkeep
|turn|9
|
|t:|1667055150
|switch|p1a: Jirachi|Jirachi, shiny|100/100
|-damage|p1a: Jirachi|88/100|[from] Spikes
|move|p2a: Chansey|Toxic|p1a: Jirachi
|-immune|p1a: Jirachi
|
|-heal|p1a: Jirachi|94/100|[from] item: Leftovers
|upkeep
|turn|10
|
|t:|1667055158
|switch|p2a: Cobalion|Cobalion|100/100
|move|p1a: Jirachi|Iron Head|p2a: Cobalion
|-resisted|p2a: Cobalion
|-damage|p2a: Cobalion|89/100
|-damage|p1a: Jirachi|78/100|[from] item: Rocky Helmet|[of] p2a: Cobalion
|
|-heal|p1a: Jirachi|84/100|[from] item: Leftovers
|upkeep
|turn|11
|
|t:|1667055162
|move|p2a: Cobalion|Stealth Rock|p1a: Jirachi
|-sidestart|p1: RolitoBR|move: Stealth Rock
|move|p1a: Jirachi|Thunder Wave|p2a: Cobalion
|-status|p2a: Cobalion|par
|
|-heal|p1a: Jirachi|90/100|[from] item: Leftovers
|upkeep
|turn|12
|
|t:|1667055165
|switch|p1a: Hippowdon|Hippowdon, F|100/100
|-damage|p1a: Hippowdon|88/100|[from] Spikes
|-damage|p1a: Hippowdon|82/100|[from] Stealth Rock
|-weather|Sandstorm|[from] ability: Sand Stream|[of] p1a: Hippowdon
|cant|p2a: Cobalion|par
|
|-weather|Sandstorm|[upkeep]
|-heal|p1a: Hippowdon|88/100|[from] item: Leftovers
|upkeep
|turn|13
|
|t:|1667055171
|switch|p2a: Reuniclus|Reuniclus, F, shiny|100/100
|move|p1a: Hippowdon|Stealth Rock|p2a: Reuniclus
|-sidestart|p2: rulky|move: Stealth Rock
|
|-weather|Sandstorm|[upkeep]
|-heal|p1a: Hippowdon|94/100|[from] item: Leftovers
|upkeep
|turn|14
|
|t:|1667055179
|switch|p1a: Mandibuzz|Mandibuzz, F|100/100
|move|p2a: Reuniclus|Calm Mind|p2a: Reuniclus
|-boost|p2a: Reuniclus|spa|1
|-boost|p2a: Reuniclus|spd|1
|
|-weather|Sandstorm|[upkeep]
|upkeep
|turn|15
|
|t:|1667055181
|move|p1a: Mandibuzz|Defog|p2a: Reuniclus
|-unboost|p2a: Reuniclus|evasion|1
|-sideend|p2: rulky|Stealth Rock|[from] move: Defog|[of] p1a: Mandibuzz
|-sideend|p1: RolitoBR|Spikes|[from] move: Defog|[of] p1a: Mandibuzz
|-sideend|p1: RolitoBR|Stealth Rock|[from] move: Defog|[of] p1a: Mandibuzz
|move|p2a: Reuniclus|Focus Blast|p1a: Mandibuzz
|-damage|p1a: Mandibuzz|52/100
|
|-weather|Sandstorm|[upkeep]
|upkeep
|turn|16
|
|t:|1667055186
|move|p1a: Mandibuzz|U-turn|p2a: Reuniclus
|-supereffective|p2a: Reuniclus
|-damage|p2a: Reuniclus|82/100
|
|t:|1667055189
|switch|p1a: Slowking|Slowking, M|70/100|[from]move: U-turn
|move|p2a: Reuniclus|Calm Mind|p2a: Reuniclus
|-boost|p2a: Reuniclus|spa|1
|-boost|p2a: Reuniclus|spd|1
|
|-weather|none
|upkeep
|turn|17
|
|t:|1667055197
|move|p2a: Reuniclus|Psyshock|p1a: Slowking
|-resisted|p1a: Slowking
|-damage|p1a: Slowking|44/100
|move|p1a: Slowking|Teleport|p1a: Slowking
|
|t:|1667055200
|switch|p1a: Mandibuzz|Mandibuzz, F|52/100|[from]move: Teleport
|
|upkeep
|turn|18
|
|t:|1667055205
|move|p1a: Mandibuzz|U-turn|p2a: Reuniclus
|-supereffective|p2a: Reuniclus
|-damage|p2a: Reuniclus|63/100
|
|t:|1667055207
|switch|p1a: Slowking|Slowking, M|77/100|[from]move: U-turn
|move|p2a: Reuniclus|Calm Mind|p2a: Reuniclus
|-boost|p2a: Reuniclus|spa|1
|-boost|p2a: Reuniclus|spd|1
|
|upkeep
|turn|19
|
|t:|1667055211
|move|p2a: Reuniclus|Recover|p2a: Reuniclus
|-heal|p2a: Reuniclus|100/100
|move|p1a: Slowking|Teleport|p1a: Slowking
|
|t:|1667055213
|switch|p1a: Mandibuzz|Mandibuzz, F|52/100|[from]move: Teleport
|
|upkeep
|turn|20
|
|t:|1667055217
|move|p1a: Mandibuzz|U-turn|p2a: Reuniclus
|-supereffective|p2a: Reuniclus
|-damage|p2a: Reuniclus|83/100
|
|t:|1667055219
|switch|p1a: Slowking|Slowking, M|100/100|[from]move: U-turn
|move|p2a: Reuniclus|Calm Mind|p2a: Reuniclus
|-boost|p2a: Reuniclus|spa|1
|-boost|p2a: Reuniclus|spd|1
|
|upkeep
|turn|21
|
|t:|1667055224
|move|p2a: Reuniclus|Calm Mind|p2a: Reuniclus
|-boost|p2a: Reuniclus|spa|1
|-boost|p2a: Reuniclus|spd|1
|move|p1a: Slowking|Teleport|p1a: Slowking
|
|t:|1667055226
|switch|p1a: Jirachi|Jirachi, shiny|90/100|[from]move: Teleport
|
|-heal|p1a: Jirachi|96/100|[from] item: Leftovers
|upkeep
|turn|22
|
|t:|1667055229
|move|p1a: Jirachi|Thunder Wave|p2a: Reuniclus
|-status|p2a: Reuniclus|par
|move|p2a: Reuniclus|Focus Blast|p1a: Jirachi
|-damage|p1a: Jirachi|0 fnt
|faint|p1a: Jirachi
|
|upkeep
|
|t:|1667055235
|switch|p1a: Slowking|Slowking, M|100/100
|turn|23
|
|t:|1667055239
|move|p2a: Reuniclus|Psyshock|p1a: Slowking
|-resisted|p1a: Slowking
|-damage|p1a: Slowking|52/100
|move|p1a: Slowking|Teleport|p1a: Slowking
|
|t:|1667055242
|switch|p1a: Mandibuzz|Mandibuzz, F|52/100|[from]move: Teleport
|
|upkeep
|turn|24
|
|t:|1667055245
|move|p1a: Mandibuzz|U-turn|p2a: Reuniclus
|-supereffective|p2a: Reuniclus
|-damage|p2a: Reuniclus|63/100 par
|
|t:|1667055248
|switch|p1a: Slowking|Slowking, M|86/100|[from]move: U-turn
|move|p2a: Reuniclus|Focus Blast|p1a: Slowking
|-resisted|p1a: Slowking
|-damage|p1a: Slowking|35/100
|
|upkeep
|turn|25
|
|t:|1667055255
|switch|p2a: Chansey|Chansey, F|90/100
|move|p1a: Slowking|Slack Off|p1a: Slowking
|-heal|p1a: Slowking|85/100
|
|upkeep
|turn|26
|
|t:|1667055259
|switch|p1a: Hippowdon|Hippowdon, F|94/100
|-weather|Sandstorm|[from] ability: Sand Stream|[of] p1a: Hippowdon
|move|p2a: Chansey|Toxic|p1a: Hippowdon
|-status|p1a: Hippowdon|tox
|
|-weather|Sandstorm|[upkeep]
|-damage|p2a: Chansey|84/100|[from] Sandstorm
|-heal|p1a: Hippowdon|100/100 tox|[from] item: Leftovers
|-damage|p1a: Hippowdon|94/100 tox|[from] psn
|upkeep
|turn|27
|
|t:|1667055266
|switch|p2a: Reuniclus|Reuniclus, F, shiny|63/100 par
|move|p1a: Hippowdon|Stealth Rock|p2a: Reuniclus
|-sidestart|p2: rulky|move: Stealth Rock
|
|-weather|Sandstorm|[upkeep]
|-heal|p1a: Hippowdon|100/100 tox|[from] item: Leftovers
|-damage|p1a: Hippowdon|88/100 tox|[from] psn
|upkeep
|turn|28
|
|t:|1667055269
|switch|p1a: Slowking|Slowking, M|100/100
|cant|p2a: Reuniclus|par
|
|-weather|Sandstorm|[upkeep]
|-damage|p1a: Slowking|94/100|[from] Sandstorm
|upkeep
|turn|29
|
|t:|1667055273
|cant|p2a: Reuniclus|par
|move|p1a: Slowking|Teleport|p1a: Slowking
|
|t:|1667055275
|switch|p1a: Zygarde|Zygarde-10%, shiny|100/100|[from]move: Teleport
|-ability|p1a: Zygarde|Aura Break
|
|-weather|Sandstorm|[upkeep]
|upkeep
|turn|30
|
|t:|1667055279
|switch|p2a: wednesday|Salamence, M|100/100
|-ability|p2a: wednesday|Intimidate|boost
|-unboost|p1a: Zygarde|atk|1
|move|p1a: Zygarde|Thousand Arrows|p2a: wednesday
|-damage|p2a: wednesday|67/100
|-start|p2a: wednesday|Smack Down
|
|-weather|none
|upkeep
|turn|31
|
|t:|1667055282
|switch|p1a: Togekiss|Togekiss, F, shiny|82/100
|move|p2a: wednesday|Defog|p1a: Togekiss
|-unboost|p1a: Togekiss|evasion|1
|-sideend|p2: rulky|Stealth Rock|[from] move: Defog|[of] p2a: wednesday
|
|upkeep
|turn|32
|
|t:|1667055284
|switch|p2a: Chansey|Chansey, F|84/100
|move|p1a: Togekiss|Nasty Plot|p1a: Togekiss
|-boost|p1a: Togekiss|spa|2
|
|upkeep
|turn|33
|
|t:|1667055286
|move|p1a: Togekiss|Nasty Plot|p1a: Togekiss
|-boost|p1a: Togekiss|spa|2
|move|p2a: Chansey|Toxic|p1a: Togekiss
|-status|p1a: Togekiss|tox
|
|-damage|p1a: Togekiss|76/100 tox|[from] psn
|upkeep
|turn|34
|
|t:|1667055296
|move|p1a: Togekiss|Nasty Plot|p1a: Togekiss
|-boost|p1a: Togekiss|spa|2
|move|p2a: Chansey|Seismic Toss|p1a: Togekiss
|-damage|p1a: Togekiss|49/100 tox
|
|-damage|p1a: Togekiss|37/100 tox|[from] psn
|upkeep
|turn|35
|
|t:|1667055299
|move|p1a: Togekiss|Heal Bell|p1a: Togekiss
|-activate|p1a: Togekiss|move: Heal Bell
|-curestatus|p1a: Togekiss|tox|[msg]
|-curestatus|p1: Hippowdon|tox|[msg]
|move|p2a: Chansey|Seismic Toss|p1a: Togekiss
|-damage|p1a: Togekiss|10/100
|
|upkeep
|turn|36
|
|t:|1667055303
|move|p1a: Togekiss|Roost|p1a: Togekiss
|-heal|p1a: Togekiss|60/100
|-singleturn|p1a: Togekiss|move: Roost
|move|p2a: Chansey|Toxic|p1a: Togekiss
|-status|p1a: Togekiss|tox
|
|-damage|p1a: Togekiss|54/100 tox|[from] psn
|upkeep
|turn|37
|
|t:|1667055305
|move|p1a: Togekiss|Roost|p1a: Togekiss
|-heal|p1a: Togekiss|100/100 tox
|-singleturn|p1a: Togekiss|move: Roost
|move|p2a: Chansey|Seismic Toss|p1a: Togekiss
|-damage|p1a: Togekiss|74/100 tox
|
|-damage|p1a: Togekiss|61/100 tox|[from] psn
|upkeep
|turn|38
|
|t:|1667055307
|move|p1a: Togekiss|Heal Bell|p1a: Togekiss
|-activate|p1a: Togekiss|move: Heal Bell
|-curestatus|p1a: Togekiss|tox|[msg]
|move|p2a: Chansey|Seismic Toss|p1a: Togekiss
|-damage|p1a: Togekiss|35/100
|
|upkeep
|turn|39
|
|t:|1667055313
|move|p1a: Togekiss|Air Slash|p2a: Chansey
|-damage|p2a: Chansey|49/100
|move|p2a: Chansey|Toxic|p1a: Togekiss
|-status|p1a: Togekiss|tox
|
|-damage|p1a: Togekiss|28/100 tox|[from] psn
|upkeep
|turn|40
|
|t:|1667055318
|move|p1a: Togekiss|Roost|p1a: Togekiss
|-heal|p1a: Togekiss|79/100 tox
|-singleturn|p1a: Togekiss|move: Roost
|move|p2a: Chansey|Seismic Toss|p1a: Togekiss
|-damage|p1a: Togekiss|52/100 tox
|
|-damage|p1a: Togekiss|39/100 tox|[from] psn
|upkeep
|turn|41
|
|t:|1667055322
|move|p1a: Togekiss|Heal Bell|p1a: Togekiss
|-activate|p1a: Togekiss|move: Heal Bell
|-curestatus|p1a: Togekiss|tox|[msg]
|move|p2a: Chansey|Seismic Toss|p1a: Togekiss
|-damage|p1a: Togekiss|13/100
|
|upkeep
|turn|42
|
|t:|1667055326
|move|p1a: Togekiss|Roost|p1a: Togekiss
|-heal|p1a: Togekiss|63/100
|-singleturn|p1a: Togekiss|move: Roost
|move|p2a: Chansey|Toxic|p1a: Togekiss
|-status|p1a: Togekiss|tox
|
|-damage|p1a: Togekiss|57/100 tox|[from] psn
|upkeep
|turn|43
|
|t:|1667055330
|move|p1a: Togekiss|Roost|p1a: Togekiss
|-heal|p1a: Togekiss|100/100 tox
|-singleturn|p1a: Togekiss|move: Roost
|move|p2a: Chansey|Soft-Boiled|p2a: Chansey
|-heal|p2a: Chansey|99/100
|
|-damage|p1a: Togekiss|88/100 tox|[from] psn
|upkeep
|turn|44
|
|t:|1667055333
|move|p1a: Togekiss|Heal Bell|p1a: Togekiss
|-activate|p1a: Togekiss|move: Heal Bell
|-curestatus|p1a: Togekiss|tox|[msg]
|move|p2a: Chansey|Toxic|p1a: Togekiss
|-status|p1a: Togekiss|tox
|
|-damage|p1a: Togekiss|82/100 tox|[from] psn
|upkeep
|turn|45
|
|t:|1667055336
|move|p1a: Togekiss|Heal Bell|p1a: Togekiss
|-activate|p1a: Togekiss|move: Heal Bell
|-curestatus|p1a: Togekiss|tox|[msg]
|move|p2a: Chansey|Seismic Toss|p1a: Togekiss
|-damage|p1a: Togekiss|55/100
|
|upkeep
|turn|46
|
|t:|1667055337
|move|p1a: Togekiss|Air Slash|p2a: Chansey
|-damage|p2a: Chansey|58/100
|cant|p2a: Chansey|flinch
|
|upkeep
|turn|47
|
|t:|1667055341
|move|p1a: Togekiss|Air Slash|p2a: Chansey
|-crit|p2a: Chansey
|-damage|p2a: Chansey|4/100
|move|p2a: Chansey|Toxic|p1a: Togekiss
|-status|p1a: Togekiss|tox
|
|-damage|p1a: Togekiss|49/100 tox|[from] psn
|upkeep
|turn|48
|
|t:|1667055346
|move|p1a: Togekiss|Air Slash|p2a: Chansey
|-damage|p2a: Chansey|0 fnt
|faint|p2a: Chansey
|
|-damage|p1a: Togekiss|37/100 tox|[from] psn
|upkeep
|
|t:|1667055347
|switch|p2a: Zygarde|Zygarde-10%|100/100
|-ability|p2a: Zygarde|Aura Break
|turn|49
|
|t:|1667055352
|switch|p2a: Golisopod|Golisopod, M|59/100 par
|switch|p1a: Hippowdon|Hippowdon, F|88/100
|-weather|Sandstorm|[from] ability: Sand Stream|[of] p1a: Hippowdon
|
|-weather|Sandstorm|[upkeep]
|-damage|p2a: Golisopod|53/100 par|[from] Sandstorm
|-heal|p1a: Hippowdon|94/100|[from] item: Leftovers
|upkeep
|turn|50
|
|t:|1667055358
|switch|p1a: Slowking|Slowking, M|100/100
|cant|p2a: Golisopod|par
|
|-weather|Sandstorm|[upkeep]
|-damage|p2a: Golisopod|47/100 par|[from] Sandstorm
|-damage|p1a: Slowking|94/100|[from] Sandstorm
|upkeep
|-activate|p2a: Golisopod|ability: Emergency Exit
|c|☆rulky|Are you just gona hax every turn
|
|t:|1667055375
|switch|p2a: Cobalion|Cobalion|89/100 par
|turn|51
|
|t:|1667055384
|move|p2a: Cobalion|Stealth Rock|p1a: Slowking
|-sidestart|p1: RolitoBR|move: Stealth Rock
|move|p1a: Slowking|Scald|p2a: Cobalion
|-damage|p2a: Cobalion|53/100 par
|
|-weather|Sandstorm|[upkeep]
|-damage|p1a: Slowking|88/100|[from] Sandstorm
|upkeep
|turn|52
|
|t:|1667055388
|switch|p2a: Reuniclus|Reuniclus, F, shiny|63/100 par
|move|p1a: Slowking|Scald|p2a: Reuniclus
|-damage|p2a: Reuniclus|38/100 par
|
|-weather|Sandstorm|[upkeep]
|-damage|p1a: Slowking|82/100|[from] Sandstorm
|upkeep
|turn|53
|
|t:|1667055393
|move|p2a: Reuniclus|Recover|p2a: Reuniclus
|-heal|p2a: Reuniclus|88/100 par
|move|p1a: Slowking|Teleport|p1a: Slowking
|
|t:|1667055395
|switch|p1a: Mandibuzz|Mandibuzz, F|52/100|[from]move: Teleport
|
|-weather|none
|upkeep
|turn|54
|
|t:|1667055398
|move|p1a: Mandibuzz|Defog|p2a: Reuniclus
|-unboost|p2a: Reuniclus|evasion|1
|-sideend|p1: RolitoBR|Stealth Rock|[from] move: Defog|[of] p1a: Mandibuzz
|move|p2a: Reuniclus|Calm Mind|p2a: Reuniclus
|-boost|p2a: Reuniclus|spa|1
|-boost|p2a: Reuniclus|spd|1
|
|upkeep
|turn|55
|
|t:|1667055401
|move|p1a: Mandibuzz|U-turn|p2a: Reuniclus
|-supereffective|p2a: Reuniclus
|-crit|p2a: Reuniclus
|-damage|p2a: Reuniclus|60/100 par
|
|t:|1667055403
|switch|p1a: Slowking|Slowking, M|100/100|[from]move: U-turn
|move|p2a: Reuniclus|Calm Mind|p2a: Reuniclus
|-boost|p2a: Reuniclus|spa|1
|-boost|p2a: Reuniclus|spd|1
|
|upkeep
|turn|56
|
|t:|1667055408
|cant|p2a: Reuniclus|par
|move|p1a: Slowking|Teleport|p1a: Slowking
|
|t:|1667055410
|switch|p1a: Mandibuzz|Mandibuzz, F|52/100|[from]move: Teleport
|
|upkeep
|turn|57
|
|t:|1667055413
|move|p1a: Mandibuzz|U-turn|p2a: Reuniclus
|-supereffective|p2a: Reuniclus
|-damage|p2a: Reuniclus|42/100 par
|
|t:|1667055415
|switch|p1a: Zygarde|Zygarde-10%, shiny|100/100|[from]move: U-turn
|-ability|p1a: Zygarde|Aura Break
|move|p2a: Reuniclus|Recover|p2a: Reuniclus
|-heal|p2a: Reuniclus|92/100 par
|
|upkeep
|turn|58
|
|t:|1667055419
|switch|p1a: Mandibuzz|Mandibuzz, F|52/100
|move|p2a: Reuniclus|Calm Mind|p2a: Reuniclus
|-boost|p2a: Reuniclus|spa|1
|-boost|p2a: Reuniclus|spd|1
|
|upkeep
|turn|59
|
|t:|1667055424
|move|p1a: Mandibuzz|U-turn|p2a: Reuniclus
|-supereffective|p2a: Reuniclus
|-damage|p2a: Reuniclus|74/100 par
|
|t:|1667055426
|switch|p1a: Slowking|Slowking, M|100/100|[from]move: U-turn
|move|p2a: Reuniclus|Calm Mind|p2a: Reuniclus
|-boost|p2a: Reuniclus|spa|1
|-boost|p2a: Reuniclus|spd|1
|
|upkeep
|turn|60
|
|t:|1667055432
|move|p1a: Slowking|Scald|p2a: Reuniclus
|-damage|p2a: Reuniclus|65/100 par
|move|p2a: Reuniclus|Psyshock|p1a: Slowking
|-resisted|p1a: Slowking
|-damage|p1a: Slowking|61/100
|
|upkeep
|turn|61
|
|t:|1667055442
|move|p1a: Slowking|Slack Off|p1a: Slowking
|-heal|p1a: Slowking|100/100
|move|p2a: Reuniclus|Recover|p2a: Reuniclus
|-heal|p2a: Reuniclus|100/100 par
|
|upkeep
|turn|62
|
|t:|1667055445
|cant|p2a: Reuniclus|par
|move|p1a: Slowking|Teleport|p1a: Slowking
|
|t:|1667055447
|switch|p1a: Mandibuzz|Mandibuzz, F|52/100|[from]move: Teleport
|
|upkeep
|turn|63
|
|t:|1667055449
|move|p1a: Mandibuzz|U-turn|p2a: Reuniclus
|-supereffective|p2a: Reuniclus
|-damage|p2a: Reuniclus|84/100 par
|
|t:|1667055451
|switch|p1a: Slowking|Slowking, M|100/100|[from]move: U-turn
|move|p2a: Reuniclus|Calm Mind|p2a: Reuniclus
|-boost|p2a: Reuniclus|spa|1
|-boost|p2a: Reuniclus|spd|1
|
|upkeep
|turn|64
|
|t:|1667055456
|move|p1a: Slowking|Scald|p2a: Reuniclus
|-damage|p2a: Reuniclus|76/100 par
|move|p2a: Reuniclus|Calm Mind|p2a: Reuniclus
|-boost|p2a: Reuniclus|spa|1
|-boost|p2a: Reuniclus|spd|1
|
|upkeep
|turn|65
|
|t:|1667055459
|cant|p2a: Reuniclus|par
|move|p1a: Slowking|Teleport|p1a: Slowking
|
|t:|1667055461
|switch|p1a: Mandibuzz|Mandibuzz, F|52/100|[from]move: Teleport
|
|upkeep
|turn|66
|
|t:|1667055464
|move|p1a: Mandibuzz|U-turn|p2a: Reuniclus
|-supereffective|p2a: Reuniclus
|-damage|p2a: Reuniclus|58/100 par
|
|t:|1667055466
|switch|p1a: Slowking|Slowking, M|100/100|[from]move: U-turn
|move|p2a: Reuniclus|Psyshock|p1a: Slowking
|-resisted|p1a: Slowking
|-damage|p1a: Slowking|45/100
|
|upkeep
|turn|67
|
|t:|1667055471
|move|p1a: Slowking|Slack Off|p1a: Slowking
|-heal|p1a: Slowking|95/100
|move|p2a: Reuniclus|Recover|p2a: Reuniclus
|-heal|p2a: Reuniclus|100/100 par
|
|upkeep
|turn|68
|
|t:|1667055480
|move|p2a: Reuniclus|Psyshock|p1a: Slowking
|-resisted|p1a: Slowking
|-crit|p1a: Slowking
|-damage|p1a: Slowking|17/100
|move|p1a: Slowking|Teleport|p1a: Slowking
|
|t:|1667055495
|switch|p1a: Togekiss|Togekiss, F, shiny|37/100 tox|[from]move: Teleport
|
|-damage|p1a: Togekiss|31/100 tox|[from] psn
|upkeep
|turn|69
|
|t:|1667055501
|move|p1a: Togekiss|Air Slash|p2a: Reuniclus
|-crit|p2a: Reuniclus
|-damage|p2a: Reuniclus|61/100 par
|move|p2a: Reuniclus|Psyshock|p1a: Togekiss
|-damage|p1a: Togekiss|0 fnt
|faint|p1a: Togekiss
|
|upkeep
|
|t:|1667055503
|switch|p1a: Slowking|Slowking, M|50/100
|turn|70
|
|t:|1667055506
|move|p1a: Slowking|Slack Off|p1a: Slowking
|-heal|p1a: Slowking|99/100
|cant|p2a: Reuniclus|par
|
|upkeep
|turn|71
|
|t:|1667055514
|move|p1a: Slowking|Scald|p2a: Reuniclus
|-damage|p2a: Reuniclus|55/100 par
|move|p2a: Reuniclus|Recover|p2a: Reuniclus
|-heal|p2a: Reuniclus|100/100 par
|
|upkeep
|turn|72
|
|t:|1667055520
|switch|p1a: Mandibuzz|Mandibuzz, F|52/100
|move|p2a: Reuniclus|Psyshock|p1a: Mandibuzz
|-immune|p1a: Mandibuzz
|
|upkeep
|turn|73
|
|t:|1667055524
|move|p1a: Mandibuzz|U-turn|p2a: Reuniclus
|-supereffective|p2a: Reuniclus
|-damage|p2a: Reuniclus|82/100 par
|
|t:|1667055526
|switch|p1a: Slowking|Slowking, M|100/100|[from]move: U-turn
|move|p2a: Reuniclus|Calm Mind|p2a: Reuniclus
|-boost|p2a: Reuniclus|spa|0
|-boost|p2a: Reuniclus|spd|0
|
|upkeep
|turn|74
|
|t:|1667055537
|move|p2a: Reuniclus|Psyshock|p1a: Slowking
|-resisted|p1a: Slowking
|-damage|p1a: Slowking|51/100
|move|p1a: Slowking|Teleport|p1a: Slowking
|
|t:|1667055540
|switch|p1a: Mandibuzz|Mandibuzz, F|52/100|[from]move: Teleport
|
|upkeep
|turn|75
|
|t:|1667055542
|switch|p2a: Cobalion|Cobalion|53/100 par
|move|p1a: Mandibuzz|U-turn|p2a: Cobalion
|-resisted|p2a: Cobalion
|-damage|p2a: Cobalion|51/100 par
|-damage|p1a: Mandibuzz|35/100|[from] item: Rocky Helmet|[of] p2a: Cobalion
|
|t:|1667055544
|switch|p1a: Zygarde|Zygarde-10%, shiny|100/100|[from]move: U-turn
|-ability|p1a: Zygarde|Aura Break
|
|upkeep
|turn|76
|
|t:|1667055551
|switch|p2a: Golisopod|Golisopod, M|47/100 par
|move|p1a: Zygarde|Thousand Arrows|p2a: Golisopod
|-resisted|p2a: Golisopod
|-damage|p2a: Golisopod|24/100 par
|
|upkeep
|turn|77
|
|t:|1667055558
|move|p1a: Zygarde|Thousand Arrows|p2a: Golisopod
|-resisted|p2a: Golisopod
|-damage|p2a: Golisopod|1/100 par
|move|p2a: Golisopod|Spikes|p1a: Zygarde
|-sidestart|p1: RolitoBR|Spikes
|
|upkeep
|turn|78
|
|t:|1667055563
|switch|p2a: wednesday|Salamence, M|67/100
|-ability|p2a: wednesday|Intimidate|boost
|-unboost|p1a: Zygarde|atk|1
|move|p1a: Zygarde|Thousand Arrows|p2a: wednesday
|-damage|p2a: wednesday|34/100
|-start|p2a: wednesday|Smack Down
|
|upkeep
|turn|79
|
|t:|1667055572
|move|p1a: Zygarde|Thousand Arrows|p2a: wednesday
|-damage|p2a: wednesday|3/100
|move|p2a: wednesday|Roost|p2a: wednesday
|-heal|p2a: wednesday|53/100
|-singleturn|p2a: wednesday|move: Roost
|
|upkeep
|turn|80
|
|t:|1667055578
|switch|p1a: Hippowdon|Hippowdon, F|94/100
|-damage|p1a: Hippowdon|82/100|[from] Spikes
|-weather|Sandstorm|[from] ability: Sand Stream|[of] p1a: Hippowdon
|move|p2a: wednesday|Dual Wingbeat|p1a: Hippowdon
|-damage|p1a: Hippowdon|68/100
|-damage|p1a: Hippowdon|54/100
|-hitcount|p1a: Hippowdon|2
|
|-weather|Sandstorm|[upkeep]
|-damage|p2a: wednesday|47/100|[from] Sandstorm
|-heal|p1a: Hippowdon|60/100|[from] item: Leftovers
|upkeep
|turn|81
|
|t:|1667055586
|move|p2a: wednesday|Dual Wingbeat|p1a: Hippowdon
|-damage|p1a: Hippowdon|48/100
|-damage|p1a: Hippowdon|35/100
|-hitcount|p1a: Hippowdon|2
|move|p1a: Hippowdon|Toxic|p2a: wednesday
|-status|p2a: wednesday|tox
|
|-weather|Sandstorm|[upkeep]
|-damage|p2a: wednesday|41/100 tox|[from] Sandstorm
|-heal|p1a: Hippowdon|41/100|[from] item: Leftovers
|-damage|p2a: wednesday|35/100 tox|[from] psn
|upkeep
|turn|82
|
|t:|1667055593
|switch|p2a: Reuniclus|Reuniclus, F, shiny|82/100 par
|move|p1a: Hippowdon|Slack Off|p1a: Hippowdon
|-heal|p1a: Hippowdon|91/100
|
|-weather|Sandstorm|[upkeep]
|-heal|p1a: Hippowdon|97/100|[from] item: Leftovers
|upkeep
|turn|83
|
|t:|1667055606
|switch|p1a: Slowking|Slowking, M|85/100
|-damage|p1a: Slowking|72/100|[from] Spikes
|move|p2a: Reuniclus|Calm Mind|p2a: Reuniclus
|-boost|p2a: Reuniclus|spa|1
|-boost|p2a: Reuniclus|spd|1
|
|-weather|Sandstorm|[upkeep]
|-damage|p1a: Slowking|66/100|[from] Sandstorm
|upkeep
|turn|84
|
|t:|1667055610
|move|p2a: Reuniclus|Calm Mind|p2a: Reuniclus
|-boost|p2a: Reuniclus|spa|1
|-boost|p2a: Reuniclus|spd|1
|move|p1a: Slowking|Teleport|p1a: Slowking
|
|t:|1667055613
|switch|p1a: Mandibuzz|Mandibuzz, F|35/100|[from]move: Teleport
|
|-weather|none
|upkeep
|turn|85
|
|t:|1667055616
|move|p1a: Mandibuzz|U-turn|p2a: Reuniclus
|-supereffective|p2a: Reuniclus
|-crit|p2a: Reuniclus
|-damage|p2a: Reuniclus|53/100 par
|
|t:|1667055618
|switch|p1a: Slowking|Slowking, M|99/100|[from]move: U-turn
|-damage|p1a: Slowking|87/100|[from] Spikes
|move|p2a: Reuniclus|Focus Blast|p1a: Slowking|[miss]
|-miss|p2a: Reuniclus|p1a: Slowking
|
|upkeep
|turn|86
|
|t:|1667055623
|switch|p1a: Mandibuzz|Mandibuzz, F|35/100
|move|p2a: Reuniclus|Recover|p2a: Reuniclus
|-heal|p2a: Reuniclus|100/100 par
|
|upkeep
|turn|87
|
|t:|1667055626
|move|p1a: Mandibuzz|U-turn|p2a: Reuniclus
|-supereffective|p2a: Reuniclus
|-damage|p2a: Reuniclus|80/100 par
|
|t:|1667055628
|switch|p1a: Slowking|Slowking, M|100/100|[from]move: U-turn
|-damage|p1a: Slowking|88/100|[from] Spikes
|move|p2a: Reuniclus|Calm Mind|p2a: Reuniclus
|-boost|p2a: Reuniclus|spa|1
|-boost|p2a: Reuniclus|spd|1
|
|upkeep
|turn|88
|
|t:|1667055632
|move|p2a: Reuniclus|Calm Mind|p2a: Reuniclus
|-boost|p2a: Reuniclus|spa|1
|-boost|p2a: Reuniclus|spd|1
|move|p1a: Slowking|Teleport|p1a: Slowking
|
|t:|1667055634
|switch|p1a: Mandibuzz|Mandibuzz, F|35/100|[from]move: Teleport
|
|upkeep
|turn|89
|
|t:|1667055637
|move|p1a: Mandibuzz|U-turn|p2a: Reuniclus
|-supereffective|p2a: Reuniclus
|-damage|p2a: Reuniclus|61/100 par
|
|t:|1667055639
|switch|p1a: Slowking|Slowking, M|100/100|[from]move: U-turn
|-damage|p1a: Slowking|88/100|[from] Spikes
|move|p2a: Reuniclus|Recover|p2a: Reuniclus
|-heal|p2a: Reuniclus|100/100 par
|
|upkeep
|turn|90
|
|t:|1667055650
|move|p2a: Reuniclus|Calm Mind|p2a: Reuniclus
|-boost|p2a: Reuniclus|spa|1
|-boost|p2a: Reuniclus|spd|1
|move|p1a: Slowking|Teleport|p1a: Slowking
|
|t:|1667055651
|switch|p1a: Mandibuzz|Mandibuzz, F|35/100|[from]move: Teleport
|
|upkeep
|turn|91
|
|t:|1667055655
|move|p1a: Mandibuzz|Defog|p2a: Reuniclus
|-unboost|p2a: Reuniclus|evasion|1
|-sideend|p1: RolitoBR|Spikes|[from] move: Defog|[of] p1a: Mandibuzz
|move|p2a: Reuniclus|Calm Mind|p2a: Reuniclus
|-boost|p2a: Reuniclus|spa|1
|-boost|p2a: Reuniclus|spd|1
|
|upkeep
|turn|92
|
|t:|1667055658
|move|p1a: Mandibuzz|U-turn|p2a: Reuniclus
|-supereffective|p2a: Reuniclus
|-damage|p2a: Reuniclus|80/100 par
|
|t:|1667055660
|switch|p1a: Slowking|Slowking, M|100/100|[from]move: U-turn
|move|p2a: Reuniclus|Psyshock|p1a: Slowking
|-resisted|p1a: Slowking
|-damage|p1a: Slowking|50/100
|
|upkeep
|turn|93
|
|t:|1667055667
|move|p1a: Slowking|Slack Off|p1a: Slowking
|-heal|p1a: Slowking|99/100
|move|p2a: Reuniclus|Psyshock|p1a: Slowking
|-resisted|p1a: Slowking
|-damage|p1a: Slowking|50/100
|
|upkeep
|turn|94
|
|t:|1667055672
|switch|p2a: Zygarde|Zygarde-10%|100/100
|-ability|p2a: Zygarde|Aura Break
|move|p1a: Slowking|Slack Off|p1a: Slowking
|-heal|p1a: Slowking|99/100
|
|upkeep
|turn|95
|
|t:|1667055680
|switch|p1a: Hippowdon|Hippowdon, F|97/100
|-weather|Sandstorm|[from] ability: Sand Stream|[of] p1a: Hippowdon
|move|p2a: Zygarde|Outrage|p1a: Hippowdon
|-damage|p1a: Hippowdon|45/100
|
|-weather|Sandstorm|[upkeep]
|-heal|p1a: Hippowdon|51/100|[from] item: Leftovers
|upkeep
|turn|96
|
|t:|1667055684
|move|p2a: Zygarde|Outrage|p1a: Hippowdon|[from]lockedmove
|-damage|p1a: Hippowdon|4/100
|move|p1a: Hippowdon|Slack Off|p1a: Hippowdon
|-heal|p1a: Hippowdon|54/100
|
|-weather|Sandstorm|[upkeep]
|-heal|p1a: Hippowdon|60/100|[from] item: Leftovers
|upkeep
|turn|97
|c|☆rulky|Orc
|c|☆rulky|Low roll
|
|t:|1667055698
|move|p2a: Zygarde|Outrage|p1a: Hippowdon|[from]lockedmove
|-damage|p1a: Hippowdon|15/100
|-start|p2a: Zygarde|confusion|[fatigue]
|move|p1a: Hippowdon|Slack Off|p1a: Hippowdon
|-heal|p1a: Hippowdon|65/100
|
|-weather|Sandstorm|[upkeep]
|-heal|p1a: Hippowdon|71/100|[from] item: Leftovers
|upkeep
|turn|98
|
|t:|1667055703
|switch|p2a: wednesday|Salamence, M|35/100 tox
|-ability|p2a: wednesday|Intimidate|boost
|-unboost|p1a: Hippowdon|atk|1
|move|p1a: Hippowdon|Slack Off|p1a: Hippowdon
|-heal|p1a: Hippowdon|100/100
|
|-weather|Sandstorm|[upkeep]
|-damage|p2a: wednesday|28/100 tox|[from] Sandstorm
|-damage|p2a: wednesday|22/100 tox|[from] psn
|upkeep
|turn|99
|
|t:|1667055709
|switch|p2a: Reuniclus|Reuniclus, F, shiny|80/100 par
|move|p1a: Hippowdon|Earthquake|p2a: Reuniclus
|-damage|p2a: Reuniclus|62/100 par
|
|-weather|none
|upkeep
|turn|100
|
|t:|1667055712
|switch|p2a: Cobalion|Cobalion|51/100 par
|move|p1a: Hippowdon|Stealth Rock|p2a: Cobalion
|-sidestart|p2: rulky|move: Stealth Rock
|
|upkeep
|turn|101
|
|t:|1667055714
|move|p2a: Cobalion|Stealth Rock|p1a: Hippowdon
|-sidestart|p1: RolitoBR|move: Stealth Rock
|move|p1a: Hippowdon|Earthquake|p2a: Cobalion
|-supereffective|p2a: Cobalion
|-damage|p2a: Cobalion|6/100 par
|
|upkeep
|turn|102
|
|t:|1667055717
|cant|p2a: Cobalion|par
|move|p1a: Hippowdon|Earthquake|p2a: Cobalion
|-supereffective|p2a: Cobalion
|-damage|p2a: Cobalion|0 fnt
|faint|p2a: Cobalion
|
|upkeep
|
|t:|1667055720
|switch|p2a: Golisopod|Golisopod, M|1/100 par
|turn|103
|
|t:|1667055723
|cant|p2a: Golisopod|par
|move|p1a: Hippowdon|Earthquake|p2a: Golisopod
|-resisted|p2a: Golisopod
|-damage|p2a: Golisopod|0 fnt
|faint|p2a: Golisopod
|
|upkeep
|
|t:|1667055731
|switch|p2a: Reuniclus|Reuniclus, F, shiny|62/100 par
|turn|104
|
|t:|1667055737
|move|p1a: Hippowdon|Earthquake|p2a: Reuniclus
|-damage|p2a: Reuniclus|40/100 par
|cant|p2a: Reuniclus|par
|
|upkeep
|turn|105
|
|t:|1667055740
|move|p1a: Hippowdon|Earthquake|p2a: Reuniclus
|-damage|p2a: Reuniclus|21/100 par
|move|p2a: Reuniclus|Recover|p2a: Reuniclus
|-heal|p2a: Reuniclus|71/100 par
|
|upkeep
|turn|106
|
|t:|1667055743
|switch|p1a: Mandibuzz|Mandibuzz, F|35/100
|move|p2a: Reuniclus|Calm Mind|p2a: Reuniclus
|-boost|p2a: Reuniclus|spa|1
|-boost|p2a: Reuniclus|spd|1
|
|upkeep
|turn|107
|
|t:|1667055748
|move|p1a: Mandibuzz|U-turn|p2a: Reuniclus
|-supereffective|p2a: Reuniclus
|-damage|p2a: Reuniclus|52/100 par
|
|t:|1667055751
|switch|p1a: Slowking|Slowking, M|100/100|[from]move: U-turn
|-damage|p1a: Slowking|88/100|[from] Stealth Rock
|cant|p2a: Reuniclus|par
|
|upkeep
|turn|108
|
|t:|1667055759
|move|p2a: Reuniclus|Recover|p2a: Reuniclus
|-heal|p2a: Reuniclus|100/100 par
|move|p1a: Slowking|Teleport|p1a: Slowking
|
|t:|1667055761
|switch|p1a: Hippowdon|Hippowdon, F|100/100|[from]move: Teleport
|-damage|p1a: Hippowdon|94/100|[from] Stealth Rock
|-weather|Sandstorm|[from] ability: Sand Stream|[of] p1a: Hippowdon
|
|-weather|Sandstorm|[upkeep]
|-heal|p1a: Hippowdon|100/100|[from] item: Leftovers
|upkeep
|turn|109
|
|t:|1667055764
|move|p1a: Hippowdon|Earthquake|p2a: Reuniclus
|-damage|p2a: Reuniclus|70/100 par
|move|p2a: Reuniclus|Calm Mind|p2a: Reuniclus
|-boost|p2a: Reuniclus|spa|1
|-boost|p2a: Reuniclus|spd|1
|
|-weather|Sandstorm|[upkeep]
|upkeep
|turn|110
|
|t:|1667055768
|move|p1a: Hippowdon|Earthquake|p2a: Reuniclus
|-damage|p2a: Reuniclus|38/100 par
|move|p2a: Reuniclus|Calm Mind|p2a: Reuniclus
|-boost|p2a: Reuniclus|spa|1
|-boost|p2a: Reuniclus|spd|1
|
|-weather|Sandstorm|[upkeep]
|upkeep
|turn|111
|
|t:|1667055770
|move|p1a: Hippowdon|Earthquake|p2a: Reuniclus
|-damage|p2a: Reuniclus|9/100 par
|cant|p2a: Reuniclus|par
|
|-weather|Sandstorm|[upkeep]
|upkeep
|turn|112
|n|!rulky|rulky
|-message|rulky forfeited.
|
|win|RolitoBR
|raw|RolitoBR's rating: 1558 &rarr; <strong>1585</strong><br />(+27 for winning)
|raw|rulky's rating: 1693 &rarr; <strong>1666</strong><br />(-27 for losing)
|l|!rulky
|l|☆RolitoBR
|j|☆RolitoBR
|player|p1|RolitoBR|nate
||Ladder isn't responding, score probably updated but might not have (Request timeout).
