|j|☆Goro Yagami 8
|j|☆A3720
|t:|1661127285
|gametype|singles
|player|p1|Goro Yagami 8|102|1471
|player|p2|A3720|169|1504
|teamsize|p1|6
|teamsize|p2|6
|gen|8
|tier|[Gen 8] UU
|rated|
|rule|Sleep Clause Mod: Limit one foe put to sleep
|rule|Species Clause: Limit one of each Pokémon
|rule|OHKO Clause: OHKO moves are banned
|rule|Evasion Items Clause: Evasion items are banned
|rule|Evasion Moves Clause: Evasion moves are banned
|rule|Endless Battle Clause: Forcing endless battles is banned
|rule|HP Percentage Mod: HP is shown in percentages
|rule|Dynamax Clause: You cannot dynamax
|clearpoke
|poke|p1|Excadrill, F|
|poke|p1|Celesteela|
|poke|p1|Gyarados, M|
|poke|p1|Scizor, F|
|poke|p1|Azelf|
|poke|p1|Keldeo-Resolute|
|poke|p2|Excadrill, M|
|poke|p2|Gigalith, F|
|poke|p2|Metagross|
|poke|p2|Indeedee, M|
|poke|p2|Noivern, F|
|poke|p2|Amoonguss, M|
|teampreview
|
|t:|1661127298
|start
|switch|p1a: Excadrill|Excadrill, F|100/100
|switch|p2a: Metagross|Metagross|100/100
|-ability|p1a: Excadrill|Mold Breaker
|turn|1
|
|t:|1661127315
|move|p1a: Excadrill|Stealth Rock|p2a: Metagross
|-sidestart|p2: A3720|move: Stealth Rock
|move|p2a: Metagross|Earthquake|p1a: Excadrill
|-supereffective|p1a: Excadrill
|-enditem|p1a: Excadrill|Focus Sash
|-damage|p1a: Excadrill|1/100
|
|upkeep
|turn|2
|
|t:|1661127322
|move|p1a: Excadrill|Rock Tomb|p2a: Metagross
|-resisted|p2a: Metagross
|-damage|p2a: Metagross|91/100
|-unboost|p2a: Metagross|spe|1
|move|p2a: Metagross|Earthquake|p1a: Excadrill
|-supereffective|p1a: Excadrill
|-damage|p1a: Excadrill|0 fnt
|faint|p1a: Excadrill
|
|upkeep
|
|t:|1661127342
|switch|p1a: Scizor|Scizor, F|100/100
|turn|3
|
|t:|1661127363
|move|p1a: Scizor|Swords Dance|p1a: Scizor
|-boost|p1a: Scizor|atk|2
|move|p2a: Metagross|Stealth Rock|p1a: Scizor
|-sidestart|p1: Goro Yagami 8|move: Stealth Rock
|
|upkeep
|turn|4
|
|t:|1661127367
|move|p1a: Scizor|Knock Off|p2a: Metagross
|-supereffective|p2a: Metagross
|-damage|p2a: Metagross|0 fnt
|-enditem|p2a: Metagross|Focus Sash|[from] move: Knock Off|[of] p1a: Scizor
|faint|p2a: Metagross
|-damage|p1a: Scizor|91/100|[from] item: Life Orb
|
|upkeep
|c|☆Goro Yagami 8|ah sash
|
|t:|1661127373
|switch|p2a: Indeedee|Indeedee, M|100/100
|-damage|p2a: Indeedee|88/100|[from] Stealth Rock
|-fieldstart|move: Psychic Terrain|[from] ability: Psychic Surge|[of] p2a: Indeedee
|turn|5
|
|t:|1661127386
|switch|p1a: Azelf|Azelf|100/100
|-damage|p1a: Azelf|88/100|[from] Stealth Rock
|move|p2a: Indeedee|Mystical Fire|p1a: Azelf
|-damage|p1a: Azelf|33/100
|-unboost|p1a: Azelf|spa|1
|
|upkeep
|turn|6
|
|t:|1661127391
|move|p1a: Azelf|Dazzling Gleam|p2a: Indeedee
|-damage|p2a: Indeedee|63/100
|move|p2a: Indeedee|Mystical Fire|p1a: Azelf
|-damage|p1a: Azelf|0 fnt
|faint|p1a: Azelf
|
|upkeep
|
|t:|1661127444
|switch|p1a: Keldeo|Keldeo-Resolute|100/100
|-damage|p1a: Keldeo|94/100|[from] Stealth Rock
|turn|7
|
|t:|1661127455
|switch|p2a: Noivern|Noivern, F|100/100
|move|p1a: Keldeo|Secret Sword|p2a: Noivern
|-resisted|p2a: Noivern
|-damage|p2a: Noivern|72/100
|
|-heal|p1a: Keldeo|100/100|[from] item: Leftovers
|upkeep
|turn|8
|
|t:|1661127465
|switch|p1a: Gyarados|Gyarados, M|100/100
|-damage|p1a: Gyarados|76/100|[from] Stealth Rock
|move|p2a: Noivern|Flamethrower|p1a: Gyarados
|-resisted|p1a: Gyarados
|-damage|p1a: Gyarados|62/100
|
|upkeep
|turn|9
|
|t:|1661127473
|move|p2a: Noivern|Hurricane|p1a: Gyarados
|-damage|p1a: Gyarados|16/100
|move|p1a: Gyarados|Dragon Dance|p1a: Gyarados
|-boost|p1a: Gyarados|atk|1
|-boost|p1a: Gyarados|spe|1
|
|-fieldend|move: Psychic Terrain
|upkeep
|turn|10
|
|t:|1661127488
|move|p1a: Gyarados|Ice Fang|p2a: Noivern
|-supereffective|p2a: Noivern
|-damage|p2a: Noivern|0 fnt
|faint|p2a: Noivern
|-ability|p1a: Gyarados|Moxie|boost
|-boost|p1a: Gyarados|atk|1
|
|upkeep
|
|t:|1661127493
|switch|p2a: Gigalith|Gigalith, F|100/100
|-damage|p2a: Gigalith|88/100|[from] Stealth Rock
|-weather|Sandstorm|[from] ability: Sand Stream|[of] p2a: Gigalith
|turn|11
|
|t:|1661127542
|switch|p2a: Amoonguss|Amoonguss, M|100/100
|-damage|p2a: Amoonguss|88/100|[from] Stealth Rock
|move|p1a: Gyarados|Ice Fang|p2a: Amoonguss
|-supereffective|p2a: Amoonguss
|-damage|p2a: Amoonguss|16/100
|-enditem|p2a: Amoonguss|Eject Button
|
|t:|1661127548
|switch|p2a: Excadrill|Excadrill, M|100/100
|-damage|p2a: Excadrill|97/100|[from] Stealth Rock
|
|-weather|Sandstorm|[upkeep]
|-damage|p1a: Gyarados|10/100|[from] Sandstorm
|upkeep
|turn|12
|c|☆Goro Yagami 8|wow
|
|t:|1661127554
|move|p2a: Excadrill|Rock Slide|p1a: Gyarados
|-supereffective|p1a: Gyarados
|-damage|p1a: Gyarados|0 fnt
|faint|p1a: Gyarados
|
|-weather|Sandstorm|[upkeep]
|upkeep
|
|t:|1661127612
|switch|p1a: Keldeo|Keldeo-Resolute|100/100
|-damage|p1a: Keldeo|94/100|[from] Stealth Rock
|turn|13
|
|t:|1661127621
|switch|p2a: Amoonguss|Amoonguss, M|49/100
|-damage|p2a: Amoonguss|37/100|[from] Stealth Rock
|move|p1a: Keldeo|Secret Sword|p2a: Amoonguss
|-resisted|p2a: Amoonguss
|-damage|p2a: Amoonguss|22/100
|
|-weather|Sandstorm|[upkeep]
|-damage|p1a: Keldeo|88/100|[from] Sandstorm
|-damage|p2a: Amoonguss|15/100|[from] Sandstorm
|-heal|p1a: Keldeo|94/100|[from] item: Leftovers
|upkeep
|turn|14
|
|t:|1661127642
|switch|p2a: Indeedee|Indeedee, M|63/100
|-damage|p2a: Indeedee|50/100|[from] Stealth Rock
|-fieldstart|move: Psychic Terrain|[from] ability: Psychic Surge|[of] p2a: Indeedee
|move|p1a: Keldeo|Secret Sword|p2a: Indeedee
|-crit|p2a: Indeedee
|-damage|p2a: Indeedee|0 fnt
|faint|p2a: Indeedee
|
|-weather|Sandstorm|[upkeep]
|-damage|p1a: Keldeo|88/100|[from] Sandstorm
|-heal|p1a: Keldeo|94/100|[from] item: Leftovers
|upkeep
|
|t:|1661127647
|switch|p2a: Amoonguss|Amoonguss, M|49/100
|-damage|p2a: Amoonguss|36/100|[from] Stealth Rock
|turn|15
|c|☆Goro Yagami 8|didn't matter
|
|t:|1661127652
|move|p1a: Keldeo|Air Slash|p2a: Amoonguss
|-supereffective|p2a: Amoonguss
|-damage|p2a: Amoonguss|0 fnt
|faint|p2a: Amoonguss
|
|-weather|Sandstorm|[upkeep]
|-damage|p1a: Keldeo|88/100|[from] Sandstorm
|-heal|p1a: Keldeo|94/100|[from] item: Leftovers
|upkeep
|
|t:|1661127657
|switch|p2a: Excadrill|Excadrill, M|97/100
|-damage|p2a: Excadrill|94/100|[from] Stealth Rock
|turn|16
|
|t:|1661127683
|move|p2a: Excadrill|Earthquake|p1a: Keldeo
|-damage|p1a: Keldeo|0 fnt
|faint|p1a: Keldeo
|
|-weather|Sandstorm|[upkeep]
|upkeep
|
|t:|1661127685
|switch|p1a: Celesteela|Celesteela|100/100
|-damage|p1a: Celesteela|88/100|[from] Stealth Rock
|turn|17
|
|t:|1661127696
|switch|p1a: Scizor|Scizor, F|91/100
|-damage|p1a: Scizor|78/100|[from] Stealth Rock
|move|p2a: Excadrill|Earthquake|p1a: Scizor
|-damage|p1a: Scizor|0 fnt
|faint|p1a: Scizor
|
|-weather|Sandstorm|[upkeep]
|upkeep
|c|☆Goro Yagami 8|wtf
|
|t:|1661127702
|switch|p1a: Celesteela|Celesteela|88/100
|-damage|p1a: Celesteela|76/100|[from] Stealth Rock
|turn|18
|
|t:|1661127705
|move|p2a: Excadrill|Earthquake|p1a: Celesteela
|-immune|p1a: Celesteela
|move|p1a: Celesteela|Autotomize|p1a: Celesteela
|-boost|p1a: Celesteela|spe|2
|-start|p1a: Celesteela|Autotomize
|
|-weather|none
|-fieldend|move: Psychic Terrain
|upkeep
|turn|19
|
|t:|1661127708
|switch|p2a: Gigalith|Gigalith, F|88/100
|-damage|p2a: Gigalith|76/100|[from] Stealth Rock
|-weather|Sandstorm|[from] ability: Sand Stream|[of] p2a: Gigalith
|move|p1a: Celesteela|Autotomize|p1a: Celesteela
|-boost|p1a: Celesteela|spe|2
|-start|p1a: Celesteela|Autotomize
|
|-weather|Sandstorm|[upkeep]
|upkeep
|turn|20
|c|☆Goro Yagami 8|I so thought you would switch
|
|t:|1661127752
|move|p1a: Celesteela|Meteor Beam||[still]
|-prepare|p1a: Celesteela|Meteor Beam
|-boost|p1a: Celesteela|spa|1
|-enditem|p1a: Celesteela|Power Herb
|-anim|p1a: Celesteela|Meteor Beam|p2a: Gigalith
|-damage|p2a: Gigalith|44/100
|move|p2a: Gigalith|Gravity|p2a: Gigalith
|-fieldstart|move: Gravity
|
|-weather|Sandstorm|[upkeep]
|upkeep
|turn|21
|c|☆A3720|this is why
|
|t:|1661127763
|move|p1a: Celesteela|Air Slash|p2a: Gigalith
|-resisted|p2a: Gigalith
|-damage|p2a: Gigalith|30/100
|move|p2a: Gigalith|Earthquake|p1a: Celesteela
|-supereffective|p1a: Celesteela
|-damage|p1a: Celesteela|18/100
|
|-weather|Sandstorm|[upkeep]
|upkeep
|turn|22
|c|☆A3720|i wanted to have sand+gravity
|c|☆A3720|it wasmy only way to kill u
|
|t:|1661127773
|move|p1a: Celesteela|Air Slash|p2a: Gigalith
|-resisted|p2a: Gigalith
|-damage|p2a: Gigalith|16/100
|move|p2a: Gigalith|Earthquake|p1a: Celesteela
|-supereffective|p1a: Celesteela
|-damage|p1a: Celesteela|0 fnt
|faint|p1a: Celesteela
|
|win|A3720
|raw|Goro Yagami 8's rating: 1471 &rarr; <strong>1453</strong><br />(-18 for losing)
|raw|A3720's rating: 1504 &rarr; <strong>1522</strong><br />(+18 for winning)
|c|☆A3720|gg
|c|☆Goro Yagami 8|damn
|c|☆Goro Yagami 8|this is making me feel\
|c|☆Goro Yagami 8|dumb
|c|☆Goro Yagami 8|gg tho
|c|☆Goro Yagami 8|gravity tech
|l|☆Goro Yagami 8
||Ladder isn't responding, score probably updated but might not have (Request timeout).
|j|☆Goro Yagami 8
|player|p1|Goro Yagami 8|102
