|j|☆tibetan bowlz
|j|☆Meow Tse Tung
|t:|1633823789
|gametype|singles
|player|p1|tibetan bowlz|102|1474
|player|p2|Meow Tse Tung|preschooler|1584
|teamsize|p1|6
|teamsize|p2|6
|gen|8
|tier|[Gen 8] UU
|rated|
|rule|Sleep Clause Mod: Limit one foe put to sleep
|rule|Species Clause: Limit one of each Pokémon
|rule|OHKO Clause: OHKO moves are banned
|rule|Evasion Moves Clause: Evasion moves are banned
|rule|Endless Battle Clause: Forcing endless battles is banned
|rule|HP Percentage Mod: HP is shown in percentages
|rule|Dynamax Clause: You cannot dynamax
|clearpoke
|poke|p1|Clefairy, M|
|poke|p1|Skarmory, F|
|poke|p1|Tangrowth, M|
|poke|p1|Sneasel, M|
|poke|p1|Zygarde-10%|
|poke|p1|Tentacruel, M|
|poke|p2|Swampert, M|
|poke|p2|Jirachi|
|poke|p2|Slowking, M|
|poke|p2|Togekiss, M|
|poke|p2|Mandibuzz, F|
|poke|p2|Zygarde-10%|
|teampreview
|c|☆Meow Tse Tung|so cute
|c|☆Meow Tse Tung|hf
|c|☆tibetan bowlz|ty
|c|☆tibetan bowlz|hf
|inactive|Battle timer is ON: inactive players will automatically lose when time's up. (requested by tibetan bowlz)
|
|t:|1633823823
|start
|switch|p1a: Tangrowth|Tangrowth, M|100/100
|switch|p2a: fuzzy buzzy|Mandibuzz, F|100/100
|turn|1
|
|t:|1633823850
|move|p2a: fuzzy buzzy|Knock Off|p1a: Tangrowth
|-damage|p1a: Tangrowth|85/100
|-enditem|p1a: Tangrowth|Assault Vest|[from] move: Knock Off|[of] p2a: fuzzy buzzy
|move|p1a: Tangrowth|Knock Off|p2a: fuzzy buzzy
|-resisted|p2a: fuzzy buzzy
|-damage|p2a: fuzzy buzzy|94/100
|-enditem|p2a: fuzzy buzzy|Heavy-Duty Boots|[from] move: Knock Off|[of] p1a: Tangrowth
|
|upkeep
|turn|2
|
|t:|1633823865
|switch|p2a: inch by flinch|Jirachi|100/100
|move|p1a: Tangrowth|Knock Off|p2a: inch by flinch
|-supereffective|p2a: inch by flinch
|-damage|p2a: inch by flinch|65/100
|-enditem|p2a: inch by flinch|Leftovers|[from] move: Knock Off|[of] p1a: Tangrowth
|
|upkeep
|turn|3
|
|t:|1633823873
|move|p2a: inch by flinch|U-turn|p1a: Tangrowth
|-supereffective|p1a: Tangrowth
|-damage|p1a: Tangrowth|61/100
|
|t:|1633823876
|switch|p2a: fuzzy buzzy|Mandibuzz, F|94/100|[from]move: U-turn
|move|p1a: Tangrowth|Earthquake|p2a: fuzzy buzzy
|-immune|p2a: fuzzy buzzy
|
|upkeep
|turn|4
|
|t:|1633823886
|move|p2a: fuzzy buzzy|Knock Off|p1a: Tangrowth
|-damage|p1a: Tangrowth|50/100
|move|p1a: Tangrowth|Sludge Bomb|p2a: fuzzy buzzy
|-damage|p2a: fuzzy buzzy|74/100
|-status|p2a: fuzzy buzzy|psn
|
|-damage|p2a: fuzzy buzzy|61/100 psn|[from] psn
|upkeep
|turn|5
|
|t:|1633823900
|move|p2a: fuzzy buzzy|Roost|p2a: fuzzy buzzy
|-heal|p2a: fuzzy buzzy|100/100 psn
|-singleturn|p2a: fuzzy buzzy|move: Roost
|move|p1a: Tangrowth|Giga Drain|p2a: fuzzy buzzy
|-damage|p2a: fuzzy buzzy|78/100 psn
|-heal|p1a: Tangrowth|62/100|[from] drain|[of] p2a: fuzzy buzzy
|
|-damage|p2a: fuzzy buzzy|66/100 psn|[from] psn
|upkeep
|turn|6
|
|t:|1633823914
|switch|p2a: inch by flinch|Jirachi|65/100
|switch|p1a: Skarmory|Skarmory, F|100/100
|
|upkeep
|turn|7
|
|t:|1633823921
|move|p2a: inch by flinch|Wish|p2a: inch by flinch
|move|p1a: Skarmory|Stealth Rock|p2a: inch by flinch
|-sidestart|p2: Meow Tse Tung|move: Stealth Rock
|
|upkeep
|turn|8
|
|t:|1633823926
|move|p2a: inch by flinch|Iron Head|p1a: Skarmory
|-resisted|p1a: Skarmory
|-damage|p1a: Skarmory|93/100
|-damage|p2a: inch by flinch|48/100|[from] item: Rocky Helmet|[of] p1a: Skarmory
|cant|p1a: Skarmory|flinch
|
|-heal|p2a: inch by flinch|98/100|[from] move: Wish|[wisher] inch by flinch
|upkeep
|turn|9
|
|t:|1633823934
|move|p2a: inch by flinch|Wish|p2a: inch by flinch
|move|p1a: Skarmory|Taunt|p2a: inch by flinch
|-start|p2a: inch by flinch|move: Taunt
|
|upkeep
|turn|10
|
|t:|1633823949
|switch|p2a: fuzzy buzzy|Mandibuzz, F|66/100 psn
|-damage|p2a: fuzzy buzzy|41/100 psn|[from] Stealth Rock
|move|p1a: Skarmory|Taunt|p2a: fuzzy buzzy
|-start|p2a: fuzzy buzzy|move: Taunt
|
|-heal|p2a: fuzzy buzzy|89/100 psn|[from] move: Wish|[wisher] inch by flinch
|-damage|p2a: fuzzy buzzy|77/100 psn|[from] psn
|upkeep
|turn|11
|
|t:|1633823963
|switch|p1a: Tangrowth|Tangrowth, M|95/100
|move|p2a: fuzzy buzzy|Knock Off|p1a: Tangrowth
|-damage|p1a: Tangrowth|85/100
|
|-damage|p2a: fuzzy buzzy|64/100 psn|[from] psn
|upkeep
|turn|12
|j| gay not by choice
|inactive|Meow Tse Tung has 120 seconds left.
|inactive|Meow Tse Tung has 90 seconds left.
|c|☆Meow Tse Tung|gay not by choice joined
|c|☆Meow Tse Tung|lol
|inactive|Meow Tse Tung has 60 seconds left.
|c|☆tibetan bowlz|im gay prolly by choice
|
|t:|1633824068
|switch|p2a: inch by flinch|Jirachi|98/100
|-damage|p2a: inch by flinch|92/100|[from] Stealth Rock
|move|p1a: Tangrowth|Sludge Bomb|p2a: inch by flinch
|-immune|p2a: inch by flinch
|
|upkeep
|turn|13
|
|t:|1633824075
|move|p2a: inch by flinch|Wish|p2a: inch by flinch
|move|p1a: Tangrowth|Earthquake|p2a: inch by flinch
|-supereffective|p2a: inch by flinch
|-damage|p2a: inch by flinch|54/100
|
|upkeep
|turn|14
|inactive|Meow Tse Tung has 60 seconds left.
|
|t:|1633824089
|switch|p1a: Skarmory|Skarmory, F|93/100
|move|p2a: inch by flinch|Iron Head|p1a: Skarmory
|-resisted|p1a: Skarmory
|-crit|p1a: Skarmory
|-damage|p1a: Skarmory|80/100
|-damage|p2a: inch by flinch|38/100|[from] item: Rocky Helmet|[of] p1a: Skarmory
|
|-heal|p2a: inch by flinch|88/100|[from] move: Wish|[wisher] inch by flinch
|upkeep
|turn|15
|inactive|Meow Tse Tung has 60 seconds left.
|inactive|Meow Tse Tung has 30 seconds left.
|inactive|Meow Tse Tung has 20 seconds left.
|inactiveoff|Battle timer is now OFF.
|
|t:|1633824147
|switch|p2a: fuzzy buzzy|Mandibuzz, F|64/100 psn
|-damage|p2a: fuzzy buzzy|39/100 psn|[from] Stealth Rock
|move|p1a: Skarmory|Taunt|p2a: fuzzy buzzy
|-start|p2a: fuzzy buzzy|move: Taunt
|
|-damage|p2a: fuzzy buzzy|27/100 psn|[from] psn
|upkeep
|turn|16
|
|t:|1633824156
|switch|p2a: togekiss my ass|Togekiss, M|100/100
|move|p1a: Skarmory|Taunt|p2a: togekiss my ass
|-start|p2a: togekiss my ass|move: Taunt
|
|upkeep
|turn|17
|
|t:|1633824169
|switch|p1a: Tentacruel|Tentacruel, M|100/100
|move|p2a: togekiss my ass|Air Slash|p1a: Tentacruel
|-damage|p1a: Tentacruel|72/100
|
|-heal|p1a: Tentacruel|78/100|[from] item: Black Sludge
|upkeep
|turn|18
|
|t:|1633824194
|switch|p1a: Sneasel|Sneasel, M|100/100
|switch|p2a: muddy buddy|Swampert, M|100/100
|-damage|p2a: muddy buddy|94/100|[from] Stealth Rock
|
|-heal|p2a: muddy buddy|100/100|[from] item: Leftovers
|upkeep
|turn|19
|
|t:|1633824208
|move|p1a: Sneasel|Knock Off|p2a: muddy buddy
|-damage|p2a: muddy buddy|59/100
|-enditem|p2a: muddy buddy|Leftovers|[from] move: Knock Off|[of] p1a: Sneasel
|move|p2a: muddy buddy|Toxic|p1a: Sneasel
|-status|p1a: Sneasel|tox
|
|-damage|p1a: Sneasel|95/100 tox|[from] psn
|upkeep
|turn|20
|
|t:|1633824228
|move|p1a: Sneasel|Knock Off|p2a: muddy buddy
|-damage|p2a: muddy buddy|33/100
|move|p2a: muddy buddy|Stealth Rock|p1a: Sneasel
|-sidestart|p1: tibetan bowlz|move: Stealth Rock
|
|-damage|p1a: Sneasel|83/100 tox|[from] psn
|upkeep
|turn|21
|
|t:|1633824243
|switch|p1a: Clefairy|Clefairy, M|100/100
|move|p2a: muddy buddy|Toxic|p1a: Clefairy|[miss]
|-miss|p2a: muddy buddy|p1a: Clefairy
|
|upkeep
|turn|22
|
|t:|1633824256
|move|p2a: muddy buddy|Flip Turn|p1a: Clefairy
|-damage|p1a: Clefairy|76/100
|
|t:|1633824259
|switch|p2a: inch by flinch|Jirachi|88/100|[from]move: Flip Turn
|-damage|p2a: inch by flinch|82/100|[from] Stealth Rock
|move|p1a: Clefairy|Moonblast|p2a: inch by flinch
|-resisted|p2a: inch by flinch
|-crit|p2a: inch by flinch
|-damage|p2a: inch by flinch|68/100
|
|upkeep
|turn|23
|
|t:|1633824268
|switch|p1a: Tentacruel|Tentacruel, M|78/100
|-damage|p1a: Tentacruel|66/100|[from] Stealth Rock
|move|p2a: inch by flinch|Wish|p2a: inch by flinch
|
|-heal|p1a: Tentacruel|72/100|[from] item: Black Sludge
|upkeep
|turn|24
|
|t:|1633824276
|move|p2a: inch by flinch|U-turn|p1a: Tentacruel
|-resisted|p1a: Tentacruel
|-damage|p1a: Tentacruel|64/100
|
|t:|1633824278
|switch|p2a: muddy buddy|Swampert, M|33/100|[from]move: U-turn
|-damage|p2a: muddy buddy|27/100|[from] Stealth Rock
|move|p1a: Tentacruel|Rapid Spin|p2a: muddy buddy
|-crit|p2a: muddy buddy
|-damage|p2a: muddy buddy|20/100
|-boost|p1a: Tentacruel|spe|1
|-sideend|p1: tibetan bowlz|Stealth Rock|[from] move: Rapid Spin|[of] p1a: Tentacruel
|
|-heal|p2a: muddy buddy|70/100|[from] move: Wish|[wisher] inch by flinch
|-heal|p1a: Tentacruel|70/100|[from] item: Black Sludge
|upkeep
|turn|25
|
|t:|1633824290
|move|p1a: Tentacruel|Scald|p2a: muddy buddy
|-damage|p2a: muddy buddy|47/100
|-status|p2a: muddy buddy|brn
|move|p2a: muddy buddy|Stealth Rock|p1a: Tentacruel
|-sidestart|p1: tibetan bowlz|move: Stealth Rock
|
|-heal|p1a: Tentacruel|76/100|[from] item: Black Sludge
|-damage|p2a: muddy buddy|41/100 brn|[from] brn
|upkeep
|turn|26
|
|t:|1633824300
|switch|p2a: inch by flinch|Jirachi|68/100
|-damage|p2a: inch by flinch|61/100|[from] Stealth Rock
|move|p1a: Tentacruel|Scald|p2a: inch by flinch
|-damage|p2a: inch by flinch|43/100
|
|-heal|p1a: Tentacruel|82/100|[from] item: Black Sludge
|upkeep
|turn|27
|
|t:|1633824309
|move|p1a: Tentacruel|Rapid Spin|p2a: inch by flinch
|-resisted|p2a: inch by flinch
|-damage|p2a: inch by flinch|39/100
|-boost|p1a: Tentacruel|spe|1
|-sideend|p1: tibetan bowlz|Stealth Rock|[from] move: Rapid Spin|[of] p1a: Tentacruel
|move|p2a: inch by flinch|Wish|p2a: inch by flinch
|
|-heal|p1a: Tentacruel|88/100|[from] item: Black Sludge
|upkeep
|turn|28
|
|t:|1633824321
|move|p1a: Tentacruel|Scald|p2a: inch by flinch
|-damage|p2a: inch by flinch|21/100
|-status|p2a: inch by flinch|brn
|move|p2a: inch by flinch|Iron Head|p1a: Tentacruel
|-resisted|p1a: Tentacruel
|-crit|p1a: Tentacruel
|-damage|p1a: Tentacruel|78/100
|
|-heal|p2a: inch by flinch|71/100 brn|[from] move: Wish|[wisher] inch by flinch
|-heal|p1a: Tentacruel|84/100|[from] item: Black Sludge
|-damage|p2a: inch by flinch|65/100 brn|[from] brn
|upkeep
|turn|29
|
|t:|1633824338
|switch|p1a: Zygarde|Zygarde-10%|100/100
|-ability|p1a: Zygarde|Aura Break
|move|p2a: inch by flinch|Wish|p2a: inch by flinch
|
|-damage|p2a: inch by flinch|59/100 brn|[from] brn
|upkeep
|turn|30
|
|t:|1633824349
|switch|p1a: Sneasel|Sneasel, M|83/100 tox
|move|p2a: inch by flinch|Protect||[still]
|-fail|p2a: inch by flinch
|
|-heal|p2a: inch by flinch|100/100 brn|[from] move: Wish|[wisher] inch by flinch
|-damage|p1a: Sneasel|77/100 tox|[from] psn
|-damage|p2a: inch by flinch|94/100 brn|[from] brn
|upkeep
|turn|31
|
|t:|1633824359
|move|p1a: Sneasel|Knock Off|p2a: inch by flinch
|-supereffective|p2a: inch by flinch
|-damage|p2a: inch by flinch|25/100 brn
|move|p2a: inch by flinch|Wish|p2a: inch by flinch
|
|-damage|p1a: Sneasel|65/100 tox|[from] psn
|-damage|p2a: inch by flinch|19/100 brn|[from] brn
|upkeep
|turn|32
|
|t:|1633824368
|switch|p1a: Zygarde|Zygarde-10%|100/100
|-ability|p1a: Zygarde|Aura Break
|move|p2a: inch by flinch|Protect||[still]
|-fail|p2a: inch by flinch
|
|-heal|p2a: inch by flinch|69/100 brn|[from] move: Wish|[wisher] inch by flinch
|-damage|p2a: inch by flinch|63/100 brn|[from] brn
|upkeep
|turn|33
|
|t:|1633824378
|switch|p2a: think pink|Slowking, M|100/100
|move|p1a: Zygarde|Thousand Arrows|p2a: think pink
|-damage|p2a: think pink|57/100
|
|upkeep
|turn|34
|
|t:|1633824386
|move|p1a: Zygarde|Thousand Arrows|p2a: think pink
|-damage|p2a: think pink|14/100
|move|p2a: think pink|Teleport|p2a: think pink
|
|t:|1633824389
|switch|p2a: togekiss my ass|Togekiss, M|100/100|[from]move: Teleport
|
|upkeep
|turn|35
|
|t:|1633824395
|move|p1a: Zygarde|Thousand Arrows|p2a: togekiss my ass
|-damage|p2a: togekiss my ass|53/100
|-start|p2a: togekiss my ass|Smack Down
|move|p2a: togekiss my ass|Heal Bell|p2a: togekiss my ass
|-activate|p2a: togekiss my ass|move: Heal Bell
|-curestatus|p2: muddy buddy|brn|[msg]
|-curestatus|p2: inch by flinch|brn|[msg]
|-curestatus|p2: fuzzy buzzy|psn|[msg]
|
|upkeep
|turn|36
|
|t:|1633824405
|move|p1a: Zygarde|Thousand Arrows|p2a: togekiss my ass
|-damage|p2a: togekiss my ass|5/100
|move|p2a: togekiss my ass|Roost|p2a: togekiss my ass
|-heal|p2a: togekiss my ass|55/100
|-singleturn|p2a: togekiss my ass|move: Roost
|
|upkeep
|turn|37
|
|t:|1633824420
|move|p1a: Zygarde|Thousand Arrows|p2a: togekiss my ass
|-damage|p2a: togekiss my ass|5/100
|move|p2a: togekiss my ass|Roost|p2a: togekiss my ass
|-heal|p2a: togekiss my ass|55/100
|-singleturn|p2a: togekiss my ass|move: Roost
|
|upkeep
|turn|38
|
|t:|1633824428
|switch|p1a: Sneasel|Sneasel, M|65/100 tox
|move|p2a: togekiss my ass|Roost|p2a: togekiss my ass
|-heal|p2a: togekiss my ass|100/100
|-singleturn|p2a: togekiss my ass|move: Roost
|
|-damage|p1a: Sneasel|59/100 tox|[from] psn
|upkeep
|turn|39
|
|t:|1633824461
|switch|p2a: fuzzy buzzy|Mandibuzz, F|27/100
|-damage|p2a: fuzzy buzzy|2/100|[from] Stealth Rock
|move|p1a: Sneasel|Knock Off|p2a: fuzzy buzzy
|-resisted|p2a: fuzzy buzzy
|-damage|p2a: fuzzy buzzy|0 fnt
|faint|p2a: fuzzy buzzy
|
|-damage|p1a: Sneasel|47/100 tox|[from] psn
|upkeep
|
|t:|1633824467
|switch|p2a: togekiss my ass|Togekiss, M|100/100
|turn|40
|
|t:|1633824477
|move|p1a: Sneasel|Knock Off|p2a: togekiss my ass
|-resisted|p2a: togekiss my ass
|-damage|p2a: togekiss my ass|73/100
|-enditem|p2a: togekiss my ass|Heavy-Duty Boots|[from] move: Knock Off|[of] p1a: Sneasel
|move|p2a: togekiss my ass|Air Slash|p1a: Sneasel
|-damage|p1a: Sneasel|0 fnt
|faint|p1a: Sneasel
|
|upkeep
|
|t:|1633824488
|switch|p1a: Tentacruel|Tentacruel, M|84/100
|turn|41
|
|t:|1633824504
|switch|p1a: Zygarde|Zygarde-10%|100/100
|-ability|p1a: Zygarde|Aura Break
|switch|p2a: inch by flinch|Jirachi|63/100
|-damage|p2a: inch by flinch|57/100|[from] Stealth Rock
|
|upkeep
|turn|42
|
|t:|1633824512
|move|p2a: inch by flinch|Protect|p2a: inch by flinch
|-singleturn|p2a: inch by flinch|Protect
|move|p1a: Zygarde|Thousand Arrows|p2a: inch by flinch
|-activate|p2a: inch by flinch|move: Protect
|
|upkeep
|turn|43
|
|t:|1633824517
|switch|p2a: muddy buddy|Swampert, M|41/100
|-damage|p2a: muddy buddy|35/100|[from] Stealth Rock
|move|p1a: Zygarde|Thousand Arrows|p2a: muddy buddy
|-damage|p2a: muddy buddy|0 fnt
|faint|p2a: muddy buddy
|
|upkeep
|
|t:|1633824522
|switch|p2a: think pink|Slowking, M|48/100
|turn|44
|
|t:|1633824526
|move|p1a: Zygarde|Thousand Arrows|p2a: think pink
|-damage|p2a: think pink|9/100
|move|p2a: think pink|Slack Off|p2a: think pink
|-heal|p2a: think pink|59/100
|
|upkeep
|turn|45
|
|t:|1633824537
|switch|p1a: Tentacruel|Tentacruel, M|84/100
|move|p2a: think pink|Slack Off|p2a: think pink
|-heal|p2a: think pink|100/100
|
|-heal|p1a: Tentacruel|90/100|[from] item: Black Sludge
|upkeep
|turn|46
|
|t:|1633824553
|move|p1a: Tentacruel|Scald|p2a: think pink
|-resisted|p2a: think pink
|-damage|p2a: think pink|92/100
|move|p2a: think pink|Future Sight|p1a: Tentacruel
|-start|p2a: think pink|move: Future Sight
|
|-heal|p1a: Tentacruel|96/100|[from] item: Black Sludge
|upkeep
|turn|47
|
|t:|1633824560
|move|p1a: Tentacruel|Knock Off|p2a: think pink
|-supereffective|p2a: think pink
|-damage|p2a: think pink|68/100
|-enditem|p2a: think pink|Heavy-Duty Boots|[from] move: Knock Off|[of] p1a: Tentacruel
|move|p2a: think pink|Teleport|p2a: think pink
|
|t:|1633824574
|switch|p2a: togekiss my ass|Togekiss, M|73/100|[from]move: Teleport
|-damage|p2a: togekiss my ass|48/100|[from] Stealth Rock
|
|-heal|p1a: Tentacruel|100/100|[from] item: Black Sludge
|upkeep
|turn|48
|
|t:|1633824581
|move|p1a: Tentacruel|Sludge Bomb|p2a: togekiss my ass
|-supereffective|p2a: togekiss my ass
|-damage|p2a: togekiss my ass|6/100
|move|p2a: togekiss my ass|Roost|p2a: togekiss my ass
|-heal|p2a: togekiss my ass|56/100
|-singleturn|p2a: togekiss my ass|move: Roost
|
|-end|p1a: Tentacruel|move: Future Sight
|-supereffective|p1a: Tentacruel
|-damage|p1a: Tentacruel|29/100
|-heal|p1a: Tentacruel|35/100|[from] item: Black Sludge
|upkeep
|turn|49
|
|t:|1633824591
|switch|p2a: inch by flinch|Jirachi|57/100
|-damage|p2a: inch by flinch|51/100|[from] Stealth Rock
|move|p1a: Tentacruel|Sludge Bomb|p2a: inch by flinch
|-immune|p2a: inch by flinch
|
|-heal|p1a: Tentacruel|41/100|[from] item: Black Sludge
|upkeep
|turn|50
|
|t:|1633824604
|move|p2a: inch by flinch|Wish|p2a: inch by flinch
|move|p1a: Tentacruel|Scald|p2a: inch by flinch
|-damage|p2a: inch by flinch|31/100
|
|-heal|p1a: Tentacruel|47/100|[from] item: Black Sludge
|upkeep
|turn|51
|
|t:|1633824610
|move|p2a: inch by flinch|Iron Head|p1a: Tentacruel
|-resisted|p1a: Tentacruel
|-damage|p1a: Tentacruel|32/100
|move|p1a: Tentacruel|Scald|p2a: inch by flinch
|-damage|p2a: inch by flinch|12/100
|
|-heal|p2a: inch by flinch|62/100|[from] move: Wish|[wisher] inch by flinch
|-heal|p1a: Tentacruel|38/100|[from] item: Black Sludge
|upkeep
|turn|52
|
|t:|1633824619
|move|p2a: inch by flinch|Wish|p2a: inch by flinch
|move|p1a: Tentacruel|Scald|p2a: inch by flinch
|-damage|p2a: inch by flinch|43/100
|
|-heal|p1a: Tentacruel|44/100|[from] item: Black Sludge
|upkeep
|turn|53
|
|t:|1633824628
|switch|p1a: Skarmory|Skarmory, F|80/100
|move|p2a: inch by flinch|Iron Head|p1a: Skarmory
|-resisted|p1a: Skarmory
|-damage|p1a: Skarmory|71/100
|-damage|p2a: inch by flinch|26/100|[from] item: Rocky Helmet|[of] p1a: Skarmory
|
|-heal|p2a: inch by flinch|76/100|[from] move: Wish|[wisher] inch by flinch
|upkeep
|turn|54
|l| gay not by choice
|
|t:|1633824639
|move|p2a: inch by flinch|Wish|p2a: inch by flinch
|move|p1a: Skarmory|Taunt|p2a: inch by flinch
|-start|p2a: inch by flinch|move: Taunt
|
|upkeep
|turn|55
|
|t:|1633824654
|switch|p2a: think pink|Slowking, M|100/100
|-damage|p2a: think pink|88/100|[from] Stealth Rock
|move|p1a: Skarmory|Brave Bird|p2a: think pink
|-damage|p2a: think pink|61/100
|-damage|p1a: Skarmory|61/100|[from] Recoil
|
|-heal|p2a: think pink|100/100|[from] move: Wish|[wisher] inch by flinch
|upkeep
|turn|56
|
|t:|1633824664
|switch|p1a: Tangrowth|Tangrowth, M|100/100
|move|p2a: think pink|Future Sight|p1a: Tangrowth
|-start|p2a: think pink|move: Future Sight
|
|upkeep
|turn|57
|
|t:|1633824671
|move|p1a: Tangrowth|Giga Drain|p2a: think pink
|-supereffective|p2a: think pink
|-damage|p2a: think pink|58/100
|move|p2a: think pink|Teleport|p2a: think pink
|
|t:|1633824674
|switch|p2a: togekiss my ass|Togekiss, M|56/100|[from]move: Teleport
|-damage|p2a: togekiss my ass|31/100|[from] Stealth Rock
|
|upkeep
|turn|58
|
|t:|1633824679
|move|p2a: togekiss my ass|Roost|p2a: togekiss my ass
|-heal|p2a: togekiss my ass|81/100
|-singleturn|p2a: togekiss my ass|move: Roost
|move|p1a: Tangrowth|Sludge Bomb|p2a: togekiss my ass
|-supereffective|p2a: togekiss my ass
|-damage|p2a: togekiss my ass|47/100
|
|-end|p1a: Tangrowth|move: Future Sight
|-damage|p1a: Tangrowth|65/100
|upkeep
|turn|59
|
|t:|1633824696
|move|p2a: togekiss my ass|Air Slash|p1a: Tangrowth
|-supereffective|p1a: Tangrowth
|-damage|p1a: Tangrowth|5/100
|cant|p1a: Tangrowth|flinch
|
|upkeep
|turn|60
|
|t:|1633824705
|switch|p1a: Tentacruel|Tentacruel, M|44/100
|move|p2a: togekiss my ass|Roost|p2a: togekiss my ass
|-heal|p2a: togekiss my ass|97/100
|-singleturn|p2a: togekiss my ass|move: Roost
|
|-heal|p1a: Tentacruel|50/100|[from] item: Black Sludge
|upkeep
|turn|61
|
|t:|1633824719
|switch|p1a: Tangrowth|Tangrowth, M|38/100
|switch|p2a: think pink|Slowking, M|91/100
|-damage|p2a: think pink|79/100|[from] Stealth Rock
|
|upkeep
|turn|62
|
|t:|1633824727
|switch|p2a: inch by flinch|Jirachi|76/100
|-damage|p2a: inch by flinch|70/100|[from] Stealth Rock
|move|p1a: Tangrowth|Giga Drain|p2a: inch by flinch
|-resisted|p2a: inch by flinch
|-damage|p2a: inch by flinch|58/100
|-heal|p1a: Tangrowth|44/100|[from] drain|[of] p2a: inch by flinch
|
|upkeep
|turn|63
|
|t:|1633824737
|move|p2a: inch by flinch|Wish|p2a: inch by flinch
|move|p1a: Tangrowth|Earthquake|p2a: inch by flinch
|-supereffective|p2a: inch by flinch
|-damage|p2a: inch by flinch|26/100
|
|upkeep
|turn|64
|
|t:|1633824746
|switch|p1a: Zygarde|Zygarde-10%|100/100
|-ability|p1a: Zygarde|Aura Break
|move|p2a: inch by flinch|Protect||[still]
|-fail|p2a: inch by flinch
|
|-heal|p2a: inch by flinch|76/100|[from] move: Wish|[wisher] inch by flinch
|upkeep
|turn|65
|
|t:|1633824755
|move|p2a: inch by flinch|Protect|p2a: inch by flinch
|-singleturn|p2a: inch by flinch|Protect
|move|p1a: Zygarde|Thousand Arrows|p2a: inch by flinch
|-activate|p2a: inch by flinch|move: Protect
|
|upkeep
|turn|66
|
|t:|1633824761
|switch|p2a: think pink|Slowking, M|100/100
|-damage|p2a: think pink|88/100|[from] Stealth Rock
|move|p1a: Zygarde|Thousand Arrows|p2a: think pink
|-damage|p2a: think pink|44/100
|
|upkeep
|turn|67
|
|t:|1633824767
|move|p1a: Zygarde|Thousand Arrows|p2a: think pink
|-damage|p2a: think pink|0 fnt
|faint|p2a: think pink
|
|upkeep
|
|t:|1633824778
|switch|p2a: Zygarde-10% off|Zygarde-10%|100/100
|-damage|p2a: Zygarde-10% off|94/100|[from] Stealth Rock
|-ability|p2a: Zygarde-10% off|Aura Break
|turn|68
|
|t:|1633824792
|switch|p1a: Clefairy|Clefairy, M|76/100
|switch|p2a: inch by flinch|Jirachi|76/100
|-damage|p2a: inch by flinch|70/100|[from] Stealth Rock
|
|upkeep
|turn|69
|
|t:|1633824801
|move|p2a: inch by flinch|Wish|p2a: inch by flinch
|move|p1a: Clefairy|Flamethrower|p2a: inch by flinch
|-supereffective|p2a: inch by flinch
|-damage|p2a: inch by flinch|46/100
|
|upkeep
|turn|70
|
|t:|1633824807
|switch|p1a: Skarmory|Skarmory, F|61/100
|move|p2a: inch by flinch|U-turn|p1a: Skarmory
|-resisted|p1a: Skarmory
|-damage|p1a: Skarmory|59/100
|-damage|p2a: inch by flinch|30/100|[from] item: Rocky Helmet|[of] p1a: Skarmory
|
|t:|1633824811
|switch|p2a: togekiss my ass|Togekiss, M|97/100|[from]move: U-turn
|-damage|p2a: togekiss my ass|72/100|[from] Stealth Rock
|
|-heal|p2a: togekiss my ass|100/100|[from] move: Wish|[wisher] inch by flinch
|upkeep
|turn|71
|
|t:|1633824821
|move|p2a: togekiss my ass|Nasty Plot|p2a: togekiss my ass
|-boost|p2a: togekiss my ass|spa|2
|move|p1a: Skarmory|Roost|p1a: Skarmory
|-heal|p1a: Skarmory|100/100
|-singleturn|p1a: Skarmory|move: Roost
|
|upkeep
|turn|72
|
|t:|1633824838
|move|p2a: togekiss my ass|Air Slash|p1a: Skarmory
|-resisted|p1a: Skarmory
|-damage|p1a: Skarmory|52/100
|cant|p1a: Skarmory|flinch
|
|upkeep
|turn|73
|
|t:|1633824852
|move|p2a: togekiss my ass|Air Slash|p1a: Skarmory
|-resisted|p1a: Skarmory
|-damage|p1a: Skarmory|5/100
|cant|p1a: Skarmory|flinch
|
|upkeep
|turn|74
|
|t:|1633824857
|move|p2a: togekiss my ass|Air Slash|p1a: Skarmory
|-resisted|p1a: Skarmory
|-damage|p1a: Skarmory|0 fnt
|faint|p1a: Skarmory
|
|upkeep
|
|t:|1633824861
|switch|p1a: Tentacruel|Tentacruel, M|50/100
|turn|75
|
|t:|1633824868
|move|p1a: Tentacruel|Sludge Bomb|p2a: togekiss my ass
|-supereffective|p2a: togekiss my ass
|-damage|p2a: togekiss my ass|58/100
|move|p2a: togekiss my ass|Air Slash|p1a: Tentacruel|[miss]
|-miss|p2a: togekiss my ass|p1a: Tentacruel
|
|-heal|p1a: Tentacruel|56/100|[from] item: Black Sludge
|upkeep
|turn|76
|
|t:|1633824880
|switch|p2a: Zygarde-10% off|Zygarde-10%|94/100
|-damage|p2a: Zygarde-10% off|88/100|[from] Stealth Rock
|-ability|p2a: Zygarde-10% off|Aura Break
|move|p1a: Tentacruel|Sludge Bomb|p2a: Zygarde-10% off
|-resisted|p2a: Zygarde-10% off
|-crit|p2a: Zygarde-10% off
|-damage|p2a: Zygarde-10% off|56/100
|-status|p2a: Zygarde-10% off|psn
|
|-heal|p1a: Tentacruel|62/100|[from] item: Black Sludge
|-damage|p2a: Zygarde-10% off|43/100 psn|[from] psn
|upkeep
|turn|77
|
|t:|1633824898
|switch|p2a: inch by flinch|Jirachi|30/100
|-damage|p2a: inch by flinch|24/100|[from] Stealth Rock
|switch|p1a: Tangrowth|Tangrowth, M|78/100
|
|upkeep
|turn|78
|
|t:|1633824907
|move|p2a: inch by flinch|Wish|p2a: inch by flinch
|move|p1a: Tangrowth|Earthquake|p2a: inch by flinch
|-supereffective|p2a: inch by flinch
|-damage|p2a: inch by flinch|0 fnt
|faint|p2a: inch by flinch
|
|upkeep
|
|t:|1633824910
|switch|p2a: togekiss my ass|Togekiss, M|58/100
|-damage|p2a: togekiss my ass|33/100|[from] Stealth Rock
|turn|79
|
|t:|1633824918
|move|p2a: togekiss my ass|Air Slash|p1a: Tangrowth
|-supereffective|p1a: Tangrowth
|-damage|p1a: Tangrowth|10/100
|move|p1a: Tangrowth|Sludge Bomb|p2a: togekiss my ass
|-supereffective|p2a: togekiss my ass
|-damage|p2a: togekiss my ass|0 fnt
|faint|p2a: togekiss my ass
|
|upkeep
|c|☆Meow Tse Tung|gg
|c|☆Meow Tse Tung|thanks for not timering
|-message|Meow Tse Tung forfeited.
|
|win|tibetan bowlz
|raw|tibetan bowlz's rating: 1474 &rarr; <strong>1500</strong><br />(+26 for winning)
|raw|Meow Tse Tung's rating: 1584 &rarr; <strong>1558</strong><br />(-26 for losing)
|c|☆tibetan bowlz|gg
|c|☆tibetan bowlz|np
