|j|☆EmDee
|j|☆woodey
|t:|1665379327
|gametype|singles
|player|p1|EmDee|169|1300
|player|p2|woodey|giovanni|1454
|teamsize|p1|6
|teamsize|p2|6
|gen|8
|tier|[Gen 8] UU
|rated|
|rule|Sleep Clause Mod: Limit one foe put to sleep
|rule|Species Clause: Limit one of each Pokémon
|rule|OHKO Clause: OHKO moves are banned
|rule|Evasion Items Clause: Evasion items are banned
|rule|Evasion Moves Clause: Evasion moves are banned
|rule|Endless Battle Clause: Forcing endless battles is banned
|rule|HP Percentage Mod: HP is shown in percentages
|rule|Dynamax Clause: You cannot dynamax
|clearpoke
|poke|p1|Azumarill, M|
|poke|p1|Conkeldurr, F|
|poke|p1|Thundurus-Therian, M|
|poke|p1|Zarude-Dada|
|poke|p1|Jirachi|
|poke|p1|Rotom-Heat|
|poke|p2|Thundurus-Therian, M|
|poke|p2|Registeel|
|poke|p2|Hydreigon, F|
|poke|p2|Starmie|
|poke|p2|Nidoking, M|
|poke|p2|Conkeldurr, F|
|teampreview
|inactive|Battle timer is ON: inactive players will automatically lose when time's up. (requested by EmDee)
|
|t:|1665379355
|start
|switch|p1a: Zarude|Zarude-Dada|100/100
|switch|p2a: Thundurus|Thundurus-Therian, M|100/100
|turn|1
|
|t:|1665379372
|move|p1a: Zarude|Darkest Lariat|p2a: Thundurus
|-damage|p2a: Thundurus|28/100
|move|p2a: Thundurus|Knock Off|p1a: Zarude
|-resisted|p1a: Zarude
|-damage|p1a: Zarude|89/100
|-enditem|p1a: Zarude|Heavy-Duty Boots|[from] move: Knock Off|[of] p2a: Thundurus
|
|upkeep
|turn|2
|
|t:|1665379395
|switch|p2a: Conkeldurr|Conkeldurr, F|100/100
|move|p1a: Zarude|U-turn|p2a: Conkeldurr
|-resisted|p2a: Conkeldurr
|-damage|p2a: Conkeldurr|89/100
|inactive|EmDee has 120 seconds left.
|
|t:|1665379408
|switch|p1a: Azumarill|Azumarill, M|100/100|[from]move: U-turn
|
|-status|p2a: Conkeldurr|brn|[from] item: Flame Orb
|upkeep
|turn|3
|
|t:|1665379419
|move|p2a: Conkeldurr|Facade|p1a: Azumarill
|-damage|p1a: Azumarill|15/100
|move|p1a: Azumarill|Play Rough|p2a: Conkeldurr
|-supereffective|p2a: Conkeldurr
|-damage|p2a: Conkeldurr|0 fnt
|faint|p2a: Conkeldurr
|
|upkeep
|
|t:|1665379427
|switch|p2a: Hydreigon|Hydreigon, F|100/100
|turn|4
|j| ShivaMeta
|
|t:|1665379444
|switch|p1a: Conkeldurr|Conkeldurr, F|100/100
|move|p2a: Hydreigon|Dark Pulse|p1a: Conkeldurr
|-resisted|p1a: Conkeldurr
|-damage|p1a: Conkeldurr|84/100
|
|upkeep
|turn|5
|l| ShivaMeta
|inactive|EmDee has 120 seconds left.
|
|t:|1665379459
|switch|p2a: Starmie|Starmie|100/100
|move|p1a: Conkeldurr|Drain Punch|p2a: Starmie
|-resisted|p2a: Starmie
|-damage|p2a: Starmie|65/100
|-heal|p1a: Conkeldurr|95/100|[from] drain|[of] p2a: Starmie
|
|upkeep
|turn|6
|inactive|EmDee has 120 seconds left.
|
|t:|1665379474
|switch|p1a: Jirachi|Jirachi|100/100
|move|p2a: Starmie|Scald|p1a: Jirachi
|-damage|p1a: Jirachi|69/100
|
|upkeep
|turn|7
|inactive|EmDee has 120 seconds left.
|
|t:|1665379489
|move|p1a: Jirachi|U-turn|p2a: Starmie
|-supereffective|p2a: Starmie
|-damage|p2a: Starmie|7/100
|
|t:|1665379493
|switch|p1a: Conkeldurr|Conkeldurr, F|95/100|[from]move: U-turn
|move|p2a: Starmie|Scald|p1a: Conkeldurr
|-damage|p1a: Conkeldurr|69/100
|
|upkeep
|turn|8
|
|t:|1665379500
|move|p1a: Conkeldurr|Mach Punch|p2a: Starmie
|-resisted|p2a: Starmie
|-damage|p2a: Starmie|0 fnt
|faint|p2a: Starmie
|
|upkeep
|
|t:|1665379505
|switch|p2a: Thundurus|Thundurus-Therian, M|28/100
|turn|9
|
|t:|1665379513
|switch|p1a: Thundurus|Thundurus-Therian, M|100/100
|move|p2a: Thundurus|Psychic|p1a: Thundurus
|-damage|p1a: Thundurus|56/100
|
|upkeep
|turn|10
|
|t:|1665379526
|move|p1a: Thundurus|Psychic|p2a: Thundurus
|-crit|p2a: Thundurus
|-damage|p2a: Thundurus|0 fnt
|faint|p2a: Thundurus
|
|upkeep
|
|t:|1665379529
|switch|p2a: Registeel|Registeel|100/100
|turn|11
|
|t:|1665379535
|move|p1a: Thundurus|Nasty Plot|p1a: Thundurus
|-boost|p1a: Thundurus|spa|2
|move|p2a: Registeel|Amnesia|p2a: Registeel
|-boost|p2a: Registeel|spd|2
|
|upkeep
|turn|12
|
|t:|1665379544
|move|p1a: Thundurus|Nasty Plot|p1a: Thundurus
|-boost|p1a: Thundurus|spa|2
|move|p2a: Registeel|Amnesia|p2a: Registeel
|-boost|p2a: Registeel|spd|2
|
|upkeep
|turn|13
|
|t:|1665379548
|move|p1a: Thundurus|Nasty Plot|p1a: Thundurus
|-boost|p1a: Thundurus|spa|2
|move|p2a: Registeel|Amnesia|p2a: Registeel
|-boost|p2a: Registeel|spd|2
|
|upkeep
|turn|14
|
|t:|1665379556
|move|p1a: Thundurus|Thunderbolt|p2a: Registeel
|-damage|p2a: Registeel|75/100
|move|p2a: Registeel|Iron Defense|p2a: Registeel
|-boost|p2a: Registeel|def|2
|
|-heal|p2a: Registeel|81/100|[from] item: Leftovers
|upkeep
|turn|15
|
|t:|1665379561
|move|p1a: Thundurus|Thunderbolt|p2a: Registeel
|-damage|p2a: Registeel|55/100
|move|p2a: Registeel|Iron Defense|p2a: Registeel
|-boost|p2a: Registeel|def|2
|
|-heal|p2a: Registeel|61/100|[from] item: Leftovers
|upkeep
|turn|16
|
|t:|1665379565
|move|p1a: Thundurus|Thunderbolt|p2a: Registeel
|-damage|p2a: Registeel|33/100
|move|p2a: Registeel|Iron Defense|p2a: Registeel
|-boost|p2a: Registeel|def|2
|
|-heal|p2a: Registeel|39/100|[from] item: Leftovers
|upkeep
|turn|17
|
|t:|1665379567
|move|p1a: Thundurus|Thunderbolt|p2a: Registeel
|-damage|p2a: Registeel|12/100
|move|p2a: Registeel|Rest|p2a: Registeel
|-status|p2a: Registeel|slp|[from] move: Rest
|-heal|p2a: Registeel|100/100 slp|[silent]
|
|upkeep
|turn|18
|
|t:|1665379577
|move|p1a: Thundurus|Thunderbolt|p2a: Registeel
|-damage|p2a: Registeel|73/100 slp
|cant|p2a: Registeel|slp
|
|-heal|p2a: Registeel|79/100 slp|[from] item: Leftovers
|upkeep
|turn|19
|
|t:|1665379579
|move|p1a: Thundurus|Thunderbolt|p2a: Registeel
|-damage|p2a: Registeel|54/100 slp
|cant|p2a: Registeel|slp
|
|-heal|p2a: Registeel|60/100 slp|[from] item: Leftovers
|upkeep
|turn|20
|
|t:|1665379582
|move|p1a: Thundurus|Thunderbolt|p2a: Registeel
|-damage|p2a: Registeel|32/100 slp
|-curestatus|p2a: Registeel|slp|[msg]
|move|p2a: Registeel|Body Press|p1a: Thundurus
|-resisted|p1a: Thundurus
|-damage|p1a: Thundurus|0 fnt
|faint|p1a: Thundurus
|
|-heal|p2a: Registeel|38/100|[from] item: Leftovers
|upkeep
|c|☆woodey|crit me not
|
|t:|1665379589
|switch|p1a: Jirachi|Jirachi|69/100
|turn|21
|
|t:|1665379596
|move|p1a: Jirachi|Trick|p2a: Registeel
|-activate|p1a: Jirachi|move: Trick|[of] p2a: Registeel
|-item|p2a: Registeel|Choice Scarf|[from] move: Trick
|-item|p1a: Jirachi|Leftovers|[from] move: Trick
|move|p2a: Registeel|Body Press|p1a: Jirachi
|-damage|p1a: Jirachi|0 fnt
|faint|p1a: Jirachi
|
|upkeep
|
|t:|1665379605
|switch|p1a: Rotom|Rotom-Heat|100/100
|turn|22
|
|t:|1665379611
|move|p1a: Rotom|Overheat|p2a: Registeel|[miss]
|-miss|p1a: Rotom|p2a: Registeel
|move|p2a: Registeel|Body Press|p1a: Rotom
|-damage|p1a: Rotom|0 fnt
|faint|p1a: Rotom
|
|upkeep
|c|☆woodey|obviously wouldnt have killed
|
|t:|1665379619
|switch|p1a: Azumarill|Azumarill, M|15/100
|turn|23
|
|t:|1665379623
|move|p2a: Registeel|Body Press|p1a: Azumarill
|-resisted|p1a: Azumarill
|-damage|p1a: Azumarill|0 fnt
|faint|p1a: Azumarill
|
|upkeep
|
|t:|1665379628
|switch|p1a: Zarude|Zarude-Dada|89/100
|turn|24
|
|t:|1665379634
|move|p1a: Zarude|Darkest Lariat|p2a: Registeel
|-damage|p2a: Registeel|12/100
|move|p2a: Registeel|Body Press|p1a: Zarude
|-supereffective|p1a: Zarude
|-damage|p1a: Zarude|0 fnt
|faint|p1a: Zarude
|
|upkeep
|
|t:|1665379637
|switch|p1a: Conkeldurr|Conkeldurr, F|69/100
|turn|25
|
|t:|1665379642
|move|p1a: Conkeldurr|Mach Punch|p2a: Registeel
|-supereffective|p2a: Registeel
|-damage|p2a: Registeel|4/100
|move|p2a: Registeel|Body Press|p1a: Conkeldurr
|-damage|p1a: Conkeldurr|0 fnt
|faint|p1a: Conkeldurr
|
|win|woodey
|raw|EmDee's rating: 1300 &rarr; <strong>1285</strong><br />(-15 for losing)
|raw|woodey's rating: 1454 &rarr; <strong>1466</strong><br />(+12 for winning)
|l|☆EmDee
