|j|☆DQ Low Tier Legend
|j|☆esqimo589
|t:|1655317963
|gametype|singles
|player|p1|DQ Low Tier Legend|lucas|1459
|player|p2|esqimo589|n|1428
|teamsize|p1|6
|teamsize|p2|6
|gen|8
|tier|[Gen 8] UU
|rated|
|rule|Sleep Clause Mod: Limit one foe put to sleep
|rule|Species Clause: Limit one of each Pokémon
|rule|OHKO Clause: OHKO moves are banned
|rule|Evasion Moves Clause: Evasion moves are banned
|rule|Endless Battle Clause: Forcing endless battles is banned
|rule|HP Percentage Mod: HP is shown in percentages
|rule|Dynamax Clause: You cannot dynamax
|clearpoke
|poke|p1|Rotom-Wash|
|poke|p1|Excadrill, M|
|poke|p1|Tangrowth, F|
|poke|p1|Scizor, M|
|poke|p1|Suicune|
|poke|p1|Togekiss, M|
|poke|p2|Skarmory, F|
|poke|p2|Starmie|
|poke|p2|Excadrill, M|
|poke|p2|Hydreigon, M|
|poke|p2|Tangrowth, F|
|poke|p2|Nihilego|
|teampreview
|inactive|Battle timer is ON: inactive players will automatically lose when time's up. (requested by esqimo589)
|
|t:|1655317979
|start
|switch|p1a: Rotom|Rotom-Wash|100/100
|switch|p2a: squish|Skarmory, F|100/100
|turn|1
|
|t:|1655317985
|switch|p2a: tangrussy|Tangrowth, F|100/100
|move|p1a: Rotom|Volt Switch|p2a: tangrussy
|-resisted|p2a: tangrussy
|-damage|p2a: tangrussy|90/100
|
|t:|1655317993
|switch|p1a: Tangrowth|Tangrowth, F|100/100|[from]move: Volt Switch
|
|upkeep
|turn|2
|
|t:|1655317997
|move|p2a: tangrussy|Knock Off|p1a: Tangrowth
|-damage|p1a: Tangrowth|84/100
|-enditem|p1a: Tangrowth|Assault Vest|[from] move: Knock Off|[of] p2a: tangrussy
|move|p1a: Tangrowth|Knock Off|p2a: tangrussy
|-damage|p2a: tangrussy|74/100
|-enditem|p2a: tangrussy|Assault Vest|[from] move: Knock Off|[of] p1a: Tangrowth
|
|upkeep
|turn|3
|
|t:|1655318006
|move|p2a: tangrussy|Sludge Bomb|p1a: Tangrowth
|-supereffective|p1a: Tangrowth
|-crit|p1a: Tangrowth
|-damage|p1a: Tangrowth|19/100
|move|p1a: Tangrowth|Sludge Bomb|p2a: tangrussy
|-supereffective|p2a: tangrussy
|-damage|p2a: tangrussy|29/100
|-status|p2a: tangrussy|psn
|
|-damage|p2a: tangrussy|17/100 psn|[from] psn
|upkeep
|turn|4
|
|t:|1655318017
|switch|p1a: Excadrill|Excadrill, M|100/100
|-ability|p1a: Excadrill|Mold Breaker
|move|p2a: tangrussy|Sludge Bomb|p1a: Excadrill
|-immune|p1a: Excadrill
|
|-damage|p2a: tangrussy|4/100 psn|[from] psn
|upkeep
|turn|5
|
|t:|1655318025
|switch|p2a: squish|Skarmory, F|100/100
|move|p1a: Excadrill|Stealth Rock|p2a: squish
|-sidestart|p2: esqimo589|move: Stealth Rock
|
|upkeep
|turn|6
|
|t:|1655318029
|switch|p1a: Rotom|Rotom-Wash|100/100
|move|p2a: squish|Spikes|p1a: Rotom
|-sidestart|p1: DQ Low Tier Legend|Spikes
|
|upkeep
|turn|7
|
|t:|1655318039
|switch|p2a: tangrussy|Tangrowth, F|37/100 psn
|-damage|p2a: tangrussy|25/100 psn|[from] Stealth Rock
|move|p1a: Rotom|Hydro Pump|p2a: tangrussy
|-resisted|p2a: tangrussy
|-damage|p2a: tangrussy|2/100 psn
|
|-damage|p2a: tangrussy|0 fnt|[from] psn
|faint|p2a: tangrussy
|upkeep
|
|t:|1655318051
|switch|p2a: spin|Excadrill, M|100/100
|-damage|p2a: spin|97/100|[from] Stealth Rock
|-ability|p2a: spin|Mold Breaker
|turn|8
|
|t:|1655318055
|switch|p2a: dragon my balls|Hydreigon, M|100/100
|-damage|p2a: dragon my balls|88/100|[from] Stealth Rock
|move|p1a: Rotom|Hydro Pump|p2a: dragon my balls
|-resisted|p2a: dragon my balls
|-damage|p2a: dragon my balls|62/100
|
|upkeep
|turn|9
|
|t:|1655318065
|switch|p1a: Togekiss|Togekiss, M|100/100
|move|p2a: dragon my balls|Draco Meteor|p1a: Togekiss
|-immune|p1a: Togekiss
|
|upkeep
|turn|10
|
|t:|1655318073
|switch|p2a: boost that beasts|Nihilego|100/100
|-damage|p2a: boost that beasts|88/100|[from] Stealth Rock
|switch|p1a: Excadrill|Excadrill, M|100/100
|-damage|p1a: Excadrill|88/100|[from] Spikes
|-ability|p1a: Excadrill|Mold Breaker
|
|-heal|p2a: boost that beasts|94/100|[from] item: Black Sludge
|-heal|p1a: Excadrill|94/100|[from] item: Leftovers
|upkeep
|turn|11
|
|t:|1655318078
|switch|p2a: squish|Skarmory, F|100/100
|-damage|p2a: squish|88/100|[from] Stealth Rock
|switch|p1a: Rotom|Rotom-Wash|100/100
|
|upkeep
|turn|12
|-message|esqimo589 forfeited.
|
|win|DQ Low Tier Legend
|raw|DQ Low Tier Legend's rating: 1459 &rarr; <strong>1477</strong><br />(+18 for winning)
|raw|esqimo589's rating: 1428 &rarr; <strong>1410</strong><br />(-18 for losing)
|l|☆esqimo589
||Ladder isn't responding, score probably updated but might not have (Request timeout).
