|j|☆UnzipsCrogre
|j|☆Xyllia
|t:|1668127702
|gametype|singles
|player|p1|UnzipsCrogre|265|
|player|p2|Xyllia|dawn-gen4pt|
|teamsize|p1|6
|teamsize|p2|6
|gen|8
|tier|[Gen 8] UU
|rated|Tournament battle
|rule|Sleep Clause Mod: Limit one foe put to sleep
|rule|Species Clause: Limit one of each Pokémon
|rule|OHKO Clause: OHKO moves are banned
|rule|Evasion Items Clause: Evasion items are banned
|rule|Evasion Moves Clause: Evasion moves are banned
|rule|Endless Battle Clause: Forcing endless battles is banned
|rule|HP Percentage Mod: HP is shown in percentages
|rule|Dynamax Clause: You cannot dynamax
|clearpoke
|poke|p1|Mesprit|
|poke|p1|Marowak-Alola, M|
|poke|p1|Porygon2|
|poke|p1|Cresselia, F|
|poke|p1|Gyarados, M|
|poke|p1|Conkeldurr, M|
|poke|p2|Hydreigon, F|
|poke|p2|Cobalion|
|poke|p2|Tangrowth, F|
|poke|p2|Rotom-Wash|
|poke|p2|Diggersby, F|
|poke|p2|Crobat, F|
|teampreview
|inactive|Battle timer is ON: inactive players will automatically lose when time's up. (requested by Xyllia)
|
|t:|1668127713
|start
|switch|p1a: Mesprit|Mesprit|100/100
|switch|p2a: Crobat|Crobat, F|100/100
|turn|1
|
|t:|1668127729
|move|p2a: Crobat|Taunt|p1a: Mesprit
|-start|p1a: Mesprit|move: Taunt
|cant|p1a: Mesprit|move: Taunt|Stealth Rock
|
|upkeep
|turn|2
|
|t:|1668127737
|switch|p1a: Gyarados|Gyarados, M|100/100
|-ability|p1a: Gyarados|Intimidate|boost
|-fail|p2a: Crobat|unboost|Attack|[from] ability: Inner Focus|[of] p2a: Crobat
|move|p2a: Crobat|U-turn|p1a: Gyarados
|-resisted|p1a: Gyarados
|-damage|p1a: Gyarados|90/100
|
|t:|1668127742
|switch|p2a: Rotom|Rotom-Wash|100/100|[from]move: U-turn
|
|upkeep
|turn|3
|
|t:|1668127751
|move|p2a: Rotom|Volt Switch|p1a: Gyarados
|-supereffective|p1a: Gyarados
|-damage|p1a: Gyarados|0 fnt
|faint|p1a: Gyarados
|
|t:|1668127754
|switch|p2a: Crobat|Crobat, F|100/100|[from]move: Volt Switch
|
|upkeep
|
|t:|1668127756
|switch|p1a: Porygon2|Porygon2|100/100
|-ability|p1a: Porygon2|Download|boost
|-boost|p1a: Porygon2|spa|1
|turn|4
|
|t:|1668127761
|move|p2a: Crobat|U-turn|p1a: Porygon2
|-damage|p1a: Porygon2|88/100
|
|t:|1668127763
|switch|p2a: Cobalion|Cobalion|100/100|[from]move: U-turn
|move|p1a: Porygon2|Ice Beam|p2a: Cobalion
|-resisted|p2a: Cobalion
|-damage|p2a: Cobalion|69/100
|-status|p2a: Cobalion|frz
|
|upkeep
|turn|5
|
|t:|1668127765
|cant|p2a: Cobalion|frz
|move|p1a: Porygon2|Trick Room|p1a: Porygon2
|-fieldstart|move: Trick Room|[of] p1a: Porygon2
|
|upkeep
|turn|6
|c|☆Xyllia|gaming
|
|t:|1668127770
|-curestatus|p2a: Cobalion|frz|[msg]
|move|p2a: Cobalion|Stealth Rock|p1a: Porygon2
|-sidestart|p1: UnzipsCrogre|move: Stealth Rock
|move|p1a: Porygon2|Teleport|p1a: Porygon2
|
|t:|1668127775
|switch|p1a: Marowak|Marowak-Alola, M|100/100|[from]move: Teleport
|-damage|p1a: Marowak|76/100|[from] Stealth Rock
|
|upkeep
|turn|7
|
|t:|1668127780
|move|p1a: Marowak|Flare Blitz|p2a: Cobalion
|-supereffective|p2a: Cobalion
|-damage|p2a: Cobalion|0 fnt
|-damage|p1a: Marowak|59/100|[from] item: Rocky Helmet|[of] p2a: Cobalion
|faint|p2a: Cobalion
|
|upkeep
|
|t:|1668127782
|switch|p2a: Hydreigon|Hydreigon, F|100/100
|turn|8
|
|t:|1668127786
|move|p1a: Marowak|Flare Blitz|p2a: Hydreigon
|-resisted|p2a: Hydreigon
|-damage|p2a: Hydreigon|40/100
|move|p2a: Hydreigon|Dark Pulse|p1a: Marowak
|-supereffective|p1a: Marowak
|-damage|p1a: Marowak|0 fnt
|faint|p1a: Marowak
|
|upkeep
|
|t:|1668127790
|switch|p1a: Porygon2|Porygon2|88/100
|-damage|p1a: Porygon2|76/100|[from] Stealth Rock
|-ability|p1a: Porygon2|Download|boost
|-boost|p1a: Porygon2|atk|1
|turn|9
|
|t:|1668127794
|switch|p2a: Tangrowth|Tangrowth, F|100/100
|move|p1a: Porygon2|Ice Beam|p2a: Tangrowth
|-supereffective|p2a: Tangrowth
|-damage|p2a: Tangrowth|60/100
|
|-fieldend|move: Trick Room
|upkeep
|turn|10
|
|t:|1668127804
|move|p2a: Tangrowth|Knock Off|p1a: Porygon2
|-damage|p1a: Porygon2|60/100
|-enditem|p1a: Porygon2|Eviolite|[from] move: Knock Off|[of] p2a: Tangrowth
|move|p1a: Porygon2|Ice Beam|p2a: Tangrowth
|-supereffective|p2a: Tangrowth
|-damage|p2a: Tangrowth|15/100
|
|upkeep
|turn|11
|
|t:|1668127809
|move|p2a: Tangrowth|Focus Blast|p1a: Porygon2
|-supereffective|p1a: Porygon2
|-damage|p1a: Porygon2|3/100
|move|p1a: Porygon2|Trick Room|p1a: Porygon2
|-fieldstart|move: Trick Room|[of] p1a: Porygon2
|
|upkeep
|turn|12
|
|t:|1668127813
|move|p1a: Porygon2|Ice Beam|p2a: Tangrowth
|-supereffective|p2a: Tangrowth
|-damage|p2a: Tangrowth|0 fnt
|faint|p2a: Tangrowth
|
|upkeep
|
|t:|1668127816
|switch|p2a: Rotom|Rotom-Wash|100/100
|turn|13
|
|t:|1668127820
|switch|p1a: Conkeldurr|Conkeldurr, M|100/100
|-damage|p1a: Conkeldurr|94/100|[from] Stealth Rock
|move|p2a: Rotom|Volt Switch|p1a: Conkeldurr
|-damage|p1a: Conkeldurr|64/100
|
|t:|1668127823
|switch|p2a: Crobat|Crobat, F|100/100|[from]move: Volt Switch
|
|-status|p1a: Conkeldurr|brn|[from] item: Flame Orb
|upkeep
|turn|14
|
|t:|1668127830
|move|p1a: Conkeldurr|Facade|p2a: Crobat
|-damage|p2a: Crobat|0 fnt
|faint|p2a: Crobat
|
|-damage|p1a: Conkeldurr|58/100 brn|[from] brn
|upkeep
|
|t:|1668127837
|switch|p2a: Rotom|Rotom-Wash|100/100
|turn|15
|
|t:|1668127841
|move|p1a: Conkeldurr|Close Combat|p2a: Rotom
|-damage|p2a: Rotom|0 fnt
|-unboost|p1a: Conkeldurr|def|1
|-unboost|p1a: Conkeldurr|spd|1
|faint|p2a: Rotom
|
|-damage|p1a: Conkeldurr|52/100 brn|[from] brn
|-fieldend|move: Trick Room
|upkeep
|
|t:|1668127846
|switch|p2a: Diggersby|Diggersby, F|100/100
|turn|16
|
|t:|1668127851
|switch|p1a: Porygon2|Porygon2|3/100
|-damage|p1a: Porygon2|0 fnt|[from] Stealth Rock
|faint|p1a: Porygon2
|move|p2a: Diggersby|Body Slam|p1: Porygon2|[notarget]
|-fail|p2a: Diggersby
|
|upkeep
|
|t:|1668127861
|switch|p1a: Mesprit|Mesprit|100/100
|-damage|p1a: Mesprit|88/100|[from] Stealth Rock
|turn|17
|
|t:|1668127865
|move|p2a: Diggersby|Body Slam|p1a: Mesprit
|-damage|p1a: Mesprit|47/100
|move|p1a: Mesprit|Trick Room|p1a: Mesprit
|-fieldstart|move: Trick Room|[of] p1a: Mesprit
|
|upkeep
|turn|18
|c|☆Xyllia|you got every max rolls that's crazy zzzz
|-message|Xyllia forfeited.
|
|win|UnzipsCrogre
|n|☆UnzipsCrogre|unzipscrogre
|n|☆Xyllia|xyllia
