|j|☆Micciu20250
|j|☆Moutemoute
|t:|1664736536
|gametype|singles
|player|p1|Micciu20250|kris-masters|
|player|p2|Moutemoute|#moutemoute|
|teamsize|p1|6
|teamsize|p2|6
|gen|8
|tier|[Gen 8] UU
|rule|Sleep Clause Mod: Limit one foe put to sleep
|rule|Species Clause: Limit one of each Pokémon
|rule|OHKO Clause: OHKO moves are banned
|rule|Evasion Items Clause: Evasion items are banned
|rule|Evasion Moves Clause: Evasion moves are banned
|rule|Endless Battle Clause: Forcing endless battles is banned
|rule|HP Percentage Mod: HP is shown in percentages
|rule|Dynamax Clause: You cannot dynamax
|clearpoke
|poke|p1|Mamoswine, M|
|poke|p1|Hatterene, F|
|poke|p1|Tangrowth, M|
|poke|p1|Cobalion|
|poke|p1|Slowking, F|
|poke|p1|Crobat, F|
|poke|p2|Froslass, F|
|poke|p2|Krookodile, M|
|poke|p2|Celesteela|
|poke|p2|Necrozma|
|poke|p2|Polteageist|
|poke|p2|Indeedee, M|
|teampreview
|c|☆Micciu20250|hf
|j| Givra no bi ☯
|j| RichardMillePlain
|j| ChaFouu
|c|☆Moutemoute|tu peux modjoin off
|j| Michy47
|c| ChaFouu|GOGOGO
|j| Skyrio
|j| Osake
|j| PokemonCestDur
|j| Menacce17
|j| Akeras
|c|☆Moutemoute|hf
|j|+Dragonillis
|c|☆Micciu20250|Met en public
|j| Adri
|c|☆Moutemoute|/log Moutemoute made this room public.
|c|☆Moutemoute|fact
|c|☆Micciu20250|ready ?
|c| Michy47|MOUTE
|j| Evil
|j| Lizardu
|c|☆Moutemoute|yas
|c|☆Micciu20250|hf
|inactive|Battle timer is ON: inactive players will automatically lose when time's up. (requested by Micciu20250)
|j| Bhalal
|j| Kita Prodigezz
|j| Kabilapok ❄
|inactive|Micciu20250 has 270 seconds left.
|j| Beka ❤
|j|+Tuthur
|j| Chose Truc
|j| wertsd26
|inactive|Micciu20250 has 240 seconds left.
|
|t:|1664736662
|start
|switch|p1a: ShaggyMollusk|Hatterene, F|100/100
|switch|p2a: Froslass|Froslass, F|100/100
|turn|1
|
|t:|1664736669
|move|p2a: Froslass|Shadow Ball|p1a: ShaggyMollusk
|-supereffective|p1a: ShaggyMollusk
|-damage|p1a: ShaggyMollusk|40/100
|move|p1a: ShaggyMollusk|Calm Mind|p1a: ShaggyMollusk
|-boost|p1a: ShaggyMollusk|spa|1
|-boost|p1a: ShaggyMollusk|spd|1
|
|-heal|p1a: ShaggyMollusk|46/100|[from] item: Leftovers
|upkeep
|turn|2
|inactive|Micciu20250 has 270 seconds left.
|j| Astreau
|j| SiTuM.
|inactive|Moutemoute has 270 seconds left.
|
|t:|1664736725
|move|p2a: Froslass|Shadow Ball|p1a: ShaggyMollusk
|-supereffective|p1a: ShaggyMollusk
|-damage|p1a: ShaggyMollusk|6/100
|-unboost|p1a: ShaggyMollusk|spd|1
|move|p1a: ShaggyMollusk|Draining Kiss|p2a: Froslass
|-damage|p2a: Froslass|47/100
|-heal|p1a: ShaggyMollusk|42/100|[from] drain|[of] p2a: Froslass
|
|-heal|p1a: ShaggyMollusk|48/100|[from] item: Leftovers
|upkeep
|turn|3
|j| Jeza.p
|
|t:|1664736739
|switch|p1a: Insecathor|Crobat, F|100/100
|move|p2a: Froslass|Ice Beam|p1a: Insecathor
|-supereffective|p1a: Insecathor
|-damage|p1a: Insecathor|22/100
|
|upkeep
|turn|4
|c| Michy47|GOAT
|j| Schizoption
|inactive|Micciu20250 has 240 seconds left.
|
|t:|1664736767
|switch|p2a: Krookodile|Krookodile, M|100/100
|-ability|p2a: Krookodile|Intimidate|boost
|-fail|p1a: Insecathor|unboost|Attack|[from] ability: Inner Focus|[of] p1a: Insecathor
|move|p1a: Insecathor|Brave Bird|p2a: Krookodile
|-damage|p2a: Krookodile|48/100
|-damage|p1a: Insecathor|5/100|[from] item: Rocky Helmet|[of] p2a: Krookodile
|-damage|p1a: Insecathor|0 fnt|[from] Recoil
|faint|p1a: Insecathor
|
|upkeep
|l| Evil
|inactive|Micciu20250 has 240 seconds left.
|inactive|Micciu20250 has 210 seconds left.
|j| lulu qlf
|
|t:|1664736816
|switch|p1a: Prodigezz|Cobalion|100/100
|turn|5
|j| DL Ecca
|
|t:|1664736835
|move|p1a: Prodigezz|Stealth Rock|p2a: Krookodile
|-sidestart|p2: Moutemoute|move: Stealth Rock
|move|p2a: Krookodile|Stealth Rock|p1a: Prodigezz
|-sidestart|p1: Micciu20250|move: Stealth Rock
|
|upkeep
|turn|6
|j| Rokhan
|
|t:|1664736846
|move|p1a: Prodigezz|Close Combat|p2a: Krookodile
|-supereffective|p2a: Krookodile
|-damage|p2a: Krookodile|0 fnt
|-unboost|p1a: Prodigezz|def|1
|-unboost|p1a: Prodigezz|spd|1
|-damage|p1a: Prodigezz|84/100|[from] item: Rocky Helmet|[of] p2a: Krookodile
|faint|p2a: Krookodile
|
|upkeep
|
|t:|1664736857
|switch|p2a: Froslass|Froslass, F|47/100
|-damage|p2a: Froslass|22/100|[from] Stealth Rock
|turn|7
|j| Profdesinnoh
|j| Jdkzkcke
|
|t:|1664736882
|switch|p1a: Propro|Slowking, F|100/100
|move|p2a: Froslass|Shadow Ball|p1a: Propro
|-supereffective|p1a: Propro
|-damage|p1a: Propro|52/100
|
|upkeep
|turn|8
|
|t:|1664736895
|switch|p1a: Prodogo|Tangrowth, M|100/100
|-damage|p1a: Prodogo|88/100|[from] Stealth Rock
|move|p2a: Froslass|Shadow Ball|p1a: Prodogo
|-damage|p1a: Prodogo|69/100
|
|upkeep
|turn|9
|
|t:|1664736904
|move|p2a: Froslass|Ice Beam|p1a: Prodogo
|-supereffective|p1a: Prodogo
|-damage|p1a: Prodogo|26/100
|move|p1a: Prodogo|Knock Off|p2a: Froslass
|-supereffective|p2a: Froslass
|-damage|p2a: Froslass|0 fnt
|-start|p1a: Prodogo|Disable|Knock Off|[from] ability: Cursed Body|[of] p2a: Froslass
|-enditem|p2a: Froslass|Focus Sash|[from] move: Knock Off|[of] p1a: Prodogo
|faint|p2a: Froslass
|
|upkeep
|
|t:|1664736924
|switch|p2a: Necrozma|Necrozma|100/100
|-damage|p2a: Necrozma|88/100|[from] Stealth Rock
|turn|10
|j| noooooon
|j| BlessyZ
|
|t:|1664736937
|move|p2a: Necrozma|Dragon Dance|p2a: Necrozma
|-boost|p2a: Necrozma|atk|1
|-boost|p2a: Necrozma|spe|1
|move|p1a: Prodogo|Power Whip|p2a: Necrozma
|-damage|p2a: Necrozma|47/100
|
|upkeep
|turn|11
|j|%Clementine
|
|t:|1664736951
|switch|p1a: ShaggyMollusk|Hatterene, F|48/100
|-damage|p1a: ShaggyMollusk|36/100|[from] Stealth Rock
|move|p2a: Necrozma|X-Scissor|p1a: ShaggyMollusk
|-damage|p1a: ShaggyMollusk|0 fnt
|faint|p1a: ShaggyMollusk
|
|upkeep
|inactive|Micciu20250 has 180 seconds left.
|j| toadow haine
|j| Sharow 水上
|
|t:|1664737002
|switch|p1a: Prodigezz|Cobalion|84/100
|-damage|p1a: Prodigezz|81/100|[from] Stealth Rock
|turn|12
|
|t:|1664737011
|move|p2a: Necrozma|Heat Wave|p1a: Prodigezz
|-supereffective|p1a: Prodigezz
|-damage|p1a: Prodigezz|18/100
|move|p1a: Prodigezz|Iron Head|p2a: Necrozma
|-damage|p2a: Necrozma|12/100
|
|upkeep
|turn|13
|
|t:|1664737022
|switch|p1a: Propro|Slowking, F|85/100
|move|p2a: Necrozma|Photon Geyser|p1a: Propro
|-resisted|p1a: Propro
|-damage|p1a: Propro|60/100
|
|upkeep
|turn|14
|
|t:|1664737034
|switch|p1a: Prodigezz|Cobalion|18/100
|-damage|p1a: Prodigezz|15/100|[from] Stealth Rock
|move|p2a: Necrozma|X-Scissor|p1a: Prodigezz
|-resisted|p1a: Prodigezz
|-damage|p1a: Prodigezz|6/100
|-damage|p2a: Necrozma|0 fnt|[from] item: Rocky Helmet|[of] p1a: Prodigezz
|faint|p2a: Necrozma
|
|upkeep
|
|t:|1664737038
|switch|p2a: Celesteela|Celesteela|100/100
|-damage|p2a: Celesteela|88/100|[from] Stealth Rock
|turn|15
|
|t:|1664737043
|switch|p1a: Propro|Slowking, F|93/100
|move|p2a: Celesteela|Autotomize|p2a: Celesteela
|-boost|p2a: Celesteela|spe|2
|-start|p2a: Celesteela|Autotomize
|
|upkeep
|turn|16
|
|t:|1664737047
|move|p2a: Celesteela|Meteor Beam||[still]
|-prepare|p2a: Celesteela|Meteor Beam
|-boost|p2a: Celesteela|spa|1
|-enditem|p2a: Celesteela|Power Herb
|-anim|p2a: Celesteela|Meteor Beam|p1a: Propro
|-damage|p1a: Propro|52/100
|move|p1a: Propro|Scald|p2a: Celesteela
|-damage|p2a: Celesteela|60/100
|-status|p2a: Celesteela|brn
|
|-damage|p2a: Celesteela|54/100 brn|[from] brn
|upkeep
|turn|17
|
|t:|1664737052
|move|p2a: Celesteela|Air Slash|p1a: Propro
|-damage|p1a: Propro|8/100
|move|p1a: Propro|Slack Off|p1a: Propro
|-heal|p1a: Propro|58/100
|
|-damage|p2a: Celesteela|48/100 brn|[from] brn
|upkeep
|turn|18
|
|t:|1664737055
|move|p2a: Celesteela|Air Slash|p1a: Propro
|-damage|p1a: Propro|15/100
|cant|p1a: Propro|flinch
|
|-damage|p2a: Celesteela|42/100 brn|[from] brn
|upkeep
|turn|19
|inactive|Micciu20250 has 210 seconds left.
|
|t:|1664737079
|switch|p1a: Prodigezz|Cobalion|6/100
|-damage|p1a: Prodigezz|3/100|[from] Stealth Rock
|move|p2a: Celesteela|Air Slash|p1a: Prodigezz
|-damage|p1a: Prodigezz|0 fnt
|faint|p1a: Prodigezz
|-ability|p2a: Celesteela|Beast Boost|boost
|-boost|p2a: Celesteela|spa|1
|
|-damage|p2a: Celesteela|36/100 brn|[from] brn
|upkeep
|
|t:|1664737090
|switch|p1a: Propro|Slowking, F|49/100
|turn|20
|
|t:|1664737095
|switch|p1a: Prodogo|Tangrowth, M|59/100
|-damage|p1a: Prodogo|47/100|[from] Stealth Rock
|move|p2a: Celesteela|Air Slash|p1a: Prodogo
|-supereffective|p1a: Prodogo
|-damage|p1a: Prodogo|0 fnt
|faint|p1a: Prodogo
|-ability|p2a: Celesteela|Beast Boost|boost
|-boost|p2a: Celesteela|spa|1
|
|-damage|p2a: Celesteela|30/100 brn|[from] brn
|upkeep
|
|t:|1664737097
|switch|p1a: Fraudige|Mamoswine, M|100/100
|-damage|p1a: Fraudige|88/100|[from] Stealth Rock
|turn|21
|
|t:|1664737102
|move|p1a: Fraudige|Ice Shard|p2a: Celesteela
|-damage|p2a: Celesteela|0 fnt
|faint|p2a: Celesteela
|
|upkeep
|
|t:|1664737106
|switch|p2a: Indeedee|Indeedee, M|100/100
|-damage|p2a: Indeedee|88/100|[from] Stealth Rock
|-fieldstart|move: Psychic Terrain|[from] ability: Psychic Surge|[of] p2a: Indeedee
|turn|22
|l|%Clementine
|inactive|Micciu20250 has 210 seconds left.
|inactive|Micciu20250 has 180 seconds left.
|inactive|Moutemoute has 270 seconds left.
|inactive|Moutemoute has 240 seconds left.
|inactive|Micciu20250 has 150 seconds left.
|inactive|Moutemoute has 210 seconds left.
|inactive|Micciu20250 has 120 seconds left.
|j| ooowwwooo
|inactive|Moutemoute has 180 seconds left.
|l| wertsd26
|inactive|Micciu20250 has 90 seconds left.
|j| wertsd26
|j| Mirageuuuuh
|inactive|Micciu20250 has 60 seconds left.
|inactive|Moutemoute has 150 seconds left.
|j| Flokw
|
|t:|1664737330
|move|p2a: Indeedee|Psyshock|p1a: Fraudige
|-damage|p1a: Fraudige|30/100
|move|p1a: Fraudige|Knock Off|p2a: Indeedee
|-supereffective|p2a: Indeedee
|-damage|p2a: Indeedee|0 fnt
|-enditem|p2a: Indeedee|Terrain Extender|[from] move: Knock Off|[of] p1a: Fraudige
|faint|p2a: Indeedee
|
|upkeep
|c|☆Moutemoute|RIP bait par le clac
|c|☆Moutemoute|gg
|
|t:|1664737346
|switch|p2a: Polteageist|Polteageist|100/100
|-damage|p2a: Polteageist|88/100|[from] Stealth Rock
|turn|23
|
|t:|1664737359
|move|p1a: Fraudige|Knock Off|p2a: Polteageist
|-supereffective|p2a: Polteageist
|-damage|p2a: Polteageist|0 fnt
|-enditem|p2a: Polteageist|Focus Sash|[from] move: Knock Off|[of] p1a: Fraudige
|faint|p2a: Polteageist
|
|win|Micciu20250
|l| Profdesinnoh
|l| Menacce17
|l|+Tuthur
|l| Lizardu
|c|☆Micciu20250|ggù
|l| Skyrio
|l| Michy47
|l| Rokhan
|l| ooowwwooo
|l| BlessyZ
|l| Jeza.p
|l| Astreau
|l| Mirageuuuuh
|l| wertsd26
|l| Akeras
|c|☆Moutemoute|le max roll sur ice shard m'a bait
|l|☆Moutemoute
