|j|☆daveybaby69
|j|☆White Robin
|player|p1|daveybaby69|ninjaboy|1478
|player|p2|White Robin|138|1477
|teamsize|p1|6
|teamsize|p2|6
|gametype|singles
|gen|8
|tier|[Gen 8] UU
|rated|
|clearpoke
|poke|p1|Milotic, M|
|poke|p1|Reuniclus, F|
|poke|p1|Haxorus, M|
|poke|p1|Polteageist|
|poke|p1|Diggersby, M|
|poke|p1|Indeedee, M|
|poke|p2|Haxorus, M|
|poke|p2|Pangoro, M|
|poke|p2|Ribombee, F|
|poke|p2|Dhelmise|
|poke|p2|Hippowdon, M|
|poke|p2|Barraskewda, M|
|rule|Sleep Clause Mod: Limit one foe put to sleep
|rule|Species Clause: Limit one of each Pokémon
|rule|OHKO Clause: OHKO moves are banned
|rule|Evasion Moves Clause: Evasion moves are banned
|rule|Endless Battle Clause: Forcing endless battles is banned
|rule|HP Percentage Mod: HP is shown in percentages
|rule|Dynamax Clause: You cannot dynamax
|teampreview
|inactive|Battle timer is ON: inactive players will automatically lose when time's up. (requested by White Robin)
|
|start
|switch|p1a: digger|Diggersby, M|100/100
|switch|p2a: Hippowdon|Hippowdon, M|100/100
|-weather|Sandstorm|[from] ability: Sand Stream|[of] p2a: Hippowdon
|turn|1
|
|move|p1a: digger|Spikes|p2a: Hippowdon
|-sidestart|p2: White Robin|Spikes
|move|p2a: Hippowdon|Stealth Rock|p1a: digger
|-sidestart|p1: daveybaby69|move: Stealth Rock
|
|-weather|Sandstorm|[upkeep]
|upkeep
|turn|2
|
|switch|p2a: Dhelmise|Dhelmise|100/100
|-damage|p2a: Dhelmise|88/100|[from] Spikes
|move|p1a: digger|Spikes|p2a: Dhelmise
|-sidestart|p2: White Robin|Spikes
|
|-weather|Sandstorm|[upkeep]
|-damage|p2a: Dhelmise|82/100|[from] Sandstorm
|-heal|p2a: Dhelmise|88/100|[from] item: Leftovers
|upkeep
|turn|3
|
|switch|p1a: oof|Polteageist|100/100
|-damage|p1a: oof|88/100|[from] Stealth Rock
|move|p2a: Dhelmise|Rapid Spin|p1a: oof
|-immune|p1a: oof
|
|-weather|Sandstorm|[upkeep]
|-damage|p1a: oof|82/100|[from] Sandstorm
|-damage|p2a: Dhelmise|82/100|[from] Sandstorm
|-heal|p2a: Dhelmise|88/100|[from] item: Leftovers
|upkeep
|turn|4
|
|move|p1a: oof|Shadow Ball|p2a: Dhelmise
|-supereffective|p2a: Dhelmise
|-damage|p2a: Dhelmise|0 fnt
|faint|p2a: Dhelmise
|
|-weather|Sandstorm|[upkeep]
|-damage|p1a: oof|76/100|[from] Sandstorm
|upkeep
|
|switch|p2a: Pangoro|Pangoro, M|100/100
|-damage|p2a: Pangoro|84/100|[from] Spikes
|turn|5
|
|switch|p1a: yasssss queen|Milotic, M|100/100
|-damage|p1a: yasssss queen|88/100|[from] Stealth Rock
|move|p2a: Pangoro|Darkest Lariat|p1a: yasssss queen
|-damage|p1a: yasssss queen|26/100
|
|-weather|none
|upkeep
|turn|6
|
|move|p1a: yasssss queen|Hydro Pump|p2a: Pangoro
|-damage|p2a: Pangoro|24/100
|move|p2a: Pangoro|Darkest Lariat|p1a: yasssss queen
|-damage|p1a: yasssss queen|0 fnt
|faint|p1a: yasssss queen
|
|upkeep
|
|switch|p1a: digger|Diggersby, M|100/100
|-damage|p1a: digger|94/100|[from] Stealth Rock
|turn|7
|
|move|p1a: digger|Body Slam|p2a: Pangoro
|-damage|p2a: Pangoro|0 fnt
|faint|p2a: Pangoro
|
|upkeep
|
|switch|p2a: Ribombee|Ribombee, F|100/100
|-damage|p2a: Ribombee|84/100|[from] Spikes
|turn|8
|
|move|p2a: Ribombee|Sticky Web|p1a: digger
|-sidestart|p1: daveybaby69|move: Sticky Web
|move|p1a: digger|Body Slam|p2a: Ribombee
|-damage|p2a: Ribombee|0 fnt
|faint|p2a: Ribombee
|
|upkeep
|
|switch|p2a: Haxorus|Haxorus, M|100/100
|-damage|p2a: Haxorus|84/100|[from] Spikes
|-ability|p2a: Haxorus|Mold Breaker
|turn|9
|
|move|p1a: digger|Quick Attack|p2a: Haxorus
|-damage|p2a: Haxorus|51/100
|move|p2a: Haxorus|Outrage|p1a: digger
|-damage|p1a: digger|0 fnt
|faint|p1a: digger
|
|upkeep
|inactive|daveybaby69 has 120 seconds left.
|
|switch|p1a: a wise choice|Indeedee, M|100/100
|-damage|p1a: a wise choice|88/100|[from] Stealth Rock
|-activate|p1a: a wise choice|move: Sticky Web
|-unboost|p1a: a wise choice|spe|1
|-fieldstart|move: Psychic Terrain|[from] ability: Psychic Surge|[of] p1a: a wise choice
|turn|10
|
|move|p2a: Haxorus|Outrage|p1a: a wise choice|[from]lockedmove
|-damage|p1a: a wise choice|0 fnt
|-start|p2a: Haxorus|confusion|[fatigue]
|faint|p1a: a wise choice
|
|upkeep
|
|switch|p1a: skrt|Reuniclus, F|100/100
|-activate|p1a: skrt|move: Sticky Web
|-unboost|p1a: skrt|spe|1
|turn|11
|
|-activate|p2a: Haxorus|confusion
|-damage|p2a: Haxorus|22/100|[from] confusion
|move|p1a: skrt|Trick Room|p1a: skrt
|-fieldstart|move: Trick Room|[of] p1a: skrt
|
|upkeep
|turn|12
|
|move|p1a: skrt|Psychic|p2a: Haxorus
|-crit|p2a: Haxorus
|-damage|p2a: Haxorus|0 fnt
|faint|p2a: Haxorus
|
|upkeep
|
|switch|p2a: Hippowdon|Hippowdon, M|100/100
|-damage|p2a: Hippowdon|84/100|[from] Spikes
|-weather|Sandstorm|[from] ability: Sand Stream|[of] p2a: Hippowdon
|turn|13
|
|move|p1a: skrt|Psychic|p2a: Hippowdon
|-damage|p2a: Hippowdon|0 fnt
|faint|p2a: Hippowdon
|
|-weather|Sandstorm|[upkeep]
|upkeep
|
|switch|p2a: Barraskewda|Barraskewda, M|100/100
|-damage|p2a: Barraskewda|84/100|[from] Spikes
|turn|14
|
|move|p1a: skrt|Psychic|p2a: Barraskewda
|-damage|p2a: Barraskewda|0 fnt
|faint|p2a: Barraskewda
|
|win|daveybaby69
|l|☆White Robin
|raw|daveybaby69's rating: 1489 &rarr; <strong>1507</strong><br />(+18 for winning)
|raw|White Robin's rating: 1448 &rarr; <strong>1431</strong><br />(-17 for losing)
