|j|☆baboleo
|j|☆MobiMolle
|t:|1659515602
|gametype|singles
|player|p1|baboleo|101|1348
|player|p2|MobiMolle|266|1603
|teamsize|p1|6
|teamsize|p2|6
|gen|8
|tier|[Gen 8] UU
|rated|
|rule|Sleep Clause Mod: Limit one foe put to sleep
|rule|Species Clause: Limit one of each Pokémon
|rule|OHKO Clause: OHKO moves are banned
|rule|Evasion Moves Clause: Evasion moves are banned
|rule|Endless Battle Clause: Forcing endless battles is banned
|rule|HP Percentage Mod: HP is shown in percentages
|rule|Dynamax Clause: You cannot dynamax
|clearpoke
|poke|p1|Slowbro-Galar, F|
|poke|p1|Metagross|
|poke|p1|Gyarados, M|
|poke|p1|Salamence, M|
|poke|p1|Blastoise, M|
|poke|p1|Charizard, F|
|poke|p2|Nihilego|
|poke|p2|Azelf|
|poke|p2|Azumarill, M|
|poke|p2|Salamence, M|
|poke|p2|Rotom-Heat|
|poke|p2|Conkeldurr, M|
|teampreview
|inactive|Battle timer is ON: inactive players will automatically lose when time's up. (requested by MobiMolle)
|c|☆MobiMolle|Gl hf
|c|☆baboleo|same
|
|t:|1659515619
|start
|switch|p1a: Slowbro|Slowbro-Galar, F|100/100
|switch|p2a: Storm-9|Nihilego|100/100
|turn|1
|
|t:|1659515632
|switch|p2a: Genie|Azelf|100/100
|move|p1a: Slowbro|Psyshock|p2a: Genie
|-resisted|p2a: Genie
|-damage|p2a: Genie|70/100
|
|upkeep
|turn|2
|
|t:|1659515641
|move|p2a: Genie|Stealth Rock|p1a: Slowbro
|-sidestart|p1: baboleo|move: Stealth Rock
|move|p1a: Slowbro|Nasty Plot|p1a: Slowbro
|-boost|p1a: Slowbro|spa|2
|
|upkeep
|turn|3
|-activate|p1a: Slowbro|item: Quick Claw
|
|t:|1659515647
|move|p1a: Slowbro|Ice Beam|p2a: Genie
|-damage|p2a: Genie|0 fnt
|faint|p2a: Genie
|
|upkeep
|l|☆MobiMolle
|inactive|MobiMolle disconnected and has a minute to reconnect!
|player|p2|
|j|☆MobiMolle
|inactive|MobiMolle reconnected and has 120 seconds left.
|player|p2|MobiMolle|266
|
|t:|1659515684
|switch|p2a: Hashira|Conkeldurr, M|100/100
|turn|4
|-activate|p1a: Slowbro|ability: Quick Draw
|
|t:|1659515689
|move|p1a: Slowbro|Psyshock|p2a: Hashira
|-supereffective|p2a: Hashira
|-damage|p2a: Hashira|0 fnt
|faint|p2a: Hashira
|
|upkeep
|inactive|MobiMolle has 120 seconds left.
|
|t:|1659515702
|switch|p2a: Soar|Salamence, M|100/100
|turn|5
|
|t:|1659515721
|move|p2a: Soar|Outrage|p1a: Slowbro
|-damage|p1a: Slowbro|38/100
|move|p1a: Slowbro|Ice Beam|p2a: Soar
|-supereffective|p2a: Soar
|-damage|p2a: Soar|0 fnt
|faint|p2a: Soar
|
|upkeep
|
|t:|1659515731
|switch|p2a: Storm-9|Nihilego|100/100
|turn|6
|inactive|baboleo has 120 seconds left.
|
|t:|1659515765
|move|p2a: Storm-9|Meteor Beam||[still]
|-prepare|p2a: Storm-9|Meteor Beam
|-boost|p2a: Storm-9|spa|1
|-enditem|p2a: Storm-9|Power Herb
|-anim|p2a: Storm-9|Meteor Beam|p1a: Slowbro
|-damage|p1a: Slowbro|0 fnt
|faint|p1a: Slowbro
|-ability|p2a: Storm-9|Beast Boost|boost
|-boost|p2a: Storm-9|spa|1
|
|upkeep
|inactive|baboleo has 120 seconds left.
|
|t:|1659515776
|switch|p1a: Metagross|Metagross|100/100
|-damage|p1a: Metagross|95/100|[from] Stealth Rock
|turn|7
|
|t:|1659515780
|move|p1a: Metagross|Earthquake|p2a: Storm-9
|-supereffective|p2a: Storm-9
|-damage|p2a: Storm-9|0 fnt
|faint|p2a: Storm-9
|
|upkeep
|
|t:|1659515789
|switch|p2a: Virus|Rotom-Heat|100/100
|turn|8
|inactive|baboleo has 120 seconds left.
|
|t:|1659515827
|switch|p1a: Salamence|Salamence, M|100/100
|move|p2a: Virus|Volt Switch|p1a: Salamence
|-damage|p1a: Salamence|58/100
|
|t:|1659515833
|switch|p2a: Nexus|Azumarill, M, shiny|100/100|[from]move: Volt Switch
|
|upkeep
|turn|9
|
|t:|1659515847
|move|p1a: Salamence|Earthquake|p2a: Nexus
|-damage|p2a: Nexus|62/100
|move|p2a: Nexus|Play Rough|p1a: Salamence
|-supereffective|p1a: Salamence
|-damage|p1a: Salamence|0 fnt
|faint|p1a: Salamence
|
|upkeep
|
|t:|1659515857
|switch|p1a: Gyarados|Gyarados, M|100/100
|-damage|p1a: Gyarados|76/100|[from] Stealth Rock
|turn|10
|
|t:|1659515861
|switch|p2a: Virus|Rotom-Heat|100/100
|move|p1a: Gyarados|Dragon Dance|p1a: Gyarados
|-boost|p1a: Gyarados|atk|1
|-boost|p1a: Gyarados|spe|1
|
|upkeep
|turn|11
|inactive|baboleo has 120 seconds left.
|
|t:|1659515879
|move|p1a: Gyarados|Power Whip|p2a: Virus
|-resisted|p2a: Virus
|-crit|p2a: Virus
|-damage|p2a: Virus|35/100
|move|p2a: Virus|Volt Switch|p1a: Gyarados
|-supereffective|p1a: Gyarados
|-crit|p1a: Gyarados
|-damage|p1a: Gyarados|0 fnt
|faint|p1a: Gyarados
|
|t:|1659515889
|switch|p2a: Nexus|Azumarill, M, shiny|62/100|[from]move: Volt Switch
|
|upkeep
|inactive|baboleo has 120 seconds left.
|
|t:|1659515897
|switch|p1a: Metagross|Metagross|95/100
|-damage|p1a: Metagross|89/100|[from] Stealth Rock
|turn|12
|
|t:|1659515901
|switch|p2a: Virus|Rotom-Heat|35/100
|move|p1a: Metagross|Meteor Mash|p2a: Virus
|-resisted|p2a: Virus
|-damage|p2a: Virus|20/100
|
|upkeep
|turn|13
|inactive|baboleo has 120 seconds left.
|
|t:|1659515929
|move|p1a: Metagross|Meteor Mash|p2a: Virus
|-resisted|p2a: Virus
|-damage|p2a: Virus|3/100
|move|p2a: Virus|Pain Split|p1a: Metagross
|-sethp|p1a: Metagross|46/100|[from] move: Pain Split|[silent]
|-sethp|p2a: Virus|57/100|[from] move: Pain Split
|
|upkeep
|turn|14
|inactive|baboleo has 120 seconds left.
|
|t:|1659515941
|move|p1a: Metagross|Meteor Mash|p2a: Virus
|-resisted|p2a: Virus
|-damage|p2a: Virus|40/100
|move|p2a: Virus|Overheat|p1a: Metagross|[miss]
|-miss|p2a: Virus|p1a: Metagross
|
|upkeep
|turn|15
|inactive|baboleo has 120 seconds left.
|
|t:|1659515948
|switch|p1a: Blastoise|Blastoise, M|100/100
|-damage|p1a: Blastoise|88/100|[from] Stealth Rock
|move|p2a: Virus|Pain Split|p1a: Blastoise
|-sethp|p1a: Blastoise|60/100|[from] move: Pain Split|[silent]
|-sethp|p2a: Virus|74/100|[from] move: Pain Split
|
|upkeep
|turn|16
|inactive|baboleo has 120 seconds left.
|
|t:|1659515968
|move|p2a: Virus|Volt Switch|p1a: Blastoise
|-supereffective|p1a: Blastoise
|-damage|p1a: Blastoise|0 fnt
|faint|p1a: Blastoise
|
|t:|1659515972
|switch|p2a: Nexus|Azumarill, M, shiny|62/100|[from]move: Volt Switch
|
|upkeep
|inactive|baboleo has 120 seconds left.
|
|t:|1659515979
|switch|p1a: Metagross|Metagross|46/100
|-damage|p1a: Metagross|40/100|[from] Stealth Rock
|turn|17
|
|t:|1659515997
|switch|p2a: Virus|Rotom-Heat|74/100
|move|p1a: Metagross|Trick|p2a: Virus
|-activate|p1a: Metagross|move: Trick|[of] p2a: Virus
|-item|p2a: Virus|Choice Scarf|[from] move: Trick
|-item|p1a: Metagross|Heavy-Duty Boots|[from] move: Trick
|
|upkeep
|turn|18
|
|t:|1659516008
|move|p2a: Virus|Volt Switch|p1a: Metagross
|-damage|p1a: Metagross|0 fnt
|faint|p1a: Metagross
|
|t:|1659516012
|switch|p2a: Nexus|Azumarill, M, shiny|62/100|[from]move: Volt Switch
|
|upkeep
|c|☆MobiMolle|Gg
|inactive|baboleo has 120 seconds left.
|
|t:|1659516041
|switch|p1a: Charizard|Charizard, F|100/100
|turn|19
|
|t:|1659516046
|move|p2a: Nexus|Aqua Jet|p1a: Charizard
|-supereffective|p1a: Charizard
|-damage|p1a: Charizard|26/100
|move|p1a: Charizard|Thunder Punch|p2a: Nexus
|-supereffective|p2a: Nexus
|-damage|p2a: Nexus|22/100
|-enditem|p2a: Nexus|Sitrus Berry|[eat]
|-heal|p2a: Nexus|47/100|[from] item: Sitrus Berry
|
|upkeep
|turn|20
|inactive|baboleo has 120 seconds left.
|
|t:|1659516055
|move|p2a: Nexus|Aqua Jet|p1a: Charizard
|-supereffective|p1a: Charizard
|-damage|p1a: Charizard|0 fnt
|faint|p1a: Charizard
|
|win|MobiMolle
|raw|baboleo's rating: 1370 &rarr; <strong>1362</strong><br />(-8 for losing)
|raw|MobiMolle's rating: 1603 &rarr; <strong>1611</strong><br />(+8 for winning)
