|j|☆SPYDERRO
|j|☆braden13579
|t:|1604339563
|player|p1|SPYDERRO|firebreather|1304
|player|p2|braden13579|190|1376
|teamsize|p1|6
|teamsize|p2|6
|gametype|singles
|gen|8
|tier|[Gen 8] UU
|rated|
|clearpoke
|poke|p1|Azelf|
|poke|p1|Salamence, M|
|poke|p1|Nidoking, M|
|poke|p1|Talonflame, M|
|poke|p1|Rotom-Mow|
|poke|p1|Bisharp, M|
|poke|p2|Volcarona, M|
|poke|p2|Azelf|
|poke|p2|Buzzwole|
|poke|p2|Noivern, M|
|poke|p2|Dracozolt|
|poke|p2|Aegislash, M|
|rule|Sleep Clause Mod: Limit one foe put to sleep
|rule|Species Clause: Limit one of each Pokémon
|rule|OHKO Clause: OHKO moves are banned
|rule|Evasion Moves Clause: Evasion moves are banned
|rule|Endless Battle Clause: Forcing endless battles is banned
|rule|HP Percentage Mod: HP is shown in percentages
|rule|Dynamax Clause: You cannot dynamax
|teampreview
|c|☆SPYDERRO|glhf
|
|t:|1604339578
|start
|switch|p1a: Azelf|Azelf|100/100
|switch|p2a: Azelf|Azelf|100/100
|turn|1
|c|☆braden13579|glhf
|c|☆SPYDERRO|this new UU meta is really cool
|
|t:|1604339593
|move|p1a: Azelf|Magic Coat|p1a: Azelf
|-singleturn|p1a: Azelf|move: Magic Coat
|move|p2a: Azelf|Taunt|p1a: Azelf
|move|p1a: Azelf|Taunt|p2a: Azelf|[from]Magic Coat
|-start|p2a: Azelf|move: Taunt
|
|upkeep
|turn|2
|
|t:|1604339599
|move|p2a: Azelf|Flamethrower|p1a: Azelf
|-damage|p1a: Azelf|64/100
|move|p1a: Azelf|Stealth Rock|p2a: Azelf
|-sidestart|p2: braden13579|move: Stealth Rock
|
|upkeep
|turn|3
|
|t:|1604339611
|move|p1a: Azelf|Explosion|p2a: Azelf
|-enditem|p2a: Azelf|Focus Sash
|-damage|p2a: Azelf|1/100
|faint|p1a: Azelf
|move|p2a: Azelf|Flamethrower|p1: Azelf|[notarget]
|-fail|p2a: Azelf
|
|upkeep
|
|t:|1604339625
|switch|p1a: Salamence|Salamence, M|100/100
|turn|4
|j| ujle
|
|t:|1604339631
|switch|p2a: Aegislash|Aegislash, M|100/100
|-damage|p2a: Aegislash|94/100|[from] Stealth Rock
|move|p1a: Salamence|Dragon Dance|p1a: Salamence
|-boost|p1a: Salamence|atk|1
|-boost|p1a: Salamence|spe|1
|
|upkeep
|turn|5
|l| ujle
|
|t:|1604339639
|move|p1a: Salamence|Earthquake|p2a: Aegislash
|-supereffective|p2a: Aegislash
|-damage|p2a: Aegislash|0 fnt
|faint|p2a: Aegislash
|-ability|p1a: Salamence|Moxie|boost
|-boost|p1a: Salamence|atk|1
|
|upkeep
|
|t:|1604339655
|switch|p2a: Noivern|Noivern, M|100/100
|-item|p1a: Salamence|Heavy-Duty Boots|[from] ability: Frisk|[of] p2a: Noivern|[identify]
|turn|6
|
|t:|1604339661
|move|p1a: Salamence|Dual Wingbeat|p2a: Noivern
|-damage|p2a: Noivern|51/100
|-damage|p2a: Noivern|0 fnt
|-hitcount|p2a: Noivern|2
|faint|p2a: Noivern
|-ability|p1a: Salamence|Moxie|boost
|-boost|p1a: Salamence|atk|1
|
|upkeep
|-message|braden13579 forfeited.
|
|win|SPYDERRO
|l|☆braden13579
