|j|☆Hydreigon > Latias
|j|☆bioche80
|t:|1612737273
|player|p1|Hydreigon > Latias|cynthia|1444
|player|p2|bioche80|red|1388
|teamsize|p1|6
|teamsize|p2|6
|gametype|singles
|gen|8
|tier|[Gen 8] UU
|rated|
|clearpoke
|poke|p1|Jirachi|
|poke|p1|Krookodile, M|
|poke|p1|Tapu Bulu|
|poke|p1|Rotom-Heat|
|poke|p1|Terrakion|
|poke|p1|Slowking, M|
|poke|p2|Suicune|
|poke|p2|Scizor, F|
|poke|p2|Ditto|
|poke|p2|Victini|
|poke|p2|Chansey, F|
|poke|p2|Tentacruel, M|
|rule|Sleep Clause Mod: Limit one foe put to sleep
|rule|Species Clause: Limit one of each Pokémon
|rule|OHKO Clause: OHKO moves are banned
|rule|Evasion Moves Clause: Evasion moves are banned
|rule|Endless Battle Clause: Forcing endless battles is banned
|rule|HP Percentage Mod: HP is shown in percentages
|rule|Dynamax Clause: You cannot dynamax
|teampreview
|inactive|Battle timer is ON: inactive players will automatically lose when time's up. (requested by bioche80)
|
|t:|1612737313
|start
|switch|p1a: Krookodile|Krookodile, M|100/100
|switch|p2a: Victini|Victini|100/100
|-ability|p1a: Krookodile|Intimidate|boost
|-unboost|p2a: Victini|atk|1
|turn|1
|
|t:|1612737334
|move|p1a: Krookodile|Knock Off|p2a: Victini
|-supereffective|p2a: Victini
|-damage|p2a: Victini|7/100
|-enditem|p2a: Victini|Heavy-Duty Boots|[from] move: Knock Off|[of] p1a: Krookodile
|move|p2a: Victini|U-turn|p1a: Krookodile
|-supereffective|p1a: Krookodile
|-damage|p1a: Krookodile|65/100
|
|t:|1612737347
|switch|p2a: Scizor|Scizor, F|100/100|[from]move: U-turn
|
|upkeep
|turn|2
|
|t:|1612737357
|switch|p1a: Rotom|Rotom-Heat|100/100
|move|p2a: Scizor|Knock Off|p1a: Rotom
|-damage|p1a: Rotom|58/100
|-enditem|p1a: Rotom|Heavy-Duty Boots|[from] move: Knock Off|[of] p2a: Scizor
|-damage|p2a: Scizor|91/100|[from] item: Life Orb
|
|upkeep
|turn|3
|
|t:|1612737365
|switch|p2a: Chansey|Chansey, F|100/100
|move|p1a: Rotom|Pain Split|p2a: Chansey
|-sethp|p2a: Chansey|63/100|[from] move: Pain Split|[silent]
|-sethp|p1a: Rotom|100/100|[from] move: Pain Split
|
|upkeep
|turn|4
|
|t:|1612737373
|move|p1a: Rotom|Volt Switch|p2a: Chansey
|-damage|p2a: Chansey|54/100
|
|t:|1612737376
|switch|p1a: Terrakion|Terrakion|100/100|[from]move: Volt Switch
|move|p2a: Chansey|Stealth Rock|p1a: Terrakion
|-sidestart|p1: Hydreigon > Latias|move: Stealth Rock
|
|upkeep
|turn|5
|
|t:|1612737382
|switch|p2a: Suicune|Suicune|100/100
|-ability|p2a: Suicune|Pressure
|move|p1a: Terrakion|Close Combat|p2a: Suicune
|-damage|p2a: Suicune|50/100
|-unboost|p1a: Terrakion|def|1
|-unboost|p1a: Terrakion|spd|1
|-damage|p1a: Terrakion|91/100|[from] item: Life Orb
|
|-heal|p2a: Suicune|56/100|[from] item: Leftovers
|upkeep
|turn|6
|
|t:|1612737399
|move|p1a: Terrakion|Close Combat|p2a: Suicune
|-damage|p2a: Suicune|7/100
|-unboost|p1a: Terrakion|def|1
|-unboost|p1a: Terrakion|spd|1
|-damage|p1a: Terrakion|81/100|[from] item: Life Orb
|move|p2a: Suicune|Scald|p1a: Terrakion
|-supereffective|p1a: Terrakion
|-damage|p1a: Terrakion|0 fnt
|faint|p1a: Terrakion
|
|-heal|p2a: Suicune|13/100|[from] item: Leftovers
|upkeep
|
|t:|1612737403
|switch|p1a: Krookodile|Krookodile, M|65/100
|-damage|p1a: Krookodile|59/100|[from] Stealth Rock
|-ability|p1a: Krookodile|Intimidate|boost
|-unboost|p2a: Suicune|atk|1
|turn|7
|
|t:|1612737417
|move|p1a: Krookodile|Knock Off|p2a: Suicune
|-damage|p2a: Suicune|0 fnt
|-enditem|p2a: Suicune|Leftovers|[from] move: Knock Off|[of] p1a: Krookodile
|faint|p2a: Suicune
|
|upkeep
|
|t:|1612737426
|switch|p2a: Scizor|Scizor, F|91/100
|turn|8
|
|t:|1612737438
|switch|p1a: Rotom|Rotom-Heat|100/100
|-damage|p1a: Rotom|76/100|[from] Stealth Rock
|move|p2a: Scizor|U-turn|p1a: Rotom
|-resisted|p1a: Rotom
|-damage|p1a: Rotom|50/100
|-damage|p2a: Scizor|81/100|[from] item: Life Orb
|
|t:|1612737446
|switch|p2a: Tentacruel|Tentacruel, M|100/100|[from]move: U-turn
|
|upkeep
|turn|9
|
|t:|1612737470
|move|p2a: Tentacruel|Scald|p1a: Rotom
|-supereffective|p1a: Rotom
|-damage|p1a: Rotom|8/100
|move|p1a: Rotom|Pain Split|p2a: Tentacruel
|-sethp|p2a: Tentacruel|53/100|[from] move: Pain Split|[silent]
|-sethp|p1a: Rotom|64/100|[from] move: Pain Split
|
|-heal|p2a: Tentacruel|59/100|[from] item: Black Sludge
|upkeep
|turn|10
|inactive|Hydreigon > Latias has 120 seconds left.
|inactive|Hydreigon > Latias has 90 seconds left.
|
|t:|1612737542
|move|p2a: Tentacruel|Toxic Spikes|p1a: Rotom
|-sidestart|p1: Hydreigon > Latias|move: Toxic Spikes
|move|p1a: Rotom|Pain Split|p2a: Tentacruel
|-sethp|p2a: Tentacruel|56/100|[from] move: Pain Split|[silent]
|-sethp|p1a: Rotom|67/100|[from] move: Pain Split
|
|-heal|p2a: Tentacruel|62/100|[from] item: Black Sludge
|upkeep
|turn|11
|
|t:|1612737552
|move|p2a: Tentacruel|Scald|p1a: Rotom
|-supereffective|p1a: Rotom
|-damage|p1a: Rotom|28/100
|move|p1a: Rotom|Defog|p2a: Tentacruel
|-fail|p2a: Tentacruel|unboost|[from] ability: Clear Body|[of] p2a: Tentacruel
|-sideend|p1: Hydreigon > Latias|Toxic Spikes|[from] move: Defog|[of] p1a: Rotom
|-sideend|p1: Hydreigon > Latias|Stealth Rock|[from] move: Defog|[of] p1a: Rotom
|
|-heal|p2a: Tentacruel|69/100|[from] item: Black Sludge
|upkeep
|turn|12
|
|t:|1612737575
|move|p2a: Tentacruel|Scald|p1a: Rotom
|-supereffective|p1a: Rotom
|-damage|p1a: Rotom|0 fnt
|faint|p1a: Rotom
|
|-heal|p2a: Tentacruel|75/100|[from] item: Black Sludge
|upkeep
|
|t:|1612737577
|switch|p1a: Jirachi|Jirachi|100/100
|turn|13
|
|t:|1612737588
|switch|p2a: Scizor|Scizor, F|81/100
|move|p1a: Jirachi|Psychic|p2a: Scizor
|-resisted|p2a: Scizor
|-damage|p2a: Scizor|58/100
|
|upkeep
|turn|14
|inactive|Hydreigon > Latias has 90 seconds left.
|
|t:|1612737595
|move|p1a: Jirachi|Thunder|p2a: Scizor
|-damage|p2a: Scizor|22/100
|-status|p2a: Scizor|par
|move|p2a: Scizor|Knock Off|p1a: Jirachi
|-supereffective|p1a: Jirachi
|-damage|p1a: Jirachi|0 fnt
|-enditem|p1a: Jirachi|Expert Belt|[from] move: Knock Off|[of] p2a: Scizor
|-damage|p2a: Scizor|12/100 par|[from] item: Life Orb
|faint|p1a: Jirachi
|
|upkeep
|inactive|Hydreigon > Latias has 90 seconds left.
|
|t:|1612737603
|switch|p1a: Krookodile|Krookodile, M|59/100
|-ability|p1a: Krookodile|Intimidate|boost
|-unboost|p2a: Scizor|atk|1
|turn|15
|
|t:|1612737613
|cant|p2a: Scizor|par
|move|p1a: Krookodile|High Horsepower|p2a: Scizor
|-crit|p2a: Scizor
|-damage|p2a: Scizor|0 fnt
|faint|p2a: Scizor
|
|upkeep
|
|t:|1612737620
|switch|p2a: Ditto|Ditto|100/100
|-transform|p2a: Ditto|p1a: Krookodile|[from] ability: Imposter
|-ability|p2a: Ditto|Intimidate|boost
|-unboost|p1a: Krookodile|atk|1
|turn|16
|j| Milky12Daddy
|inactive|Hydreigon > Latias has 90 seconds left.
|
|t:|1612737644
|switch|p1a: Tapu Bulu|Tapu Bulu|100/100
|-fieldstart|move: Grassy Terrain|[from] ability: Grassy Surge|[of] p1a: Tapu Bulu
|move|p2a: Ditto|Knock Off|p1a: Tapu Bulu
|-resisted|p1a: Tapu Bulu
|-damage|p1a: Tapu Bulu|73/100
|-enditem|p1a: Tapu Bulu|Heavy-Duty Boots|[from] move: Knock Off|[of] p2a: Ditto
|
|-heal|p1a: Tapu Bulu|79/100|[from] Grassy Terrain
|upkeep
|turn|17
|l| Milky12Daddy
|
|t:|1612737656
|switch|p2a: Tentacruel|Tentacruel, M|75/100
|move|p1a: Tapu Bulu|Horn Leech|p2a: Tentacruel
|-damage|p2a: Tentacruel|19/100
|-heal|p1a: Tapu Bulu|100/100|[from] drain|[of] p2a: Tentacruel
|
|-heal|p2a: Tentacruel|25/100|[from] Grassy Terrain
|-heal|p2a: Tentacruel|31/100|[from] item: Black Sludge
|upkeep
|turn|18
|
|t:|1612737666
|switch|p1a: Krookodile|Krookodile, M|59/100
|-ability|p1a: Krookodile|Intimidate|boost
|-fail|p2a: Tentacruel|unboost|[from] ability: Clear Body|[of] p2a: Tentacruel
|move|p2a: Tentacruel|Toxic Spikes|p1a: Krookodile
|-sidestart|p1: Hydreigon > Latias|move: Toxic Spikes
|
|-heal|p1a: Krookodile|65/100|[from] Grassy Terrain
|-heal|p2a: Tentacruel|37/100|[from] Grassy Terrain
|-heal|p2a: Tentacruel|43/100|[from] item: Black Sludge
|upkeep
|turn|19
|
|t:|1612737678
|move|p1a: Krookodile|High Horsepower|p2a: Tentacruel
|-supereffective|p2a: Tentacruel
|-damage|p2a: Tentacruel|0 fnt
|faint|p2a: Tentacruel
|
|-heal|p1a: Krookodile|71/100|[from] Grassy Terrain
|upkeep
|
|t:|1612737685
|switch|p2a: Ditto|Ditto|100/100
|-transform|p2a: Ditto|p1a: Krookodile|[from] ability: Imposter
|-ability|p2a: Ditto|Intimidate|boost
|-unboost|p1a: Krookodile|atk|1
|turn|20
|inactive|Hydreigon > Latias has 120 seconds left.
|
|t:|1612737699
|switch|p2a: Victini|Victini|7/100
|switch|p1a: Tapu Bulu|Tapu Bulu|100/100
|-status|p1a: Tapu Bulu|psn
|
|-heal|p2a: Victini|13/100|[from] Grassy Terrain
|-fieldend|move: Grassy Terrain
|-damage|p1a: Tapu Bulu|88/100 psn|[from] psn
|upkeep
|turn|21
|
|t:|1612737714
|switch|p1a: Slowking|Slowking, M|100/100
|move|p2a: Victini|Bolt Strike|p1a: Slowking
|-supereffective|p1a: Slowking
|-damage|p1a: Slowking|43/100
|
|upkeep
|turn|22
|
|t:|1612737728
|move|p2a: Victini|V-create|p1a: Slowking
|-resisted|p1a: Slowking
|-damage|p1a: Slowking|14/100
|-unboost|p2a: Victini|spe|1
|-unboost|p2a: Victini|def|1
|-unboost|p2a: Victini|spd|1
|move|p1a: Slowking|Scald|p2a: Victini
|-supereffective|p2a: Victini
|-damage|p2a: Victini|0 fnt
|faint|p2a: Victini
|
|upkeep
|
|t:|1612737737
|switch|p2a: Ditto|Ditto|100/100
|-transform|p2a: Ditto|p1a: Slowking|[from] ability: Imposter
|turn|23
|
|t:|1612737744
|move|p2a: Ditto|Scald|p1a: Slowking
|-resisted|p1a: Slowking
|-damage|p1a: Slowking|3/100
|-status|p1a: Slowking|brn
|move|p1a: Slowking|Slack Off|p1a: Slowking
|-heal|p1a: Slowking|53/100 brn
|
|-damage|p1a: Slowking|47/100 brn|[from] brn
|upkeep
|turn|24
|
|t:|1612737753
|switch|p2a: Chansey|Chansey, F|54/100
|move|p1a: Slowking|Scald|p2a: Chansey
|-damage|p2a: Chansey|45/100
|-status|p2a: Chansey|brn
|
|-damage|p2a: Chansey|39/100 brn|[from] brn
|-damage|p1a: Slowking|41/100 brn|[from] brn
|upkeep
|turn|25
|
|t:|1612737762
|move|p2a: Chansey|Soft-Boiled|p2a: Chansey
|-heal|p2a: Chansey|89/100 brn
|move|p1a: Slowking|Teleport|p1a: Slowking
|
|t:|1612737764
|switch|p1a: Tapu Bulu|Tapu Bulu|88/100 psn|[from]move: Teleport
|-fieldstart|move: Grassy Terrain|[from] ability: Grassy Surge|[of] p1a: Tapu Bulu
|
|-heal|p1a: Tapu Bulu|94/100 psn|[from] Grassy Terrain
|-heal|p2a: Chansey|95/100 brn|[from] Grassy Terrain
|-damage|p1a: Tapu Bulu|82/100 psn|[from] psn
|-damage|p2a: Chansey|89/100 brn|[from] brn
|upkeep
|turn|26
|
|t:|1612737774
|switch|p1a: Slowking|Slowking, M|74/100 brn
|switch|p2a: Ditto|Ditto|100/100
|-transform|p2a: Ditto|p1a: Slowking|[from] ability: Imposter
|
|-heal|p1a: Slowking|80/100 brn|[from] Grassy Terrain
|-damage|p1a: Slowking|74/100 brn|[from] brn
|upkeep
|turn|27
|
|t:|1612737784
|switch|p1a: Tapu Bulu|Tapu Bulu|82/100 psn
|move|p2a: Ditto|Future Sight|p1a: Tapu Bulu
|-start|p2a: Ditto|move: Future Sight
|
|-heal|p1a: Tapu Bulu|88/100 psn|[from] Grassy Terrain
|-damage|p1a: Tapu Bulu|75/100 psn|[from] psn
|upkeep
|turn|28
|
|t:|1612737795
|switch|p2a: Chansey|Chansey, F|89/100
|move|p1a: Tapu Bulu|Horn Leech|p2a: Chansey
|-damage|p2a: Chansey|50/100
|-heal|p1a: Tapu Bulu|100/100 psn|[from] drain|[of] p2a: Chansey
|
|-heal|p2a: Chansey|56/100|[from] Grassy Terrain
|-damage|p1a: Tapu Bulu|88/100 psn|[from] psn
|upkeep
|turn|29
|
|t:|1612737807
|switch|p1a: Krookodile|Krookodile, M|71/100
|-status|p1a: Krookodile|psn
|-ability|p1a: Krookodile|Intimidate|boost
|-unboost|p2a: Chansey|atk|1
|move|p2a: Chansey|Stealth Rock|p1a: Krookodile
|-sidestart|p1: Hydreigon > Latias|move: Stealth Rock
|
|-end|p1a: Krookodile|move: Future Sight
|-immune|p1a: Krookodile
|-heal|p1a: Krookodile|78/100 psn|[from] Grassy Terrain
|-heal|p2a: Chansey|62/100|[from] Grassy Terrain
|-fieldend|move: Grassy Terrain
|-damage|p1a: Krookodile|65/100 psn|[from] psn
|upkeep
|turn|30
|
|t:|1612737820
|switch|p2a: Ditto|Ditto|100/100
|-transform|p2a: Ditto|p1a: Krookodile|[from] ability: Imposter
|-ability|p2a: Ditto|Intimidate|boost
|-unboost|p1a: Krookodile|atk|1
|move|p1a: Krookodile|Knock Off|p2a: Ditto
|-resisted|p2a: Ditto
|-damage|p2a: Ditto|78/100
|-enditem|p2a: Ditto|Choice Scarf|[from] move: Knock Off|[of] p1a: Krookodile
|
|-damage|p1a: Krookodile|53/100 psn|[from] psn
|upkeep
|turn|31
|
|t:|1612737837
|switch|p1a: Tapu Bulu|Tapu Bulu|88/100 psn
|-damage|p1a: Tapu Bulu|76/100 psn|[from] Stealth Rock
|-fieldstart|move: Grassy Terrain|[from] ability: Grassy Surge|[of] p1a: Tapu Bulu
|move|p2a: Ditto|Knock Off|p1a: Tapu Bulu
|-resisted|p1a: Tapu Bulu
|-damage|p1a: Tapu Bulu|57/100 psn
|
|-heal|p2a: Ditto|84/100|[from] Grassy Terrain
|-heal|p1a: Tapu Bulu|63/100 psn|[from] Grassy Terrain
|-damage|p1a: Tapu Bulu|51/100 psn|[from] psn
|upkeep
|turn|32
|
|t:|1612737851
|switch|p2a: Chansey|Chansey, F|62/100
|move|p1a: Tapu Bulu|Horn Leech|p2a: Chansey
|-damage|p2a: Chansey|25/100
|-heal|p1a: Tapu Bulu|98/100 psn|[from] drain|[of] p2a: Chansey
|
|-heal|p1a: Tapu Bulu|100/100 psn|[from] Grassy Terrain
|-heal|p2a: Chansey|31/100|[from] Grassy Terrain
|-damage|p1a: Tapu Bulu|88/100 psn|[from] psn
|upkeep
|turn|33
|
|t:|1612737862
|move|p1a: Tapu Bulu|Horn Leech|p2a: Chansey
|-damage|p2a: Chansey|0 fnt
|-heal|p1a: Tapu Bulu|100/100 psn|[from] drain|[of] p2a: Chansey
|faint|p2a: Chansey
|
|-damage|p1a: Tapu Bulu|88/100 psn|[from] psn
|upkeep
|
|t:|1612737869
|switch|p2a: Ditto|Ditto|84/100
|-transform|p2a: Ditto|p1a: Tapu Bulu|[from] ability: Imposter
|turn|34
|
|t:|1612737877
|move|p2a: Ditto|Horn Leech|p1a: Tapu Bulu
|-resisted|p1a: Tapu Bulu
|-damage|p1a: Tapu Bulu|60/100 psn
|-heal|p2a: Ditto|98/100|[from] drain|[of] p1a: Tapu Bulu
|move|p1a: Tapu Bulu|Megahorn|p2a: Ditto|[miss]
|-miss|p1a: Tapu Bulu|p2a: Ditto
|
|-heal|p1a: Tapu Bulu|66/100 psn|[from] Grassy Terrain
|-heal|p2a: Ditto|100/100|[from] Grassy Terrain
|-damage|p1a: Tapu Bulu|53/100 psn|[from] psn
|upkeep
|turn|35
|
|t:|1612737888
|move|p2a: Ditto|Horn Leech|p1a: Tapu Bulu
|-resisted|p1a: Tapu Bulu
|-damage|p1a: Tapu Bulu|25/100 psn
|move|p1a: Tapu Bulu|Horn Leech|p2a: Ditto
|-resisted|p2a: Ditto
|-damage|p2a: Ditto|72/100
|-heal|p1a: Tapu Bulu|41/100 psn|[from] drain|[of] p2a: Ditto
|
|-heal|p2a: Ditto|78/100|[from] Grassy Terrain
|-heal|p1a: Tapu Bulu|47/100 psn|[from] Grassy Terrain
|-fieldend|move: Grassy Terrain
|-damage|p1a: Tapu Bulu|34/100 psn|[from] psn
|upkeep
|turn|36
|
|t:|1612737900
|move|p2a: Ditto|Horn Leech|p1a: Tapu Bulu
|-resisted|p1a: Tapu Bulu
|-crit|p1a: Tapu Bulu
|-damage|p1a: Tapu Bulu|0 fnt
|-heal|p2a: Ditto|94/100|[from] drain|[of] p1a: Tapu Bulu
|faint|p1a: Tapu Bulu
|
|upkeep
|
|t:|1612737905
|switch|p1a: Krookodile|Krookodile, M|53/100 psn
|-damage|p1a: Krookodile|47/100 psn|[from] Stealth Rock
|-ability|p1a: Krookodile|Intimidate|boost
|-unboost|p2a: Ditto|atk|1
|turn|37
|
|t:|1612737910
|switch|p1a: Slowking|Slowking, M|100/100 brn
|move|p2a: Ditto|Horn Leech|p1a: Slowking
|-supereffective|p1a: Slowking
|-damage|p1a: Slowking|52/100 brn
|-heal|p2a: Ditto|100/100|[from] drain|[of] p1a: Slowking
|
|-damage|p1a: Slowking|46/100 brn|[from] brn
|upkeep
|turn|38
|
|t:|1612737919
|switch|p1a: Krookodile|Krookodile, M|47/100 psn
|-damage|p1a: Krookodile|41/100 psn|[from] Stealth Rock
|-ability|p1a: Krookodile|Intimidate|boost
|-unboost|p2a: Ditto|atk|1
|move|p2a: Ditto|Horn Leech|p1a: Krookodile
|-supereffective|p1a: Krookodile
|-damage|p1a: Krookodile|0 fnt
|faint|p1a: Krookodile
|
|upkeep
|
|t:|1612737930
|switch|p1a: Slowking|Slowking, M|79/100 brn
|turn|39
|
|t:|1612737938
|move|p2a: Ditto|Megahorn|p1a: Slowking
|-supereffective|p1a: Slowking
|-crit|p1a: Slowking
|-damage|p1a: Slowking|0 fnt
|faint|p1a: Slowking
|
|win|bioche80
|c|☆Hydreigon > Latias|WHY
|c|☆bioche80|sorry
|c|☆Hydreigon > Latias|u crit my  bulu
|raw|Hydreigon &gt; Latias's rating: 1423 &rarr; <strong>1400</strong><br />(-23 for losing)
|raw|bioche80's rating: 1376 &rarr; <strong>1399</strong><br />(+23 for winning)
|c|☆bioche80|this is shit
|c|☆Hydreigon > Latias|i litterally spam soft boil and scald
|l|☆Hydreigon > Latias
|c|☆bioche80|sorry
|j|☆Hydreigon > Latias
|player|p1|Hydreigon > Latias|cynthia
