|j|☆tibetan bowlz
|j|☆pokemonisfun
|t:|1641786665
|gametype|singles
|player|p1|tibetan bowlz|2|1692
|player|p2|pokemonisfun|#uutrio2ladder|1744
|teamsize|p1|6
|teamsize|p2|6
|gen|8
|tier|[Gen 8] UU
|rated|
|rule|Sleep Clause Mod: Limit one foe put to sleep
|rule|Species Clause: Limit one of each Pokémon
|rule|OHKO Clause: OHKO moves are banned
|rule|Evasion Moves Clause: Evasion moves are banned
|rule|Endless Battle Clause: Forcing endless battles is banned
|rule|HP Percentage Mod: HP is shown in percentages
|rule|Dynamax Clause: You cannot dynamax
|clearpoke
|poke|p1|Krookodile, F|
|poke|p1|Rotom-Heat|
|poke|p1|Amoonguss, F|
|poke|p1|Primarina, F|
|poke|p1|Jirachi|
|poke|p1|Conkeldurr, F|
|poke|p2|Tauros, M|
|poke|p2|Thundurus-Therian, M|
|poke|p2|Primarina, M|
|poke|p2|Mandibuzz, F|
|poke|p2|Amoonguss, F|
|poke|p2|Cobalion|
|teampreview
|
|t:|1641786700
|start
|switch|p1a: Rotom|Rotom-Heat|100/100
|switch|p2a: seal that squeals|Primarina, M|100/100
|turn|1
|
|t:|1641786706
|move|p1a: Rotom|Volt Switch|p2a: seal that squeals
|-supereffective|p2a: seal that squeals
|-damage|p2a: seal that squeals|59/100
|
|t:|1641786712
|switch|p1a: Amoonguss|Amoonguss, F|100/100|[from]move: Volt Switch
|move|p2a: seal that squeals|Scald|p1a: Amoonguss
|-resisted|p1a: Amoonguss
|-damage|p1a: Amoonguss|83/100
|
|-heal|p2a: seal that squeals|65/100|[from] item: Leftovers
|upkeep
|turn|2
|
|t:|1641786726
|move|p2a: seal that squeals|Scald|p1a: Amoonguss
|-resisted|p1a: Amoonguss
|-damage|p1a: Amoonguss|67/100
|move|p1a: Amoonguss|Sludge Bomb|p2a: seal that squeals
|-supereffective|p2a: seal that squeals
|-damage|p2a: seal that squeals|19/100
|-status|p2a: seal that squeals|psn
|
|-heal|p2a: seal that squeals|25/100 psn|[from] item: Leftovers
|-damage|p2a: seal that squeals|12/100 psn|[from] psn
|upkeep
|turn|3
|
|t:|1641786737
|move|p2a: seal that squeals|Rest|p2a: seal that squeals
|-status|p2a: seal that squeals|slp|[from] move: Rest
|-heal|p2a: seal that squeals|100/100 slp|[silent]
|move|p1a: Amoonguss|Sludge Bomb|p2a: seal that squeals
|-supereffective|p2a: seal that squeals
|-damage|p2a: seal that squeals|58/100 slp
|
|-heal|p2a: seal that squeals|64/100 slp|[from] item: Leftovers
|upkeep
|turn|4
|
|t:|1641786751
|switch|p2a: sweepy sheepy|Cobalion|100/100
|switch|p1a: Rotom|Rotom-Heat|100/100
|
|upkeep
|turn|5
|
|t:|1641786761
|switch|p2a: seal that squeals|Primarina, M|64/100 slp
|move|p1a: Rotom|Overheat|p2a: seal that squeals
|-resisted|p2a: seal that squeals
|-damage|p2a: seal that squeals|44/100 slp
|-unboost|p1a: Rotom|spa|2
|
|-heal|p2a: seal that squeals|50/100 slp|[from] item: Leftovers
|upkeep
|turn|6
|
|t:|1641786785
|switch|p1a: Krookodile|Krookodile, F|100/100
|-ability|p1a: Krookodile|Intimidate|boost
|-unboost|p2a: seal that squeals|atk|1
|cant|p2a: seal that squeals|slp
|move|p2a: seal that squeals|Sleep Talk|p2a: seal that squeals
|move|p2a: seal that squeals|Moonblast|p1a: Krookodile|[from]move: Sleep Talk
|-supereffective|p1a: Krookodile
|-damage|p1a: Krookodile|0 fnt
|faint|p1a: Krookodile
|
|-heal|p2a: seal that squeals|56/100 slp|[from] item: Leftovers
|upkeep
|
|t:|1641786798
|switch|p1a: Primarina|Primarina, F|100/100
|turn|7
|
|t:|1641786809
|switch|p2a: howdy mr cloudy|Thundurus-Therian, M|100/100
|move|p1a: Primarina|Calm Mind|p1a: Primarina
|-boost|p1a: Primarina|spa|1
|-boost|p1a: Primarina|spd|1
|
|upkeep
|turn|8
|
|t:|1641786824
|move|p2a: howdy mr cloudy|Knock Off|p1a: Primarina
|-resisted|p1a: Primarina
|-damage|p1a: Primarina|88/100
|-enditem|p1a: Primarina|Leftovers|[from] move: Knock Off|[of] p2a: howdy mr cloudy
|move|p1a: Primarina|Substitute|p1a: Primarina
|-start|p1a: Primarina|Substitute
|-damage|p1a: Primarina|63/100
|
|upkeep
|turn|9
|
|t:|1641786832
|move|p2a: howdy mr cloudy|Volt Switch|p1a: Primarina
|-supereffective|p1a: Primarina
|-end|p1a: Primarina|Substitute
|
|t:|1641786838
|switch|p2a: shroomy woomy|Amoonguss, F|100/100|[from]move: Volt Switch
|move|p1a: Primarina|Calm Mind|p1a: Primarina
|-boost|p1a: Primarina|spa|1
|-boost|p1a: Primarina|spd|1
|
|upkeep
|turn|10
|
|t:|1641786845
|switch|p2a: howdy mr cloudy|Thundurus-Therian, M|100/100
|move|p1a: Primarina|Substitute|p1a: Primarina
|-start|p1a: Primarina|Substitute
|-damage|p1a: Primarina|38/100
|
|upkeep
|turn|11
|
|t:|1641786852
|move|p2a: howdy mr cloudy|Volt Switch|p1a: Primarina
|-supereffective|p1a: Primarina
|-end|p1a: Primarina|Substitute
|
|t:|1641786897
|switch|p2a: shroomy woomy|Amoonguss, F|100/100|[from]move: Volt Switch
|move|p1a: Primarina|Draining Kiss|p2a: shroomy woomy
|-resisted|p2a: shroomy woomy
|-damage|p2a: shroomy woomy|80/100
|-heal|p1a: Primarina|57/100|[from] drain|[of] p2a: shroomy woomy
|-damage|p1a: Primarina|40/100|[from] item: Rocky Helmet|[of] p2a: shroomy woomy
|
|upkeep
|turn|12
|
|t:|1641786910
|move|p1a: Primarina|Substitute|p1a: Primarina
|-start|p1a: Primarina|Substitute
|-damage|p1a: Primarina|16/100
|move|p2a: shroomy woomy|Sludge Bomb|p1a: Primarina
|-supereffective|p1a: Primarina
|-activate|p1a: Primarina|move: Substitute|[damage]
|
|upkeep
|turn|13
|
|t:|1641786916
|move|p1a: Primarina|Draining Kiss|p2a: shroomy woomy
|-resisted|p2a: shroomy woomy
|-damage|p2a: shroomy woomy|59/100
|-heal|p1a: Primarina|34/100|[from] drain|[of] p2a: shroomy woomy
|-damage|p1a: Primarina|18/100|[from] item: Rocky Helmet|[of] p2a: shroomy woomy
|move|p2a: shroomy woomy|Sludge Bomb|p1a: Primarina
|-supereffective|p1a: Primarina
|-end|p1a: Primarina|Substitute
|
|upkeep
|turn|14
|
|t:|1641786927
|move|p1a: Primarina|Scald|p2a: shroomy woomy
|-resisted|p2a: shroomy woomy
|-damage|p2a: shroomy woomy|9/100
|move|p2a: shroomy woomy|Spore|p1a: Primarina
|-status|p1a: Primarina|slp|[from] move: Spore
|
|upkeep
|turn|15
|
|t:|1641786938
|switch|p1a: Conkeldurr|Conkeldurr, F|100/100
|switch|p2a: BENNY|Tauros, M|100/100
|
|-status|p1a: Conkeldurr|brn|[from] item: Flame Orb
|upkeep
|turn|16
|
|t:|1641786954
|switch|p2a: peck ur neck|Mandibuzz, F|100/100
|move|p1a: Conkeldurr|Drain Punch|p2a: peck ur neck
|-damage|p2a: peck ur neck|62/100
|
|-damage|p1a: Conkeldurr|95/100 brn|[from] brn
|upkeep
|turn|17
|
|t:|1641786961
|move|p2a: peck ur neck|Foul Play|p1a: Conkeldurr
|-resisted|p1a: Conkeldurr
|-damage|p1a: Conkeldurr|66/100 brn
|move|p1a: Conkeldurr|Drain Punch|p2a: peck ur neck
|-damage|p2a: peck ur neck|23/100
|-heal|p1a: Conkeldurr|90/100 brn|[from] drain|[of] p2a: peck ur neck
|
|-damage|p1a: Conkeldurr|84/100 brn|[from] brn
|upkeep
|turn|18
|
|t:|1641786982
|switch|p2a: shroomy woomy|Amoonguss, F|42/100
|move|p1a: Conkeldurr|Drain Punch|p2a: shroomy woomy
|-resisted|p2a: shroomy woomy
|-damage|p2a: shroomy woomy|17/100
|-heal|p1a: Conkeldurr|99/100 brn|[from] drain|[of] p2a: shroomy woomy
|-damage|p1a: Conkeldurr|83/100 brn|[from] item: Rocky Helmet|[of] p2a: shroomy woomy
|
|-damage|p1a: Conkeldurr|77/100 brn|[from] brn
|upkeep
|turn|19
|
|t:|1641786994
|switch|p2a: peck ur neck|Mandibuzz, F|23/100
|move|p1a: Conkeldurr|Drain Punch|p2a: peck ur neck
|-damage|p2a: peck ur neck|0 fnt
|-heal|p1a: Conkeldurr|91/100 brn|[from] drain|[of] p2a: peck ur neck
|faint|p2a: peck ur neck
|
|-damage|p1a: Conkeldurr|85/100 brn|[from] brn
|upkeep
|
|t:|1641787000
|switch|p2a: shroomy woomy|Amoonguss, F|50/100
|turn|20
|
|t:|1641787005
|move|p1a: Conkeldurr|Bulk Up|p1a: Conkeldurr
|-boost|p1a: Conkeldurr|atk|1
|-boost|p1a: Conkeldurr|def|1
|move|p2a: shroomy woomy|Synthesis|p2a: shroomy woomy
|-heal|p2a: shroomy woomy|100/100
|
|-damage|p1a: Conkeldurr|79/100 brn|[from] brn
|upkeep
|turn|21
|
|t:|1641787013
|move|p1a: Conkeldurr|Drain Punch|p2a: shroomy woomy
|-resisted|p2a: shroomy woomy
|-damage|p2a: shroomy woomy|63/100
|-heal|p1a: Conkeldurr|100/100 brn|[from] drain|[of] p2a: shroomy woomy
|-damage|p1a: Conkeldurr|84/100 brn|[from] item: Rocky Helmet|[of] p2a: shroomy woomy
|move|p2a: shroomy woomy|Sludge Bomb|p1a: Conkeldurr
|-damage|p1a: Conkeldurr|51/100 brn
|
|-damage|p1a: Conkeldurr|45/100 brn|[from] brn
|upkeep
|turn|22
|
|t:|1641787023
|move|p1a: Conkeldurr|Knock Off|p2a: shroomy woomy
|-damage|p2a: shroomy woomy|3/100
|-damage|p1a: Conkeldurr|29/100 brn|[from] item: Rocky Helmet|[of] p2a: shroomy woomy
|-enditem|p2a: shroomy woomy|Rocky Helmet|[from] move: Knock Off|[of] p1a: Conkeldurr
|move|p2a: shroomy woomy|Synthesis|p2a: shroomy woomy
|-heal|p2a: shroomy woomy|53/100
|
|-damage|p1a: Conkeldurr|23/100 brn|[from] brn
|upkeep
|turn|23
|
|t:|1641787032
|move|p1a: Conkeldurr|Drain Punch|p2a: shroomy woomy
|-resisted|p2a: shroomy woomy
|-damage|p2a: shroomy woomy|16/100
|-heal|p1a: Conkeldurr|46/100 brn|[from] drain|[of] p2a: shroomy woomy
|move|p2a: shroomy woomy|Synthesis|p2a: shroomy woomy
|-heal|p2a: shroomy woomy|66/100
|
|-damage|p1a: Conkeldurr|40/100 brn|[from] brn
|upkeep
|turn|24
|
|t:|1641787041
|move|p1a: Conkeldurr|Drain Punch|p2a: shroomy woomy
|-resisted|p2a: shroomy woomy
|-damage|p2a: shroomy woomy|30/100
|-heal|p1a: Conkeldurr|62/100 brn|[from] drain|[of] p2a: shroomy woomy
|move|p2a: shroomy woomy|Synthesis|p2a: shroomy woomy
|-heal|p2a: shroomy woomy|80/100
|
|-damage|p1a: Conkeldurr|56/100 brn|[from] brn
|upkeep
|turn|25
|
|t:|1641787050
|move|p1a: Conkeldurr|Bulk Up|p1a: Conkeldurr
|-boost|p1a: Conkeldurr|atk|1
|-boost|p1a: Conkeldurr|def|1
|move|p2a: shroomy woomy|Sludge Bomb|p1a: Conkeldurr
|-damage|p1a: Conkeldurr|22/100 brn
|
|-damage|p1a: Conkeldurr|16/100 brn|[from] brn
|upkeep
|turn|26
|
|t:|1641787058
|move|p1a: Conkeldurr|Drain Punch|p2a: shroomy woomy
|-resisted|p2a: shroomy woomy
|-damage|p2a: shroomy woomy|33/100
|-heal|p1a: Conkeldurr|44/100 brn|[from] drain|[of] p2a: shroomy woomy
|move|p2a: shroomy woomy|Sludge Bomb|p1a: Conkeldurr
|-damage|p1a: Conkeldurr|12/100 brn
|
|-damage|p1a: Conkeldurr|6/100 brn|[from] brn
|upkeep
|turn|27
|
|t:|1641787088
|move|p1a: Conkeldurr|Drain Punch|p2a: shroomy woomy
|-resisted|p2a: shroomy woomy
|-damage|p2a: shroomy woomy|0 fnt
|-heal|p1a: Conkeldurr|27/100 brn|[from] drain|[of] p2a: shroomy woomy
|faint|p2a: shroomy woomy
|
|-damage|p1a: Conkeldurr|21/100 brn|[from] brn
|upkeep
|
|t:|1641787089
|switch|p2a: howdy mr cloudy|Thundurus-Therian, M|100/100
|turn|28
|
|t:|1641787102
|switch|p1a: Primarina|Primarina, F|18/100 slp
|move|p2a: howdy mr cloudy|Volt Switch|p1a: Primarina
|-supereffective|p1a: Primarina
|-damage|p1a: Primarina|0 fnt
|faint|p1a: Primarina
|
|t:|1641787110
|switch|p2a: sweepy sheepy|Cobalion|100/100|[from]move: Volt Switch
|
|upkeep
|
|t:|1641787127
|switch|p1a: Rotom|Rotom-Heat|100/100
|turn|29
|
|t:|1641787137
|switch|p2a: seal that squeals|Primarina, M|56/100 slp
|move|p1a: Rotom|Overheat|p2a: seal that squeals
|-resisted|p2a: seal that squeals
|-damage|p2a: seal that squeals|36/100 slp
|-unboost|p1a: Rotom|spa|2
|
|-heal|p2a: seal that squeals|42/100 slp|[from] item: Leftovers
|upkeep
|turn|30
|
|t:|1641787146
|switch|p1a: Jirachi|Jirachi|100/100
|switch|p2a: howdy mr cloudy|Thundurus-Therian, M|100/100
|
|upkeep
|turn|31
|
|t:|1641787178
|switch|p1a: Amoonguss|Amoonguss, F|99/100
|move|p2a: howdy mr cloudy|Volt Switch|p1a: Amoonguss
|-resisted|p1a: Amoonguss
|-damage|p1a: Amoonguss|81/100
|
|t:|1641787187
|switch|p2a: sweepy sheepy|Cobalion|100/100|[from]move: Volt Switch
|
|upkeep
|turn|32
|
|t:|1641787246
|switch|p2a: BENNY|Tauros, M|100/100
|switch|p1a: Jirachi|Jirachi|100/100
|
|upkeep
|turn|33
|
|t:|1641787261
|move|p2a: BENNY|Throat Chop|p1a: Jirachi
|-supereffective|p1a: Jirachi
|-damage|p1a: Jirachi|19/100
|move|p1a: Jirachi|U-turn|p2a: BENNY
|-damage|p2a: BENNY|80/100
|
|t:|1641787266
|switch|p1a: Conkeldurr|Conkeldurr, F|21/100 brn|[from]move: U-turn
|
|-damage|p1a: Conkeldurr|15/100 brn|[from] brn
|upkeep
|turn|34
|
|t:|1641787278
|switch|p2a: seal that squeals|Primarina, M|42/100 slp
|move|p1a: Conkeldurr|Mach Punch|p2a: seal that squeals
|-resisted|p2a: seal that squeals
|-damage|p2a: seal that squeals|29/100 slp
|
|-heal|p2a: seal that squeals|35/100 slp|[from] item: Leftovers
|-damage|p1a: Conkeldurr|9/100 brn|[from] brn
|upkeep
|turn|35
|
|t:|1641787286
|move|p1a: Conkeldurr|Drain Punch|p2a: seal that squeals
|-resisted|p2a: seal that squeals
|-damage|p2a: seal that squeals|8/100 slp
|-heal|p1a: Conkeldurr|22/100 brn|[from] drain|[of] p2a: seal that squeals
|cant|p2a: seal that squeals|slp
|move|p2a: seal that squeals|Sleep Talk|p2a: seal that squeals
|move|p2a: seal that squeals|Scald|p1a: Conkeldurr|[from]move: Sleep Talk
|-crit|p1a: Conkeldurr
|-damage|p1a: Conkeldurr|0 fnt
|faint|p1a: Conkeldurr
|
|-heal|p2a: seal that squeals|14/100 slp|[from] item: Leftovers
|upkeep
|
|t:|1641787301
|switch|p1a: Jirachi|Jirachi|19/100
|turn|36
|
|t:|1641787311
|move|p1a: Jirachi|Psychic|p2a: seal that squeals
|-damage|p2a: seal that squeals|0 fnt
|faint|p2a: seal that squeals
|
|upkeep
|
|t:|1641787315
|switch|p2a: BENNY|Tauros, M|80/100
|turn|37
|
|t:|1641787320
|switch|p1a: Amoonguss|Amoonguss, F|100/100
|move|p2a: BENNY|Body Slam|p1a: Amoonguss
|-damage|p1a: Amoonguss|51/100
|-damage|p2a: BENNY|63/100|[from] item: Rocky Helmet|[of] p1a: Amoonguss
|
|upkeep
|turn|38
|
|t:|1641787376
|move|p2a: BENNY|Body Slam|p1a: Amoonguss
|-damage|p1a: Amoonguss|7/100
|-damage|p2a: BENNY|47/100|[from] item: Rocky Helmet|[of] p1a: Amoonguss
|move|p1a: Amoonguss|Spore|p2a: BENNY
|-status|p2a: BENNY|slp|[from] move: Spore
|
|upkeep
|turn|39
|
|t:|1641787390
|switch|p2a: sweepy sheepy|Cobalion|100/100
|switch|p1a: Rotom|Rotom-Heat|100/100
|
|upkeep
|turn|40
|
|t:|1641787398
|move|p2a: sweepy sheepy|Close Combat|p1a: Rotom
|-damage|p1a: Rotom|45/100
|-unboost|p2a: sweepy sheepy|def|1
|-unboost|p2a: sweepy sheepy|spd|1
|move|p1a: Rotom|Overheat|p2a: sweepy sheepy
|-supereffective|p2a: sweepy sheepy
|-damage|p2a: sweepy sheepy|0 fnt
|-unboost|p1a: Rotom|spa|2
|faint|p2a: sweepy sheepy
|
|upkeep
|
|t:|1641787401
|switch|p2a: howdy mr cloudy|Thundurus-Therian, M|100/100
|turn|41
|
|t:|1641787412
|switch|p1a: Jirachi|Jirachi|19/100
|move|p2a: howdy mr cloudy|Psychic|p1a: Jirachi
|-resisted|p1a: Jirachi
|-damage|p1a: Jirachi|10/100
|
|upkeep
|turn|42
|
|t:|1641787425
|switch|p1a: Amoonguss|Amoonguss, F|40/100
|move|p2a: howdy mr cloudy|Knock Off|p1a: Amoonguss
|-damage|p1a: Amoonguss|25/100
|-damage|p2a: howdy mr cloudy|84/100|[from] item: Rocky Helmet|[of] p1a: Amoonguss
|-enditem|p1a: Amoonguss|Rocky Helmet|[from] move: Knock Off|[of] p2a: howdy mr cloudy
|
|upkeep
|turn|43
|
|t:|1641787434
|switch|p1a: Jirachi|Jirachi|10/100
|move|p2a: howdy mr cloudy|Psychic|p1a: Jirachi
|-resisted|p1a: Jirachi
|-damage|p1a: Jirachi|1/100
|
|upkeep
|turn|44
|
|t:|1641787441
|move|p2a: howdy mr cloudy|Psychic|p1a: Jirachi
|-resisted|p1a: Jirachi
|-damage|p1a: Jirachi|0 fnt
|faint|p1a: Jirachi
|
|upkeep
|
|t:|1641787453
|switch|p1a: Rotom|Rotom-Heat|45/100
|turn|45
|
|t:|1641787459
|move|p2a: howdy mr cloudy|Psychic|p1a: Rotom
|-damage|p1a: Rotom|11/100
|move|p1a: Rotom|Overheat|p2a: howdy mr cloudy|[miss]
|-miss|p1a: Rotom|p2a: howdy mr cloudy
|
|upkeep
|turn|46
|
|t:|1641787479
|move|p2a: howdy mr cloudy|Psychic|p1a: Rotom
|-damage|p1a: Rotom|0 fnt
|faint|p1a: Rotom
|
|upkeep
|
|t:|1641787484
|switch|p1a: Amoonguss|Amoonguss, F|58/100
|turn|47
|
|t:|1641787488
|move|p2a: howdy mr cloudy|Psychic|p1a: Amoonguss
|-supereffective|p1a: Amoonguss
|-damage|p1a: Amoonguss|0 fnt
|faint|p1a: Amoonguss
|
|win|pokemonisfun
|raw|tibetan bowlz's rating: 1692 &rarr; <strong>1675</strong><br />(-17 for losing)
|raw|pokemonisfun's rating: 1744 &rarr; <strong>1761</strong><br />(+17 for winning)
|c|☆pokemonisfun|gg
|l|☆tibetan bowlz
