|j|☆Eazigzagoon
|j|☆Micciu20250
|t:|1657107458
|gametype|singles
|player|p1|Eazigzagoon|tuberf|1422
|player|p2|Micciu20250|teammagmagruntf-gen3|1619
|teamsize|p1|6
|teamsize|p2|6
|gen|8
|tier|[Gen 8] UU
|rated|
|rule|Sleep Clause Mod: Limit one foe put to sleep
|rule|Species Clause: Limit one of each Pokémon
|rule|OHKO Clause: OHKO moves are banned
|rule|Evasion Moves Clause: Evasion moves are banned
|rule|Endless Battle Clause: Forcing endless battles is banned
|rule|HP Percentage Mod: HP is shown in percentages
|rule|Dynamax Clause: You cannot dynamax
|clearpoke
|poke|p1|Skarmory, M|
|poke|p1|Azelf|
|poke|p1|Hippowdon, F|
|poke|p1|Hydreigon, M|
|poke|p1|Slowbro-Galar, F|
|poke|p1|Primarina, M|
|poke|p2|Registeel|
|poke|p2|Zarude|
|poke|p2|Hippowdon, F|
|poke|p2|Salamence, F|
|poke|p2|Slowking, M|
|poke|p2|Salazzle, F|
|teampreview
|inactive|Battle timer is ON: inactive players will automatically lose when time's up. (requested by Micciu20250)
|
|t:|1657107492
|start
|switch|p1a: Azelf|Azelf|100/100
|switch|p2a: Zarude|Zarude|100/100
|turn|1
|
|t:|1657107499
|move|p1a: Azelf|U-turn|p2a: Zarude
|-supereffective|p2a: Zarude
|-damage|p2a: Zarude|38/100
|
|t:|1657107503
|switch|p1a: Skarmory|Skarmory, M|100/100|[from]move: U-turn
|move|p2a: Zarude|U-turn|p1a: Skarmory
|-resisted|p1a: Skarmory
|-damage|p1a: Skarmory|97/100
|-damage|p2a: Zarude|21/100|[from] item: Rocky Helmet|[of] p1a: Skarmory
|
|t:|1657107510
|switch|p2a: Salazzle|Salazzle, F|100/100|[from]move: U-turn
|
|upkeep
|turn|2
|
|t:|1657107523
|switch|p1a: Hippowdon|Hippowdon, F|100/100
|-weather|Sandstorm|[from] ability: Sand Stream|[of] p1a: Hippowdon
|move|p2a: Salazzle|Toxic|p1a: Hippowdon
|-status|p1a: Hippowdon|tox
|
|-weather|Sandstorm|[upkeep]
|-damage|p2a: Salazzle|94/100|[from] Sandstorm
|-damage|p1a: Hippowdon|94/100 tox|[from] psn
|upkeep
|turn|3
|j| StickerBrush Symph
|
|t:|1657107537
|switch|p2a: Zarude|Zarude|21/100
|move|p1a: Hippowdon|Stealth Rock|p2a: Zarude
|-sidestart|p2: Micciu20250|move: Stealth Rock
|
|-weather|Sandstorm|[upkeep]
|-damage|p2a: Zarude|15/100|[from] Sandstorm
|-heal|p1a: Hippowdon|100/100 tox|[from] item: Leftovers
|-damage|p1a: Hippowdon|88/100 tox|[from] psn
|upkeep
|turn|4
|
|t:|1657107545
|switch|p1a: Azelf|Azelf|100/100
|move|p2a: Zarude|Jungle Healing|p2a: Zarude
|-heal|p2a: Zarude|40/100
|
|-weather|Sandstorm|[upkeep]
|-damage|p1a: Azelf|94/100|[from] Sandstorm
|-damage|p2a: Zarude|34/100|[from] Sandstorm
|upkeep
|turn|5
|
|t:|1657107559
|switch|p2a: Slowking|Slowking, M|100/100
|-damage|p2a: Slowking|88/100|[from] Stealth Rock
|move|p1a: Azelf|U-turn|p2a: Slowking
|-supereffective|p2a: Slowking
|-damage|p2a: Slowking|64/100
|
|t:|1657107571
|switch|p1a: Hydreigon|Hydreigon, M|100/100|[from]move: U-turn
|
|-weather|Sandstorm|[upkeep]
|-damage|p1a: Hydreigon|94/100|[from] Sandstorm
|-damage|p2a: Slowking|58/100|[from] Sandstorm
|upkeep
|turn|6
|
|t:|1657107583
|move|p1a: Hydreigon|Dark Pulse|p2a: Slowking
|-supereffective|p2a: Slowking
|-enditem|p2a: Slowking|Colbur Berry|[eat]
|-enditem|p2a: Slowking|Colbur Berry|[weaken]
|-damage|p2a: Slowking|26/100
|move|p2a: Slowking|Teleport|p2a: Slowking
|
|t:|1657107591
|switch|p2a: Hippowdon|Hippowdon, F|100/100|[from]move: Teleport
|-damage|p2a: Hippowdon|94/100|[from] Stealth Rock
|
|-weather|none
|-heal|p2a: Hippowdon|100/100|[from] item: Leftovers
|upkeep
|turn|7
|
|t:|1657107596
|switch|p1a: Skarmory|Skarmory, M|97/100
|move|p2a: Hippowdon|Stealth Rock|p1a: Skarmory
|-sidestart|p1: Eazigzagoon|move: Stealth Rock
|
|upkeep
|turn|8
|
|t:|1657107600
|switch|p2a: Salazzle|Salazzle, F|94/100
|move|p1a: Skarmory|Spikes|p2a: Salazzle
|-sidestart|p2: Micciu20250|Spikes
|
|upkeep
|turn|9
|
|t:|1657107605
|switch|p1a: Hippowdon|Hippowdon, F|88/100 tox
|-damage|p1a: Hippowdon|82/100 tox|[from] Stealth Rock
|-weather|Sandstorm|[from] ability: Sand Stream|[of] p1a: Hippowdon
|move|p2a: Salazzle|Flamethrower|p1a: Hippowdon
|-damage|p1a: Hippowdon|50/100 tox
|
|-weather|Sandstorm|[upkeep]
|-damage|p2a: Salazzle|88/100|[from] Sandstorm
|-heal|p1a: Hippowdon|56/100 tox|[from] item: Leftovers
|-damage|p1a: Hippowdon|50/100 tox|[from] psn
|upkeep
|turn|10
|
|t:|1657107618
|switch|p2a: Zarude|Zarude|34/100
|move|p1a: Hippowdon|Slack Off|p1a: Hippowdon
|-heal|p1a: Hippowdon|99/100 tox
|
|-weather|Sandstorm|[upkeep]
|-damage|p2a: Zarude|28/100|[from] Sandstorm
|-heal|p1a: Hippowdon|100/100 tox|[from] item: Leftovers
|-damage|p1a: Hippowdon|88/100 tox|[from] psn
|upkeep
|turn|11
|inactive|Eazigzagoon has 120 seconds left.
|
|t:|1657107652
|switch|p1a: Skarmory|Skarmory, M|97/100
|-damage|p1a: Skarmory|84/100|[from] Stealth Rock
|move|p2a: Zarude|Jungle Healing|p2a: Zarude
|-heal|p2a: Zarude|53/100
|
|-weather|Sandstorm|[upkeep]
|-damage|p2a: Zarude|48/100|[from] Sandstorm
|upkeep
|turn|12
|inactive|Eazigzagoon has 120 seconds left.
|inactive|Micciu20250 has 120 seconds left.
|inactive|Micciu20250 has 90 seconds left.
|inactive|Micciu20250 has 60 seconds left.
|inactive|Micciu20250 has 30 seconds left.
|inactive|Micciu20250 has 20 seconds left.
|inactive|Micciu20250 has 15 seconds left.
|inactive|Micciu20250 has 10 seconds left.
|l| StickerBrush Symph
|inactive|Micciu20250 has 5 seconds left.
|-message|Micciu20250 lost due to inactivity.
|
|win|Eazigzagoon
|raw|Eazigzagoon's rating: 1422 &rarr; <strong>1452</strong><br />(+30 for winning)
|raw|Micciu20250's rating: 1619 &rarr; <strong>1589</strong><br />(-30 for losing)
|l|☆Eazigzagoon
||Ladder isn't responding, score probably updated but might not have (Request timeout).
