|j|☆Boost Swoosh
|j|☆Queen of Bean ✿
|t:|1664690123
|gametype|singles
|player|p1|Boost Swoosh|korrina|1524
|player|p2|Queen of Bean ✿|hexmaniac-gen6|1429
|teamsize|p1|6
|teamsize|p2|6
|gen|8
|tier|[Gen 8] UU
|rated|
|rule|Sleep Clause Mod: Limit one foe put to sleep
|rule|Species Clause: Limit one of each Pokémon
|rule|OHKO Clause: OHKO moves are banned
|rule|Evasion Items Clause: Evasion items are banned
|rule|Evasion Moves Clause: Evasion moves are banned
|rule|Endless Battle Clause: Forcing endless battles is banned
|rule|HP Percentage Mod: HP is shown in percentages
|rule|Dynamax Clause: You cannot dynamax
|clearpoke
|poke|p1|Regidrago|
|poke|p1|Tangrowth, F|
|poke|p1|Hydreigon, M|
|poke|p1|Cobalion|
|poke|p1|Tentacruel, M|
|poke|p1|Lycanroc-Dusk, M|
|poke|p2|Hippowdon, F|
|poke|p2|Moltres|
|poke|p2|Raikou|
|poke|p2|Scizor, F|
|poke|p2|Tangrowth, F|
|poke|p2|Lycanroc-Dusk, F|
|teampreview
|inactive|Battle timer is ON: inactive players will automatically lose when time's up. (requested by Boost Swoosh)
|
|t:|1664690154
|start
|switch|p1a: BIG DRACO|Regidrago|100/100
|switch|p2a: Lycanroc|Lycanroc-Dusk, F|100/100
|turn|1
|
|t:|1664690167
|switch|p2a: Scizor|Scizor, F|100/100
|move|p1a: BIG DRACO|Dragon Energy|p2a: Scizor
|-resisted|p2a: Scizor
|-damage|p2a: Scizor|53/100
|
|upkeep
|turn|2
|
|t:|1664690176
|switch|p1a: Cobalion|Cobalion|100/100
|move|p2a: Scizor|Knock Off|p1a: Cobalion
|-resisted|p1a: Cobalion
|-damage|p1a: Cobalion|87/100
|-damage|p2a: Scizor|36/100|[from] item: Rocky Helmet|[of] p1a: Cobalion
|-ability|p1a: Cobalion|Justified|boost
|-boost|p1a: Cobalion|atk|1
|-enditem|p1a: Cobalion|Rocky Helmet|[from] move: Knock Off|[of] p2a: Scizor
|
|upkeep
|turn|3
|
|t:|1664690184
|switch|p2a: Moltres|Moltres|100/100
|move|p1a: Cobalion|Stealth Rock|p2a: Moltres
|-sidestart|p2: Queen of Bean ✿|move: Stealth Rock
|
|upkeep
|turn|4
|
|t:|1664690189
|switch|p2a: Hippowdon|Hippowdon, F|100/100
|-weather|Sandstorm|[from] ability: Sand Stream|[of] p2a: Hippowdon
|move|p1a: Cobalion|Volt Switch|p2a: Hippowdon
|-immune|p2a: Hippowdon
|
|-weather|Sandstorm|[upkeep]
|upkeep
|turn|5
|
|t:|1664690198
|move|p1a: Cobalion|Close Combat|p2a: Hippowdon
|-damage|p2a: Hippowdon|57/100
|-unboost|p1a: Cobalion|def|1
|-unboost|p1a: Cobalion|spd|1
|move|p2a: Hippowdon|Toxic|p1a: Cobalion
|-immune|p1a: Cobalion
|
|-weather|Sandstorm|[upkeep]
|upkeep
|turn|6
|
|t:|1664690203
|switch|p1a: lil draco|Hydreigon, M|100/100
|move|p2a: Hippowdon|Slack Off|p2a: Hippowdon
|-heal|p2a: Hippowdon|100/100
|
|-weather|Sandstorm|[upkeep]
|-damage|p1a: lil draco|94/100|[from] Sandstorm
|upkeep
|turn|7
|
|t:|1664690222
|move|p1a: lil draco|Draco Meteor|p2a: Hippowdon
|-crit|p2a: Hippowdon
|-damage|p2a: Hippowdon|0 fnt
|-unboost|p1a: lil draco|spa|2
|faint|p2a: Hippowdon
|
|-weather|Sandstorm|[upkeep]
|-damage|p1a: lil draco|88/100|[from] Sandstorm
|upkeep
|c|☆Queen of Bean ✿|BROOO
|c|☆Queen of Bean ✿|now i just lose i think
|
|t:|1664690235
|switch|p2a: Lycanroc|Lycanroc-Dusk, F|100/100
|-damage|p2a: Lycanroc|88/100|[from] Stealth Rock
|turn|8
|c|☆Boost Swoosh|it would have 2hkoed
|c|☆Boost Swoosh|specs does like 80
|c|☆Queen of Bean ✿|yes i used slack off
|c|☆Boost Swoosh|oh
|c|☆Queen of Bean ✿|then next meteor does half
|c|☆Boost Swoosh|rip
|inactive|Boost Swoosh has 120 seconds left.
|c|☆Queen of Bean ✿|yes rip
|c|☆Queen of Bean ✿|if i toxiced then i wouldnt have said anything
|
|t:|1664690283
|switch|p1a: Tangrowth|Tangrowth, F, shiny|100/100
|move|p2a: Lycanroc|Close Combat|p1a: Tangrowth
|-crit|p1a: Tangrowth
|-damage|p1a: Tangrowth|33/100
|-unboost|p2a: Lycanroc|def|1
|-unboost|p2a: Lycanroc|spd|1
|
|-weather|none
|upkeep
|turn|9
|
|t:|1664690290
|switch|p1a: Tentacruel|Tentacruel, M, shiny|100/100
|move|p2a: Lycanroc|Close Combat|p1a: Tentacruel
|-resisted|p1a: Tentacruel
|-damage|p1a: Tentacruel|55/100
|-unboost|p2a: Lycanroc|def|1
|-unboost|p2a: Lycanroc|spd|1
|
|-heal|p1a: Tentacruel|61/100|[from] item: Black Sludge
|upkeep
|turn|10
|c|☆Queen of Bean ✿|sorry for that crit
|
|t:|1664690307
|switch|p2a: Raikou|Raikou|100/100
|move|p1a: Tentacruel|Knock Off|p2a: Raikou
|-damage|p2a: Raikou|79/100
|-enditem|p2a: Raikou|Heavy-Duty Boots|[from] move: Knock Off|[of] p1a: Tentacruel
|
|-heal|p1a: Tentacruel|67/100|[from] item: Black Sludge
|upkeep
|turn|11
|inactive|Boost Swoosh has 120 seconds left.
|
|t:|1664690319
|switch|p1a: Tangrowth|Tangrowth, F, shiny|66/100
|move|p2a: Raikou|Volt Switch|p1a: Tangrowth
|-resisted|p1a: Tangrowth
|-damage|p1a: Tangrowth|54/100
|
|t:|1664690325
|switch|p2a: Moltres|Moltres|100/100|[from]move: Volt Switch
|
|upkeep
|turn|12
|
|t:|1664690334
|switch|p1a: Tentacruel|Tentacruel, M, shiny|67/100
|move|p2a: Moltres|Hurricane|p1a: Tentacruel
|-damage|p1a: Tentacruel|21/100
|-start|p1a: Tentacruel|confusion
|
|-heal|p1a: Tentacruel|27/100|[from] item: Black Sludge
|upkeep
|turn|13
|
|t:|1664690344
|-activate|p1a: Tentacruel|confusion
|move|p1a: Tentacruel|Scald|p2a: Moltres
|-supereffective|p2a: Moltres
|-damage|p2a: Moltres|46/100
|move|p2a: Moltres|Hurricane|p1a: Tentacruel
|-damage|p1a: Tentacruel|0 fnt
|faint|p1a: Tentacruel
|
|upkeep
|
|t:|1664690355
|switch|p1a: BIG DRACO|Regidrago|100/100
|turn|14
|c|☆Queen of Bean ✿|scarf regidrago is athreat
|
|t:|1664690378
|move|p1a: BIG DRACO|Dragon Energy|p2a: Moltres
|-damage|p2a: Moltres|0 fnt
|faint|p2a: Moltres
|
|upkeep
|c|☆Boost Swoosh|scarf?
|c|☆Queen of Bean ✿|your scarf
|c|☆Queen of Bean ✿|are you not
|inactive|Queen of Bean ✿ has 120 seconds left.
|c|☆Boost Swoosh|you can think that
|c|☆Queen of Bean ✿|you just outsped my moltres]
|c|☆Queen of Bean ✿|and that the best set
|c|☆Queen of Bean ✿|nice bulff
|
|t:|1664690404
|switch|p2a: Scizor|Scizor, F|36/100
|turn|15
|
|t:|1664690421
|switch|p1a: Cobalion|Cobalion|87/100
|move|p2a: Scizor|Roost|p2a: Scizor
|-heal|p2a: Scizor|87/100
|-singleturn|p2a: Scizor|move: Roost
|
|upkeep
|turn|16
|
|t:|1664690431
|switch|p2a: Tangrowth|Tangrowth, F|100/100
|-damage|p2a: Tangrowth|88/100|[from] Stealth Rock
|move|p1a: Cobalion|Close Combat|p2a: Tangrowth
|-damage|p2a: Tangrowth|61/100
|-unboost|p1a: Cobalion|def|1
|-unboost|p1a: Cobalion|spd|1
|
|upkeep
|turn|17
|
|t:|1664690439
|move|p1a: Cobalion|Volt Switch|p2a: Tangrowth
|-resisted|p2a: Tangrowth
|-damage|p2a: Tangrowth|56/100
|
|t:|1664690449
|switch|p1a: lil draco|Hydreigon, M|88/100|[from]move: Volt Switch
|move|p2a: Tangrowth|Focus Blast|p1a: lil draco
|-supereffective|p1a: lil draco
|-damage|p1a: lil draco|21/100
|
|upkeep
|turn|18
|
|t:|1664690465
|switch|p2a: Lycanroc|Lycanroc-Dusk, F|88/100
|-damage|p2a: Lycanroc|76/100|[from] Stealth Rock
|move|p1a: lil draco|Flamethrower|p2a: Lycanroc
|-resisted|p2a: Lycanroc
|-damage|p2a: Lycanroc|37/100
|
|upkeep
|turn|19
|c|☆Boost Swoosh|plays
|
|t:|1664690472
|switch|p1a: Tangrowth|Tangrowth, F, shiny|87/100
|move|p2a: Lycanroc|Close Combat|p1a: Tangrowth
|-damage|p1a: Tangrowth|42/100
|-unboost|p2a: Lycanroc|def|1
|-unboost|p2a: Lycanroc|spd|1
|
|upkeep
|turn|20
|c|☆Queen of Bean ✿|yes
|c|☆Queen of Bean ✿|im trying to pull it back
|
|t:|1664690500
|switch|p1a: lil draco|Hydreigon, M|21/100
|move|p2a: Lycanroc|Close Combat|p1a: lil draco
|-supereffective|p1a: lil draco
|-damage|p1a: lil draco|0 fnt
|-unboost|p2a: Lycanroc|def|1
|-unboost|p2a: Lycanroc|spd|1
|faint|p1a: lil draco
|
|upkeep
|
|t:|1664690506
|switch|p1a: BIG DRACO|Regidrago|100/100
|turn|21
|
|t:|1664690527
|switch|p2a: Scizor|Scizor, F|87/100
|move|p1a: BIG DRACO|Dragon Energy|p2a: Scizor
|-resisted|p2a: Scizor
|-damage|p2a: Scizor|33/100
|
|upkeep
|turn|22
|
|t:|1664690544
|move|p2a: Scizor|Bullet Punch|p1a: BIG DRACO
|-damage|p1a: BIG DRACO|67/100
|move|p1a: BIG DRACO|Dragon Energy|p2a: Scizor
|-resisted|p2a: Scizor
|-damage|p2a: Scizor|1/100
|
|upkeep
|turn|23
|c|☆Queen of Bean ✿|nice
|c|☆Queen of Bean ✿|scizor is jesus
|
|t:|1664690557
|move|p1a: BIG DRACO|Dragon Energy|p2a: Scizor
|-resisted|p2a: Scizor
|-damage|p2a: Scizor|0 fnt
|faint|p2a: Scizor
|
|upkeep
|
|t:|1664690561
|switch|p2a: Tangrowth|Tangrowth, F|89/100
|-damage|p2a: Tangrowth|76/100|[from] Stealth Rock
|turn|24
|
|t:|1664690568
|switch|p1a: Tangrowth|Tangrowth, F, shiny|75/100
|move|p2a: Tangrowth|Knock Off|p1a: Tangrowth
|-damage|p1a: Tangrowth|61/100
|-enditem|p1a: Tangrowth|Assault Vest|[from] move: Knock Off|[of] p2a: Tangrowth
|
|upkeep
|turn|25
|
|t:|1664690582
|move|p1a: Tangrowth|Sludge Bomb|p2a: Tangrowth
|-supereffective|p2a: Tangrowth
|-damage|p2a: Tangrowth|41/100
|-status|p2a: Tangrowth|psn
|move|p2a: Tangrowth|Sludge Bomb|p1a: Tangrowth
|-supereffective|p1a: Tangrowth
|-damage|p1a: Tangrowth|8/100
|
|-damage|p2a: Tangrowth|28/100 psn|[from] psn
|upkeep
|turn|26
|
|t:|1664690593
|switch|p2a: Raikou|Raikou|79/100
|-damage|p2a: Raikou|66/100|[from] Stealth Rock
|move|p1a: Tangrowth|Power Whip|p2a: Raikou
|-damage|p2a: Raikou|14/100
|
|upkeep
|turn|27
|inactive|Boost Swoosh has 120 seconds left.
|
|t:|1664690635
|switch|p1a: BIG DRACO|Regidrago|67/100
|move|p2a: Raikou|Thunderbolt|p1a: BIG DRACO
|-resisted|p1a: BIG DRACO
|-damage|p1a: BIG DRACO|43/100
|
|upkeep
|turn|28
|
|t:|1664690643
|switch|p2a: Tangrowth|Tangrowth, F|62/100 psn
|-damage|p2a: Tangrowth|49/100 psn|[from] Stealth Rock
|move|p1a: BIG DRACO|Dragon Energy|p2a: Tangrowth
|-damage|p2a: Tangrowth|20/100 psn
|
|-damage|p2a: Tangrowth|7/100 psn|[from] psn
|upkeep
|turn|29
|inactive|Boost Swoosh has 120 seconds left.
|c|☆Queen of Bean ✿|gg
|
|t:|1664690657
|move|p1a: BIG DRACO|Dragon Energy|p2a: Tangrowth
|-damage|p2a: Tangrowth|0 fnt
|faint|p2a: Tangrowth
|
|upkeep
|c|☆Boost Swoosh|gg
|
|t:|1664690659
|switch|p2a: Lycanroc|Lycanroc-Dusk, F|37/100
|-damage|p2a: Lycanroc|24/100|[from] Stealth Rock
|turn|30
|inactive|Boost Swoosh has 120 seconds left.
|
|t:|1664690669
|switch|p1a: Cobalion|Cobalion|87/100
|move|p2a: Lycanroc|Accelerock|p1a: Cobalion
|-resisted|p1a: Cobalion
|-damage|p1a: Cobalion|80/100
|
|upkeep
|turn|31
|
|t:|1664690675
|switch|p2a: Raikou|Raikou|14/100
|-damage|p2a: Raikou|1/100|[from] Stealth Rock
|move|p1a: Cobalion|Close Combat|p2a: Raikou
|-damage|p2a: Raikou|0 fnt
|-unboost|p1a: Cobalion|def|1
|-unboost|p1a: Cobalion|spd|1
|faint|p2a: Raikou
|
|upkeep
|
|t:|1664690683
|switch|p2a: Lycanroc|Lycanroc-Dusk, F|24/100
|-damage|p2a: Lycanroc|12/100|[from] Stealth Rock
|turn|32
|
|t:|1664690689
|move|p2a: Lycanroc|Close Combat|p1a: Cobalion
|-supereffective|p1a: Cobalion
|-damage|p1a: Cobalion|0 fnt
|-unboost|p2a: Lycanroc|def|1
|-unboost|p2a: Lycanroc|spd|1
|faint|p1a: Cobalion
|
|upkeep
|
|t:|1664690692
|switch|p1a: BIG DRACO|Regidrago|43/100
|turn|33
|c|☆Queen of Bean ✿|have a nice day
|
|t:|1664690702
|move|p1a: BIG DRACO|Dragon Energy|p2a: Lycanroc
|-damage|p2a: Lycanroc|0 fnt
|faint|p2a: Lycanroc
|
|win|Boost Swoosh
|raw|Boost Swoosh's rating: 1524 &rarr; <strong>1539</strong><br />(+15 for winning)
|raw|Queen of Bean ✿'s rating: 1429 &rarr; <strong>1414</strong><br />(-15 for losing)
|c|☆Boost Swoosh|u2
|l|☆Queen of Bean ✿
