|j|☆jkegal
|j|‽SexyPlaysShowdown
|inactive|Battle timer is ON: inactive players will automatically lose when time's up.
|t:|1663207276
|gametype|singles
|player|p1|jkegal|265|
|player|p2|SexyPlaysShowdown|dancer|
|teamsize|p1|6
|teamsize|p2|6
|gen|8
|tier|[Gen 8] UU
|rated|Tournament battle
|rule|Sleep Clause Mod: Limit one foe put to sleep
|rule|Species Clause: Limit one of each Pokémon
|rule|OHKO Clause: OHKO moves are banned
|rule|Evasion Items Clause: Evasion items are banned
|rule|Evasion Moves Clause: Evasion moves are banned
|rule|Endless Battle Clause: Forcing endless battles is banned
|rule|HP Percentage Mod: HP is shown in percentages
|rule|Dynamax Clause: You cannot dynamax
|clearpoke
|poke|p1|Politoed, F|
|poke|p1|Keldeo-Resolute|
|poke|p1|Chansey, F|
|poke|p1|Flygon, M|
|poke|p1|Mantine, F|
|poke|p1|Hippowdon, F|
|poke|p2|Scizor, M|
|poke|p2|Azumarill, M|
|poke|p2|Hydreigon, M|
|poke|p2|Hippowdon, M|
|poke|p2|Azelf|
|poke|p2|Chansey, F|
|teampreview
|j|*Lady Monita
|
|t:|1663207283
|start
|switch|p1a: Keldeo|Keldeo-Resolute|100/100
|switch|p2a: Hippowdon|Hippowdon, M|100/100
|-weather|Sandstorm|[from] ability: Sand Stream|[of] p2a: Hippowdon
|turn|1
|
|t:|1663207292
|move|p1a: Keldeo|Scald|p2a: Hippowdon
|-supereffective|p2a: Hippowdon
|-damage|p2a: Hippowdon|0 fnt
|faint|p2a: Hippowdon
|
|-weather|Sandstorm|[upkeep]
|-damage|p1a: Keldeo|94/100|[from] Sandstorm
|upkeep
|
|t:|1663207299
|switch|p2a: Azelf|Azelf|100/100
|turn|2
|
|t:|1663207312
|switch|p1a: Chansey|Chansey, F|100/100
|move|p2a: Azelf|Energy Ball|p1a: Chansey
|-damage|p1a: Chansey|89/100
|-damage|p2a: Azelf|91/100|[from] item: Life Orb
|
|-weather|Sandstorm|[upkeep]
|-damage|p2a: Azelf|84/100|[from] Sandstorm
|-damage|p1a: Chansey|83/100|[from] Sandstorm
|upkeep
|turn|3
|j| NoTollsNoRolls
|
|t:|1663207319
|move|p2a: Azelf|Psychic|p1a: Chansey
|-damage|p1a: Chansey|64/100
|-damage|p2a: Azelf|74/100|[from] item: Life Orb
|move|p1a: Chansey|Teleport|p1a: Chansey
|
|t:|1663207322
|switch|p1a: Politoed|Politoed, F|100/100|[from]move: Teleport
|-weather|RainDance|[from] ability: Drizzle|[of] p1a: Politoed
|
|-weather|RainDance|[upkeep]
|upkeep
|turn|4
|
|t:|1663207330
|move|p2a: Azelf|Thunderbolt|p1a: Politoed
|-supereffective|p1a: Politoed
|-damage|p1a: Politoed|35/100
|-damage|p2a: Azelf|64/100|[from] item: Life Orb
|move|p1a: Politoed|Scald|p2a: Azelf
|-damage|p2a: Azelf|4/100
|-status|p2a: Azelf|brn
|
|-weather|RainDance|[upkeep]
|-damage|p2a: Azelf|0 fnt|[from] brn
|faint|p2a: Azelf
|upkeep
|
|t:|1663207346
|switch|p2a: Chansey|Chansey, F|100/100
|turn|5
|j| MC+OM*-ICS=am
|
|t:|1663207358
|move|p1a: Politoed|Rest|p1a: Politoed
|-status|p1a: Politoed|slp|[from] move: Rest
|-heal|p1a: Politoed|100/100 slp|[silent]
|move|p2a: Chansey|Toxic|p1a: Politoed|[miss]
|-miss|p2a: Chansey|p1a: Politoed
|
|-weather|RainDance|[upkeep]
|upkeep
|turn|6
|
|t:|1663207368
|switch|p1a: Keldeo|Keldeo-Resolute|94/100
|switch|p2a: Azumarill|Azumarill, M|100/100
|
|-weather|RainDance|[upkeep]
|upkeep
|turn|7
|
|t:|1663207374
|switch|p1a: Hippowdon|Hippowdon, F|100/100
|move|p2a: Azumarill|Belly Drum|p2a: Azumarill
|-damage|p2a: Azumarill|50/100
|-setboost|p2a: Azumarill|atk|6|[from] move: Belly Drum
|-enditem|p2a: Azumarill|Sitrus Berry|[eat]
|-heal|p2a: Azumarill|75/100|[from] item: Sitrus Berry
|
|-weather|RainDance|[upkeep]
|upkeep
|turn|8
|
|t:|1663207386
|move|p2a: Azumarill|Aqua Jet|p1a: Hippowdon
|-supereffective|p1a: Hippowdon
|-damage|p1a: Hippowdon|0 fnt
|-damage|p2a: Azumarill|59/100|[from] item: Rocky Helmet|[of] p1a: Hippowdon
|faint|p1a: Hippowdon
|
|-weather|RainDance|[upkeep]
|upkeep
|
|t:|1663207389
|switch|p1a: Keldeo|Keldeo-Resolute|94/100
|turn|9
|
|t:|1663207396
|move|p1a: Keldeo|Hydro Pump|p2a: Azumarill|[miss]
|-miss|p1a: Keldeo|p2a: Azumarill
|move|p2a: Azumarill|Play Rough|p1a: Keldeo
|-supereffective|p1a: Keldeo
|-damage|p1a: Keldeo|0 fnt
|faint|p1a: Keldeo
|
|-weather|RainDance|[upkeep]
|upkeep
|-message|jkegal forfeited.
|
|win|SexyPlaysShowdown
|n|☆jkegal|jkegal
|n|‽SexyPlaysShowdown|sexyplaysshowdown
|n|*Lady Monita|ladymonita
|n| NoTollsNoRolls|notollsnorolls
|n| MC+OM*-ICS=am|mcomicsam
|l|*Lady Monita
|l|☆jkegal
