|j|☆Verstraeten
|j|☆EliotEnRetar
|t:|1626647416
|gametype|singles
|player|p1|Verstraeten|scientist|1261
|player|p2|EliotEnRetar|falkner|1364
|teamsize|p1|6
|teamsize|p2|6
|gen|8
|tier|[Gen 8] UU
|rated|
|rule|Sleep Clause Mod: Limit one foe put to sleep
|rule|Species Clause: Limit one of each Pokémon
|rule|OHKO Clause: OHKO moves are banned
|rule|Evasion Moves Clause: Evasion moves are banned
|rule|Endless Battle Clause: Forcing endless battles is banned
|rule|HP Percentage Mod: HP is shown in percentages
|rule|Dynamax Clause: You cannot dynamax
|clearpoke
|poke|p1|Salamence, M|
|poke|p1|Galvantula, F|
|poke|p1|Tsareena, F|
|poke|p1|Salazzle, F|
|poke|p1|Malamar, M|
|poke|p1|Stakataka|
|poke|p2|Barraskewda, M|
|poke|p2|Krookodile, F|
|poke|p2|Roserade, M|
|poke|p2|Jirachi|
|poke|p2|Talonflame, F|
|poke|p2|Rotom-Wash|
|teampreview
|inactive|Battle timer is ON: inactive players will automatically lose when time's up. (requested by Verstraeten)
|c|☆Verstraeten|glhf!
|c|☆EliotEnRetar|u2
|
|t:|1626647428
|start
|switch|p1a: Galvan-Eyes|Galvantula, F, shiny|100/100
|switch|p2a: Fish|Barraskewda, M|100/100
|turn|1
|
|t:|1626647434
|move|p2a: Fish|Flip Turn|p1a: Galvan-Eyes
|-damage|p1a: Galvan-Eyes|14/100
|
|t:|1626647442
|switch|p2a: BizouJeManvol|Talonflame, F|100/100|[from]move: Flip Turn
|move|p1a: Galvan-Eyes|Sticky Web|p2a: BizouJeManvol
|-sidestart|p2: EliotEnRetar|move: Sticky Web
|
|upkeep
|turn|2
|
|t:|1626647448
|move|p2a: BizouJeManvol|U-turn|p1a: Galvan-Eyes
|-damage|p1a: Galvan-Eyes|0 fnt
|faint|p1a: Galvan-Eyes
|
|t:|1626647451
|switch|p2a: CauetBurger|Rotom-Wash|100/100|[from]move: U-turn
|
|upkeep
|
|t:|1626647454
|switch|p1a: #Slay|Tsareena, F, shiny|100/100
|turn|3
|
|t:|1626647457
|switch|p2a: BizouJeManvol|Talonflame, F|100/100
|move|p1a: #Slay|Rapid Spin|p2a: BizouJeManvol
|-damage|p2a: BizouJeManvol|72/100
|-boost|p1a: #Slay|spe|1
|
|upkeep
|turn|4
|
|t:|1626647464
|move|p1a: #Slay|Knock Off|p2a: BizouJeManvol
|-damage|p2a: BizouJeManvol|22/100
|-enditem|p2a: BizouJeManvol|Heavy-Duty Boots|[from] move: Knock Off|[of] p1a: #Slay
|move|p2a: BizouJeManvol|Roost|p2a: BizouJeManvol
|-heal|p2a: BizouJeManvol|72/100
|-singleturn|p2a: BizouJeManvol|move: Roost
|
|upkeep
|turn|5
|
|t:|1626647469
|move|p1a: #Slay|Triple Axel|p2a: BizouJeManvol
|-damage|p2a: BizouJeManvol|61/100
|-damage|p2a: BizouJeManvol|40/100
|-damage|p2a: BizouJeManvol|9/100
|-hitcount|p2a: BizouJeManvol|3
|move|p2a: BizouJeManvol|U-turn|p1a: #Slay
|-supereffective|p1a: #Slay
|-damage|p1a: #Slay|55/100
|
|t:|1626647479
|switch|p2a: Roulette|Jirachi|100/100|[from]move: U-turn
|-activate|p2a: Roulette|move: Sticky Web
|-unboost|p2a: Roulette|spe|1
|
|-heal|p1a: #Slay|61/100|[from] item: Leftovers
|upkeep
|turn|6
|
|t:|1626647481
|move|p1a: #Slay|Knock Off|p2a: Roulette
|-supereffective|p2a: Roulette
|-damage|p2a: Roulette|39/100
|-enditem|p2a: Roulette|Leftovers|[from] move: Knock Off|[of] p1a: #Slay
|move|p2a: Roulette|U-turn|p1a: #Slay
|-supereffective|p1a: #Slay
|-damage|p1a: #Slay|23/100
|
|t:|1626647489
|switch|p2a: CauetBurger|Rotom-Wash|100/100|[from]move: U-turn
|
|-heal|p1a: #Slay|29/100|[from] item: Leftovers
|upkeep
|turn|7
|
|t:|1626647491
|move|p1a: #Slay|Seed Bomb|p2a: CauetBurger
|-supereffective|p2a: CauetBurger
|-damage|p2a: CauetBurger|29/100
|move|p2a: CauetBurger|Defog|p1a: #Slay
|-unboost|p1a: #Slay|evasion|1
|-sideend|p2: EliotEnRetar|Sticky Web|[from] move: Defog|[of] p2a: CauetBurger
|
|-heal|p1a: #Slay|35/100|[from] item: Leftovers
|-heal|p2a: CauetBurger|35/100|[from] item: Leftovers
|upkeep
|turn|8
|
|t:|1626647495
|move|p1a: #Slay|Seed Bomb|p2a: CauetBurger
|-supereffective|p2a: CauetBurger
|-damage|p2a: CauetBurger|0 fnt
|faint|p2a: CauetBurger
|
|-heal|p1a: #Slay|41/100|[from] item: Leftovers
|upkeep
|
|t:|1626647497
|switch|p2a: Krookodile|Krookodile, F|100/100
|-ability|p2a: Krookodile|Intimidate|boost
|-unboost|p1a: #Slay|atk|1
|turn|9
|
|t:|1626647500
|move|p2a: Krookodile|Knock Off|p1a: #Slay
|-damage|p1a: #Slay|0 fnt
|-enditem|p1a: #Slay|Leftovers|[from] move: Knock Off|[of] p2a: Krookodile
|faint|p1a: #Slay
|
|upkeep
|
|t:|1626647513
|switch|p1a: Ramalam|Malamar, M|100/100
|turn|10
|
|t:|1626647518
|move|p2a: Krookodile|Knock Off|p1a: Ramalam
|-damage|p1a: Ramalam|44/100
|-enditem|p1a: Ramalam|Leftovers|[from] move: Knock Off|[of] p2a: Krookodile
|move|p1a: Ramalam|Superpower|p2a: Krookodile
|-supereffective|p2a: Krookodile
|-damage|p2a: Krookodile|6/100
|-boost|p1a: Ramalam|atk|1
|-boost|p1a: Ramalam|def|1
|
|upkeep
|turn|11
|
|t:|1626647530
|switch|p2a: Roulette|Jirachi|39/100
|move|p1a: Ramalam|Superpower|p2a: Roulette
|-damage|p2a: Roulette|0 fnt
|-boost|p1a: Ramalam|atk|1
|-boost|p1a: Ramalam|def|1
|faint|p2a: Roulette
|
|upkeep
|
|t:|1626647533
|switch|p2a: Boom|Roserade, M|100/100
|turn|12
|
|t:|1626647536
|move|p2a: Boom|Sludge Bomb|p1a: Ramalam
|-damage|p1a: Ramalam|0 fnt
|faint|p1a: Ramalam
|
|upkeep
|
|t:|1626647540
|switch|p1a: StackAttacker|Stakataka|100/100
|turn|13
|
|t:|1626647546
|switch|p2a: Krookodile|Krookodile, F|6/100
|-ability|p2a: Krookodile|Intimidate|boost
|-unboost|p1a: StackAttacker|atk|1
|move|p1a: StackAttacker|Trick Room|p1a: StackAttacker
|-fieldstart|move: Trick Room|[of] p1a: StackAttacker
|
|upkeep
|turn|14
|
|t:|1626647553
|switch|p2a: Fish|Barraskewda, M|100/100
|move|p1a: StackAttacker|Gyro Ball|p2a: Fish
|-resisted|p2a: Fish
|-damage|p2a: Fish|43/100
|
|upkeep
|turn|15
|
|t:|1626647558
|switch|p2a: Krookodile|Krookodile, F|6/100
|-ability|p2a: Krookodile|Intimidate|boost
|-unboost|p1a: StackAttacker|atk|1
|move|p1a: StackAttacker|Gyro Ball|p2a: Krookodile
|-damage|p2a: Krookodile|0 fnt
|faint|p2a: Krookodile
|-ability|p1a: StackAttacker|Beast Boost|boost
|-boost|p1a: StackAttacker|atk|1
|
|upkeep
|
|t:|1626647565
|switch|p2a: BizouJeManvol|Talonflame, F|9/100
|turn|16
|
|t:|1626647570
|move|p1a: StackAttacker|Gyro Ball|p2a: BizouJeManvol
|-resisted|p2a: BizouJeManvol
|-damage|p2a: BizouJeManvol|0 fnt
|faint|p2a: BizouJeManvol
|-ability|p1a: StackAttacker|Beast Boost|boost
|-boost|p1a: StackAttacker|atk|1
|
|upkeep
|
|t:|1626647573
|switch|p2a: Boom|Roserade, M|100/100
|turn|17
|
|t:|1626647579
|move|p1a: StackAttacker|Gyro Ball|p2a: Boom
|-damage|p2a: Boom|0 fnt
|faint|p2a: Boom
|-ability|p1a: StackAttacker|Beast Boost|boost
|-boost|p1a: StackAttacker|atk|1
|
|-fieldend|move: Trick Room
|upkeep
|
|t:|1626647580
|switch|p2a: Fish|Barraskewda, M|43/100
|turn|18
|
|t:|1626647583
|move|p2a: Fish|Close Combat|p1a: StackAttacker
|-supereffective|p1a: StackAttacker
|-damage|p1a: StackAttacker|0 fnt
|-unboost|p2a: Fish|def|1
|-unboost|p2a: Fish|spd|1
|faint|p1a: StackAttacker
|
|upkeep
|
|t:|1626647587
|switch|p1a: WhiteWomanSpotted|Salazzle, F, shiny|100/100
|turn|19
|
|t:|1626647589
|move|p2a: Fish|Close Combat|p1a: WhiteWomanSpotted
|-resisted|p1a: WhiteWomanSpotted
|-damage|p1a: WhiteWomanSpotted|41/100
|-unboost|p2a: Fish|def|1
|-unboost|p2a: Fish|spd|1
|move|p1a: WhiteWomanSpotted|Sludge Wave|p2a: Fish
|-damage|p2a: Fish|0 fnt
|faint|p2a: Fish
|
|win|Verstraeten
|raw|Verstraeten's rating: 1261 &rarr; <strong>1293</strong><br />(+32 for winning)
|raw|EliotEnRetar's rating: 1364 &rarr; <strong>1338</strong><br />(-26 for losing)
|c|☆Verstraeten|gg!
|l|☆EliotEnRetar
