|j|☆amogusroxyrrrr
|j|☆esqimo589
|t:|1663954181
|gametype|singles
|player|p1|amogusroxyrrrr|scientistf|
|player|p2|esqimo589|n|
|teamsize|p1|6
|teamsize|p2|6
|gen|8
|tier|[Gen 8] UU
|rule|Sleep Clause Mod: Limit one foe put to sleep
|rule|Species Clause: Limit one of each Pokémon
|rule|OHKO Clause: OHKO moves are banned
|rule|Evasion Items Clause: Evasion items are banned
|rule|Evasion Moves Clause: Evasion moves are banned
|rule|Endless Battle Clause: Forcing endless battles is banned
|rule|HP Percentage Mod: HP is shown in percentages
|rule|Dynamax Clause: You cannot dynamax
|clearpoke
|poke|p1|Hatterene, F|
|poke|p1|Chansey, F|
|poke|p1|Skarmory, F|
|poke|p1|Cofagrigus, F|
|poke|p1|Starmie|
|poke|p1|Nihilego|
|poke|p2|Reuniclus, M|
|poke|p2|Chandelure, F|
|poke|p2|Cobalion|
|poke|p2|Tangrowth, F|
|poke|p2|Diggersby, F|
|poke|p2|Salamence, M|
|teampreview
|inactive|Battle timer is ON: inactive players will automatically lose when time's up. (requested by esqimo589)
|inactive|amogusroxyrrrr has 270 seconds left.
|c|☆amogusroxyrrrr|oh
|c|☆esqimo589|oh
|c|☆amogusroxyrrrr|1 sec
|inactive|amogusroxyrrrr has 240 seconds left.
|inactiveoff|Battle timer is now OFF.
|
|t:|1663954289
|start
|switch|p1a: Cofagrigus|Cofagrigus, F|100/100
|switch|p2a: this girl is fire|Chandelure, F|100/100
|turn|1
|
|t:|1663954315
|switch|p1a: Chansey|Chansey, F|100/100
|move|p2a: this girl is fire|Taunt|p1a: Chansey
|-start|p1a: Chansey|move: Taunt
|
|upkeep
|turn|2
|
|t:|1663954326
|switch|p1a: Nihilego|Nihilego|100/100
|move|p2a: this girl is fire|Will-O-Wisp|p1a: Nihilego
|-status|p1a: Nihilego|brn
|
|-damage|p1a: Nihilego|94/100 brn|[from] brn
|upkeep
|turn|3
|
|t:|1663954336
|switch|p2a: the goat|Cobalion|100/100
|move|p1a: Nihilego|Knock Off|p2a: the goat
|-resisted|p2a: the goat
|-damage|p2a: the goat|98/100
|-damage|p1a: Nihilego|78/100 brn|[from] item: Rocky Helmet|[of] p2a: the goat
|-ability|p2a: the goat|Justified|boost
|-boost|p2a: the goat|atk|1
|-enditem|p2a: the goat|Rocky Helmet|[from] move: Knock Off|[of] p1a: Nihilego
|
|-heal|p1a: Nihilego|84/100 brn|[from] item: Black Sludge
|-damage|p1a: Nihilego|78/100 brn|[from] brn
|upkeep
|turn|4
|c|☆esqimo589|lol stall against stallbreaker chandy
|c|☆esqimo589|what could go wrong
|
|t:|1663954346
|switch|p1a: Cofagrigus|Cofagrigus, F|100/100
|move|p2a: the goat|Stealth Rock|p1a: Cofagrigus
|-sidestart|p1: amogusroxyrrrr|move: Stealth Rock
|
|upkeep
|turn|5
|c|☆amogusroxyrrrr|everything
|
|t:|1663954366
|switch|p1a: Starmie|Starmie|100/100
|move|p2a: the goat|Volt Switch|p1a: Starmie
|-supereffective|p1a: Starmie
|-damage|p1a: Starmie|70/100
|
|t:|1663954372
|switch|p2a: big chungus|Diggersby, F|100/100|[from]move: Volt Switch
|
|upkeep
|turn|6
|
|t:|1663954384
|switch|p1a: Cofagrigus|Cofagrigus, F|100/100
|-damage|p1a: Cofagrigus|88/100|[from] Stealth Rock
|move|p2a: big chungus|U-turn|p1a: Cofagrigus
|-resisted|p1a: Cofagrigus
|-damage|p1a: Cofagrigus|80/100
|-activate|p1a: Cofagrigus|ability: Mummy|Huge Power|[of] p2a: big chungus
|
|t:|1663954390
|switch|p2a: this girl is fire|Chandelure, F|100/100|[from]move: U-turn
|
|upkeep
|turn|7
|
|t:|1663954397
|switch|p1a: Chansey|Chansey, F|100/100
|-damage|p1a: Chansey|88/100|[from] Stealth Rock
|move|p2a: this girl is fire|Hex|p1a: Chansey
|-immune|p1a: Chansey
|
|upkeep
|turn|8
|
|t:|1663954404
|switch|p1a: Nihilego|Nihilego|78/100 brn
|-damage|p1a: Nihilego|66/100 brn|[from] Stealth Rock
|move|p2a: this girl is fire|Taunt|p1a: Nihilego
|-start|p1a: Nihilego|move: Taunt
|
|-heal|p1a: Nihilego|72/100 brn|[from] item: Black Sludge
|-damage|p1a: Nihilego|66/100 brn|[from] brn
|upkeep
|turn|9
|
|t:|1663954411
|switch|p2a: the goat|Cobalion|98/100
|move|p1a: Nihilego|Power Gem|p2a: the goat
|-resisted|p2a: the goat
|-damage|p2a: the goat|85/100
|
|-heal|p1a: Nihilego|72/100 brn|[from] item: Black Sludge
|-damage|p1a: Nihilego|66/100 brn|[from] brn
|upkeep
|turn|10
|
|t:|1663954421
|move|p2a: the goat|Volt Switch|p1a: Nihilego
|-crit|p1a: Nihilego
|-damage|p1a: Nihilego|50/100 brn
|
|t:|1663954424
|switch|p2a: big chungus|Diggersby, F|100/100|[from]move: Volt Switch
|move|p1a: Nihilego|Power Gem|p2a: big chungus
|-resisted|p2a: big chungus
|-damage|p2a: big chungus|71/100
|
|-heal|p1a: Nihilego|56/100 brn|[from] item: Black Sludge
|-damage|p1a: Nihilego|50/100 brn|[from] brn
|-end|p1a: Nihilego|move: Taunt
|upkeep
|turn|11
|
|t:|1663954430
|switch|p1a: Skarmory|Skarmory, F|100/100
|-damage|p1a: Skarmory|88/100|[from] Stealth Rock
|move|p2a: big chungus|U-turn|p1a: Skarmory
|-resisted|p1a: Skarmory
|-damage|p1a: Skarmory|84/100
|-damage|p2a: big chungus|55/100|[from] item: Rocky Helmet|[of] p1a: Skarmory
|
|t:|1663954433
|switch|p2a: this girl is fire|Chandelure, F|100/100|[from]move: U-turn
|
|upkeep
|turn|12
|
|t:|1663954438
|switch|p1a: Chansey|Chansey, F|88/100
|-damage|p1a: Chansey|76/100|[from] Stealth Rock
|move|p2a: this girl is fire|Taunt|p1a: Chansey
|-start|p1a: Chansey|move: Taunt
|
|upkeep
|turn|13
|
|t:|1663954451
|switch|p1a: Nihilego|Nihilego|50/100 brn
|-damage|p1a: Nihilego|38/100 brn|[from] Stealth Rock
|move|p2a: this girl is fire|Hex|p1a: Nihilego
|-damage|p1a: Nihilego|0 fnt
|faint|p1a: Nihilego
|
|upkeep
|
|t:|1663954454
|switch|p1a: Chansey|Chansey, F|76/100
|-damage|p1a: Chansey|63/100|[from] Stealth Rock
|turn|14
|c|☆esqimo589|this is a certified chandy moment
|
|t:|1663954463
|switch|p1a: Hatterene|Hatterene, F|100/100
|-damage|p1a: Hatterene|88/100|[from] Stealth Rock
|move|p2a: this girl is fire|Taunt|p1a: Hatterene
|move|p1a: Hatterene|Taunt|p2a: this girl is fire|[from]ability: Magic Bounce
|-start|p2a: this girl is fire|move: Taunt
|
|-heal|p1a: Hatterene|94/100|[from] item: Leftovers
|upkeep
|turn|15
|
|t:|1663954469
|move|p2a: this girl is fire|Hex|p1a: Hatterene
|-supereffective|p1a: Hatterene
|-damage|p1a: Hatterene|30/100
|move|p1a: Hatterene|Calm Mind|p1a: Hatterene
|-boost|p1a: Hatterene|spa|1
|-boost|p1a: Hatterene|spd|1
|
|-heal|p1a: Hatterene|36/100|[from] item: Leftovers
|upkeep
|turn|16
|c|☆amogusroxyrrrr|oh
|c|☆esqimo589|oh no
|
|t:|1663954478
|move|p2a: this girl is fire|Hex|p1a: Hatterene
|-supereffective|p1a: Hatterene
|-damage|p1a: Hatterene|0 fnt
|faint|p1a: Hatterene
|
|upkeep
|c|☆esqimo589|LMAO
|c|☆esqimo589|i love this dumb chandilier
|-message|amogusroxyrrrr forfeited.
|
|win|esqimo589
|c|☆esqimo589|all of its sets beat stall
|c|☆amogusroxyrrrr|i didnt think itd hit that hard lmao
|l|☆amogusroxyrrrr
|c|☆esqimo589|hex taunt and specs
|l|☆esqimo589
|j|☆esqimo589
|player|p2|esqimo589|n
