|j|☆DQ Low Tier Legend
|j|☆PuffMonkey
|t:|1656446699
|gametype|singles
|player|p1|DQ Low Tier Legend|lucas|1465
|player|p2|PuffMonkey|ghetsis|1459
|teamsize|p1|6
|teamsize|p2|6
|gen|8
|tier|[Gen 8] UU
|rated|
|rule|Sleep Clause Mod: Limit one foe put to sleep
|rule|Species Clause: Limit one of each Pokémon
|rule|OHKO Clause: OHKO moves are banned
|rule|Evasion Moves Clause: Evasion moves are banned
|rule|Endless Battle Clause: Forcing endless battles is banned
|rule|HP Percentage Mod: HP is shown in percentages
|rule|Dynamax Clause: You cannot dynamax
|clearpoke
|poke|p1|Cobalion|
|poke|p1|Tapu Bulu|
|poke|p1|Suicune|
|poke|p1|Moltres|
|poke|p1|Mandibuzz, F|
|poke|p1|Krookodile, M|
|poke|p2|Moltres|
|poke|p2|Amoonguss, F|
|poke|p2|Primarina, M|
|poke|p2|Conkeldurr, F|
|poke|p2|Chansey, F|
|poke|p2|Zygarde-10%|
|teampreview
|
|t:|1656446732
|start
|switch|p1a: Tapu Bulu|Tapu Bulu|100/100
|switch|p2a: Primarina|Primarina, M|100/100
|-fieldstart|move: Grassy Terrain|[from] ability: Grassy Surge|[of] p1a: Tapu Bulu
|turn|1
|inactive|Battle timer is ON: inactive players will automatically lose when time's up. (requested by DQ Low Tier Legend)
|
|t:|1656446752
|move|p2a: Primarina|Ice Beam|p1a: Tapu Bulu
|-supereffective|p1a: Tapu Bulu
|-damage|p1a: Tapu Bulu|0 fnt
|faint|p1a: Tapu Bulu
|
|upkeep
|
|t:|1656446760
|switch|p1a: Suicune|Suicune|100/100
|-ability|p1a: Suicune|Pressure
|turn|2
|
|t:|1656446778
|switch|p2a: Chansey|Chansey, F|100/100
|move|p1a: Suicune|Substitute|p1a: Suicune
|-start|p1a: Suicune|Substitute
|-damage|p1a: Suicune|75/100
|
|-heal|p1a: Suicune|82/100|[from] Grassy Terrain
|-heal|p1a: Suicune|88/100|[from] item: Leftovers
|upkeep
|turn|3
|
|t:|1656446782
|move|p1a: Suicune|Calm Mind|p1a: Suicune
|-boost|p1a: Suicune|spa|1
|-boost|p1a: Suicune|spd|1
|move|p2a: Chansey|Seismic Toss|p1a: Suicune
|-activate|p1a: Suicune|move: Substitute|[damage]
|
|-heal|p1a: Suicune|94/100|[from] Grassy Terrain
|-heal|p1a: Suicune|99/100|[from] item: Leftovers
|upkeep
|turn|4
|
|t:|1656446786
|move|p1a: Suicune|Calm Mind|p1a: Suicune
|-boost|p1a: Suicune|spa|1
|-boost|p1a: Suicune|spd|1
|move|p2a: Chansey|Seismic Toss|p1a: Suicune
|-end|p1a: Suicune|Substitute
|
|-heal|p1a: Suicune|100/100|[from] Grassy Terrain
|upkeep
|turn|5
|
|t:|1656446794
|switch|p2a: Zygarde|Zygarde-10%|100/100
|-ability|p2a: Zygarde|Aura Break
|move|p1a: Suicune|Substitute|p1a: Suicune
|-start|p1a: Suicune|Substitute
|-damage|p1a: Suicune|75/100
|
|-heal|p1a: Suicune|82/100|[from] Grassy Terrain
|-heal|p1a: Suicune|88/100|[from] item: Leftovers
|-fieldend|move: Grassy Terrain
|upkeep
|turn|6
|
|t:|1656446798
|move|p2a: Zygarde|Thousand Arrows|p1a: Suicune
|-end|p1a: Suicune|Substitute
|move|p1a: Suicune|Scald|p2a: Zygarde
|-damage|p2a: Zygarde|11/100
|-status|p2a: Zygarde|brn
|
|-heal|p1a: Suicune|94/100|[from] item: Leftovers
|-damage|p2a: Zygarde|5/100 brn|[from] brn
|upkeep
|turn|7
|
|t:|1656446807
|move|p1a: Suicune|Protect|p1a: Suicune
|-singleturn|p1a: Suicune|Protect
|move|p2a: Zygarde|Thousand Arrows|p1a: Suicune
|-activate|p1a: Suicune|move: Protect
|
|-heal|p1a: Suicune|99/100|[from] item: Leftovers
|-damage|p2a: Zygarde|0 fnt|[from] brn
|faint|p2a: Zygarde
|upkeep
|
|t:|1656446812
|switch|p2a: Primarina|Primarina, M|100/100
|turn|8
|
|t:|1656446819
|move|p1a: Suicune|Substitute|p1a: Suicune
|-start|p1a: Suicune|Substitute
|-damage|p1a: Suicune|75/100
|move|p2a: Primarina|Moonblast|p1a: Suicune
|-end|p1a: Suicune|Substitute
|
|-heal|p1a: Suicune|81/100|[from] item: Leftovers
|upkeep
|turn|9
|
|t:|1656446827
|move|p1a: Suicune|Calm Mind|p1a: Suicune
|-boost|p1a: Suicune|spa|1
|-boost|p1a: Suicune|spd|1
|move|p2a: Primarina|Moonblast|p1a: Suicune
|-damage|p1a: Suicune|56/100
|
|-heal|p1a: Suicune|62/100|[from] item: Leftovers
|upkeep
|turn|10
|c|☆PuffMonkey|people who use suicune deserve to get crit
|
|t:|1656446840
|move|p1a: Suicune|Protect|p1a: Suicune
|-singleturn|p1a: Suicune|Protect
|move|p2a: Primarina|Moonblast|p1a: Suicune
|-activate|p1a: Suicune|move: Protect
|
|-heal|p1a: Suicune|69/100|[from] item: Leftovers
|upkeep
|turn|11
|
|t:|1656446843
|move|p1a: Suicune|Calm Mind|p1a: Suicune
|-boost|p1a: Suicune|spa|1
|-boost|p1a: Suicune|spd|1
|move|p2a: Primarina|Moonblast|p1a: Suicune
|-damage|p1a: Suicune|49/100
|
|-heal|p1a: Suicune|55/100|[from] item: Leftovers
|upkeep
|turn|12
|
|t:|1656446850
|switch|p2a: Conkeldurr|Conkeldurr, F|100/100
|move|p1a: Suicune|Protect||[still]
|-fail|p1a: Suicune
|
|-heal|p1a: Suicune|62/100|[from] item: Leftovers
|-status|p2a: Conkeldurr|brn|[from] item: Flame Orb
|upkeep
|turn|13
|
|t:|1656446855
|move|p1a: Suicune|Scald|p2a: Conkeldurr
|-damage|p2a: Conkeldurr|0 fnt
|faint|p2a: Conkeldurr
|
|-heal|p1a: Suicune|68/100|[from] item: Leftovers
|upkeep
|
|t:|1656446858
|switch|p2a: Chansey|Chansey, F|100/100
|turn|14
|-message|PuffMonkey forfeited.
|
|win|DQ Low Tier Legend
|raw|DQ Low Tier Legend's rating: 1485 &rarr; <strong>1504</strong><br />(+19 for winning)
|raw|PuffMonkey's rating: 1459 &rarr; <strong>1440</strong><br />(-19 for losing)
|l|☆PuffMonkey
||Ladder isn't responding, score probably updated but might not have (Request timeout).
