|html|<div class="broadcast-blue"><strong>[Gen 8] UU is currently suspecting Kommo-o! For information on how to participate check out the <a href="https://www.smogon.com/forums/threads/np-ss-uu-stage-10-2-sickommo-ode.3693129/">suspect thread</a>.</strong></div>
|j|☆kerorek
|j|☆bootyhair
|t:|1636186030
|gametype|singles
|player|p1|kerorek|lass-gen4dp|1329
|player|p2|bootyhair|swimmer-gen4dp|1322
|teamsize|p1|6
|teamsize|p2|6
|gen|8
|tier|[Gen 8] UU
|rated|
|rule|Sleep Clause Mod: Limit one foe put to sleep
|rule|Species Clause: Limit one of each Pokémon
|rule|OHKO Clause: OHKO moves are banned
|rule|Evasion Moves Clause: Evasion moves are banned
|rule|Endless Battle Clause: Forcing endless battles is banned
|rule|HP Percentage Mod: HP is shown in percentages
|rule|Dynamax Clause: You cannot dynamax
|clearpoke
|poke|p1|Comfey, F|
|poke|p1|Jellicent, F|
|poke|p1|Archeops, M|
|poke|p1|Seaking, M|
|poke|p1|Avalugg, F|
|poke|p1|Mr. Mime-Galar, F|
|poke|p2|Toxicroak, F|
|poke|p2|Skarmory, M|
|poke|p2|Azelf|
|poke|p2|Primarina, F|
|poke|p2|Krookodile, F|
|poke|p2|Chandelure, F|
|teampreview
|
|t:|1636186057
|start
|switch|p1a: Seaking|Seaking, M|100/100
|switch|p2a: Primarina|Primarina, F|100/100
|turn|1
|
|t:|1636186064
|move|p1a: Seaking|Knock Off|p2a: Primarina
|-resisted|p2a: Primarina
|-damage|p2a: Primarina|88/100
|-enditem|p2a: Primarina|Assault Vest|[from] move: Knock Off|[of] p1a: Seaking
|move|p2a: Primarina|Energy Ball|p1a: Seaking
|-supereffective|p1a: Seaking
|-damage|p1a: Seaking|48/100
|
|-heal|p1a: Seaking|54/100|[from] item: Leftovers
|upkeep
|turn|2
|
|t:|1636186073
|move|p1a: Seaking|Flip Turn|p2a: Primarina
|-resisted|p2a: Primarina
|-damage|p2a: Primarina|77/100
|
|t:|1636186076
|switch|p1a: Mr. Mime|Mr. Mime-Galar, F|100/100|[from]move: Flip Turn
|move|p2a: Primarina|Moonblast|p1a: Mr. Mime
|-damage|p1a: Mr. Mime|23/100
|
|upkeep
|turn|3
|
|t:|1636186086
|move|p1a: Mr. Mime|Freeze-Dry|p2a: Primarina
|-supereffective|p2a: Primarina
|-damage|p2a: Primarina|4/100
|move|p2a: Primarina|Moonblast|p1a: Mr. Mime
|-damage|p1a: Mr. Mime|0 fnt
|faint|p1a: Mr. Mime
|
|upkeep
|
|t:|1636186091
|switch|p1a: Archeops|Archeops, M|100/100
|turn|4
|
|t:|1636186095
|switch|p2a: Skarmory|Skarmory, M|100/100
|move|p1a: Archeops|U-turn|p2a: Skarmory
|-resisted|p2a: Skarmory
|-damage|p2a: Skarmory|97/100
|-damage|p1a: Archeops|84/100|[from] item: Rocky Helmet|[of] p2a: Skarmory
|
|t:|1636186105
|switch|p1a: Jellicent|Jellicent, F|100/100|[from]move: U-turn
|
|upkeep
|turn|5
|
|t:|1636186113
|switch|p2a: Toxicroak|Toxicroak, F|100/100
|move|p1a: Jellicent|Water Spout|p2a: Toxicroak
|-immune|p2a: Toxicroak|[from] ability: Dry Skin
|
|upkeep
|turn|6
|
|t:|1636186121
|switch|p2a: Chandelure|Chandelure, F|100/100
|switch|p1a: Avalugg|Avalugg, F|100/100
|
|upkeep
|turn|7
|
|t:|1636186130
|switch|p1a: Seaking|Seaking, M|54/100
|move|p2a: Chandelure|Shadow Ball|p1a: Seaking
|-damage|p1a: Seaking|21/100
|
|-heal|p1a: Seaking|27/100|[from] item: Leftovers
|upkeep
|turn|8
|
|t:|1636186137
|move|p2a: Chandelure|Shadow Ball|p1a: Seaking
|-damage|p1a: Seaking|0 fnt
|faint|p1a: Seaking
|
|upkeep
|
|t:|1636186144
|switch|p1a: Archeops|Archeops, M|84/100
|turn|9
|
|t:|1636186148
|switch|p1a: Jellicent|Jellicent, F|100/100
|switch|p2a: Skarmory|Skarmory, M|97/100
|
|upkeep
|turn|10
|
|t:|1636186152
|move|p1a: Jellicent|Shadow Ball|p2a: Skarmory
|-damage|p2a: Skarmory|31/100
|move|p2a: Skarmory|Toxic|p1a: Jellicent
|-status|p1a: Jellicent|tox
|
|-damage|p1a: Jellicent|94/100 tox|[from] psn
|upkeep
|turn|11
|
|t:|1636186158
|switch|p2a: Primarina|Primarina, F|4/100
|move|p1a: Jellicent|Shadow Ball|p2a: Primarina
|-damage|p2a: Primarina|0 fnt
|faint|p2a: Primarina
|
|-damage|p1a: Jellicent|82/100 tox|[from] psn
|upkeep
|
|t:|1636186169
|switch|p2a: Krookodile|Krookodile, F|100/100
|-ability|p2a: Krookodile|Intimidate|boost
|-unboost|p1a: Jellicent|atk|1
|turn|12
|
|t:|1636186172
|switch|p1a: Comfey|Comfey, F|100/100
|move|p2a: Krookodile|Knock Off|p1a: Comfey
|-resisted|p1a: Comfey
|-damage|p1a: Comfey|76/100
|-damage|p2a: Krookodile|84/100|[from] item: Rocky Helmet|[of] p1a: Comfey
|-enditem|p1a: Comfey|Rocky Helmet|[from] move: Knock Off|[of] p2a: Krookodile
|
|upkeep
|turn|13
|
|t:|1636186182
|switch|p2a: Skarmory|Skarmory, M|31/100
|move|p1a: Comfey|U-turn|p2a: Skarmory
|-resisted|p2a: Skarmory
|-damage|p2a: Skarmory|30/100
|-damage|p1a: Comfey|59/100|[from] item: Rocky Helmet|[of] p2a: Skarmory
|
|t:|1636186187
|switch|p1a: Jellicent|Jellicent, F|82/100 tox|[from]move: U-turn
|
|-damage|p1a: Jellicent|76/100 tox|[from] psn
|upkeep
|turn|14
|
|t:|1636186193
|move|p1a: Jellicent|Shadow Ball|p2a: Skarmory
|-damage|p2a: Skarmory|0 fnt
|faint|p2a: Skarmory
|
|-damage|p1a: Jellicent|64/100 tox|[from] psn
|upkeep
|
|t:|1636186203
|switch|p2a: Chandelure|Chandelure, F|100/100
|turn|15
|
|t:|1636186225
|move|p2a: Chandelure|Shadow Ball|p1a: Jellicent
|-supereffective|p1a: Jellicent
|-damage|p1a: Jellicent|0 fnt
|faint|p1a: Jellicent
|
|upkeep
|
|t:|1636186229
|switch|p1a: Archeops|Archeops, M|84/100
|turn|16
|
|t:|1636186240
|switch|p2a: Krookodile|Krookodile, F|84/100
|-ability|p2a: Krookodile|Intimidate|boost
|-unboost|p1a: Archeops|atk|1
|move|p1a: Archeops|U-turn|p2a: Krookodile
|-supereffective|p2a: Krookodile
|-damage|p2a: Krookodile|42/100
|
|t:|1636186246
|switch|p1a: Comfey|Comfey, F|59/100|[from]move: U-turn
|
|upkeep
|turn|17
|
|t:|1636186250
|switch|p2a: Chandelure|Chandelure, F|100/100
|move|p1a: Comfey|U-turn|p2a: Chandelure
|-resisted|p2a: Chandelure
|-damage|p2a: Chandelure|97/100
|
|t:|1636186253
|switch|p1a: Archeops|Archeops, M|84/100|[from]move: U-turn
|
|upkeep
|turn|18
|
|t:|1636186259
|move|p1a: Archeops|Earthquake|p2a: Chandelure
|-supereffective|p2a: Chandelure
|-damage|p2a: Chandelure|0 fnt
|faint|p2a: Chandelure
|
|upkeep
|
|t:|1636186268
|switch|p2a: Azelf|Azelf|100/100
|turn|19
|
|t:|1636186297
|switch|p1a: Comfey|Comfey, F|59/100
|move|p2a: Azelf|Psyshock|p1a: Comfey
|-damage|p1a: Comfey|12/100
|-damage|p2a: Azelf|91/100|[from] item: Life Orb
|
|upkeep
|turn|20
|
|t:|1636186303
|move|p1a: Comfey|Synthesis|p1a: Comfey
|-heal|p1a: Comfey|62/100
|move|p2a: Azelf|Psyshock|p1a: Comfey
|-damage|p1a: Comfey|19/100
|-damage|p2a: Azelf|81/100|[from] item: Life Orb
|
|upkeep
|turn|21
|
|t:|1636186313
|switch|p2a: Toxicroak|Toxicroak, F|100/100
|move|p1a: Comfey|Synthesis|p1a: Comfey
|-heal|p1a: Comfey|69/100
|
|upkeep
|turn|22
|
|t:|1636186318
|switch|p1a: Avalugg|Avalugg, F|100/100
|move|p2a: Toxicroak|Gunk Shot|p1a: Avalugg
|-damage|p1a: Avalugg|72/100
|-status|p1a: Avalugg|psn
|-damage|p2a: Toxicroak|91/100|[from] item: Life Orb
|
|-damage|p1a: Avalugg|59/100 psn|[from] psn
|upkeep
|turn|23
|
|t:|1636186348
|switch|p2a: Azelf|Azelf|81/100
|move|p1a: Avalugg|Recover|p1a: Avalugg
|-heal|p1a: Avalugg|100/100 psn
|
|-damage|p1a: Avalugg|88/100 psn|[from] psn
|upkeep
|turn|24
|
|t:|1636186356
|switch|p1a: Comfey|Comfey, F|69/100
|move|p2a: Azelf|Fire Blast|p1a: Comfey
|-damage|p1a: Comfey|18/100
|-damage|p2a: Azelf|71/100|[from] item: Life Orb
|
|upkeep
|turn|25
|
|t:|1636186363
|switch|p2a: Toxicroak|Toxicroak, F|91/100
|move|p1a: Comfey|Synthesis|p1a: Comfey
|-heal|p1a: Comfey|68/100
|
|upkeep
|turn|26
|
|t:|1636186370
|switch|p1a: Avalugg|Avalugg, F|88/100 psn
|move|p2a: Toxicroak|Swords Dance|p2a: Toxicroak
|-boost|p2a: Toxicroak|atk|2
|
|-damage|p1a: Avalugg|76/100 psn|[from] psn
|upkeep
|turn|27
|
|t:|1636186381
|move|p2a: Toxicroak|Swords Dance|p2a: Toxicroak
|-boost|p2a: Toxicroak|atk|2
|move|p1a: Avalugg|Iron Defense|p1a: Avalugg
|-boost|p1a: Avalugg|def|2
|
|-damage|p1a: Avalugg|63/100 psn|[from] psn
|upkeep
|turn|28
|
|t:|1636186395
|move|p2a: Toxicroak|Drain Punch|p1a: Avalugg
|-supereffective|p1a: Avalugg
|-damage|p1a: Avalugg|13/100 psn
|-heal|p2a: Toxicroak|100/100|[from] drain|[of] p1a: Avalugg
|-damage|p2a: Toxicroak|91/100|[from] item: Life Orb
|move|p1a: Avalugg|Iron Defense|p1a: Avalugg
|-boost|p1a: Avalugg|def|2
|
|-damage|p1a: Avalugg|0 fnt|[from] psn
|faint|p1a: Avalugg
|upkeep
|
|t:|1636186399
|switch|p1a: Archeops|Archeops, M|84/100
|turn|29
|
|t:|1636186412
|switch|p2a: Krookodile|Krookodile, F|42/100
|-ability|p2a: Krookodile|Intimidate|boost
|-unboost|p1a: Archeops|atk|1
|move|p1a: Archeops|Dual Wingbeat|p2a: Krookodile
|-damage|p2a: Krookodile|24/100
|-damage|p2a: Krookodile|4/100
|-hitcount|p2a: Krookodile|2
|
|upkeep
|turn|30
|
|t:|1636186420
|move|p1a: Archeops|Dual Wingbeat|p2a: Krookodile
|-damage|p2a: Krookodile|0 fnt
|faint|p2a: Krookodile
|-hitcount|p2: Krookodile|1
|
|upkeep
|
|t:|1636186425
|switch|p2a: Azelf|Azelf|71/100
|turn|31
|
|t:|1636186432
|switch|p1a: Comfey|Comfey, F|68/100
|move|p2a: Azelf|Psyshock|p1a: Comfey
|-damage|p1a: Comfey|21/100
|-damage|p2a: Azelf|61/100|[from] item: Life Orb
|
|upkeep
|turn|32
|
|t:|1636186444
|switch|p2a: Toxicroak|Toxicroak, F|91/100
|move|p1a: Comfey|U-turn|p2a: Toxicroak
|-resisted|p2a: Toxicroak
|-damage|p2a: Toxicroak|87/100
|
|t:|1636186446
|switch|p1a: Archeops|Archeops, M|84/100|[from]move: U-turn
|
|upkeep
|turn|33
|
|t:|1636186453
|move|p2a: Toxicroak|Sucker Punch|p1a: Archeops
|-damage|p1a: Archeops|38/100
|-damage|p2a: Toxicroak|78/100|[from] item: Life Orb
|move|p1a: Archeops|Dual Wingbeat|p2a: Toxicroak
|-supereffective|p2a: Toxicroak
|-damage|p2a: Toxicroak|41/100
|-supereffective|p2a: Toxicroak
|-damage|p2a: Toxicroak|3/100
|-hitcount|p2a: Toxicroak|2
|
|upkeep
|turn|34
|
|t:|1636186463
|move|p2a: Toxicroak|Sucker Punch|p1a: Archeops
|-damage|p1a: Archeops|0 fnt
|faint|p1a: Archeops
|-damage|p2a: Toxicroak|0 fnt|[from] item: Life Orb
|faint|p2a: Toxicroak
|
|upkeep
|
|t:|1636186466
|switch|p1a: Comfey|Comfey, F|21/100
|switch|p2a: Azelf|Azelf|61/100
|turn|35
|
|t:|1636186469
|move|p1a: Comfey|Synthesis|p1a: Comfey
|-heal|p1a: Comfey|71/100
|move|p2a: Azelf|Psyshock|p1a: Comfey
|-damage|p1a: Comfey|29/100
|-damage|p2a: Azelf|51/100|[from] item: Life Orb
|
|upkeep
|turn|36
|
|t:|1636186475
|move|p1a: Comfey|Synthesis|p1a: Comfey
|-heal|p1a: Comfey|79/100
|move|p2a: Azelf|Psyshock|p1a: Comfey
|-damage|p1a: Comfey|36/100
|-damage|p2a: Azelf|41/100|[from] item: Life Orb
|
|upkeep
|turn|37
|
|t:|1636186477
|move|p1a: Comfey|Synthesis|p1a: Comfey
|-heal|p1a: Comfey|86/100
|move|p2a: Azelf|Psyshock|p1a: Comfey
|-damage|p1a: Comfey|40/100
|-damage|p2a: Azelf|31/100|[from] item: Life Orb
|
|upkeep
|turn|38
|
|t:|1636186480
|move|p1a: Comfey|Synthesis|p1a: Comfey
|-heal|p1a: Comfey|90/100
|move|p2a: Azelf|Psyshock|p1a: Comfey
|-damage|p1a: Comfey|40/100
|-damage|p2a: Azelf|21/100|[from] item: Life Orb
|
|upkeep
|turn|39
|
|t:|1636186483
|move|p1a: Comfey|Synthesis|p1a: Comfey
|-heal|p1a: Comfey|90/100
|move|p2a: Azelf|Psyshock|p1a: Comfey
|-damage|p1a: Comfey|41/100
|-damage|p2a: Azelf|11/100|[from] item: Life Orb
|
|upkeep
|turn|40
|
|t:|1636186485
|move|p1a: Comfey|Draining Kiss|p2a: Azelf
|-damage|p2a: Azelf|0 fnt
|-heal|p1a: Comfey|48/100|[from] drain|[of] p2a: Azelf
|faint|p2a: Azelf
|
|win|kerorek
|raw|kerorek's rating: 1329 &rarr; <strong>1349</strong><br />(+20 for winning)
|raw|bootyhair's rating: 1322 &rarr; <strong>1302</strong><br />(-20 for losing)
|l|☆bootyhair
