|j|☆FoundmyUber
|j|☆DDD951
|t:|1653423404
|gametype|singles
|player|p1|FoundmyUber|cynthia-gen4|1316
|player|p2|DDD951|2|1387
|teamsize|p1|6
|teamsize|p2|6
|gen|8
|tier|[Gen 8] UU
|rated|
|rule|Sleep Clause Mod: Limit one foe put to sleep
|rule|Species Clause: Limit one of each Pokémon
|rule|OHKO Clause: OHKO moves are banned
|rule|Evasion Moves Clause: Evasion moves are banned
|rule|Endless Battle Clause: Forcing endless battles is banned
|rule|HP Percentage Mod: HP is shown in percentages
|rule|Dynamax Clause: You cannot dynamax
|clearpoke
|poke|p1|Cresselia, F|
|poke|p1|Xurkitree|
|poke|p1|Porygon2|
|poke|p1|Marowak-Alola, M|
|poke|p1|Hatterene, F|
|poke|p1|Conkeldurr, F|
|poke|p2|Aegislash, M|
|poke|p2|Gyarados, F|
|poke|p2|Starmie|
|poke|p2|Mamoswine, F|
|poke|p2|Tangrowth, F|
|poke|p2|Darmanitan, M|
|teampreview
|
|t:|1653423411
|start
|switch|p1a: Porygon2|Porygon2|100/100
|switch|p2a: Tangrowth|Tangrowth, F|100/100
|-ability|p1a: Porygon2|Regenerator|[from] ability: Trace|[of] p2a: Tangrowth
|turn|1
|
|t:|1653423418
|move|p2a: Tangrowth|Knock Off|p1a: Porygon2
|-damage|p1a: Porygon2|87/100
|-enditem|p1a: Porygon2|Eviolite|[from] move: Knock Off|[of] p2a: Tangrowth
|move|p1a: Porygon2|Trick Room|p1a: Porygon2
|-fieldstart|move: Trick Room|[of] p1a: Porygon2
|
|upkeep
|turn|2
|
|t:|1653423426
|move|p2a: Tangrowth|Sludge Bomb|p1a: Porygon2
|-damage|p1a: Porygon2|70/100
|-status|p1a: Porygon2|psn
|move|p1a: Porygon2|Teleport|p1a: Porygon2
|
|t:|1653423436
|switch|p1a: Marowak|Marowak-Alola, M|100/100|[from]move: Teleport
|
|upkeep
|turn|3
|
|t:|1653423445
|move|p1a: Marowak|Swords Dance|p1a: Marowak
|-boost|p1a: Marowak|atk|2
|move|p2a: Tangrowth|Knock Off|p1a: Marowak
|-supereffective|p1a: Marowak
|-damage|p1a: Marowak|54/100
|-enditem|p1a: Marowak|Thick Club|[from] move: Knock Off|[of] p2a: Tangrowth
|
|upkeep
|turn|4
|
|t:|1653423454
|switch|p2a: Darmanitan|Darmanitan, M|100/100
|move|p1a: Marowak|Flare Blitz|p2a: Darmanitan
|-resisted|p2a: Darmanitan
|-damage|p2a: Darmanitan|28/100
|
|upkeep
|turn|5
|
|t:|1653423462
|move|p1a: Marowak|Flare Blitz|p2a: Darmanitan
|-resisted|p2a: Darmanitan
|-damage|p2a: Darmanitan|0 fnt
|faint|p2a: Darmanitan
|
|-fieldend|move: Trick Room
|upkeep
|
|t:|1653423469
|switch|p2a: Mamoswine|Mamoswine, F|100/100
|turn|6
|
|t:|1653423477
|move|p2a: Mamoswine|Stealth Rock|p1a: Marowak
|-sidestart|p1: FoundmyUber|move: Stealth Rock
|move|p1a: Marowak|Flare Blitz|p2a: Mamoswine
|-supereffective|p2a: Mamoswine
|-damage|p2a: Mamoswine|0 fnt
|faint|p2a: Mamoswine
|
|upkeep
|
|t:|1653423484
|switch|p2a: Starmie|Starmie|100/100
|turn|7
|
|t:|1653423489
|switch|p1a: Cresselia|Cresselia, F|100/100
|-damage|p1a: Cresselia|88/100|[from] Stealth Rock
|move|p2a: Starmie|Hydro Pump|p1a: Cresselia
|-damage|p1a: Cresselia|47/100
|-damage|p2a: Starmie|91/100|[from] item: Life Orb
|
|upkeep
|turn|8
|
|t:|1653423497
|move|p2a: Starmie|Hydro Pump|p1a: Cresselia
|-damage|p1a: Cresselia|13/100
|-damage|p2a: Starmie|81/100|[from] item: Life Orb
|move|p1a: Cresselia|Trick Room|p1a: Cresselia
|-fieldstart|move: Trick Room|[of] p1a: Cresselia
|
|upkeep
|turn|9
|
|t:|1653423542
|move|p1a: Cresselia|Lunar Dance|p1a: Cresselia
|faint|p1a: Cresselia
|move|p2a: Starmie|Hydro Pump|p1: Cresselia|[notarget]
|-fail|p2a: Starmie
|
|upkeep
|
|t:|1653423546
|switch|p1a: Xurkitree|Xurkitree|100/100
|-damage|p1a: Xurkitree|88/100|[from] Stealth Rock
|turn|10
|
|t:|1653423550
|switch|p2a: Tangrowth|Tangrowth, F|100/100
|move|p1a: Xurkitree|Thunderbolt|p2a: Tangrowth
|-resisted|p2a: Tangrowth
|-damage|p2a: Tangrowth|71/100
|
|upkeep
|turn|11
|
|t:|1653423556
|switch|p1a: Conkeldurr|Conkeldurr, F|100/100
|-damage|p1a: Conkeldurr|94/100|[from] Stealth Rock
|move|p2a: Tangrowth|Knock Off|p1a: Conkeldurr
|-resisted|p1a: Conkeldurr
|-damage|p1a: Conkeldurr|85/100
|-enditem|p1a: Conkeldurr|Flame Orb|[from] move: Knock Off|[of] p2a: Tangrowth
|
|upkeep
|turn|12
|
|t:|1653423567
|move|p1a: Conkeldurr|Knock Off|p2a: Tangrowth
|-damage|p2a: Tangrowth|43/100
|-enditem|p2a: Tangrowth|Assault Vest|[from] move: Knock Off|[of] p1a: Conkeldurr
|move|p2a: Tangrowth|Giga Drain|p1a: Conkeldurr
|-damage|p1a: Conkeldurr|53/100
|-heal|p2a: Tangrowth|59/100|[from] drain|[of] p1a: Conkeldurr
|
|-fieldend|move: Trick Room
|upkeep
|turn|13
|
|t:|1653423575
|move|p2a: Tangrowth|Giga Drain|p1a: Conkeldurr
|-crit|p1a: Conkeldurr
|-damage|p1a: Conkeldurr|2/100
|-heal|p2a: Tangrowth|85/100|[from] drain|[of] p1a: Conkeldurr
|move|p1a: Conkeldurr|Knock Off|p2a: Tangrowth
|-damage|p2a: Tangrowth|66/100
|
|upkeep
|turn|14
|
|t:|1653423581
|move|p1a: Conkeldurr|Mach Punch|p2a: Tangrowth
|-damage|p2a: Tangrowth|49/100
|move|p2a: Tangrowth|Knock Off|p1a: Conkeldurr
|-resisted|p1a: Conkeldurr
|-damage|p1a: Conkeldurr|0 fnt
|faint|p1a: Conkeldurr
|
|upkeep
|
|t:|1653423616
|switch|p1a: Hatterene|Hatterene, F|100/100
|-damage|p1a: Hatterene|88/100|[from] Stealth Rock
|turn|15
|
|t:|1653423622
|move|p2a: Tangrowth|Knock Off|p1a: Hatterene
|-damage|p1a: Hatterene|64/100
|-enditem|p1a: Hatterene|Leftovers|[from] move: Knock Off|[of] p2a: Tangrowth
|move|p1a: Hatterene|Trick Room|p1a: Hatterene
|-fieldstart|move: Trick Room|[of] p1a: Hatterene
|
|upkeep
|turn|16
|
|t:|1653423627
|switch|p2a: Aegislash|Aegislash, M|100/100
|move|p1a: Hatterene|Mystical Fire|p2a: Aegislash
|-supereffective|p2a: Aegislash
|-damage|p2a: Aegislash|57/100
|-unboost|p2a: Aegislash|spa|1
|
|-heal|p2a: Aegislash|63/100|[from] item: Leftovers
|upkeep
|turn|17
|
|t:|1653423635
|move|p1a: Hatterene|Mystical Fire|p2a: Aegislash
|-supereffective|p2a: Aegislash
|-crit|p2a: Aegislash
|-damage|p2a: Aegislash|0 fnt
|faint|p2a: Aegislash
|
|upkeep
|
|t:|1653423646
|switch|p2a: Starmie|Starmie|81/100
|turn|18
|
|t:|1653423659
|move|p1a: Hatterene|Draining Kiss|p2a: Starmie
|-damage|p2a: Starmie|35/100
|-heal|p1a: Hatterene|92/100|[from] drain|[of] p2a: Starmie
|move|p2a: Starmie|Hydro Pump|p1a: Hatterene
|-damage|p1a: Hatterene|7/100
|-damage|p2a: Starmie|25/100|[from] item: Life Orb
|
|upkeep
|turn|19
|
|t:|1653423680
|switch|p2a: Tangrowth|Tangrowth, F|82/100
|move|p1a: Hatterene|Draining Kiss|p2a: Tangrowth
|-damage|p2a: Tangrowth|54/100
|-heal|p1a: Hatterene|34/100|[from] drain|[of] p2a: Tangrowth
|
|-fieldend|move: Trick Room
|upkeep
|turn|20
|
|t:|1653423687
|move|p2a: Tangrowth|Sludge Bomb|p1a: Hatterene
|-supereffective|p1a: Hatterene
|-damage|p1a: Hatterene|0 fnt
|faint|p1a: Hatterene
|
|upkeep
|
|t:|1653423691
|switch|p1a: Marowak|Marowak-Alola, M|54/100
|-heal|p1a: Marowak|100/100|[from] move: Lunar Dance
|-damage|p1a: Marowak|76/100|[from] Stealth Rock
|turn|21
|
|t:|1653423701
|move|p2a: Tangrowth|Earthquake|p1a: Marowak
|-supereffective|p1a: Marowak
|-damage|p1a: Marowak|34/100
|move|p1a: Marowak|Flare Blitz|p2a: Tangrowth
|-supereffective|p2a: Tangrowth
|-damage|p2a: Tangrowth|0 fnt
|faint|p2a: Tangrowth
|
|upkeep
|
|t:|1653423709
|switch|p2a: Gyarados|Gyarados, F|100/100
|-ability|p2a: Gyarados|Intimidate|boost
|-unboost|p1a: Marowak|atk|1
|turn|22
|
|t:|1653423717
|move|p2a: Gyarados|Dragon Dance|p2a: Gyarados
|-boost|p2a: Gyarados|atk|1
|-boost|p2a: Gyarados|spe|1
|move|p1a: Marowak|Flare Blitz|p2a: Gyarados
|-resisted|p2a: Gyarados
|-damage|p2a: Gyarados|83/100
|
|-heal|p2a: Gyarados|89/100|[from] item: Leftovers
|upkeep
|turn|23
|
|t:|1653423728
|switch|p1a: Porygon2|Porygon2|100/100 psn
|-damage|p1a: Porygon2|88/100 psn|[from] Stealth Rock
|-ability|p1a: Porygon2|Intimidate|[from] ability: Trace|[of] p2a: Gyarados
|-ability|p1a: Porygon2|Intimidate|boost
|-unboost|p2a: Gyarados|atk|1
|move|p2a: Gyarados|Dragon Dance|p2a: Gyarados
|-boost|p2a: Gyarados|atk|1
|-boost|p2a: Gyarados|spe|1
|
|-heal|p2a: Gyarados|95/100|[from] item: Leftovers
|-damage|p1a: Porygon2|76/100 psn|[from] psn
|upkeep
|turn|24
|
|t:|1653423740
|move|p2a: Gyarados|Waterfall|p1a: Porygon2
|-damage|p1a: Porygon2|24/100 psn
|move|p1a: Porygon2|Trick Room|p1a: Porygon2
|-fieldstart|move: Trick Room|[of] p1a: Porygon2
|
|-heal|p2a: Gyarados|100/100|[from] item: Leftovers
|-damage|p1a: Porygon2|11/100 psn|[from] psn
|upkeep
|turn|25
|
|t:|1653423746
|move|p1a: Porygon2|Foul Play|p2a: Gyarados
|-crit|p2a: Gyarados
|-damage|p2a: Gyarados|27/100
|move|p2a: Gyarados|Substitute|p2a: Gyarados
|-start|p2a: Gyarados|Substitute
|-damage|p2a: Gyarados|2/100
|
|-heal|p2a: Gyarados|8/100|[from] item: Leftovers
|-damage|p1a: Porygon2|0 fnt|[from] psn
|faint|p1a: Porygon2
|upkeep
|
|t:|1653423753
|switch|p1a: Marowak|Marowak-Alola, M|34/100
|-damage|p1a: Marowak|9/100|[from] Stealth Rock
|turn|26
|
|t:|1653423763
|move|p1a: Marowak|Flare Blitz|p2a: Gyarados
|-resisted|p2a: Gyarados
|-activate|p2a: Gyarados|move: Substitute|[damage]
|move|p2a: Gyarados|Bounce||[still]
|-prepare|p2a: Gyarados|Bounce
|
|-heal|p2a: Gyarados|14/100|[from] item: Leftovers
|upkeep
|turn|27
|
|t:|1653423769
|move|p1a: Marowak|Poltergeist|p2a: Gyarados|[miss]
|-miss|p1a: Marowak|p2a: Gyarados
|move|p2a: Gyarados|Bounce|p1a: Marowak|[from]lockedmove
|-damage|p1a: Marowak|0 fnt
|faint|p1a: Marowak
|
|-heal|p2a: Gyarados|21/100|[from] item: Leftovers
|upkeep
|
|t:|1653423772
|switch|p1a: Xurkitree|Xurkitree|88/100
|-damage|p1a: Xurkitree|76/100|[from] Stealth Rock
|turn|28
|
|t:|1653423781
|move|p1a: Xurkitree|Thunderbolt|p2a: Gyarados
|-supereffective|p2a: Gyarados
|-crit|p2a: Gyarados
|-end|p2a: Gyarados|Substitute
|move|p2a: Gyarados|Waterfall|p1a: Xurkitree
|-damage|p1a: Xurkitree|3/100
|
|-heal|p2a: Gyarados|27/100|[from] item: Leftovers
|-fieldend|move: Trick Room
|upkeep
|turn|29
|
|t:|1653423789
|move|p2a: Gyarados|Waterfall|p1a: Xurkitree
|-damage|p1a: Xurkitree|0 fnt
|faint|p1a: Xurkitree
|
|win|DDD951
|raw|FoundmyUber's rating: 1316 &rarr; <strong>1300</strong><br />(-16 for losing)
|raw|DDD951's rating: 1387 &rarr; <strong>1403</strong><br />(+16 for winning)
|l|☆FoundmyUber
||Ladder isn't responding, score probably updated but might not have (Request timeout).
