|j|☆hahahohi
|j|☆GryphonEX
|t:|1662740874
|gametype|singles
|player|p1|hahahohi|clown|1440
|player|p2|GryphonEX|gardenia|1502
|teamsize|p1|6
|teamsize|p2|6
|gen|8
|tier|[Gen 8] UU
|rated|
|rule|Sleep Clause Mod: Limit one foe put to sleep
|rule|Species Clause: Limit one of each Pokémon
|rule|OHKO Clause: OHKO moves are banned
|rule|Evasion Items Clause: Evasion items are banned
|rule|Evasion Moves Clause: Evasion moves are banned
|rule|Endless Battle Clause: Forcing endless battles is banned
|rule|HP Percentage Mod: HP is shown in percentages
|rule|Dynamax Clause: You cannot dynamax
|clearpoke
|poke|p1|Chansey, F|
|poke|p1|Quagsire, M|
|poke|p1|Umbreon, M|
|poke|p1|Salamence, F|
|poke|p1|Nihilego|
|poke|p1|Tangrowth, F|
|poke|p2|Hydreigon, M|
|poke|p2|Suicune|
|poke|p2|Zarude|
|poke|p2|Salamence, F|
|poke|p2|Chansey, F|
|poke|p2|Corsola-Galar, M|
|teampreview
|
|t:|1662740908
|start
|switch|p1a: Nihilego|Nihilego|100/100
|switch|p2a: Corsola|Corsola-Galar, M|100/100
|turn|1
|inactive|Battle timer is ON: inactive players will automatically lose when time's up. (requested by hahahohi)
|
|t:|1662740913
|move|p1a: Nihilego|Stealth Rock|p2a: Corsola
|-sidestart|p2: GryphonEX|move: Stealth Rock
|move|p2a: Corsola|Stealth Rock|p1a: Nihilego
|-sidestart|p1: hahahohi|move: Stealth Rock
|
|upkeep
|turn|2
|
|t:|1662740918
|move|p1a: Nihilego|Knock Off|p2a: Corsola
|-supereffective|p2a: Corsola
|-damage|p2a: Corsola|83/100
|-start|p1a: Nihilego|Disable|Knock Off|[from] ability: Cursed Body|[of] p2a: Corsola
|-enditem|p2a: Corsola|Eviolite|[from] move: Knock Off|[of] p1a: Nihilego
|move|p2a: Corsola|Will-O-Wisp|p1a: Nihilego
|-status|p1a: Nihilego|brn
|
|-damage|p1a: Nihilego|94/100 brn|[from] brn
|upkeep
|turn|3
|
|t:|1662740928
|move|p1a: Nihilego|Power Gem|p2a: Corsola
|-damage|p2a: Corsola|50/100
|move|p2a: Corsola|Will-O-Wisp|p1a: Nihilego
|-fail|p1a: Nihilego|brn
|
|-heal|p1a: Nihilego|100/100 brn|[from] item: Black Sludge
|-damage|p1a: Nihilego|94/100 brn|[from] brn
|upkeep
|turn|4
|
|t:|1662740937
|move|p1a: Nihilego|Sludge Bomb|p2a: Corsola
|-resisted|p2a: Corsola
|-damage|p2a: Corsola|34/100
|move|p2a: Corsola|Strength Sap|p1a: Nihilego
|-unboost|p1a: Nihilego|atk|1
|-heal|p2a: Corsola|73/100
|
|-heal|p1a: Nihilego|100/100 brn|[from] item: Black Sludge
|-damage|p1a: Nihilego|94/100 brn|[from] brn
|upkeep
|turn|5
|
|t:|1662740947
|switch|p2a: Suicune|Suicune|100/100
|-damage|p2a: Suicune|88/100|[from] Stealth Rock
|-ability|p2a: Suicune|Pressure
|move|p1a: Nihilego|Sludge Bomb|p2a: Suicune
|-damage|p2a: Suicune|53/100
|-status|p2a: Suicune|psn
|
|-heal|p1a: Nihilego|100/100 brn|[from] item: Black Sludge
|-heal|p2a: Suicune|59/100 psn|[from] item: Leftovers
|-damage|p2a: Suicune|47/100 psn|[from] psn
|-damage|p1a: Nihilego|94/100 brn|[from] brn
|-end|p1a: Nihilego|Disable
|upkeep
|turn|6
|
|t:|1662740963
|move|p1a: Nihilego|Knock Off|p2a: Suicune
|-damage|p2a: Suicune|45/100 psn
|-enditem|p2a: Suicune|Leftovers|[from] move: Knock Off|[of] p1a: Nihilego
|move|p2a: Suicune|Rest|p2a: Suicune
|-status|p2a: Suicune|slp|[from] move: Rest
|-heal|p2a: Suicune|100/100 slp|[silent]
|
|-heal|p1a: Nihilego|100/100 brn|[from] item: Black Sludge
|-damage|p1a: Nihilego|94/100 brn|[from] brn
|upkeep
|turn|7
|
|t:|1662740977
|switch|p1a: Salamence|Salamence, F|100/100
|-ability|p1a: Salamence|Intimidate|boost
|-unboost|p2a: Suicune|atk|1
|cant|p2a: Suicune|slp
|
|upkeep
|turn|8
|
|t:|1662740991
|switch|p1a: Chansey|Chansey, F|100/100
|-damage|p1a: Chansey|88/100|[from] Stealth Rock
|cant|p2a: Suicune|slp
|
|upkeep
|turn|9
|
|t:|1662740999
|-curestatus|p2a: Suicune|slp|[msg]
|move|p2a: Suicune|Calm Mind|p2a: Suicune
|-boost|p2a: Suicune|spa|1
|-boost|p2a: Suicune|spd|1
|move|p1a: Chansey|Toxic|p2a: Suicune
|-status|p2a: Suicune|tox
|
|-damage|p2a: Suicune|94/100 tox|[from] psn
|upkeep
|turn|10
|
|t:|1662741008
|move|p2a: Suicune|Calm Mind|p2a: Suicune
|-boost|p2a: Suicune|spa|1
|-boost|p2a: Suicune|spd|1
|move|p1a: Chansey|Seismic Toss|p2a: Suicune
|-damage|p2a: Suicune|70/100 tox
|
|-damage|p2a: Suicune|57/100 tox|[from] psn
|upkeep
|turn|11
|
|t:|1662741012
|move|p2a: Suicune|Calm Mind|p2a: Suicune
|-boost|p2a: Suicune|spa|1
|-boost|p2a: Suicune|spd|1
|move|p1a: Chansey|Seismic Toss|p2a: Suicune
|-damage|p2a: Suicune|32/100 tox
|
|-damage|p2a: Suicune|14/100 tox|[from] psn
|upkeep
|turn|12
|
|t:|1662741021
|move|p2a: Suicune|Rest|p2a: Suicune
|-status|p2a: Suicune|slp|[from] move: Rest
|-heal|p2a: Suicune|100/100 slp|[silent]
|move|p1a: Chansey|Seismic Toss|p2a: Suicune
|-damage|p2a: Suicune|76/100 slp
|
|upkeep
|turn|13
|
|t:|1662741023
|cant|p2a: Suicune|slp
|move|p1a: Chansey|Seismic Toss|p2a: Suicune
|-damage|p2a: Suicune|51/100 slp
|
|upkeep
|turn|14
|
|t:|1662741025
|cant|p2a: Suicune|slp
|move|p1a: Chansey|Seismic Toss|p2a: Suicune
|-damage|p2a: Suicune|26/100 slp
|
|upkeep
|turn|15
|
|t:|1662741038
|-curestatus|p2a: Suicune|slp|[msg]
|move|p2a: Suicune|Calm Mind|p2a: Suicune
|-boost|p2a: Suicune|spa|1
|-boost|p2a: Suicune|spd|1
|move|p1a: Chansey|Aromatherapy|p1a: Chansey
|-activate|p1a: Chansey|move: Aromatherapy
|-curestatus|p1: Nihilego|brn|[msg]
|
|upkeep
|turn|16
|
|t:|1662741045
|move|p2a: Suicune|Scald|p1a: Chansey
|-damage|p1a: Chansey|63/100
|-status|p1a: Chansey|brn
|move|p1a: Chansey|Seismic Toss|p2a: Suicune
|-damage|p2a: Suicune|1/100
|
|-damage|p1a: Chansey|57/100 brn|[from] brn
|upkeep
|turn|17
|
|t:|1662741056
|move|p2a: Suicune|Rest|p2a: Suicune
|-status|p2a: Suicune|slp|[from] move: Rest
|-heal|p2a: Suicune|100/100 slp|[silent]
|move|p1a: Chansey|Seismic Toss|p2a: Suicune
|-damage|p2a: Suicune|76/100 slp
|
|-damage|p1a: Chansey|50/100 brn|[from] brn
|upkeep
|turn|18
|
|t:|1662741058
|cant|p2a: Suicune|slp
|move|p1a: Chansey|Soft-Boiled|p1a: Chansey
|-heal|p1a: Chansey|99/100 brn
|
|-damage|p1a: Chansey|94/100 brn|[from] brn
|upkeep
|turn|19
|
|t:|1662741071
|-curestatus|p1a: Chansey|brn|[from] ability: Natural Cure
|switch|p1a: Salamence|Salamence, F|100/100
|-ability|p1a: Salamence|Intimidate|boost
|-unboost|p2a: Suicune|atk|1
|cant|p2a: Suicune|slp
|
|upkeep
|turn|20
|
|t:|1662741081
|switch|p1a: Chansey|Chansey, F|94/100
|-damage|p1a: Chansey|82/100|[from] Stealth Rock
|-curestatus|p2a: Suicune|slp|[msg]
|move|p2a: Suicune|Ice Beam|p1a: Chansey
|-damage|p1a: Chansey|65/100
|
|upkeep
|turn|21
|
|t:|1662741093
|move|p2a: Suicune|Calm Mind|p2a: Suicune
|-boost|p2a: Suicune|spa|1
|-boost|p2a: Suicune|spd|1
|move|p1a: Chansey|Soft-Boiled|p1a: Chansey
|-heal|p1a: Chansey|100/100
|
|upkeep
|turn|22
|l|☆GryphonEX
|inactive|GryphonEX disconnected and has a minute to reconnect!
|player|p2|
|j|☆GryphonEX
|inactive|GryphonEX reconnected and has 130 seconds left.
|player|p2|GryphonEX|gardenia
|
|t:|1662741116
|move|p2a: Suicune|Calm Mind|p2a: Suicune
|-boost|p2a: Suicune|spa|1
|-boost|p2a: Suicune|spd|1
|move|p1a: Chansey|Toxic|p2a: Suicune
|-status|p2a: Suicune|tox
|
|-damage|p2a: Suicune|70/100 tox|[from] psn
|upkeep
|turn|23
|
|t:|1662741133
|move|p2a: Suicune|Scald|p1a: Chansey
|-damage|p1a: Chansey|71/100
|move|p1a: Chansey|Seismic Toss|p2a: Suicune
|-damage|p2a: Suicune|45/100 tox
|
|-damage|p2a: Suicune|32/100 tox|[from] psn
|upkeep
|turn|24
|
|t:|1662741154
|move|p2a: Suicune|Rest|p2a: Suicune
|-status|p2a: Suicune|slp|[from] move: Rest
|-heal|p2a: Suicune|100/100 slp|[silent]
|move|p1a: Chansey|Soft-Boiled|p1a: Chansey
|-heal|p1a: Chansey|100/100
|
|upkeep
|turn|25
|
|t:|1662741159
|switch|p1a: Quagsire|Quagsire, M|100/100
|-damage|p1a: Quagsire|94/100|[from] Stealth Rock
|cant|p2a: Suicune|slp
|
|-heal|p1a: Quagsire|100/100|[from] item: Leftovers
|upkeep
|turn|26
|
|t:|1662741170
|switch|p1a: Tangrowth|Tangrowth, F|100/100
|-damage|p1a: Tangrowth|88/100|[from] Stealth Rock
|cant|p2a: Suicune|slp
|
|upkeep
|turn|27
|
|t:|1662741176
|switch|p1a: Quagsire|Quagsire, M|100/100
|-damage|p1a: Quagsire|94/100|[from] Stealth Rock
|-curestatus|p2a: Suicune|slp|[msg]
|move|p2a: Suicune|Ice Beam|p1a: Quagsire
|-damage|p1a: Quagsire|74/100
|
|-heal|p1a: Quagsire|80/100|[from] item: Leftovers
|upkeep
|turn|28
|
|t:|1662741191
|move|p2a: Suicune|Scald|p1a: Quagsire
|-damage|p1a: Quagsire|50/100
|-status|p1a: Quagsire|brn
|move|p1a: Quagsire|Recover|p1a: Quagsire
|-heal|p1a: Quagsire|99/100 brn
|
|-heal|p1a: Quagsire|100/100 brn|[from] item: Leftovers
|-damage|p1a: Quagsire|94/100 brn|[from] brn
|upkeep
|turn|29
|
|t:|1662741201
|switch|p1a: Chansey|Chansey, F|100/100
|-damage|p1a: Chansey|88/100|[from] Stealth Rock
|move|p2a: Suicune|Calm Mind|p2a: Suicune
|-boost|p2a: Suicune|spa|0
|-boost|p2a: Suicune|spd|0
|
|upkeep
|turn|30
|
|t:|1662741210
|move|p2a: Suicune|Scald|p1a: Chansey
|-damage|p1a: Chansey|55/100
|move|p1a: Chansey|Toxic|p2a: Suicune
|-status|p2a: Suicune|tox
|
|-damage|p2a: Suicune|94/100 tox|[from] psn
|upkeep
|turn|31
|
|t:|1662741224
|move|p2a: Suicune|Scald|p1a: Chansey
|-damage|p1a: Chansey|23/100
|-status|p1a: Chansey|brn
|move|p1a: Chansey|Soft-Boiled|p1a: Chansey
|-heal|p1a: Chansey|73/100 brn
|
|-damage|p2a: Suicune|82/100 tox|[from] psn
|-damage|p1a: Chansey|67/100 brn|[from] brn
|upkeep
|turn|32
|
|t:|1662741237
|move|p2a: Suicune|Calm Mind|p2a: Suicune
|-boost|p2a: Suicune|spa|0
|-boost|p2a: Suicune|spd|0
|move|p1a: Chansey|Aromatherapy|p1a: Chansey
|-activate|p1a: Chansey|move: Aromatherapy
|-curestatus|p1a: Chansey|brn|[msg]
|-curestatus|p1: Quagsire|brn|[msg]
|
|-damage|p2a: Suicune|63/100 tox|[from] psn
|upkeep
|turn|33
|
|t:|1662741241
|move|p2a: Suicune|Ice Beam|p1a: Chansey
|-damage|p1a: Chansey|43/100
|-status|p1a: Chansey|frz
|cant|p1a: Chansey|frz
|
|-damage|p2a: Suicune|39/100 tox|[from] psn
|upkeep
|turn|34
|
|t:|1662741254
|move|p2a: Suicune|Rest|p2a: Suicune
|-status|p2a: Suicune|slp|[from] move: Rest
|-heal|p2a: Suicune|100/100 slp|[silent]
|cant|p1a: Chansey|frz
|
|upkeep
|turn|35
|
|t:|1662741260
|-curestatus|p1a: Chansey|frz|[from] ability: Natural Cure
|switch|p1a: Quagsire|Quagsire, M|94/100
|-damage|p1a: Quagsire|88/100|[from] Stealth Rock
|cant|p2a: Suicune|slp
|
|-heal|p1a: Quagsire|94/100|[from] item: Leftovers
|upkeep
|turn|36
|
|t:|1662741263
|switch|p1a: Chansey|Chansey, F|43/100
|-damage|p1a: Chansey|30/100|[from] Stealth Rock
|cant|p2a: Suicune|slp
|
|upkeep
|turn|37
|
|t:|1662741272
|-curestatus|p2a: Suicune|slp|[msg]
|move|p2a: Suicune|Scald|p1a: Chansey
|-damage|p1a: Chansey|1/100
|move|p1a: Chansey|Soft-Boiled|p1a: Chansey
|-heal|p1a: Chansey|51/100
|
|upkeep
|turn|38
|
|t:|1662741282
|move|p2a: Suicune|Scald|p1a: Chansey
|-damage|p1a: Chansey|20/100
|-status|p1a: Chansey|brn
|move|p1a: Chansey|Soft-Boiled|p1a: Chansey
|-heal|p1a: Chansey|70/100 brn
|
|-damage|p1a: Chansey|63/100 brn|[from] brn
|upkeep
|turn|39
|
|t:|1662741288
|move|p2a: Suicune|Ice Beam|p1a: Chansey
|-damage|p1a: Chansey|38/100 brn
|move|p1a: Chansey|Soft-Boiled|p1a: Chansey
|-heal|p1a: Chansey|88/100 brn
|
|-damage|p1a: Chansey|82/100 brn|[from] brn
|upkeep
|turn|40
|
|t:|1662741293
|-curestatus|p1a: Chansey|brn|[from] ability: Natural Cure
|switch|p1a: Quagsire|Quagsire, M|94/100
|-damage|p1a: Quagsire|88/100|[from] Stealth Rock
|move|p2a: Suicune|Rest|p2a: Suicune
|-fail|p2a: Suicune|heal
|
|-heal|p1a: Quagsire|94/100|[from] item: Leftovers
|upkeep
|turn|41
|
|t:|1662741305
|switch|p1a: Tangrowth|Tangrowth, F|100/100
|-damage|p1a: Tangrowth|88/100|[from] Stealth Rock
|move|p2a: Suicune|Scald|p1a: Tangrowth
|-resisted|p1a: Tangrowth
|-damage|p1a: Tangrowth|9/100
|
|upkeep
|turn|42
|
|t:|1662741312
|switch|p1a: Quagsire|Quagsire, M|94/100
|-damage|p1a: Quagsire|88/100|[from] Stealth Rock
|move|p2a: Suicune|Ice Beam|p1a: Quagsire
|-damage|p1a: Quagsire|64/100
|
|-heal|p1a: Quagsire|70/100|[from] item: Leftovers
|upkeep
|turn|43
|
|t:|1662741320
|move|p2a: Suicune|Scald|p1a: Quagsire
|-crit|p1a: Quagsire
|-damage|p1a: Quagsire|24/100
|move|p1a: Quagsire|Recover|p1a: Quagsire
|-heal|p1a: Quagsire|74/100
|
|-heal|p1a: Quagsire|80/100|[from] item: Leftovers
|upkeep
|turn|44
|
|t:|1662741328
|move|p2a: Suicune|Scald|p1a: Quagsire
|-damage|p1a: Quagsire|53/100
|-status|p1a: Quagsire|brn
|move|p1a: Quagsire|Recover|p1a: Quagsire
|-heal|p1a: Quagsire|100/100 brn
|
|-damage|p1a: Quagsire|94/100 brn|[from] brn
|upkeep
|turn|45
|
|t:|1662741336
|switch|p1a: Chansey|Chansey, F|82/100
|-damage|p1a: Chansey|70/100|[from] Stealth Rock
|move|p2a: Suicune|Calm Mind|p2a: Suicune
|-boost|p2a: Suicune|spa|0
|-boost|p2a: Suicune|spd|0
|
|upkeep
|turn|46
|
|t:|1662741345
|move|p2a: Suicune|Calm Mind|p2a: Suicune
|-boost|p2a: Suicune|spa|0
|-boost|p2a: Suicune|spd|0
|move|p1a: Chansey|Soft-Boiled|p1a: Chansey
|-heal|p1a: Chansey|100/100
|
|upkeep
|turn|47
|
|t:|1662741351
|switch|p1a: Quagsire|Quagsire, M|94/100 brn
|-damage|p1a: Quagsire|88/100 brn|[from] Stealth Rock
|move|p2a: Suicune|Scald|p1a: Quagsire
|-crit|p1a: Quagsire
|-damage|p1a: Quagsire|45/100 brn
|
|-heal|p1a: Quagsire|51/100 brn|[from] item: Leftovers
|-damage|p1a: Quagsire|45/100 brn|[from] brn
|upkeep
|turn|48
|
|t:|1662741361
|move|p2a: Suicune|Scald|p1a: Quagsire
|-damage|p1a: Quagsire|14/100 brn
|move|p1a: Quagsire|Recover|p1a: Quagsire
|-heal|p1a: Quagsire|64/100 brn
|
|-heal|p1a: Quagsire|70/100 brn|[from] item: Leftovers
|-damage|p1a: Quagsire|64/100 brn|[from] brn
|upkeep
|turn|49
|
|t:|1662741369
|move|p2a: Suicune|Scald|p1a: Quagsire
|-damage|p1a: Quagsire|34/100 brn
|move|p1a: Quagsire|Recover|p1a: Quagsire
|-heal|p1a: Quagsire|84/100 brn
|
|-heal|p1a: Quagsire|90/100 brn|[from] item: Leftovers
|-damage|p1a: Quagsire|84/100 brn|[from] brn
|upkeep
|turn|50
|
|t:|1662741379
|switch|p1a: Chansey|Chansey, F|100/100
|-damage|p1a: Chansey|88/100|[from] Stealth Rock
|move|p2a: Suicune|Scald|p1a: Chansey
|-damage|p1a: Chansey|58/100
|
|upkeep
|turn|51
|
|t:|1662741388
|move|p2a: Suicune|Scald|p1a: Chansey
|-damage|p1a: Chansey|24/100
|-status|p1a: Chansey|brn
|move|p1a: Chansey|Soft-Boiled|p1a: Chansey
|-heal|p1a: Chansey|74/100 brn
|
|-damage|p1a: Chansey|68/100 brn|[from] brn
|upkeep
|turn|52
|
|t:|1662741394
|move|p2a: Suicune|Calm Mind|p2a: Suicune
|-boost|p2a: Suicune|spa|0
|-boost|p2a: Suicune|spd|0
|move|p1a: Chansey|Aromatherapy|p1a: Chansey
|-activate|p1a: Chansey|move: Aromatherapy
|-curestatus|p1a: Chansey|brn|[msg]
|-curestatus|p1: Quagsire|brn|[msg]
|
|upkeep
|turn|53
|
|t:|1662741397
|move|p2a: Suicune|Calm Mind|p2a: Suicune
|-boost|p2a: Suicune|spa|0
|-boost|p2a: Suicune|spd|0
|move|p1a: Chansey|Soft-Boiled|p1a: Chansey
|-heal|p1a: Chansey|100/100
|
|upkeep
|turn|54
|
|t:|1662741401
|switch|p1a: Quagsire|Quagsire, M|84/100
|-damage|p1a: Quagsire|78/100|[from] Stealth Rock
|move|p2a: Suicune|Calm Mind|p2a: Suicune
|-boost|p2a: Suicune|spa|0
|-boost|p2a: Suicune|spd|0
|
|-heal|p1a: Quagsire|84/100|[from] item: Leftovers
|upkeep
|turn|55
|
|t:|1662741415
|switch|p1a: Chansey|Chansey, F|100/100
|-damage|p1a: Chansey|88/100|[from] Stealth Rock
|move|p2a: Suicune|Scald|p1a: Chansey
|-damage|p1a: Chansey|57/100
|-status|p1a: Chansey|brn
|
|-damage|p1a: Chansey|50/100 brn|[from] brn
|upkeep
|turn|56
|
|t:|1662741424
|move|p2a: Suicune|Scald|p1a: Chansey
|-damage|p1a: Chansey|18/100 brn
|move|p1a: Chansey|Soft-Boiled|p1a: Chansey
|-heal|p1a: Chansey|68/100 brn
|
|-damage|p1a: Chansey|61/100 brn|[from] brn
|upkeep
|turn|57
|
|t:|1662741445
|move|p2a: Suicune|Scald|p1a: Chansey
|-damage|p1a: Chansey|33/100 brn
|move|p1a: Chansey|Soft-Boiled|p1a: Chansey
|-heal|p1a: Chansey|83/100 brn
|
|-damage|p1a: Chansey|76/100 brn|[from] brn
|upkeep
|turn|58
|
|t:|1662741452
|-curestatus|p1a: Chansey|brn|[from] ability: Natural Cure
|switch|p1a: Quagsire|Quagsire, M|84/100
|-damage|p1a: Quagsire|78/100|[from] Stealth Rock
|move|p2a: Suicune|Scald|p1a: Quagsire
|-damage|p1a: Quagsire|48/100
|
|-heal|p1a: Quagsire|54/100|[from] item: Leftovers
|upkeep
|turn|59
|
|t:|1662741462
|move|p2a: Suicune|Ice Beam|p1a: Quagsire
|-damage|p1a: Quagsire|30/100
|move|p1a: Quagsire|Recover|p1a: Quagsire
|-heal|p1a: Quagsire|80/100
|
|-heal|p1a: Quagsire|87/100|[from] item: Leftovers
|upkeep
|turn|60
|
|t:|1662741487
|move|p2a: Suicune|Calm Mind|p2a: Suicune
|-boost|p2a: Suicune|spa|0
|-boost|p2a: Suicune|spd|0
|move|p1a: Quagsire|Recover|p1a: Quagsire
|-heal|p1a: Quagsire|100/100
|
|upkeep
|turn|61
|
|t:|1662741511
|switch|p1a: Chansey|Chansey, F|76/100
|-damage|p1a: Chansey|64/100|[from] Stealth Rock
|move|p2a: Suicune|Ice Beam|p1a: Chansey
|-damage|p1a: Chansey|40/100
|
|upkeep
|turn|62
|
|t:|1662741518
|move|p2a: Suicune|Scald|p1a: Chansey
|-damage|p1a: Chansey|7/100
|move|p1a: Chansey|Soft-Boiled|p1a: Chansey
|-heal|p1a: Chansey|57/100
|
|upkeep
|turn|63
|
|t:|1662741524
|move|p2a: Suicune|Scald|p1a: Chansey
|-damage|p1a: Chansey|25/100
|-status|p1a: Chansey|brn
|move|p1a: Chansey|Soft-Boiled|p1a: Chansey
|-heal|p1a: Chansey|75/100 brn
|
|-damage|p1a: Chansey|69/100 brn|[from] brn
|upkeep
|turn|64
|
|t:|1662741533
|-curestatus|p1a: Chansey|brn|[from] ability: Natural Cure
|switch|p1a: Quagsire|Quagsire, M|100/100
|-damage|p1a: Quagsire|94/100|[from] Stealth Rock
|move|p2a: Suicune|Scald|p1a: Quagsire
|-damage|p1a: Quagsire|62/100
|
|-heal|p1a: Quagsire|68/100|[from] item: Leftovers
|upkeep
|turn|65
|
|t:|1662741549
|move|p2a: Suicune|Calm Mind|p2a: Suicune
|-boost|p2a: Suicune|spa|0
|-boost|p2a: Suicune|spd|0
|move|p1a: Quagsire|Recover|p1a: Quagsire
|-heal|p1a: Quagsire|100/100
|
|upkeep
|turn|66
|
|t:|1662741559
|move|p2a: Suicune|Ice Beam|p1a: Quagsire
|-damage|p1a: Quagsire|78/100
|move|p1a: Quagsire|Toxic|p2a: Suicune
|-status|p2a: Suicune|tox
|
|-heal|p1a: Quagsire|84/100|[from] item: Leftovers
|-damage|p2a: Suicune|94/100 tox|[from] psn
|upkeep
|turn|67
|
|t:|1662741567
|move|p2a: Suicune|Calm Mind|p2a: Suicune
|-boost|p2a: Suicune|spa|0
|-boost|p2a: Suicune|spd|0
|move|p1a: Quagsire|Scald|p2a: Suicune
|-resisted|p2a: Suicune
|-damage|p2a: Suicune|87/100 tox
|
|-heal|p1a: Quagsire|90/100|[from] item: Leftovers
|-damage|p2a: Suicune|75/100 tox|[from] psn
|upkeep
|turn|68
|
|t:|1662741583
|move|p2a: Suicune|Calm Mind|p2a: Suicune
|-boost|p2a: Suicune|spa|0
|-boost|p2a: Suicune|spd|0
|move|p1a: Quagsire|Scald|p2a: Suicune
|-resisted|p2a: Suicune
|-damage|p2a: Suicune|67/100 tox
|
|-heal|p1a: Quagsire|96/100|[from] item: Leftovers
|-damage|p2a: Suicune|49/100 tox|[from] psn
|upkeep
|turn|69
|
|t:|1662741595
|move|p2a: Suicune|Rest|p2a: Suicune
|-status|p2a: Suicune|slp|[from] move: Rest
|-heal|p2a: Suicune|100/100 slp|[silent]
|move|p1a: Quagsire|Earthquake|p2a: Suicune
|-damage|p2a: Suicune|83/100 slp
|
|-heal|p1a: Quagsire|100/100|[from] item: Leftovers
|upkeep
|turn|70
|
|t:|1662741598
|switch|p1a: Tangrowth|Tangrowth, F|42/100
|-damage|p1a: Tangrowth|30/100|[from] Stealth Rock
|cant|p2a: Suicune|slp
|
|upkeep
|turn|71
|
|t:|1662741602
|switch|p1a: Quagsire|Quagsire, M|100/100
|-damage|p1a: Quagsire|94/100|[from] Stealth Rock
|cant|p2a: Suicune|slp
|
|-heal|p1a: Quagsire|100/100|[from] item: Leftovers
|upkeep
|turn|72
|
|t:|1662741609
|-curestatus|p2a: Suicune|slp|[msg]
|move|p2a: Suicune|Ice Beam|p1a: Quagsire
|-damage|p1a: Quagsire|79/100
|move|p1a: Quagsire|Toxic|p2a: Suicune
|-status|p2a: Suicune|tox
|
|-heal|p1a: Quagsire|85/100|[from] item: Leftovers
|-damage|p2a: Suicune|77/100 tox|[from] psn
|upkeep
|turn|73
|
|t:|1662741626
|move|p2a: Suicune|Calm Mind|p2a: Suicune
|-boost|p2a: Suicune|spa|0
|-boost|p2a: Suicune|spd|0
|move|p1a: Quagsire|Earthquake|p2a: Suicune
|-damage|p2a: Suicune|60/100 tox
|
|-heal|p1a: Quagsire|91/100|[from] item: Leftovers
|-damage|p2a: Suicune|48/100 tox|[from] psn
|upkeep
|turn|74
|
|t:|1662741635
|move|p2a: Suicune|Calm Mind|p2a: Suicune
|-boost|p2a: Suicune|spa|0
|-boost|p2a: Suicune|spd|0
|move|p1a: Quagsire|Earthquake|p2a: Suicune
|-damage|p2a: Suicune|30/100 tox
|
|-heal|p1a: Quagsire|97/100|[from] item: Leftovers
|-damage|p2a: Suicune|12/100 tox|[from] psn
|upkeep
|turn|75
|
|t:|1662741644
|move|p2a: Suicune|Rest|p2a: Suicune
|-status|p2a: Suicune|slp|[from] move: Rest
|-heal|p2a: Suicune|100/100 slp|[silent]
|move|p1a: Quagsire|Toxic||[still]
|-fail|p1a: Quagsire
|
|-heal|p1a: Quagsire|100/100|[from] item: Leftovers
|upkeep
|turn|76
|
|t:|1662741649
|switch|p1a: Tangrowth|Tangrowth, F|63/100
|-damage|p1a: Tangrowth|50/100|[from] Stealth Rock
|cant|p2a: Suicune|slp
|
|upkeep
|turn|77
|
|t:|1662741651
|switch|p1a: Quagsire|Quagsire, M|100/100
|-damage|p1a: Quagsire|94/100|[from] Stealth Rock
|cant|p2a: Suicune|slp
|
|-heal|p1a: Quagsire|100/100|[from] item: Leftovers
|upkeep
|turn|78
|
|t:|1662741658
|-curestatus|p2a: Suicune|slp|[msg]
|move|p2a: Suicune|Calm Mind|p2a: Suicune
|-boost|p2a: Suicune|spa|0
|-boost|p2a: Suicune|spd|0
|move|p1a: Quagsire|Toxic|p2a: Suicune
|-status|p2a: Suicune|tox
|
|-damage|p2a: Suicune|94/100 tox|[from] psn
|upkeep
|turn|79
|
|t:|1662741669
|move|p2a: Suicune|Calm Mind|p2a: Suicune
|-boost|p2a: Suicune|spa|0
|-boost|p2a: Suicune|spd|0
|move|p1a: Quagsire|Scald|p2a: Suicune
|-resisted|p2a: Suicune
|-damage|p2a: Suicune|87/100 tox
|
|-damage|p2a: Suicune|75/100 tox|[from] psn
|upkeep
|turn|80
|
|t:|1662741672
|move|p2a: Suicune|Ice Beam|p1a: Quagsire
|-damage|p1a: Quagsire|79/100
|move|p1a: Quagsire|Scald|p2a: Suicune
|-resisted|p2a: Suicune
|-damage|p2a: Suicune|67/100 tox
|
|-heal|p1a: Quagsire|85/100|[from] item: Leftovers
|-damage|p2a: Suicune|48/100 tox|[from] psn
|upkeep
|turn|81
|
|t:|1662741682
|move|p2a: Suicune|Calm Mind|p2a: Suicune
|-boost|p2a: Suicune|spa|0
|-boost|p2a: Suicune|spd|0
|move|p1a: Quagsire|Earthquake|p2a: Suicune
|-damage|p2a: Suicune|32/100 tox
|
|-heal|p1a: Quagsire|91/100|[from] item: Leftovers
|-damage|p2a: Suicune|7/100 tox|[from] psn
|upkeep
|turn|82
|
|t:|1662741702
|switch|p1a: Tangrowth|Tangrowth, F|84/100
|-damage|p1a: Tangrowth|71/100|[from] Stealth Rock
|move|p2a: Suicune|Rest|p2a: Suicune
|-status|p2a: Suicune|slp|[from] move: Rest
|-heal|p2a: Suicune|100/100 slp|[silent]
|
|upkeep
|turn|83
|
|t:|1662741713
|switch|p1a: Quagsire|Quagsire, M|91/100
|-damage|p1a: Quagsire|85/100|[from] Stealth Rock
|cant|p2a: Suicune|slp
|
|-heal|p1a: Quagsire|91/100|[from] item: Leftovers
|upkeep
|turn|84
|
|t:|1662741721
|switch|p1a: Tangrowth|Tangrowth, F|100/100
|-damage|p1a: Tangrowth|88/100|[from] Stealth Rock
|cant|p2a: Suicune|slp
|
|upkeep
|turn|85
|
|t:|1662741727
|switch|p1a: Quagsire|Quagsire, M|91/100
|-damage|p1a: Quagsire|85/100|[from] Stealth Rock
|-curestatus|p2a: Suicune|slp|[msg]
|move|p2a: Suicune|Ice Beam|p1a: Quagsire
|-damage|p1a: Quagsire|63/100
|-status|p1a: Quagsire|frz
|
|-heal|p1a: Quagsire|70/100 frz|[from] item: Leftovers
|upkeep
|turn|86
|
|t:|1662741737
|move|p2a: Suicune|Ice Beam|p1a: Quagsire
|-damage|p1a: Quagsire|47/100 frz
|-curestatus|p1a: Quagsire|frz|[from] move: Scald
|move|p1a: Quagsire|Scald|p2a: Suicune
|-resisted|p2a: Suicune
|-damage|p2a: Suicune|94/100
|
|-heal|p1a: Quagsire|53/100|[from] item: Leftovers
|upkeep
|turn|87
|
|t:|1662741744
|move|p2a: Suicune|Calm Mind|p2a: Suicune
|-boost|p2a: Suicune|spa|0
|-boost|p2a: Suicune|spd|0
|move|p1a: Quagsire|Recover|p1a: Quagsire
|-heal|p1a: Quagsire|100/100
|
|upkeep
|turn|88
|
|t:|1662741757
|switch|p1a: Tangrowth|Tangrowth, F|100/100
|-damage|p1a: Tangrowth|88/100|[from] Stealth Rock
|move|p2a: Suicune|Calm Mind|p2a: Suicune
|-boost|p2a: Suicune|spa|0
|-boost|p2a: Suicune|spd|0
|
|upkeep
|turn|89
|
|t:|1662741762
|switch|p1a: Quagsire|Quagsire, M|100/100
|-damage|p1a: Quagsire|94/100|[from] Stealth Rock
|move|p2a: Suicune|Calm Mind|p2a: Suicune
|-boost|p2a: Suicune|spa|0
|-boost|p2a: Suicune|spd|0
|
|-heal|p1a: Quagsire|100/100|[from] item: Leftovers
|upkeep
|turn|90
|
|t:|1662741770
|switch|p1a: Tangrowth|Tangrowth, F|100/100
|-damage|p1a: Tangrowth|88/100|[from] Stealth Rock
|move|p2a: Suicune|Ice Beam|p1a: Tangrowth
|-supereffective|p1a: Tangrowth
|-damage|p1a: Tangrowth|0 fnt
|faint|p1a: Tangrowth
|
|upkeep
|
|t:|1662741782
|switch|p1a: Salamence|Salamence, F|100/100
|-ability|p1a: Salamence|Intimidate|boost
|-unboost|p2a: Suicune|atk|1
|turn|91
|
|t:|1662741786
|switch|p1a: Quagsire|Quagsire, M|100/100
|-damage|p1a: Quagsire|94/100|[from] Stealth Rock
|move|p2a: Suicune|Ice Beam|p1a: Quagsire
|-damage|p1a: Quagsire|73/100
|
|-heal|p1a: Quagsire|79/100|[from] item: Leftovers
|upkeep
|turn|92
|
|t:|1662741798
|move|p2a: Suicune|Ice Beam|p1a: Quagsire
|-damage|p1a: Quagsire|56/100
|move|p1a: Quagsire|Scald|p2a: Suicune
|-resisted|p2a: Suicune
|-damage|p2a: Suicune|86/100
|
|-heal|p1a: Quagsire|62/100|[from] item: Leftovers
|upkeep
|turn|93
|
|t:|1662741802
|move|p2a: Suicune|Calm Mind|p2a: Suicune
|-boost|p2a: Suicune|spa|0
|-boost|p2a: Suicune|spd|0
|move|p1a: Quagsire|Recover|p1a: Quagsire
|-heal|p1a: Quagsire|100/100
|
|upkeep
|turn|94
|
|t:|1662741822
|move|p2a: Suicune|Calm Mind|p2a: Suicune
|-boost|p2a: Suicune|spa|0
|-boost|p2a: Suicune|spd|0
|move|p1a: Quagsire|Toxic|p2a: Suicune
|-status|p2a: Suicune|tox
|
|-damage|p2a: Suicune|80/100 tox|[from] psn
|upkeep
|turn|95
|
|t:|1662741826
|move|p2a: Suicune|Calm Mind|p2a: Suicune
|-boost|p2a: Suicune|spa|0
|-boost|p2a: Suicune|spd|0
|move|p1a: Quagsire|Scald|p2a: Suicune
|-resisted|p2a: Suicune
|-damage|p2a: Suicune|72/100 tox
|
|-damage|p2a: Suicune|60/100 tox|[from] psn
|upkeep
|turn|96
|
|t:|1662741829
|move|p2a: Suicune|Calm Mind|p2a: Suicune
|-boost|p2a: Suicune|spa|0
|-boost|p2a: Suicune|spd|0
|move|p1a: Quagsire|Scald|p2a: Suicune
|-resisted|p2a: Suicune
|-damage|p2a: Suicune|53/100 tox
|
|-damage|p2a: Suicune|35/100 tox|[from] psn
|upkeep
|turn|97
|
|t:|1662741833
|move|p2a: Suicune|Rest|p2a: Suicune
|-status|p2a: Suicune|slp|[from] move: Rest
|-heal|p2a: Suicune|100/100 slp|[silent]
|move|p1a: Quagsire|Earthquake|p2a: Suicune
|-damage|p2a: Suicune|84/100 slp
|
|upkeep
|turn|98
|
|t:|1662741839
|switch|p1a: Chansey|Chansey, F|69/100
|-damage|p1a: Chansey|56/100|[from] Stealth Rock
|cant|p2a: Suicune|slp
|
|upkeep
|turn|99
|
|t:|1662741857
|cant|p2a: Suicune|slp
|move|p1a: Chansey|Soft-Boiled|p1a: Chansey
|-heal|p1a: Chansey|100/100
|
|upkeep
|turn|100
|
|t:|1662741863
|switch|p1a: Quagsire|Quagsire, M|100/100
|-damage|p1a: Quagsire|94/100|[from] Stealth Rock
|-curestatus|p2a: Suicune|slp|[msg]
|move|p2a: Suicune|Calm Mind|p2a: Suicune
|-boost|p2a: Suicune|spa|0
|-boost|p2a: Suicune|spd|0
|
|-heal|p1a: Quagsire|100/100|[from] item: Leftovers
|upkeep
|turn|101
|
|t:|1662741876
|move|p2a: Suicune|Calm Mind|p2a: Suicune
|-boost|p2a: Suicune|spa|0
|-boost|p2a: Suicune|spd|0
|move|p1a: Quagsire|Scald|p2a: Suicune
|-resisted|p2a: Suicune
|-damage|p2a: Suicune|76/100
|-status|p2a: Suicune|brn
|
|-damage|p2a: Suicune|70/100 brn|[from] brn
|upkeep
|turn|102
|
|t:|1662741886
|move|p2a: Suicune|Ice Beam|p1a: Quagsire
|-damage|p1a: Quagsire|79/100
|move|p1a: Quagsire|Scald|p2a: Suicune
|-resisted|p2a: Suicune
|-damage|p2a: Suicune|64/100 brn
|
|-heal|p1a: Quagsire|85/100|[from] item: Leftovers
|-damage|p2a: Suicune|57/100 brn|[from] brn
|upkeep
|turn|103
|inactive|hahahohi has 120 seconds left.
|
|t:|1662741912
|switch|p1a: Salamence|Salamence, F|100/100
|-ability|p1a: Salamence|Intimidate|boost
|-unboost|p2a: Suicune|atk|1
|move|p2a: Suicune|Rest|p2a: Suicune
|-status|p2a: Suicune|slp|[from] move: Rest
|-heal|p2a: Suicune|100/100 slp|[silent]
|
|upkeep
|turn|104
|
|t:|1662741920
|switch|p1a: Quagsire|Quagsire, M|85/100
|-damage|p1a: Quagsire|79/100|[from] Stealth Rock
|cant|p2a: Suicune|slp
|
|-heal|p1a: Quagsire|85/100|[from] item: Leftovers
|upkeep
|turn|105
|
|t:|1662741930
|switch|p1a: Salamence|Salamence, F|100/100
|-ability|p1a: Salamence|Intimidate|boost
|-unboost|p2a: Suicune|atk|1
|cant|p2a: Suicune|slp
|
|upkeep
|turn|106
|
|t:|1662741937
|switch|p1a: Quagsire|Quagsire, M|85/100
|-damage|p1a: Quagsire|79/100|[from] Stealth Rock
|switch|p2a: Zarude|Zarude|100/100
|-damage|p2a: Zarude|88/100|[from] Stealth Rock
|
|-heal|p1a: Quagsire|85/100|[from] item: Leftovers
|upkeep
|turn|107
|
|t:|1662741949
|switch|p1a: Salamence|Salamence, F|100/100
|-ability|p1a: Salamence|Intimidate|boost
|-unboost|p2a: Zarude|atk|1
|move|p2a: Zarude|Darkest Lariat|p1a: Salamence
|-damage|p1a: Salamence|60/100
|
|upkeep
|turn|108
|
|t:|1662741959
|switch|p2a: Corsola|Corsola-Galar, M|73/100
|-damage|p2a: Corsola|61/100|[from] Stealth Rock
|move|p1a: Salamence|Roost|p1a: Salamence
|-heal|p1a: Salamence|100/100
|-singleturn|p1a: Salamence|move: Roost
|
|upkeep
|turn|109
|
|t:|1662741963
|switch|p1a: Umbreon|Umbreon, M|100/100
|-damage|p1a: Umbreon|88/100|[from] Stealth Rock
|move|p2a: Corsola|Will-O-Wisp|p1a: Umbreon
|-status|p1a: Umbreon|brn
|
|-heal|p1a: Umbreon|94/100 brn|[from] item: Leftovers
|-damage|p1a: Umbreon|88/100 brn|[from] brn
|upkeep
|turn|110
|
|t:|1662741972
|switch|p2a: Chansey|Chansey, F|100/100
|-damage|p2a: Chansey|88/100|[from] Stealth Rock
|move|p1a: Umbreon|Toxic|p2a: Chansey
|-status|p2a: Chansey|tox
|
|-heal|p1a: Umbreon|94/100 brn|[from] item: Leftovers
|-damage|p2a: Chansey|82/100 tox|[from] psn
|-damage|p1a: Umbreon|88/100 brn|[from] brn
|upkeep
|turn|111
|
|t:|1662741976
|move|p1a: Umbreon|Wish|p1a: Umbreon
|move|p2a: Chansey|Teleport|p2a: Chansey
|
|t:|1662741990
|-curestatus|p2a: Chansey|tox|[from] ability: Natural Cure
|switch|p2a: Salamence|Salamence, F|100/100|[from]move: Teleport
|-ability|p2a: Salamence|Intimidate|boost
|-fail|p1a: Umbreon|unboost|Attack|[from] ability: Inner Focus|[of] p1a: Umbreon
|
|-heal|p1a: Umbreon|94/100 brn|[from] item: Leftovers
|-damage|p1a: Umbreon|88/100 brn|[from] brn
|upkeep
|turn|112
|inactive|hahahohi has 120 seconds left.
|
|t:|1662742000
|switch|p2a: Chansey|Chansey, F|82/100
|-damage|p2a: Chansey|70/100|[from] Stealth Rock
|move|p1a: Umbreon|Toxic|p2a: Chansey|[miss]
|-miss|p1a: Umbreon|p2a: Chansey
|
|-heal|p1a: Umbreon|100/100 brn|[from] move: Wish|[wisher] Umbreon
|-damage|p1a: Umbreon|94/100 brn|[from] brn
|upkeep
|turn|113
|
|t:|1662742007
|move|p1a: Umbreon|Wish|p1a: Umbreon
|move|p2a: Chansey|Seismic Toss|p1a: Umbreon
|-damage|p1a: Umbreon|69/100 brn
|
|-heal|p1a: Umbreon|75/100 brn|[from] item: Leftovers
|-damage|p1a: Umbreon|69/100 brn|[from] brn
|upkeep
|turn|114
|inactive|hahahohi has 120 seconds left.
|
|t:|1662742014
|move|p1a: Umbreon|Toxic|p2a: Chansey
|-status|p2a: Chansey|tox
|move|p2a: Chansey|Teleport|p2a: Chansey
|
|t:|1662742020
|-curestatus|p2a: Chansey|tox|[from] ability: Natural Cure
|switch|p2a: Zarude|Zarude|88/100|[from]move: Teleport
|-damage|p2a: Zarude|76/100|[from] Stealth Rock
|
|-heal|p1a: Umbreon|100/100 brn|[from] move: Wish|[wisher] Umbreon
|-damage|p1a: Umbreon|94/100 brn|[from] brn
|upkeep
|turn|115
|
|t:|1662742028
|move|p1a: Umbreon|Protect|p1a: Umbreon
|-singleturn|p1a: Umbreon|Protect
|move|p2a: Zarude|U-turn|p1a: Umbreon
|-activate|p1a: Umbreon|move: Protect
|
|-heal|p1a: Umbreon|100/100 brn|[from] item: Leftovers
|-damage|p1a: Umbreon|94/100 brn|[from] brn
|upkeep
|turn|116
|
|t:|1662742036
|switch|p1a: Salamence|Salamence, F|100/100
|-ability|p1a: Salamence|Intimidate|boost
|-unboost|p2a: Zarude|atk|1
|move|p2a: Zarude|U-turn|p1a: Salamence
|-resisted|p1a: Salamence
|-damage|p1a: Salamence|89/100
|
|t:|1662742047
|switch|p2a: Hydreigon|Hydreigon, M|100/100|[from]move: U-turn
|-damage|p2a: Hydreigon|88/100|[from] Stealth Rock
|
|upkeep
|turn|117
|
|t:|1662742054
|switch|p1a: Chansey|Chansey, F|100/100
|-damage|p1a: Chansey|88/100|[from] Stealth Rock
|move|p2a: Hydreigon|Draco Meteor|p1a: Chansey
|-damage|p1a: Chansey|59/100
|-unboost|p2a: Hydreigon|spa|2
|
|upkeep
|turn|118
|
|t:|1662742068
|switch|p2a: Chansey|Chansey, F|70/100
|-damage|p2a: Chansey|57/100|[from] Stealth Rock
|move|p1a: Chansey|Toxic|p2a: Chansey
|-status|p2a: Chansey|tox
|
|-damage|p2a: Chansey|51/100 tox|[from] psn
|upkeep
|turn|119
|inactive|hahahohi has 120 seconds left.
|
|t:|1662742079
|switch|p1a: Salamence|Salamence, F|89/100
|-ability|p1a: Salamence|Intimidate|boost
|-unboost|p2a: Chansey|atk|1
|move|p2a: Chansey|Soft-Boiled|p2a: Chansey
|-heal|p2a: Chansey|100/100 tox
|
|-damage|p2a: Chansey|88/100 tox|[from] psn
|upkeep
|turn|120
|inactive|hahahohi has 120 seconds left.
|
|t:|1662742091
|move|p1a: Salamence|Defog|p2a: Chansey
|-unboost|p2a: Chansey|evasion|1
|-sideend|p2: GryphonEX|Stealth Rock|[from] move: Defog|[of] p1a: Salamence
|-sideend|p1: hahahohi|Stealth Rock|[from] move: Defog|[of] p1a: Salamence
|move|p2a: Chansey|Teleport|p2a: Chansey
|
|t:|1662742096
|-curestatus|p2a: Chansey|tox|[from] ability: Natural Cure
|switch|p2a: Hydreigon|Hydreigon, M|88/100|[from]move: Teleport
|
|upkeep
|turn|121
|inactive|hahahohi has 120 seconds left.
|
|t:|1662742105
|switch|p1a: Chansey|Chansey, F|59/100
|move|p2a: Hydreigon|Draco Meteor|p1a: Chansey
|-damage|p1a: Chansey|28/100
|-unboost|p2a: Hydreigon|spa|2
|
|upkeep
|turn|122
|inactive|hahahohi has 120 seconds left.
|l|☆GryphonEX
|inactive|GryphonEX disconnected and has a minute to reconnect!
|player|p2|
|j|☆GryphonEX
|inactive|GryphonEX reconnected and has 115 seconds left.
|player|p2|GryphonEX|gardenia
|
|t:|1662742149
|switch|p2a: Chansey|Chansey, F|88/100
|move|p1a: Chansey|Soft-Boiled|p1a: Chansey
|-heal|p1a: Chansey|78/100
|
|upkeep
|turn|123
|inactive|hahahohi has 120 seconds left.
|
|t:|1662742170
|switch|p1a: Nihilego|Nihilego|94/100
|move|p2a: Chansey|Thunder Wave|p1a: Nihilego
|-status|p1a: Nihilego|par
|
|-heal|p1a: Nihilego|100/100 par|[from] item: Black Sludge
|upkeep
|turn|124
|
|t:|1662742180
|move|p1a: Nihilego|Stealth Rock|p2a: Chansey
|-sidestart|p2: GryphonEX|move: Stealth Rock
|move|p2a: Chansey|Seismic Toss|p1a: Nihilego
|-damage|p1a: Nihilego|73/100 par
|
|-heal|p1a: Nihilego|79/100 par|[from] item: Black Sludge
|upkeep
|turn|125
|
|t:|1662742193
|switch|p1a: Umbreon|Umbreon, M|94/100 brn
|switch|p2a: Suicune|Suicune|100/100 slp
|-damage|p2a: Suicune|88/100 slp|[from] Stealth Rock
|-ability|p2a: Suicune|Pressure
|
|-heal|p1a: Umbreon|100/100 brn|[from] item: Leftovers
|-damage|p1a: Umbreon|94/100 brn|[from] brn
|upkeep
|turn|126
|inactive|hahahohi has 90 seconds left.
|
|t:|1662742210
|switch|p2a: Chansey|Chansey, F|88/100
|-damage|p2a: Chansey|76/100|[from] Stealth Rock
|move|p1a: Umbreon|Wish|p1a: Umbreon
|
|-heal|p1a: Umbreon|100/100 brn|[from] item: Leftovers
|-damage|p1a: Umbreon|94/100 brn|[from] brn
|upkeep
|turn|127
|
|t:|1662742214
|switch|p1a: Chansey|Chansey, F|78/100
|move|p2a: Chansey|Teleport|p2a: Chansey
|
|t:|1662742223
|switch|p2a: Zarude|Zarude|76/100|[from]move: Teleport
|-damage|p2a: Zarude|64/100|[from] Stealth Rock
|
|-heal|p1a: Chansey|100/100|[from] move: Wish|[wisher] Umbreon
|upkeep
|turn|128
|
|t:|1662742235
|switch|p1a: Salamence|Salamence, F|89/100
|-ability|p1a: Salamence|Intimidate|boost
|-unboost|p2a: Zarude|atk|1
|move|p2a: Zarude|Close Combat|p1a: Salamence
|-resisted|p1a: Salamence
|-damage|p1a: Salamence|67/100
|-unboost|p2a: Zarude|def|1
|-unboost|p2a: Zarude|spd|1
|
|upkeep
|turn|129
|
|t:|1662742244
|switch|p2a: Salamence|Salamence, F|100/100
|-ability|p2a: Salamence|Intimidate|boost
|-unboost|p1a: Salamence|atk|1
|move|p1a: Salamence|Roost|p1a: Salamence
|-heal|p1a: Salamence|100/100
|-singleturn|p1a: Salamence|move: Roost
|
|upkeep
|turn|130
|
|t:|1662742251
|switch|p1a: Umbreon|Umbreon, M|94/100 brn
|move|p2a: Salamence|Defog|p1a: Umbreon
|-unboost|p1a: Umbreon|evasion|1
|-sideend|p2: GryphonEX|Stealth Rock|[from] move: Defog|[of] p2a: Salamence
|
|-heal|p1a: Umbreon|100/100 brn|[from] item: Leftovers
|-damage|p1a: Umbreon|94/100 brn|[from] brn
|upkeep
|turn|131
GryphonEX is offering a tie.
|inactive|hahahohi has 90 seconds left.
|inactive|GryphonEX has 120 seconds left.
|
|t:|1662742264
|switch|p2a: Chansey|Chansey, F|76/100
|move|p1a: Umbreon|Toxic|p2a: Chansey
|-status|p2a: Chansey|tox
|
|-heal|p1a: Umbreon|100/100 brn|[from] item: Leftovers
|-damage|p2a: Chansey|70/100 tox|[from] psn
|-damage|p1a: Umbreon|94/100 brn|[from] brn
|upkeep
|turn|132
|inactive|hahahohi has 90 seconds left.
|
|t:|1662742270
|switch|p1a: Nihilego|Nihilego|79/100 par
|move|p2a: Chansey|Teleport|p2a: Chansey
|
|t:|1662742275
|-curestatus|p2a: Chansey|tox|[from] ability: Natural Cure
|switch|p2a: Hydreigon|Hydreigon, M|88/100|[from]move: Teleport
|
|-heal|p1a: Nihilego|85/100 par|[from] item: Black Sludge
|upkeep
|turn|133
|inactive|hahahohi has 90 seconds left.
|
|t:|1662742286
|move|p2a: Hydreigon|Draco Meteor|p1a: Nihilego
|-damage|p1a: Nihilego|9/100 par
|-unboost|p2a: Hydreigon|spa|2
|move|p1a: Nihilego|Stealth Rock|p2a: Hydreigon
|-sidestart|p2: GryphonEX|move: Stealth Rock
|
|-heal|p1a: Nihilego|15/100 par|[from] item: Black Sludge
|upkeep
|turn|134
|
|t:|1662742297
|switch|p2a: Chansey|Chansey, F|70/100
|-damage|p2a: Chansey|57/100|[from] Stealth Rock
|switch|p1a: Chansey|Chansey, F|100/100
|
|upkeep
|turn|135
|
|t:|1662742302
|move|p1a: Chansey|Aromatherapy|p1a: Chansey
|-activate|p1a: Chansey|move: Aromatherapy
|-curestatus|p1: Nihilego|par|[msg]
|-curestatus|p1: Umbreon|brn|[msg]
|move|p2a: Chansey|Soft-Boiled|p2a: Chansey
|-heal|p2a: Chansey|100/100
|
|upkeep
|turn|136
|inactive|hahahohi has 90 seconds left.
|
|t:|1662742318
|move|p1a: Chansey|Seismic Toss|p2a: Chansey
|-damage|p2a: Chansey|86/100
|move|p2a: Chansey|Thunder Wave|p1a: Chansey
|-status|p1a: Chansey|par
|
|upkeep
|turn|137
|inactive|hahahohi has 90 seconds left.
|
|t:|1662742343
|-curestatus|p1a: Chansey|par|[from] ability: Natural Cure
|switch|p1a: Umbreon|Umbreon, M|94/100
|move|p2a: Chansey|Seismic Toss|p1a: Umbreon
|-damage|p1a: Umbreon|69/100
|
|-heal|p1a: Umbreon|75/100|[from] item: Leftovers
|upkeep
|turn|138
|inactive|hahahohi has 90 seconds left.
|
|t:|1662742358
|move|p1a: Umbreon|Wish|p1a: Umbreon
|move|p2a: Chansey|Teleport|p2a: Chansey
|
|t:|1662742360
|switch|p2a: Zarude|Zarude|64/100|[from]move: Teleport
|-damage|p2a: Zarude|51/100|[from] Stealth Rock
|
|-heal|p1a: Umbreon|81/100|[from] item: Leftovers
|upkeep
|turn|139
|
|t:|1662742368
|switch|p1a: Salamence|Salamence, F|100/100
|-ability|p1a: Salamence|Intimidate|boost
|-unboost|p2a: Zarude|atk|1
|move|p2a: Zarude|U-turn|p1a: Salamence
|-resisted|p1a: Salamence
|-damage|p1a: Salamence|88/100
|
|t:|1662742375
|switch|p2a: Hydreigon|Hydreigon, M|88/100|[from]move: U-turn
|-damage|p2a: Hydreigon|76/100|[from] Stealth Rock
|
|-heal|p1a: Salamence|100/100|[from] move: Wish|[wisher] Umbreon
|upkeep
|turn|140
|inactive|hahahohi has 90 seconds left.
|
|t:|1662742382
|switch|p1a: Chansey|Chansey, F|100/100
|move|p2a: Hydreigon|Draco Meteor|p1a: Chansey
|-damage|p1a: Chansey|71/100
|-unboost|p2a: Hydreigon|spa|2
|
|upkeep
|turn|141
|inactive|hahahohi has 90 seconds left.
|
|t:|1662742395
|switch|p2a: Chansey|Chansey, F|86/100
|-damage|p2a: Chansey|74/100|[from] Stealth Rock
|move|p1a: Chansey|Toxic|p2a: Chansey
|-status|p2a: Chansey|tox
|
|-damage|p2a: Chansey|68/100 tox|[from] psn
|upkeep
|turn|142
|
|t:|1662742417
|switch|p1a: Umbreon|Umbreon, M|81/100
|move|p2a: Chansey|Teleport|p2a: Chansey
|
|t:|1662742420
|-curestatus|p2a: Chansey|tox|[from] ability: Natural Cure
|switch|p2a: Zarude|Zarude|51/100|[from]move: Teleport
|-damage|p2a: Zarude|39/100|[from] Stealth Rock
|
|-heal|p1a: Umbreon|87/100|[from] item: Leftovers
|upkeep
|turn|143
|
|t:|1662742428
|move|p1a: Umbreon|Protect|p1a: Umbreon
|-singleturn|p1a: Umbreon|Protect
|move|p2a: Zarude|U-turn|p1a: Umbreon
|-activate|p1a: Umbreon|move: Protect
|
|-heal|p1a: Umbreon|93/100|[from] item: Leftovers
|upkeep
|turn|144
|
|t:|1662742440
|switch|p1a: Salamence|Salamence, F|100/100
|-ability|p1a: Salamence|Intimidate|boost
|-unboost|p2a: Zarude|atk|1
|move|p2a: Zarude|U-turn|p1a: Salamence
|-resisted|p1a: Salamence
|-damage|p1a: Salamence|89/100
|
|t:|1662742443
|switch|p2a: Hydreigon|Hydreigon, M|76/100|[from]move: U-turn
|-damage|p2a: Hydreigon|64/100|[from] Stealth Rock
|
|upkeep
|turn|145
|
|t:|1662742451
|switch|p1a: Chansey|Chansey, F|71/100
|move|p2a: Hydreigon|Draco Meteor|p1a: Chansey
|-damage|p1a: Chansey|42/100
|-unboost|p2a: Hydreigon|spa|2
|
|upkeep
|turn|146
|
|t:|1662742459
|switch|p2a: Zarude|Zarude|39/100
|-damage|p2a: Zarude|27/100|[from] Stealth Rock
|switch|p1a: Umbreon|Umbreon, M|93/100
|
|-heal|p1a: Umbreon|99/100|[from] item: Leftovers
|upkeep
|turn|147
|
|t:|1662742466
|move|p1a: Umbreon|Protect|p1a: Umbreon
|-singleturn|p1a: Umbreon|Protect
|move|p2a: Zarude|Close Combat|p1a: Umbreon
|-activate|p1a: Umbreon|move: Protect
|
|-heal|p1a: Umbreon|100/100|[from] item: Leftovers
|upkeep
|turn|148
|
|t:|1662742471
|switch|p2a: Hydreigon|Hydreigon, M|64/100
|-damage|p2a: Hydreigon|51/100|[from] Stealth Rock
|switch|p1a: Salamence|Salamence, F|89/100
|-ability|p1a: Salamence|Intimidate|boost
|-unboost|p2a: Hydreigon|atk|1
|
|upkeep
|turn|149
|inactive|hahahohi has 90 seconds left.
|
|t:|1662742489
|switch|p1a: Umbreon|Umbreon, M|100/100
|move|p2a: Hydreigon|Dark Pulse|p1a: Umbreon
|-resisted|p1a: Umbreon
|-damage|p1a: Umbreon|81/100
|
|-heal|p1a: Umbreon|87/100|[from] item: Leftovers
|upkeep
|turn|150
|
|t:|1662742501
|switch|p2a: Chansey|Chansey, F|68/100
|-damage|p2a: Chansey|55/100|[from] Stealth Rock
|move|p1a: Umbreon|Wish|p1a: Umbreon
|
|-heal|p1a: Umbreon|93/100|[from] item: Leftovers
|upkeep
|turn|151
|
|t:|1662742509
|switch|p1a: Chansey|Chansey, F|42/100
|move|p2a: Chansey|Seismic Toss|p1a: Chansey
|-damage|p1a: Chansey|27/100
|
|-heal|p1a: Chansey|55/100|[from] move: Wish|[wisher] Umbreon
|upkeep
|turn|152
|
|t:|1662742517
|switch|p1a: Umbreon|Umbreon, M|93/100
|move|p2a: Chansey|Soft-Boiled|p2a: Chansey
|-heal|p2a: Chansey|100/100
|
|-heal|p1a: Umbreon|99/100|[from] item: Leftovers
|upkeep
|turn|153
|
|t:|1662742523
|move|p1a: Umbreon|Wish|p1a: Umbreon
|move|p2a: Chansey|Teleport|p2a: Chansey
|
|t:|1662742532
|switch|p2a: Zarude|Zarude|27/100|[from]move: Teleport
|-damage|p2a: Zarude|15/100|[from] Stealth Rock
|
|-heal|p1a: Umbreon|100/100|[from] item: Leftovers
|upkeep
|turn|154
|inactive|hahahohi has 90 seconds left.
|
|t:|1662742549
|move|p2a: Zarude|U-turn|p1a: Umbreon
|-supereffective|p1a: Umbreon
|-damage|p1a: Umbreon|60/100
|
|t:|1662742554
|switch|p2a: Chansey|Chansey, F|100/100|[from]move: U-turn
|-damage|p2a: Chansey|88/100|[from] Stealth Rock
|move|p1a: Umbreon|Toxic|p2a: Chansey|[miss]
|-miss|p1a: Umbreon|p2a: Chansey
|
|-heal|p1a: Umbreon|100/100|[from] move: Wish|[wisher] Umbreon
|upkeep
|turn|155
|
|t:|1662742575
|move|p1a: Umbreon|Wish|p1a: Umbreon
|move|p2a: Chansey|Thunder Wave|p1a: Umbreon
|-status|p1a: Umbreon|par
|
|upkeep
|turn|156
|
|t:|1662742581
|switch|p1a: Chansey|Chansey, F|55/100
|move|p2a: Chansey|Teleport|p2a: Chansey
|
|t:|1662742583
|switch|p2a: Salamence|Salamence, F|100/100|[from]move: Teleport
|-ability|p2a: Salamence|Intimidate|boost
|-unboost|p1a: Chansey|atk|1
|
|-heal|p1a: Chansey|83/100|[from] move: Wish|[wisher] Umbreon
|upkeep
|turn|157
|
|t:|1662742590
|move|p2a: Salamence|Defog|p1a: Chansey
|-unboost|p1a: Chansey|evasion|1
|-sideend|p2: GryphonEX|Stealth Rock|[from] move: Defog|[of] p2a: Salamence
|move|p1a: Chansey|Toxic|p2a: Salamence
|-status|p2a: Salamence|tox
|
|-damage|p2a: Salamence|94/100 tox|[from] psn
|upkeep
|turn|158
|
|t:|1662742599
|switch|p1a: Umbreon|Umbreon, M|100/100 par
|move|p2a: Salamence|Flamethrower|p1a: Umbreon
|-damage|p1a: Umbreon|84/100 par
|
|-heal|p1a: Umbreon|90/100 par|[from] item: Leftovers
|-damage|p2a: Salamence|82/100 tox|[from] psn
|upkeep
|turn|159
|
|t:|1662742610
|switch|p2a: Chansey|Chansey, F|88/100
|move|p1a: Umbreon|Wish|p1a: Umbreon
|
|-heal|p1a: Umbreon|96/100 par|[from] item: Leftovers
|upkeep
|turn|160
|
|t:|1662742614
|switch|p1a: Chansey|Chansey, F|83/100
|move|p2a: Chansey|Seismic Toss|p1a: Chansey
|-damage|p1a: Chansey|69/100
|
|-heal|p1a: Chansey|97/100|[from] move: Wish|[wisher] Umbreon
|upkeep
|turn|161
|
|t:|1662742622
|move|p1a: Chansey|Aromatherapy|p1a: Chansey
|-activate|p1a: Chansey|move: Aromatherapy
|-curestatus|p1: Umbreon|par|[msg]
|move|p2a: Chansey|Seismic Toss|p1a: Chansey
|-damage|p1a: Chansey|83/100
|
|upkeep
|turn|162
|
|t:|1662742631
|switch|p1a: Salamence|Salamence, F|89/100
|-ability|p1a: Salamence|Intimidate|boost
|-unboost|p2a: Chansey|atk|1
|move|p2a: Chansey|Seismic Toss|p1a: Salamence
|-damage|p1a: Salamence|64/100
|
|upkeep
|turn|163
|
|t:|1662742646
|move|p1a: Salamence|Roost|p1a: Salamence
|-heal|p1a: Salamence|100/100
|-singleturn|p1a: Salamence|move: Roost
|move|p2a: Chansey|Thunder Wave|p1a: Salamence|[miss]
|-miss|p2a: Chansey|p1a: Salamence
|
|upkeep
|turn|164
|
|t:|1662742653
|switch|p1a: Umbreon|Umbreon, M|96/100
|move|p2a: Chansey|Thunder Wave|p1a: Umbreon
|-status|p1a: Umbreon|par
|
|-heal|p1a: Umbreon|100/100 par|[from] item: Leftovers
|upkeep
|turn|165
|
|t:|1662742658
|cant|p1a: Umbreon|par
|move|p2a: Chansey|Teleport|p2a: Chansey
|
|t:|1662742660
|switch|p2a: Zarude|Zarude|15/100|[from]move: Teleport
|
|upkeep
|turn|166
|
|t:|1662742663
|switch|p1a: Salamence|Salamence, F|100/100
|-ability|p1a: Salamence|Intimidate|boost
|-unboost|p2a: Zarude|atk|1
|move|p2a: Zarude|U-turn|p1a: Salamence
|-resisted|p1a: Salamence
|-damage|p1a: Salamence|89/100
|
|t:|1662742667
|switch|p2a: Hydreigon|Hydreigon, M|51/100|[from]move: U-turn
|
|upkeep
|turn|167
|inactive|hahahohi has 90 seconds left.
|
|t:|1662742673
|switch|p1a: Chansey|Chansey, F|83/100
|move|p2a: Hydreigon|Roost|p2a: Hydreigon
|-heal|p2a: Hydreigon|100/100
|-singleturn|p2a: Hydreigon|move: Roost
|
|upkeep
|turn|168
|inactive|hahahohi has 90 seconds left.
|
|t:|1662742682
|switch|p2a: Chansey|Chansey, F|88/100
|move|p1a: Chansey|Seismic Toss|p2a: Chansey
|-damage|p2a: Chansey|74/100
|
|upkeep
|turn|169
|
|t:|1662742687
|switch|p1a: Umbreon|Umbreon, M|100/100 par
|move|p2a: Chansey|Thunder Wave|p1a: Umbreon
|-fail|p1a: Umbreon|par
|
|upkeep
|turn|170
|
|t:|1662742690
|cant|p1a: Umbreon|par
|move|p2a: Chansey|Teleport|p2a: Chansey
|
|t:|1662742691
|switch|p2a: Zarude|Zarude|15/100|[from]move: Teleport
|
|upkeep
|turn|171
|
|t:|1662742694
|switch|p1a: Salamence|Salamence, F|89/100
|-ability|p1a: Salamence|Intimidate|boost
|-unboost|p2a: Zarude|atk|1
|move|p2a: Zarude|U-turn|p1a: Salamence
|-resisted|p1a: Salamence
|-damage|p1a: Salamence|78/100
|
|t:|1662742699
|switch|p2a: Corsola|Corsola-Galar, M|61/100|[from]move: U-turn
|
|upkeep
|turn|172
|
|t:|1662742705
|move|p1a: Salamence|Hurricane|p2a: Corsola
|-damage|p2a: Corsola|27/100
|-start|p1a: Salamence|Disable|Hurricane|[from] ability: Cursed Body|[of] p2a: Corsola
|move|p2a: Corsola|Stealth Rock|p1a: Salamence
|-sidestart|p1: hahahohi|move: Stealth Rock
|
|upkeep
|turn|173
|inactive|hahahohi has 120 seconds left.
|
|t:|1662742715
|switch|p2a: Chansey|Chansey, F|74/100
|move|p1a: Salamence|Defog|p2a: Chansey
|-unboost|p2a: Chansey|evasion|1
|-sideend|p1: hahahohi|Stealth Rock|[from] move: Defog|[of] p1a: Salamence
|
|upkeep
|turn|174
|inactive|hahahohi has 120 seconds left.
|
|t:|1662742722
|switch|p1a: Umbreon|Umbreon, M|100/100 par
|move|p2a: Chansey|Seismic Toss|p1a: Umbreon
|-damage|p1a: Umbreon|75/100 par
|
|-heal|p1a: Umbreon|81/100 par|[from] item: Leftovers
|upkeep
|turn|175
|inactive|hahahohi has 120 seconds left.
|
|t:|1662742730
|move|p1a: Umbreon|Wish|p1a: Umbreon
|move|p2a: Chansey|Teleport|p2a: Chansey
GryphonEX is offering a tie.
|
|t:|1662742744
|switch|p2a: Zarude|Zarude|15/100|[from]move: Teleport
|
|-heal|p1a: Umbreon|87/100 par|[from] item: Leftovers
|upkeep
|turn|176
|
|t:|1662742749
|switch|p1a: Salamence|Salamence, F|78/100
|-ability|p1a: Salamence|Intimidate|boost
|-unboost|p2a: Zarude|atk|1
|move|p2a: Zarude|U-turn|p1a: Salamence
|-resisted|p1a: Salamence
|-damage|p1a: Salamence|67/100
|
|t:|1662742755
|switch|p2a: Corsola|Corsola-Galar, M|27/100|[from]move: U-turn
|
|-heal|p1a: Salamence|100/100|[from] move: Wish|[wisher] Umbreon
|upkeep
|turn|177
|
|t:|1662742761
|move|p1a: Salamence|Hurricane|p2a: Corsola|[miss]
|-miss|p1a: Salamence|p2a: Corsola
|move|p2a: Corsola|Strength Sap|p1a: Salamence
|-unboost|p1a: Salamence|atk|1
|-heal|p2a: Corsola|100/100
|
|upkeep
|turn|178
|
|t:|1662742768
|switch|p1a: Nihilego|Nihilego|15/100
|move|p2a: Corsola|Will-O-Wisp|p1a: Nihilego
|-status|p1a: Nihilego|brn
|
|-heal|p1a: Nihilego|21/100 brn|[from] item: Black Sludge
|-damage|p1a: Nihilego|15/100 brn|[from] brn
|upkeep
|turn|179
|
|t:|1662742779
|switch|p1a: Chansey|Chansey, F|83/100
|move|p2a: Corsola|Night Shade|p1a: Chansey
|-immune|p1a: Chansey
|
|upkeep
|turn|180
|inactive|hahahohi has 120 seconds left.
|
|t:|1662742787
|switch|p2a: Chansey|Chansey, F|74/100
|move|p1a: Chansey|Aromatherapy|p1a: Chansey
|-activate|p1a: Chansey|move: Aromatherapy
|-curestatus|p1: Nihilego|brn|[msg]
|-curestatus|p1: Umbreon|par|[msg]
|
|upkeep
|turn|181
|
|t:|1662742790
|move|p1a: Chansey|Toxic|p2a: Chansey|[miss]
|-miss|p1a: Chansey|p2a: Chansey
|move|p2a: Chansey|Thunder Wave|p1a: Chansey
|-status|p1a: Chansey|par
|
|upkeep
|turn|182
|
|t:|1662742794
|-curestatus|p1a: Chansey|par|[from] ability: Natural Cure
|switch|p1a: Umbreon|Umbreon, M|87/100
|move|p2a: Chansey|Teleport|p2a: Chansey
|
|t:|1662742796
|switch|p2a: Zarude|Zarude|15/100|[from]move: Teleport
|
|-heal|p1a: Umbreon|93/100|[from] item: Leftovers
|upkeep
|turn|183
|
|t:|1662742802
|move|p1a: Umbreon|Protect|p1a: Umbreon
|-singleturn|p1a: Umbreon|Protect
|move|p2a: Zarude|U-turn|p1a: Umbreon
|-activate|p1a: Umbreon|move: Protect
|
|-heal|p1a: Umbreon|99/100|[from] item: Leftovers
|upkeep
|turn|184
|
|t:|1662742811
|move|p2a: Zarude|U-turn|p1a: Umbreon
|-supereffective|p1a: Umbreon
|-damage|p1a: Umbreon|61/100
|
|t:|1662742819
|switch|p2a: Chansey|Chansey, F|74/100|[from]move: U-turn
|move|p1a: Umbreon|Wish|p1a: Umbreon
|
|-heal|p1a: Umbreon|68/100|[from] item: Leftovers
|upkeep
|turn|185
|
|t:|1662742829
|switch|p1a: Nihilego|Nihilego|15/100
|move|p2a: Chansey|Thunder Wave|p1a: Nihilego
|-status|p1a: Nihilego|par
|
|-heal|p1a: Nihilego|70/100 par|[from] move: Wish|[wisher] Umbreon
|-heal|p1a: Nihilego|76/100 par|[from] item: Black Sludge
|upkeep
|turn|186
|inactive|hahahohi has 120 seconds left.
|
|t:|1662742838
|move|p1a: Nihilego|Stealth Rock|p2a: Chansey
|-sidestart|p2: GryphonEX|move: Stealth Rock
|move|p2a: Chansey|Seismic Toss|p1a: Nihilego
|-damage|p1a: Nihilego|48/100 par
|
|-heal|p1a: Nihilego|54/100 par|[from] item: Black Sludge
|upkeep
|turn|187
|inactive|hahahohi has 120 seconds left.
|
|t:|1662742843
|switch|p1a: Umbreon|Umbreon, M|68/100
|move|p2a: Chansey|Seismic Toss|p1a: Umbreon
|-damage|p1a: Umbreon|42/100
|
|-heal|p1a: Umbreon|48/100|[from] item: Leftovers
|upkeep
|turn|188
|
|t:|1662742850
|move|p1a: Umbreon|Wish|p1a: Umbreon
|move|p2a: Chansey|Teleport|p2a: Chansey
|
|t:|1662742852
|switch|p2a: Salamence|Salamence, F|82/100 tox|[from]move: Teleport
|-ability|p2a: Salamence|Intimidate|boost
|-fail|p1a: Umbreon|unboost|Attack|[from] ability: Inner Focus|[of] p1a: Umbreon
|
|-heal|p1a: Umbreon|54/100|[from] item: Leftovers
|-damage|p2a: Salamence|76/100 tox|[from] psn
|upkeep
|turn|189
|
|t:|1662742859
|move|p2a: Salamence|Defog|p1a: Umbreon
|-unboost|p1a: Umbreon|evasion|1
|-sideend|p2: GryphonEX|Stealth Rock|[from] move: Defog|[of] p2a: Salamence
|move|p1a: Umbreon|Foul Play|p2a: Salamence
|-damage|p2a: Salamence|51/100 tox
|
|-heal|p1a: Umbreon|100/100|[from] move: Wish|[wisher] Umbreon
|-damage|p2a: Salamence|39/100 tox|[from] psn
|upkeep
|turn|190
|
|t:|1662742872
|switch|p2a: Hydreigon|Hydreigon, M|100/100
|move|p1a: Umbreon|Foul Play|p2a: Hydreigon
|-resisted|p2a: Hydreigon
|-damage|p2a: Hydreigon|86/100
|
|upkeep
|turn|191
|
|t:|1662742880
|switch|p2a: Chansey|Chansey, F|74/100
|move|p1a: Umbreon|Toxic|p2a: Chansey
|-status|p2a: Chansey|tox
|
|-damage|p2a: Chansey|68/100 tox|[from] psn
|upkeep
|turn|192
|
|t:|1662742884
|switch|p1a: Nihilego|Nihilego|54/100 par
|move|p2a: Chansey|Teleport|p2a: Chansey
|
|t:|1662742889
|-curestatus|p2a: Chansey|tox|[from] ability: Natural Cure
|switch|p2a: Zarude|Zarude|15/100|[from]move: Teleport
|
|-heal|p1a: Nihilego|60/100 par|[from] item: Black Sludge
|upkeep
|turn|193
|
|t:|1662742896
|switch|p1a: Salamence|Salamence, F|100/100
|-ability|p1a: Salamence|Intimidate|boost
|-unboost|p2a: Zarude|atk|1
|move|p2a: Zarude|Close Combat|p1a: Salamence
|-resisted|p1a: Salamence
|-damage|p1a: Salamence|79/100
|-unboost|p2a: Zarude|def|1
|-unboost|p2a: Zarude|spd|1
|
|upkeep
|turn|194
|inactive|hahahohi has 90 seconds left.
|
|t:|1662742921
|switch|p2a: Chansey|Chansey, F|68/100
|move|p1a: Salamence|Flamethrower|p2a: Chansey
|-damage|p2a: Chansey|60/100
|-status|p2a: Chansey|brn
|
|-damage|p2a: Chansey|54/100 brn|[from] brn
|upkeep
|turn|195
|inactive|hahahohi has 90 seconds left.
|
|t:|1662742934
|switch|p1a: Nihilego|Nihilego|60/100 par
|move|p2a: Chansey|Teleport|p2a: Chansey
|
|t:|1662742938
|-curestatus|p2a: Chansey|brn|[from] ability: Natural Cure
|switch|p2a: Zarude|Zarude|15/100|[from]move: Teleport
|
|-heal|p1a: Nihilego|66/100 par|[from] item: Black Sludge
|upkeep
|turn|196
|
|t:|1662742949
|switch|p1a: Umbreon|Umbreon, M|100/100
|move|p2a: Zarude|Power Whip|p1a: Umbreon
|-damage|p1a: Umbreon|48/100
|
|-heal|p1a: Umbreon|55/100|[from] item: Leftovers
|upkeep
|turn|197
|
|t:|1662742956
|switch|p2a: Chansey|Chansey, F|54/100
|switch|p1a: Salamence|Salamence, F|79/100
|-ability|p1a: Salamence|Intimidate|boost
|-unboost|p2a: Chansey|atk|1
|
|upkeep
|turn|198
|
|t:|1662742959
|switch|p1a: Nihilego|Nihilego|66/100 par
|move|p2a: Chansey|Soft-Boiled|p2a: Chansey
|-heal|p2a: Chansey|100/100
|
|-heal|p1a: Nihilego|72/100 par|[from] item: Black Sludge
|upkeep
|turn|199
|
|t:|1662742973
|move|p1a: Nihilego|Stealth Rock|p2a: Chansey
|-sidestart|p2: GryphonEX|move: Stealth Rock
|move|p2a: Chansey|Seismic Toss|p1a: Nihilego
|-damage|p1a: Nihilego|45/100 par
|
|-heal|p1a: Nihilego|51/100 par|[from] item: Black Sludge
|upkeep
|turn|200
|
|t:|1662742980
|move|p1a: Nihilego|Knock Off|p2a: Chansey
|-damage|p2a: Chansey|92/100
|-enditem|p2a: Chansey|Eviolite|[from] move: Knock Off|[of] p1a: Nihilego
|move|p2a: Chansey|Seismic Toss|p1a: Nihilego
|-damage|p1a: Nihilego|23/100 par
|
|-heal|p1a: Nihilego|29/100 par|[from] item: Black Sludge
|upkeep
|turn|201
|j| amogusroxyrrrr
|
|t:|1662742997
|switch|p1a: Umbreon|Umbreon, M|55/100
|move|p2a: Chansey|Seismic Toss|p1a: Umbreon
|-damage|p1a: Umbreon|29/100
|
|-heal|p1a: Umbreon|35/100|[from] item: Leftovers
|upkeep
|turn|202
|
|t:|1662743006
|move|p1a: Umbreon|Wish|p1a: Umbreon
|move|p2a: Chansey|Thunder Wave|p1a: Umbreon
|-status|p1a: Umbreon|par
|
|-heal|p1a: Umbreon|41/100 par|[from] item: Leftovers
|upkeep
|turn|203
|inactive|hahahohi has 60 seconds left.
|
|t:|1662743011
|move|p2a: Chansey|Seismic Toss|p1a: Umbreon
|-damage|p1a: Umbreon|16/100 par
|cant|p1a: Umbreon|par
|
|-heal|p1a: Umbreon|66/100 par|[from] move: Wish|[wisher] Umbreon
|-heal|p1a: Umbreon|72/100 par|[from] item: Leftovers
|upkeep
|turn|204
|inactive|hahahohi has 60 seconds left.
|
|t:|1662743023
|cant|p1a: Umbreon|par
|move|p2a: Chansey|Teleport|p2a: Chansey
|
|t:|1662743025
|switch|p2a: Salamence|Salamence, F|39/100 tox|[from]move: Teleport
|-ability|p2a: Salamence|Intimidate|boost
|-fail|p1a: Umbreon|unboost|Attack|[from] ability: Inner Focus|[of] p1a: Umbreon
|
|-heal|p1a: Umbreon|78/100 par|[from] item: Leftovers
|-damage|p2a: Salamence|32/100 tox|[from] psn
|upkeep
|turn|205
|inactive|hahahohi has 60 seconds left.
|
|t:|1662743033
|switch|p1a: Nihilego|Nihilego|29/100 par
|move|p2a: Salamence|Roost|p2a: Salamence
|-heal|p2a: Salamence|82/100 tox
|-singleturn|p2a: Salamence|move: Roost
|
|-heal|p1a: Nihilego|35/100 par|[from] item: Black Sludge
|-damage|p2a: Salamence|70/100 tox|[from] psn
|upkeep
|turn|206
|
|t:|1662743042
|switch|p2a: Chansey|Chansey, F|92/100
|-damage|p2a: Chansey|80/100|[from] Stealth Rock
|move|p1a: Nihilego|Power Gem|p2a: Chansey
|-damage|p2a: Chansey|60/100
|
|-heal|p1a: Nihilego|41/100 par|[from] item: Black Sludge
|upkeep
|turn|207
|
|t:|1662743050
|move|p1a: Nihilego|Sludge Bomb|p2a: Chansey
|-damage|p2a: Chansey|39/100
|-status|p2a: Chansey|psn
|move|p2a: Chansey|Teleport|p2a: Chansey
|
|t:|1662743056
|-curestatus|p2a: Chansey|psn|[from] ability: Natural Cure
|switch|p2a: Hydreigon|Hydreigon, M|86/100|[from]move: Teleport
|-damage|p2a: Hydreigon|73/100|[from] Stealth Rock
|
|-heal|p1a: Nihilego|47/100 par|[from] item: Black Sludge
|upkeep
|turn|208
|
|t:|1662743063
|switch|p1a: Chansey|Chansey, F|83/100
|move|p2a: Hydreigon|Draco Meteor|p1a: Chansey
|-damage|p1a: Chansey|51/100
|-unboost|p2a: Hydreigon|spa|2
|
|upkeep
|turn|209
|
|t:|1662743070
|switch|p2a: Salamence|Salamence, F|70/100 tox
|-ability|p2a: Salamence|Intimidate|boost
|-unboost|p1a: Chansey|atk|1
|move|p1a: Chansey|Seismic Toss|p2a: Salamence
|-damage|p2a: Salamence|45/100 tox
|
|-damage|p2a: Salamence|39/100 tox|[from] psn
|upkeep
|turn|210
|
|t:|1662743077
|switch|p1a: Nihilego|Nihilego|47/100 par
|move|p2a: Salamence|Roost|p2a: Salamence
|-heal|p2a: Salamence|89/100 tox
|-singleturn|p2a: Salamence|move: Roost
|
|-heal|p1a: Nihilego|54/100 par|[from] item: Black Sludge
|-damage|p2a: Salamence|77/100 tox|[from] psn
|upkeep
|turn|211
|inactive|GryphonEX has 120 seconds left.
|
|t:|1662743094
|switch|p2a: Suicune|Suicune|88/100 slp
|-damage|p2a: Suicune|76/100 slp|[from] Stealth Rock
|-ability|p2a: Suicune|Pressure
|cant|p1a: Nihilego|par
|
|-heal|p1a: Nihilego|60/100 par|[from] item: Black Sludge
|upkeep
|turn|212
|inactive|GryphonEX has 120 seconds left.
|
|t:|1662743112
|-curestatus|p2a: Suicune|slp|[msg]
|move|p2a: Suicune|Scald|p1a: Nihilego
|-supereffective|p1a: Nihilego
|-damage|p1a: Nihilego|18/100 par
|move|p1a: Nihilego|Sludge Bomb|p2a: Suicune
|-damage|p2a: Suicune|41/100
|
|-heal|p1a: Nihilego|24/100 par|[from] item: Black Sludge
|upkeep
|turn|213
|inactive|hahahohi has 30 seconds left.
|
|t:|1662743122
|switch|p2a: Salamence|Salamence, F|77/100 tox
|-ability|p2a: Salamence|Intimidate|boost
|-unboost|p1a: Nihilego|atk|1
|switch|p1a: Salamence|Salamence, F|79/100
|-ability|p1a: Salamence|Intimidate|boost
|-unboost|p2a: Salamence|atk|1
|
|-damage|p2a: Salamence|71/100 tox|[from] psn
|upkeep
|turn|214
|
|t:|1662743127
|move|p1a: Salamence|Hurricane|p2a: Salamence
|-damage|p2a: Salamence|31/100 tox
|move|p2a: Salamence|Defog|p1a: Salamence
|-unboost|p1a: Salamence|evasion|1
|-sideend|p2: GryphonEX|Stealth Rock|[from] move: Defog|[of] p2a: Salamence
|
|-damage|p2a: Salamence|19/100 tox|[from] psn
|upkeep
|turn|215
|inactive|hahahohi has 30 seconds left.
|
|t:|1662743134
|switch|p1a: Nihilego|Nihilego|24/100 par
|switch|p2a: Corsola|Corsola-Galar, M|100/100
|
|-heal|p1a: Nihilego|30/100 par|[from] item: Black Sludge
|upkeep
|turn|216
|inactive|hahahohi has 30 seconds left.
|
|t:|1662743141
|move|p1a: Nihilego|Stealth Rock|p2a: Corsola
|-sidestart|p2: GryphonEX|move: Stealth Rock
|move|p2a: Corsola|Night Shade|p1a: Nihilego
|-damage|p1a: Nihilego|2/100 par
|
|-heal|p1a: Nihilego|9/100 par|[from] item: Black Sludge
|upkeep
|turn|217
|inactive|hahahohi has 30 seconds left this turn.
|inactive|hahahohi has 20 seconds left.
|
|t:|1662743155
|switch|p1a: Chansey|Chansey, F|51/100
|move|p2a: Corsola|Night Shade|p1a: Chansey
|-immune|p1a: Chansey
|
|upkeep
|turn|218
|inactive|hahahohi has 25 seconds left this turn.
|inactive|hahahohi has 20 seconds left.
|
|t:|1662743161
|switch|p2a: Chansey|Chansey, F|39/100
|-damage|p2a: Chansey|26/100|[from] Stealth Rock
|move|p1a: Chansey|Toxic|p2a: Chansey
|-status|p2a: Chansey|tox
|
|-damage|p2a: Chansey|20/100 tox|[from] psn
|upkeep
|turn|219
|inactive|hahahohi has 20 seconds left this turn.
|
|t:|1662743163
|move|p1a: Chansey|Seismic Toss|p2a: Chansey
|-damage|p2a: Chansey|6/100 tox
|move|p2a: Chansey|Soft-Boiled|p2a: Chansey
|-heal|p2a: Chansey|56/100 tox
|
|-damage|p2a: Chansey|44/100 tox|[from] psn
|upkeep
|turn|220
|inactive|hahahohi has 25 seconds left this turn.
|inactive|hahahohi has 20 seconds left.
|
|t:|1662743171
|-curestatus|p2a: Chansey|tox|[from] ability: Natural Cure
|switch|p2a: Suicune|Suicune|41/100
|-damage|p2a: Suicune|29/100|[from] Stealth Rock
|-ability|p2a: Suicune|Pressure
|move|p1a: Chansey|Seismic Toss|p2a: Suicune
|-damage|p2a: Suicune|4/100
|
|upkeep
|turn|221
|inactive|hahahohi has 20 seconds left this turn.
|inactive|hahahohi has 15 seconds left.
|inactive|hahahohi has 10 seconds left.
|
|t:|1662743182
|move|p2a: Suicune|Rest|p2a: Suicune
|-status|p2a: Suicune|slp|[from] move: Rest
|-heal|p2a: Suicune|100/100 slp|[silent]
|move|p1a: Chansey|Aromatherapy|p1a: Chansey
|-activate|p1a: Chansey|move: Aromatherapy
|-curestatus|p1: Umbreon|par|[msg]
|-curestatus|p1: Nihilego|par|[msg]
|
|upkeep
|turn|222
|inactive|hahahohi has 15 seconds left this turn.
|
|t:|1662743201
|switch|p2a: Chansey|Chansey, F|44/100
|-damage|p2a: Chansey|32/100|[from] Stealth Rock
|switch|p1a: Nihilego|Nihilego|9/100
|
|-heal|p1a: Nihilego|15/100|[from] item: Black Sludge
|upkeep
|turn|223
|inactive|hahahohi has 15 seconds left this turn.
|
|t:|1662743207
|move|p1a: Nihilego|Sludge Bomb|p2a: Chansey
|-damage|p2a: Chansey|9/100
|-status|p2a: Chansey|psn
|move|p2a: Chansey|Soft-Boiled|p2a: Chansey
|-heal|p2a: Chansey|59/100 psn
|
|-heal|p1a: Nihilego|21/100|[from] item: Black Sludge
|-damage|p2a: Chansey|47/100 psn|[from] psn
|upkeep
|turn|224
|inactive|hahahohi has 20 seconds left this turn.
|inactive|hahahohi has 15 seconds left.
|inactive|hahahohi has 10 seconds left.
|
|t:|1662743219
|move|p1a: Nihilego|Sludge Bomb|p2a: Chansey
|-damage|p2a: Chansey|26/100 psn
|move|p2a: Chansey|Seismic Toss|p1a: Nihilego
|-damage|p1a: Nihilego|0 fnt
|faint|p1a: Nihilego
|
|-damage|p2a: Chansey|14/100 psn|[from] psn
|upkeep
|inactive|hahahohi has 10 seconds left this turn.
|inactive|hahahohi has 5 seconds left.
|
|t:|1662743227
|switch|p1a: Salamence|Salamence, F|79/100
|-ability|p1a: Salamence|Intimidate|boost
|-unboost|p2a: Chansey|atk|1
|turn|225
|inactive|hahahohi has 10 seconds left this turn.
|
|t:|1662743240
|-curestatus|p2a: Chansey|psn|[from] ability: Natural Cure
|switch|p2a: Corsola|Corsola-Galar, M|100/100
|-damage|p2a: Corsola|88/100|[from] Stealth Rock
|move|p1a: Salamence|Flamethrower|p2a: Corsola
|-damage|p2a: Corsola|71/100
|-start|p1a: Salamence|Disable|Flamethrower|[from] ability: Cursed Body|[of] p2a: Corsola
|
|upkeep
|turn|226
|inactive|hahahohi has 10 seconds left this turn.
|inactive|hahahohi has 5 seconds left.
|
|t:|1662743248
|move|p1a: Salamence|Hurricane|p2a: Corsola|[miss]
|-miss|p1a: Salamence|p2a: Corsola
|move|p2a: Corsola|Stealth Rock|p1a: Salamence
|-sidestart|p1: hahahohi|move: Stealth Rock
|
|upkeep
|turn|227
|inactive|hahahohi has 10 seconds left this turn.
|
|t:|1662743251
|move|p1a: Salamence|Hurricane|p2a: Corsola|[miss]
|-miss|p1a: Salamence|p2a: Corsola
|move|p2a: Corsola|Strength Sap|p1a: Salamence
|-unboost|p1a: Salamence|atk|1
|-heal|p2a: Corsola|100/100
|
|upkeep
|turn|228
|inactive|hahahohi has 10 seconds left this turn.
|
|t:|1662743254
|move|p1a: Salamence|Hurricane|p2a: Corsola|[miss]
|-miss|p1a: Salamence|p2a: Corsola
|move|p2a: Corsola|Night Shade|p1a: Salamence
|-damage|p1a: Salamence|54/100
|
|-end|p1a: Salamence|Disable
|upkeep
|turn|229
|inactive|hahahohi has 15 seconds left this turn.
|
|t:|1662743257
|move|p1a: Salamence|Roost|p1a: Salamence
|-heal|p1a: Salamence|100/100
|-singleturn|p1a: Salamence|move: Roost
|move|p2a: Corsola|Will-O-Wisp|p1a: Salamence|[miss]
|-miss|p2a: Corsola|p1a: Salamence
|
|upkeep
|turn|230
|inactive|hahahohi has 15 seconds left this turn.
|inactive|hahahohi has 10 seconds left.
|-message|hahahohi forfeited.
|
|win|GryphonEX
|inactive|hahahohi has 10 seconds left this turn.
|raw|hahahohi's rating: 1440 &rarr; <strong>1424</strong><br />(-16 for losing)
|raw|GryphonEX's rating: 1502 &rarr; <strong>1518</strong><br />(+16 for winning)
|l|☆hahahohi
|l| amogusroxyrrrr
||Ladder isn't responding, score probably updated but might not have (Request timeout).
