|j|☆Y1theking100
|j|☆DJ Swampert
|t:|1641354194
|gametype|singles
|player|p1|Y1theking100|battlegirl-gen4|
|player|p2|DJ Swampert|marshal|
|teamsize|p1|6
|teamsize|p2|6
|gen|8
|tier|[Gen 8] UU
|rated|Tournament battle
|rule|Sleep Clause Mod: Limit one foe put to sleep
|rule|Species Clause: Limit one of each Pokémon
|rule|OHKO Clause: OHKO moves are banned
|rule|Evasion Moves Clause: Evasion moves are banned
|rule|Endless Battle Clause: Forcing endless battles is banned
|rule|HP Percentage Mod: HP is shown in percentages
|rule|Dynamax Clause: You cannot dynamax
|clearpoke
|poke|p1|Thundurus-Therian, M|
|poke|p1|Golisopod, M|
|poke|p1|Gardevoir, M|
|poke|p1|Aegislash, M|
|poke|p1|Tsareena, F|
|poke|p1|Pangoro, F|
|poke|p2|Zygarde-10%|
|poke|p2|Zarude|
|poke|p2|Marowak-Alola, M|
|poke|p2|Swampert, F|
|poke|p2|Skarmory, M|
|poke|p2|Salamence, F|
|teampreview
|j| Adrift and Alone
|c|☆Y1theking100|hf
|j|@avarice
|c|☆DJ Swampert|u2
|j| hariyana grande
|j| SuloTheBoi!❄
|
|t:|1641354262
|start
|switch|p1a: Aegislash|Aegislash, M|100/100
|switch|p2a: Skarmory|Skarmory, M|100/100
|turn|1
|j| 7MM (Reformed)
|
|t:|1641354285
|switch|p2a: Swampert|Swampert, F|100/100
|-formechange|p1a: Aegislash|Aegislash-Blade||[from] ability: Stance Change
|move|p1a: Aegislash|Shadow Ball|p2a: Swampert
|-damage|p2a: Swampert|71/100
|
|-heal|p2a: Swampert|77/100|[from] item: Leftovers
|upkeep
|turn|2
|
|t:|1641354312
|switch|p1a: Tsareena|Tsareena, F|100/100
|move|p2a: Swampert|Toxic|p1a: Tsareena
|-status|p1a: Tsareena|tox
|
|-heal|p2a: Swampert|84/100|[from] item: Leftovers
|-damage|p1a: Tsareena|95/100 tox|[from] psn
|upkeep
|turn|3
|
|t:|1641354336
|switch|p2a: Skarmory|Skarmory, M|100/100
|move|p1a: Tsareena|Knock Off|p2a: Skarmory
|-damage|p2a: Skarmory|80/100
|-damage|p1a: Tsareena|78/100 tox|[from] item: Rocky Helmet|[of] p2a: Skarmory
|-enditem|p2a: Skarmory|Rocky Helmet|[from] move: Knock Off|[of] p1a: Tsareena
|
|-damage|p1a: Tsareena|66/100 tox|[from] psn
|upkeep
|turn|4
|j| Jojo8868
|
|t:|1641354355
|switch|p1a: Thundurus|Thundurus-Therian, M|100/100
|move|p2a: Skarmory|Brave Bird|p1a: Thundurus
|-resisted|p1a: Thundurus
|-damage|p1a: Thundurus|76/100
|-damage|p2a: Skarmory|73/100|[from] Recoil
|
|upkeep
|turn|5
|
|t:|1641354362
|switch|p2a: Swampert|Swampert, F|84/100
|move|p1a: Thundurus|Focus Blast|p2a: Swampert|[miss]
|-miss|p1a: Thundurus|p2a: Swampert
|
|-heal|p2a: Swampert|90/100|[from] item: Leftovers
|upkeep
|turn|6
|
|t:|1641354372
|switch|p1a: Tsareena|Tsareena, F|66/100 tox
|move|p2a: Swampert|Stealth Rock|p1a: Tsareena
|-sidestart|p1: Y1theking100|move: Stealth Rock
|
|-heal|p2a: Swampert|96/100|[from] item: Leftovers
|-damage|p1a: Tsareena|60/100 tox|[from] psn
|upkeep
|turn|7
|
|t:|1641354381
|move|p1a: Tsareena|Rapid Spin|p2a: Swampert
|-damage|p2a: Swampert|78/100
|-boost|p1a: Tsareena|spe|1
|-sideend|p1: Y1theking100|Stealth Rock|[from] move: Rapid Spin|[of] p1a: Tsareena
|move|p2a: Swampert|Flip Turn|p1a: Tsareena
|-resisted|p1a: Tsareena
|-damage|p1a: Tsareena|47/100 tox
|
|t:|1641354388
|switch|p2a: Skarmory|Skarmory, M|73/100|[from]move: Flip Turn
|
|-damage|p1a: Tsareena|35/100 tox|[from] psn
|upkeep
|turn|8
|
|t:|1641354396
|switch|p1a: Thundurus|Thundurus-Therian, M|76/100
|move|p2a: Skarmory|Spikes|p1a: Thundurus
|-sidestart|p1: Y1theking100|Spikes
|
|upkeep
|turn|9
|
|t:|1641354402
|switch|p1a: Pangoro|Pangoro, F|100/100
|-damage|p1a: Pangoro|88/100|[from] Spikes
|switch|p2a: Swampert|Swampert, F|78/100
|
|-heal|p2a: Swampert|85/100|[from] item: Leftovers
|upkeep
|turn|10
|l| Jojo8868
|
|t:|1641354410
|switch|p2a: Salamence|Salamence, F|100/100
|-ability|p2a: Salamence|Intimidate|boost
|-fail|p1a: Pangoro|unboost|Attack|[from] ability: Scrappy|[of] p1a: Pangoro
|move|p1a: Pangoro|Close Combat|p2a: Salamence
|-resisted|p2a: Salamence
|-damage|p2a: Salamence|66/100
|-unboost|p1a: Pangoro|def|1
|-unboost|p1a: Pangoro|spd|1
|
|upkeep
|turn|11
|
|t:|1641354423
|switch|p1a: Aegislash|Aegislash, M|100/100
|-damage|p1a: Aegislash|88/100|[from] Spikes
|move|p2a: Salamence|Hurricane|p1a: Aegislash
|-resisted|p1a: Aegislash
|-damage|p1a: Aegislash|69/100
|
|upkeep
|turn|12
|
|t:|1641354437
|move|p2a: Salamence|Flamethrower|p1a: Aegislash
|-supereffective|p1a: Aegislash
|-damage|p1a: Aegislash|28/100
|-formechange|p1a: Aegislash|Aegislash-Blade||[from] ability: Stance Change
|move|p1a: Aegislash|Shadow Ball|p2a: Salamence
|-damage|p2a: Salamence|18/100
|
|upkeep
|turn|13
|
|t:|1641354449
|switch|p1a: Gardevoir|Gardevoir, M|100/100
|-damage|p1a: Gardevoir|88/100|[from] Spikes
|-ability|p1a: Gardevoir|Intimidate|[from] ability: Trace|[of] p2a: Salamence
|-ability|p1a: Gardevoir|Intimidate|boost
|-unboost|p2a: Salamence|atk|1
|move|p2a: Salamence|Flamethrower|p1a: Gardevoir
|-damage|p1a: Gardevoir|63/100
|-status|p1a: Gardevoir|brn
|
|-damage|p1a: Gardevoir|56/100 brn|[from] brn
|upkeep
|turn|14
|
|t:|1641354462
|switch|p2a: Swampert|Swampert, F|85/100
|move|p1a: Gardevoir|Psychic|p2a: Swampert
|-damage|p2a: Swampert|55/100
|
|-heal|p2a: Swampert|61/100|[from] item: Leftovers
|-damage|p1a: Gardevoir|50/100 brn|[from] brn
|upkeep
|turn|15
|
|t:|1641354477
|switch|p1a: Golisopod|Golisopod, M|100/100
|move|p2a: Swampert|Flip Turn|p1a: Golisopod
|-resisted|p1a: Golisopod
|-damage|p1a: Golisopod|91/100
|
|t:|1641354492
|switch|p2a: Salamence|Salamence, F|18/100|[from]move: Flip Turn
|-ability|p2a: Salamence|Intimidate|boost
|-unboost|p1a: Golisopod|atk|1
|
|upkeep
|turn|16
|
|t:|1641354509
|move|p2a: Salamence|Roost|p2a: Salamence
|-heal|p2a: Salamence|68/100
|-singleturn|p2a: Salamence|move: Roost
|move|p1a: Golisopod|Spikes|p2a: Salamence
|-sidestart|p2: DJ Swampert|Spikes
|
|upkeep
|turn|17
|
|t:|1641354516
|move|p2a: Salamence|Hurricane|p1a: Golisopod
|-supereffective|p1a: Golisopod
|-damage|p1a: Golisopod|4/100
|-activate|p1a: Golisopod|ability: Emergency Exit
|
|t:|1641354525
|switch|p1a: Gardevoir|Gardevoir, M|50/100 brn
|-damage|p1a: Gardevoir|38/100 brn|[from] Spikes
|-ability|p1a: Gardevoir|Intimidate|[from] ability: Trace|[of] p2a: Salamence
|-ability|p1a: Gardevoir|Intimidate|boost
|-unboost|p2a: Salamence|atk|1
|
|-damage|p1a: Gardevoir|32/100 brn|[from] brn
|upkeep
|turn|18
|
|t:|1641354537
|switch|p2a: Zarude|Zarude|100/100
|-damage|p2a: Zarude|88/100|[from] Spikes
|move|p1a: Gardevoir|Moonblast|p2a: Zarude
|-supereffective|p2a: Zarude
|-damage|p2a: Zarude|0 fnt
|faint|p2a: Zarude
|
|-damage|p1a: Gardevoir|26/100 brn|[from] brn
|upkeep
|
|t:|1641354557
|switch|p2a: Zygarde|Zygarde-10%|100/100
|-damage|p2a: Zygarde|88/100|[from] Spikes
|-ability|p2a: Zygarde|Aura Break
|turn|19
|
|t:|1641354563
|move|p1a: Gardevoir|Moonblast|p2a: Zygarde
|-supereffective|p2a: Zygarde
|-damage|p2a: Zygarde|0 fnt
|faint|p2a: Zygarde
|
|-damage|p1a: Gardevoir|20/100 brn|[from] brn
|upkeep
|
|t:|1641354574
|switch|p2a: Swampert|Swampert, F|61/100
|-damage|p2a: Swampert|49/100|[from] Spikes
|turn|20
|
|t:|1641354589
|switch|p1a: Golisopod|Golisopod, M|4/100
|move|p2a: Swampert|Flip Turn|p1a: Golisopod
|-resisted|p1a: Golisopod
|-damage|p1a: Golisopod|0 fnt
|faint|p1a: Golisopod
|
|t:|1641354598
|switch|p2a: Skarmory|Skarmory, M|73/100|[from]move: Flip Turn
|
|upkeep
|
|t:|1641354601
|switch|p1a: Aegislash|Aegislash, M|28/100
|-damage|p1a: Aegislash|16/100|[from] Spikes
|turn|21
|
|t:|1641354634
|move|p2a: Skarmory|Brave Bird|p1a: Aegislash
|-resisted|p1a: Aegislash
|-damage|p1a: Aegislash|2/100
|-damage|p2a: Skarmory|69/100|[from] Recoil
|-formechange|p1a: Aegislash|Aegislash-Blade||[from] ability: Stance Change
|move|p1a: Aegislash|Shadow Ball|p2a: Skarmory
|-damage|p2a: Skarmory|8/100
|
|upkeep
|turn|22
|
|t:|1641354646
|move|p2a: Skarmory|Brave Bird|p1a: Aegislash
|-resisted|p1a: Aegislash
|-damage|p1a: Aegislash|0 fnt
|faint|p1a: Aegislash
|-damage|p2a: Skarmory|7/100|[from] Recoil
|
|upkeep
|
|t:|1641354653
|switch|p1a: Pangoro|Pangoro, F|88/100
|-damage|p1a: Pangoro|76/100|[from] Spikes
|turn|23
|
|t:|1641354661
|move|p1a: Pangoro|Knock Off|p2a: Skarmory
|-damage|p2a: Skarmory|0 fnt
|faint|p2a: Skarmory
|
|upkeep
|
|t:|1641354667
|switch|p2a: Salamence|Salamence, F|68/100
|-ability|p2a: Salamence|Intimidate|boost
|-fail|p1a: Pangoro|unboost|Attack|[from] ability: Scrappy|[of] p1a: Pangoro
|turn|24
|
|t:|1641354675
|switch|p1a: Tsareena|Tsareena, F|35/100 tox
|move|p2a: Salamence|Hurricane|p1a: Tsareena
|-supereffective|p1a: Tsareena
|-damage|p1a: Tsareena|0 fnt
|faint|p1a: Tsareena
|
|upkeep
|
|t:|1641354677
|switch|p1a: Gardevoir|Gardevoir, M|20/100 brn
|-damage|p1a: Gardevoir|7/100 brn|[from] Spikes
|-ability|p1a: Gardevoir|Intimidate|[from] ability: Trace|[of] p2a: Salamence
|-ability|p1a: Gardevoir|Intimidate|boost
|-unboost|p2a: Salamence|atk|1
|turn|25
|
|t:|1641354696
|switch|p2a: Marowak|Marowak-Alola, M|100/100
|-damage|p2a: Marowak|88/100|[from] Spikes
|move|p1a: Gardevoir|Moonblast|p2a: Marowak
|-resisted|p2a: Marowak
|-damage|p2a: Marowak|52/100
|
|-damage|p1a: Gardevoir|1/100 brn|[from] brn
|upkeep
|turn|26
|
|t:|1641354718
|move|p1a: Gardevoir|Moonblast|p2a: Marowak
|-resisted|p2a: Marowak
|-damage|p2a: Marowak|17/100
|-unboost|p2a: Marowak|spa|1
|move|p2a: Marowak|Flare Blitz|p1a: Gardevoir
|-damage|p1a: Gardevoir|0 fnt
|faint|p1a: Gardevoir
|-damage|p2a: Marowak|16/100|[from] Recoil
|
|upkeep
|
|t:|1641354721
|switch|p1a: Pangoro|Pangoro, F|76/100
|-damage|p1a: Pangoro|64/100|[from] Spikes
|turn|27
|
|t:|1641354734
|move|p1a: Pangoro|Knock Off|p2a: Marowak
|-supereffective|p2a: Marowak
|-damage|p2a: Marowak|0 fnt
|-start|p1a: Pangoro|Disable|Knock Off|[from] ability: Cursed Body|[of] p2a: Marowak
|-enditem|p2a: Marowak|Thick Club|[from] move: Knock Off|[of] p1a: Pangoro
|faint|p2a: Marowak
|
|upkeep
|
|t:|1641354747
|switch|p2a: Salamence|Salamence, F|68/100
|-ability|p2a: Salamence|Intimidate|boost
|-fail|p1a: Pangoro|unboost|Attack|[from] ability: Scrappy|[of] p1a: Pangoro
|turn|28
|
|t:|1641354752
|move|p2a: Salamence|Hurricane|p1a: Pangoro|[miss]
|-miss|p2a: Salamence|p1a: Pangoro
|-activate|p1a: Pangoro|move: Struggle
|move|p1a: Pangoro|Struggle|p2a: Salamence
|-damage|p2a: Salamence|47/100
|-damage|p1a: Pangoro|39/100|[from] recoil
|
|upkeep
|turn|29
|
|t:|1641354761
|move|p2a: Salamence|Roost|p2a: Salamence
|-heal|p2a: Salamence|97/100
|-singleturn|p2a: Salamence|move: Roost
|-activate|p1a: Pangoro|move: Struggle
|move|p1a: Pangoro|Struggle|p2a: Salamence
|-damage|p2a: Salamence|77/100
|-damage|p1a: Pangoro|14/100|[from] recoil
|
|upkeep
|turn|30
|
|t:|1641354770
|move|p2a: Salamence|Roost|p2a: Salamence
|-heal|p2a: Salamence|100/100
|-singleturn|p2a: Salamence|move: Roost
|-activate|p1a: Pangoro|move: Struggle
|move|p1a: Pangoro|Struggle|p2a: Salamence
|-damage|p2a: Salamence|82/100
|-damage|p1a: Pangoro|0 fnt|[from] recoil
|faint|p1a: Pangoro
|
|upkeep
|
|t:|1641354772
|switch|p1a: Thundurus|Thundurus-Therian, M|76/100
|turn|31
|
|t:|1641354793
|move|p1a: Thundurus|Nasty Plot|p1a: Thundurus
|-boost|p1a: Thundurus|spa|2
|move|p2a: Salamence|Hurricane|p1a: Thundurus
|-resisted|p1a: Thundurus
|-damage|p1a: Thundurus|48/100
|
|upkeep
|turn|32
|
|t:|1641354801
|move|p1a: Thundurus|Thunderbolt|p2a: Salamence
|-damage|p2a: Salamence|0 fnt
|faint|p2a: Salamence
|
|upkeep
|c|☆DJ Swampert|gg
|
|t:|1641354806
|switch|p2a: Swampert|Swampert, F|49/100
|-damage|p2a: Swampert|36/100|[from] Spikes
|turn|33
|c|☆Y1theking100|gg
|
|t:|1641354830
|move|p1a: Thundurus|Psychic|p2a: Swampert
|-damage|p2a: Swampert|0 fnt
|faint|p2a: Swampert
|
|win|Y1theking100
|n|☆Y1theking100|y1theking100
|n|☆DJ Swampert|djswampert
|n| Adrift and Alone|adriftandalone
|n|+avarice|avarice
|n| hariyana grande|hariyanagrande
|n| SuloTheBoi!❄|sulotheboi
|n| 7MM (Reformed)|7mmreformed
