|j|☆GuyTessier
|j|☆bioche80
|t:|1640716689
|gametype|singles
|player|p1|GuyTessier|picnicker|1292
|player|p2|bioche80|hugh|1433
|teamsize|p1|6
|teamsize|p2|6
|gen|8
|tier|[Gen 8] UU
|rated|
|rule|Sleep Clause Mod: Limit one foe put to sleep
|rule|Species Clause: Limit one of each Pokémon
|rule|OHKO Clause: OHKO moves are banned
|rule|Evasion Moves Clause: Evasion moves are banned
|rule|Endless Battle Clause: Forcing endless battles is banned
|rule|HP Percentage Mod: HP is shown in percentages
|rule|Dynamax Clause: You cannot dynamax
|clearpoke
|poke|p1|Appletun, M|
|poke|p1|Azelf|
|poke|p1|Rotom-Heat|
|poke|p1|Registeel|
|poke|p1|Zygarde-10%|
|poke|p1|Tentacruel, M|
|poke|p2|Keldeo-Resolute|
|poke|p2|Mandibuzz, F|
|poke|p2|Darmanitan, M|
|poke|p2|Swampert, F|
|poke|p2|Tapu Bulu|
|poke|p2|Celesteela|
|teampreview
|inactive|Battle timer is ON: inactive players will automatically lose when time's up. (requested by GuyTessier)
|
|t:|1640716715
|start
|switch|p1a: Appletun|Appletun, M|100/100
|switch|p2a: Darmanitan|Darmanitan, M|100/100
|turn|1
|
|t:|1640716721
|move|p2a: Darmanitan|Flare Blitz|p1a: Appletun
|-damage|p1a: Appletun|59/100
|-damage|p2a: Darmanitan|84/100|[from] Recoil
|move|p1a: Appletun|Recover|p1a: Appletun
|-heal|p1a: Appletun|100/100
|
|upkeep
|turn|2
|
|t:|1640716729
|switch|p2a: Celesteela|Celesteela|100/100
|move|p1a: Appletun|Leech Seed|p2a: Celesteela|[miss]
|-miss|p1a: Appletun|p2a: Celesteela
|
|upkeep
|turn|3
|
|t:|1640716735
|switch|p2a: Tapu Bulu|Tapu Bulu|100/100
|-fieldstart|move: Grassy Terrain|[from] ability: Grassy Surge|[of] p2a: Tapu Bulu
|switch|p1a: Rotom|Rotom-Heat|100/100
|
|upkeep
|turn|4
|
|t:|1640716746
|switch|p2a: Swampert|Swampert, F|100/100
|move|p1a: Rotom|Trick|p2a: Swampert
|-activate|p1a: Rotom|move: Trick|[of] p2a: Swampert
|-item|p2a: Swampert|Choice Scarf|[from] move: Trick
|-item|p1a: Rotom|Leftovers|[from] move: Trick
|
|upkeep
|turn|5
|
|t:|1640716754
|switch|p1a: Tentacruel|Tentacruel, M|100/100
|move|p2a: Swampert|Stealth Rock|p1a: Tentacruel
|-sidestart|p1: GuyTessier|move: Stealth Rock
|
|upkeep
|turn|6
|
|t:|1640716766
|switch|p2a: Darmanitan|Darmanitan, M|84/100
|move|p1a: Tentacruel|Rapid Spin|p2a: Darmanitan
|-damage|p2a: Darmanitan|72/100
|-boost|p1a: Tentacruel|spe|1
|-sideend|p1: GuyTessier|Stealth Rock|[from] move: Rapid Spin|[of] p1a: Tentacruel
|
|-heal|p2a: Darmanitan|78/100|[from] Grassy Terrain
|upkeep
|turn|7
|
|t:|1640716776
|move|p2a: Darmanitan|U-turn|p1a: Tentacruel
|-resisted|p1a: Tentacruel
|-damage|p1a: Tentacruel|87/100
|
|t:|1640716781
|switch|p2a: Swampert|Swampert, F|100/100|[from]move: U-turn
|move|p1a: Tentacruel|Scald|p2a: Swampert
|-damage|p2a: Swampert|85/100
|-status|p2a: Swampert|brn
|
|-heal|p1a: Tentacruel|93/100|[from] Grassy Terrain
|-heal|p2a: Swampert|91/100 brn|[from] Grassy Terrain
|-damage|p2a: Swampert|85/100 brn|[from] brn
|-fieldend|move: Grassy Terrain
|upkeep
|turn|8
|
|t:|1640716795
|switch|p1a: Registeel|Registeel, shiny|100/100
|move|p2a: Swampert|High Horsepower|p1a: Registeel
|-supereffective|p1a: Registeel
|-damage|p1a: Registeel|82/100
|
|-damage|p2a: Swampert|79/100 brn|[from] brn
|upkeep
|turn|9
|
|t:|1640716804
|switch|p2a: Celesteela|Celesteela|100/100
|move|p1a: Registeel|Stealth Rock|p2a: Celesteela
|-sidestart|p2: bioche80|move: Stealth Rock
|
|upkeep
|turn|10
|
|t:|1640716811
|move|p2a: Celesteela|Earthquake|p1a: Registeel
|-supereffective|p1a: Registeel
|-damage|p1a: Registeel|33/100
|move|p1a: Registeel|Thunder Wave|p2a: Celesteela
|-status|p2a: Celesteela|par
|
|upkeep
|turn|11
|
|t:|1640716819
|switch|p1a: Rotom|Rotom-Heat|100/100
|switch|p2a: Swampert|Swampert, F|79/100 brn
|-damage|p2a: Swampert|72/100 brn|[from] Stealth Rock
|
|-damage|p2a: Swampert|66/100 brn|[from] brn
|upkeep
|turn|12
|
|t:|1640716829
|switch|p1a: Tentacruel|Tentacruel, M|93/100
|move|p2a: Swampert|Toxic|p1a: Tentacruel
|-immune|p1a: Tentacruel
|
|-damage|p2a: Swampert|60/100 brn|[from] brn
|upkeep
|turn|13
|
|t:|1640716839
|switch|p2a: Mandibuzz|Mandibuzz, F|100/100
|move|p1a: Tentacruel|Scald|p2a: Mandibuzz
|-damage|p2a: Mandibuzz|87/100
|-status|p2a: Mandibuzz|brn
|
|-damage|p2a: Mandibuzz|81/100 brn|[from] brn
|upkeep
|turn|14
|
|t:|1640716850
|move|p1a: Tentacruel|Knock Off|p2a: Mandibuzz
|-resisted|p2a: Mandibuzz
|-damage|p2a: Mandibuzz|76/100 brn
|-enditem|p2a: Mandibuzz|Heavy-Duty Boots|[from] move: Knock Off|[of] p1a: Tentacruel
|move|p2a: Mandibuzz|Defog|p1a: Tentacruel
|-fail|p1a: Tentacruel|unboost|[from] ability: Clear Body|[of] p1a: Tentacruel
|-sideend|p2: bioche80|Stealth Rock|[from] move: Defog|[of] p2a: Mandibuzz
|
|-damage|p2a: Mandibuzz|70/100 brn|[from] brn
|upkeep
|turn|15
|
|t:|1640716860
|switch|p1a: Registeel|Registeel, shiny|33/100
|move|p2a: Mandibuzz|Roost|p2a: Mandibuzz
|-heal|p2a: Mandibuzz|100/100 brn
|-singleturn|p2a: Mandibuzz|move: Roost
|
|-damage|p2a: Mandibuzz|94/100 brn|[from] brn
|upkeep
|turn|16
|
|t:|1640716868
|switch|p2a: Darmanitan|Darmanitan, M|78/100
|move|p1a: Registeel|Stealth Rock|p2a: Darmanitan
|-sidestart|p2: bioche80|move: Stealth Rock
|
|upkeep
|turn|17
|
|t:|1640716874
|switch|p1a: Appletun|Appletun, M|100/100
|move|p2a: Darmanitan|Flare Blitz|p1a: Appletun
|-damage|p1a: Appletun|60/100
|-damage|p2a: Darmanitan|62/100|[from] Recoil
|
|-heal|p1a: Appletun|66/100|[from] item: Leftovers
|upkeep
|turn|18
|
|t:|1640716881
|move|p2a: Darmanitan|Flare Blitz|p1a: Appletun
|-damage|p1a: Appletun|24/100
|-damage|p2a: Darmanitan|45/100|[from] Recoil
|move|p1a: Appletun|Recover|p1a: Appletun
|-heal|p1a: Appletun|74/100
|
|-heal|p1a: Appletun|80/100|[from] item: Leftovers
|upkeep
|turn|19
|
|t:|1640716892
|switch|p2a: Tapu Bulu|Tapu Bulu|100/100
|-damage|p2a: Tapu Bulu|88/100|[from] Stealth Rock
|-fieldstart|move: Grassy Terrain|[from] ability: Grassy Surge|[of] p2a: Tapu Bulu
|move|p1a: Appletun|Recover|p1a: Appletun
|-heal|p1a: Appletun|100/100
|
|-heal|p2a: Tapu Bulu|94/100|[from] Grassy Terrain
|upkeep
|turn|20
|
|t:|1640716905
|switch|p1a: Rotom|Rotom-Heat|100/100
|move|p2a: Tapu Bulu|Horn Leech|p1a: Rotom
|-resisted|p1a: Rotom
|-crit|p1a: Rotom
|-damage|p1a: Rotom|55/100
|-heal|p2a: Tapu Bulu|100/100|[from] drain|[of] p1a: Rotom
|
|-heal|p1a: Rotom|61/100|[from] item: Leftovers
|upkeep
|turn|21
|
|t:|1640716914
|move|p1a: Rotom|Overheat|p2a: Tapu Bulu
|-supereffective|p2a: Tapu Bulu
|-damage|p2a: Tapu Bulu|0 fnt
|-unboost|p1a: Rotom|spa|2
|faint|p2a: Tapu Bulu
|
|-heal|p1a: Rotom|67/100|[from] item: Leftovers
|upkeep
|
|t:|1640716925
|switch|p2a: Keldeo|Keldeo-Resolute|100/100
|-damage|p2a: Keldeo|94/100|[from] Stealth Rock
|turn|22
|
|t:|1640716931
|switch|p1a: Tentacruel|Tentacruel, M|93/100
|move|p2a: Keldeo|Secret Sword|p1a: Tentacruel
|-resisted|p1a: Tentacruel
|-damage|p1a: Tentacruel|55/100
|
|-heal|p2a: Keldeo|100/100|[from] Grassy Terrain
|-heal|p1a: Tentacruel|61/100|[from] Grassy Terrain
|upkeep
|turn|23
|
|t:|1640716940
|move|p2a: Keldeo|Secret Sword|p1a: Tentacruel
|-resisted|p1a: Tentacruel
|-damage|p1a: Tentacruel|23/100
|move|p1a: Tentacruel|Rapid Spin|p2a: Keldeo
|-damage|p2a: Keldeo|91/100
|-boost|p1a: Tentacruel|spe|1
|
|-heal|p1a: Tentacruel|29/100|[from] Grassy Terrain
|-heal|p2a: Keldeo|97/100|[from] Grassy Terrain
|-fieldend|move: Grassy Terrain
|upkeep
|turn|24
|
|t:|1640716950
|move|p1a: Tentacruel|Knock Off|p2a: Keldeo
|-resisted|p2a: Keldeo
|-damage|p2a: Keldeo|88/100
|-ability|p2a: Keldeo|Justified|boost
|-boost|p2a: Keldeo|atk|1
|-enditem|p2a: Keldeo|Choice Specs|[from] move: Knock Off|[of] p1a: Tentacruel
|move|p2a: Keldeo|Secret Sword|p1a: Tentacruel
|-resisted|p1a: Tentacruel
|-damage|p1a: Tentacruel|6/100
|
|upkeep
|turn|25
|
|t:|1640716960
|move|p1a: Tentacruel|Scald|p2a: Keldeo
|-resisted|p2a: Keldeo
|-damage|p2a: Keldeo|76/100
|move|p2a: Keldeo|Secret Sword|p1a: Tentacruel
|-resisted|p1a: Tentacruel
|-damage|p1a: Tentacruel|0 fnt
|faint|p1a: Tentacruel
|
|upkeep
|
|t:|1640716971
|switch|p1a: Azelf|Azelf|100/100
|turn|26
|
|t:|1640716976
|switch|p2a: Swampert|Swampert, F|60/100 brn
|-damage|p2a: Swampert|54/100 brn|[from] Stealth Rock
|move|p1a: Azelf|Psyshock|p2a: Swampert
|-damage|p2a: Swampert|12/100 brn
|
|-damage|p2a: Swampert|6/100 brn|[from] brn
|upkeep
|turn|27
|
|t:|1640716986
|move|p1a: Azelf|Psyshock|p2a: Swampert
|-damage|p2a: Swampert|0 fnt
|faint|p2a: Swampert
|
|upkeep
|
|t:|1640716995
|switch|p2a: Mandibuzz|Mandibuzz, F|94/100 brn
|-damage|p2a: Mandibuzz|69/100 brn|[from] Stealth Rock
|turn|28
|
|t:|1640717002
|switch|p1a: Registeel|Registeel, shiny|33/100
|move|p2a: Mandibuzz|Defog|p1a: Registeel
|-fail|p1a: Registeel|unboost|[from] ability: Clear Body|[of] p1a: Registeel
|-sideend|p2: bioche80|Stealth Rock|[from] move: Defog|[of] p2a: Mandibuzz
|
|-damage|p2a: Mandibuzz|63/100 brn|[from] brn
|upkeep
|turn|29
|
|t:|1640717010
|move|p2a: Mandibuzz|Taunt|p1a: Registeel
|-start|p1a: Registeel|move: Taunt
|cant|p1a: Registeel|move: Taunt|Stealth Rock
|
|-damage|p2a: Mandibuzz|57/100 brn|[from] brn
|upkeep
|turn|30
|
|t:|1640717017
|switch|p1a: Rotom|Rotom-Heat|67/100
|move|p2a: Mandibuzz|Roost|p2a: Mandibuzz
|-heal|p2a: Mandibuzz|100/100 brn
|-singleturn|p2a: Mandibuzz|move: Roost
|
|-heal|p1a: Rotom|74/100|[from] item: Leftovers
|-damage|p2a: Mandibuzz|94/100 brn|[from] brn
|upkeep
|turn|31
|
|t:|1640717030
|move|p1a: Rotom|Volt Switch|p2a: Mandibuzz
|-supereffective|p2a: Mandibuzz
|-damage|p2a: Mandibuzz|59/100 brn
|
|t:|1640717039
|switch|p1a: Appletun|Appletun, M|100/100|[from]move: Volt Switch
|move|p2a: Mandibuzz|Foul Play|p1a: Appletun
|-damage|p1a: Appletun|91/100
|
|-heal|p1a: Appletun|97/100|[from] item: Leftovers
|-damage|p2a: Mandibuzz|53/100 brn|[from] brn
|upkeep
|turn|32
|
|t:|1640717050
|move|p2a: Mandibuzz|Taunt|p1a: Appletun
|-start|p1a: Appletun|move: Taunt
|cant|p1a: Appletun|move: Taunt|Leech Seed
|
|-heal|p1a: Appletun|100/100|[from] item: Leftovers
|-damage|p2a: Mandibuzz|46/100 brn|[from] brn
|upkeep
|turn|33
|
|t:|1640717060
|move|p2a: Mandibuzz|Foul Play|p1a: Appletun
|-damage|p1a: Appletun|91/100
|move|p1a: Appletun|Apple Acid|p2a: Mandibuzz
|-resisted|p2a: Mandibuzz
|-damage|p2a: Mandibuzz|38/100 brn
|-unboost|p2a: Mandibuzz|spd|1
|
|-heal|p1a: Appletun|97/100|[from] item: Leftovers
|-damage|p2a: Mandibuzz|32/100 brn|[from] brn
|upkeep
|turn|34
|
|t:|1640717070
|switch|p2a: Celesteela|Celesteela|100/100 par
|move|p1a: Appletun|Apple Acid|p2a: Celesteela
|-resisted|p2a: Celesteela
|-damage|p2a: Celesteela|94/100 par
|-unboost|p2a: Celesteela|spd|1
|
|-heal|p1a: Appletun|100/100|[from] item: Leftovers
|-end|p1a: Appletun|move: Taunt
|upkeep
|turn|35
|
|t:|1640717081
|switch|p1a: Rotom|Rotom-Heat|74/100
|move|p2a: Celesteela|Heavy Slam|p1a: Rotom
|-resisted|p1a: Rotom
|-damage|p1a: Rotom|44/100
|
|-heal|p1a: Rotom|51/100|[from] item: Leftovers
|upkeep
|turn|36
|
|t:|1640717105
|switch|p2a: Mandibuzz|Mandibuzz, F|32/100 brn
|move|p1a: Rotom|Discharge|p2a: Mandibuzz
|-supereffective|p2a: Mandibuzz
|-crit|p2a: Mandibuzz
|-damage|p2a: Mandibuzz|0 fnt
|faint|p2a: Mandibuzz
|
|-heal|p1a: Rotom|57/100|[from] item: Leftovers
|upkeep
|
|t:|1640717116
|switch|p2a: Keldeo|Keldeo-Resolute|76/100
|turn|37
|
|t:|1640717124
|switch|p1a: Registeel|Registeel, shiny|33/100
|move|p2a: Keldeo|Surf|p1a: Registeel
|-damage|p1a: Registeel|3/100
|-enditem|p1a: Registeel|Aguav Berry|[eat]
|-heal|p1a: Registeel|36/100|[from] item: Aguav Berry
|
|upkeep
|turn|38
|
|t:|1640717133
|move|p2a: Keldeo|Secret Sword|p1a: Registeel
|-supereffective|p1a: Registeel
|-damage|p1a: Registeel|0 fnt
|faint|p1a: Registeel
|
|upkeep
|
|t:|1640717138
|switch|p1a: Zygarde|Zygarde-10%|100/100
|-ability|p1a: Zygarde|Aura Break
|turn|39
|
|t:|1640717143
|move|p2a: Keldeo|Surf|p1a: Zygarde
|-damage|p1a: Zygarde|33/100
|move|p1a: Zygarde|Dragon Dance|p1a: Zygarde
|-boost|p1a: Zygarde|atk|1
|-boost|p1a: Zygarde|spe|1
|
|upkeep
|turn|40
|
|t:|1640717152
|move|p1a: Zygarde|Thousand Arrows|p2a: Keldeo
|-damage|p2a: Keldeo|3/100
|move|p2a: Keldeo|Surf|p1a: Zygarde
|-damage|p1a: Zygarde|0 fnt
|faint|p1a: Zygarde
|
|upkeep
|
|t:|1640717161
|switch|p1a: Azelf|Azelf|100/100
|turn|41
|
|t:|1640717166
|move|p1a: Azelf|Flamethrower|p2a: Keldeo
|-resisted|p2a: Keldeo
|-damage|p2a: Keldeo|0 fnt
|faint|p2a: Keldeo
|
|upkeep
|
|t:|1640717171
|switch|p2a: Darmanitan|Darmanitan, M|45/100
|turn|42
|
|t:|1640717174
|switch|p1a: Appletun|Appletun, M|100/100
|move|p2a: Darmanitan|U-turn|p1a: Appletun
|-supereffective|p1a: Appletun
|-damage|p1a: Appletun|50/100
|
|t:|1640717180
|switch|p2a: Celesteela|Celesteela|94/100 par|[from]move: U-turn
|
|-heal|p1a: Appletun|56/100|[from] item: Leftovers
|upkeep
|turn|43
|
|t:|1640717185
|switch|p1a: Rotom|Rotom-Heat|57/100
|move|p2a: Celesteela|Heavy Slam|p1a: Rotom
|-resisted|p1a: Rotom
|-damage|p1a: Rotom|29/100
|
|-heal|p1a: Rotom|35/100|[from] item: Leftovers
|upkeep
|turn|44
|
|t:|1640717195
|move|p1a: Rotom|Discharge|p2a: Celesteela
|-supereffective|p2a: Celesteela
|-damage|p2a: Celesteela|25/100 par
|move|p2a: Celesteela|Heavy Slam|p1a: Rotom
|-resisted|p1a: Rotom
|-damage|p1a: Rotom|5/100
|
|-heal|p1a: Rotom|11/100|[from] item: Leftovers
|upkeep
|turn|45
|
|t:|1640717204
|move|p1a: Rotom|Discharge|p2a: Celesteela
|-supereffective|p2a: Celesteela
|-damage|p2a: Celesteela|0 fnt
|faint|p2a: Celesteela
|
|-heal|p1a: Rotom|18/100|[from] item: Leftovers
|upkeep
|
|t:|1640717210
|switch|p2a: Darmanitan|Darmanitan, M|45/100
|turn|46
|
|t:|1640717220
|move|p2a: Darmanitan|Trick|p1a: Rotom
|-activate|p2a: Darmanitan|move: Trick|[of] p1a: Rotom
|-item|p1a: Rotom|Choice Scarf|[from] move: Trick
|-item|p2a: Darmanitan|Leftovers|[from] move: Trick
|move|p1a: Rotom|Discharge|p2a: Darmanitan
|-damage|p2a: Darmanitan|0 fnt
|faint|p2a: Darmanitan
|
|win|GuyTessier
|raw|GuyTessier's rating: 1276 &rarr; <strong>1312</strong><br />(+36 for winning)
|raw|bioche80's rating: 1433 &rarr; <strong>1405</strong><br />(-28 for losing)
