|j|☆Jackviven
|j|☆Lucckyy
|t:|1634456579
|gametype|singles
|player|p1|Jackviven|1|1316
|player|p2|Lucckyy|idol|1626
|teamsize|p1|6
|teamsize|p2|6
|gen|8
|tier|[Gen 8] UU
|rated|
|rule|Sleep Clause Mod: Limit one foe put to sleep
|rule|Species Clause: Limit one of each Pokémon
|rule|OHKO Clause: OHKO moves are banned
|rule|Evasion Moves Clause: Evasion moves are banned
|rule|Endless Battle Clause: Forcing endless battles is banned
|rule|HP Percentage Mod: HP is shown in percentages
|rule|Dynamax Clause: You cannot dynamax
|clearpoke
|poke|p1|Aerodactyl, M|
|poke|p1|Zarude|
|poke|p1|Keldeo-Resolute|
|poke|p1|Diggersby, M|
|poke|p1|Zygarde-10%|
|poke|p1|Togekiss, F|
|poke|p2|Vanilluxe, M|
|poke|p2|Arctovish|
|poke|p2|Scolipede, M|
|poke|p2|Aegislash, M|
|poke|p2|Beartic, M|
|poke|p2|Sylveon, F|
|teampreview
|inactive|Battle timer is ON: inactive players will automatically lose when time's up. (requested by Jackviven)
|
|t:|1634456589
|start
|switch|p1a: Dinobird|Aerodactyl, M|100/100
|switch|p2a: Scolipede|Scolipede, M|100/100
|-ability|p1a: Dinobird|Pressure
|turn|1
|
|t:|1634456604
|switch|p2a: Vanilluxe|Vanilluxe, M|100/100
|-weather|Hail|[from] ability: Snow Warning|[of] p2a: Vanilluxe
|move|p1a: Dinobird|Taunt|p2a: Vanilluxe
|-start|p2a: Vanilluxe|move: Taunt
|
|-weather|Hail|[upkeep]
|-damage|p1a: Dinobird|94/100|[from] Hail
|upkeep
|turn|2
|
|t:|1634456615
|move|p1a: Dinobird|Stealth Rock|p2a: Vanilluxe
|-sidestart|p2: Lucckyy|move: Stealth Rock
|move|p2a: Vanilluxe|Blizzard|p1a: Dinobird
|-supereffective|p1a: Dinobird
|-damage|p1a: Dinobird|0 fnt
|faint|p1a: Dinobird
|
|-weather|Hail|[upkeep]
|upkeep
|
|t:|1634456627
|switch|p1a: Best poney ever|Keldeo-Resolute|100/100
|turn|3
|
|t:|1634456638
|switch|p2a: Scolipede|Scolipede, M|100/100
|-damage|p2a: Scolipede|76/100|[from] Stealth Rock
|move|p1a: Best poney ever|Calm Mind|p1a: Best poney ever
|-boost|p1a: Best poney ever|spa|1
|-boost|p1a: Best poney ever|spd|1
|
|-weather|Hail|[upkeep]
|-damage|p2a: Scolipede|70/100|[from] Hail
|-damage|p1a: Best poney ever|94/100|[from] Hail
|-heal|p1a: Best poney ever|100/100|[from] item: Leftovers
|upkeep
|turn|4
|
|t:|1634456653
|move|p2a: Scolipede|Spikes|p1a: Best poney ever
|-sidestart|p1: Jackviven|Spikes
|move|p1a: Best poney ever|Scald|p2a: Scolipede
|-damage|p2a: Scolipede|0 fnt
|faint|p2a: Scolipede
|
|-weather|Hail|[upkeep]
|-damage|p1a: Best poney ever|94/100|[from] Hail
|-heal|p1a: Best poney ever|100/100|[from] item: Leftovers
|upkeep
|
|t:|1634456657
|switch|p2a: Sylveon|Sylveon, F|100/100
|-damage|p2a: Sylveon|88/100|[from] Stealth Rock
|turn|5
|
|t:|1634456666
|switch|p1a: Cute cancer|Togekiss, F|100/100
|move|p2a: Sylveon|Hyper Voice|p1a: Cute cancer
|-damage|p1a: Cute cancer|37/100
|
|-weather|Hail|[upkeep]
|-damage|p1a: Cute cancer|31/100|[from] Hail
|-damage|p2a: Sylveon|82/100|[from] Hail
|upkeep
|turn|6
|
|t:|1634456676
|move|p1a: Cute cancer|Air Slash|p2a: Sylveon
|-crit|p2a: Sylveon
|-damage|p2a: Sylveon|46/100
|cant|p2a: Sylveon|flinch
|
|-weather|Hail|[upkeep]
|-damage|p1a: Cute cancer|24/100|[from] Hail
|-damage|p2a: Sylveon|39/100|[from] Hail
|upkeep
|turn|7
|
|t:|1634456681
|switch|p2a: Beartic|Beartic, M|100/100
|move|p1a: Cute cancer|Air Slash|p2a: Beartic
|-damage|p2a: Beartic|65/100
|
|-weather|Hail|[upkeep]
|-damage|p1a: Cute cancer|18/100|[from] Hail
|upkeep
|turn|8
|
|t:|1634456688
|move|p2a: Beartic|Icicle Crash|p1a: Cute cancer
|-supereffective|p1a: Cute cancer
|-damage|p1a: Cute cancer|0 fnt
|faint|p1a: Cute cancer
|
|-weather|none
|upkeep
|
|t:|1634456699
|switch|p1a: Lapin lapin gentil|Diggersby, M|100/100
|-damage|p1a: Lapin lapin gentil|88/100|[from] Spikes
|turn|9
|
|t:|1634456706
|switch|p2a: Sylveon|Sylveon, F|39/100
|-damage|p2a: Sylveon|27/100|[from] Stealth Rock
|move|p1a: Lapin lapin gentil|Earthquake|p2a: Sylveon
|-damage|p2a: Sylveon|0 fnt
|faint|p2a: Sylveon
|
|upkeep
|
|t:|1634456708
|switch|p2a: Vanilluxe|Vanilluxe, M|100/100
|-damage|p2a: Vanilluxe|76/100|[from] Stealth Rock
|-weather|Hail|[from] ability: Snow Warning|[of] p2a: Vanilluxe
|turn|10
|
|t:|1634456724
|switch|p1a: Best poney ever|Keldeo-Resolute|100/100
|-damage|p1a: Best poney ever|88/100|[from] Spikes
|move|p2a: Vanilluxe|Freeze-Dry|p1a: Best poney ever
|-supereffective|p1a: Best poney ever
|-damage|p1a: Best poney ever|15/100
|
|-weather|Hail|[upkeep]
|-damage|p1a: Best poney ever|9/100|[from] Hail
|-heal|p1a: Best poney ever|15/100|[from] item: Leftovers
|upkeep
|turn|11
|
|t:|1634456736
|switch|p2a: Aegislash|Aegislash, M|100/100
|-damage|p2a: Aegislash|94/100|[from] Stealth Rock
|move|p1a: Best poney ever|Secret Sword|p2a: Aegislash
|-immune|p2a: Aegislash
|
|-weather|Hail|[upkeep]
|-damage|p1a: Best poney ever|9/100|[from] Hail
|-damage|p2a: Aegislash|88/100|[from] Hail
|-heal|p1a: Best poney ever|15/100|[from] item: Leftovers
|upkeep
|turn|12
|
|t:|1634456744
|move|p1a: Best poney ever|Scald|p2a: Aegislash
|-damage|p2a: Aegislash|56/100
|-formechange|p2a: Aegislash|Aegislash-Blade||[from] ability: Stance Change
|move|p2a: Aegislash|Flash Cannon|p1a: Best poney ever
|-resisted|p1a: Best poney ever
|-damage|p1a: Best poney ever|0 fnt
|faint|p1a: Best poney ever
|
|-weather|Hail|[upkeep]
|-damage|p2a: Aegislash|50/100|[from] Hail
|upkeep
|
|t:|1634456761
|switch|p1a: Lapin lapin gentil|Diggersby, M|88/100
|-damage|p1a: Lapin lapin gentil|76/100|[from] Spikes
|turn|13
|
|t:|1634456767
|move|p1a: Lapin lapin gentil|Earthquake|p2a: Aegislash
|-supereffective|p2a: Aegislash
|-damage|p2a: Aegislash|0 fnt
|faint|p2a: Aegislash
|
|-weather|Hail|[upkeep]
|-damage|p1a: Lapin lapin gentil|70/100|[from] Hail
|upkeep
|
|t:|1634456768
|switch|p2a: Arctovish|Arctovish|100/100
|-damage|p2a: Arctovish|76/100|[from] Stealth Rock
|turn|14
|
|t:|1634456785
|move|p1a: Lapin lapin gentil|Quick Attack|p2a: Arctovish
|-damage|p2a: Arctovish|38/100
|move|p2a: Arctovish|Blizzard|p1a: Lapin lapin gentil
|-supereffective|p1a: Lapin lapin gentil
|-damage|p1a: Lapin lapin gentil|0 fnt
|faint|p1a: Lapin lapin gentil
|
|-weather|Hail|[upkeep]
|upkeep
|inactive|Jackviven has 120 seconds left.
|
|t:|1634456815
|switch|p1a: Toutoutoutcute|Zygarde-10%|100/100
|-damage|p1a: Toutoutoutcute|88/100|[from] Spikes
|-ability|p1a: Toutoutoutcute|Aura Break
|turn|15
|j| gully
|
|t:|1634456845
|move|p1a: Toutoutoutcute|Extreme Speed|p2a: Arctovish
|-damage|p2a: Arctovish|0 fnt
|faint|p2a: Arctovish
|-damage|p1a: Toutoutoutcute|78/100|[from] item: Life Orb
|
|-weather|Hail|[upkeep]
|-damage|p1a: Toutoutoutcute|72/100|[from] Hail
|upkeep
|
|t:|1634456846
|switch|p2a: Beartic|Beartic, M|65/100
|turn|16
|
|t:|1634456855
|move|p1a: Toutoutoutcute|Extreme Speed|p2a: Beartic
|-damage|p2a: Beartic|26/100
|-damage|p1a: Toutoutoutcute|63/100|[from] item: Life Orb
|move|p2a: Beartic|Icicle Crash|p1a: Toutoutoutcute
|-supereffective|p1a: Toutoutoutcute
|-damage|p1a: Toutoutoutcute|0 fnt
|faint|p1a: Toutoutoutcute
|
|-weather|Hail|[upkeep]
|upkeep
|
|t:|1634456862
|switch|p1a: Cute monkey|Zarude|100/100
|-damage|p1a: Cute monkey|88/100|[from] Spikes
|turn|17
|
|t:|1634456869
|move|p1a: Cute monkey|Power Whip|p2a: Beartic
|-damage|p2a: Beartic|0 fnt
|faint|p2a: Beartic
|
|-weather|none
|upkeep
|
|t:|1634456871
|switch|p2a: Vanilluxe|Vanilluxe, M|76/100
|-damage|p2a: Vanilluxe|51/100|[from] Stealth Rock
|-weather|Hail|[from] ability: Snow Warning|[of] p2a: Vanilluxe
|turn|18
|
|t:|1634456873
|move|p1a: Cute monkey|Power Whip|p2a: Vanilluxe
|-damage|p2a: Vanilluxe|0 fnt
|faint|p2a: Vanilluxe
|
|win|Jackviven
|raw|Jackviven's rating: 1316 &rarr; <strong>1350</strong><br />(+34 for winning)
|raw|Lucckyy's rating: 1626 &rarr; <strong>1592</strong><br />(-34 for losing)
|l|☆Lucckyy
