|j|☆5 pia to the top
|j|☆discardedcash
|t:|1660354064
|gametype|singles
|player|p1|5 pia to the top|#uutrio2ladder|1588
|player|p2|discardedcash|jasmine|1481
|teamsize|p1|5
|teamsize|p2|6
|gen|8
|tier|[Gen 8] UU
|rated|
|rule|Sleep Clause Mod: Limit one foe put to sleep
|rule|Species Clause: Limit one of each Pokémon
|rule|OHKO Clause: OHKO moves are banned
|rule|Evasion Items Clause: Evasion items are banned
|rule|Evasion Moves Clause: Evasion moves are banned
|rule|Endless Battle Clause: Forcing endless battles is banned
|rule|HP Percentage Mod: HP is shown in percentages
|rule|Dynamax Clause: You cannot dynamax
|clearpoke
|poke|p1|Salamence, F|
|poke|p1|Chansey, F|
|poke|p1|Umbreon, F|
|poke|p1|Quagsire, M|
|poke|p1|Tangrowth, F|
|poke|p2|Chansey, F|
|poke|p2|Hydreigon, F|
|poke|p2|Torkoal, F|
|poke|p2|Venusaur, M|
|poke|p2|Jirachi|
|poke|p2|Rotom-Heat|
|teampreview
|inactive|Battle timer is ON: inactive players will automatically lose when time's up. (requested by discardedcash)
|j| amogusroxyrrrr
|
|t:|1660354101
|start
|switch|p1a: megan the eggin|Chansey, F|100/100
|switch|p2a: Torkoal|Torkoal, F|100/100
|-weather|SunnyDay|[from] ability: Drought|[of] p2a: Torkoal
|turn|1
|
|t:|1660354112
|move|p1a: megan the eggin|Stealth Rock|p2a: Torkoal
|-sidestart|p2: discardedcash|move: Stealth Rock
|move|p2a: Torkoal|Stealth Rock|p1a: megan the eggin
|-sidestart|p1: 5 pia to the top|move: Stealth Rock
|
|-weather|SunnyDay|[upkeep]
|upkeep
|turn|2
|
|t:|1660354115
|move|p1a: megan the eggin|Toxic|p2a: Torkoal
|-status|p2a: Torkoal|tox
|move|p2a: Torkoal|Rapid Spin|p1a: megan the eggin
|-damage|p1a: megan the eggin|95/100
|-boost|p2a: Torkoal|spe|1
|-sideend|p2: discardedcash|Stealth Rock|[from] move: Rapid Spin|[of] p2a: Torkoal
|
|-weather|SunnyDay|[upkeep]
|-damage|p2a: Torkoal|94/100 tox|[from] psn
|upkeep
|turn|3
|
|t:|1660354124
|move|p1a: megan the eggin|Seismic Toss|p2a: Torkoal
|-damage|p2a: Torkoal|65/100 tox
|move|p2a: Torkoal|Body Press|p1a: megan the eggin
|-supereffective|p1a: megan the eggin
|-damage|p1a: megan the eggin|51/100
|
|-weather|SunnyDay|[upkeep]
|-damage|p2a: Torkoal|53/100 tox|[from] psn
|upkeep
|turn|4
|
|t:|1660354132
|switch|p2a: Venusaur|Venusaur, M|100/100
|move|p1a: megan the eggin|Stealth Rock|p2a: Venusaur
|-sidestart|p2: discardedcash|move: Stealth Rock
|
|-weather|SunnyDay|[upkeep]
|upkeep
|turn|5
|
|t:|1660354160
|move|p2a: Venusaur|Growth|p2a: Venusaur
|-boost|p2a: Venusaur|atk|2
|-boost|p2a: Venusaur|spa|2
|move|p1a: megan the eggin|Seismic Toss|p2a: Venusaur
|-damage|p2a: Venusaur|67/100
|
|-weather|SunnyDay|[upkeep]
|-heal|p2a: Venusaur|73/100|[from] item: Black Sludge
|upkeep
|turn|6
|j| ramoloST
|
|t:|1660354168
|move|p2a: Venusaur|Solar Beam||[still]
|-prepare|p2a: Venusaur|Solar Beam
|-anim|p2a: Venusaur|Solar Beam|p1a: megan the eggin
|-damage|p1a: megan the eggin|16/100
|move|p1a: megan the eggin|Soft-Boiled|p1a: megan the eggin
|-heal|p1a: megan the eggin|66/100
|
|-weather|SunnyDay|[upkeep]
|-heal|p2a: Venusaur|79/100|[from] item: Black Sludge
|upkeep
|turn|7
|c| ramoloST|gg
|c| ramoloST|nvm
|
|t:|1660354187
|switch|p2a: Jirachi|Jirachi|100/100
|-damage|p2a: Jirachi|94/100|[from] Stealth Rock
|move|p1a: megan the eggin|Soft-Boiled|p1a: megan the eggin
|-heal|p1a: megan the eggin|100/100
|
|-weather|SunnyDay|[upkeep]
|upkeep
|turn|8
|inactive|5 pia to the top has 120 seconds left.
|
|t:|1660354217
|switch|p1a: tang ur wang|Tangrowth, F|100/100
|-damage|p1a: tang ur wang|88/100|[from] Stealth Rock
|move|p2a: Jirachi|Iron Head|p1a: tang ur wang
|-damage|p1a: tang ur wang|64/100
|
|-weather|none
|upkeep
|turn|9
|inactive|5 pia to the top has 120 seconds left.
|
|t:|1660354231
|switch|p1a: poggy froggy|Quagsire, M|100/100
|-damage|p1a: poggy froggy|94/100|[from] Stealth Rock
|move|p2a: Jirachi|Iron Head|p1a: poggy froggy
|-resisted|p1a: poggy froggy
|-damage|p1a: poggy froggy|79/100
|
|-heal|p1a: poggy froggy|85/100|[from] item: Leftovers
|upkeep
|turn|10
|
|t:|1660354237
|switch|p2a: Rotom|Rotom-Heat|100/100
|move|p1a: poggy froggy|Scald|p2a: Rotom
|-supereffective|p2a: Rotom
|-damage|p2a: Rotom|50/100
|
|-heal|p1a: poggy froggy|91/100|[from] item: Leftovers
|upkeep
|turn|11
|inactive|5 pia to the top has 120 seconds left.
|
|t:|1660354263
|move|p2a: Rotom|Defog|p1a: poggy froggy
|-unboost|p1a: poggy froggy|evasion|1
|-sideend|p1: 5 pia to the top|Stealth Rock|[from] move: Defog|[of] p2a: Rotom
|-sideend|p2: discardedcash|Stealth Rock|[from] move: Defog|[of] p2a: Rotom
|move|p1a: poggy froggy|Toxic|p2a: Rotom
|-status|p2a: Rotom|tox
|
|-heal|p1a: poggy froggy|97/100|[from] item: Leftovers
|-damage|p2a: Rotom|44/100 tox|[from] psn
|upkeep
|turn|12
|inactive|5 pia to the top has 120 seconds left.
|
|t:|1660354270
|switch|p2a: Torkoal|Torkoal, F|53/100 tox
|-weather|SunnyDay|[from] ability: Drought|[of] p2a: Torkoal
|move|p1a: poggy froggy|Scald|p2a: Torkoal
|-supereffective|p2a: Torkoal
|-damage|p2a: Torkoal|27/100 tox
|
|-weather|SunnyDay|[upkeep]
|-heal|p1a: poggy froggy|100/100|[from] item: Leftovers
|-damage|p2a: Torkoal|21/100 tox|[from] psn
|upkeep
|turn|13
|
|t:|1660354276
|switch|p1a: megan the eggin|Chansey, F|100/100
|switch|p2a: Venusaur|Venusaur, M|79/100
|
|-weather|SunnyDay|[upkeep]
|-heal|p2a: Venusaur|85/100|[from] item: Black Sludge
|upkeep
|turn|14
|
|t:|1660354282
|move|p2a: Venusaur|Growth|p2a: Venusaur
|-boost|p2a: Venusaur|atk|2
|-boost|p2a: Venusaur|spa|2
|move|p1a: megan the eggin|Seismic Toss|p2a: Venusaur
|-damage|p2a: Venusaur|52/100
|
|-weather|SunnyDay|[upkeep]
|-heal|p2a: Venusaur|58/100|[from] item: Black Sludge
|upkeep
|turn|15
|
|t:|1660354286
|move|p2a: Venusaur|Growth|p2a: Venusaur
|-boost|p2a: Venusaur|atk|2
|-boost|p2a: Venusaur|spa|2
|move|p1a: megan the eggin|Seismic Toss|p2a: Venusaur
|-damage|p2a: Venusaur|25/100
|
|-weather|SunnyDay|[upkeep]
|-heal|p2a: Venusaur|31/100|[from] item: Black Sludge
|upkeep
|turn|16
|
|t:|1660354293
|move|p2a: Venusaur|Solar Beam||[still]
|-prepare|p2a: Venusaur|Solar Beam
|-anim|p2a: Venusaur|Solar Beam|p1a: megan the eggin
|-damage|p1a: megan the eggin|51/100
|move|p1a: megan the eggin|Seismic Toss|p2a: Venusaur
|-damage|p2a: Venusaur|0 fnt
|faint|p2a: Venusaur
|
|-weather|SunnyDay|[upkeep]
|upkeep
|
|t:|1660354303
|switch|p2a: Jirachi|Jirachi|94/100
|turn|17
|
|t:|1660354309
|switch|p1a: tang ur wang|Tangrowth, F|97/100
|move|p2a: Jirachi|Iron Head|p1a: tang ur wang
|-damage|p1a: tang ur wang|74/100
|
|-weather|SunnyDay|[upkeep]
|upkeep
|turn|18
|
|t:|1660354315
|switch|p1a: poggy froggy|Quagsire, M|100/100
|move|p2a: Jirachi|Iron Head|p1a: poggy froggy
|-resisted|p1a: poggy froggy
|-damage|p1a: poggy froggy|82/100
|
|-weather|SunnyDay|[upkeep]
|-heal|p1a: poggy froggy|89/100|[from] item: Leftovers
|upkeep
|turn|19
|
|t:|1660354319
|switch|p2a: Chansey|Chansey, F|100/100
|move|p1a: poggy froggy|Toxic|p2a: Chansey
|-status|p2a: Chansey|tox
|
|-weather|none
|-heal|p1a: poggy froggy|95/100|[from] item: Leftovers
|-damage|p2a: Chansey|94/100 tox|[from] psn
|upkeep
|turn|20
|
|t:|1660354323
|switch|p1a: megan the eggin|Chansey, F|51/100
|move|p2a: Chansey|Seismic Toss|p1a: megan the eggin
|-damage|p1a: megan the eggin|36/100
|
|-damage|p2a: Chansey|82/100 tox|[from] psn
|upkeep
|turn|21
|
|t:|1660354326
|move|p1a: megan the eggin|Soft-Boiled|p1a: megan the eggin
|-heal|p1a: megan the eggin|86/100
|move|p2a: Chansey|Thunder Wave|p1a: megan the eggin|[miss]
|-miss|p2a: Chansey|p1a: megan the eggin
|
|-damage|p2a: Chansey|64/100 tox|[from] psn
|upkeep
|turn|22
|
|t:|1660354329
|move|p1a: megan the eggin|Stealth Rock|p2a: Chansey
|-sidestart|p2: discardedcash|move: Stealth Rock
|move|p2a: Chansey|Thunder Wave|p1a: megan the eggin
|-status|p1a: megan the eggin|par
|
|-damage|p2a: Chansey|39/100 tox|[from] psn
|upkeep
|turn|23
|
|t:|1660354334
|-curestatus|p2a: Chansey|tox|[from] ability: Natural Cure
|switch|p2a: Jirachi|Jirachi|94/100
|-damage|p2a: Jirachi|88/100|[from] Stealth Rock
|-curestatus|p1a: megan the eggin|par|[from] ability: Natural Cure
|switch|p1a: poggy froggy|Quagsire, M|95/100
|
|-heal|p1a: poggy froggy|100/100|[from] item: Leftovers
|upkeep
|turn|24
|
|t:|1660354339
|switch|p1a: tang ur wang|Tangrowth, F|100/100
|move|p2a: Jirachi|Zen Headbutt|p1a: tang ur wang
|-damage|p1a: tang ur wang|75/100
|
|upkeep
|turn|25
|
|t:|1660354344
|move|p2a: Jirachi|Zen Headbutt|p1a: tang ur wang
|-crit|p1a: tang ur wang
|-damage|p1a: tang ur wang|39/100
|move|p1a: tang ur wang|Earthquake|p2a: Jirachi
|-supereffective|p2a: Jirachi
|-damage|p2a: Jirachi|38/100
|
|upkeep
|turn|26
|
|t:|1660354349
|move|p2a: Jirachi|Zen Headbutt|p1a: tang ur wang
|-damage|p1a: tang ur wang|17/100
|cant|p1a: tang ur wang|flinch
|
|upkeep
|turn|27
|
|t:|1660354353
|switch|p1a: umby wumby|Umbreon, F|100/100
|move|p2a: Jirachi|Zen Headbutt|p1a: umby wumby
|-immune|p1a: umby wumby
|
|upkeep
|turn|28
|
|t:|1660354357
|switch|p2a: Chansey|Chansey, F|39/100
|-damage|p2a: Chansey|27/100|[from] Stealth Rock
|switch|p1a: tang ur wang|Tangrowth, F|50/100
|
|upkeep
|turn|29
|
|t:|1660354361
|move|p1a: tang ur wang|Knock Off|p2a: Chansey
|-damage|p2a: Chansey|12/100
|-enditem|p2a: Chansey|Eviolite|[from] move: Knock Off|[of] p1a: tang ur wang
|move|p2a: Chansey|Soft-Boiled|p2a: Chansey
|-heal|p2a: Chansey|62/100
|
|upkeep
|turn|30
|
|t:|1660354367
|switch|p1a: poggy froggy|Quagsire, M|100/100
|move|p2a: Chansey|Counter||[still]
|-fail|p2a: Chansey
|
|upkeep
|turn|31
|
|t:|1660354375
|move|p2a: Chansey|Soft-Boiled|p2a: Chansey
|-heal|p2a: Chansey|100/100
|move|p1a: poggy froggy|Toxic|p2a: Chansey
|-status|p2a: Chansey|tox
|
|-damage|p2a: Chansey|94/100 tox|[from] psn
|upkeep
|turn|32
|
|t:|1660354379
|-curestatus|p2a: Chansey|tox|[from] ability: Natural Cure
|switch|p2a: Hydreigon|Hydreigon, F|100/100
|-damage|p2a: Hydreigon|88/100|[from] Stealth Rock
|move|p1a: poggy froggy|Scald|p2a: Hydreigon
|-resisted|p2a: Hydreigon
|-damage|p2a: Hydreigon|76/100
|-status|p2a: Hydreigon|brn
|
|-damage|p2a: Hydreigon|70/100 brn|[from] brn
|upkeep
|turn|33
|
|t:|1660354386
|switch|p1a: megan the eggin|Chansey, F|86/100
|move|p2a: Hydreigon|Draco Meteor|p1a: megan the eggin
|-damage|p1a: megan the eggin|57/100
|-unboost|p2a: Hydreigon|spa|2
|
|-damage|p2a: Hydreigon|64/100 brn|[from] brn
|upkeep
|turn|34
|
|t:|1660354392
|switch|p2a: Jirachi|Jirachi|38/100
|-damage|p2a: Jirachi|32/100|[from] Stealth Rock
|move|p1a: megan the eggin|Soft-Boiled|p1a: megan the eggin
|-heal|p1a: megan the eggin|100/100
|
|upkeep
|turn|35
|
|t:|1660354399
|switch|p1a: tang ur wang|Tangrowth, F|83/100
|move|p2a: Jirachi|Iron Head|p1a: tang ur wang
|-damage|p1a: tang ur wang|58/100
|
|upkeep
|turn|36
|
|t:|1660354407
|switch|p2a: Chansey|Chansey, F|94/100
|-damage|p2a: Chansey|82/100|[from] Stealth Rock
|move|p1a: tang ur wang|Knock Off|p2a: Chansey
|-damage|p2a: Chansey|66/100
|
|upkeep
|turn|37
|
|t:|1660354410
|switch|p1a: poggy froggy|Quagsire, M|100/100
|move|p2a: Chansey|Seismic Toss|p1a: poggy froggy
|-damage|p1a: poggy froggy|75/100
|
|-heal|p1a: poggy froggy|81/100|[from] item: Leftovers
|upkeep
|turn|38
|
|t:|1660354414
|move|p2a: Chansey|Seismic Toss|p1a: poggy froggy
|-damage|p1a: poggy froggy|56/100
|move|p1a: poggy froggy|Toxic|p2a: Chansey
|-status|p2a: Chansey|tox
|
|-heal|p1a: poggy froggy|62/100|[from] item: Leftovers
|-damage|p2a: Chansey|60/100 tox|[from] psn
|upkeep
|turn|39
|
|t:|1660354418
|move|p2a: Chansey|Seismic Toss|p1a: poggy froggy
|-damage|p1a: poggy froggy|37/100
|move|p1a: poggy froggy|Scald|p2a: Chansey
|-damage|p2a: Chansey|51/100 tox
|
|-heal|p1a: poggy froggy|43/100|[from] item: Leftovers
|-damage|p2a: Chansey|38/100 tox|[from] psn
|upkeep
|turn|40
|
|t:|1660354422
|move|p2a: Chansey|Soft-Boiled|p2a: Chansey
|-heal|p2a: Chansey|89/100 tox
|move|p1a: poggy froggy|Recover|p1a: poggy froggy
|-heal|p1a: poggy froggy|93/100
|
|-heal|p1a: poggy froggy|99/100|[from] item: Leftovers
|-damage|p2a: Chansey|70/100 tox|[from] psn
|upkeep
|turn|41
|-message|discardedcash forfeited.
|
|win|5 pia to the top
|raw|5 pia to the top's rating: 1588 &rarr; <strong>1602</strong><br />(+14 for winning)
|raw|discardedcash's rating: 1481 &rarr; <strong>1467</strong><br />(-14 for losing)
|l|☆discardedcash
|l| amogusroxyrrrr
||Ladder isn't responding, score probably updated but might not have (Request timeout).
