|j|☆Mimilucha
|j|☆Zephyyyr
|t:|1663853453
|gametype|singles
|player|p1|Mimilucha|ethan-masters|
|player|p2|Zephyyyr|richboy|
|teamsize|p1|6
|teamsize|p2|6
|gen|8
|tier|[Gen 8] UU
|rule|Sleep Clause Mod: Limit one foe put to sleep
|rule|Species Clause: Limit one of each Pokémon
|rule|OHKO Clause: OHKO moves are banned
|rule|Evasion Items Clause: Evasion items are banned
|rule|Evasion Moves Clause: Evasion moves are banned
|rule|Endless Battle Clause: Forcing endless battles is banned
|rule|HP Percentage Mod: HP is shown in percentages
|rule|Dynamax Clause: You cannot dynamax
|clearpoke
|poke|p1|Slowbro-Galar, F|
|poke|p1|Salamence, M|
|poke|p1|Scizor, F|
|poke|p1|Chansey, F|
|poke|p1|Quagsire, F|
|poke|p1|Umbreon, M|
|poke|p2|Cobalion|
|poke|p2|Reuniclus, M|
|poke|p2|Tangrowth, M|
|poke|p2|Primarina, M|
|poke|p2|Diggersby, M|
|poke|p2|Salamence, M|
|teampreview
|inactive|Battle timer is ON: inactive players will automatically lose when time's up. (requested by Mimilucha)
|c|☆Zephyyyr|Hf
|c|☆Mimilucha|hf
|j| Heerv
|j| Sageau
|j| CaptainEikichi
|inactive|Mimilucha has 270 seconds left.
|inactive|Zephyyyr has 270 seconds left.
|l| Heerv
|j| Heerv
|j| Chose Truc
|inactive|Zephyyyr has 240 seconds left.
|
|t:|1663853517
|start
|switch|p1a: Scizor|Scizor, F|100/100
|switch|p2a: I Am One|Diggersby, M|100/100
|turn|1
|
|t:|1663853524
|switch|p1a: Salamence|Salamence, M|100/100
|-ability|p1a: Salamence|Intimidate|boost
|-unboost|p2a: I Am One|atk|1
|move|p2a: I Am One|U-turn|p1a: Salamence
|-resisted|p1a: Salamence
|-damage|p1a: Salamence|93/100
|j| Annabels
|
|t:|1663853534
|switch|p2a: Where Did It Go?|Primarina, M|100/100|[from]move: U-turn
|
|upkeep
|turn|2
|
|t:|1663853539
|switch|p1a: Chansey|Chansey, F|100/100
|switch|p2a: Rise Up|Cobalion, shiny|100/100
|
|upkeep
|turn|3
|
|t:|1663853549
|switch|p1a: Salamence|Salamence, M|93/100
|-ability|p1a: Salamence|Intimidate|boost
|-unboost|p2a: Rise Up|atk|1
|move|p2a: Rise Up|Stealth Rock|p1a: Salamence
|-sidestart|p1: Mimilucha|move: Stealth Rock
|
|upkeep
|turn|4
|
|t:|1663853554
|switch|p2a: Alone In A Room|Reuniclus, M, shiny|100/100
|move|p1a: Salamence|Defog|p2a: Alone In A Room
|-unboost|p2a: Alone In A Room|evasion|1
|-sideend|p1: Mimilucha|Stealth Rock|[from] move: Defog|[of] p1a: Salamence
|
|upkeep
|turn|5
|j| SLHDSN
|
|t:|1663853569
|switch|p1a: Scizor|Scizor, F|100/100
|switch|p2a: Into The Fire|Tangrowth, M|100/100
|
|upkeep
|turn|6
|
|t:|1663853574
|move|p1a: Scizor|Knock Off|p2a: Into The Fire
|-damage|p2a: Into The Fire|81/100
|-enditem|p2a: Into The Fire|Assault Vest|[from] move: Knock Off|[of] p1a: Scizor
|move|p2a: Into The Fire|Knock Off|p1a: Scizor
|-damage|p1a: Scizor|81/100
|-enditem|p1a: Scizor|Heavy-Duty Boots|[from] move: Knock Off|[of] p2a: Into The Fire
|
|upkeep
|turn|7
|
|t:|1663853578
|switch|p2a: Rise Up|Cobalion, shiny|100/100
|move|p1a: Scizor|Knock Off|p2a: Rise Up
|-resisted|p2a: Rise Up
|-damage|p2a: Rise Up|89/100
|-damage|p1a: Scizor|64/100|[from] item: Rocky Helmet|[of] p2a: Rise Up
|-ability|p2a: Rise Up|Justified|boost
|-boost|p2a: Rise Up|atk|1
|-enditem|p2a: Rise Up|Rocky Helmet|[from] move: Knock Off|[of] p1a: Scizor
|
|upkeep
|turn|8
|j| Greycat01
|
|t:|1663853586
|switch|p1a: Salamence|Salamence, M|93/100
|-ability|p1a: Salamence|Intimidate|boost
|-unboost|p2a: Rise Up|atk|1
|move|p2a: Rise Up|Iron Head|p1a: Salamence
|-damage|p1a: Salamence|67/100
|
|upkeep
|turn|9
|
|t:|1663853594
|switch|p2a: Alone In A Room|Reuniclus, M, shiny|100/100
|move|p1a: Salamence|Roost|p1a: Salamence
|-heal|p1a: Salamence|100/100
|-singleturn|p1a: Salamence|move: Roost
|
|upkeep
|turn|10
|l| CaptainEikichi
|j|+Unamed
|inactive|Zephyyyr has 270 seconds left.
|
|t:|1663853630
|switch|p1a: Scizor|Scizor, F|64/100
|move|p2a: Alone In A Room|Calm Mind|p2a: Alone In A Room
|-boost|p2a: Alone In A Room|spa|1
|-boost|p2a: Alone In A Room|spd|1
|
|upkeep
|turn|11
|inactive|Zephyyyr has 270 seconds left.
|j| Ereshkigal
|inactive|Mimilucha has 270 seconds left.
|
|t:|1663853662
|move|p1a: Scizor|Roost|p1a: Scizor
|-heal|p1a: Scizor|100/100
|-singleturn|p1a: Scizor|move: Roost
|move|p2a: Alone In A Room|Focus Blast|p1a: Scizor
|-damage|p1a: Scizor|51/100
|-unboost|p1a: Scizor|spd|1
|
|upkeep
|turn|12
|inactive|Zephyyyr has 270 seconds left.
|j| CaptainEikichi
|l| CaptainEikichi
|inactive|Zephyyyr has 240 seconds left.
|
|t:|1663853698
|switch|p1a: Quagsire|Quagsire, F|100/100
|switch|p2a: I Am One|Diggersby, M|100/100
|
|upkeep
|turn|13
|j| Limp Bi(z)KiQ
|j| CaptainEikichi
|
|t:|1663853710
|move|p2a: I Am One|U-turn|p1a: Quagsire
|-damage|p1a: Quagsire|80/100
|
|t:|1663853717
|switch|p2a: Alone In A Room|Reuniclus, M, shiny|100/100|[from]move: U-turn
|move|p1a: Quagsire|Toxic|p2a: Alone In A Room
|-status|p2a: Alone In A Room|tox
|
|-heal|p1a: Quagsire|86/100|[from] item: Leftovers
|upkeep
|turn|14
|j| Hyss
|
|t:|1663853727
|switch|p2a: Vultures|Salamence, M|100/100
|-ability|p2a: Vultures|Intimidate|boost
|-unboost|p1a: Quagsire|atk|1
|switch|p1a: Umbreon|Umbreon, M|100/100
|
|upkeep
|turn|15
|l| Limp Bi(z)KiQ
|
|t:|1663853735
|switch|p2a: Rise Up|Cobalion, shiny|89/100
|switch|p1a: Chansey|Chansey, F|100/100
|
|upkeep
|turn|16
|
|t:|1663853750
|switch|p1a: Salamence|Salamence, M|100/100
|-ability|p1a: Salamence|Intimidate|boost
|-unboost|p2a: Rise Up|atk|1
|move|p2a: Rise Up|Stealth Rock|p1a: Salamence
|-sidestart|p1: Mimilucha|move: Stealth Rock
|
|upkeep
|turn|17
|l| CaptainEikichi
|
|t:|1663853768
|switch|p2a: Where Did It Go?|Primarina, M|100/100
|move|p1a: Salamence|Defog|p2a: Where Did It Go?
|-unboost|p2a: Where Did It Go?|evasion|1
|-sideend|p1: Mimilucha|Stealth Rock|[from] move: Defog|[of] p1a: Salamence
|
|upkeep
|turn|18
|j| Givra no bi ☯
|
|t:|1663853777
|switch|p1a: Chansey|Chansey, F|100/100
|switch|p2a: Rise Up|Cobalion, shiny|89/100
|
|upkeep
|turn|19
|j| lucix
|inactive|Zephyyyr has 270 seconds left.
|
|t:|1663853783
|switch|p1a: Salamence|Salamence, M|100/100
|-ability|p1a: Salamence|Intimidate|boost
|-unboost|p2a: Rise Up|atk|1
|move|p2a: Rise Up|Stealth Rock|p1a: Salamence
|-sidestart|p1: Mimilucha|move: Stealth Rock
|
|upkeep
|turn|20
|inactive|Zephyyyr has 270 seconds left.
|
|t:|1663853795
|switch|p2a: Alone In A Room|Reuniclus, M, shiny|100/100 tox
|move|p1a: Salamence|Defog|p2a: Alone In A Room
|-unboost|p2a: Alone In A Room|evasion|1
|-sideend|p1: Mimilucha|Stealth Rock|[from] move: Defog|[of] p1a: Salamence
|
|upkeep
|turn|21
|inactive|Zephyyyr has 270 seconds left.
|
|t:|1663853811
|switch|p1a: Scizor|Scizor, F|51/100
|switch|p2a: Where Did It Go?|Primarina, M|100/100
|
|upkeep
|turn|22
|j| Limp Bi(z)KiQ
|
|t:|1663853816
|switch|p1a: Chansey|Chansey, F|100/100
|move|p2a: Where Did It Go?|Scald|p1a: Chansey
|-crit|p1a: Chansey
|-damage|p1a: Chansey|79/100
|-status|p1a: Chansey|brn
|
|-damage|p1a: Chansey|73/100 brn|[from] brn
|upkeep
|turn|23
|l|+Unamed
|
|t:|1663853825
|switch|p2a: Rise Up|Cobalion, shiny|89/100
|move|p1a: Chansey|Seismic Toss|p2a: Rise Up
|-damage|p2a: Rise Up|58/100
|
|-damage|p1a: Chansey|67/100 brn|[from] brn
|upkeep
|turn|24
|j|+Unamed
|
|t:|1663853838
|-curestatus|p1a: Chansey|brn|[from] ability: Natural Cure
|switch|p1a: Salamence|Salamence, M|100/100
|-ability|p1a: Salamence|Intimidate|boost
|-unboost|p2a: Rise Up|atk|1
|move|p2a: Rise Up|Stealth Rock|p1a: Salamence
|-sidestart|p1: Mimilucha|move: Stealth Rock
|
|upkeep
|turn|25
|
|t:|1663853843
|switch|p2a: Alone In A Room|Reuniclus, M, shiny|100/100 tox
|move|p1a: Salamence|Defog|p2a: Alone In A Room
|-unboost|p2a: Alone In A Room|evasion|1
|-sideend|p1: Mimilucha|Stealth Rock|[from] move: Defog|[of] p1a: Salamence
|
|upkeep
|turn|26
|l|+Unamed
|
|t:|1663853869
|switch|p1a: Scizor|Scizor, F|51/100
|switch|p2a: Into The Fire|Tangrowth, M|100/100
|
|upkeep
|turn|27
|l| Greycat01
|j|+Unamed
|
|t:|1663853876
|switch|p2a: Vultures|Salamence, M|100/100
|-ability|p2a: Vultures|Intimidate|boost
|-unboost|p1a: Scizor|atk|1
|move|p1a: Scizor|Roost|p1a: Scizor
|-heal|p1a: Scizor|100/100
|-singleturn|p1a: Scizor|move: Roost
|
|upkeep
|turn|28
|l|+Unamed
|
|t:|1663853888
|switch|p2a: I Am One|Diggersby, M|100/100
|switch|p1a: Chansey|Chansey, F|67/100
|
|upkeep
|turn|29
|l| SLHDSN
|
|t:|1663853899
|switch|p1a: Salamence|Salamence, M|100/100
|-ability|p1a: Salamence|Intimidate|boost
|-unboost|p2a: I Am One|atk|1
|move|p2a: I Am One|Body Slam|p1a: Salamence
|-damage|p1a: Salamence|73/100
|
|upkeep
|turn|30
|
|t:|1663853910
|switch|p2a: Alone In A Room|Reuniclus, M, shiny|100/100 tox
|move|p1a: Salamence|Dual Wingbeat|p2a: Alone In A Room
|-damage|p2a: Alone In A Room|88/100 tox
|-damage|p2a: Alone In A Room|75/100 tox
|-hitcount|p2a: Alone In A Room|2
|
|upkeep
|turn|31
|j| Zenadark
|
|t:|1663853934
|switch|p1a: Slowbro|Slowbro-Galar, F|100/100
|switch|p2a: Vultures|Salamence, M|100/100
|-ability|p2a: Vultures|Intimidate|boost
|-unboost|p1a: Slowbro|atk|1
|
|upkeep
|turn|32
|j| Jeza.p
|j| Adri
|j|+Unamed
|l| Zenadark
|j| Sharow 水上
|
|t:|1663853957
|switch|p1a: Chansey|Chansey, F|67/100
|move|p2a: Vultures|Hurricane|p1a: Chansey|[miss]
|-miss|p2a: Vultures|p1a: Chansey
|
|upkeep
|turn|33
|j| Zenadark
|
|t:|1663853964
|switch|p2a: I Am One|Diggersby, M|100/100
|move|p1a: Chansey|Soft-Boiled|p1a: Chansey
|-heal|p1a: Chansey|100/100
|
|upkeep
|turn|34
|c| Sharow 水上|derby salty
|l|+Unamed
|c| Zenadark|Comment t’as tué le fun mimi :/
|
|t:|1663853975
|switch|p1a: Salamence|Salamence, M|73/100
|-ability|p1a: Salamence|Intimidate|boost
|-unboost|p2a: I Am One|atk|1
|move|p2a: I Am One|U-turn|p1a: Salamence
|-resisted|p1a: Salamence
|-damage|p1a: Salamence|65/100
|
|t:|1663853977
|switch|p2a: Where Did It Go?|Primarina, M|100/100|[from]move: U-turn
|
|upkeep
|turn|35
|
|t:|1663853983
|switch|p1a: Chansey|Chansey, F|100/100
|move|p2a: Where Did It Go?|Moonblast|p1a: Chansey
|-damage|p1a: Chansey|84/100
|
|upkeep
|turn|36
|j| PasPhilosophe
|
|t:|1663853990
|switch|p2a: Rise Up|Cobalion, shiny|58/100
|move|p1a: Chansey|Stealth Rock|p2a: Rise Up
|-sidestart|p2: Zephyyyr|move: Stealth Rock
|
|upkeep
|turn|37
|j|+Tuthur
|
|t:|1663853995
|switch|p1a: Salamence|Salamence, M|65/100
|-ability|p1a: Salamence|Intimidate|boost
|-unboost|p2a: Rise Up|atk|1
|move|p2a: Rise Up|Stealth Rock|p1a: Salamence
|-sidestart|p1: Mimilucha|move: Stealth Rock
|
|upkeep
|turn|38
|
|t:|1663853999
|switch|p2a: Alone In A Room|Reuniclus, M, shiny|75/100 tox
|move|p1a: Salamence|Defog|p2a: Alone In A Room
|-unboost|p2a: Alone In A Room|evasion|1
|-sideend|p2: Zephyyyr|Stealth Rock|[from] move: Defog|[of] p1a: Salamence
|-sideend|p1: Mimilucha|Stealth Rock|[from] move: Defog|[of] p1a: Salamence
|
|upkeep
|turn|39
|j| Skilpad
|l| PasPhilosophe
|j|+Dlanyer
|l| Zenadark
|
|t:|1663854022
|switch|p1a: Scizor|Scizor, F|100/100
|switch|p2a: Into The Fire|Tangrowth, M|100/100
|
|upkeep
|turn|40
|c|+Dlanyer|Diggy!!!!!
|j| black thunderbolt
|
|t:|1663854032
|switch|p2a: Vultures|Salamence, M|100/100
|-ability|p2a: Vultures|Intimidate|boost
|-unboost|p1a: Scizor|atk|1
|move|p1a: Scizor|Bullet Punch|p2a: Vultures
|-damage|p2a: Vultures|83/100
|
|upkeep
|turn|41
|j| Zenadark
|
|t:|1663854049
|switch|p2a: Rise Up|Cobalion, shiny|58/100
|switch|p1a: Chansey|Chansey, F|84/100
|
|upkeep
|turn|42
|
|t:|1663854055
|switch|p1a: Salamence|Salamence, M|65/100
|-ability|p1a: Salamence|Intimidate|boost
|-unboost|p2a: Rise Up|atk|1
|move|p2a: Rise Up|Swords Dance|p2a: Rise Up
|-boost|p2a: Rise Up|atk|2
|
|upkeep
|turn|43
|
|t:|1663854080
|switch|p1a: Quagsire|Quagsire, F|86/100
|move|p2a: Rise Up|Iron Head|p1a: Quagsire
|-resisted|p1a: Quagsire
|-crit|p1a: Quagsire
|-damage|p1a: Quagsire|70/100
|
|-heal|p1a: Quagsire|76/100|[from] item: Leftovers
|upkeep
|turn|44
|j|+Unamed
|l|+Unamed
|
|t:|1663854095
|switch|p2a: Into The Fire|Tangrowth, M|100/100
|move|p1a: Quagsire|Scald|p2a: Into The Fire
|-resisted|p2a: Into The Fire
|-damage|p2a: Into The Fire|92/100
|
|-heal|p1a: Quagsire|82/100|[from] item: Leftovers
|upkeep
|turn|45
|j| I DONT REPLY
|l|+Tuthur
|j| RoiDadadou
|j| Nowelle
|
|t:|1663854122
|switch|p2a: Vultures|Salamence, M|83/100
|-ability|p2a: Vultures|Intimidate|boost
|-unboost|p1a: Quagsire|atk|1
|switch|p1a: Scizor|Scizor, F|100/100
|
|upkeep
|turn|46
|inactive|Zephyyyr has 270 seconds left.
|
|t:|1663854144
|switch|p2a: I Am One|Diggersby, M|100/100
|switch|p1a: Chansey|Chansey, F|84/100
|
|upkeep
|turn|47
|j| Masskeauuu
|inactive|Zephyyyr has 270 seconds left.
|j| Greycat01
|
|t:|1663854152
|switch|p1a: Salamence|Salamence, M|65/100
|-ability|p1a: Salamence|Intimidate|boost
|-unboost|p2a: I Am One|atk|1
|move|p2a: I Am One|Body Slam|p1a: Salamence
|-damage|p1a: Salamence|39/100
|
|upkeep
|turn|48
|l| Ereshkigal
|
|t:|1663854157
|move|p2a: I Am One|Body Slam|p1a: Salamence
|-damage|p1a: Salamence|13/100
|move|p1a: Salamence|Roost|p1a: Salamence
|-heal|p1a: Salamence|63/100
|-singleturn|p1a: Salamence|move: Roost
|
|upkeep
|turn|49
|j| Siamato
|j|+Unamed
|
|t:|1663854161
|move|p2a: I Am One|Body Slam|p1a: Salamence
|-damage|p1a: Salamence|34/100
|move|p1a: Salamence|Roost|p1a: Salamence
|-heal|p1a: Salamence|84/100
|-singleturn|p1a: Salamence|move: Roost
|
|upkeep
|turn|50
|
|t:|1663854164
|switch|p1a: Scizor|Scizor, F|100/100
|move|p2a: I Am One|Body Slam|p1a: Scizor
|-resisted|p1a: Scizor
|-damage|p1a: Scizor|87/100
|-status|p1a: Scizor|par
|
|upkeep
|turn|51
|
|t:|1663854169
|switch|p2a: Vultures|Salamence, M|83/100
|-ability|p2a: Vultures|Intimidate|boost
|-unboost|p1a: Scizor|atk|1
|switch|p1a: Salamence|Salamence, M|84/100
|-ability|p1a: Salamence|Intimidate|boost
|-unboost|p2a: Vultures|atk|1
|
|upkeep
|turn|52
|l| Hyss
|
|t:|1663854183
|switch|p2a: I Am One|Diggersby, M|100/100
|switch|p1a: Umbreon|Umbreon, M|100/100
|
|upkeep
|turn|53
|
|t:|1663854189
|move|p1a: Umbreon|Protect|p1a: Umbreon
|-singleturn|p1a: Umbreon|Protect
|move|p2a: I Am One|U-turn|p1a: Umbreon
|-activate|p1a: Umbreon|move: Protect
|
|upkeep
|turn|54
|j| Skyrio
|l|+Unamed
|
|t:|1663854201
|switch|p1a: Slowbro|Slowbro-Galar, F|100/100
|move|p2a: I Am One|U-turn|p1a: Slowbro
|-damage|p1a: Slowbro|82/100
|l| Nowelle
|j| Ereshkigal
|
|t:|1663854220
|switch|p2a: Alone In A Room|Reuniclus, M, shiny|75/100 tox|[from]move: U-turn
|
|upkeep
|turn|55
|j| BTLT1 Trognon
|j| death approching
|inactive|Mimilucha has 270 seconds left.
|
|t:|1663854264
|switch|p2a: I Am One|Diggersby, M|100/100
|switch|p1a: Scizor|Scizor, F|87/100 par
|
|upkeep
|turn|56
|inactive|Mimilucha has 270 seconds left.
|j| Quartos
|j| Dlaninho
|l| Zenadark
|l| Greycat01
|
|t:|1663854277
|switch|p1a: Salamence|Salamence, M|84/100
|-ability|p1a: Salamence|Intimidate|boost
|-unboost|p2a: I Am One|atk|1
|move|p2a: I Am One|Earthquake|p1a: Salamence
|-immune|p1a: Salamence
|
|upkeep
|turn|57
|l| Quartos
|inactive|Mimilucha has 270 seconds left.
|
|t:|1663854291
|switch|p2a: Alone In A Room|Reuniclus, M, shiny|75/100 tox
|move|p1a: Salamence|Dual Wingbeat|p2a: Alone In A Room
|-damage|p2a: Alone In A Room|61/100 tox
|-damage|p2a: Alone In A Room|48/100 tox
|-hitcount|p2a: Alone In A Room|2
|
|upkeep
|turn|58
|
|t:|1663854300
|switch|p1a: Scizor|Scizor, F|87/100 par
|move|p2a: Alone In A Room|Recover|p2a: Alone In A Room
|-heal|p2a: Alone In A Room|98/100 tox
|
|upkeep
|turn|59
|l| BTLT1 Trognon
|j| Micciu20250
|l| Dlaninho
|l| Micciu20250
|j| Quartos
|j|%Mihowk
|l| Quartos
|inactive|Zephyyyr has 270 seconds left.
|l| Ereshkigal
|j|+Tuthur
|
|t:|1663854338
|switch|p1a: Slowbro|Slowbro-Galar, F|100/100
|move|p2a: Alone In A Room|Calm Mind|p2a: Alone In A Room
|-boost|p2a: Alone In A Room|spa|1
|-boost|p2a: Alone In A Room|spd|1
|
|upkeep
|turn|60
|inactive|Zephyyyr has 270 seconds left.
|j| Sirwings
|
|t:|1663854349
|switch|p1a: Scizor|Scizor, F|87/100 par
|move|p2a: Alone In A Room|Psyshock|p1a: Scizor
|-resisted|p1a: Scizor
|-damage|p1a: Scizor|67/100 par
|
|upkeep
|turn|61
|j| Ereshkigal
|j| PURE WHITE ASHES
|j| Phxo'
|
|t:|1663854364
|move|p2a: Alone In A Room|Calm Mind|p2a: Alone In A Room
|-boost|p2a: Alone In A Room|spa|1
|-boost|p2a: Alone In A Room|spd|1
|cant|p1a: Scizor|par
|
|upkeep
|turn|62
|j| Zenadark
|j| Wait2Seconds
|
|t:|1663854379
|switch|p1a: Quagsire|Quagsire, F|82/100
|move|p2a: Alone In A Room|Focus Blast|p1a: Quagsire
|-damage|p1a: Quagsire|46/100
|
|-heal|p1a: Quagsire|52/100|[from] item: Leftovers
|upkeep
|turn|63
|inactive|Zephyyyr has 270 seconds left.
|
|t:|1663854410
|switch|p2a: Into The Fire|Tangrowth, M|100/100
|move|p1a: Quagsire|Recover|p1a: Quagsire
|-heal|p1a: Quagsire|100/100
|
|upkeep
|turn|64
|j| CaptainEikichi
|inactive|Zephyyyr has 270 seconds left.
|
|t:|1663854419
|switch|p2a: I Am One|Diggersby, M|100/100
|switch|p1a: Scizor|Scizor, F|67/100 par
|
|upkeep
|turn|65
|l| CaptainEikichi
|inactive|Zephyyyr has 270 seconds left.
|
|t:|1663854432
|switch|p1a: Salamence|Salamence, M|84/100
|-ability|p1a: Salamence|Intimidate|boost
|-unboost|p2a: I Am One|atk|1
|move|p2a: I Am One|U-turn|p1a: Salamence
|-resisted|p1a: Salamence
|-damage|p1a: Salamence|77/100
|
|t:|1663854434
|switch|p2a: Where Did It Go?|Primarina, M|100/100|[from]move: U-turn
|
|upkeep
|turn|66
|l| Ereshkigal
|
|t:|1663854447
|switch|p1a: Chansey|Chansey, F|84/100
|switch|p2a: I Am One|Diggersby, M|100/100
|
|upkeep
|turn|67
|l| lucix
|
|t:|1663854455
|switch|p1a: Salamence|Salamence, M|77/100
|-ability|p1a: Salamence|Intimidate|boost
|-unboost|p2a: I Am One|atk|1
|move|p2a: I Am One|U-turn|p1a: Salamence
|-resisted|p1a: Salamence
|-damage|p1a: Salamence|69/100
|
|t:|1663854459
|switch|p2a: Where Did It Go?|Primarina, M|100/100|[from]move: U-turn
|
|upkeep
|turn|68
|j| Hyss
|
|t:|1663854464
|switch|p1a: Chansey|Chansey, F|84/100
|switch|p2a: I Am One|Diggersby, M|100/100
|
|upkeep
|turn|69
|j| Eledyr
|
|t:|1663854469
|switch|p1a: Salamence|Salamence, M|69/100
|-ability|p1a: Salamence|Intimidate|boost
|-unboost|p2a: I Am One|atk|1
|move|p2a: I Am One|Body Slam|p1a: Salamence
|-damage|p1a: Salamence|42/100
|-status|p1a: Salamence|par
|
|upkeep
|turn|70
|
|t:|1663854493
|switch|p1a: Umbreon|Umbreon, M|100/100
|move|p2a: I Am One|Body Slam|p1a: Umbreon
|-damage|p1a: Umbreon|79/100
|
|-heal|p1a: Umbreon|85/100|[from] item: Leftovers
|upkeep
|turn|71
|
|t:|1663854499
|switch|p2a: Rise Up|Cobalion, shiny|58/100
|move|p1a: Umbreon|Heal Bell|p1a: Umbreon
|-activate|p1a: Umbreon|move: Heal Bell
|-curestatus|p1: Salamence|par|[msg]
|-curestatus|p1: Scizor|par|[msg]
|
|-heal|p1a: Umbreon|91/100|[from] item: Leftovers
|upkeep
|turn|72
|
|t:|1663854509
|move|p2a: Rise Up|Swords Dance|p2a: Rise Up
|-boost|p2a: Rise Up|atk|2
|move|p1a: Umbreon|Wish|p1a: Umbreon
|
|-heal|p1a: Umbreon|97/100|[from] item: Leftovers
|upkeep
|turn|73
|l| Skyrio
|j| onsouffle
|
|t:|1663854532
|switch|p1a: Quagsire|Quagsire, F|100/100
|move|p2a: Rise Up|Stealth Rock|p1a: Quagsire
|-sidestart|p1: Mimilucha|move: Stealth Rock
|
|upkeep
|turn|74
|j|+Dragonillis
|j| CaptainEikichi
|l| CaptainEikichi
|inactive|Zephyyyr has 270 seconds left.
|j| Greycat01
|l| Siamato
|l| Sirwings
|
|t:|1663854580
|switch|p2a: Where Did It Go?|Primarina, M|100/100
|switch|p1a: Salamence|Salamence, M|42/100
|-ability|p1a: Salamence|Intimidate|boost
|-unboost|p2a: Where Did It Go?|atk|1
|
|upkeep
|turn|75
|l| onsouffle
|j| CaptainEikichi
|l| CaptainEikichi
|inactive|Mimilucha has 270 seconds left.
|
|t:|1663854602
|switch|p1a: Quagsire|Quagsire, F|100/100
|-damage|p1a: Quagsire|94/100|[from] Stealth Rock
|move|p2a: Where Did It Go?|Moonblast|p1a: Quagsire
|-damage|p1a: Quagsire|36/100
|
|-heal|p1a: Quagsire|42/100|[from] item: Leftovers
|upkeep
|turn|76
|inactive|Zephyyyr has 240 seconds left.
|l| Zenadark
|j| ticket2discotrain
|j| Zenadark
|inactive|Zephyyyr has 210 seconds left.
|l| Hyss
|l| ticket2discotrain
|
|t:|1663854684
|switch|p1a: Chansey|Chansey, F|84/100
|-damage|p1a: Chansey|72/100|[from] Stealth Rock
|move|p2a: Where Did It Go?|Moonblast|p1a: Chansey
|-damage|p1a: Chansey|55/100
|
|upkeep
|turn|77
|
|t:|1663854693
|move|p2a: Where Did It Go?|Moonblast|p1a: Chansey
|-damage|p1a: Chansey|38/100
|move|p1a: Chansey|Soft-Boiled|p1a: Chansey
|-heal|p1a: Chansey|88/100
|
|upkeep
|turn|78
|
|t:|1663854696
|move|p2a: Where Did It Go?|Encore|p1a: Chansey
|-start|p1a: Chansey|Encore
|move|p1a: Chansey|Soft-Boiled|p1a: Chansey
|-heal|p1a: Chansey|100/100
|
|upkeep
|turn|79
|inactive|Zephyyyr has 210 seconds left.
|j| pinorska
|l| Zenadark
|inactive|Mimilucha has 270 seconds left.
|l|%Mihowk
|
|t:|1663854754
|switch|p1a: Slowbro|Slowbro-Galar, F|100/100
|-damage|p1a: Slowbro|88/100|[from] Stealth Rock
|move|p2a: Where Did It Go?|Scald|p1a: Slowbro
|-damage|p1a: Slowbro|35/100
|
|upkeep
|turn|80
|inactive|Zephyyyr has 210 seconds left.
|j| Zenadark
|j| 199O
|l| Heerv
|
|t:|1663854788
|switch|p2a: Rise Up|Cobalion, shiny|58/100
|switch|p1a: Chansey|Chansey, F|100/100
|-damage|p1a: Chansey|88/100|[from] Stealth Rock
|
|upkeep
|turn|81
|
|t:|1663854797
|switch|p1a: Slowbro|Slowbro-Galar, F|68/100
|-damage|p1a: Slowbro|56/100|[from] Stealth Rock
|move|p2a: Rise Up|Swords Dance|p2a: Rise Up
|-boost|p2a: Rise Up|atk|2
|
|upkeep
|turn|82
|j| Quartos
|j| Heerv
|inactive|Zephyyyr has 180 seconds left.
|j| Micciu20250
|l| Quartos
|l| Zenadark
|j| Zenadark
|inactive|Zephyyyr has 150 seconds left.
|l| Micciu20250
|j|+Unamed
|
|t:|1663854856
|switch|p2a: I Am One|Diggersby, M|100/100
|move|p1a: Slowbro|Flamethrower|p2a: I Am One
|-damage|p2a: I Am One|71/100
|
|upkeep
|turn|83
|inactive|Zephyyyr has 150 seconds left.
|j| Hyss
|
|t:|1663854878
|move|p2a: I Am One|Body Slam|p1a: Slowbro
|-damage|p1a: Slowbro|21/100
|-status|p1a: Slowbro|par
|cant|p1a: Slowbro|par
|
|upkeep
|turn|84
|l|+Unamed
|
|t:|1663854884
|switch|p1a: Umbreon|Umbreon, M|97/100
|-damage|p1a: Umbreon|85/100|[from] Stealth Rock
|move|p2a: I Am One|Body Slam|p1a: Umbreon
|-damage|p1a: Umbreon|57/100
|
|-heal|p1a: Umbreon|63/100|[from] item: Leftovers
|upkeep
|turn|85
|
|t:|1663854888
|switch|p2a: Rise Up|Cobalion, shiny|58/100
|move|p1a: Umbreon|Wish|p1a: Umbreon
|
|-heal|p1a: Umbreon|69/100|[from] item: Leftovers
|upkeep
|turn|86
|j| Moutemoute
|l| Hyss
|inactive|Mimilucha has 270 seconds left.
|
|t:|1663854897
|switch|p2a: Where Did It Go?|Primarina, M|100/100
|switch|p1a: Salamence|Salamence, M|42/100
|-ability|p1a: Salamence|Intimidate|boost
|-unboost|p2a: Where Did It Go?|atk|1
|
|-heal|p1a: Salamence|92/100|[from] move: Wish|[wisher] Umbreon
|upkeep
|turn|87
|
|t:|1663854907
|switch|p1a: Chansey|Chansey, F|88/100
|-damage|p1a: Chansey|75/100|[from] Stealth Rock
|move|p2a: Where Did It Go?|Moonblast|p1a: Chansey
|-damage|p1a: Chansey|58/100
|-unboost|p1a: Chansey|spa|1
|
|upkeep
|turn|88
|j| CaptainEikichi
|l| CaptainEikichi
|inactive|Zephyyyr has 150 seconds left.
|
|t:|1663854938
|switch|p2a: I Am One|Diggersby, M|71/100
|move|p1a: Chansey|Soft-Boiled|p1a: Chansey
|-heal|p1a: Chansey|100/100
|
|upkeep
|turn|89
|j| Sirwings
|
|t:|1663854947
|move|p2a: I Am One|U-turn|p1a: Chansey
|-damage|p1a: Chansey|80/100
|
|t:|1663854949
|switch|p2a: Alone In A Room|Reuniclus, M, shiny|98/100 tox|[from]move: U-turn
|move|p1a: Chansey|Stealth Rock|p2a: Alone In A Room
|-sidestart|p2: Zephyyyr|move: Stealth Rock
|
|upkeep
|turn|90
|
|t:|1663854955
|move|p1a: Chansey|Seismic Toss|p2a: Alone In A Room
|-damage|p2a: Alone In A Room|74/100 tox
|move|p2a: Alone In A Room|Calm Mind|p2a: Alone In A Room
|-boost|p2a: Alone In A Room|spa|1
|-boost|p2a: Alone In A Room|spd|1
|
|upkeep
|turn|91
|j| Hyss
|l| Zenadark
|j| docteur lulu
|j| Zenadark
|l| Hyss
|
|t:|1663854987
|move|p1a: Chansey|Seismic Toss|p2a: Alone In A Room
|-damage|p2a: Alone In A Room|51/100 tox
|move|p2a: Alone In A Room|Calm Mind|p2a: Alone In A Room
|-boost|p2a: Alone In A Room|spa|1
|-boost|p2a: Alone In A Room|spd|1
|
|upkeep
|turn|92
|l| black thunderbolt
|
|t:|1663855001
|move|p1a: Chansey|Seismic Toss|p2a: Alone In A Room
|-damage|p2a: Alone In A Room|27/100 tox
|move|p2a: Alone In A Room|Recover|p2a: Alone In A Room
|-heal|p2a: Alone In A Room|77/100 tox
|
|upkeep
|turn|93
|inactive|Zephyyyr has 180 seconds left.
|
|t:|1663855023
|move|p1a: Chansey|Seismic Toss|p2a: Alone In A Room
|-damage|p2a: Alone In A Room|53/100 tox
|move|p2a: Alone In A Room|Psyshock|p1a: Chansey
|-damage|p1a: Chansey|38/100
|
|upkeep
|turn|94
|
|t:|1663855028
|move|p1a: Chansey|Soft-Boiled|p1a: Chansey
|-heal|p1a: Chansey|88/100
|move|p2a: Alone In A Room|Recover|p2a: Alone In A Room
|-heal|p2a: Alone In A Room|100/100 tox
|
|upkeep
|turn|95
|l| I DONT REPLY
|inactive|Mimilucha has 270 seconds left.
|j|+SFG
|
|t:|1663855073
|switch|p1a: Quagsire|Quagsire, F|42/100
|-damage|p1a: Quagsire|36/100|[from] Stealth Rock
|move|p2a: Alone In A Room|Calm Mind|p2a: Alone In A Room
|-boost|p2a: Alone In A Room|spa|1
|-boost|p2a: Alone In A Room|spd|1
|
|-heal|p1a: Quagsire|42/100|[from] item: Leftovers
|upkeep
|turn|96
|
|t:|1663855078
|move|p2a: Alone In A Room|Psyshock|p1a: Quagsire
|-damage|p1a: Quagsire|20/100
|move|p1a: Quagsire|Recover|p1a: Quagsire
|-heal|p1a: Quagsire|70/100
|
|-heal|p1a: Quagsire|76/100|[from] item: Leftovers
|upkeep
|turn|97
|l| Jeza.p
|inactive|Zephyyyr has 210 seconds left.
|
|t:|1663855088
|switch|p2a: Into The Fire|Tangrowth, M|100/100
|-damage|p2a: Into The Fire|88/100|[from] Stealth Rock
|move|p1a: Quagsire|Toxic|p2a: Into The Fire
|-status|p2a: Into The Fire|tox
|
|-heal|p1a: Quagsire|82/100|[from] item: Leftovers
|-damage|p2a: Into The Fire|82/100 tox|[from] psn
|upkeep
|turn|98
|inactive|Mimilucha has 270 seconds left.
|inactive|Zephyyyr has 210 seconds left.
|
|t:|1663855110
|switch|p2a: Where Did It Go?|Primarina, M|100/100
|-damage|p2a: Where Did It Go?|88/100|[from] Stealth Rock
|switch|p1a: Scizor|Scizor, F|67/100
|-damage|p1a: Scizor|55/100|[from] Stealth Rock
|
|-heal|p2a: Where Did It Go?|94/100|[from] item: Leftovers
|upkeep
|turn|99
|
|t:|1663855116
|switch|p1a: Chansey|Chansey, F|88/100
|-damage|p1a: Chansey|75/100|[from] Stealth Rock
|move|p2a: Where Did It Go?|Scald|p1a: Chansey
|-damage|p1a: Chansey|60/100
|-status|p1a: Chansey|brn
|
|-heal|p2a: Where Did It Go?|99/100|[from] item: Leftovers
|-damage|p1a: Chansey|54/100 brn|[from] brn
|upkeep
|turn|100
|inactive|Mimilucha has 270 seconds left.
|
|t:|1663855124
|switch|p2a: I Am One|Diggersby, M|71/100
|-damage|p2a: I Am One|65/100|[from] Stealth Rock
|move|p1a: Chansey|Toxic|p2a: I Am One
|-status|p2a: I Am One|tox
|
|-damage|p2a: I Am One|59/100 tox|[from] psn
|-damage|p1a: Chansey|48/100 brn|[from] brn
|upkeep
|turn|101
|inactive|Mimilucha has 270 seconds left.
|
|t:|1663855155
|move|p2a: I Am One|Earthquake|p1a: Chansey
|-damage|p1a: Chansey|9/100 brn
|move|p1a: Chansey|Soft-Boiled|p1a: Chansey
|-heal|p1a: Chansey|59/100 brn
|
|-damage|p2a: I Am One|46/100 tox|[from] psn
|-damage|p1a: Chansey|52/100 brn|[from] brn
|upkeep
|turn|102
|l| Zenadark
|j| Zenadark
|inactive|Zephyyyr has 210 seconds left.
|l| Sharow 水上
|
|t:|1663855185
|switch|p2a: Where Did It Go?|Primarina, M|99/100
|-damage|p2a: Where Did It Go?|88/100|[from] Stealth Rock
|move|p1a: Chansey|Soft-Boiled|p1a: Chansey
|-heal|p1a: Chansey|100/100 brn
|
|-heal|p2a: Where Did It Go?|94/100|[from] item: Leftovers
|-damage|p1a: Chansey|94/100 brn|[from] brn
|upkeep
|turn|103
|inactive|Zephyyyr has 210 seconds left.
|
|t:|1663855202
|-curestatus|p1a: Chansey|brn|[from] ability: Natural Cure
|switch|p1a: Umbreon|Umbreon, M|69/100
|-damage|p1a: Umbreon|56/100|[from] Stealth Rock
|move|p2a: Where Did It Go?|Scald|p1a: Umbreon
|-damage|p1a: Umbreon|25/100
|
|-heal|p2a: Where Did It Go?|99/100|[from] item: Leftovers
|-heal|p1a: Umbreon|31/100|[from] item: Leftovers
|upkeep
|turn|104
|
|t:|1663855206
|move|p1a: Umbreon|Protect|p1a: Umbreon
|-singleturn|p1a: Umbreon|Protect
|move|p2a: Where Did It Go?|Moonblast|p1a: Umbreon
|-activate|p1a: Umbreon|move: Protect
|
|-heal|p2a: Where Did It Go?|100/100|[from] item: Leftovers
|-heal|p1a: Umbreon|37/100|[from] item: Leftovers
|upkeep
|turn|105
|
|t:|1663855211
|switch|p1a: Chansey|Chansey, F|94/100
|-damage|p1a: Chansey|82/100|[from] Stealth Rock
|move|p2a: Where Did It Go?|Moonblast|p1a: Chansey
|-damage|p1a: Chansey|65/100
|
|upkeep
|turn|106
|inactive|Zephyyyr has 210 seconds left.
|j| Krossfade
|l| Krossfade
|
|t:|1663855245
|switch|p2a: Alone In A Room|Reuniclus, M, shiny|100/100 tox
|move|p1a: Chansey|Seismic Toss|p2a: Alone In A Room
|-damage|p2a: Alone In A Room|77/100 tox
|
|upkeep
|turn|107
|inactive|Zephyyyr has 210 seconds left.
|l| Skilpad
|
|t:|1663855260
|switch|p2a: Where Did It Go?|Primarina, M|100/100
|-damage|p2a: Where Did It Go?|88/100|[from] Stealth Rock
|move|p1a: Chansey|Soft-Boiled|p1a: Chansey
|-heal|p1a: Chansey|100/100
|
|-heal|p2a: Where Did It Go?|94/100|[from] item: Leftovers
|upkeep
|turn|108
|j| Hyss
|l| Phxo'
|
|t:|1663855283
|switch|p1a: Scizor|Scizor, F|55/100
|-damage|p1a: Scizor|43/100|[from] Stealth Rock
|move|p2a: Where Did It Go?|Encore||[still]
|-fail|p2a: Where Did It Go?
|
|-heal|p2a: Where Did It Go?|99/100|[from] item: Leftovers
|upkeep
|turn|109
|
|t:|1663855293
|move|p2a: Where Did It Go?|Scald|p1a: Scizor
|-damage|p1a: Scizor|0 fnt
|faint|p1a: Scizor
|
|-heal|p2a: Where Did It Go?|100/100|[from] item: Leftovers
|upkeep
|l| Hyss
|
|t:|1663855303
|switch|p1a: Chansey|Chansey, F|100/100
|-damage|p1a: Chansey|88/100|[from] Stealth Rock
|turn|110
|c|+Tuthur|Plus que 5
|inactive|Zephyyyr has 210 seconds left.
|
|t:|1663855311
|switch|p2a: Into The Fire|Tangrowth, M|100/100 tox
|-damage|p2a: Into The Fire|88/100 tox|[from] Stealth Rock
|move|p1a: Chansey|Seismic Toss|p2a: Into The Fire
|-damage|p2a: Into The Fire|63/100 tox
|
|-damage|p2a: Into The Fire|57/100 tox|[from] psn
|upkeep
|turn|111
|l| Zenadark
|
|t:|1663855320
|switch|p1a: Salamence|Salamence, M|92/100
|-ability|p1a: Salamence|Intimidate|boost
|-unboost|p2a: Into The Fire|atk|1
|move|p2a: Into The Fire|Knock Off|p1a: Salamence
|-damage|p1a: Salamence|81/100
|-enditem|p1a: Salamence|Heavy-Duty Boots|[from] move: Knock Off|[of] p2a: Into The Fire
|
|-damage|p2a: Into The Fire|45/100 tox|[from] psn
|upkeep
|turn|112
|j| Zenadark
|j|%Clementine
|
|t:|1663855327
|switch|p2a: Alone In A Room|Reuniclus, M, shiny|77/100 tox
|move|p1a: Salamence|Defog|p2a: Alone In A Room
|-unboost|p2a: Alone In A Room|evasion|1
|-sideend|p2: Zephyyyr|Stealth Rock|[from] move: Defog|[of] p1a: Salamence
|-sideend|p1: Mimilucha|Stealth Rock|[from] move: Defog|[of] p1a: Salamence
|
|upkeep
|turn|113
|l| pinorska
|inactive|Zephyyyr has 210 seconds left.
|l|+Tuthur
|
|t:|1663855373
|switch|p1a: Slowbro|Slowbro-Galar, F|54/100 par
|move|p2a: Alone In A Room|Calm Mind|p2a: Alone In A Room
|-boost|p2a: Alone In A Room|spa|1
|-boost|p2a: Alone In A Room|spd|1
|
|upkeep
|turn|114
|
|t:|1663855377
|switch|p1a: Quagsire|Quagsire, F|82/100
|move|p2a: Alone In A Room|Psyshock|p1a: Quagsire
|-damage|p1a: Quagsire|57/100
|
|-heal|p1a: Quagsire|63/100|[from] item: Leftovers
|upkeep
|turn|115
|
|t:|1663855382
|switch|p2a: Into The Fire|Tangrowth, M|78/100 tox
|move|p1a: Quagsire|Recover|p1a: Quagsire
|-heal|p1a: Quagsire|100/100
|
|-damage|p2a: Into The Fire|72/100 tox|[from] psn
|upkeep
|turn|116
|l| Greycat01
|l| Limp Bi(z)KiQ
|j|+Tuthur
|
|t:|1663855394
|switch|p1a: Umbreon|Umbreon, M|37/100
|move|p2a: Into The Fire|Power Whip|p1a: Umbreon
|-damage|p1a: Umbreon|12/100
|
|-heal|p1a: Umbreon|18/100|[from] item: Leftovers
|-damage|p2a: Into The Fire|59/100 tox|[from] psn
|upkeep
|turn|117
|
|t:|1663855400
|switch|p2a: Where Did It Go?|Primarina, M|100/100
|move|p1a: Umbreon|Protect||[still]
|-fail|p1a: Umbreon
|
|-heal|p1a: Umbreon|24/100|[from] item: Leftovers
|upkeep
|turn|118
|
|t:|1663855409
|switch|p1a: Chansey|Chansey, F|88/100
|move|p2a: Where Did It Go?|Moonblast|p1a: Chansey
|-damage|p1a: Chansey|71/100
|
|upkeep
|turn|119
|j| Hyss
|
|t:|1663855424
|switch|p2a: Into The Fire|Tangrowth, M|93/100 tox
|move|p1a: Chansey|Seismic Toss|p2a: Into The Fire
|-damage|p2a: Into The Fire|68/100 tox
|
|-damage|p2a: Into The Fire|62/100 tox|[from] psn
|upkeep
|turn|120
|l| Zenadark
|j| Zenadark
|
|t:|1663855451
|switch|p2a: Alone In A Room|Reuniclus, M, shiny|77/100 tox
|switch|p1a: Slowbro|Slowbro-Galar, F|87/100 par
|
|upkeep
|turn|121
|
|t:|1663855460
|switch|p1a: Quagsire|Quagsire, F|100/100
|move|p2a: Alone In A Room|Calm Mind|p2a: Alone In A Room
|-boost|p2a: Alone In A Room|spa|1
|-boost|p2a: Alone In A Room|spd|1
|
|upkeep
|turn|122
|l| Zenadark
|
|t:|1663855476
|switch|p2a: Into The Fire|Tangrowth, M|95/100 tox
|move|p1a: Quagsire|Scald|p2a: Into The Fire
|-resisted|p2a: Into The Fire
|-damage|p2a: Into The Fire|85/100 tox
|
|-damage|p2a: Into The Fire|79/100 tox|[from] psn
|upkeep
|turn|123
|l|+Dragonillis
|j| Zenadark
|inactive|Zephyyyr has 210 seconds left.
|l| Zenadark
|l| Hyss
|
|t:|1663855523
|switch|p1a: Slowbro|Slowbro-Galar, F|100/100 par
|move|p2a: Into The Fire|Knock Off|p1a: Slowbro
|-supereffective|p1a: Slowbro
|-enditem|p1a: Slowbro|Colbur Berry|[eat]
|-enditem|p1a: Slowbro|Colbur Berry|[weaken]
|-damage|p1a: Slowbro|86/100 par
|
|-damage|p2a: Into The Fire|67/100 tox|[from] psn
|upkeep
|turn|124
|
|t:|1663855536
|switch|p2a: Alone In A Room|Reuniclus, M, shiny|77/100 tox
|cant|p1a: Slowbro|par
|
|upkeep
|turn|125
|j| Zenadark
|j| Phxo'
|inactive|Zephyyyr has 180 seconds left.
|
|t:|1663855565
|switch|p2a: Into The Fire|Tangrowth, M|99/100 tox
|move|p1a: Slowbro|Psyshock|p2a: Into The Fire
|-damage|p2a: Into The Fire|81/100 tox
|
|-damage|p2a: Into The Fire|75/100 tox|[from] psn
|upkeep
|turn|126
|j| Micciu20250
|
|t:|1663855573
|switch|p2a: Alone In A Room|Reuniclus, M, shiny|77/100 tox
|cant|p1a: Slowbro|par
|
|upkeep
|turn|127
|inactive|Zephyyyr has 180 seconds left.
|
|t:|1663855592
|switch|p2a: Into The Fire|Tangrowth, M|100/100 tox
|switch|p1a: Umbreon|Umbreon, M|24/100
|
|-heal|p1a: Umbreon|30/100|[from] item: Leftovers
|-damage|p2a: Into The Fire|94/100 tox|[from] psn
|upkeep
|turn|128
|l| Sirwings
|
|t:|1663855613
|switch|p1a: Slowbro|Slowbro-Galar, F|100/100 par
|switch|p2a: Rise Up|Cobalion, shiny|58/100
|
|upkeep
|turn|129
|
|t:|1663855619
|switch|p2a: Alone In A Room|Reuniclus, M, shiny|77/100 tox
|cant|p1a: Slowbro|par
|
|upkeep
|turn|130
|
|t:|1663855627
|move|p2a: Alone In A Room|Calm Mind|p2a: Alone In A Room
|-boost|p2a: Alone In A Room|spa|1
|-boost|p2a: Alone In A Room|spd|1
|cant|p1a: Slowbro|par
|
|upkeep
|turn|131
|j|+Dragonillis
|l| Micciu20250
|inactive|Zephyyyr has 180 seconds left.
|l| Zenadark
|
|t:|1663855673
|switch|p2a: Into The Fire|Tangrowth, M|100/100 tox
|move|p1a: Slowbro|Psyshock|p2a: Into The Fire
|-damage|p2a: Into The Fire|82/100 tox
|
|-damage|p2a: Into The Fire|76/100 tox|[from] psn
|upkeep
|turn|132
|j| Zenadark
|
|t:|1663855693
|switch|p2a: Alone In A Room|Reuniclus, M, shiny|77/100 tox
|move|p1a: Slowbro|Calm Mind|p1a: Slowbro
|-boost|p1a: Slowbro|spa|1
|-boost|p1a: Slowbro|spd|1
|
|upkeep
|turn|133
|l|+Dragonillis
|
|t:|1663855701
|switch|p1a: Umbreon|Umbreon, M|30/100
|move|p2a: Alone In A Room|Calm Mind|p2a: Alone In A Room
|-boost|p2a: Alone In A Room|spa|1
|-boost|p2a: Alone In A Room|spd|1
|
|-heal|p1a: Umbreon|37/100|[from] item: Leftovers
|upkeep
|turn|134
|
|t:|1663855710
|switch|p1a: Quagsire|Quagsire, F|100/100
|move|p2a: Alone In A Room|Calm Mind|p2a: Alone In A Room
|-boost|p2a: Alone In A Room|spa|1
|-boost|p2a: Alone In A Room|spd|1
|
|upkeep
|turn|135
|l| Zenadark
|l| death approching
|j| Zenadark
|inactive|Zephyyyr has 150 seconds left.
|
|t:|1663855743
|move|p2a: Alone In A Room|Recover|p2a: Alone In A Room
|-heal|p2a: Alone In A Room|100/100 tox
|move|p1a: Quagsire|Scald|p2a: Alone In A Room
|-damage|p2a: Alone In A Room|82/100 tox
|
|upkeep
|turn|136
|
|t:|1663855751
|switch|p2a: Into The Fire|Tangrowth, M|100/100 tox
|move|p1a: Quagsire|Scald|p2a: Into The Fire
|-resisted|p2a: Into The Fire
|-damage|p2a: Into The Fire|90/100 tox
|
|-damage|p2a: Into The Fire|84/100 tox|[from] psn
|upkeep
|turn|137
|
|t:|1663855767
|switch|p1a: Slowbro|Slowbro-Galar, F|100/100 par
|move|p2a: Into The Fire|Sludge Bomb|p1a: Slowbro
|-resisted|p1a: Slowbro
|-damage|p1a: Slowbro|90/100 par
|
|-damage|p2a: Into The Fire|71/100 tox|[from] psn
|upkeep
|turn|138
|
|t:|1663855778
|switch|p2a: Alone In A Room|Reuniclus, M, shiny|82/100 tox
|switch|p1a: Umbreon|Umbreon, M|37/100
|
|-heal|p1a: Umbreon|43/100|[from] item: Leftovers
|upkeep
|turn|139
|l| Zenadark
|
|t:|1663855787
|switch|p1a: Quagsire|Quagsire, F|100/100
|switch|p2a: Rise Up|Cobalion, shiny|58/100
|
|upkeep
|turn|140
|j| Zenadark
|j| Jeza.p
|
|t:|1663855800
|switch|p2a: Into The Fire|Tangrowth, M|100/100 tox
|move|p1a: Quagsire|Scald|p2a: Into The Fire
|-resisted|p2a: Into The Fire
|-damage|p2a: Into The Fire|91/100 tox
|
|-damage|p2a: Into The Fire|85/100 tox|[from] psn
|upkeep
|turn|141
|j| Greycat01
|
|t:|1663855811
|switch|p1a: Slowbro|Slowbro-Galar, F|100/100 par
|move|p2a: Into The Fire|Earthquake|p1a: Slowbro
|-supereffective|p1a: Slowbro
|-damage|p1a: Slowbro|70/100 par
|
|-damage|p2a: Into The Fire|72/100 tox|[from] psn
|upkeep
|turn|142
|l| Jeza.p
|
|t:|1663855821
|switch|p2a: Alone In A Room|Reuniclus, M, shiny|82/100 tox
|move|p1a: Slowbro|Psyshock|p2a: Alone In A Room
|-resisted|p2a: Alone In A Room
|-damage|p2a: Alone In A Room|72/100 tox
|
|upkeep
|turn|143
|inactive|Zephyyyr has 180 seconds left.
|
|t:|1663855834
|switch|p2a: Where Did It Go?|Primarina, M|100/100
|switch|p1a: Quagsire|Quagsire, F|100/100
|
|upkeep
|turn|144
|
|t:|1663855844
|switch|p2a: Into The Fire|Tangrowth, M|100/100 tox
|move|p1a: Quagsire|Toxic|p2a: Into The Fire
|-fail|p2a: Into The Fire|tox
|
|-damage|p2a: Into The Fire|94/100 tox|[from] psn
|upkeep
|turn|145
|j| Hyss
|
|t:|1663855855
|switch|p2a: Where Did It Go?|Primarina, M|100/100
|switch|p1a: Slowbro|Slowbro-Galar, F|100/100 par
|
|upkeep
|turn|146
|l| Hyss
|
|t:|1663855862
|switch|p1a: Chansey|Chansey, F|71/100
|move|p2a: Where Did It Go?|Scald|p1a: Chansey
|-crit|p1a: Chansey
|-damage|p1a: Chansey|51/100
|
|upkeep
|turn|147
|
|t:|1663855868
|switch|p2a: Rise Up|Cobalion, shiny|58/100
|move|p1a: Chansey|Toxic|p2a: Rise Up
|-immune|p2a: Rise Up
|
|upkeep
|turn|148
|inactive|Zephyyyr has 210 seconds left.
|
|t:|1663855874
|switch|p1a: Salamence|Salamence, M|81/100
|-ability|p1a: Salamence|Intimidate|boost
|-unboost|p2a: Rise Up|atk|1
|move|p2a: Rise Up|Stealth Rock|p1a: Salamence
|-sidestart|p1: Mimilucha|move: Stealth Rock
|
|upkeep
|turn|149
|
|t:|1663855879
|switch|p2a: Where Did It Go?|Primarina, M|100/100
|move|p1a: Salamence|Defog|p2a: Where Did It Go?
|-unboost|p2a: Where Did It Go?|evasion|1
|-sideend|p1: Mimilucha|Stealth Rock|[from] move: Defog|[of] p1a: Salamence
|
|upkeep
|turn|150
|inactive|Zephyyyr has 210 seconds left.
|
|t:|1663855916
|switch|p1a: Chansey|Chansey, F|51/100
|move|p2a: Where Did It Go?|Moonblast|p1a: Chansey
|-damage|p1a: Chansey|34/100
|
|upkeep
|turn|151
|
|t:|1663855924
|move|p2a: Where Did It Go?|Scald|p1a: Chansey
|-damage|p1a: Chansey|19/100
|move|p1a: Chansey|Soft-Boiled|p1a: Chansey
|-heal|p1a: Chansey|69/100
|
|upkeep
|turn|152
|
|t:|1663855941
|move|p2a: Where Did It Go?|Scald|p1a: Chansey
|-damage|p1a: Chansey|55/100
|move|p1a: Chansey|Toxic|p2a: Where Did It Go?
|-status|p2a: Where Did It Go?|tox
|
|-damage|p2a: Where Did It Go?|95/100 tox|[from] psn
|upkeep
|turn|153
|
|t:|1663855946
|switch|p2a: Rise Up|Cobalion, shiny|58/100
|move|p1a: Chansey|Soft-Boiled|p1a: Chansey
|-heal|p1a: Chansey|100/100
|
|upkeep
|turn|154
|l|+SFG
|
|t:|1663855954
|switch|p1a: Salamence|Salamence, M|81/100
|-ability|p1a: Salamence|Intimidate|boost
|-unboost|p2a: Rise Up|atk|1
|move|p2a: Rise Up|Stealth Rock|p1a: Salamence
|-sidestart|p1: Mimilucha|move: Stealth Rock
|
|upkeep
|turn|155
|j|+Unamed
|inactive|Zephyyyr has 210 seconds left.
|
|t:|1663855962
|switch|p2a: Alone In A Room|Reuniclus, M, shiny|72/100 tox
|move|p1a: Salamence|Defog|p2a: Alone In A Room
|-unboost|p2a: Alone In A Room|evasion|1
|-sideend|p1: Mimilucha|Stealth Rock|[from] move: Defog|[of] p1a: Salamence
|
|upkeep
|turn|156
|
|t:|1663855972
|switch|p1a: Slowbro|Slowbro-Galar, F|100/100 par
|switch|p2a: I Am One|Diggersby, M|46/100 tox
|
|-damage|p2a: I Am One|40/100 tox|[from] psn
|upkeep
|turn|157
|
|t:|1663855976
|switch|p1a: Salamence|Salamence, M|81/100
|-ability|p1a: Salamence|Intimidate|boost
|-unboost|p2a: I Am One|atk|1
|move|p2a: I Am One|U-turn|p1a: Salamence
|-resisted|p1a: Salamence
|-damage|p1a: Salamence|73/100
|l| Zenadark
|j| Jeza.p
|
|t:|1663855988
|switch|p2a: Vultures|Salamence, M|83/100|[from]move: U-turn
|-ability|p2a: Vultures|Intimidate|boost
|-unboost|p1a: Salamence|atk|1
|
|upkeep
|turn|158
|
|t:|1663855993
|switch|p1a: Chansey|Chansey, F|100/100
|move|p2a: Vultures|Hurricane|p1a: Chansey
|-damage|p1a: Chansey|88/100
|
|upkeep
|turn|159
|
|t:|1663855997
|switch|p2a: Into The Fire|Tangrowth, M|100/100 tox
|move|p1a: Chansey|Seismic Toss|p2a: Into The Fire
|-damage|p2a: Into The Fire|76/100 tox
|
|-damage|p2a: Into The Fire|69/100 tox|[from] psn
|upkeep
|turn|160
|inactive|Zephyyyr has 240 seconds left.
|j| Zenadark
|
|t:|1663856015
|switch|p2a: Vultures|Salamence, M|83/100
|-ability|p2a: Vultures|Intimidate|boost
|-unboost|p1a: Chansey|atk|1
|move|p1a: Chansey|Stealth Rock|p2a: Vultures
|-sidestart|p2: Zephyyyr|move: Stealth Rock
|
|upkeep
|turn|161
|inactive|Zephyyyr has 240 seconds left.
|l| Phxo'
|
|t:|1663856035
|switch|p2a: Rise Up|Cobalion, shiny|58/100
|-damage|p2a: Rise Up|55/100|[from] Stealth Rock
|move|p1a: Chansey|Seismic Toss|p2a: Rise Up
|-damage|p2a: Rise Up|24/100
|
|upkeep
|turn|162
|
|t:|1663856047
|switch|p1a: Salamence|Salamence, M|73/100
|-ability|p1a: Salamence|Intimidate|boost
|-unboost|p2a: Rise Up|atk|1
|move|p2a: Rise Up|Stealth Rock|p1a: Salamence
|-sidestart|p1: Mimilucha|move: Stealth Rock
|
|upkeep
|turn|163
|
|t:|1663856051
|switch|p2a: Vultures|Salamence, M|83/100
|-ability|p2a: Vultures|Intimidate|boost
|-unboost|p1a: Salamence|atk|1
|move|p1a: Salamence|Defog|p2a: Vultures
|-unboost|p2a: Vultures|evasion|1
|-sideend|p2: Zephyyyr|Stealth Rock|[from] move: Defog|[of] p1a: Salamence
|-sideend|p1: Mimilucha|Stealth Rock|[from] move: Defog|[of] p1a: Salamence
|
|upkeep
|turn|164
|inactive|Zephyyyr has 240 seconds left.
|j|+SFG
|
|t:|1663856090
|switch|p1a: Chansey|Chansey, F|88/100
|move|p2a: Vultures|Hurricane|p1a: Chansey
|-damage|p1a: Chansey|76/100
|
|upkeep
|turn|165
|l| Jeza.p
|j| Phxo'
|l| Zenadark
|
|t:|1663856105
|switch|p2a: Where Did It Go?|Primarina, M|95/100 tox
|move|p1a: Chansey|Stealth Rock|p2a: Where Did It Go?
|-sidestart|p2: Zephyyyr|move: Stealth Rock
|
|-heal|p2a: Where Did It Go?|100/100 tox|[from] item: Leftovers
|-damage|p2a: Where Did It Go?|95/100 tox|[from] psn
|upkeep
|turn|166
|
|t:|1663856111
|switch|p1a: Slowbro|Slowbro-Galar, F|100/100 par
|move|p2a: Where Did It Go?|Scald|p1a: Slowbro
|-damage|p1a: Slowbro|47/100 par
|
|-heal|p2a: Where Did It Go?|100/100 tox|[from] item: Leftovers
|-damage|p2a: Where Did It Go?|89/100 tox|[from] psn
|upkeep
|turn|167
|
|t:|1663856121
|switch|p1a: Chansey|Chansey, F|76/100
|move|p2a: Where Did It Go?|Scald|p1a: Chansey
|-damage|p1a: Chansey|60/100
|-status|p1a: Chansey|brn
|
|-heal|p2a: Where Did It Go?|95/100 tox|[from] item: Leftovers
|-damage|p2a: Where Did It Go?|77/100 tox|[from] psn
|-damage|p1a: Chansey|54/100 brn|[from] brn
|upkeep
|turn|168
|
|t:|1663856125
|switch|p2a: Vultures|Salamence, M|83/100
|-ability|p2a: Vultures|Intimidate|boost
|-unboost|p1a: Chansey|atk|1
|move|p1a: Chansey|Soft-Boiled|p1a: Chansey
|-heal|p1a: Chansey|100/100 brn
|
|-damage|p1a: Chansey|94/100 brn|[from] brn
|upkeep
|turn|169
|
|t:|1663856128
|move|p2a: Vultures|Defog|p1a: Chansey
|-unboost|p1a: Chansey|evasion|1
|-sideend|p2: Zephyyyr|Stealth Rock|[from] move: Defog|[of] p2a: Vultures
|move|p1a: Chansey|Toxic|p2a: Vultures
|-status|p2a: Vultures|tox
|
|-damage|p2a: Vultures|77/100 tox|[from] psn
|-damage|p1a: Chansey|88/100 brn|[from] brn
|upkeep
|turn|170
|
|t:|1663856131
|switch|p2a: Rise Up|Cobalion, shiny|24/100
|move|p1a: Chansey|Seismic Toss|p2a: Rise Up
|-damage|p2a: Rise Up|0 fnt
|faint|p2a: Rise Up
|
|-damage|p1a: Chansey|82/100 brn|[from] brn
|upkeep
|j| Jeza.p
|inactive|Zephyyyr has 240 seconds left.
|j| Zenadark
|
|t:|1663856171
|switch|p2a: I Am One|Diggersby, M|40/100 tox
|turn|171
|
|t:|1663856176
|-curestatus|p1a: Chansey|brn|[from] ability: Natural Cure
|switch|p1a: Salamence|Salamence, M|73/100
|-ability|p1a: Salamence|Intimidate|boost
|-unboost|p2a: I Am One|atk|1
|move|p2a: I Am One|Earthquake|p1a: Salamence
|-immune|p1a: Salamence
|
|-damage|p2a: I Am One|34/100 tox|[from] psn
|upkeep
|turn|172
|
|t:|1663856181
|switch|p2a: Alone In A Room|Reuniclus, M, shiny|72/100 tox
|move|p1a: Salamence|Roost|p1a: Salamence
|-heal|p1a: Salamence|100/100
|-singleturn|p1a: Salamence|move: Roost
|
|upkeep
|turn|173
|l| Adri
|
|t:|1663856199
|switch|p1a: Slowbro|Slowbro-Galar, F|80/100 par
|switch|p2a: Into The Fire|Tangrowth, M|100/100 tox
|
|-damage|p2a: Into The Fire|94/100 tox|[from] psn
|upkeep
|turn|174
|
|t:|1663856214
|move|p2a: Into The Fire|Earthquake|p1a: Slowbro
|-supereffective|p1a: Slowbro
|-damage|p1a: Slowbro|50/100 par
|move|p1a: Slowbro|Calm Mind|p1a: Slowbro
|-boost|p1a: Slowbro|spa|1
|-boost|p1a: Slowbro|spd|1
|
|-damage|p2a: Into The Fire|82/100 tox|[from] psn
|upkeep
|turn|175
|
|t:|1663856217
|switch|p1a: Salamence|Salamence, M|100/100
|-ability|p1a: Salamence|Intimidate|boost
|-unboost|p2a: Into The Fire|atk|1
|move|p2a: Into The Fire|Earthquake|p1a: Salamence
|-immune|p1a: Salamence
|
|-damage|p2a: Into The Fire|63/100 tox|[from] psn
|upkeep
|turn|176
|
|t:|1663856225
|switch|p1a: Umbreon|Umbreon, M|43/100
|switch|p2a: Vultures|Salamence, M|77/100 tox
|-ability|p2a: Vultures|Intimidate|boost
|-fail|p1a: Umbreon|unboost|Attack|[from] ability: Inner Focus|[of] p1a: Umbreon
|
|-heal|p1a: Umbreon|49/100|[from] item: Leftovers
|-damage|p2a: Vultures|71/100 tox|[from] psn
|upkeep
|turn|177
|j| Cousiin
|inactive|Zephyyyr has 270 seconds left.
|l| Phxo'
|
|t:|1663856251
|move|p2a: Vultures|Hurricane|p1a: Umbreon
|-damage|p1a: Umbreon|20/100
|move|p1a: Umbreon|Wish|p1a: Umbreon
|
|-heal|p1a: Umbreon|26/100|[from] item: Leftovers
|-damage|p2a: Vultures|59/100 tox|[from] psn
|upkeep
|turn|178
|
|t:|1663856256
|switch|p2a: Where Did It Go?|Primarina, M|77/100 tox
|move|p1a: Umbreon|Protect||[still]
|-fail|p1a: Umbreon
|
|-heal|p1a: Umbreon|76/100|[from] move: Wish|[wisher] Umbreon
|-heal|p2a: Where Did It Go?|83/100 tox|[from] item: Leftovers
|-heal|p1a: Umbreon|82/100|[from] item: Leftovers
|-damage|p2a: Where Did It Go?|77/100 tox|[from] psn
|upkeep
|turn|179
|
|t:|1663856261
|move|p1a: Umbreon|Protect|p1a: Umbreon
|-singleturn|p1a: Umbreon|Protect
|move|p2a: Where Did It Go?|Moonblast|p1a: Umbreon
|-activate|p1a: Umbreon|move: Protect
|
|-heal|p2a: Where Did It Go?|83/100 tox|[from] item: Leftovers
|-heal|p1a: Umbreon|88/100|[from] item: Leftovers
|-damage|p2a: Where Did It Go?|71/100 tox|[from] psn
|upkeep
|turn|180
|
|t:|1663856265
|switch|p1a: Chansey|Chansey, F|82/100
|move|p2a: Where Did It Go?|Scald|p1a: Chansey
|-damage|p1a: Chansey|67/100
|
|-heal|p2a: Where Did It Go?|77/100 tox|[from] item: Leftovers
|-damage|p2a: Where Did It Go?|59/100 tox|[from] psn
|upkeep
|turn|181
|
|t:|1663856270
|switch|p2a: Alone In A Room|Reuniclus, M, shiny|72/100 tox
|move|p1a: Chansey|Stealth Rock|p2a: Alone In A Room
|-sidestart|p2: Zephyyyr|move: Stealth Rock
|
|upkeep
|turn|182
|c|☆Zephyyyr|Oe je passe plus
|c|☆Zephyyyr|Sry team
|inactive|Zephyyyr has 270 seconds left.
|c|☆Zephyyyr|Dommage mimi je m attendais a une vraie game
|j| Hyss
|-message|Zephyyyr forfeited.
|
|win|Mimilucha
|c|☆Mimilucha|sry bro c'était le call
|c|☆Mimilucha|gg
|l| Annabels
|l|+Unamed
|l| Jeza.p
|l| Hyss
|l|+Tuthur
|l| Masskeauuu
|j| Skyrio
|l| Cousiin
|l| Zenadark
|l| Skyrio
