|j|☆HaxxLR
|j|☆UULT93J pif
|t:|1653309935
|gametype|singles
|player|p1|HaxxLR|grimsley|1410
|player|p2|UULT93J pif|2|1699
|teamsize|p1|6
|teamsize|p2|6
|gen|8
|tier|[Gen 8] UU
|rated|
|rule|Sleep Clause Mod: Limit one foe put to sleep
|rule|Species Clause: Limit one of each Pokémon
|rule|OHKO Clause: OHKO moves are banned
|rule|Evasion Moves Clause: Evasion moves are banned
|rule|Endless Battle Clause: Forcing endless battles is banned
|rule|HP Percentage Mod: HP is shown in percentages
|rule|Dynamax Clause: You cannot dynamax
|clearpoke
|poke|p1|Salamence, M|
|poke|p1|Azumarill, M|
|poke|p1|Cobalion|
|poke|p1|Tangrowth, F|
|poke|p1|Zygarde-10%|
|poke|p1|Mandibuzz, F|
|poke|p2|Scizor, F|
|poke|p2|Moltres|
|poke|p2|Slowking, M|
|poke|p2|Zarude|
|poke|p2|Zygarde-10%|
|poke|p2|Nihilego|
|teampreview
|j| Zaza BitchuLia
|j| itsjustdrew
|j| Suta Pulachina
|j| UULT93J xj691691
|inactive|Battle timer is ON: inactive players will automatically lose when time's up. (requested by UULT93J pif)
|c|☆UULT93J pif|hf
|c|☆HaxxLR|hf
|j| uult93jmich
|inactive|HaxxLR has 120 seconds left.
|inactive|HaxxLR has 90 seconds left.
|
|t:|1653310032
|start
|switch|p1a: Cobalion|Cobalion|100/100
|switch|p2a: think PINK|Slowking, M|100/100
|turn|1
|inactive|UULT93J pif has 120 seconds left.
|
|t:|1653310088
|move|p1a: Cobalion|Stealth Rock|p2a: think PINK
|-sidestart|p2: UULT93J pif|move: Stealth Rock
|move|p2a: think PINK|Scald|p1a: Cobalion
|-damage|p1a: Cobalion|63/100
|
|upkeep
|turn|2
|inactive|HaxxLR has 120 seconds left.
|
|t:|1653310105
|move|p1a: Cobalion|Volt Switch|p2a: think PINK
|-supereffective|p2a: think PINK
|-damage|p2a: think PINK|78/100
|
|t:|1653310109
|switch|p1a: Mandibuzz|Mandibuzz, F|100/100|[from]move: Volt Switch
|move|p2a: think PINK|Future Sight|p1a: Mandibuzz
|-start|p2a: think PINK|move: Future Sight
|
|upkeep
|turn|3
|inactive|HaxxLR has 120 seconds left.
|
|t:|1653310135
|move|p1a: Mandibuzz|U-turn|p2a: think PINK
|-supereffective|p2a: think PINK
|-damage|p2a: think PINK|61/100
|
|t:|1653310144
|switch|p1a: Tangrowth|Tangrowth, F|100/100|[from]move: U-turn
|move|p2a: think PINK|Teleport|p2a: think PINK
|inactive|UULT93J pif has 120 seconds left.
|
|t:|1653310151
|switch|p2a: punch ur lunch|Scizor, F|100/100|[from]move: Teleport
|
|upkeep
|turn|4
|inactive|HaxxLR has 120 seconds left.
|
|t:|1653310176
|switch|p1a: Cobalion|Cobalion|63/100
|move|p2a: punch ur lunch|Knock Off|p1a: Cobalion
|-resisted|p1a: Cobalion
|-crit|p1a: Cobalion
|-damage|p1a: Cobalion|42/100
|-damage|p2a: punch ur lunch|84/100|[from] item: Rocky Helmet|[of] p1a: Cobalion
|-ability|p1a: Cobalion|Justified|boost
|-boost|p1a: Cobalion|atk|1
|-enditem|p1a: Cobalion|Rocky Helmet|[from] move: Knock Off|[of] p2a: punch ur lunch
|
|-end|p1a: Cobalion|move: Future Sight
|-damage|p1a: Cobalion|0 fnt
|faint|p1a: Cobalion
|upkeep
|
|t:|1653310184
|switch|p1a: Salamence|Salamence, M|100/100
|-ability|p1a: Salamence|Intimidate|boost
|-unboost|p2a: punch ur lunch|atk|1
|turn|5
|
|t:|1653310204
|switch|p1a: Zygarde|Zygarde-10%|100/100
|-ability|p1a: Zygarde|Aura Break
|switch|p2a: think PINK|Slowking, M|95/100
|-damage|p2a: think PINK|82/100|[from] Stealth Rock
|
|upkeep
|turn|6
|
|t:|1653310223
|switch|p1a: Tangrowth|Tangrowth, F|100/100
|move|p2a: think PINK|Scald|p1a: Tangrowth
|-resisted|p1a: Tangrowth
|-damage|p1a: Tangrowth|92/100
|-status|p1a: Tangrowth|brn
|
|-damage|p1a: Tangrowth|86/100 brn|[from] brn
|upkeep
|turn|7
|inactive|HaxxLR has 90 seconds left.
|j| sand stream 465
|
|t:|1653310266
|switch|p1a: Mandibuzz|Mandibuzz, F|100/100
|move|p2a: think PINK|Teleport|p2a: think PINK
|
|t:|1653310269
|switch|p2a: quirky turkey|Moltres|100/100|[from]move: Teleport
|
|upkeep
|turn|8
|
|t:|1653310283
|switch|p1a: Salamence|Salamence, M|100/100
|-ability|p1a: Salamence|Intimidate|boost
|-unboost|p2a: quirky turkey|atk|1
|move|p2a: quirky turkey|Defog|p1a: Salamence
|-unboost|p1a: Salamence|evasion|1
|-sideend|p2: UULT93J pif|Stealth Rock|[from] move: Defog|[of] p2a: quirky turkey
|
|upkeep
|turn|9
|inactive|HaxxLR has 60 seconds left.
|
|t:|1653310307
|switch|p2a: think PINK|Slowking, M|100/100
|move|p1a: Salamence|Hurricane|p2a: think PINK|[miss]
|-miss|p1a: Salamence|p2a: think PINK
|
|upkeep
|turn|10
|inactive|HaxxLR has 60 seconds left.
|
|t:|1653310321
|move|p1a: Salamence|Hurricane|p2a: think PINK
|-damage|p2a: think PINK|60/100
|-start|p2a: think PINK|confusion
|-activate|p2a: think PINK|confusion
|-damage|p2a: think PINK|55/100|[from] confusion
|
|upkeep
|turn|11
|inactive|HaxxLR has 60 seconds left.
|
|t:|1653310338
|switch|p2a: stingy thingy|Nihilego|100/100
|move|p1a: Salamence|Draco Meteor|p2a: stingy thingy
|-damage|p2a: stingy thingy|58/100
|-unboost|p1a: Salamence|spa|2
|
|-heal|p2a: stingy thingy|64/100|[from] item: Black Sludge
|upkeep
|turn|12
|inactive|HaxxLR has 60 seconds left.
|
|t:|1653310347
|switch|p1a: Zygarde|Zygarde-10%|100/100
|-ability|p1a: Zygarde|Aura Break
|move|p2a: stingy thingy|Stealth Rock|p1a: Zygarde
|-sidestart|p1: HaxxLR|move: Stealth Rock
|
|-heal|p2a: stingy thingy|70/100|[from] item: Black Sludge
|upkeep
|turn|13
|inactive|HaxxLR has 60 seconds left.
|
|t:|1653310360
|switch|p2a: think PINK|Slowking, M|88/100
|move|p1a: Zygarde|Toxic|p2a: think PINK
|-status|p2a: think PINK|tox
|
|-damage|p2a: think PINK|82/100 tox|[from] psn
|upkeep
|turn|14
|
|t:|1653310369
|switch|p1a: Salamence|Salamence, M|100/100
|-ability|p1a: Salamence|Intimidate|boost
|-unboost|p2a: think PINK|atk|1
|move|p2a: think PINK|Teleport|p2a: think PINK
|
|t:|1653310371
|switch|p2a: stingy thingy|Nihilego|70/100|[from]move: Teleport
|
|-heal|p2a: stingy thingy|76/100|[from] item: Black Sludge
|upkeep
|turn|15
|inactive|HaxxLR has 60 seconds left.
|
|t:|1653310393
|move|p2a: stingy thingy|Sludge Bomb|p1a: Salamence
|-damage|p1a: Salamence|40/100
|move|p1a: Salamence|Draco Meteor|p2a: stingy thingy
|-damage|p2a: stingy thingy|29/100
|-unboost|p1a: Salamence|spa|2
|
|-heal|p2a: stingy thingy|35/100|[from] item: Black Sludge
|upkeep
|turn|16
|inactive|HaxxLR has 60 seconds left.
|
|t:|1653310422
|switch|p1a: Zygarde|Zygarde-10%|100/100
|-damage|p1a: Zygarde|94/100|[from] Stealth Rock
|-ability|p1a: Zygarde|Aura Break
|move|p2a: stingy thingy|Sludge Bomb|p1a: Zygarde
|-resisted|p1a: Zygarde
|-damage|p1a: Zygarde|58/100
|
|-heal|p2a: stingy thingy|41/100|[from] item: Black Sludge
|upkeep
|turn|17
|
|t:|1653310440
|switch|p1a: Mandibuzz|Mandibuzz, F|100/100
|switch|p2a: think PINK|Slowking, M|100/100 tox
|
|-damage|p2a: think PINK|94/100 tox|[from] psn
|upkeep
|turn|18
|
|t:|1653310452
|move|p1a: Mandibuzz|U-turn|p2a: think PINK
|-supereffective|p2a: think PINK
|-damage|p2a: think PINK|78/100 tox
|
|t:|1653310459
|switch|p1a: Salamence|Salamence, M|40/100|[from]move: U-turn
|-ability|p1a: Salamence|Intimidate|boost
|-unboost|p2a: think PINK|atk|1
|move|p2a: think PINK|Scald|p1a: Salamence
|-resisted|p1a: Salamence
|-damage|p1a: Salamence|23/100
|
|-damage|p2a: think PINK|65/100 tox|[from] psn
|upkeep
|turn|19
|
|t:|1653310465
|move|p1a: Salamence|Roost|p1a: Salamence
|-heal|p1a: Salamence|73/100
|-singleturn|p1a: Salamence|move: Roost
|move|p2a: think PINK|Teleport|p2a: think PINK
|
|t:|1653310467
|switch|p2a: stingy thingy|Nihilego|41/100|[from]move: Teleport
|
|-heal|p2a: stingy thingy|47/100|[from] item: Black Sludge
|upkeep
|turn|20
|j| UULT91W Ra
|n| UULT93J Zaza|zazabitchulia
|
|t:|1653310492
|switch|p1a: Tangrowth|Tangrowth, F|100/100 brn
|-damage|p1a: Tangrowth|88/100 brn|[from] Stealth Rock
|move|p2a: stingy thingy|Power Gem|p1a: Tangrowth
|-damage|p1a: Tangrowth|63/100 brn
|
|-heal|p2a: stingy thingy|53/100|[from] item: Black Sludge
|-damage|p1a: Tangrowth|57/100 brn|[from] brn
|upkeep
|turn|21
|
|t:|1653310512
|switch|p2a: quirky turkey|Moltres|100/100
|move|p1a: Tangrowth|Earthquake|p2a: quirky turkey
|-immune|p2a: quirky turkey
|
|-damage|p1a: Tangrowth|51/100 brn|[from] brn
|upkeep
|turn|22
|inactive|HaxxLR has 30 seconds left.
|
|t:|1653310533
|switch|p1a: Azumarill|Azumarill, M|100/100
|-damage|p1a: Azumarill|88/100|[from] Stealth Rock
|move|p2a: quirky turkey|Flamethrower|p1a: Azumarill
|-resisted|p1a: Azumarill
|-damage|p1a: Azumarill|64/100
|
|upkeep
|turn|23
|inactive|HaxxLR has 30 seconds left.
|inactive|HaxxLR has 20 seconds left.
|inactive|HaxxLR has 15 seconds left.
|inactive|HaxxLR has 10 seconds left.
|
|t:|1653310560
|move|p2a: quirky turkey|U-turn|p1a: Azumarill
|-resisted|p1a: Azumarill
|-damage|p1a: Azumarill|54/100
|inactive|HaxxLR has 15 seconds left this turn.
|
|t:|1653310563
|switch|p2a: think PINK|Slowking, M|99/100 tox|[from]move: U-turn
|move|p1a: Azumarill|Knock Off|p2a: think PINK
|-supereffective|p2a: think PINK
|-enditem|p2a: think PINK|Colbur Berry|[eat]
|-enditem|p2a: think PINK|Colbur Berry|[weaken]
|-damage|p2a: think PINK|56/100 tox
|
|-damage|p2a: think PINK|49/100 tox|[from] psn
|upkeep
|turn|24
|inactive|HaxxLR has 25 seconds left this turn.
|inactive|HaxxLR has 20 seconds left.
|
|t:|1653310571
|switch|p2a: quirky turkey|Moltres|100/100
|move|p1a: Azumarill|Knock Off|p2a: quirky turkey
|-damage|p2a: quirky turkey|44/100
|-status|p1a: Azumarill|brn|[from] ability: Flame Body|[of] p2a: quirky turkey
|-enditem|p2a: quirky turkey|Heavy-Duty Boots|[from] move: Knock Off|[of] p1a: Azumarill
|
|-damage|p1a: Azumarill|48/100 brn|[from] brn
|upkeep
|turn|25
|inactive|HaxxLR has 30 seconds left this turn.
|inactive|HaxxLR has 20 seconds left.
|
|t:|1653310582
|move|p2a: quirky turkey|U-turn|p1a: Azumarill
|-resisted|p1a: Azumarill
|-damage|p1a: Azumarill|39/100 brn
|inactive|HaxxLR has 25 seconds left this turn.
|
|t:|1653310592
|switch|p2a: punch ur lunch|Scizor, F|84/100|[from]move: U-turn
|move|p1a: Azumarill|Knock Off|p2a: punch ur lunch
|-crit|p2a: punch ur lunch
|-damage|p2a: punch ur lunch|40/100
|-enditem|p2a: punch ur lunch|Heavy-Duty Boots|[from] move: Knock Off|[of] p1a: Azumarill
|
|-damage|p1a: Azumarill|33/100 brn|[from] brn
|upkeep
|turn|26
|inactive|HaxxLR has 30 seconds left.
|
|t:|1653310600
|switch|p1a: Mandibuzz|Mandibuzz, F|100/100
|move|p2a: punch ur lunch|Roost|p2a: punch ur lunch
|-heal|p2a: punch ur lunch|90/100
|-singleturn|p2a: punch ur lunch|move: Roost
|
|upkeep
|turn|27
|
|t:|1653310609
|move|p1a: Mandibuzz|Defog|p2a: punch ur lunch
|-unboost|p2a: punch ur lunch|evasion|1
|-sideend|p1: HaxxLR|Stealth Rock|[from] move: Defog|[of] p1a: Mandibuzz
|move|p2a: punch ur lunch|U-turn|p1a: Mandibuzz
|-damage|p1a: Mandibuzz|81/100
|
|t:|1653310613
|switch|p2a: stingy thingy|Nihilego|53/100|[from]move: U-turn
|
|-heal|p2a: stingy thingy|60/100|[from] item: Black Sludge
|upkeep
|turn|28
|
|t:|1653310619
|switch|p1a: Zygarde|Zygarde-10%|58/100
|-ability|p1a: Zygarde|Aura Break
|move|p2a: stingy thingy|Power Gem|p1a: Zygarde
|-resisted|p1a: Zygarde
|-damage|p1a: Zygarde|24/100
|
|-heal|p2a: stingy thingy|66/100|[from] item: Black Sludge
|upkeep
|turn|29
|
|t:|1653310628
|switch|p2a: think PINK|Slowking, M|83/100 tox
|move|p1a: Zygarde|Thousand Arrows|p2a: think PINK
|-damage|p2a: think PINK|43/100 tox
|
|-damage|p2a: think PINK|37/100 tox|[from] psn
|upkeep
|turn|30
|inactive|HaxxLR has 60 seconds left.
|
|t:|1653310638
|switch|p1a: Mandibuzz|Mandibuzz, F|81/100
|switch|p2a: za polite|Zarude|100/100
|
|upkeep
|turn|31
|
|t:|1653310643
|move|p2a: za polite|U-turn|p1a: Mandibuzz
|-damage|p1a: Mandibuzz|60/100
|
|t:|1653310648
|switch|p2a: quirky turkey|Moltres|44/100|[from]move: U-turn
|move|p1a: Mandibuzz|U-turn|p2a: quirky turkey
|-resisted|p2a: quirky turkey
|-crit|p2a: quirky turkey
|-damage|p2a: quirky turkey|40/100
|-status|p1a: Mandibuzz|brn|[from] ability: Flame Body|[of] p2a: quirky turkey
|
|t:|1653310661
|switch|p1a: Zygarde|Zygarde-10%|24/100|[from]move: U-turn
|-ability|p1a: Zygarde|Aura Break
|
|upkeep
|turn|32
|
|t:|1653310668
|switch|p2a: think PINK|Slowking, M|70/100 tox
|move|p1a: Zygarde|Thousand Arrows|p2a: think PINK
|-damage|p2a: think PINK|24/100 tox
|
|-damage|p2a: think PINK|18/100 tox|[from] psn
|upkeep
|turn|33
|
|t:|1653310684
|switch|p2a: za polite|Zarude|100/100
|move|p1a: Zygarde|Thousand Arrows|p2a: za polite
|-resisted|p2a: za polite
|-damage|p2a: za polite|73/100
|
|upkeep
|turn|34
|
|t:|1653310693
|switch|p1a: Azumarill|Azumarill, M|33/100 brn
|move|p2a: za polite|U-turn|p1a: Azumarill
|-resisted|p1a: Azumarill
|-damage|p1a: Azumarill|12/100 brn
|
|t:|1653310699
|switch|p2a: think PINK|Slowking, M|51/100 tox|[from]move: U-turn
|
|-damage|p2a: think PINK|45/100 tox|[from] psn
|-damage|p1a: Azumarill|6/100 brn|[from] brn
|upkeep
|turn|35
|
|t:|1653310714
|move|p1a: Azumarill|Knock Off|p2a: think PINK
|-supereffective|p2a: think PINK
|-damage|p2a: think PINK|16/100 tox
|move|p2a: think PINK|Slack Off|p2a: think PINK
|-heal|p2a: think PINK|66/100 tox
|
|-damage|p2a: think PINK|54/100 tox|[from] psn
|-damage|p1a: Azumarill|0 fnt|[from] brn
|faint|p1a: Azumarill
|upkeep
|
|t:|1653310736
|switch|p1a: Tangrowth|Tangrowth, F|84/100 brn
|turn|36
|j| UULT93J Akame
|inactive|HaxxLR has 60 seconds left.
|
|t:|1653310758
|move|p1a: Tangrowth|Giga Drain|p2a: think PINK
|-supereffective|p2a: think PINK
|-damage|p2a: think PINK|11/100 tox
|-heal|p1a: Tangrowth|100/100 brn|[from] drain|[of] p2a: think PINK
|move|p2a: think PINK|Teleport|p2a: think PINK
|
|t:|1653310762
|switch|p2a: punch ur lunch|Scizor, F|90/100|[from]move: Teleport
|
|-damage|p1a: Tangrowth|94/100 brn|[from] brn
|upkeep
|turn|37
|inactive|HaxxLR has 60 seconds left.
|
|t:|1653310786
|switch|p1a: Salamence|Salamence, M|73/100
|-ability|p1a: Salamence|Intimidate|boost
|-unboost|p2a: punch ur lunch|atk|1
|move|p2a: punch ur lunch|U-turn|p1a: Salamence
|-resisted|p1a: Salamence
|-damage|p1a: Salamence|58/100
|
|t:|1653310789
|switch|p2a: stingy thingy|Nihilego|66/100|[from]move: U-turn
|
|-heal|p2a: stingy thingy|72/100|[from] item: Black Sludge
|upkeep
|turn|38
|inactive|HaxxLR has 60 seconds left.
|
|t:|1653310807
|switch|p1a: Tangrowth|Tangrowth, F|100/100 brn
|move|p2a: stingy thingy|Sludge Bomb|p1a: Tangrowth
|-supereffective|p1a: Tangrowth
|-damage|p1a: Tangrowth|42/100 brn
|
|-heal|p2a: stingy thingy|78/100|[from] item: Black Sludge
|-damage|p1a: Tangrowth|36/100 brn|[from] brn
|upkeep
|turn|39
|
|t:|1653310817
|move|p2a: stingy thingy|Sludge Bomb|p1a: Tangrowth
|-supereffective|p1a: Tangrowth
|-damage|p1a: Tangrowth|0 fnt
|faint|p1a: Tangrowth
|-ability|p2a: stingy thingy|Beast Boost|boost
|-boost|p2a: stingy thingy|spa|1
|
|-heal|p2a: stingy thingy|84/100|[from] item: Black Sludge
|upkeep
|
|t:|1653310820
|switch|p1a: Zygarde|Zygarde-10%|24/100
|-ability|p1a: Zygarde|Aura Break
|turn|40
|
|t:|1653310829
|switch|p2a: think PINK|Slowking, M|44/100 tox
|move|p1a: Zygarde|Thousand Arrows|p2a: think PINK
|-damage|p2a: think PINK|5/100 tox
|
|-damage|p2a: think PINK|0 fnt|[from] psn
|faint|p2a: think PINK
|upkeep
|
|t:|1653310830
|switch|p2a: za polite|Zarude|73/100
|turn|41
|inactive|HaxxLR has 60 seconds left.
|
|t:|1653310851
|switch|p1a: Mandibuzz|Mandibuzz, F|60/100 brn
|move|p2a: za polite|U-turn|p1a: Mandibuzz
|-damage|p1a: Mandibuzz|39/100 brn
|
|t:|1653310862
|switch|p2a: stingy thingy|Nihilego|84/100|[from]move: U-turn
|
|-heal|p2a: stingy thingy|90/100|[from] item: Black Sludge
|-damage|p1a: Mandibuzz|33/100 brn|[from] brn
|upkeep
|turn|42
|
|t:|1653310870
|move|p2a: stingy thingy|Power Gem|p1a: Mandibuzz
|-supereffective|p1a: Mandibuzz
|-damage|p1a: Mandibuzz|0 fnt
|faint|p1a: Mandibuzz
|-ability|p2a: stingy thingy|Beast Boost|boost
|-boost|p2a: stingy thingy|spa|1
|
|-heal|p2a: stingy thingy|96/100|[from] item: Black Sludge
|upkeep
|
|t:|1653310872
|switch|p1a: Zygarde|Zygarde-10%|24/100
|-ability|p1a: Zygarde|Aura Break
|turn|43
|
|t:|1653310882
|switch|p2a: quirky turkey|Moltres|40/100
|move|p1a: Zygarde|Thousand Arrows|p2a: quirky turkey
|-damage|p2a: quirky turkey|0 fnt
|faint|p2a: quirky turkey
|
|upkeep
|
|t:|1653310885
|switch|p2a: za polite|Zarude|73/100
|turn|44
|
|t:|1653310893
|switch|p1a: Salamence|Salamence, M|58/100
|-ability|p1a: Salamence|Intimidate|boost
|-unboost|p2a: za polite|atk|1
|move|p2a: za polite|U-turn|p1a: Salamence
|-resisted|p1a: Salamence
|-damage|p1a: Salamence|44/100
|
|t:|1653310895
|switch|p2a: stingy thingy|Nihilego|96/100|[from]move: U-turn
|
|-heal|p2a: stingy thingy|100/100|[from] item: Black Sludge
|upkeep
|turn|45
|
|t:|1653310899
|move|p2a: stingy thingy|Power Gem|p1a: Salamence
|-supereffective|p1a: Salamence
|-damage|p1a: Salamence|0 fnt
|faint|p1a: Salamence
|-ability|p2a: stingy thingy|Beast Boost|boost
|-boost|p2a: stingy thingy|spa|1
|
|upkeep
|
|t:|1653310901
|switch|p1a: Zygarde|Zygarde-10%|24/100
|-ability|p1a: Zygarde|Aura Break
|turn|46
|c|☆HaxxLR|gg
|
|t:|1653310906
|move|p1a: Zygarde|Thousand Arrows|p2a: stingy thingy
|-supereffective|p2a: stingy thingy
|-damage|p2a: stingy thingy|0 fnt
|faint|p2a: stingy thingy
|
|upkeep
|c|☆UULT93J pif|gg
|
|t:|1653310910
|switch|p2a: za polite|Zarude|73/100
|turn|47
|
|t:|1653310912
|move|p1a: Zygarde|Thousand Arrows|p2a: za polite
|-resisted|p2a: za polite
|-damage|p2a: za polite|44/100
|move|p2a: za polite|U-turn|p1a: Zygarde
|-damage|p1a: Zygarde|0 fnt
|faint|p1a: Zygarde
|
|win|UULT93J pif
|raw|HaxxLR's rating: 1410 &rarr; <strong>1404</strong><br />(-6 for losing)
|raw|UULT93J pif's rating: 1699 &rarr; <strong>1705</strong><br />(+6 for winning)
|l|☆UULT93J pif
