|j|☆ok now i see ya
|j|☆Pepeletoro1894
|t:|1602050317
|player|p1|ok now i see ya|brendan-gen3rs|1585
|player|p2|Pepeletoro1894|1|1266
|teamsize|p1|6
|teamsize|p2|6
|gametype|singles
|gen|8
|tier|[Gen 8] UU
|rated|
|clearpoke
|poke|p1|Mamoswine, M|
|poke|p1|Slowbro, M|
|poke|p1|Cobalion|
|poke|p1|Chandelure, F|
|poke|p1|Weezing-Galar, M|
|poke|p1|Zarude|
|poke|p2|Zarude|
|poke|p2|Sirfetch’d, M|
|poke|p2|Cramorant, F|
|poke|p2|Gardevoir, M|
|poke|p2|Rotom-Wash|
|poke|p2|Chandelure, F|
|rule|Sleep Clause Mod: Limit one foe put to sleep
|rule|Species Clause: Limit one of each Pokémon
|rule|OHKO Clause: OHKO moves are banned
|rule|Evasion Moves Clause: Evasion moves are banned
|rule|Endless Battle Clause: Forcing endless battles is banned
|rule|HP Percentage Mod: HP is shown in percentages
|rule|Dynamax Clause: You cannot dynamax
|teampreview
|inactive|Battle timer is ON: inactive players will automatically lose when time's up. (requested by ok now i see ya)
|
|t:|1602050327
|start
|switch|p1a: Mojo Jojo|Zarude|100/100
|switch|p2a: Cramorant|Cramorant, F|100/100
|turn|1
|
|t:|1602050332
|move|p1a: Mojo Jojo|U-turn|p2a: Cramorant
|-resisted|p2a: Cramorant
|-damage|p2a: Cramorant|78/100
|-damage|p1a: Mojo Jojo|84/100|[from] item: Rocky Helmet|[of] p2a: Cramorant
|
|t:|1602050338
|switch|p1a: Dope|Slowbro, M|100/100|[from]move: U-turn
|move|p2a: Cramorant|Hurricane|p1a: Dope
|-damage|p1a: Dope|54/100
|
|upkeep
|turn|2
|inactive|ok now i see ya has 120 seconds left.
|inactive|ok now i see ya has 90 seconds left.
|
|t:|1602050418
|move|p2a: Cramorant|Hurricane|p1a: Dope
|-damage|p1a: Dope|8/100
|move|p1a: Dope|Teleport|p1a: Dope
|inactive|ok now i see ya has 60 seconds left.
|c|☆ok now i see ya|!dt gulp missile
|raw|<ul class="utilichart"><li class="result"><span class="col namecol"><a href="https://dex.pokemonshowdown.com/abilities/gulpmissile">Gulp Missile</a></span> <span class="col abilitydesccol">When hit after Surf/Dive, attacker takes 1/4 max HP and -1 Defense or paralysis.</span> </li><li style="clear:both"></li></ul>
|raw|<font size="1"><font color="#686868">Gen:</font> 8</font>

|
|t:|1602050460
|switch|p1a: Koba Leon|Cobalion|100/100|[from]move: Teleport
|
|upkeep
|turn|3
|
|t:|1602050464
|move|p1a: Koba Leon|Volt Switch|p2a: Cramorant
|-supereffective|p2a: Cramorant
|-damage|p2a: Cramorant|7/100
|
|t:|1602050468
|switch|p1a: Bong|Weezing-Galar, M|100/100|[from]move: Volt Switch
|move|p2a: Cramorant|Surf|p1a: Bong
|-formechange|p2a: Cramorant|Cramorant-Gorging|
|-damage|p1a: Bong|49/100
|
|-heal|p1a: Bong|55/100|[from] item: Black Sludge
|upkeep
|turn|4
|inactive|ok now i see ya has 60 seconds left.
|
|t:|1602050486
|move|p2a: Cramorant|Hurricane|p1a: Bong
|-damage|p1a: Bong|0 fnt
|faint|p1a: Bong
|
|upkeep
|
|t:|1602050489
|switch|p1a: Icy Boi|Mamoswine, M|100/100
|turn|5
|
|t:|1602050493
|move|p2a: Cramorant|Endure|p2a: Cramorant
|-singleturn|p2a: Cramorant|move: Endure
|move|p1a: Icy Boi|Ice Shard|p2a: Cramorant
|-activate|p2a: Cramorant|move: Endure
|-damage|p2a: Cramorant|1/100
|-damage|p1a: Icy Boi|76/100|[from] ability: Gulp Missile|[of] p2a: Cramorant
|-status|p1a: Icy Boi|par
|-formechange|p2a: Cramorant|Cramorant|
|-damage|p1a: Icy Boi|66/100 par|[from] item: Life Orb
|
|upkeep
|turn|6
|
|t:|1602050505
|switch|p2a: Rotom|Rotom-Wash|100/100
|move|p1a: Icy Boi|Ice Shard|p2a: Rotom
|-resisted|p2a: Rotom
|-damage|p2a: Rotom|89/100
|-damage|p1a: Icy Boi|56/100 par|[from] item: Life Orb
|
|-heal|p2a: Rotom|95/100|[from] item: Leftovers
|upkeep
|turn|7
|
|t:|1602050515
|switch|p1a: Mojo Jojo|Zarude|84/100
|move|p2a: Rotom|Will-O-Wisp|p1a: Mojo Jojo
|-status|p1a: Mojo Jojo|brn
|
|-heal|p2a: Rotom|100/100|[from] item: Leftovers
|-damage|p1a: Mojo Jojo|78/100 brn|[from] brn
|upkeep
|turn|8
|
|t:|1602050523
|move|p1a: Mojo Jojo|U-turn|p2a: Rotom
|-damage|p2a: Rotom|91/100
|
|t:|1602050525
|switch|p1a: Icy Boi|Mamoswine, M|56/100 par|[from]move: U-turn
|move|p2a: Rotom|Volt Switch|p1a: Icy Boi
|-immune|p1a: Icy Boi
|
|-heal|p2a: Rotom|98/100|[from] item: Leftovers
|upkeep
|turn|9
|
|t:|1602050529
|switch|p1a: Mojo Jojo|Zarude|78/100 brn
|move|p2a: Rotom|Hydro Pump|p1a: Mojo Jojo
|-resisted|p1a: Mojo Jojo
|-damage|p1a: Mojo Jojo|59/100 brn
|
|-heal|p2a: Rotom|100/100|[from] item: Leftovers
|-damage|p1a: Mojo Jojo|53/100 brn|[from] brn
|upkeep
|turn|10
|
|t:|1602050537
|move|p1a: Mojo Jojo|Power Whip|p2a: Rotom
|-supereffective|p2a: Rotom
|-damage|p2a: Rotom|54/100
|move|p2a: Rotom|Volt Switch|p1a: Mojo Jojo
|-resisted|p1a: Mojo Jojo
|-damage|p1a: Mojo Jojo|41/100 brn
|
|t:|1602050551
|switch|p2a: Chandelure|Chandelure, F|100/100|[from]move: Volt Switch
|
|-damage|p1a: Mojo Jojo|35/100 brn|[from] brn
|upkeep
|turn|11
|
|t:|1602050561
|switch|p2a: Zarude|Zarude|100/100
|switch|p1a: Icy Boi|Mamoswine, M|56/100 par
|
|upkeep
|turn|12
|
|t:|1602050567
|move|p1a: Icy Boi|Ice Shard|p2a: Zarude
|-supereffective|p2a: Zarude
|-damage|p2a: Zarude|44/100
|-damage|p1a: Icy Boi|46/100 par|[from] item: Life Orb
|move|p2a: Zarude|Power Whip|p1a: Icy Boi
|-supereffective|p1a: Icy Boi
|-damage|p1a: Icy Boi|0 fnt
|faint|p1a: Icy Boi
|
|-heal|p2a: Zarude|50/100|[from] item: Leftovers
|upkeep
|
|t:|1602050574
|switch|p1a: Koba Leon|Cobalion|100/100
|turn|13
|
|t:|1602050579
|move|p1a: Koba Leon|Stealth Rock|p2a: Zarude
|-sidestart|p2: Pepeletoro1894|move: Stealth Rock
|move|p2a: Zarude|Power Whip|p1a: Koba Leon
|-resisted|p1a: Koba Leon
|-damage|p1a: Koba Leon|77/100
|-damage|p2a: Zarude|34/100|[from] item: Rocky Helmet|[of] p1a: Koba Leon
|
|-heal|p2a: Zarude|40/100|[from] item: Leftovers
|upkeep
|turn|14
|
|t:|1602050583
|move|p1a: Koba Leon|Close Combat|p2a: Zarude
|-supereffective|p2a: Zarude
|-damage|p2a: Zarude|0 fnt
|-unboost|p1a: Koba Leon|def|1
|-unboost|p1a: Koba Leon|spd|1
|faint|p2a: Zarude
|
|upkeep
|
|t:|1602050591
|switch|p2a: Rotom|Rotom-Wash|54/100
|-damage|p2a: Rotom|41/100|[from] Stealth Rock
|turn|15
|
|t:|1602050593
|move|p1a: Koba Leon|Close Combat|p2a: Rotom
|-damage|p2a: Rotom|3/100
|-unboost|p1a: Koba Leon|def|1
|-unboost|p1a: Koba Leon|spd|1
|move|p2a: Rotom|Defog|p1a: Koba Leon
|-unboost|p1a: Koba Leon|evasion|1
|-sideend|p2: Pepeletoro1894|Stealth Rock|[from] move: Defog|[of] p2a: Rotom
|
|-heal|p2a: Rotom|9/100|[from] item: Leftovers
|upkeep
|turn|16
|
|t:|1602050606
|switch|p2a: Cramorant|Cramorant, F|1/100
|move|p1a: Koba Leon|Volt Switch|p2a: Cramorant
|-supereffective|p2a: Cramorant
|-damage|p2a: Cramorant|0 fnt
|faint|p2a: Cramorant
|
|t:|1602050613
|switch|p1a: Swing from the|Chandelure, F|100/100|[from]move: Volt Switch
|
|upkeep
|
|t:|1602050626
|switch|p2a: Chandelure|Chandelure, F|100/100
|turn|17
|
|t:|1602050629
|move|p2a: Chandelure|Shadow Ball|p1a: Swing from the
|-supereffective|p1a: Swing from the
|-damage|p1a: Swing from the|0 fnt
|faint|p1a: Swing from the
|
|upkeep
|
|t:|1602050632
|switch|p1a: Mojo Jojo|Zarude|35/100 brn
|turn|18
|
|t:|1602050643
|switch|p2a: Rotom|Rotom-Wash|9/100
|move|p1a: Mojo Jojo|Synthesis|p1a: Mojo Jojo
|-heal|p1a: Mojo Jojo|85/100 brn
|
|-heal|p2a: Rotom|15/100|[from] item: Leftovers
|-damage|p1a: Mojo Jojo|79/100 brn|[from] brn
|upkeep
|turn|19
|
|t:|1602050651
|move|p1a: Mojo Jojo|Throat Chop|p2a: Rotom
|-damage|p2a: Rotom|1/100
|-start|p2a: Rotom|Throat Chop|[silent]
|move|p2a: Rotom|Volt Switch|p1a: Mojo Jojo
|-resisted|p1a: Mojo Jojo
|-damage|p1a: Mojo Jojo|65/100 brn
|-message|ok now i see ya forfeited.
|
|win|Pepeletoro1894
|l|☆ok now i see ya
|raw|ok now i see ya's rating: 1585 &rarr; <strong>1550</strong><br />(-35 for losing)
|raw|Pepeletoro1894's rating: 1266 &rarr; <strong>1309</strong><br />(+43 for winning)
