|j|☆Tiroloco
|j|☆pif
|t:|1661806557
|gametype|singles
|player|p1|Tiroloco|266|1538
|player|p2|pif|#uutrio2ladder|1814
|teamsize|p1|6
|teamsize|p2|6
|gen|8
|tier|[Gen 8] UU
|rated|
|rule|Sleep Clause Mod: Limit one foe put to sleep
|rule|Species Clause: Limit one of each Pokémon
|rule|OHKO Clause: OHKO moves are banned
|rule|Evasion Items Clause: Evasion items are banned
|rule|Evasion Moves Clause: Evasion moves are banned
|rule|Endless Battle Clause: Forcing endless battles is banned
|rule|HP Percentage Mod: HP is shown in percentages
|rule|Dynamax Clause: You cannot dynamax
|clearpoke
|poke|p1|Zarude-Dada|
|poke|p1|Salamence, F|
|poke|p1|Celesteela|
|poke|p1|Thundurus-Therian, M|
|poke|p1|Azumarill, F|
|poke|p1|Lycanroc-Dusk, F|
|poke|p2|Sylveon, F|
|poke|p2|Skarmory, M|
|poke|p2|Tentacruel, M|
|poke|p2|Hippowdon, F|
|poke|p2|Noivern, F|
|poke|p2|Crawdaunt, M|
|teampreview
|c|☆Tiroloco|glhf
|
|t:|1661806600
|start
|switch|p1a: Lycanroc|Lycanroc-Dusk, F|100/100
|switch|p2a: Noivern|Noivern, F|100/100
|-item|p1a: Lycanroc|Focus Sash|[from] ability: Frisk|[of] p2a: Noivern|[identify]
|turn|1
|c|☆pif|glhf
|
|t:|1661806610
|move|p1a: Lycanroc|Accelerock|p2a: Noivern
|-supereffective|p2a: Noivern
|-damage|p2a: Noivern|37/100
|move|p2a: Noivern|U-turn|p1a: Lycanroc
|-damage|p1a: Lycanroc|83/100
|
|t:|1661806618
|switch|p2a: Skarmory|Skarmory, M|100/100|[from]move: U-turn
|
|upkeep
|turn|2
|
|t:|1661806622
|move|p1a: Lycanroc|Stealth Rock|p2a: Skarmory
|-sidestart|p2: pif|move: Stealth Rock
|move|p2a: Skarmory|Body Press|p1a: Lycanroc
|-supereffective|p1a: Lycanroc
|-damage|p1a: Lycanroc|0 fnt
|faint|p1a: Lycanroc
|
|upkeep
|
|t:|1661806629
|switch|p1a: Celesteela|Celesteela|100/100
|turn|3
|
|t:|1661806635
|switch|p2a: Tentacruel|Tentacruel, M|100/100
|-damage|p2a: Tentacruel|88/100|[from] Stealth Rock
|move|p1a: Celesteela|Flamethrower|p2a: Tentacruel
|-resisted|p2a: Tentacruel
|-damage|p2a: Tentacruel|76/100
|
|-heal|p2a: Tentacruel|82/100|[from] item: Black Sludge
|upkeep
|turn|4
|
|t:|1661806645
|switch|p1a: Salamence|Salamence, F|100/100
|move|p2a: Tentacruel|Rapid Spin|p1a: Salamence
|-damage|p1a: Salamence|90/100
|-boost|p2a: Tentacruel|spe|1
|-sideend|p2: pif|Stealth Rock|[from] move: Rapid Spin|[of] p2a: Tentacruel
|
|-heal|p2a: Tentacruel|88/100|[from] item: Black Sludge
|upkeep
|turn|5
|
|t:|1661806650
|switch|p2a: Hippowdon|Hippowdon, F|100/100
|-weather|Sandstorm|[from] ability: Sand Stream|[of] p2a: Hippowdon
|move|p1a: Salamence|Earthquake|p2a: Hippowdon
|-damage|p2a: Hippowdon|78/100
|
|-weather|Sandstorm|[upkeep]
|-damage|p1a: Salamence|84/100|[from] Sandstorm
|-heal|p2a: Hippowdon|84/100|[from] item: Leftovers
|upkeep
|turn|6
|
|t:|1661806671
|switch|p1a: Zarude|Zarude-Dada|100/100
|move|p2a: Hippowdon|Stealth Rock|p1a: Zarude
|-sidestart|p1: Tiroloco|move: Stealth Rock
|
|-weather|Sandstorm|[upkeep]
|-damage|p1a: Zarude|95/100|[from] Sandstorm
|-heal|p2a: Hippowdon|90/100|[from] item: Leftovers
|upkeep
|turn|7
|
|t:|1661806682
|switch|p2a: Skarmory|Skarmory, M|100/100
|move|p1a: Zarude|U-turn|p2a: Skarmory
|-resisted|p2a: Skarmory
|-crit|p2a: Skarmory
|-damage|p2a: Skarmory|96/100
|-damage|p1a: Zarude|78/100|[from] item: Rocky Helmet|[of] p2a: Skarmory
|
|t:|1661806692
|switch|p1a: Thundurus|Thundurus-Therian, M|100/100|[from]move: U-turn
|
|-weather|Sandstorm|[upkeep]
|-damage|p1a: Thundurus|94/100|[from] Sandstorm
|upkeep
|turn|8
|
|t:|1661806697
|switch|p2a: Sylveon|Sylveon, F|100/100
|move|p1a: Thundurus|Thunderbolt|p2a: Sylveon
|-damage|p2a: Sylveon|72/100
|
|-weather|Sandstorm|[upkeep]
|-damage|p1a: Thundurus|88/100|[from] Sandstorm
|-damage|p2a: Sylveon|65/100|[from] Sandstorm
|-heal|p2a: Sylveon|72/100|[from] item: Leftovers
|upkeep
|turn|9
|
|t:|1661806727
|switch|p1a: Azumarill|Azumarill, F|100/100
|-damage|p1a: Azumarill|88/100|[from] Stealth Rock
|move|p2a: Sylveon|Hyper Voice|p1a: Azumarill
|-damage|p1a: Azumarill|41/100
|-enditem|p1a: Azumarill|Sitrus Berry|[eat]
|-heal|p1a: Azumarill|66/100|[from] item: Sitrus Berry
|
|-weather|none
|-heal|p2a: Sylveon|78/100|[from] item: Leftovers
|upkeep
|turn|10
|
|t:|1661806739
|move|p2a: Sylveon|Protect|p2a: Sylveon
|-singleturn|p2a: Sylveon|Protect
|move|p1a: Azumarill|Knock Off|p2a: Sylveon
|-activate|p2a: Sylveon|move: Protect
|
|-heal|p2a: Sylveon|84/100|[from] item: Leftovers
|upkeep
|turn|11
|
|t:|1661806751
|switch|p2a: Hippowdon|Hippowdon, F|90/100
|-weather|Sandstorm|[from] ability: Sand Stream|[of] p2a: Hippowdon
|move|p1a: Azumarill|Knock Off|p2a: Hippowdon
|-crit|p2a: Hippowdon
|-damage|p2a: Hippowdon|51/100
|-enditem|p2a: Hippowdon|Leftovers|[from] move: Knock Off|[of] p1a: Azumarill
|
|-weather|Sandstorm|[upkeep]
|-damage|p1a: Azumarill|60/100|[from] Sandstorm
|upkeep
|turn|12
|
|t:|1661806757
|move|p1a: Azumarill|Aqua Jet|p2a: Hippowdon
|-supereffective|p2a: Hippowdon
|-damage|p2a: Hippowdon|18/100
|move|p2a: Hippowdon|Slack Off|p2a: Hippowdon
|-heal|p2a: Hippowdon|68/100
|
|-weather|Sandstorm|[upkeep]
|-damage|p1a: Azumarill|53/100|[from] Sandstorm
|upkeep
|turn|13
|
|t:|1661806762
|switch|p1a: Celesteela|Celesteela|100/100
|-damage|p1a: Celesteela|88/100|[from] Stealth Rock
|move|p2a: Hippowdon|Slack Off|p2a: Hippowdon
|-heal|p2a: Hippowdon|100/100
|
|-weather|Sandstorm|[upkeep]
|upkeep
|turn|14
|
|t:|1661806766
|switch|p2a: Tentacruel|Tentacruel, M|88/100
|move|p1a: Celesteela|Autotomize|p1a: Celesteela
|-boost|p1a: Celesteela|spe|2
|-start|p1a: Celesteela|Autotomize
|
|-weather|Sandstorm|[upkeep]
|-damage|p2a: Tentacruel|82/100|[from] Sandstorm
|-heal|p2a: Tentacruel|88/100|[from] item: Black Sludge
|upkeep
|turn|15
|
|t:|1661806774
|move|p1a: Celesteela|Air Slash|p2a: Tentacruel
|-damage|p2a: Tentacruel|60/100
|cant|p2a: Tentacruel|flinch
|
|-weather|none
|-heal|p2a: Tentacruel|66/100|[from] item: Black Sludge
|upkeep
|turn|16
|
|t:|1661806780
|switch|p1a: Zarude|Zarude-Dada|78/100
|-damage|p1a: Zarude|66/100|[from] Stealth Rock
|move|p2a: Tentacruel|Scald|p1a: Zarude
|-resisted|p1a: Zarude
|-damage|p1a: Zarude|55/100
|-status|p1a: Zarude|brn
|
|-heal|p2a: Tentacruel|72/100|[from] item: Black Sludge
|-damage|p1a: Zarude|49/100 brn|[from] brn
|upkeep
|turn|17
|
|t:|1661806790
|switch|p2a: Skarmory|Skarmory, M|96/100
|move|p1a: Zarude|U-turn|p2a: Skarmory
|-resisted|p2a: Skarmory
|-damage|p2a: Skarmory|94/100
|-damage|p1a: Zarude|32/100 brn|[from] item: Rocky Helmet|[of] p2a: Skarmory
|
|t:|1661806793
|switch|p1a: Thundurus|Thundurus-Therian, M|88/100|[from]move: U-turn
|
|upkeep
|turn|18
|
|t:|1661806813
|switch|p2a: Hippowdon|Hippowdon, F|100/100
|-weather|Sandstorm|[from] ability: Sand Stream|[of] p2a: Hippowdon
|move|p1a: Thundurus|Nasty Plot|p1a: Thundurus
|-boost|p1a: Thundurus|spa|2
|
|-weather|Sandstorm|[upkeep]
|-damage|p1a: Thundurus|82/100|[from] Sandstorm
|upkeep
|turn|19
|
|t:|1661806822
|move|p1a: Thundurus|Psychic|p2a: Hippowdon
|-damage|p2a: Hippowdon|42/100
|move|p2a: Hippowdon|Toxic|p1a: Thundurus|[miss]
|-miss|p2a: Hippowdon|p1a: Thundurus
|
|-weather|Sandstorm|[upkeep]
|-damage|p1a: Thundurus|76/100|[from] Sandstorm
|upkeep
|turn|20
|
|t:|1661806829
|move|p1a: Thundurus|Psychic|p2a: Hippowdon
|-damage|p2a: Hippowdon|0 fnt
|faint|p2a: Hippowdon
|
|-weather|Sandstorm|[upkeep]
|-damage|p1a: Thundurus|70/100|[from] Sandstorm
|upkeep
|
|t:|1661806832
|switch|p2a: Noivern|Noivern, F|37/100
|-item|p1a: Thundurus|Heavy-Duty Boots|[from] ability: Frisk|[of] p2a: Noivern|[identify]
|turn|21
|
|t:|1661806841
|switch|p1a: Azumarill|Azumarill, F|53/100
|-damage|p1a: Azumarill|41/100|[from] Stealth Rock
|move|p2a: Noivern|Draco Meteor|p1a: Azumarill
|-immune|p1a: Azumarill
|
|-weather|Sandstorm|[upkeep]
|-damage|p2a: Noivern|31/100|[from] Sandstorm
|-damage|p1a: Azumarill|35/100|[from] Sandstorm
|upkeep
|turn|22
|
|t:|1661806847
|move|p2a: Noivern|U-turn|p1a: Azumarill
|-resisted|p1a: Azumarill
|-damage|p1a: Azumarill|29/100
|
|t:|1661806850
|switch|p2a: Skarmory|Skarmory, M|94/100|[from]move: U-turn
|move|p1a: Azumarill|Play Rough|p2a: Skarmory
|-resisted|p2a: Skarmory
|-damage|p2a: Skarmory|78/100
|-damage|p1a: Azumarill|12/100|[from] item: Rocky Helmet|[of] p2a: Skarmory
|
|-weather|none
|upkeep
|turn|23
|
|t:|1661806855
|move|p2a: Skarmory|Roost|p2a: Skarmory
|-heal|p2a: Skarmory|100/100
|-singleturn|p2a: Skarmory|move: Roost
|move|p1a: Azumarill|Knock Off|p2a: Skarmory
|-damage|p2a: Skarmory|75/100
|-damage|p1a: Azumarill|0 fnt|[from] item: Rocky Helmet|[of] p2a: Skarmory
|faint|p1a: Azumarill
|
|upkeep
|
|t:|1661806862
|switch|p1a: Thundurus|Thundurus-Therian, M|70/100
|turn|24
|
|t:|1661806876
|switch|p2a: Sylveon|Sylveon, F|84/100
|move|p1a: Thundurus|Thunderbolt|p2a: Sylveon
|-damage|p2a: Sylveon|56/100
|
|-heal|p2a: Sylveon|62/100|[from] item: Leftovers
|upkeep
|turn|25
|
|t:|1661806913
|move|p1a: Thundurus|Nasty Plot|p1a: Thundurus
|-boost|p1a: Thundurus|spa|2
|move|p2a: Sylveon|Hyper Voice|p1a: Thundurus
|-damage|p1a: Thundurus|15/100
|
|-heal|p2a: Sylveon|68/100|[from] item: Leftovers
|upkeep
|turn|26
|
|t:|1661806922
|move|p2a: Sylveon|Protect|p2a: Sylveon
|-singleturn|p2a: Sylveon|Protect
|move|p1a: Thundurus|Thunderbolt|p2a: Sylveon
|-activate|p2a: Sylveon|move: Protect
|
|-heal|p2a: Sylveon|74/100|[from] item: Leftovers
|upkeep
|turn|27
|
|t:|1661806948
|move|p1a: Thundurus|Thunderbolt|p2a: Sylveon
|-damage|p2a: Sylveon|18/100
|-status|p2a: Sylveon|par
|cant|p2a: Sylveon|par
|
|-heal|p2a: Sylveon|24/100 par|[from] item: Leftovers
|upkeep
|turn|28
|
|t:|1661806967
|move|p1a: Thundurus|Thunderbolt|p2a: Sylveon
|-damage|p2a: Sylveon|0 fnt
|faint|p2a: Sylveon
|
|upkeep
|
|t:|1661806971
|switch|p2a: Noivern|Noivern, F|31/100
|-item|p1a: Thundurus|Heavy-Duty Boots|[from] ability: Frisk|[of] p2a: Noivern|[identify]
|turn|29
|
|t:|1661806994
|switch|p1a: Zarude|Zarude-Dada|32/100 brn
|-damage|p1a: Zarude|20/100 brn|[from] Stealth Rock
|move|p2a: Noivern|Flamethrower|p1a: Zarude
|-supereffective|p1a: Zarude
|-damage|p1a: Zarude|0 fnt
|faint|p1a: Zarude
|
|upkeep
|
|t:|1661807005
|switch|p1a: Celesteela|Celesteela|88/100
|-damage|p1a: Celesteela|76/100|[from] Stealth Rock
|turn|30
|
|t:|1661807034
|move|p2a: Noivern|Flamethrower|p1a: Celesteela
|-supereffective|p1a: Celesteela
|-damage|p1a: Celesteela|28/100
|move|p1a: Celesteela|Autotomize|p1a: Celesteela
|-boost|p1a: Celesteela|spe|2
|-start|p1a: Celesteela|Autotomize
|
|upkeep
|turn|31
|
|t:|1661807043
|switch|p2a: Tentacruel|Tentacruel, M|72/100
|move|p1a: Celesteela|Meteor Beam||[still]
|-prepare|p1a: Celesteela|Meteor Beam
|-boost|p1a: Celesteela|spa|1
|-enditem|p1a: Celesteela|Power Herb
|-anim|p1a: Celesteela|Meteor Beam|p2a: Tentacruel
|-damage|p2a: Tentacruel|21/100
|
|-heal|p2a: Tentacruel|27/100|[from] item: Black Sludge
|upkeep
|turn|32
|
|t:|1661807049
|move|p1a: Celesteela|Air Slash|p2a: Tentacruel
|-damage|p2a: Tentacruel|0 fnt
|faint|p2a: Tentacruel
|-ability|p1a: Celesteela|Beast Boost|boost
|-boost|p1a: Celesteela|spa|1
|
|upkeep
|
|t:|1661807053
|switch|p2a: Crawdaunt|Crawdaunt, M|100/100
|turn|33
|
|t:|1661807058
|move|p2a: Crawdaunt|Aqua Jet|p1a: Celesteela
|-damage|p1a: Celesteela|0 fnt
|faint|p1a: Celesteela
|
|upkeep
|
|t:|1661807062
|switch|p1a: Salamence|Salamence, F|84/100
|turn|34
|
|t:|1661807072
|switch|p2a: Skarmory|Skarmory, M|75/100
|move|p1a: Salamence|Dragon Dance|p1a: Salamence
|-boost|p1a: Salamence|atk|1
|-boost|p1a: Salamence|spe|1
|
|upkeep
|turn|35
|
|t:|1661807082
|move|p1a: Salamence|Outrage|p2a: Skarmory
|-resisted|p2a: Skarmory
|-damage|p2a: Skarmory|43/100
|-damage|p1a: Salamence|67/100|[from] item: Rocky Helmet|[of] p2a: Skarmory
|move|p2a: Skarmory|Body Press|p1a: Salamence
|-resisted|p1a: Salamence
|-damage|p1a: Salamence|45/100
|
|upkeep
|turn|36
|
|t:|1661807093
|move|p1a: Salamence|Outrage|p2a: Skarmory|[from]lockedmove
|-resisted|p2a: Skarmory
|-damage|p2a: Skarmory|15/100
|-damage|p1a: Salamence|28/100|[from] item: Rocky Helmet|[of] p2a: Skarmory
|-start|p1a: Salamence|confusion|[fatigue]
|move|p2a: Skarmory|Roost|p2a: Skarmory
|-heal|p2a: Skarmory|65/100
|-singleturn|p2a: Skarmory|move: Roost
|
|upkeep
|turn|37
|
|t:|1661807100
|-activate|p1a: Salamence|confusion
|move|p1a: Salamence|Outrage|p2a: Skarmory
|-resisted|p2a: Skarmory
|-damage|p2a: Skarmory|33/100
|-damage|p1a: Salamence|12/100|[from] item: Rocky Helmet|[of] p2a: Skarmory
|move|p2a: Skarmory|Body Press|p1a: Salamence
|-resisted|p1a: Salamence
|-crit|p1a: Salamence
|-damage|p1a: Salamence|0 fnt
|faint|p1a: Salamence
|
|upkeep
|
|t:|1661807105
|switch|p1a: Thundurus|Thundurus-Therian, M|15/100
|turn|38
|
|t:|1661807108
|move|p1a: Thundurus|Thunderbolt|p2a: Skarmory
|-supereffective|p2a: Skarmory
|-damage|p2a: Skarmory|0 fnt
|faint|p2a: Skarmory
|
|upkeep
|c|☆Tiroloco|gg
|
|t:|1661807112
|switch|p2a: Crawdaunt|Crawdaunt, M|100/100
|turn|39
|c|☆pif|gg
|
|t:|1661807116
|move|p2a: Crawdaunt|Aqua Jet|p1a: Thundurus
|-damage|p1a: Thundurus|0 fnt
|faint|p1a: Thundurus
|
|win|pif
|raw|Tiroloco's rating: 1538 &rarr; <strong>1531</strong><br />(-7 for losing)
|raw|pif's rating: 1814 &rarr; <strong>1821</strong><br />(+7 for winning)
