|j|☆Skeletorfacts
|j|☆Alxbes
|t:|1637679814
|gametype|singles
|player|p1|Skeletorfacts|youngster-gen4dp|1307
|player|p2|Alxbes|lucas|1116
|teamsize|p1|6
|teamsize|p2|6
|gen|8
|tier|[Gen 8] UU
|rated|
|rule|Sleep Clause Mod: Limit one foe put to sleep
|rule|Species Clause: Limit one of each Pokémon
|rule|OHKO Clause: OHKO moves are banned
|rule|Evasion Moves Clause: Evasion moves are banned
|rule|Endless Battle Clause: Forcing endless battles is banned
|rule|HP Percentage Mod: HP is shown in percentages
|rule|Dynamax Clause: You cannot dynamax
|clearpoke
|poke|p1|Excadrill, F|
|poke|p1|Thundurus-Therian, M|
|poke|p1|Lycanroc-Dusk, M|
|poke|p1|Moltres-Galar|
|poke|p1|Cloyster, F|
|poke|p1|Jirachi|
|poke|p2|Skarmory, M|
|poke|p2|Chansey, F|
|poke|p2|Slowking, F|
|poke|p2|Conkeldurr, F|
|poke|p2|Tentacruel, M|
|poke|p2|Krookodile, F|
|teampreview
|inactive|Battle timer is ON: inactive players will automatically lose when time's up. (requested by Alxbes)
|
|t:|1637679842
|start
|switch|p1a: Excadrill|Excadrill, F|100/100
|switch|p2a: Krookodile|Krookodile, F, shiny|100/100
|-ability|p2a: Krookodile|Intimidate|boost
|-unboost|p1a: Excadrill|atk|1
|-ability|p1a: Excadrill|Mold Breaker
|turn|1
|
|t:|1637679850
|move|p2a: Krookodile|Earthquake|p1a: Excadrill
|-supereffective|p1a: Excadrill
|-enditem|p1a: Excadrill|Focus Sash
|-damage|p1a: Excadrill|1/100
|move|p1a: Excadrill|Rapid Spin|p2a: Krookodile
|-damage|p2a: Krookodile|85/100
|-boost|p1a: Excadrill|spe|1
|
|-heal|p2a: Krookodile|91/100|[from] item: Leftovers
|upkeep
|turn|2
|
|t:|1637679857
|move|p1a: Excadrill|Stealth Rock|p2a: Krookodile
|-sidestart|p2: Alxbes|move: Stealth Rock
|move|p2a: Krookodile|Knock Off|p1a: Excadrill
|-damage|p1a: Excadrill|0 fnt
|faint|p1a: Excadrill
|
|-heal|p2a: Krookodile|97/100|[from] item: Leftovers
|upkeep
|
|t:|1637679873
|switch|p1a: Moltres|Moltres-Galar|100/100
|turn|3
|
|t:|1637679900
|switch|p2a: Chansey|Chansey, F, shiny|100/100
|-damage|p2a: Chansey|88/100|[from] Stealth Rock
|move|p1a: Moltres|Nasty Plot|p1a: Moltres
|-boost|p1a: Moltres|spa|2
|
|upkeep
|turn|4
|inactive|Skeletorfacts has 120 seconds left.
|
|t:|1637679943
|move|p1a: Moltres|Taunt|p2a: Chansey
|-start|p2a: Chansey|move: Taunt
|cant|p2a: Chansey|move: Taunt|Toxic
|
|upkeep
|turn|5
|inactive|Alxbes has 120 seconds left.
|
|t:|1637679970
|move|p1a: Moltres|Nasty Plot|p1a: Moltres
|-boost|p1a: Moltres|spa|2
|move|p2a: Chansey|Seismic Toss|p1a: Moltres
|-damage|p1a: Moltres|72/100
|
|-heal|p1a: Moltres|78/100|[from] item: Leftovers
|upkeep
|turn|6
|inactive|Skeletorfacts has 120 seconds left.
|
|t:|1637680008
|move|p1a: Moltres|Fiery Wrath|p2a: Chansey
|-damage|p2a: Chansey|51/100
|move|p2a: Chansey|Seismic Toss|p1a: Moltres
|-damage|p1a: Moltres|49/100
|-ability|p1a: Moltres|Berserk|boost
|-boost|p1a: Moltres|spa|1
|
|-heal|p1a: Moltres|55/100|[from] item: Leftovers
|-end|p2a: Chansey|move: Taunt
|upkeep
|turn|7
|
|t:|1637680018
|move|p1a: Moltres|Fiery Wrath|p2a: Chansey
|-damage|p2a: Chansey|3/100
|move|p2a: Chansey|Soft-Boiled|p2a: Chansey
|-heal|p2a: Chansey|53/100
|
|-heal|p1a: Moltres|61/100|[from] item: Leftovers
|upkeep
|turn|8
|
|t:|1637680024
|move|p1a: Moltres|Fiery Wrath|p2a: Chansey
|-damage|p2a: Chansey|10/100
|move|p2a: Chansey|Soft-Boiled|p2a: Chansey
|-heal|p2a: Chansey|60/100
|
|-heal|p1a: Moltres|67/100|[from] item: Leftovers
|upkeep
|turn|9
|
|t:|1637680029
|move|p1a: Moltres|Taunt|p2a: Chansey
|-start|p2a: Chansey|move: Taunt
|cant|p2a: Chansey|move: Taunt|Toxic
|
|-heal|p1a: Moltres|73/100|[from] item: Leftovers
|upkeep
|turn|10
|
|t:|1637680035
|move|p1a: Moltres|Fiery Wrath|p2a: Chansey
|-damage|p2a: Chansey|13/100
|move|p2a: Chansey|Seismic Toss|p1a: Moltres
|-damage|p1a: Moltres|45/100
|-ability|p1a: Moltres|Berserk|boost
|-boost|p1a: Moltres|spa|1
|
|-heal|p1a: Moltres|51/100|[from] item: Leftovers
|upkeep
|turn|11
|
|t:|1637680037
|move|p1a: Moltres|Fiery Wrath|p2a: Chansey
|-damage|p2a: Chansey|0 fnt
|faint|p2a: Chansey
|
|-heal|p1a: Moltres|57/100|[from] item: Leftovers
|upkeep
|
|t:|1637680041
|switch|p2a: Conkeldurr|Conkeldurr, F, shiny|100/100
|-damage|p2a: Conkeldurr|94/100|[from] Stealth Rock
|turn|12
|
|t:|1637680044
|move|p2a: Conkeldurr|Mach Punch|p1a: Moltres
|-damage|p1a: Moltres|28/100
|move|p1a: Moltres|Air Slash|p2a: Conkeldurr
|-supereffective|p2a: Conkeldurr
|-damage|p2a: Conkeldurr|0 fnt
|faint|p2a: Conkeldurr
|
|-heal|p1a: Moltres|34/100|[from] item: Leftovers
|upkeep
|-message|Alxbes forfeited.
|
|win|Skeletorfacts
|raw|Skeletorfacts's rating: 1307 &rarr; <strong>1317</strong><br />(+10 for winning)
|raw|Alxbes's rating: 1116 &rarr; <strong>1104</strong><br />(-12 for losing)
|l|☆Alxbes
||Ladder isn't responding, score probably updated but might not have (Request timeout).
