|j|☆Lilburr
|j|☆Jules on meth
|t:|1612813983
|player|p1|Lilburr|#lilburr|1490
|player|p2|Jules on meth|whitney|1204
|teamsize|p1|6
|teamsize|p2|6
|gametype|singles
|gen|8
|tier|[Gen 8] UU
|rated|
|clearpoke
|poke|p1|Zarude-Dada|
|poke|p1|Chandelure, F|
|poke|p1|Palossand, M|
|poke|p1|Salamence, F|
|poke|p1|Scizor, F|
|poke|p1|Slowking, M|
|poke|p2|Grimmsnarl, M|
|poke|p2|Krookodile, M|
|poke|p2|Gyarados, M|
|poke|p2|Kommo-o, F|
|poke|p2|Moltres-Galar|
|poke|p2|Scizor, F|
|rule|Sleep Clause Mod: Limit one foe put to sleep
|rule|Species Clause: Limit one of each Pokémon
|rule|OHKO Clause: OHKO moves are banned
|rule|Evasion Moves Clause: Evasion moves are banned
|rule|Endless Battle Clause: Forcing endless battles is banned
|rule|HP Percentage Mod: HP is shown in percentages
|rule|Dynamax Clause: You cannot dynamax
|teampreview
|c|☆Jules on meth|uh oh
|c|☆Jules on meth|glhf
|c|☆Lilburr|you cant load these guys up and then say uh oh to me :(
|c|☆Lilburr|u2
|c|☆Jules on meth|i know who you are
|c|☆Jules on meth|snake player
|c|☆Jules on meth|;;;;;;;
|c|☆Lilburr|im poop dw
|
|t:|1612814058
|start
|switch|p1a: Chandelure|Chandelure, F|100/100
|switch|p2a: Krookodile|Krookodile, M|100/100
|-ability|p2a: Krookodile|Intimidate|boost
|-unboost|p1a: Chandelure|atk|1
|turn|1
|c|☆Jules on meth|this is like my
|c|☆Jules on meth|6th uu game or smth
|c|☆Jules on meth|hf
|c|☆Lilburr|hf
|
|t:|1612814068
|switch|p1a: Palossand|Palossand, M|100/100
|move|p2a: Krookodile|Stealth Rock|p1a: Palossand
|-sidestart|p1: Lilburr|move: Stealth Rock
|
|upkeep
|turn|2
|
|t:|1612814072
|move|p2a: Krookodile|Knock Off|p1a: Palossand
|-supereffective|p1a: Palossand
|-crit|p1a: Palossand
|-enditem|p1a: Palossand|Colbur Berry|[eat]
|-enditem|p1a: Palossand|Colbur Berry|[weaken]
|-damage|p1a: Palossand|60/100
|move|p1a: Palossand|Earth Power|p2a: Krookodile
|-damage|p2a: Krookodile|56/100
|
|upkeep
|turn|3
|
|t:|1612814077
|switch|p1a: Salamence|Salamence, F|100/100
|-ability|p1a: Salamence|Intimidate|boost
|-unboost|p2a: Krookodile|atk|1
|move|p2a: Krookodile|Taunt|p1a: Salamence
|-start|p1a: Salamence|move: Taunt
|
|upkeep
|turn|4
|
|t:|1612814080
|move|p1a: Salamence|Flamethrower|p2a: Krookodile
|-damage|p2a: Krookodile|19/100
|move|p2a: Krookodile|Knock Off|p1a: Salamence
|-damage|p1a: Salamence|59/100
|-enditem|p1a: Salamence|Heavy-Duty Boots|[from] move: Knock Off|[of] p2a: Krookodile
|
|upkeep
|turn|5
|
|t:|1612814083
|switch|p2a: Grimmsnarl|Grimmsnarl, M|100/100
|move|p1a: Salamence|Flamethrower|p2a: Grimmsnarl
|-damage|p2a: Grimmsnarl|68/100
|
|-end|p1a: Salamence|move: Taunt
|upkeep
|turn|6
|
|t:|1612814088
|move|p2a: Grimmsnarl|Taunt|p1a: Salamence
|-start|p1a: Salamence|move: Taunt
|cant|p1a: Salamence|move: Taunt|Defog
|
|upkeep
|turn|7
|
|t:|1612814090
|move|p2a: Grimmsnarl|Light Screen|p2a: Grimmsnarl
|-sidestart|p2: Jules on meth|move: Light Screen
|move|p1a: Salamence|Flamethrower|p2a: Grimmsnarl
|-damage|p2a: Grimmsnarl|49/100
|
|upkeep
|turn|8
|
|t:|1612814096
|move|p1a: Salamence|Flamethrower|p2a: Grimmsnarl
|-damage|p2a: Grimmsnarl|30/100
|move|p2a: Grimmsnarl|Spirit Break|p1a: Salamence
|-supereffective|p1a: Salamence
|-damage|p1a: Salamence|0 fnt
|faint|p1a: Salamence
|
|upkeep
|
|t:|1612814102
|switch|p1a: Scizor|Scizor, F|100/100
|-damage|p1a: Scizor|88/100|[from] Stealth Rock
|turn|9
|
|t:|1612814107
|switch|p2a: Krookodile|Krookodile, M|19/100
|-ability|p2a: Krookodile|Intimidate|boost
|-unboost|p1a: Scizor|atk|1
|move|p1a: Scizor|Swords Dance|p1a: Scizor
|-boost|p1a: Scizor|atk|2
|
|upkeep
|turn|10
|
|t:|1612814111
|move|p1a: Scizor|Bullet Punch|p2a: Krookodile
|-damage|p2a: Krookodile|0 fnt
|faint|p2a: Krookodile
|
|upkeep
|
|t:|1612814120
|switch|p2a: Kommo-o|Kommo-o, F|100/100
|turn|11
|
|t:|1612814125
|move|p1a: Scizor|Bullet Punch|p2a: Kommo-o
|-damage|p2a: Kommo-o|38/100
|move|p2a: Kommo-o|Flamethrower|p1a: Scizor
|-supereffective|p1a: Scizor
|-damage|p1a: Scizor|0 fnt
|faint|p1a: Scizor
|
|upkeep
|
|t:|1612814131
|switch|p1a: Slowking|Slowking, M|100/100
|turn|12
|
|t:|1612814137
|move|p2a: Kommo-o|Clanging Scales|p1a: Slowking
|-damage|p1a: Slowking|68/100
|-unboost|p2a: Kommo-o|def|1
|-enditem|p2a: Kommo-o|Throat Spray
|-boost|p2a: Kommo-o|spa|1|[from] item: Throat Spray
|move|p1a: Slowking|Future Sight|p2a: Kommo-o
|-start|p1a: Slowking|move: Future Sight
|
|upkeep
|turn|13
|
|t:|1612814144
|move|p2a: Kommo-o|Boomburst|p1a: Slowking
|-damage|p1a: Slowking|24/100
|move|p1a: Slowking|Teleport|p1a: Slowking
|
|t:|1612814157
|switch|p1a: Palossand|Palossand, M|60/100|[from]move: Teleport
|-damage|p1a: Palossand|54/100|[from] Stealth Rock
|
|upkeep
|turn|14
|
|t:|1612814161
|switch|p2a: Grimmsnarl|Grimmsnarl, M|30/100
|move|p1a: Palossand|Stealth Rock|p2a: Grimmsnarl
|-sidestart|p2: Jules on meth|move: Stealth Rock
|
|-end|p2a: Grimmsnarl|move: Future Sight
|-immune|p2a: Grimmsnarl
|-sideend|p2: Jules on meth|move: Light Screen
|upkeep
|turn|15
|
|t:|1612814168
|move|p2a: Grimmsnarl|Light Screen|p2a: Grimmsnarl
|-sidestart|p2: Jules on meth|move: Light Screen
|move|p1a: Palossand|Shore Up|p1a: Palossand
|-heal|p1a: Palossand|100/100
|
|upkeep
|turn|16
|j|+SBPC !
|
|t:|1612814170
|move|p2a: Grimmsnarl|Spirit Break|p1a: Palossand
|-damage|p1a: Palossand|76/100
|-unboost|p1a: Palossand|spa|1
|move|p1a: Palossand|Earth Power|p2a: Grimmsnarl
|-damage|p2a: Grimmsnarl|17/100
|
|upkeep
|turn|17
|
|t:|1612814174
|move|p2a: Grimmsnarl|Taunt|p1a: Palossand
|-start|p1a: Palossand|move: Taunt
|move|p1a: Palossand|Earth Power|p2a: Grimmsnarl
|-damage|p2a: Grimmsnarl|3/100
|
|upkeep
|turn|18
|
|t:|1612814177
|move|p2a: Grimmsnarl|Spirit Break|p1a: Palossand
|-damage|p1a: Palossand|50/100
|-unboost|p1a: Palossand|spa|1
|move|p1a: Palossand|Shadow Ball|p2a: Grimmsnarl
|-resisted|p2a: Grimmsnarl
|-crit|p2a: Grimmsnarl
|-damage|p2a: Grimmsnarl|0 fnt
|faint|p2a: Grimmsnarl
|
|upkeep
|c|☆Jules on meth|!pick gyara, molt
|c| Jules on meth|/raw <div class="infobox"><em>We randomly picked:</em> gyara</div>
|
|t:|1612814208
|switch|p2a: Gyarados|Gyarados, M|100/100
|-damage|p2a: Gyarados|76/100|[from] Stealth Rock
|turn|19
|
|t:|1612814211
|switch|p1a: Zarude|Zarude-Dada|100/100
|-damage|p1a: Zarude|88/100|[from] Stealth Rock
|move|p2a: Gyarados|Dragon Dance|p2a: Gyarados
|-boost|p2a: Gyarados|atk|1
|-boost|p2a: Gyarados|spe|1
|
|upkeep
|turn|20
|
|t:|1612814213
|move|p1a: Zarude|Power Whip|p2a: Gyarados|[miss]
|-miss|p1a: Zarude|p2a: Gyarados
|move|p2a: Gyarados|Bounce||[still]
|-prepare|p2a: Gyarados|Bounce
|
|upkeep
|turn|21
|
|t:|1612814218
|switch|p1a: Palossand|Palossand, M|50/100
|-damage|p1a: Palossand|44/100|[from] Stealth Rock
|move|p2a: Gyarados|Bounce|p1a: Palossand|[from]lockedmove
|-damage|p1a: Palossand|7/100
|
|upkeep
|turn|22
|c|☆Lilburr|ah wonderful
|
|t:|1612814227
|move|p2a: Gyarados|Waterfall|p1a: Palossand
|-supereffective|p1a: Palossand
|-damage|p1a: Palossand|0 fnt
|faint|p1a: Palossand
|-ability|p2a: Gyarados|Moxie|boost
|-boost|p2a: Gyarados|atk|1
|
|-sideend|p2: Jules on meth|move: Light Screen
|upkeep
|
|t:|1612814228
|switch|p1a: Zarude|Zarude-Dada|88/100
|-damage|p1a: Zarude|76/100|[from] Stealth Rock
|turn|23
|c|☆Jules on meth|hm?
|
|t:|1612814234
|move|p1a: Zarude|Power Whip|p2a: Gyarados
|-damage|p2a: Gyarados|0 fnt
|faint|p2a: Gyarados
|
|upkeep
|c|☆Lilburr|i thought itd die
|c|☆Jules on meth|oh
|c|☆Lilburr|alas it did not
|c|☆Jules on meth|speed tie huh
|c|☆Jules on meth|nvm
|c|☆Jules on meth|i see the miss
|
|t:|1612814251
|switch|p2a: Scizor|Scizor, F|100/100
|-damage|p2a: Scizor|88/100|[from] Stealth Rock
|turn|24
|
|t:|1612814256
|switch|p1a: Slowking|Slowking, M|57/100
|move|p2a: Scizor|Knock Off|p1a: Slowking
|-supereffective|p1a: Slowking
|-damage|p1a: Slowking|0 fnt
|-enditem|p1a: Slowking|Heavy-Duty Boots|[from] move: Knock Off|[of] p2a: Scizor
|-damage|p2a: Scizor|78/100|[from] item: Life Orb
|faint|p1a: Slowking
|
|upkeep
|
|t:|1612814260
|switch|p1a: Chandelure|Chandelure, F|100/100
|-damage|p1a: Chandelure|76/100|[from] Stealth Rock
|turn|25
|
|t:|1612814276
|move|p2a: Scizor|Bullet Punch|p1a: Chandelure
|-resisted|p1a: Chandelure
|-damage|p1a: Chandelure|45/100
|-damage|p2a: Scizor|69/100|[from] item: Life Orb
|move|p1a: Chandelure|Flamethrower|p2a: Scizor
|-supereffective|p2a: Scizor
|-damage|p2a: Scizor|0 fnt
|faint|p2a: Scizor
|
|upkeep
|
|t:|1612814286
|switch|p2a: Kommo-o|Kommo-o, F|38/100
|-damage|p2a: Kommo-o|31/100|[from] Stealth Rock
|turn|26
|
|t:|1612814291
|switch|p1a: Zarude|Zarude-Dada|76/100
|-damage|p1a: Zarude|64/100|[from] Stealth Rock
|move|p2a: Kommo-o|Clanging Scales|p1a: Zarude
|-damage|p1a: Zarude|13/100
|-unboost|p2a: Kommo-o|def|1
|
|upkeep
|turn|27
|
|t:|1612814296
|move|p1a: Zarude|Power Whip|p2a: Kommo-o
|-resisted|p2a: Kommo-o
|-damage|p2a: Kommo-o|0 fnt
|faint|p2a: Kommo-o
|
|upkeep
|
|t:|1612814298
|switch|p2a: Moltres|Moltres-Galar|100/100
|-damage|p2a: Moltres|76/100|[from] Stealth Rock
|turn|28
|c|☆Lilburr|gg
|
|t:|1612814304
|move|p1a: Zarude|Power Whip|p2a: Moltres
|-resisted|p2a: Moltres
|-damage|p2a: Moltres|41/100
|-ability|p2a: Moltres|Berserk|boost
|-boost|p2a: Moltres|spa|1
|move|p2a: Moltres|Agility|p2a: Moltres
|-boost|p2a: Moltres|spe|2
|
|upkeep
|turn|29
|c|☆Jules on meth|gg :)
|
|t:|1612814310
|move|p2a: Moltres|Fiery Wrath|p1a: Zarude
|-resisted|p1a: Zarude
|-damage|p1a: Zarude|0 fnt
|faint|p1a: Zarude
|
|upkeep
|
|t:|1612814312
|switch|p1a: Chandelure|Chandelure, F|45/100
|-damage|p1a: Chandelure|20/100|[from] Stealth Rock
|turn|30
|
|t:|1612814314
|move|p2a: Moltres|Fiery Wrath|p1a: Chandelure
|-supereffective|p1a: Chandelure
|-damage|p1a: Chandelure|0 fnt
|faint|p1a: Chandelure
|
|win|Jules on meth
|l|☆Lilburr
|l|+SBPC !
