|j|☆Fousfull
|j|☆GryphonEx
|t:|1666379616
|gametype|singles
|player|p1|Fousfull|maid|1480
|player|p2|GryphonEx|gardenia|1611
|teamsize|p1|6
|teamsize|p2|6
|gen|8
|tier|[Gen 8] UU
|rated|
|rule|Sleep Clause Mod: Limit one foe put to sleep
|rule|Species Clause: Limit one of each Pokémon
|rule|OHKO Clause: OHKO moves are banned
|rule|Evasion Items Clause: Evasion items are banned
|rule|Evasion Moves Clause: Evasion moves are banned
|rule|Endless Battle Clause: Forcing endless battles is banned
|rule|HP Percentage Mod: HP is shown in percentages
|rule|Dynamax Clause: You cannot dynamax
|clearpoke
|poke|p1|Chansey, F|
|poke|p1|Quagsire, F|
|poke|p1|Umbreon, M|
|poke|p1|Salamence, M|
|poke|p1|Hippowdon, F|
|poke|p1|Tangrowth, M|
|poke|p2|Hydreigon, F|
|poke|p2|Crawdaunt, M|
|poke|p2|Zarude|
|poke|p2|Salamence, F|
|poke|p2|Chansey, F|
|poke|p2|Corsola-Galar, M|
|teampreview
|c|☆GryphonEx|We meet again
|
|t:|1666379656
|start
|switch|p1a: Hippowdon|Hippowdon, F|100/100
|switch|p2a: Diggs W|Crawdaunt, M|100/100
|-weather|Sandstorm|[from] ability: Sand Stream|[of] p1a: Hippowdon
|turn|1
|
|t:|1666379661
|switch|p1a: Tangrowth|Tangrowth, M|100/100
|move|p2a: Diggs W|Knock Off|p1a: Tangrowth
|-damage|p1a: Tangrowth|43/100
|-damage|p2a: Diggs W|84/100|[from] item: Rocky Helmet|[of] p1a: Tangrowth
|-enditem|p1a: Tangrowth|Rocky Helmet|[from] move: Knock Off|[of] p2a: Diggs W
|
|-weather|Sandstorm|[upkeep]
|-damage|p2a: Diggs W|78/100|[from] Sandstorm
|-damage|p1a: Tangrowth|36/100|[from] Sandstorm
|upkeep
|turn|2
|
|t:|1666379709
|move|p2a: Diggs W|Knock Off|p1a: Tangrowth
|-damage|p1a: Tangrowth|3/100
|move|p1a: Tangrowth|Giga Drain|p2a: Diggs W
|-supereffective|p2a: Diggs W
|-damage|p2a: Diggs W|0 fnt
|-heal|p1a: Tangrowth|28/100|[from] drain|[of] p2a: Diggs W
|faint|p2a: Diggs W
|
|-weather|Sandstorm|[upkeep]
|-damage|p1a: Tangrowth|22/100|[from] Sandstorm
|upkeep
|
|t:|1666379717
|switch|p2a: Plastic popper|Zarude|100/100
|turn|3
|
|t:|1666379724
|switch|p1a: Salamence|Salamence, M|100/100
|-ability|p1a: Salamence|Intimidate|boost
|-unboost|p2a: Plastic popper|atk|1
|move|p2a: Plastic popper|U-turn|p1a: Salamence
|-resisted|p1a: Salamence
|-crit|p1a: Salamence
|-damage|p1a: Salamence|78/100
|
|t:|1666379729
|switch|p2a: Gateskeeper|Hydreigon, F|100/100|[from]move: U-turn
|
|-weather|Sandstorm|[upkeep]
|-damage|p2a: Gateskeeper|94/100|[from] Sandstorm
|-damage|p1a: Salamence|72/100|[from] Sandstorm
|upkeep
|turn|4
|
|t:|1666379748
|switch|p2a: Plastic popper|Zarude|100/100
|switch|p1a: Chansey|Chansey, F|100/100
|
|-weather|Sandstorm|[upkeep]
|-damage|p2a: Plastic popper|95/100|[from] Sandstorm
|-damage|p1a: Chansey|94/100|[from] Sandstorm
|upkeep
|turn|5
|
|t:|1666379751
|move|p2a: Plastic popper|Darkest Lariat|p1a: Chansey
|-damage|p1a: Chansey|56/100
|move|p1a: Chansey|Toxic|p2a: Plastic popper
|-status|p2a: Plastic popper|tox
|
|-weather|none
|-damage|p2a: Plastic popper|89/100 tox|[from] psn
|upkeep
|turn|6
|
|t:|1666379755
|switch|p2a: If you switch conk|Corsola-Galar, M|100/100
|move|p1a: Chansey|Soft-Boiled|p1a: Chansey
|-heal|p1a: Chansey|100/100
|
|upkeep
|turn|7
|inactive|Battle timer is ON: inactive players will automatically lose when time's up. (requested by GryphonEx)
|
|t:|1666379797
|move|p1a: Chansey|Toxic|p2a: If you switch conk
|-status|p2a: If you switch conk|tox
|move|p2a: If you switch conk|Stealth Rock|p1a: Chansey
|-sidestart|p1: Fousfull|move: Stealth Rock
|
|-damage|p2a: If you switch conk|94/100 tox|[from] psn
|upkeep
|turn|8
|
|t:|1666379807
|switch|p1a: Hippowdon|Hippowdon, F|100/100
|-damage|p1a: Hippowdon|94/100|[from] Stealth Rock
|-weather|Sandstorm|[from] ability: Sand Stream|[of] p1a: Hippowdon
|switch|p2a: Gateskeeper|Hydreigon, F|94/100
|
|-weather|Sandstorm|[upkeep]
|-damage|p2a: Gateskeeper|88/100|[from] Sandstorm
|upkeep
|turn|9
|
|t:|1666379836
|move|p2a: Gateskeeper|Draco Meteor|p1a: Hippowdon
|-damage|p1a: Hippowdon|13/100
|-unboost|p2a: Gateskeeper|spa|2
|move|p1a: Hippowdon|Stealth Rock|p2a: Gateskeeper
|-sidestart|p2: GryphonEx|move: Stealth Rock
|
|-weather|Sandstorm|[upkeep]
|-damage|p2a: Gateskeeper|82/100|[from] Sandstorm
|upkeep
|turn|10
|
|t:|1666379841
|switch|p2a: Plastic popper|Zarude|89/100 tox
|-damage|p2a: Plastic popper|76/100 tox|[from] Stealth Rock
|switch|p1a: Umbreon|Umbreon, M|100/100
|-damage|p1a: Umbreon|88/100|[from] Stealth Rock
|
|-weather|Sandstorm|[upkeep]
|-damage|p2a: Plastic popper|70/100 tox|[from] Sandstorm
|-damage|p1a: Umbreon|82/100|[from] Sandstorm
|-heal|p1a: Umbreon|88/100|[from] item: Leftovers
|-damage|p2a: Plastic popper|64/100 tox|[from] psn
|upkeep
|turn|11
|
|t:|1666379847
|move|p1a: Umbreon|Protect|p1a: Umbreon
|-singleturn|p1a: Umbreon|Protect
|move|p2a: Plastic popper|Darkest Lariat|p1a: Umbreon
|-activate|p1a: Umbreon|move: Protect
|
|-weather|Sandstorm|[upkeep]
|-damage|p2a: Plastic popper|58/100 tox|[from] Sandstorm
|-damage|p1a: Umbreon|82/100|[from] Sandstorm
|-heal|p1a: Umbreon|88/100|[from] item: Leftovers
|-damage|p2a: Plastic popper|46/100 tox|[from] psn
|upkeep
|turn|12
|
|t:|1666379860
|switch|p2a: Corsola-Kanye|Chansey, F|100/100
|-damage|p2a: Corsola-Kanye|88/100|[from] Stealth Rock
|move|p1a: Umbreon|Wish|p1a: Umbreon
|
|-weather|none
|-heal|p1a: Umbreon|94/100|[from] item: Leftovers
|upkeep
|turn|13
|
|t:|1666379868
|move|p1a: Umbreon|Toxic|p2a: Corsola-Kanye
|-status|p2a: Corsola-Kanye|tox
|move|p2a: Corsola-Kanye|Seismic Toss|p1a: Umbreon
|-damage|p1a: Umbreon|69/100
|
|-heal|p1a: Umbreon|100/100|[from] move: Wish|[wisher] Umbreon
|-damage|p2a: Corsola-Kanye|82/100 tox|[from] psn
|upkeep
|turn|14
|
|t:|1666379872
|move|p1a: Umbreon|Wish|p1a: Umbreon
|move|p2a: Corsola-Kanye|Teleport|p2a: Corsola-Kanye
|
|t:|1666379880
|-curestatus|p2a: Corsola-Kanye|tox|[from] ability: Natural Cure
|switch|p2a: Gateskeeper|Hydreigon, F|82/100|[from]move: Teleport
|-damage|p2a: Gateskeeper|70/100|[from] Stealth Rock
|
|upkeep
|turn|15
|
|t:|1666379886
|move|p2a: Gateskeeper|Draco Meteor|p1a: Umbreon|[miss]
|-miss|p2a: Gateskeeper|p1a: Umbreon
|move|p1a: Umbreon|Toxic|p2a: Gateskeeper
|-status|p2a: Gateskeeper|tox
|
|-damage|p2a: Gateskeeper|64/100 tox|[from] psn
|upkeep
|turn|16
|
|t:|1666379889
|switch|p2a: Corsola-Kanye|Chansey, F|82/100
|-damage|p2a: Corsola-Kanye|70/100|[from] Stealth Rock
|move|p1a: Umbreon|Wish|p1a: Umbreon
|
|upkeep
|turn|17
|
|t:|1666379891
|switch|p1a: Hippowdon|Hippowdon, F|13/100
|-damage|p1a: Hippowdon|7/100|[from] Stealth Rock
|-weather|Sandstorm|[from] ability: Sand Stream|[of] p1a: Hippowdon
|move|p2a: Corsola-Kanye|Seismic Toss|p1a: Hippowdon
|-damage|p1a: Hippowdon|0 fnt
|-damage|p2a: Corsola-Kanye|53/100|[from] item: Rocky Helmet|[of] p1a: Hippowdon
|faint|p1a: Hippowdon
|
|-weather|Sandstorm|[upkeep]
|-damage|p2a: Corsola-Kanye|47/100|[from] Sandstorm
|upkeep
|
|t:|1666379903
|switch|p1a: Tangrowth|Tangrowth, M|55/100
|-damage|p1a: Tangrowth|43/100|[from] Stealth Rock
|turn|18
|
|t:|1666379908
|move|p2a: Corsola-Kanye|Thunder Wave|p1a: Tangrowth
|-status|p1a: Tangrowth|par
|cant|p1a: Tangrowth|par
|
|-weather|Sandstorm|[upkeep]
|-damage|p2a: Corsola-Kanye|41/100|[from] Sandstorm
|-damage|p1a: Tangrowth|37/100 par|[from] Sandstorm
|upkeep
|turn|19
|
|t:|1666379915
|move|p2a: Corsola-Kanye|Soft-Boiled|p2a: Corsola-Kanye
|-heal|p2a: Corsola-Kanye|91/100
|move|p1a: Tangrowth|Synthesis|p1a: Tangrowth
|-heal|p1a: Tangrowth|62/100 par
|
|-weather|Sandstorm|[upkeep]
|-damage|p2a: Corsola-Kanye|85/100|[from] Sandstorm
|-damage|p1a: Tangrowth|56/100 par|[from] Sandstorm
|upkeep
|turn|20
|
|t:|1666379930
|move|p1a: Tangrowth|Knock Off|p2a: Corsola-Kanye
|-damage|p2a: Corsola-Kanye|71/100
|-enditem|p2a: Corsola-Kanye|Eviolite|[from] move: Knock Off|[of] p1a: Tangrowth
|move|p2a: Corsola-Kanye|Teleport|p2a: Corsola-Kanye
|
|t:|1666379938
|switch|p2a: Gateskeeper|Hydreigon, F|64/100 tox|[from]move: Teleport
|-damage|p2a: Gateskeeper|51/100 tox|[from] Stealth Rock
|
|-weather|Sandstorm|[upkeep]
|-damage|p2a: Gateskeeper|45/100 tox|[from] Sandstorm
|-damage|p1a: Tangrowth|50/100 par|[from] Sandstorm
|-damage|p2a: Gateskeeper|39/100 tox|[from] psn
|upkeep
|turn|21
|
|t:|1666379953
|switch|p1a: Chansey|Chansey, F|100/100
|-damage|p1a: Chansey|88/100|[from] Stealth Rock
|move|p2a: Gateskeeper|Draco Meteor|p1a: Chansey
|-crit|p1a: Chansey
|-damage|p1a: Chansey|39/100
|-unboost|p2a: Gateskeeper|spa|2
|
|-weather|none
|-damage|p2a: Gateskeeper|27/100 tox|[from] psn
|upkeep
|turn|22
|c|☆Fousfull|Maybe i was weong
|c|☆Fousfull|Wrong and stall suck
|
|t:|1666379973
|switch|p2a: Plastic popper|Zarude|46/100 tox
|-damage|p2a: Plastic popper|34/100 tox|[from] Stealth Rock
|move|p1a: Chansey|Soft-Boiled|p1a: Chansey
|-heal|p1a: Chansey|89/100
|
|-damage|p2a: Plastic popper|28/100 tox|[from] psn
|upkeep
|turn|23
|
|t:|1666379979
|move|p2a: Plastic popper|Darkest Lariat|p1a: Chansey
|-damage|p1a: Chansey|50/100
|move|p1a: Chansey|Seismic Toss|p2a: Plastic popper
|-damage|p2a: Plastic popper|0 fnt
|faint|p2a: Plastic popper
|
|upkeep
|
|t:|1666379995
|switch|p2a: Gateskeeper|Hydreigon, F|27/100 tox
|-damage|p2a: Gateskeeper|14/100 tox|[from] Stealth Rock
|turn|24
|
|t:|1666379998
|move|p2a: Gateskeeper|Draco Meteor|p1a: Chansey
|-damage|p1a: Chansey|21/100
|-unboost|p2a: Gateskeeper|spa|2
|move|p1a: Chansey|Soft-Boiled|p1a: Chansey
|-heal|p1a: Chansey|71/100
|
|-damage|p2a: Gateskeeper|8/100 tox|[from] psn
|upkeep
|turn|25
|c|☆GryphonEx|In hindsight maybe I shouldn’t have done the exact same play after game 1
|
|t:|1666380020
|move|p2a: Gateskeeper|Draco Meteor|p1a: Chansey
|-damage|p1a: Chansey|56/100
|-unboost|p2a: Gateskeeper|spa|2
|move|p1a: Chansey|Aromatherapy|p1a: Chansey
|-activate|p1a: Chansey|move: Aromatherapy
|-curestatus|p1: Tangrowth|par|[msg]
|
|-damage|p2a: Gateskeeper|0 fnt|[from] psn
|faint|p2a: Gateskeeper
|upkeep
|
|t:|1666380027
|switch|p2a: Corsola-Kanye|Chansey, F|71/100
|-damage|p2a: Corsola-Kanye|59/100|[from] Stealth Rock
|turn|26
|
|t:|1666380031
|move|p1a: Chansey|Toxic|p2a: Corsola-Kanye|[miss]
|-miss|p1a: Chansey|p2a: Corsola-Kanye
|move|p2a: Corsola-Kanye|Thunder Wave|p1a: Chansey
|-status|p1a: Chansey|par
|
|upkeep
|turn|27
|
|t:|1666380033
|move|p2a: Corsola-Kanye|Soft-Boiled|p2a: Corsola-Kanye
|-heal|p2a: Corsola-Kanye|100/100
|move|p1a: Chansey|Toxic|p2a: Corsola-Kanye
|-status|p2a: Corsola-Kanye|tox
|
|-damage|p2a: Corsola-Kanye|94/100 tox|[from] psn
|upkeep
|turn|28
|
|t:|1666380036
|move|p1a: Chansey|Soft-Boiled|p1a: Chansey
|-heal|p1a: Chansey|100/100 par
|move|p2a: Corsola-Kanye|Teleport|p2a: Corsola-Kanye
|
|t:|1666380038
|-curestatus|p2a: Corsola-Kanye|tox|[from] ability: Natural Cure
|switch|p2a: r|Salamence, F|100/100|[from]move: Teleport
|-ability|p2a: r|Intimidate|boost
|-unboost|p1a: Chansey|atk|1
|
|upkeep
|turn|29
|
|t:|1666380042
|switch|p2a: Corsola-Kanye|Chansey, F|94/100
|-damage|p2a: Corsola-Kanye|82/100|[from] Stealth Rock
|move|p1a: Chansey|Toxic|p2a: Corsola-Kanye
|-status|p2a: Corsola-Kanye|tox
|
|-damage|p2a: Corsola-Kanye|76/100 tox|[from] psn
|upkeep
|turn|30
|
|t:|1666380045
|move|p1a: Chansey|Seismic Toss|p2a: Corsola-Kanye
|-damage|p2a: Corsola-Kanye|62/100 tox
|move|p2a: Corsola-Kanye|Teleport|p2a: Corsola-Kanye
|
|t:|1666380046
|-curestatus|p2a: Corsola-Kanye|tox|[from] ability: Natural Cure
|switch|p2a: r|Salamence, F|100/100|[from]move: Teleport
|-ability|p2a: r|Intimidate|boost
|-unboost|p1a: Chansey|atk|1
|
|upkeep
|turn|31
|
|t:|1666380054
|switch|p2a: Corsola-Kanye|Chansey, F|62/100
|-damage|p2a: Corsola-Kanye|49/100|[from] Stealth Rock
|move|p1a: Chansey|Toxic|p2a: Corsola-Kanye
|-status|p2a: Corsola-Kanye|tox
|
|-damage|p2a: Corsola-Kanye|43/100 tox|[from] psn
|upkeep
|turn|32
|
|t:|1666380062
|move|p1a: Chansey|Aromatherapy|p1a: Chansey
|-activate|p1a: Chansey|move: Aromatherapy
|-curestatus|p1a: Chansey|par|[msg]
|move|p2a: Corsola-Kanye|Teleport|p2a: Corsola-Kanye
|
|t:|1666380063
|-curestatus|p2a: Corsola-Kanye|tox|[from] ability: Natural Cure
|switch|p2a: r|Salamence, F|100/100|[from]move: Teleport
|-ability|p2a: r|Intimidate|boost
|-unboost|p1a: Chansey|atk|1
|
|upkeep
|turn|33
|
|t:|1666380066
|move|p2a: r|Defog|p1a: Chansey
|-unboost|p1a: Chansey|evasion|1
|-sideend|p1: Fousfull|Stealth Rock|[from] move: Defog|[of] p2a: r
|-sideend|p2: GryphonEx|Stealth Rock|[from] move: Defog|[of] p2a: r
|move|p1a: Chansey|Seismic Toss|p2a: r
|-damage|p2a: r|75/100
|
|upkeep
|turn|34
|
|t:|1666380074
|switch|p2a: If you switch conk|Corsola-Galar, M|94/100 tox
|move|p1a: Chansey|Toxic|p2a: If you switch conk
|-fail|p2a: If you switch conk|tox
|
|-damage|p2a: If you switch conk|88/100 tox|[from] psn
|upkeep
|turn|35
|
|t:|1666380088
|switch|p1a: Tangrowth|Tangrowth, M|83/100
|switch|p2a: Corsola-Kanye|Chansey, F|43/100
|
|upkeep
|turn|36
|
|t:|1666380094
|move|p2a: Corsola-Kanye|Soft-Boiled|p2a: Corsola-Kanye
|-heal|p2a: Corsola-Kanye|93/100
|move|p1a: Tangrowth|Giga Drain|p2a: Corsola-Kanye
|-damage|p2a: Corsola-Kanye|80/100
|-heal|p1a: Tangrowth|94/100|[from] drain|[of] p2a: Corsola-Kanye
|
|upkeep
|turn|37
|
|t:|1666380099
|move|p2a: Corsola-Kanye|Thunder Wave|p1a: Tangrowth|[miss]
|-miss|p2a: Corsola-Kanye|p1a: Tangrowth
|move|p1a: Tangrowth|Sludge Bomb|p2a: Corsola-Kanye
|-damage|p2a: Corsola-Kanye|69/100
|-status|p2a: Corsola-Kanye|psn
|
|-damage|p2a: Corsola-Kanye|57/100 psn|[from] psn
|upkeep
|turn|38
|
|t:|1666380106
|-curestatus|p2a: Corsola-Kanye|psn|[from] ability: Natural Cure
|switch|p2a: If you switch conk|Corsola-Galar, M|88/100 tox
|switch|p1a: Quagsire|Quagsire, F|100/100
|
|-damage|p2a: If you switch conk|82/100 tox|[from] psn
|upkeep
|turn|39
|
|t:|1666380116
|move|p2a: If you switch conk|Will-O-Wisp|p1a: Quagsire
|-status|p1a: Quagsire|brn
|move|p1a: Quagsire|Scald|p2a: If you switch conk
|-damage|p2a: If you switch conk|72/100 tox
|-start|p1a: Quagsire|Disable|Scald|[from] ability: Cursed Body|[of] p2a: If you switch conk
|
|-damage|p2a: If you switch conk|59/100 tox|[from] psn
|-damage|p1a: Quagsire|94/100 brn|[from] brn
|upkeep
|turn|40
|
|t:|1666380120
|switch|p2a: Corsola-Kanye|Chansey, F|57/100
|switch|p1a: Umbreon|Umbreon, M|100/100
|
|upkeep
|turn|41
|
|t:|1666380122
|move|p1a: Umbreon|Toxic|p2a: Corsola-Kanye
|-status|p2a: Corsola-Kanye|tox
|move|p2a: Corsola-Kanye|Thunder Wave|p1a: Umbreon|[miss]
|-miss|p2a: Corsola-Kanye|p1a: Umbreon
|
|-damage|p2a: Corsola-Kanye|51/100 tox|[from] psn
|upkeep
|turn|42
|
|t:|1666380133
|move|p1a: Umbreon|Foul Play|p2a: Corsola-Kanye
|-damage|p2a: Corsola-Kanye|49/100 tox
|move|p2a: Corsola-Kanye|Teleport|p2a: Corsola-Kanye
|
|t:|1666380138
|-curestatus|p2a: Corsola-Kanye|tox|[from] ability: Natural Cure
|switch|p2a: If you switch conk|Corsola-Galar, M|59/100 tox|[from]move: Teleport
|
|-damage|p2a: If you switch conk|53/100 tox|[from] psn
|upkeep
|turn|43
|inactive|Fousfull has 120 seconds left.
|
|t:|1666380173
|move|p1a: Umbreon|Foul Play|p2a: If you switch conk
|-supereffective|p2a: If you switch conk
|-damage|p2a: If you switch conk|32/100 tox
|-start|p1a: Umbreon|Disable|Foul Play|[from] ability: Cursed Body|[of] p2a: If you switch conk
|move|p2a: If you switch conk|Strength Sap|p1a: Umbreon
|-unboost|p1a: Umbreon|atk|1
|-heal|p2a: If you switch conk|78/100 tox
|
|-damage|p2a: If you switch conk|66/100 tox|[from] psn
|upkeep
|turn|44
|
|t:|1666380177
|switch|p2a: Corsola-Kanye|Chansey, F|49/100
|move|p1a: Umbreon|Wish|p1a: Umbreon
|
|upkeep
|turn|45
|
|t:|1666380179
|move|p1a: Umbreon|Toxic|p2a: Corsola-Kanye|[miss]
|-miss|p1a: Umbreon|p2a: Corsola-Kanye
|move|p2a: Corsola-Kanye|Thunder Wave|p1a: Umbreon
|-status|p1a: Umbreon|par
|
|upkeep
|turn|46
|
|t:|1666380182
|switch|p1a: Chansey|Chansey, F|100/100
|move|p2a: Corsola-Kanye|Soft-Boiled|p2a: Corsola-Kanye
|-heal|p2a: Corsola-Kanye|99/100
|
|upkeep
|turn|47
|
|t:|1666380187
|move|p1a: Chansey|Toxic|p2a: Corsola-Kanye
|-status|p2a: Corsola-Kanye|tox
|move|p2a: Corsola-Kanye|Seismic Toss|p1a: Chansey
|-damage|p1a: Chansey|86/100
|
|-damage|p2a: Corsola-Kanye|93/100 tox|[from] psn
|upkeep
|turn|48
|
|t:|1666380190
|move|p1a: Chansey|Seismic Toss|p2a: Corsola-Kanye
|-damage|p2a: Corsola-Kanye|78/100 tox
|move|p2a: Corsola-Kanye|Teleport|p2a: Corsola-Kanye
|
|t:|1666380192
|-curestatus|p2a: Corsola-Kanye|tox|[from] ability: Natural Cure
|switch|p2a: r|Salamence, F|75/100|[from]move: Teleport
|-ability|p2a: r|Intimidate|boost
|-unboost|p1a: Chansey|atk|1
|
|upkeep
|turn|49
|
|t:|1666380206
|switch|p2a: Corsola-Kanye|Chansey, F|78/100
|move|p1a: Chansey|Toxic|p2a: Corsola-Kanye
|-status|p2a: Corsola-Kanye|tox
|
|-damage|p2a: Corsola-Kanye|72/100 tox|[from] psn
|upkeep
|turn|50
|
|t:|1666380212
|move|p1a: Chansey|Aromatherapy|p1a: Chansey
|-activate|p1a: Chansey|move: Aromatherapy
|-curestatus|p1: Quagsire|brn|[msg]
|-curestatus|p1: Umbreon|par|[msg]
|move|p2a: Corsola-Kanye|Teleport|p2a: Corsola-Kanye
|
|t:|1666380218
|-curestatus|p2a: Corsola-Kanye|tox|[from] ability: Natural Cure
|switch|p2a: r|Salamence, F|75/100|[from]move: Teleport
|-ability|p2a: r|Intimidate|boost
|-unboost|p1a: Chansey|atk|1
|
|upkeep
|turn|51
|
|t:|1666380222
|switch|p2a: Corsola-Kanye|Chansey, F|72/100
|move|p1a: Chansey|Seismic Toss|p2a: Corsola-Kanye
|-damage|p2a: Corsola-Kanye|58/100
|
|upkeep
|turn|52
|
|t:|1666380225
|move|p1a: Chansey|Toxic|p2a: Corsola-Kanye
|-status|p2a: Corsola-Kanye|tox
|move|p2a: Corsola-Kanye|Teleport|p2a: Corsola-Kanye
|
|t:|1666380227
|-curestatus|p2a: Corsola-Kanye|tox|[from] ability: Natural Cure
|switch|p2a: r|Salamence, F|75/100|[from]move: Teleport
|-ability|p2a: r|Intimidate|boost
|-unboost|p1a: Chansey|atk|1
|
|upkeep
|turn|53
|
|t:|1666380243
|move|p2a: r|Toxic|p1a: Chansey
|-status|p1a: Chansey|tox
|move|p1a: Chansey|Seismic Toss|p2a: r
|-damage|p2a: r|50/100
|
|-damage|p1a: Chansey|80/100 tox|[from] psn
|upkeep
|turn|54
|
|t:|1666380247
|switch|p2a: If you switch conk|Corsola-Galar, M|66/100 tox
|move|p1a: Chansey|Toxic|p2a: If you switch conk
|-fail|p2a: If you switch conk|tox
|
|-damage|p1a: Chansey|68/100 tox|[from] psn
|-damage|p2a: If you switch conk|60/100 tox|[from] psn
|upkeep
|turn|55
|
|t:|1666380257
|-curestatus|p1a: Chansey|tox|[from] ability: Natural Cure
|switch|p1a: Umbreon|Umbreon, M|100/100
|move|p2a: If you switch conk|Stealth Rock|p1a: Umbreon
|-sidestart|p1: Fousfull|move: Stealth Rock
|
|-damage|p2a: If you switch conk|47/100 tox|[from] psn
|upkeep
|turn|56
|
|t:|1666380262
|switch|p2a: Corsola-Kanye|Chansey, F|58/100
|move|p1a: Umbreon|Foul Play|p2a: Corsola-Kanye
|-damage|p2a: Corsola-Kanye|56/100
|
|upkeep
|turn|57
|
|t:|1666380263
|move|p1a: Umbreon|Toxic|p2a: Corsola-Kanye|[miss]
|-miss|p1a: Umbreon|p2a: Corsola-Kanye
|move|p2a: Corsola-Kanye|Thunder Wave|p1a: Umbreon
|-status|p1a: Umbreon|par
|
|upkeep
|turn|58
|
|t:|1666380266
|cant|p1a: Umbreon|par
|move|p2a: Corsola-Kanye|Teleport|p2a: Corsola-Kanye
|
|t:|1666380269
|switch|p2a: r|Salamence, F|50/100|[from]move: Teleport
|-ability|p2a: r|Intimidate|boost
|-fail|p1a: Umbreon|unboost|Attack|[from] ability: Inner Focus|[of] p1a: Umbreon
|
|upkeep
|turn|59
|
|t:|1666380274
|switch|p2a: Corsola-Kanye|Chansey, F|56/100
|move|p1a: Umbreon|Toxic|p2a: Corsola-Kanye
|-status|p2a: Corsola-Kanye|tox
|
|-damage|p2a: Corsola-Kanye|50/100 tox|[from] psn
|upkeep
|turn|60
|
|t:|1666380279
|move|p1a: Umbreon|Wish|p1a: Umbreon
|move|p2a: Corsola-Kanye|Teleport|p2a: Corsola-Kanye
|
|t:|1666380284
|-curestatus|p2a: Corsola-Kanye|tox|[from] ability: Natural Cure
|switch|p2a: r|Salamence, F|50/100|[from]move: Teleport
|-ability|p2a: r|Intimidate|boost
|-fail|p1a: Umbreon|unboost|Attack|[from] ability: Inner Focus|[of] p1a: Umbreon
|
|upkeep
|turn|61
|
|t:|1666380287
|switch|p2a: Corsola-Kanye|Chansey, F|50/100
|move|p1a: Umbreon|Toxic|p2a: Corsola-Kanye
|-status|p2a: Corsola-Kanye|tox
|
|-damage|p2a: Corsola-Kanye|44/100 tox|[from] psn
|upkeep
|turn|62
|
|t:|1666380289
|switch|p1a: Salamence|Salamence, M|72/100
|-ability|p1a: Salamence|Intimidate|boost
|-unboost|p2a: Corsola-Kanye|atk|1
|move|p2a: Corsola-Kanye|Soft-Boiled|p2a: Corsola-Kanye
|-heal|p2a: Corsola-Kanye|94/100 tox
|
|-damage|p2a: Corsola-Kanye|82/100 tox|[from] psn
|upkeep
|turn|63
|
|t:|1666380299
|move|p1a: Salamence|Dual Wingbeat|p2a: Corsola-Kanye
|-damage|p2a: Corsola-Kanye|66/100 tox
|-damage|p2a: Corsola-Kanye|50/100 tox
|-hitcount|p2a: Corsola-Kanye|2
|move|p2a: Corsola-Kanye|Thunder Wave|p1a: Salamence
|-status|p1a: Salamence|par
|
|-damage|p2a: Corsola-Kanye|32/100 tox|[from] psn
|upkeep
|turn|64
|
|t:|1666380305
|-curestatus|p2a: Corsola-Kanye|tox|[from] ability: Natural Cure
|switch|p2a: r|Salamence, F|50/100
|-ability|p2a: r|Intimidate|boost
|-unboost|p1a: Salamence|atk|1
|move|p1a: Salamence|Defog|p2a: r
|-unboost|p2a: r|evasion|1
|-sideend|p1: Fousfull|Stealth Rock|[from] move: Defog|[of] p1a: Salamence
|
|upkeep
|turn|65
|
|t:|1666380309
|switch|p1a: Umbreon|Umbreon, M|100/100 par
|move|p2a: r|Roost|p2a: r
|-heal|p2a: r|99/100
|-singleturn|p2a: r|move: Roost
|
|upkeep
|turn|66
|
|t:|1666380313
|switch|p2a: Corsola-Kanye|Chansey, F|32/100
|switch|p1a: Chansey|Chansey, F|68/100
|
|upkeep
|turn|67
|
|t:|1666380316
|move|p1a: Chansey|Toxic|p2a: Corsola-Kanye
|-status|p2a: Corsola-Kanye|tox
|move|p2a: Corsola-Kanye|Soft-Boiled|p2a: Corsola-Kanye
|-heal|p2a: Corsola-Kanye|82/100 tox
|
|-damage|p2a: Corsola-Kanye|75/100 tox|[from] psn
|upkeep
|turn|68
|
|t:|1666380319
|move|p1a: Chansey|Aromatherapy|p1a: Chansey
|-activate|p1a: Chansey|move: Aromatherapy
|-curestatus|p1: Salamence|par|[msg]
|-curestatus|p1: Umbreon|par|[msg]
|move|p2a: Corsola-Kanye|Teleport|p2a: Corsola-Kanye
|
|t:|1666380323
|-curestatus|p2a: Corsola-Kanye|tox|[from] ability: Natural Cure
|switch|p2a: r|Salamence, F|99/100|[from]move: Teleport
|-ability|p2a: r|Intimidate|boost
|-unboost|p1a: Chansey|atk|1
|
|upkeep
|turn|69
|
|t:|1666380326
|switch|p2a: Corsola-Kanye|Chansey, F|75/100
|move|p1a: Chansey|Toxic|p2a: Corsola-Kanye
|-status|p2a: Corsola-Kanye|tox
|
|-damage|p2a: Corsola-Kanye|69/100 tox|[from] psn
|upkeep
|turn|70
|
|t:|1666380329
|move|p1a: Chansey|Seismic Toss|p2a: Corsola-Kanye
|-damage|p2a: Corsola-Kanye|55/100 tox
|move|p2a: Corsola-Kanye|Teleport|p2a: Corsola-Kanye
|
|t:|1666380331
|-curestatus|p2a: Corsola-Kanye|tox|[from] ability: Natural Cure
|switch|p2a: r|Salamence, F|99/100|[from]move: Teleport
|-ability|p2a: r|Intimidate|boost
|-unboost|p1a: Chansey|atk|1
|
|upkeep
|turn|71
|
|t:|1666380335
|switch|p2a: Corsola-Kanye|Chansey, F|55/100
|move|p1a: Chansey|Seismic Toss|p2a: Corsola-Kanye
|-damage|p2a: Corsola-Kanye|41/100
|
|upkeep
|turn|72
|
|t:|1666380337
|switch|p2a: If you switch conk|Corsola-Galar, M|47/100 tox
|move|p1a: Chansey|Toxic|p2a: If you switch conk|[miss]
|-miss|p1a: Chansey|p2a: If you switch conk
|
|-damage|p2a: If you switch conk|41/100 tox|[from] psn
|upkeep
|turn|73
|
|t:|1666380342
|switch|p2a: Corsola-Kanye|Chansey, F|41/100
|move|p1a: Chansey|Seismic Toss|p2a: Corsola-Kanye
|-damage|p2a: Corsola-Kanye|27/100
|
|upkeep
|turn|74
|
|t:|1666380345
|move|p1a: Chansey|Toxic|p2a: Corsola-Kanye
|-status|p2a: Corsola-Kanye|tox
|move|p2a: Corsola-Kanye|Soft-Boiled|p2a: Corsola-Kanye
|-heal|p2a: Corsola-Kanye|77/100 tox
|
|-damage|p2a: Corsola-Kanye|71/100 tox|[from] psn
|upkeep
|turn|75
|
|t:|1666380349
|-curestatus|p2a: Corsola-Kanye|tox|[from] ability: Natural Cure
|switch|p2a: r|Salamence, F|99/100
|-ability|p2a: r|Intimidate|boost
|-unboost|p1a: Chansey|atk|1
|move|p1a: Chansey|Seismic Toss|p2a: r
|-damage|p2a: r|74/100
|
|upkeep
|turn|76
|
|t:|1666380354
|switch|p2a: Corsola-Kanye|Chansey, F|71/100
|move|p1a: Chansey|Seismic Toss|p2a: Corsola-Kanye
|-damage|p2a: Corsola-Kanye|56/100
|
|upkeep
|turn|77
|
|t:|1666380356
|move|p1a: Chansey|Seismic Toss|p2a: Corsola-Kanye
|-damage|p2a: Corsola-Kanye|42/100
|move|p2a: Corsola-Kanye|Teleport|p2a: Corsola-Kanye
|
|t:|1666380360
|switch|p2a: r|Salamence, F|74/100|[from]move: Teleport
|-ability|p2a: r|Intimidate|boost
|-unboost|p1a: Chansey|atk|1
|
|upkeep
|turn|78
|
|t:|1666380365
|switch|p2a: Corsola-Kanye|Chansey, F|42/100
|move|p1a: Chansey|Seismic Toss|p2a: Corsola-Kanye
|-damage|p2a: Corsola-Kanye|28/100
|
|upkeep
|turn|79
|
|t:|1666380368
|switch|p1a: Salamence|Salamence, M|72/100
|-ability|p1a: Salamence|Intimidate|boost
|-unboost|p2a: Corsola-Kanye|atk|1
|move|p2a: Corsola-Kanye|Soft-Boiled|p2a: Corsola-Kanye
|-heal|p2a: Corsola-Kanye|78/100
|
|upkeep
|turn|80
|
|t:|1666380371
|switch|p2a: r|Salamence, F|74/100
|-ability|p2a: r|Intimidate|boost
|-unboost|p1a: Salamence|atk|1
|move|p1a: Salamence|Dual Wingbeat|p2a: r
|-crit|p2a: r
|-damage|p2a: r|56/100
|-damage|p2a: r|47/100
|-hitcount|p2a: r|2
|
|upkeep
|turn|81
|
|t:|1666380379
|move|p1a: Salamence|Dual Wingbeat|p2a: r
|-damage|p2a: r|39/100
|-damage|p2a: r|30/100
|-hitcount|p2a: r|2
|move|p2a: r|Toxic|p1a: Salamence
|-status|p1a: Salamence|tox
|
|-damage|p1a: Salamence|66/100 tox|[from] psn
|upkeep
|turn|82
|
|t:|1666380383
|switch|p1a: Chansey|Chansey, F|68/100
|move|p2a: r|Roost|p2a: r
|-heal|p2a: r|80/100
|-singleturn|p2a: r|move: Roost
|
|upkeep
|turn|83
|
|t:|1666380388
|switch|p2a: Corsola-Kanye|Chansey, F|78/100
|move|p1a: Chansey|Aromatherapy|p1a: Chansey
|-activate|p1a: Chansey|move: Aromatherapy
|-curestatus|p1: Salamence|tox|[msg]
|
|upkeep
|turn|84
|
|t:|1666380392
|move|p1a: Chansey|Seismic Toss|p2a: Corsola-Kanye
|-damage|p2a: Corsola-Kanye|64/100
|move|p2a: Corsola-Kanye|Teleport|p2a: Corsola-Kanye
|
|t:|1666380393
|switch|p2a: r|Salamence, F|80/100|[from]move: Teleport
|-ability|p2a: r|Intimidate|boost
|-unboost|p1a: Chansey|atk|1
|
|upkeep
|turn|85
|
|t:|1666380396
|move|p2a: r|Toxic|p1a: Chansey
|-status|p1a: Chansey|tox
|move|p1a: Chansey|Seismic Toss|p2a: r
|-damage|p2a: r|54/100
|
|-damage|p1a: Chansey|61/100 tox|[from] psn
|upkeep
|turn|86
|
|t:|1666380399
|switch|p2a: Corsola-Kanye|Chansey, F|64/100
|-curestatus|p1a: Chansey|tox|[from] ability: Natural Cure
|switch|p1a: Tangrowth|Tangrowth, M|100/100
|
|upkeep
|turn|87
|
|t:|1666380405
|move|p2a: Corsola-Kanye|Thunder Wave|p1a: Tangrowth
|-status|p1a: Tangrowth|par
|move|p1a: Tangrowth|Sludge Bomb|p2a: Corsola-Kanye
|-damage|p2a: Corsola-Kanye|53/100
|
|upkeep
|turn|88
|
|t:|1666380411
|cant|p1a: Tangrowth|par
|move|p2a: Corsola-Kanye|Teleport|p2a: Corsola-Kanye
|
|t:|1666380416
|switch|p2a: r|Salamence, F|54/100|[from]move: Teleport
|-ability|p2a: r|Intimidate|boost
|-unboost|p1a: Tangrowth|atk|1
|
|upkeep
|turn|89
|
|t:|1666380421
|switch|p2a: Corsola-Kanye|Chansey, F|53/100
|move|p1a: Tangrowth|Sludge Bomb|p2a: Corsola-Kanye
|-damage|p2a: Corsola-Kanye|42/100
|
|upkeep
|turn|90
|
|t:|1666380424
|move|p2a: Corsola-Kanye|Soft-Boiled|p2a: Corsola-Kanye
|-heal|p2a: Corsola-Kanye|93/100
|move|p1a: Tangrowth|Knock Off|p2a: Corsola-Kanye
|-damage|p2a: Corsola-Kanye|84/100
|
|upkeep
|turn|91
|
|t:|1666380430
|switch|p2a: r|Salamence, F|54/100
|-ability|p2a: r|Intimidate|boost
|-unboost|p1a: Tangrowth|atk|1
|move|p1a: Tangrowth|Sludge Bomb|p2a: r
|-damage|p2a: r|32/100
|
|upkeep
|turn|92
|
|t:|1666380436
|move|p2a: r|Roost|p2a: r
|-heal|p2a: r|82/100
|-singleturn|p2a: r|move: Roost
|move|p1a: Tangrowth|Sludge Bomb|p2a: r
|-damage|p2a: r|59/100
|
|upkeep
|turn|93
|j| The_Hammer30
|
|t:|1666380439
|switch|p2a: Corsola-Kanye|Chansey, F|84/100
|move|p1a: Tangrowth|Sludge Bomb|p2a: Corsola-Kanye
|-damage|p2a: Corsola-Kanye|72/100
|-status|p2a: Corsola-Kanye|psn
|
|-damage|p2a: Corsola-Kanye|60/100 psn|[from] psn
|upkeep
|turn|94
|
|t:|1666380443
|move|p1a: Tangrowth|Giga Drain|p2a: Corsola-Kanye
|-damage|p2a: Corsola-Kanye|48/100 psn
|move|p2a: Corsola-Kanye|Teleport|p2a: Corsola-Kanye
|
|t:|1666380447
|-curestatus|p2a: Corsola-Kanye|psn|[from] ability: Natural Cure
|switch|p2a: If you switch conk|Corsola-Galar, M|41/100 tox|[from]move: Teleport
|
|-damage|p2a: If you switch conk|35/100 tox|[from] psn
|upkeep
|turn|95
|
|t:|1666380450
|move|p2a: If you switch conk|Strength Sap|p1a: Tangrowth
|-unboost|p1a: Tangrowth|atk|1
|-heal|p2a: If you switch conk|71/100 tox
|cant|p1a: Tangrowth|par
|
|-damage|p2a: If you switch conk|59/100 tox|[from] psn
|upkeep
|turn|96
|
|t:|1666380457
|switch|p2a: Corsola-Kanye|Chansey, F|48/100
|switch|p1a: Salamence|Salamence, M|66/100
|-ability|p1a: Salamence|Intimidate|boost
|-unboost|p2a: Corsola-Kanye|atk|1
|
|upkeep
|turn|97
|
|t:|1666380459
|switch|p2a: r|Salamence, F|59/100
|-ability|p2a: r|Intimidate|boost
|-unboost|p1a: Salamence|atk|1
|move|p1a: Salamence|Dual Wingbeat|p2a: r
|-crit|p2a: r
|-damage|p2a: r|39/100
|-damage|p2a: r|30/100
|-hitcount|p2a: r|2
|
|upkeep
|turn|98
|
|t:|1666380467
|switch|p1a: Umbreon|Umbreon, M|100/100
|move|p2a: r|Roost|p2a: r
|-heal|p2a: r|80/100
|-singleturn|p2a: r|move: Roost
|
|upkeep
|turn|99
|
|t:|1666380470
|move|p2a: r|Toxic|p1a: Umbreon
|-status|p1a: Umbreon|tox
|move|p1a: Umbreon|Foul Play|p2a: r
|-damage|p2a: r|54/100
|
|-damage|p1a: Umbreon|94/100 tox|[from] psn
|upkeep
|turn|100
|
|t:|1666380479
|switch|p2a: If you switch conk|Corsola-Galar, M|59/100 tox
|move|p1a: Umbreon|Toxic|p2a: If you switch conk
|-fail|p2a: If you switch conk|tox
|
|-heal|p1a: Umbreon|100/100 tox|[from] item: Leftovers
|-damage|p1a: Umbreon|88/100 tox|[from] psn
|-damage|p2a: If you switch conk|53/100 tox|[from] psn
|upkeep
|turn|101
|
|t:|1666380487
|switch|p1a: Salamence|Salamence, M|66/100
|-ability|p1a: Salamence|Intimidate|boost
|-unboost|p2a: If you switch conk|atk|1
|move|p2a: If you switch conk|Stealth Rock|p1a: Salamence
|-sidestart|p1: Fousfull|move: Stealth Rock
|
|-damage|p2a: If you switch conk|41/100 tox|[from] psn
|upkeep
|turn|102
|
|t:|1666380492
|move|p1a: Salamence|Defog|p2a: If you switch conk
|-unboost|p2a: If you switch conk|evasion|1
|-sideend|p1: Fousfull|Stealth Rock|[from] move: Defog|[of] p1a: Salamence
|move|p2a: If you switch conk|Strength Sap|p1a: Salamence
|-unboost|p1a: Salamence|atk|1
|-heal|p2a: If you switch conk|100/100 tox
|
|-damage|p2a: If you switch conk|82/100 tox|[from] psn
|upkeep
|turn|103
|
|t:|1666380500
|switch|p1a: Quagsire|Quagsire, F|94/100
|switch|p2a: r|Salamence, F|54/100
|-ability|p2a: r|Intimidate|boost
|-unboost|p1a: Quagsire|atk|1
|
|-heal|p1a: Quagsire|100/100|[from] item: Leftovers
|upkeep
|turn|104
|
|t:|1666380504
|switch|p2a: If you switch conk|Corsola-Galar, M|82/100 tox
|move|p1a: Quagsire|Toxic|p2a: If you switch conk|[miss]
|-miss|p1a: Quagsire|p2a: If you switch conk
|
|-damage|p2a: If you switch conk|76/100 tox|[from] psn
|upkeep
|turn|105
|
|t:|1666380510
|switch|p1a: Tangrowth|Tangrowth, M|100/100 par
|move|p2a: If you switch conk|Stealth Rock|p1a: Tangrowth
|-sidestart|p1: Fousfull|move: Stealth Rock
|
|-damage|p2a: If you switch conk|63/100 tox|[from] psn
|upkeep
|turn|106
|
|t:|1666380515
|move|p2a: If you switch conk|Strength Sap|p1a: Tangrowth
|-unboost|p1a: Tangrowth|atk|1
|-heal|p2a: If you switch conk|100/100 tox
|move|p1a: Tangrowth|Knock Off|p2a: If you switch conk
|-supereffective|p2a: If you switch conk
|-damage|p2a: If you switch conk|78/100 tox
|-start|p1a: Tangrowth|Disable|Knock Off|[from] ability: Cursed Body|[of] p2a: If you switch conk
|-enditem|p2a: If you switch conk|Eviolite|[from] move: Knock Off|[of] p1a: Tangrowth
|
|-damage|p2a: If you switch conk|59/100 tox|[from] psn
|upkeep
|turn|107
|
|t:|1666380521
|switch|p2a: Corsola-Kanye|Chansey, F|48/100
|switch|p1a: Salamence|Salamence, M|66/100
|-ability|p1a: Salamence|Intimidate|boost
|-unboost|p2a: Corsola-Kanye|atk|1
|
|upkeep
|turn|108
|
|t:|1666380524
|switch|p2a: r|Salamence, F|54/100
|-ability|p2a: r|Intimidate|boost
|-unboost|p1a: Salamence|atk|1
|move|p1a: Salamence|Defog|p2a: r
|-unboost|p2a: r|evasion|1
|-sideend|p1: Fousfull|Stealth Rock|[from] move: Defog|[of] p1a: Salamence
|
|upkeep
|turn|109
|
|t:|1666380531
|switch|p1a: Chansey|Chansey, F|61/100
|move|p2a: r|Flamethrower|p1a: Chansey
|-damage|p1a: Chansey|55/100
|
|upkeep
|turn|110
|l| The_Hammer30
|
|t:|1666380536
|move|p2a: r|Roost|p2a: r
|-heal|p2a: r|100/100
|-singleturn|p2a: r|move: Roost
|move|p1a: Chansey|Seismic Toss|p2a: r
|-damage|p2a: r|75/100
|
|upkeep
|turn|111
|
|t:|1666380540
|switch|p2a: If you switch conk|Corsola-Galar, M|59/100 tox
|move|p1a: Chansey|Seismic Toss|p2a: If you switch conk
|-immune|p2a: If you switch conk
|
|-damage|p2a: If you switch conk|53/100 tox|[from] psn
|upkeep
|turn|112
|
|t:|1666380549
|switch|p1a: Umbreon|Umbreon, M|88/100 tox
|move|p2a: If you switch conk|Stealth Rock|p1a: Umbreon
|-sidestart|p1: Fousfull|move: Stealth Rock
|
|-heal|p1a: Umbreon|94/100 tox|[from] item: Leftovers
|-damage|p1a: Umbreon|88/100 tox|[from] psn
|-damage|p2a: If you switch conk|41/100 tox|[from] psn
|upkeep
|turn|113
|
|t:|1666380553
|switch|p2a: Corsola-Kanye|Chansey, F|48/100
|move|p1a: Umbreon|Foul Play|p2a: Corsola-Kanye
|-damage|p2a: Corsola-Kanye|46/100
|
|-heal|p1a: Umbreon|94/100 tox|[from] item: Leftovers
|-damage|p1a: Umbreon|82/100 tox|[from] psn
|upkeep
|turn|114
|
|t:|1666380557
|move|p1a: Umbreon|Toxic|p2a: Corsola-Kanye
|-status|p2a: Corsola-Kanye|tox
|move|p2a: Corsola-Kanye|Soft-Boiled|p2a: Corsola-Kanye
|-heal|p2a: Corsola-Kanye|96/100 tox
|
|-heal|p1a: Umbreon|88/100 tox|[from] item: Leftovers
|-damage|p1a: Umbreon|70/100 tox|[from] psn
|-damage|p2a: Corsola-Kanye|90/100 tox|[from] psn
|upkeep
|turn|115
|
|t:|1666380561
|switch|p1a: Salamence|Salamence, M|66/100
|-ability|p1a: Salamence|Intimidate|boost
|-unboost|p2a: Corsola-Kanye|atk|1
|move|p2a: Corsola-Kanye|Teleport|p2a: Corsola-Kanye
|
|t:|1666380564
|-curestatus|p2a: Corsola-Kanye|tox|[from] ability: Natural Cure
|switch|p2a: r|Salamence, F|75/100|[from]move: Teleport
|-ability|p2a: r|Intimidate|boost
|-unboost|p1a: Salamence|atk|1
|
|upkeep
|turn|116
|
|t:|1666380573
|switch|p1a: Chansey|Chansey, F|55/100
|-damage|p1a: Chansey|42/100|[from] Stealth Rock
|move|p2a: r|Toxic|p1a: Chansey
|-status|p1a: Chansey|tox
|
|-damage|p1a: Chansey|36/100 tox|[from] psn
|upkeep
|turn|117
|
|t:|1666380580
|switch|p2a: Corsola-Kanye|Chansey, F|90/100
|move|p1a: Chansey|Soft-Boiled|p1a: Chansey
|-heal|p1a: Chansey|86/100 tox
|
|-damage|p1a: Chansey|73/100 tox|[from] psn
|upkeep
|turn|118
|
|t:|1666380585
|move|p1a: Chansey|Aromatherapy|p1a: Chansey
|-activate|p1a: Chansey|move: Aromatherapy
|-curestatus|p1a: Chansey|tox|[msg]
|-curestatus|p1: Umbreon|tox|[msg]
|-curestatus|p1: Tangrowth|par|[msg]
|move|p2a: Corsola-Kanye|Seismic Toss|p1a: Chansey
|-damage|p1a: Chansey|59/100
|
|upkeep
|turn|119
|
|t:|1666380588
|switch|p1a: Salamence|Salamence, M|66/100
|-ability|p1a: Salamence|Intimidate|boost
|-unboost|p2a: Corsola-Kanye|atk|1
|move|p2a: Corsola-Kanye|Teleport|p2a: Corsola-Kanye
|
|t:|1666380593
|switch|p2a: r|Salamence, F|75/100|[from]move: Teleport
|-ability|p2a: r|Intimidate|boost
|-unboost|p1a: Salamence|atk|1
|
|upkeep
|turn|120
|
|t:|1666380596
|switch|p1a: Chansey|Chansey, F|59/100
|-damage|p1a: Chansey|47/100|[from] Stealth Rock
|move|p2a: r|Toxic|p1a: Chansey
|-status|p1a: Chansey|tox
|
|-damage|p1a: Chansey|40/100 tox|[from] psn
|upkeep
|turn|121
|c|☆Fousfull|We are having so much fun
|
|t:|1666380606
|switch|p2a: Corsola-Kanye|Chansey, F|90/100
|-curestatus|p1a: Chansey|tox|[from] ability: Natural Cure
|switch|p1a: Salamence|Salamence, M|66/100
|-ability|p1a: Salamence|Intimidate|boost
|-unboost|p2a: Corsola-Kanye|atk|1
|
|upkeep
|turn|122
|c|☆GryphonEx|You want a tie?
|
|t:|1666380618
|switch|p2a: r|Salamence, F|75/100
|-ability|p2a: r|Intimidate|boost
|-unboost|p1a: Salamence|atk|1
|move|p1a: Salamence|Defog|p2a: r
|-unboost|p2a: r|evasion|1
|-sideend|p1: Fousfull|Stealth Rock|[from] move: Defog|[of] p1a: Salamence
|
|upkeep
|turn|123
|
|t:|1666380622
|switch|p1a: Chansey|Chansey, F|40/100
|move|p2a: r|Flamethrower|p1a: Chansey
|-damage|p1a: Chansey|34/100
|
|upkeep
|turn|124
|
|t:|1666380629
|switch|p2a: Corsola-Kanye|Chansey, F|90/100
|move|p1a: Chansey|Soft-Boiled|p1a: Chansey
|-heal|p1a: Chansey|84/100
|
|upkeep
|turn|125
|
|t:|1666380634
|move|p1a: Chansey|Seismic Toss|p2a: Corsola-Kanye
|-damage|p2a: Corsola-Kanye|75/100
|move|p2a: Corsola-Kanye|Seismic Toss|p1a: Chansey
|-damage|p1a: Chansey|70/100
|
|upkeep
|turn|126
|
|t:|1666380637
|move|p1a: Chansey|Seismic Toss|p2a: Corsola-Kanye
|-damage|p2a: Corsola-Kanye|61/100
|move|p2a: Corsola-Kanye|Seismic Toss|p1a: Chansey
|-damage|p1a: Chansey|56/100
|
|upkeep
|turn|127
|
|t:|1666380648
|switch|p1a: Quagsire|Quagsire, F|100/100
|move|p2a: Corsola-Kanye|Seismic Toss|p1a: Quagsire
|-damage|p1a: Quagsire|75/100
|
|-heal|p1a: Quagsire|81/100|[from] item: Leftovers
|upkeep
|turn|128
|
|t:|1666380654
|move|p1a: Quagsire|Scald|p2a: Corsola-Kanye
|-damage|p2a: Corsola-Kanye|53/100
|-status|p2a: Corsola-Kanye|brn
|move|p2a: Corsola-Kanye|Teleport|p2a: Corsola-Kanye
|
|t:|1666380656
|-curestatus|p2a: Corsola-Kanye|brn|[from] ability: Natural Cure
|switch|p2a: If you switch conk|Corsola-Galar, M|41/100 tox|[from]move: Teleport
|
|-heal|p1a: Quagsire|87/100|[from] item: Leftovers
|-damage|p2a: If you switch conk|34/100 tox|[from] psn
|upkeep
|turn|129
|
|t:|1666380660
|move|p2a: If you switch conk|Strength Sap|p1a: Quagsire
|-unboost|p1a: Quagsire|atk|1
|-heal|p2a: If you switch conk|98/100 tox
|move|p1a: Quagsire|Scald|p2a: If you switch conk
|-damage|p2a: If you switch conk|82/100 tox
|-start|p1a: Quagsire|Disable|Scald|[from] ability: Cursed Body|[of] p2a: If you switch conk
|
|-heal|p1a: Quagsire|93/100|[from] item: Leftovers
|-damage|p2a: If you switch conk|70/100 tox|[from] psn
|upkeep
|turn|130
|
|t:|1666380667
|switch|p1a: Salamence|Salamence, M|66/100
|-ability|p1a: Salamence|Intimidate|boost
|-unboost|p2a: If you switch conk|atk|1
|move|p2a: If you switch conk|Stealth Rock|p1a: Salamence
|-sidestart|p1: Fousfull|move: Stealth Rock
|
|-damage|p2a: If you switch conk|51/100 tox|[from] psn
|upkeep
|turn|131
|
|t:|1666380674
|move|p1a: Salamence|Defog|p2a: If you switch conk
|-unboost|p2a: If you switch conk|evasion|1
|-sideend|p1: Fousfull|Stealth Rock|[from] move: Defog|[of] p1a: Salamence
|move|p2a: If you switch conk|Strength Sap|p1a: Salamence
|-unboost|p1a: Salamence|atk|1
|-heal|p2a: If you switch conk|100/100 tox
|
|-damage|p2a: If you switch conk|76/100 tox|[from] psn
|upkeep
|turn|132
|
|t:|1666380683
|switch|p2a: r|Salamence, F|75/100
|-ability|p2a: r|Intimidate|boost
|-unboost|p1a: Salamence|atk|1
|move|p1a: Salamence|Flamethrower|p2a: r
|-resisted|p2a: r
|-damage|p2a: r|64/100
|
|upkeep
|turn|133
|
|t:|1666380689
|switch|p1a: Chansey|Chansey, F|56/100
|switch|p2a: If you switch conk|Corsola-Galar, M|76/100 tox
|
|-damage|p2a: If you switch conk|70/100 tox|[from] psn
|upkeep
|turn|134
|
|t:|1666380695
|switch|p1a: Salamence|Salamence, M|66/100
|-ability|p1a: Salamence|Intimidate|boost
|-unboost|p2a: If you switch conk|atk|1
|move|p2a: If you switch conk|Will-O-Wisp|p1a: Salamence
|-status|p1a: Salamence|brn
|
|-damage|p2a: If you switch conk|57/100 tox|[from] psn
|-damage|p1a: Salamence|60/100 brn|[from] brn
|upkeep
|turn|135
|
|t:|1666380699
|move|p1a: Salamence|Roost|p1a: Salamence
|-heal|p1a: Salamence|100/100 brn
|-singleturn|p1a: Salamence|move: Roost
|move|p2a: If you switch conk|Strength Sap|p1a: Salamence
|-unboost|p1a: Salamence|atk|1
|-heal|p2a: If you switch conk|100/100 tox
|
|-damage|p2a: If you switch conk|82/100 tox|[from] psn
|-damage|p1a: Salamence|94/100 brn|[from] brn
|upkeep
|turn|136
|
|t:|1666380702
|switch|p2a: r|Salamence, F|64/100
|-ability|p2a: r|Intimidate|boost
|-unboost|p1a: Salamence|atk|1
|move|p1a: Salamence|Defog|p2a: r
|-unboost|p2a: r|evasion|1
|
|-damage|p1a: Salamence|88/100 brn|[from] brn
|upkeep
|turn|137
|
|t:|1666380710
|switch|p1a: Chansey|Chansey, F|56/100
|move|p2a: r|Flamethrower|p1a: Chansey
|-damage|p1a: Chansey|48/100
|
|upkeep
|turn|138
|
|t:|1666380719
|switch|p2a: Corsola-Kanye|Chansey, F|53/100
|move|p1a: Chansey|Soft-Boiled|p1a: Chansey
|-heal|p1a: Chansey|98/100
|
|upkeep
|turn|139
|
|t:|1666380723
|switch|p1a: Quagsire|Quagsire, F|93/100
|switch|p2a: If you switch conk|Corsola-Galar, M|82/100 tox
|
|-heal|p1a: Quagsire|99/100|[from] item: Leftovers
|-damage|p2a: If you switch conk|76/100 tox|[from] psn
|upkeep
|turn|140
|
|t:|1666380727
|move|p2a: If you switch conk|Will-O-Wisp|p1a: Quagsire
|-status|p1a: Quagsire|brn
|move|p1a: Quagsire|Earthquake|p2a: If you switch conk
|-damage|p2a: If you switch conk|61/100 tox
|
|-heal|p1a: Quagsire|100/100 brn|[from] item: Leftovers
|-damage|p2a: If you switch conk|48/100 tox|[from] psn
|-damage|p1a: Quagsire|94/100 brn|[from] brn
|upkeep
|turn|141
|
|t:|1666380734
|move|p2a: If you switch conk|Strength Sap|p1a: Quagsire
|-unboost|p1a: Quagsire|atk|1
|-heal|p2a: If you switch conk|100/100 tox
|move|p1a: Quagsire|Earthquake|p2a: If you switch conk
|-damage|p2a: If you switch conk|90/100 tox
|
|-heal|p1a: Quagsire|100/100 brn|[from] item: Leftovers
|-damage|p2a: If you switch conk|71/100 tox|[from] psn
|-damage|p1a: Quagsire|94/100 brn|[from] brn
|upkeep
|turn|142
|
|t:|1666380739
|switch|p2a: Corsola-Kanye|Chansey, F|53/100
|move|p1a: Quagsire|Scald|p2a: Corsola-Kanye
|-damage|p2a: Corsola-Kanye|43/100
|-status|p2a: Corsola-Kanye|brn
|
|-heal|p1a: Quagsire|100/100 brn|[from] item: Leftovers
|-damage|p2a: Corsola-Kanye|37/100 brn|[from] brn
|-damage|p1a: Quagsire|94/100 brn|[from] brn
|upkeep
|turn|143
|
|t:|1666380745
|switch|p1a: Chansey|Chansey, F|98/100
|move|p2a: Corsola-Kanye|Soft-Boiled|p2a: Corsola-Kanye
|-heal|p2a: Corsola-Kanye|87/100 brn
|
|-damage|p2a: Corsola-Kanye|81/100 brn|[from] brn
|upkeep
|turn|144
|
|t:|1666380752
|switch|p1a: Quagsire|Quagsire, F|94/100 brn
|-curestatus|p2a: Corsola-Kanye|brn|[from] ability: Natural Cure
|switch|p2a: If you switch conk|Corsola-Galar, M|71/100 tox
|
|-heal|p1a: Quagsire|100/100 brn|[from] item: Leftovers
|-damage|p2a: If you switch conk|65/100 tox|[from] psn
|-damage|p1a: Quagsire|94/100 brn|[from] brn
|upkeep
|turn|145
|
|t:|1666380769
|switch|p1a: Tangrowth|Tangrowth, M|100/100
|move|p2a: If you switch conk|Stealth Rock|p1a: Tangrowth
|-sidestart|p1: Fousfull|move: Stealth Rock
|
|-damage|p2a: If you switch conk|53/100 tox|[from] psn
|upkeep
|turn|146
|
|t:|1666380779
|switch|p1a: Chansey|Chansey, F|98/100
|-damage|p1a: Chansey|86/100|[from] Stealth Rock
|move|p2a: If you switch conk|Strength Sap|p1a: Chansey
|-unboost|p1a: Chansey|atk|1
|-heal|p2a: If you switch conk|57/100 tox
|
|-damage|p2a: If you switch conk|38/100 tox|[from] psn
|upkeep
|turn|147
|
|t:|1666380786
|switch|p1a: Salamence|Salamence, M|88/100 brn
|-ability|p1a: Salamence|Intimidate|boost
|-unboost|p2a: If you switch conk|atk|1
|move|p2a: If you switch conk|Strength Sap|p1a: Salamence
|-unboost|p1a: Salamence|atk|1
|-heal|p2a: If you switch conk|100/100 tox
|
|-damage|p2a: If you switch conk|76/100 tox|[from] psn
|-damage|p1a: Salamence|82/100 brn|[from] brn
|upkeep
|turn|148
|
|t:|1666380791
|switch|p2a: Corsola-Kanye|Chansey, F|81/100
|move|p1a: Salamence|Defog|p2a: Corsola-Kanye
|-unboost|p2a: Corsola-Kanye|evasion|1
|-sideend|p1: Fousfull|Stealth Rock|[from] move: Defog|[of] p1a: Salamence
|
|-damage|p1a: Salamence|76/100 brn|[from] brn
|upkeep
|turn|149
|
|t:|1666380795
|switch|p1a: Chansey|Chansey, F|86/100
|move|p2a: Corsola-Kanye|Teleport|p2a: Corsola-Kanye
|
|t:|1666380798
|switch|p2a: r|Salamence, F|64/100|[from]move: Teleport
|-ability|p2a: r|Intimidate|boost
|-unboost|p1a: Chansey|atk|1
|
|upkeep
|turn|150
|
|t:|1666380804
|move|p2a: r|Flamethrower|p1a: Chansey
|-damage|p1a: Chansey|78/100
|move|p1a: Chansey|Seismic Toss|p2a: r
|-damage|p2a: r|39/100
|
|upkeep
|turn|151
|
|t:|1666380807
|move|p2a: r|Roost|p2a: r
|-heal|p2a: r|89/100
|-singleturn|p2a: r|move: Roost
|move|p1a: Chansey|Toxic|p2a: r|[miss]
|-miss|p1a: Chansey|p2a: r
|
|upkeep
|turn|152
|c|☆Fousfull|Fuck
|
|t:|1666380814
|switch|p2a: If you switch conk|Corsola-Galar, M|76/100 tox
|move|p1a: Chansey|Seismic Toss|p2a: If you switch conk
|-immune|p2a: If you switch conk
|
|-damage|p2a: If you switch conk|70/100 tox|[from] psn
|upkeep
|turn|153
|
|t:|1666380818
|switch|p1a: Salamence|Salamence, M|76/100 brn
|-ability|p1a: Salamence|Intimidate|boost
|-unboost|p2a: If you switch conk|atk|1
|switch|p2a: Corsola-Kanye|Chansey, F|81/100
|
|-damage|p1a: Salamence|70/100 brn|[from] brn
|upkeep
|turn|154
|
|t:|1666380822
|switch|p1a: Chansey|Chansey, F|78/100
|switch|p2a: r|Salamence, F|89/100
|-ability|p2a: r|Intimidate|boost
|-unboost|p1a: Chansey|atk|1
|
|upkeep
|turn|155
|
|t:|1666380825
|switch|p2a: Corsola-Kanye|Chansey, F|81/100
|switch|p1a: Umbreon|Umbreon, M|70/100
|
|-heal|p1a: Umbreon|76/100|[from] item: Leftovers
|upkeep
|turn|156
GryphonEx is offering a tie.
|
|t:|1666380835
|move|p1a: Umbreon|Foul Play|p2a: Corsola-Kanye
|-damage|p2a: Corsola-Kanye|79/100
|move|p2a: Corsola-Kanye|Teleport|p2a: Corsola-Kanye
|
|t:|1666380837
|switch|p2a: r|Salamence, F|89/100|[from]move: Teleport
|-ability|p2a: r|Intimidate|boost
|-fail|p1a: Umbreon|unboost|Attack|[from] ability: Inner Focus|[of] p1a: Umbreon
|
|-heal|p1a: Umbreon|82/100|[from] item: Leftovers
|upkeep
|turn|157
|
|t:|1666380839
|switch|p2a: Corsola-Kanye|Chansey, F|79/100
|move|p1a: Umbreon|Foul Play|p2a: Corsola-Kanye
|-damage|p2a: Corsola-Kanye|77/100
|
|-heal|p1a: Umbreon|88/100|[from] item: Leftovers
|upkeep
|turn|158
|
|t:|1666380842
|move|p1a: Umbreon|Foul Play|p2a: Corsola-Kanye
|-damage|p2a: Corsola-Kanye|75/100
|move|p2a: Corsola-Kanye|Teleport|p2a: Corsola-Kanye
|
|t:|1666380844
|switch|p2a: r|Salamence, F|89/100|[from]move: Teleport
|-ability|p2a: r|Intimidate|boost
|-fail|p1a: Umbreon|unboost|Attack|[from] ability: Inner Focus|[of] p1a: Umbreon
|
|-heal|p1a: Umbreon|94/100|[from] item: Leftovers
|upkeep
|turn|159
|
|t:|1666380846
|switch|p2a: Corsola-Kanye|Chansey, F|75/100
|move|p1a: Umbreon|Foul Play|p2a: Corsola-Kanye
|-damage|p2a: Corsola-Kanye|73/100
|
|-heal|p1a: Umbreon|100/100|[from] item: Leftovers
|upkeep
|turn|160
|
|t:|1666380850
|switch|p2a: r|Salamence, F|89/100
|-ability|p2a: r|Intimidate|boost
|-fail|p1a: Umbreon|unboost|Attack|[from] ability: Inner Focus|[of] p1a: Umbreon
|move|p1a: Umbreon|Wish|p1a: Umbreon
|
|upkeep
|turn|161
|
|t:|1666380855
|switch|p2a: Corsola-Kanye|Chansey, F|73/100
|move|p1a: Umbreon|Foul Play|p2a: Corsola-Kanye
|-damage|p2a: Corsola-Kanye|72/100
|
|upkeep
|turn|162
|
|t:|1666380860
|switch|p1a: Quagsire|Quagsire, F|94/100 brn
|switch|p2a: r|Salamence, F|89/100
|-ability|p2a: r|Intimidate|boost
|-unboost|p1a: Quagsire|atk|1
|
|-heal|p1a: Quagsire|100/100 brn|[from] item: Leftovers
|-damage|p1a: Quagsire|94/100 brn|[from] brn
|upkeep
|turn|163
|
|t:|1666380872
|switch|p2a: Corsola-Kanye|Chansey, F|72/100
|move|p1a: Quagsire|Toxic|p2a: Corsola-Kanye|[miss]
|-miss|p1a: Quagsire|p2a: Corsola-Kanye
|
|-heal|p1a: Quagsire|100/100 brn|[from] item: Leftovers
|-damage|p1a: Quagsire|94/100 brn|[from] brn
|upkeep
|turn|164
|
|t:|1666380880
|switch|p2a: If you switch conk|Corsola-Galar, M|70/100 tox
|switch|p1a: Umbreon|Umbreon, M|100/100
|
|-damage|p2a: If you switch conk|63/100 tox|[from] psn
|upkeep
|turn|165
|
|t:|1666380882
|move|p1a: Umbreon|Foul Play|p2a: If you switch conk
|-supereffective|p2a: If you switch conk
|-damage|p2a: If you switch conk|33/100 tox
|move|p2a: If you switch conk|Strength Sap|p1a: Umbreon
|-unboost|p1a: Umbreon|atk|1
|-heal|p2a: If you switch conk|79/100 tox
|
|-damage|p2a: If you switch conk|67/100 tox|[from] psn
|upkeep
|turn|166
|
|t:|1666380891
|switch|p2a: Corsola-Kanye|Chansey, F|72/100
|move|p1a: Umbreon|Foul Play|p2a: Corsola-Kanye
|-damage|p2a: Corsola-Kanye|69/100
|
|upkeep
|turn|167
|
|t:|1666380896
|move|p1a: Umbreon|Toxic|p2a: Corsola-Kanye
|-status|p2a: Corsola-Kanye|tox
|move|p2a: Corsola-Kanye|Seismic Toss|p1a: Umbreon
|-damage|p1a: Umbreon|75/100
|
|-heal|p1a: Umbreon|81/100|[from] item: Leftovers
|-damage|p2a: Corsola-Kanye|63/100 tox|[from] psn
|upkeep
|turn|168
|
|t:|1666380913
|move|p1a: Umbreon|Foul Play|p2a: Corsola-Kanye
|-crit|p2a: Corsola-Kanye
|-damage|p2a: Corsola-Kanye|61/100 tox
|move|p2a: Corsola-Kanye|Teleport|p2a: Corsola-Kanye
|c|☆GryphonEx|Almost at the funny number
|
|t:|1666380920
|-curestatus|p2a: Corsola-Kanye|tox|[from] ability: Natural Cure
|switch|p2a: r|Salamence, F|89/100|[from]move: Teleport
|-ability|p2a: r|Intimidate|boost
|-fail|p1a: Umbreon|unboost|Attack|[from] ability: Inner Focus|[of] p1a: Umbreon
|
|-heal|p1a: Umbreon|87/100|[from] item: Leftovers
|upkeep
|turn|169
|
|t:|1666380924
|switch|p2a: If you switch conk|Corsola-Galar, M|67/100 tox
|switch|p1a: Salamence|Salamence, M|70/100 brn
|-ability|p1a: Salamence|Intimidate|boost
|-unboost|p2a: If you switch conk|atk|1
|
|-damage|p2a: If you switch conk|61/100 tox|[from] psn
|-damage|p1a: Salamence|64/100 brn|[from] brn
|upkeep
|turn|170
|
|t:|1666380930
|switch|p1a: Chansey|Chansey, F|78/100
|move|p2a: If you switch conk|Strength Sap|p1a: Chansey
|-unboost|p1a: Chansey|atk|1
|-heal|p2a: If you switch conk|65/100 tox
|
|-damage|p2a: If you switch conk|52/100 tox|[from] psn
|upkeep
|turn|171
|
|t:|1666380935
|switch|p2a: Corsola-Kanye|Chansey, F|61/100
|move|p1a: Chansey|Seismic Toss|p2a: Corsola-Kanye
|-damage|p2a: Corsola-Kanye|46/100
|
|upkeep
|turn|172
|
|t:|1666380941
|switch|p2a: r|Salamence, F|89/100
|-ability|p2a: r|Intimidate|boost
|-unboost|p1a: Chansey|atk|1
|move|p1a: Chansey|Aromatherapy|p1a: Chansey
|-activate|p1a: Chansey|move: Aromatherapy
|-curestatus|p1: Salamence|brn|[msg]
|-curestatus|p1: Quagsire|brn|[msg]
|
|upkeep
|turn|173
|
|t:|1666380953
|switch|p1a: Quagsire|Quagsire, F|94/100
|move|p2a: r|Flamethrower|p1a: Quagsire
|-resisted|p1a: Quagsire
|-damage|p1a: Quagsire|81/100
|-status|p1a: Quagsire|brn
|
|-heal|p1a: Quagsire|88/100 brn|[from] item: Leftovers
|-damage|p1a: Quagsire|81/100 brn|[from] brn
|upkeep
|turn|174
|
|t:|1666380961
|switch|p2a: If you switch conk|Corsola-Galar, M|52/100 tox
|move|p1a: Quagsire|Earthquake|p2a: If you switch conk
|-damage|p2a: If you switch conk|36/100 tox
|
|-heal|p1a: Quagsire|88/100 brn|[from] item: Leftovers
|-damage|p2a: If you switch conk|30/100 tox|[from] psn
|-damage|p1a: Quagsire|81/100 brn|[from] brn
|upkeep
|turn|175
|
|t:|1666380964
|switch|p1a: Chansey|Chansey, F|78/100
|move|p2a: If you switch conk|Stealth Rock|p1a: Chansey
|-sidestart|p1: Fousfull|move: Stealth Rock
|
|-damage|p2a: If you switch conk|17/100 tox|[from] psn
|upkeep
|turn|176
|
|t:|1666380967
|move|p1a: Chansey|Seismic Toss|p2a: If you switch conk
|-immune|p2a: If you switch conk
|move|p2a: If you switch conk|Strength Sap|p1a: Chansey
|-unboost|p1a: Chansey|atk|1
|-heal|p2a: If you switch conk|21/100 tox
|
|-damage|p2a: If you switch conk|3/100 tox|[from] psn
|upkeep
|turn|177
|
|t:|1666380972
|switch|p2a: r|Salamence, F|89/100
|-ability|p2a: r|Intimidate|boost
|-unboost|p1a: Chansey|atk|1
|move|p1a: Chansey|Seismic Toss|p2a: r
|-damage|p2a: r|63/100
|
|upkeep
|turn|178
|
|t:|1666380977
|switch|p1a: Quagsire|Quagsire, F|81/100 brn
|-damage|p1a: Quagsire|75/100 brn|[from] Stealth Rock
|move|p2a: r|Toxic|p1a: Quagsire|[miss]
|-miss|p2a: r|p1a: Quagsire
|
|-heal|p1a: Quagsire|81/100 brn|[from] item: Leftovers
|-damage|p1a: Quagsire|75/100 brn|[from] brn
|upkeep
|turn|179
|
|t:|1666380981
|switch|p2a: Corsola-Kanye|Chansey, F|46/100
|move|p1a: Quagsire|Recover|p1a: Quagsire
|-heal|p1a: Quagsire|100/100 brn
|
|-damage|p1a: Quagsire|94/100 brn|[from] brn
|upkeep
|turn|180
|
|t:|1666380984
|move|p2a: Corsola-Kanye|Soft-Boiled|p2a: Corsola-Kanye
|-heal|p2a: Corsola-Kanye|97/100
|move|p1a: Quagsire|Toxic|p2a: Corsola-Kanye
|-status|p2a: Corsola-Kanye|tox
|
|-heal|p1a: Quagsire|100/100 brn|[from] item: Leftovers
|-damage|p2a: Corsola-Kanye|90/100 tox|[from] psn
|-damage|p1a: Quagsire|94/100 brn|[from] brn
|upkeep
|turn|181
|
|t:|1666380987
|move|p1a: Quagsire|Scald|p2a: Corsola-Kanye
|-damage|p2a: Corsola-Kanye|81/100 tox
|move|p2a: Corsola-Kanye|Teleport|p2a: Corsola-Kanye
|
|t:|1666380988
|-curestatus|p2a: Corsola-Kanye|tox|[from] ability: Natural Cure
|switch|p2a: r|Salamence, F|63/100|[from]move: Teleport
|-ability|p2a: r|Intimidate|boost
|-unboost|p1a: Quagsire|atk|1
|
|-heal|p1a: Quagsire|100/100 brn|[from] item: Leftovers
|-damage|p1a: Quagsire|94/100 brn|[from] brn
|upkeep
|turn|182
|
|t:|1666380998
|move|p2a: r|Flamethrower|p1a: Quagsire
|-resisted|p1a: Quagsire
|-damage|p1a: Quagsire|81/100 brn
|move|p1a: Quagsire|Scald|p2a: r
|-resisted|p2a: r
|-damage|p2a: r|53/100
|-status|p2a: r|brn
|
|-heal|p1a: Quagsire|87/100 brn|[from] item: Leftovers
|-damage|p2a: r|47/100 brn|[from] brn
|-damage|p1a: Quagsire|81/100 brn|[from] brn
|upkeep
|turn|183
|
|t:|1666381001
|switch|p2a: Corsola-Kanye|Chansey, F|81/100
|switch|p1a: Salamence|Salamence, M|64/100
|-ability|p1a: Salamence|Intimidate|boost
|-unboost|p2a: Corsola-Kanye|atk|1
|
|upkeep
|turn|184
|
|t:|1666381025
|move|p1a: Salamence|Defog|p2a: Corsola-Kanye
|-unboost|p2a: Corsola-Kanye|evasion|1
|-sideend|p1: Fousfull|Stealth Rock|[from] move: Defog|[of] p1a: Salamence
|move|p2a: Corsola-Kanye|Teleport|p2a: Corsola-Kanye
|
|t:|1666381028
|switch|p2a: r|Salamence, F|47/100 brn|[from]move: Teleport
|-ability|p2a: r|Intimidate|boost
|-unboost|p1a: Salamence|atk|1
|
|-damage|p2a: r|41/100 brn|[from] brn
|upkeep
|turn|185
|
|t:|1666381031
|switch|p1a: Chansey|Chansey, F|78/100
|move|p2a: r|Roost|p2a: r
|-heal|p2a: r|91/100 brn
|-singleturn|p2a: r|move: Roost
|
|-damage|p2a: r|85/100 brn|[from] brn
|upkeep
|turn|186
|
|t:|1666381044
|switch|p2a: Corsola-Kanye|Chansey, F|81/100
|switch|p1a: Quagsire|Quagsire, F|81/100 brn
|
|-heal|p1a: Quagsire|87/100 brn|[from] item: Leftovers
|-damage|p1a: Quagsire|81/100 brn|[from] brn
|upkeep
|turn|187
|
|t:|1666381051
|move|p2a: Corsola-Kanye|Seismic Toss|p1a: Quagsire
|-damage|p1a: Quagsire|56/100 brn
|move|p1a: Quagsire|Earthquake|p2a: Corsola-Kanye
|-damage|p2a: Corsola-Kanye|67/100
|
|-heal|p1a: Quagsire|62/100 brn|[from] item: Leftovers
|-damage|p1a: Quagsire|56/100 brn|[from] brn
|upkeep
|turn|188
|
|t:|1666381054
|move|p2a: Corsola-Kanye|Seismic Toss|p1a: Quagsire
|-damage|p1a: Quagsire|30/100 brn
|move|p1a: Quagsire|Recover|p1a: Quagsire
|-heal|p1a: Quagsire|80/100 brn
|
|-heal|p1a: Quagsire|87/100 brn|[from] item: Leftovers
|-damage|p1a: Quagsire|80/100 brn|[from] brn
|upkeep
|turn|189
|
|t:|1666381059
|switch|p2a: r|Salamence, F|85/100 brn
|-ability|p2a: r|Intimidate|boost
|-unboost|p1a: Quagsire|atk|1
|switch|p1a: Tangrowth|Tangrowth, M|100/100
|
|-damage|p2a: r|79/100 brn|[from] brn
|upkeep
|turn|190
|
|t:|1666381063
|switch|p1a: Quagsire|Quagsire, F|80/100 brn
|move|p2a: r|Flamethrower|p1a: Quagsire
|-resisted|p1a: Quagsire
|-damage|p1a: Quagsire|69/100 brn
|
|-heal|p1a: Quagsire|75/100 brn|[from] item: Leftovers
|-damage|p2a: r|73/100 brn|[from] brn
|-damage|p1a: Quagsire|69/100 brn|[from] brn
|upkeep
|turn|191
|
|t:|1666381071
|switch|p2a: Corsola-Kanye|Chansey, F|67/100
|switch|p1a: Tangrowth|Tangrowth, M|100/100
|
|upkeep
|turn|192
|
|t:|1666381076
|move|p1a: Tangrowth|Sludge Bomb|p2a: Corsola-Kanye
|-damage|p2a: Corsola-Kanye|57/100
|-status|p2a: Corsola-Kanye|psn
|move|p2a: Corsola-Kanye|Teleport|p2a: Corsola-Kanye
|
|t:|1666381078
|-curestatus|p2a: Corsola-Kanye|psn|[from] ability: Natural Cure
|switch|p2a: r|Salamence, F|73/100 brn|[from]move: Teleport
|-ability|p2a: r|Intimidate|boost
|-unboost|p1a: Tangrowth|atk|1
|
|-damage|p2a: r|67/100 brn|[from] brn
|upkeep
|turn|193
|
|t:|1666381081
|move|p2a: r|Flamethrower|p1a: Tangrowth
|-supereffective|p1a: Tangrowth
|-damage|p1a: Tangrowth|31/100
|move|p1a: Tangrowth|Sludge Bomb|p2a: r
|-damage|p2a: r|43/100 brn
|
|-damage|p2a: r|37/100 brn|[from] brn
|upkeep
|turn|194
|
|t:|1666381087
|switch|p1a: Salamence|Salamence, M|64/100
|-ability|p1a: Salamence|Intimidate|boost
|-unboost|p2a: r|atk|1
|move|p2a: r|Roost|p2a: r
|-heal|p2a: r|87/100 brn
|-singleturn|p2a: r|move: Roost
|
|-damage|p2a: r|81/100 brn|[from] brn
|upkeep
|turn|195
|
|t:|1666381090
|move|p1a: Salamence|Dual Wingbeat|p2a: r
|-damage|p2a: r|68/100 brn
|-damage|p2a: r|55/100 brn
|-hitcount|p2a: r|2
|move|p2a: r|Toxic|p1a: Salamence
|-status|p1a: Salamence|tox
|
|-damage|p1a: Salamence|58/100 tox|[from] psn
|-damage|p2a: r|48/100 brn|[from] brn
|upkeep
|turn|196
|
|t:|1666381094
|move|p1a: Salamence|Dual Wingbeat|p2a: r
|-damage|p2a: r|35/100 brn
|-damage|p2a: r|22/100 brn
|-hitcount|p2a: r|2
|move|p2a: r|Roost|p2a: r
|-heal|p2a: r|72/100 brn
|-singleturn|p2a: r|move: Roost
|
|-damage|p1a: Salamence|46/100 tox|[from] psn
|-damage|p2a: r|66/100 brn|[from] brn
|upkeep
|turn|197
|
|t:|1666381099
|switch|p1a: Umbreon|Umbreon, M|87/100
|move|p2a: r|Roost|p2a: r
|-heal|p2a: r|100/100 brn
|-singleturn|p2a: r|move: Roost
|
|-heal|p1a: Umbreon|93/100|[from] item: Leftovers
|-damage|p2a: r|94/100 brn|[from] brn
|upkeep
|turn|198
|
|t:|1666381105
|switch|p1a: Chansey|Chansey, F|78/100
|move|p2a: r|Toxic|p1a: Chansey
|-status|p1a: Chansey|tox
|
|-damage|p1a: Chansey|72/100 tox|[from] psn
|-damage|p2a: r|88/100 brn|[from] brn
|upkeep
|turn|199
|
|t:|1666381110
|switch|p2a: Corsola-Kanye|Chansey, F|57/100
|-curestatus|p1a: Chansey|tox|[from] ability: Natural Cure
|switch|p1a: Quagsire|Quagsire, F|69/100 brn
|
|-heal|p1a: Quagsire|75/100 brn|[from] item: Leftovers
|-damage|p1a: Quagsire|69/100 brn|[from] brn
|upkeep
|turn|200
|c|☆GryphonEx|200 baby
|
|t:|1666381124
|switch|p1a: Chansey|Chansey, F|72/100
|move|p2a: Corsola-Kanye|Seismic Toss|p1a: Chansey
|-damage|p1a: Chansey|58/100
|
|upkeep
|turn|201
|
|t:|1666381131
|move|p1a: Chansey|Seismic Toss|p2a: Corsola-Kanye
|-damage|p2a: Corsola-Kanye|43/100
|move|p2a: Corsola-Kanye|Seismic Toss|p1a: Chansey
|-damage|p1a: Chansey|44/100
|
|upkeep
|turn|202
|
|t:|1666381136
|move|p1a: Chansey|Soft-Boiled|p1a: Chansey
|-heal|p1a: Chansey|94/100
|move|p2a: Corsola-Kanye|Soft-Boiled|p2a: Corsola-Kanye
|-heal|p2a: Corsola-Kanye|93/100
|
|upkeep
|turn|203
|
|t:|1666381147
|switch|p1a: Tangrowth|Tangrowth, M|64/100
|move|p2a: Corsola-Kanye|Seismic Toss|p1a: Tangrowth
|-damage|p1a: Tangrowth|39/100
|
|upkeep
|turn|204
|
|t:|1666381154
|switch|p1a: Chansey|Chansey, F|94/100
|move|p2a: Corsola-Kanye|Teleport|p2a: Corsola-Kanye
|
|t:|1666381158
|switch|p2a: r|Salamence, F|88/100 brn|[from]move: Teleport
|-ability|p2a: r|Intimidate|boost
|-unboost|p1a: Chansey|atk|1
|
|-damage|p2a: r|82/100 brn|[from] brn
|upkeep
|turn|205
|inactive|Fousfull has 120 seconds left.
|
|t:|1666381184
|switch|p2a: Corsola-Kanye|Chansey, F|93/100
|switch|p1a: Umbreon|Umbreon, M|93/100
|
|-heal|p1a: Umbreon|99/100|[from] item: Leftovers
|upkeep
|turn|206
|
|t:|1666381190
|move|p1a: Umbreon|Toxic|p2a: Corsola-Kanye
|-status|p2a: Corsola-Kanye|tox
|move|p2a: Corsola-Kanye|Teleport|p2a: Corsola-Kanye
|
|t:|1666381191
|-curestatus|p2a: Corsola-Kanye|tox|[from] ability: Natural Cure
|switch|p2a: r|Salamence, F|82/100 brn|[from]move: Teleport
|-ability|p2a: r|Intimidate|boost
|-fail|p1a: Umbreon|unboost|Attack|[from] ability: Inner Focus|[of] p1a: Umbreon
|
|-heal|p1a: Umbreon|100/100|[from] item: Leftovers
|-damage|p2a: r|76/100 brn|[from] brn
|upkeep
|turn|207
|inactive|Fousfull has 120 seconds left.
|c|☆GryphonEx|Finally time to take that tie?
|inactive|Fousfull has 90 seconds left.
|
|t:|1666381232
|switch|p2a: Corsola-Kanye|Chansey, F|93/100
|move|p1a: Umbreon|Foul Play|p2a: Corsola-Kanye
|-damage|p2a: Corsola-Kanye|92/100
|
|upkeep
|turn|208
|c|☆Fousfull|Tbg
|c|☆Fousfull|You win this
|c|☆GryphonEx|Nah no way
|inactive|Fousfull has 60 seconds left.
|c|☆Fousfull|Wy are stall samples
|c|☆Fousfull|Suck
|c|☆GryphonEx|Just Don’t aroma and quad solos
|c|☆Fousfull|Iumbreon won
|c|☆GryphonEx|Eventually
|c|☆Fousfull|Ok lets tie
|c|☆Fousfull|I ca' even just forgait
GryphonEx is offering a tie.
|inactive|Fousfull has 30 seconds left.
Fousfull rejected the tie.
|-message|Fousfull forfeited.
|
|win|GryphonEx
|inactive|Fousfull has 25 seconds left this turn.
|raw|Fousfull's rating: 1505 &rarr; <strong>1491</strong><br />(-14 for losing)
|raw|GryphonEx's rating: 1611 &rarr; <strong>1625</strong><br />(+14 for winning)
|c|☆Fousfull|I was trying to prove a point
|c|☆GryphonEx|I’m not sure if this was a fun game but I did have fun
|c|☆GryphonEx|gg
|c|☆Fousfull|Not really to ladder
|c|☆Fousfull|Shit i sunk low
|c|☆GryphonEx|Try toxic over dual maybe?
|c|☆Fousfull|I used the bitch style of teap
|c|☆Fousfull|It from samples
||Ladder isn't responding, score probably updated but might not have (Request timeout).
|c|☆Fousfull|Ik i can build a better one with spikes
|c|☆Fousfull|And a spiner
|l|☆Fousfull
|l|☆GryphonEx
|j|☆GryphonEx
|player|p2|GryphonEx|gardenia
|n|☆GryphonEx|gryphonex
