|j|☆Bonnienite
|j|☆bioche80
|t:|1640801567
|gametype|singles
|player|p1|Bonnienite|lance|1258
|player|p2|bioche80|hugh|1461
|teamsize|p1|6
|teamsize|p2|6
|gen|8
|tier|[Gen 8] UU
|rated|
|rule|Sleep Clause Mod: Limit one foe put to sleep
|rule|Species Clause: Limit one of each Pokémon
|rule|OHKO Clause: OHKO moves are banned
|rule|Evasion Moves Clause: Evasion moves are banned
|rule|Endless Battle Clause: Forcing endless battles is banned
|rule|HP Percentage Mod: HP is shown in percentages
|rule|Dynamax Clause: You cannot dynamax
|clearpoke
|poke|p1|Regieleki|
|poke|p1|Gyarados, M|
|poke|p1|Chansey, F|
|poke|p1|Mandibuzz, F|
|poke|p1|Jirachi|
|poke|p1|Hydreigon, F|
|poke|p2|Swampert, M|
|poke|p2|Darmanitan, F|
|poke|p2|Tapu Bulu|
|poke|p2|Hydreigon, M|
|poke|p2|Nihilego|
|poke|p2|Aegislash, M|
|teampreview
|inactive|Battle timer is ON: inactive players will automatically lose when time's up. (requested by Bonnienite)
|
|t:|1640801588
|start
|switch|p1a: Mia|Jirachi|100/100
|switch|p2a: Darmanitan|Darmanitan, F|100/100
|turn|1
|
|t:|1640801594
|switch|p1a: Bertha|Mandibuzz, F|100/100
|move|p2a: Darmanitan|Flare Blitz|p1a: Bertha
|-crit|p1a: Bertha
|-damage|p1a: Bertha|29/100
|-damage|p2a: Darmanitan|84/100|[from] item: Rocky Helmet|[of] p1a: Bertha
|-damage|p2a: Darmanitan|56/100|[from] Recoil
|
|upkeep
|turn|2
|
|t:|1640801605
|move|p2a: Darmanitan|Flare Blitz|p1a: Bertha
|-damage|p1a: Bertha|0 fnt
|-damage|p2a: Darmanitan|39/100|[from] item: Rocky Helmet|[of] p1a: Bertha
|faint|p1a: Bertha
|-damage|p2a: Darmanitan|28/100|[from] Recoil
|
|upkeep
|
|t:|1640801609
|switch|p1a: Mia|Jirachi|100/100
|turn|3
|
|t:|1640801616
|switch|p2a: Aegislash|Aegislash, M|100/100
|move|p1a: Mia|Zen Headbutt|p2a: Aegislash
|-resisted|p2a: Aegislash
|-damage|p2a: Aegislash|87/100
|
|-heal|p2a: Aegislash|93/100|[from] item: Leftovers
|upkeep
|turn|4
|
|t:|1640801630
|switch|p1a: Hydreigon|Hydreigon, F|100/100
|-formechange|p2a: Aegislash|Aegislash-Blade||[from] ability: Stance Change
|move|p2a: Aegislash|Close Combat|p1a: Hydreigon
|-supereffective|p1a: Hydreigon
|-damage|p1a: Hydreigon|19/100
|-unboost|p2a: Aegislash|def|1
|-unboost|p2a: Aegislash|spd|1
|
|-heal|p2a: Aegislash|99/100|[from] item: Leftovers
|upkeep
|turn|5
|
|t:|1640801645
|-formechange|p2a: Aegislash|Aegislash||[from] ability: Stance Change
|move|p2a: Aegislash|King's Shield|p2a: Aegislash
|-singleturn|p2a: Aegislash|Protect
|move|p1a: Hydreigon|Dark Pulse|p2a: Aegislash
|-activate|p2a: Aegislash|move: Protect
|
|-heal|p2a: Aegislash|100/100|[from] item: Leftovers
|upkeep
|turn|6
|
|t:|1640801656
|switch|p2a: Swampert|Swampert, M|100/100
|move|p1a: Hydreigon|Dark Pulse|p2a: Swampert
|-damage|p2a: Swampert|65/100
|-damage|p1a: Hydreigon|9/100|[from] item: Life Orb
|
|-heal|p2a: Swampert|71/100|[from] item: Leftovers
|upkeep
|turn|7
|
|t:|1640801667
|switch|p1a: Huevo|Chansey, F|100/100
|move|p2a: Swampert|Flip Turn|p1a: Huevo
|-damage|p1a: Huevo|85/100
|
|t:|1640801677
|switch|p2a: Aegislash|Aegislash, M|100/100|[from]move: Flip Turn
|
|upkeep
|turn|8
|
|t:|1640801686
|-formechange|p2a: Aegislash|Aegislash-Blade||[from] ability: Stance Change
|move|p2a: Aegislash|Close Combat|p1a: Huevo
|-supereffective|p1a: Huevo
|-damage|p1a: Huevo|39/100
|-unboost|p2a: Aegislash|def|1
|-unboost|p2a: Aegislash|spd|1
|move|p1a: Huevo|Stealth Rock|p2a: Aegislash
|-sidestart|p2: bioche80|move: Stealth Rock
|
|upkeep
|turn|9
|
|t:|1640801695
|move|p2a: Aegislash|Close Combat|p1a: Huevo
|-supereffective|p1a: Huevo
|-damage|p1a: Huevo|0 fnt
|-unboost|p2a: Aegislash|def|1
|-unboost|p2a: Aegislash|spd|1
|faint|p1a: Huevo
|
|upkeep
|
|t:|1640801696
|switch|p1a: Camaron|Gyarados, M, shiny|100/100
|turn|10
|
|t:|1640801706
|switch|p2a: Tapu Bulu|Tapu Bulu|100/100
|-damage|p2a: Tapu Bulu|88/100|[from] Stealth Rock
|-fieldstart|move: Grassy Terrain|[from] ability: Grassy Surge|[of] p2a: Tapu Bulu
|move|p1a: Camaron|Dragon Dance|p1a: Camaron
|-boost|p1a: Camaron|atk|1
|-boost|p1a: Camaron|spe|1
|
|-heal|p2a: Tapu Bulu|94/100|[from] Grassy Terrain
|upkeep
|turn|11
|
|t:|1640801716
|move|p1a: Camaron|Ice Fang|p2a: Tapu Bulu
|-supereffective|p2a: Tapu Bulu
|-damage|p2a: Tapu Bulu|40/100
|-damage|p1a: Camaron|84/100|[from] item: Rocky Helmet|[of] p2a: Tapu Bulu
|move|p2a: Tapu Bulu|Horn Leech|p1a: Camaron
|-damage|p1a: Camaron|29/100
|-heal|p2a: Tapu Bulu|67/100|[from] drain|[of] p1a: Camaron
|
|-heal|p2a: Tapu Bulu|73/100|[from] Grassy Terrain
|upkeep
|turn|12
|
|t:|1640801726
|move|p1a: Camaron|Ice Fang|p2a: Tapu Bulu
|-supereffective|p2a: Tapu Bulu
|-damage|p2a: Tapu Bulu|11/100
|-damage|p1a: Camaron|12/100|[from] item: Rocky Helmet|[of] p2a: Tapu Bulu
|move|p2a: Tapu Bulu|Horn Leech|p1a: Camaron
|-damage|p1a: Camaron|0 fnt
|-heal|p2a: Tapu Bulu|17/100|[from] drain|[of] p1a: Camaron
|faint|p1a: Camaron
|
|-heal|p2a: Tapu Bulu|23/100|[from] Grassy Terrain
|upkeep
|
|t:|1640801730
|switch|p1a: Mia|Jirachi|100/100
|turn|13
|
|t:|1640801746
|switch|p2a: Aegislash|Aegislash, M|100/100
|-damage|p2a: Aegislash|94/100|[from] Stealth Rock
|move|p1a: Mia|U-turn|p2a: Aegislash
|-resisted|p2a: Aegislash
|-damage|p2a: Aegislash|90/100
|
|t:|1640801749
|switch|p1a: Hydreigon|Hydreigon, F|9/100|[from]move: U-turn
|
|-heal|p2a: Aegislash|96/100|[from] Grassy Terrain
|-heal|p2a: Aegislash|100/100|[from] item: Leftovers
|upkeep
|turn|14
|
|t:|1640801765
|-formechange|p2a: Aegislash|Aegislash-Blade||[from] ability: Stance Change
|move|p2a: Aegislash|Shadow Sneak|p1a: Hydreigon
|-resisted|p1a: Hydreigon
|-damage|p1a: Hydreigon|0 fnt
|faint|p1a: Hydreigon
|
|-fieldend|move: Grassy Terrain
|upkeep
|-message|Bonnienite forfeited.
|
|win|bioche80
|raw|Bonnienite's rating: 1258 &rarr; <strong>1246</strong><br />(-12 for losing)
|raw|bioche80's rating: 1461 &rarr; <strong>1470</strong><br />(+9 for winning)
|l|☆Bonnienite
|c|☆bioche80|lol
||Ladder isn't responding, score probably updated but might not have (Request timeout).
