|j|☆Adrift & Rising
|j|☆Low Ladder Terror
|t:|1606944915
|player|p1|Adrift & Rising|psychic-gen3|
|player|p2|Low Ladder Terror|teamrocket|
|teamsize|p1|6
|teamsize|p2|6
|gametype|singles
|gen|8
|tier|[Gen 8] UU
|rated|Tournament battle
|clearpoke
|poke|p1|Klefki, M|
|poke|p1|Heliolisk, M|
|poke|p1|Scizor, F|
|poke|p1|Kingdra, M|
|poke|p1|Krookodile, F|
|poke|p1|Tornadus, M|
|poke|p2|Blaziken, M|
|poke|p2|Diancie|
|poke|p2|Zeraora|
|poke|p2|Volcanion|
|poke|p2|Mimikyu, M|
|poke|p2|Salamence, M|
|rule|Sleep Clause Mod: Limit one foe put to sleep
|rule|Species Clause: Limit one of each Pokémon
|rule|OHKO Clause: OHKO moves are banned
|rule|Evasion Moves Clause: Evasion moves are banned
|rule|Endless Battle Clause: Forcing endless battles is banned
|rule|HP Percentage Mod: HP is shown in percentages
|rule|Dynamax Clause: You cannot dynamax
|teampreview
|j| sgmkk
|j| Trailblazer324
|j| joefromama
|j| Furaton
|j| Mygrein ⌐㋛_㋡
|inactive|Battle timer is ON: inactive players will automatically lose when time's up. (requested by Low Ladder Terror)
|j| Life Letters
|l| Trailblazer324
|j| Geek Impulse
|c| joefromama|the finals
|c| Furaton|gl
|c| joefromama|gl
|j| am unlucky
|j| 93 mesures
|inactive|Low Ladder Terror has 120 seconds left.
|c| joefromama|fucking kfc in every team lol
|
|t:|1606944957
|start
|switch|p1a: Krookodile|Krookodile, F|100/100
|switch|p2a: Salamence|Salamence, M|100/100
|-ability|p1a: Krookodile|Intimidate|boost
|-unboost|p2a: Salamence|atk|1
|turn|1
|c| joefromama|in ladder
|j| Lycaon01
|j| ReeceHughes
|c| Furaton|ahah
|c| joefromama|hey reece
|j| gb uu alt
|c| ReeceHughes|Kek
|
|t:|1606944986
|move|p2a: Salamence|Outrage|p1a: Krookodile
|-damage|p1a: Krookodile|45/100
|move|p1a: Krookodile|Stealth Rock|p2a: Salamence
|-sidestart|p2: Low Ladder Terror|move: Stealth Rock
|
|upkeep
|turn|2
|c| Furaton|yo reece
|
|t:|1606944992
|switch|p1a: Scizor|Scizor, F|100/100
|move|p2a: Salamence|Outrage|p1a: Scizor|[from]lockedmove
|-resisted|p1a: Scizor
|-damage|p1a: Scizor|78/100
|
|upkeep
|turn|3
|
|t:|1606945000
|move|p2a: Salamence|Outrage|p1a: Scizor|[from]lockedmove
|-resisted|p1a: Scizor
|-damage|p1a: Scizor|53/100
|-start|p2a: Salamence|confusion|[fatigue]
|move|p1a: Scizor|Swords Dance|p1a: Scizor
|-boost|p1a: Scizor|atk|2
|
|upkeep
|turn|4
|j| BigDannyMason
|j| Mikirae
|l| Lycaon01
|inactive|Low Ladder Terror has 120 seconds left.
|
|t:|1606945034
|-activate|p2a: Salamence|confusion
|move|p2a: Salamence|Outrage|p1a: Scizor
|-resisted|p1a: Scizor
|-damage|p1a: Scizor|31/100
|move|p1a: Scizor|Superpower|p2a: Salamence
|-resisted|p2a: Salamence
|-damage|p2a: Salamence|43/100
|-unboost|p1a: Scizor|atk|1
|-unboost|p1a: Scizor|def|1
|
|upkeep
|turn|5
|
|t:|1606945039
|move|p1a: Scizor|Bullet Punch|p2a: Salamence
|-damage|p2a: Salamence|0 fnt
|faint|p2a: Salamence
|
|upkeep
|j| uvhuj
|
|t:|1606945048
|switch|p2a: Blaziken|Blaziken, M|100/100
|-damage|p2a: Blaziken|88/100|[from] Stealth Rock
|turn|6
|
|t:|1606945058
|move|p1a: Scizor|Bullet Punch|p2a: Blaziken
|-resisted|p2a: Blaziken
|-damage|p2a: Blaziken|43/100
|move|p2a: Blaziken|Close Combat|p1a: Scizor
|-damage|p1a: Scizor|0 fnt
|-unboost|p2a: Blaziken|def|1
|-unboost|p2a: Blaziken|spd|1
|faint|p1a: Scizor
|
|-ability|p2a: Blaziken|Speed Boost|boost
|-boost|p2a: Blaziken|spe|1
|upkeep
|
|t:|1606945063
|switch|p1a: Tornadus|Tornadus, M|100/100
|turn|7
|
|t:|1606945066
|move|p1a: Tornadus|Rain Dance|p1a: Tornadus
|-weather|RainDance
|move|p2a: Blaziken|Close Combat|p1a: Tornadus
|-resisted|p1a: Tornadus
|-damage|p1a: Tornadus|22/100
|-unboost|p2a: Blaziken|def|1
|-unboost|p2a: Blaziken|spd|1
|
|-weather|RainDance|[upkeep]
|-ability|p2a: Blaziken|Speed Boost|boost
|-boost|p2a: Blaziken|spe|1
|upkeep
|turn|8
|l| ReeceHughes
|
|t:|1606945078
|switch|p1a: Krookodile|Krookodile, F|45/100
|-ability|p1a: Krookodile|Intimidate|boost
|-unboost|p2a: Blaziken|atk|1
|move|p2a: Blaziken|Close Combat|p1a: Krookodile
|-supereffective|p1a: Krookodile
|-damage|p1a: Krookodile|0 fnt
|-unboost|p2a: Blaziken|def|1
|-unboost|p2a: Blaziken|spd|1
|faint|p1a: Krookodile
|
|-weather|RainDance|[upkeep]
|-ability|p2a: Blaziken|Speed Boost|boost
|-boost|p2a: Blaziken|spe|1
|upkeep
|
|t:|1606945080
|switch|p1a: Kingdra|Kingdra, M|100/100
|turn|9
|c| joefromama|wow kfc so broken
|
|t:|1606945087
|move|p2a: Blaziken|Close Combat|p1a: Kingdra
|-crit|p1a: Kingdra
|-damage|p1a: Kingdra|0 fnt
|-unboost|p2a: Blaziken|def|1
|-unboost|p2a: Blaziken|spd|1
|faint|p1a: Kingdra
|
|-weather|RainDance|[upkeep]
|-ability|p2a: Blaziken|Speed Boost|boost
|-boost|p2a: Blaziken|spe|1
|upkeep
|c| Life Letters|meh
|c|☆Adrift & Rising|Aight
|c| joefromama|look it ssweeping
|
|t:|1606945099
|switch|p1a: Klefki|Klefki, M|100/100
|turn|10
|c|☆Low Ladder Terror|i think mimikyu won tho of kingdra took the hot
|c|☆Low Ladder Terror|hit*
|c|☆Low Ladder Terror|still sucks tho
|j| heirloomz
|
|t:|1606945127
|move|p2a: Blaziken|Close Combat|p1a: Klefki
|-damage|p1a: Klefki|39/100
|-unboost|p2a: Blaziken|def|1
|-unboost|p2a: Blaziken|spd|1
|move|p1a: Klefki|Foul Play|p2a: Blaziken
|-resisted|p2a: Blaziken
|-damage|p2a: Blaziken|0 fnt
|faint|p2a: Blaziken
|
|-weather|RainDance|[upkeep]
|upkeep
|c|☆Adrift & Rising|w/e
|
|t:|1606945140
|switch|p2a: Volcanion|Volcanion|100/100
|turn|11
|
|t:|1606945156
|move|p1a: Klefki|Thunder Wave|p2a: Volcanion
|-status|p2a: Volcanion|par
|move|p2a: Volcanion|Flamethrower|p1a: Klefki
|-supereffective|p1a: Klefki
|-damage|p1a: Klefki|0 fnt
|faint|p1a: Klefki
|
|-weather|RainDance|[upkeep]
|upkeep
|
|t:|1606945158
|switch|p1a: Heliolisk|Heliolisk, M|100/100
|turn|12
|
|t:|1606945166
|move|p1a: Heliolisk|Thunder|p2a: Volcanion
|-supereffective|p2a: Volcanion
|-damage|p2a: Volcanion|0 fnt
|-damage|p1a: Heliolisk|91/100|[from] item: Life Orb
|faint|p2a: Volcanion
|
|-weather|RainDance|[upkeep]
|-heal|p1a: Heliolisk|100/100|[from] ability: Dry Skin
|upkeep
|
|t:|1606945169
|switch|p2a: Zeraora|Zeraora|100/100
|turn|13
|j| Metool B
|
|t:|1606945179
|move|p2a: Zeraora|Close Combat|p1a: Heliolisk
|-supereffective|p1a: Heliolisk
|-damage|p1a: Heliolisk|0 fnt
|-unboost|p2a: Zeraora|def|1
|-unboost|p2a: Zeraora|spd|1
|faint|p1a: Heliolisk
|
|-weather|RainDance|[upkeep]
|upkeep
|
|t:|1606945181
|switch|p1a: Tornadus|Tornadus, M|22/100
|turn|14
|l| Life Letters
|-message|Adrift & Rising forfeited.
|
|win|Low Ladder Terror
|n|☆Adrift & Rising|adriftrising
|n|☆Low Ladder Terror|lowladderterror
|n| sgmkk|sgmkk
|n| joefromama|joefromama
|n| Furaton|furaton
|n| Mygrein ⌐㋛_㋡|mygrein
|n| Geek Impulse|geekimpulse
|n| am unlucky|amunlucky
|n| 93 mesures|93mesures
|n| gb uu alt|gbuualt
|n| BigDannyMason|bigdannymason
|n| Mikirae|mikirae
|n| uvhuj|uvhuj
|n| heirloomz|heirloomz
|n| Metool B|metoolb
