|j|☆Drachoberherr
|j|☆Liz Angeles
|t:|1667137254
|gametype|singles
|player|p1|Drachoberherr|265|1435
|player|p2|Liz Angeles|marley|1669
|teamsize|p1|6
|teamsize|p2|6
|gen|8
|tier|[Gen 8] UU
|rated|
|rule|Sleep Clause Mod: Limit one foe put to sleep
|rule|Species Clause: Limit one of each Pokémon
|rule|OHKO Clause: OHKO moves are banned
|rule|Evasion Items Clause: Evasion items are banned
|rule|Evasion Moves Clause: Evasion moves are banned
|rule|Endless Battle Clause: Forcing endless battles is banned
|rule|HP Percentage Mod: HP is shown in percentages
|rule|Dynamax Clause: You cannot dynamax
|clearpoke
|poke|p1|Torkoal, M|
|poke|p1|Darmanitan, F|
|poke|p1|Venusaur, M|
|poke|p1|Swampert, F|
|poke|p1|Salamence, F|
|poke|p1|Raikou|
|poke|p2|Nidoqueen, F|
|poke|p2|Mandibuzz, F|
|poke|p2|Scizor, M|
|poke|p2|Azelf|
|poke|p2|Noivern, M|
|poke|p2|Keldeo-Resolute|
|teampreview
|inactive|Battle timer is ON: inactive players will automatically lose when time's up. (requested by Drachoberherr)
|
|t:|1667137274
|start
|switch|p1a: Raikou|Raikou|100/100
|switch|p2a: Noivern|Noivern, M|100/100
|-item|p1a: Raikou|Choice Specs|[from] ability: Frisk|[of] p2a: Noivern|[identify]
|-ability|p1a: Raikou|Pressure
|turn|1
|
|t:|1667137279
|move|p2a: Noivern|U-turn|p1a: Raikou
|-damage|p1a: Raikou|87/100
|
|t:|1667137287
|switch|p2a: Scizor|Scizor, M|100/100|[from]move: U-turn
|move|p1a: Raikou|Volt Switch|p2a: Scizor
|-crit|p2a: Scizor
|-damage|p2a: Scizor|9/100
|
|t:|1667137292
|switch|p1a: Torkoal|Torkoal, M, shiny|100/100|[from]move: Volt Switch
|-weather|SunnyDay|[from] ability: Drought|[of] p1a: Torkoal
|
|-weather|SunnyDay|[upkeep]
|upkeep
|turn|2
|
|t:|1667137296
|move|p2a: Scizor|U-turn|p1a: Torkoal
|-resisted|p1a: Torkoal
|-damage|p1a: Torkoal|91/100
|
|t:|1667137300
|switch|p2a: Nidoqueen|Nidoqueen, F|100/100|[from]move: U-turn
|move|p1a: Torkoal|Stealth Rock|p2a: Nidoqueen
|-sidestart|p2: Liz Angeles|move: Stealth Rock
|
|-weather|SunnyDay|[upkeep]
|upkeep
|turn|3
|
|t:|1667137307
|switch|p1a: Swampert|Swampert, F, shiny|100/100
|move|p2a: Nidoqueen|Earth Power|p1a: Swampert
|-damage|p1a: Swampert|62/100
|
|-weather|SunnyDay|[upkeep]
|-heal|p1a: Swampert|68/100|[from] item: Leftovers
|upkeep
|turn|4
|
|t:|1667137318
|switch|p2a: Noivern|Noivern, M|100/100
|-item|p1a: Swampert|Leftovers|[from] ability: Frisk|[of] p2a: Noivern|[identify]
|move|p1a: Swampert|Flip Turn|p2a: Noivern
|-resisted|p2a: Noivern
|-damage|p2a: Noivern|94/100
|inactive|Drachoberherr has 120 seconds left.
|
|t:|1667137344
|switch|p1a: Darmanitan|Darmanitan, F, shiny|100/100|[from]move: Flip Turn
|
|-weather|SunnyDay|[upkeep]
|upkeep
|turn|5
|j| amogusroxyrrrr
|
|t:|1667137359
|move|p1a: Darmanitan|Flare Blitz|p2a: Noivern
|-resisted|p2a: Noivern
|-damage|p2a: Noivern|9/100
|-damage|p1a: Darmanitan|76/100|[from] Recoil
|move|p2a: Noivern|Draco Meteor|p1a: Darmanitan
|-damage|p1a: Darmanitan|0 fnt
|-unboost|p2a: Noivern|spa|2
|faint|p1a: Darmanitan
|
|-weather|SunnyDay|[upkeep]
|upkeep
|
|t:|1667137368
|switch|p1a: Venusaur|Venusaur, M, shiny|100/100
|turn|6
|
|t:|1667137372
|move|p1a: Venusaur|Growth|p1a: Venusaur
|-boost|p1a: Venusaur|atk|2
|-boost|p1a: Venusaur|spa|2
|move|p2a: Noivern|Flamethrower|p1a: Venusaur
|-supereffective|p1a: Venusaur
|-damage|p1a: Venusaur|55/100
|
|-weather|SunnyDay|[upkeep]
|upkeep
|turn|7
|
|t:|1667137378
|move|p1a: Venusaur|Giga Drain|p2a: Noivern
|-resisted|p2a: Noivern
|-damage|p2a: Noivern|0 fnt
|-heal|p1a: Venusaur|60/100|[from] drain|[of] p2a: Noivern
|faint|p2a: Noivern
|-damage|p1a: Venusaur|50/100|[from] item: Life Orb
|
|-weather|SunnyDay|[upkeep]
|upkeep
|
|t:|1667137380
|switch|p2a: Scizor|Scizor, M|9/100
|turn|8
|
|t:|1667137389
|switch|p1a: Swampert|Swampert, F, shiny|68/100
|move|p2a: Scizor|Bullet Punch|p1a: Swampert
|-resisted|p1a: Swampert
|-damage|p1a: Swampert|54/100
|
|-weather|none
|-heal|p1a: Swampert|60/100|[from] item: Leftovers
|upkeep
|turn|9
|
|t:|1667137396
|move|p2a: Scizor|U-turn|p1a: Swampert
|-damage|p1a: Swampert|27/100
|
|t:|1667137403
|switch|p2a: Mandibuzz|Mandibuzz, F|100/100|[from]move: U-turn
|move|p1a: Swampert|Flip Turn|p2a: Mandibuzz
|-damage|p2a: Mandibuzz|86/100
|
|t:|1667137416
|switch|p1a: Raikou|Raikou|87/100|[from]move: Flip Turn
|-ability|p1a: Raikou|Pressure
|
|upkeep
|turn|10
|
|t:|1667137428
|switch|p1a: Torkoal|Torkoal, M, shiny|91/100
|-weather|SunnyDay|[from] ability: Drought|[of] p1a: Torkoal
|move|p2a: Mandibuzz|U-turn|p1a: Torkoal
|-resisted|p1a: Torkoal
|-damage|p1a: Torkoal|89/100
|
|t:|1667137431
|switch|p2a: Nidoqueen|Nidoqueen, F|100/100|[from]move: U-turn
|-damage|p2a: Nidoqueen|94/100|[from] Stealth Rock
|
|-weather|SunnyDay|[upkeep]
|upkeep
|turn|11
|
|t:|1667137448
|switch|p1a: Swampert|Swampert, F, shiny|27/100
|move|p2a: Nidoqueen|Stealth Rock|p1a: Swampert
|-sidestart|p1: Drachoberherr|move: Stealth Rock
|
|-weather|SunnyDay|[upkeep]
|-heal|p1a: Swampert|33/100|[from] item: Leftovers
|upkeep
|turn|12
|
|t:|1667137456
|move|p2a: Nidoqueen|Earth Power|p1a: Swampert
|-damage|p1a: Swampert|0 fnt
|faint|p1a: Swampert
|
|-weather|SunnyDay|[upkeep]
|upkeep
|
|t:|1667137480
|switch|p1a: Salamence|Salamence, F|100/100
|-damage|p1a: Salamence|76/100|[from] Stealth Rock
|turn|13
|
|t:|1667137488
|move|p1a: Salamence|Earthquake|p2a: Nidoqueen
|-supereffective|p2a: Nidoqueen
|-damage|p2a: Nidoqueen|11/100
|move|p2a: Nidoqueen|Sludge Wave|p1a: Salamence
|-damage|p1a: Salamence|0 fnt
|faint|p1a: Salamence
|
|-weather|SunnyDay|[upkeep]
|upkeep
|inactive|Drachoberherr has 120 seconds left.
|
|t:|1667137506
|switch|p1a: Venusaur|Venusaur, M, shiny|50/100
|-damage|p1a: Venusaur|38/100|[from] Stealth Rock
|turn|14
|
|t:|1667137511
|switch|p2a: Mandibuzz|Mandibuzz, F|86/100
|move|p1a: Venusaur|Giga Drain|p2a: Mandibuzz
|-resisted|p2a: Mandibuzz
|-damage|p2a: Mandibuzz|67/100
|-heal|p1a: Venusaur|51/100|[from] drain|[of] p2a: Mandibuzz
|-damage|p1a: Venusaur|41/100|[from] item: Life Orb
|
|-weather|SunnyDay|[upkeep]
|upkeep
|turn|15
|
|t:|1667137516
|move|p1a: Venusaur|Growth|p1a: Venusaur
|-boost|p1a: Venusaur|atk|2
|-boost|p1a: Venusaur|spa|2
|move|p2a: Mandibuzz|U-turn|p1a: Venusaur
|-damage|p1a: Venusaur|27/100
|
|t:|1667137519
|switch|p2a: Scizor|Scizor, M|9/100|[from]move: U-turn
|
|-weather|SunnyDay|[upkeep]
|upkeep
|turn|16
|
|t:|1667137525
|switch|p1a: Raikou|Raikou|87/100
|-damage|p1a: Raikou|74/100|[from] Stealth Rock
|-ability|p1a: Raikou|Pressure
|move|p2a: Scizor|Bullet Punch|p1a: Raikou
|-resisted|p1a: Raikou
|-damage|p1a: Raikou|54/100
|
|-weather|SunnyDay|[upkeep]
|upkeep
|turn|17
|j| entourloupe
|
|t:|1667137534
|move|p2a: Scizor|Bullet Punch|p1a: Raikou
|-resisted|p1a: Raikou
|-damage|p1a: Raikou|34/100
|move|p1a: Raikou|Weather Ball|p2a: Scizor
|-supereffective|p2a: Scizor
|-damage|p2a: Scizor|0 fnt
|faint|p2a: Scizor
|
|-weather|none
|upkeep
|
|t:|1667137539
|switch|p2a: Azelf|Azelf|100/100
|turn|18
|
|t:|1667137543
|switch|p1a: Torkoal|Torkoal, M, shiny|89/100
|-damage|p1a: Torkoal|64/100|[from] Stealth Rock
|-weather|SunnyDay|[from] ability: Drought|[of] p1a: Torkoal
|move|p2a: Azelf|Psychic|p1a: Torkoal
|-damage|p1a: Torkoal|7/100
|
|-weather|SunnyDay|[upkeep]
|upkeep
|turn|19
|
|t:|1667137551
|move|p2a: Azelf|U-turn|p1a: Torkoal
|-resisted|p1a: Torkoal
|-damage|p1a: Torkoal|2/100
|
|t:|1667137554
|switch|p2a: Mandibuzz|Mandibuzz, F|67/100|[from]move: U-turn
|move|p1a: Torkoal|Rapid Spin|p2a: Mandibuzz
|-damage|p2a: Mandibuzz|61/100
|-boost|p1a: Torkoal|spe|1
|-sideend|p1: Drachoberherr|Stealth Rock|[from] move: Rapid Spin|[of] p1a: Torkoal
|
|-weather|SunnyDay|[upkeep]
|upkeep
|turn|20
|
|t:|1667137564
|move|p2a: Mandibuzz|Foul Play|p1a: Torkoal
|-damage|p1a: Torkoal|0 fnt
|faint|p1a: Torkoal
|
|-weather|SunnyDay|[upkeep]
|upkeep
|
|t:|1667137583
|switch|p1a: Raikou|Raikou|34/100
|-ability|p1a: Raikou|Pressure
|turn|21
|
|t:|1667137586
|switch|p2a: Keldeo|Keldeo-Resolute|100/100
|-damage|p2a: Keldeo|94/100|[from] Stealth Rock
|move|p1a: Raikou|Weather Ball|p2a: Keldeo
|-resisted|p2a: Keldeo
|-damage|p2a: Keldeo|53/100
|
|-weather|SunnyDay|[upkeep]
|upkeep
|turn|22
|
|t:|1667137597
|move|p1a: Raikou|Weather Ball|p2a: Keldeo
|-resisted|p2a: Keldeo
|-damage|p2a: Keldeo|10/100
|move|p2a: Keldeo|Secret Sword|p1a: Raikou
|-damage|p1a: Raikou|0 fnt
|faint|p1a: Raikou
|
|-weather|SunnyDay|[upkeep]
|upkeep
|
|t:|1667137600
|switch|p1a: Venusaur|Venusaur, M, shiny|27/100
|turn|23
|
|t:|1667137606
|move|p1a: Venusaur|Giga Drain|p2a: Keldeo
|-supereffective|p2a: Keldeo
|-damage|p2a: Keldeo|0 fnt
|-heal|p1a: Venusaur|33/100|[from] drain|[of] p2a: Keldeo
|faint|p2a: Keldeo
|-damage|p1a: Venusaur|23/100|[from] item: Life Orb
|
|-weather|SunnyDay|[upkeep]
|upkeep
|
|t:|1667137609
|switch|p2a: Mandibuzz|Mandibuzz, F|61/100
|turn|24
|
|t:|1667137615
|move|p1a: Venusaur|Weather Ball|p2a: Mandibuzz
|-crit|p2a: Mandibuzz
|-damage|p2a: Mandibuzz|0 fnt
|faint|p2a: Mandibuzz
|-damage|p1a: Venusaur|13/100|[from] item: Life Orb
|
|-weather|SunnyDay|[upkeep]
|upkeep
|
|t:|1667137625
|switch|p2a: Nidoqueen|Nidoqueen, F|11/100
|-damage|p2a: Nidoqueen|5/100|[from] Stealth Rock
|turn|25
|-message|Drachoberherr forfeited.
|
|win|Liz Angeles
|raw|Drachoberherr's rating: 1435 &rarr; <strong>1427</strong><br />(-8 for losing)
|raw|Liz Angeles's rating: 1669 &rarr; <strong>1677</strong><br />(+8 for winning)
|l|☆Drachoberherr
|l| entourloupe
|l| amogusroxyrrrr
||Ladder isn't responding, score probably updated but might not have (Request timeout).
