|j|☆RIZ LA VIE
|j|☆sexybucks
|player|p1|RIZ LA VIE|erika-gen2|1359
|player|p2|sexybucks|brycen|1141
|teamsize|p1|6
|teamsize|p2|6
|gametype|singles
|gen|8
|tier|[Gen 8] UU
|rated|
|clearpoke
|poke|p1|Pelipper, M|
|poke|p1|Drednaw, M|
|poke|p1|Noivern, F|
|poke|p1|Heliolisk, F|
|poke|p1|Keldeo-Resolute|
|poke|p1|Copperajah, M|
|poke|p2|Darmanitan, M|
|poke|p2|Torkoal, F|
|poke|p2|Charizard, M|
|poke|p2|Necrozma|
|poke|p2|Shiftry, M|
|poke|p2|Xatu, F|
|rule|Sleep Clause Mod: Limit one foe put to sleep
|rule|Species Clause: Limit one of each Pokémon
|rule|OHKO Clause: OHKO moves are banned
|rule|Evasion Moves Clause: Evasion moves are banned
|rule|Endless Battle Clause: Forcing endless battles is banned
|rule|HP Percentage Mod: HP is shown in percentages
|rule|Dynamax Clause: You cannot dynamax
|teampreview
|inactive|Battle timer is ON: inactive players will automatically lose when time's up. (requested by sexybucks)
|
|start
|switch|p1a: Noivern|Noivern, F|100/100
|switch|p2a: Darmanitan|Darmanitan, M|100/100
|turn|1
|
|move|p2a: Darmanitan|Rock Slide|p1a: Noivern
|-supereffective|p1a: Noivern
|-damage|p1a: Noivern|8/100
|move|p1a: Noivern|Draco Meteor|p2a: Darmanitan
|-damage|p2a: Darmanitan|11/100
|-unboost|p1a: Noivern|spa|2
|
|upkeep
|turn|2
|
|switch|p1a: Copperajah|Copperajah, M|100/100
|move|p2a: Darmanitan|Rock Slide|p1a: Copperajah
|-resisted|p1a: Copperajah
|-damage|p1a: Copperajah|80/100
|
|-heal|p1a: Copperajah|87/100|[from] item: Leftovers
|upkeep
|turn|3
|
|switch|p2a: Xatu|Xatu, F|100/100
|move|p1a: Copperajah|Stealth Rock|p2a: Xatu
|move|p2a: Xatu|Stealth Rock|p1a: Copperajah|[from]Magic Bounce
|-sidestart|p1: RIZ LA VIE|move: Stealth Rock
|
|-heal|p1a: Copperajah|93/100|[from] item: Leftovers
|upkeep
|turn|4
|
|move|p2a: Xatu|Reflect|p2a: Xatu
|-sidestart|p2: sexybucks|Reflect
|move|p1a: Copperajah|Heavy Slam|p2a: Xatu
|-damage|p2a: Xatu|72/100
|
|-heal|p1a: Copperajah|99/100|[from] item: Leftovers
|upkeep
|turn|5
|
|switch|p1a: Noivern|Noivern, F|8/100
|move|p2a: Xatu|Roost|p2a: Xatu
|-heal|p2a: Xatu|100/100
|-singleturn|p2a: Xatu|move: Roost
|
|upkeep
|turn|6
|
|move|p1a: Noivern|Defog|p2a: Xatu
|move|p2a: Xatu|Defog|p1a: Noivern|[from]Magic Bounce
|-unboost|p1a: Noivern|evasion|1
|-sideend|p1: RIZ LA VIE|Stealth Rock|[from] move: Defog|[of] p2a: Xatu
|move|p2a: Xatu|Teleport|p2a: Xatu
|
|switch|p2a: Darmanitan|Darmanitan, M|11/100|[from]move: Teleport
|
|upkeep
|turn|7
|
|switch|p1a: Pelipper|Pelipper, M|100/100
|-weather|RainDance|[from] ability: Drizzle|[of] p1a: Pelipper
|move|p2a: Darmanitan|U-turn|p1a: Pelipper
|-resisted|p1a: Pelipper
|-damage|p1a: Pelipper|82/100
|
|switch|p2a: Torkoal|Torkoal, F|100/100|[from]move: U-turn
|-weather|SunnyDay|[from] ability: Drought|[of] p2a: Torkoal
|
|-weather|SunnyDay|[upkeep]
|upkeep
|turn|8
|
|move|p1a: Pelipper|U-turn|p2a: Torkoal
|-resisted|p2a: Torkoal
|-damage|p2a: Torkoal|99/100
|
|switch|p1a: Noivern|Noivern, F|8/100|[from]move: U-turn
|move|p2a: Torkoal|Stealth Rock|p1a: Noivern
|-sidestart|p1: RIZ LA VIE|move: Stealth Rock
|
|-weather|SunnyDay|[upkeep]
|upkeep
|turn|9
|
|move|p1a: Noivern|Defog|p2a: Torkoal
|-unboost|p2a: Torkoal|evasion|1
|-sideend|p2: sexybucks|Reflect
|-sideend|p1: RIZ LA VIE|Stealth Rock|[from] move: Defog|[of] p1a: Noivern
|move|p2a: Torkoal|Lava Plume|p1a: Noivern
|-resisted|p1a: Noivern
|-damage|p1a: Noivern|0 fnt
|faint|p1a: Noivern
|
|-weather|SunnyDay|[upkeep]
|upkeep
|
|switch|p1a: Pelipper|Pelipper, M|82/100
|-weather|RainDance|[from] ability: Drizzle|[of] p1a: Pelipper
|turn|10
|
|switch|p2a: Shiftry|Shiftry, M|100/100
|move|p1a: Pelipper|Scald|p2a: Shiftry
|-resisted|p2a: Shiftry
|-damage|p2a: Shiftry|60/100
|
|-weather|RainDance|[upkeep]
|upkeep
|turn|11
|
|switch|p2a: Torkoal|Torkoal, F|99/100
|-weather|SunnyDay|[from] ability: Drought|[of] p2a: Torkoal
|move|p1a: Pelipper|Hurricane|p2a: Torkoal|[miss]
|-miss|p1a: Pelipper|p2a: Torkoal
|
|-weather|SunnyDay|[upkeep]
|upkeep
|turn|12
|
|move|p1a: Pelipper|Scald|p2a: Torkoal
|-supereffective|p2a: Torkoal
|-damage|p2a: Torkoal|53/100
|move|p2a: Torkoal|Stealth Rock|p1a: Pelipper
|-sidestart|p1: RIZ LA VIE|move: Stealth Rock
|
|-weather|SunnyDay|[upkeep]
|upkeep
|turn|13
|
|switch|p2a: Xatu|Xatu, F|100/100
|move|p1a: Pelipper|Scald|p2a: Xatu
|-damage|p2a: Xatu|79/100
|
|-weather|SunnyDay|[upkeep]
|upkeep
|turn|14
|
|move|p1a: Pelipper|U-turn|p2a: Xatu
|-damage|p2a: Xatu|72/100
|
|switch|p1a: Heliolisk|Heliolisk, F|100/100|[from]move: U-turn
|-damage|p1a: Heliolisk|88/100|[from] Stealth Rock
|move|p2a: Xatu|Teleport|p2a: Xatu
|
|switch|p2a: Shiftry|Shiftry, M|60/100|[from]move: Teleport
|
|-weather|SunnyDay|[upkeep]
|-damage|p1a: Heliolisk|76/100|[from] ability: Dry Skin|[of] p1a: Heliolisk
|upkeep
|turn|15
|
|switch|p1a: Pelipper|Pelipper, M|82/100
|-damage|p1a: Pelipper|57/100|[from] Stealth Rock
|-weather|RainDance|[from] ability: Drizzle|[of] p1a: Pelipper
|move|p2a: Shiftry|Leaf Storm|p1a: Pelipper
|-damage|p1a: Pelipper|0 fnt
|-unboost|p2a: Shiftry|spa|2
|-damage|p2a: Shiftry|50/100|[from] item: Life Orb
|faint|p1a: Pelipper
|
|-weather|RainDance|[upkeep]
|upkeep
|
|switch|p1a: Keldeo|Keldeo-Resolute|100/100
|-damage|p1a: Keldeo|94/100|[from] Stealth Rock
|turn|16
|
|switch|p2a: Torkoal|Torkoal, F|53/100
|-weather|SunnyDay|[from] ability: Drought|[of] p2a: Torkoal
|move|p1a: Keldeo|Surf|p2a: Torkoal
|-supereffective|p2a: Torkoal
|-damage|p2a: Torkoal|0 fnt
|faint|p2a: Torkoal
|
|-weather|SunnyDay|[upkeep]
|upkeep
|-message|RIZ LA VIE forfeited.
|
|win|sexybucks
|l|☆RIZ LA VIE
|raw|RIZ LA VIE's rating: 1360 &rarr; <strong>1329</strong><br />(-31 for losing)
|raw|sexybucks's rating: 1141 &rarr; <strong>1180</strong><br />(+39 for winning)
