|j|☆UU baz
|j|☆Lnua
|player|p1|UU baz|ltsurge|1584
|player|p2|Lnua|misty-gen2|1375
|teamsize|p1|6
|teamsize|p2|6
|gametype|singles
|gen|8
|tier|[Gen 8] UU
|rated|
|clearpoke
|poke|p1|Sylveon, F|
|poke|p1|Gigalith, F|
|poke|p1|Noivern, M|
|poke|p1|Pangoro, F|
|poke|p1|Inteleon, M|
|poke|p1|Haxorus, F|
|poke|p2|Noivern, M|
|poke|p2|Rhyperior, F|
|poke|p2|Sylveon, F|
|poke|p2|Reuniclus, F|
|poke|p2|Milotic, F|
|poke|p2|Cobalion|
|rule|Sleep Clause Mod: Limit one foe put to sleep
|rule|Species Clause: Limit one of each Pokémon
|rule|OHKO Clause: OHKO moves are banned
|rule|Evasion Moves Clause: Evasion moves are banned
|rule|Endless Battle Clause: Forcing endless battles is banned
|rule|HP Percentage Mod: HP is shown in percentages
|rule|Dynamax Clause: You cannot dynamax
|teampreview
|
|start
|switch|p1a: Sylveon|Sylveon, F|100/100
|switch|p2a: Cobalion|Cobalion|100/100
|turn|1
|
|move|p2a: Cobalion|Iron Head|p1a: Sylveon
|-supereffective|p1a: Sylveon
|-damage|p1a: Sylveon|6/100
|move|p1a: Sylveon|Hyper Voice|p2a: Cobalion
|-damage|p2a: Cobalion|0 fnt
|faint|p2a: Cobalion
|
|upkeep
|
|switch|p2a: Noivern|Noivern, M|100/100
|-item|p1a: Sylveon|Choice Specs|[from] ability: Frisk|[of] p2a: Noivern|[identify]
|turn|2
|
|switch|p1a: Gigalith|Gigalith, F|100/100
|-weather|Sandstorm|[from] ability: Sand Stream|[of] p1a: Gigalith
|move|p2a: Noivern|Flamethrower|p1a: Gigalith
|-resisted|p1a: Gigalith
|-damage|p1a: Gigalith|94/100
|
|-weather|Sandstorm|[upkeep]
|-damage|p2a: Noivern|94/100|[from] Sandstorm
|-heal|p1a: Gigalith|99/100|[from] item: Leftovers
|upkeep
|turn|3
|
|switch|p2a: Rhyperior|Rhyperior, F|100/100
|move|p1a: Gigalith|Toxic|p2a: Rhyperior
|-status|p2a: Rhyperior|tox
|
|-weather|Sandstorm|[upkeep]
|-heal|p1a: Gigalith|100/100|[from] item: Leftovers
|-damage|p2a: Rhyperior|94/100 tox|[from] psn
|upkeep
|turn|4
|
|move|p2a: Rhyperior|Stealth Rock|p1a: Gigalith
|-sidestart|p1: UU baz|move: Stealth Rock
|move|p1a: Gigalith|Stealth Rock|p2a: Rhyperior
|-sidestart|p2: Lnua|move: Stealth Rock
|
|-weather|Sandstorm|[upkeep]
|-heal|p2a: Rhyperior|100/100 tox|[from] item: Leftovers
|-damage|p2a: Rhyperior|88/100 tox|[from] psn
|upkeep
|turn|5
|
|move|p1a: Gigalith|Protect|p1a: Gigalith
|-singleturn|p1a: Gigalith|Protect
|move|p2a: Rhyperior|Toxic|p1a: Gigalith
|-activate|p1a: Gigalith|move: Protect
|
|-weather|Sandstorm|[upkeep]
|-heal|p2a: Rhyperior|94/100 tox|[from] item: Leftovers
|-damage|p2a: Rhyperior|76/100 tox|[from] psn
|upkeep
|turn|6
|
|switch|p1a: Noivern|Noivern, M|100/100
|move|p2a: Rhyperior|Earthquake|p1a: Noivern
|-immune|p1a: Noivern
|
|-weather|none
|-heal|p2a: Rhyperior|82/100 tox|[from] item: Leftovers
|-damage|p2a: Rhyperior|57/100 tox|[from] psn
|upkeep
|turn|7
|
|switch|p2a: yawn|Sylveon, F|100/100
|-damage|p2a: yawn|88/100|[from] Stealth Rock
|move|p1a: Noivern|Draco Meteor|p2a: yawn
|-immune|p2a: yawn
|
|-heal|p2a: yawn|94/100|[from] item: Leftovers
|upkeep
|turn|8
|
|move|p1a: Noivern|Defog|p2a: yawn
|-unboost|p2a: yawn|evasion|1
|-sideend|p2: Lnua|Stealth Rock|[from] move: Defog|[of] p1a: Noivern
|-sideend|p1: UU baz|Stealth Rock|[from] move: Defog|[of] p1a: Noivern
|move|p2a: yawn|Calm Mind|p2a: yawn
|-boost|p2a: yawn|spa|1
|-boost|p2a: yawn|spd|1
|
|-heal|p2a: yawn|99/100|[from] item: Leftovers
|upkeep
|turn|9
|j| Galacman
|
|switch|p1a: Gigalith|Gigalith, F|100/100
|-weather|Sandstorm|[from] ability: Sand Stream|[of] p1a: Gigalith
|move|p2a: yawn|Calm Mind|p2a: yawn
|-boost|p2a: yawn|spa|1
|-boost|p2a: yawn|spd|1
|
|-weather|Sandstorm|[upkeep]
|-damage|p2a: yawn|94/100|[from] Sandstorm
|-heal|p2a: yawn|99/100|[from] item: Leftovers
|upkeep
|turn|10
|
|move|p2a: yawn|Calm Mind|p2a: yawn
|-boost|p2a: yawn|spa|1
|-boost|p2a: yawn|spd|1
|move|p1a: Gigalith|Toxic|p2a: yawn
|-status|p2a: yawn|tox
|
|-weather|Sandstorm|[upkeep]
|-damage|p2a: yawn|94/100 tox|[from] Sandstorm
|-heal|p2a: yawn|99/100 tox|[from] item: Leftovers
|-damage|p2a: yawn|94/100 tox|[from] psn
|upkeep
|turn|11
|
|move|p1a: Gigalith|Protect|p1a: Gigalith
|-singleturn|p1a: Gigalith|Protect
|move|p2a: yawn|Hyper Voice|p1a: Gigalith
|-activate|p1a: Gigalith|move: Protect
|
|-weather|Sandstorm|[upkeep]
|-damage|p2a: yawn|88/100 tox|[from] Sandstorm
|-heal|p2a: yawn|94/100 tox|[from] item: Leftovers
|-damage|p2a: yawn|82/100 tox|[from] psn
|upkeep
|turn|12
|
|move|p2a: yawn|Calm Mind|p2a: yawn
|-boost|p2a: yawn|spa|1
|-boost|p2a: yawn|spd|1
|move|p1a: Gigalith|Stealth Rock|p2a: yawn
|-sidestart|p2: Lnua|move: Stealth Rock
|
|-weather|Sandstorm|[upkeep]
|-damage|p2a: yawn|76/100 tox|[from] Sandstorm
|-heal|p2a: yawn|82/100 tox|[from] item: Leftovers
|-damage|p2a: yawn|64/100 tox|[from] psn
|upkeep
|turn|13
|
|move|p1a: Gigalith|Protect|p1a: Gigalith
|-singleturn|p1a: Gigalith|Protect
|move|p2a: yawn|Rest|p2a: yawn
|-status|p2a: yawn|slp|[from] move: Rest
|-heal|p2a: yawn|100/100 slp|[silent]
|
|-weather|none
|upkeep
|turn|14
|
|cant|p2a: yawn|slp
|move|p2a: yawn|Snore|p1a: Gigalith
|-damage|p1a: Gigalith|52/100
|move|p1a: Gigalith|Stone Edge|p2a: yawn
|-damage|p2a: yawn|64/100 slp
|
|-heal|p2a: yawn|70/100 slp|[from] item: Leftovers
|-heal|p1a: Gigalith|59/100|[from] item: Leftovers
|upkeep
|turn|15
|
|cant|p2a: yawn|slp
|move|p2a: yawn|Snore|p1a: Gigalith
|-damage|p1a: Gigalith|10/100
|cant|p1a: Gigalith|flinch
|
|-heal|p2a: yawn|76/100 slp|[from] item: Leftovers
|-heal|p1a: Gigalith|16/100|[from] item: Leftovers
|upkeep
|turn|16
|
|-curestatus|p2a: yawn|slp|[msg]
|move|p2a: yawn|Hyper Voice|p1a: Gigalith
|-damage|p1a: Gigalith|0 fnt
|faint|p1a: Gigalith
|
|-heal|p2a: yawn|82/100|[from] item: Leftovers
|upkeep
|
|switch|p1a: Sylveon|Sylveon, F|6/100
|turn|17
|
|move|p1a: Sylveon|Psyshock|p2a: yawn
|-damage|p2a: yawn|48/100
|move|p2a: yawn|Calm Mind|p2a: yawn
|-boost|p2a: yawn|spa|1
|-boost|p2a: yawn|spd|1
|
|-heal|p2a: yawn|54/100|[from] item: Leftovers
|upkeep
|turn|18
|
|move|p1a: Sylveon|Psyshock|p2a: yawn
|-damage|p2a: yawn|19/100
|move|p2a: yawn|Rest|p2a: yawn
|-status|p2a: yawn|slp|[from] move: Rest
|-heal|p2a: yawn|100/100 slp|[silent]
|
|upkeep
|turn|19
|
|move|p1a: Sylveon|Psyshock|p2a: yawn
|-damage|p2a: yawn|70/100 slp
|cant|p2a: yawn|slp
|move|p2a: yawn|Snore|p1a: Sylveon
|-damage|p1a: Sylveon|0 fnt
|faint|p1a: Sylveon
|
|-heal|p2a: yawn|76/100 slp|[from] item: Leftovers
|upkeep
|
|switch|p1a: Haxorus|Haxorus, F|100/100
|-ability|p1a: Haxorus|Mold Breaker
|turn|20
|
|switch|p2a: Noivern|Noivern, M|94/100
|-item|p1a: Haxorus|Life Orb|[from] ability: Frisk|[of] p2a: Noivern|[identify]
|move|p1a: Haxorus|Earthquake|p2a: Noivern
|-immune|p2a: Noivern
|
|upkeep
|turn|21
|
|switch|p1a: Inteleon|Inteleon, M|100/100
|move|p2a: Noivern|Draco Meteor|p1a: Inteleon
|-damage|p1a: Inteleon|9/100
|-unboost|p2a: Noivern|spa|2
|
|upkeep
|turn|22
|
|move|p1a: Inteleon|Ice Beam|p2a: Noivern
|-supereffective|p2a: Noivern
|-damage|p2a: Noivern|0 fnt
|faint|p2a: Noivern
|
|upkeep
|
|switch|p2a: Reuniclus|Reuniclus, F|100/100
|-damage|p2a: Reuniclus|88/100|[from] Stealth Rock
|turn|23
|
|switch|p1a: Pangoro|Pangoro, F|100/100
|move|p2a: Reuniclus|Focus Blast|p1a: Pangoro
|-supereffective|p1a: Pangoro
|-crit|p1a: Pangoro
|-damage|p1a: Pangoro|0 fnt
|faint|p1a: Pangoro
|
|upkeep
|
|switch|p1a: Haxorus|Haxorus, F|100/100
|-ability|p1a: Haxorus|Mold Breaker
|turn|24
|
|move|p1a: Haxorus|Dragon Dance|p1a: Haxorus
|-boost|p1a: Haxorus|atk|1
|-boost|p1a: Haxorus|spe|1
|move|p2a: Reuniclus|Future Sight|p1a: Haxorus
|-start|p2a: Reuniclus|move: Future Sight
|
|upkeep
|turn|25
|
|move|p1a: Haxorus|Earthquake|p2a: Reuniclus
|-damage|p2a: Reuniclus|14/100
|-damage|p1a: Haxorus|91/100|[from] item: Life Orb
|move|p2a: Reuniclus|Psychic|p1a: Haxorus
|-damage|p1a: Haxorus|34/100
|
|upkeep
|turn|26
|-message|UU baz forfeited.
|
|win|Lnua
|l|☆UU baz
|raw|UU baz's rating: 1584 &rarr; <strong>1553</strong><br />(-31 for losing)
|raw|Lnua's rating: 1375 &rarr; <strong>1406</strong><br />(+31 for winning)
