|j|☆pokemonisfun
|j|☆Fousfull
|t:|1664637325
|gametype|singles
|player|p1|pokemonisfun|#uutrio2ladder|1868
|player|p2|Fousfull|blackbelt-gen4|1644
|teamsize|p1|6
|teamsize|p2|6
|gen|8
|tier|[Gen 8] UU
|rated|
|rule|Sleep Clause Mod: Limit one foe put to sleep
|rule|Species Clause: Limit one of each Pokémon
|rule|OHKO Clause: OHKO moves are banned
|rule|Evasion Items Clause: Evasion items are banned
|rule|Evasion Moves Clause: Evasion moves are banned
|rule|Endless Battle Clause: Forcing endless battles is banned
|rule|HP Percentage Mod: HP is shown in percentages
|rule|Dynamax Clause: You cannot dynamax
|clearpoke
|poke|p1|Golisopod, F|
|poke|p1|Cobalion|
|poke|p1|Zygarde-10%|
|poke|p1|Chansey, F|
|poke|p1|Salamence, F|
|poke|p1|Tentacruel, M|
|poke|p2|Chansey, F|
|poke|p2|Nidoqueen, F|
|poke|p2|Conkeldurr, F|
|poke|p2|Scizor, M|
|poke|p2|Zarude|
|poke|p2|Salamence, F|
|teampreview
|c|☆pokemonisfun|glhf
|c|☆Fousfull|Sorry i forgot
|
|t:|1664637469
|start
|switch|p1a: GOD POD|Golisopod, F|100/100
|switch|p2a: Nidoqueen|Nidoqueen, F|100/100
|turn|1
|
|t:|1664637495
|move|p2a: Nidoqueen|Stealth Rock|p1a: GOD POD
|-sidestart|p1: pokemonisfun|move: Stealth Rock
|move|p1a: GOD POD|Liquidation|p2a: Nidoqueen
|-supereffective|p2a: Nidoqueen
|-damage|p2a: Nidoqueen|0 fnt
|faint|p2a: Nidoqueen
|
|upkeep
|j| timernevershowing
|
|t:|1664637548
|switch|p2a: Zarude|Zarude|100/100
|turn|2
|
|t:|1664637611
|move|p2a: Zarude|U-turn|p1a: GOD POD
|-damage|p1a: GOD POD|84/100
|
|t:|1664637617
|switch|p2a: Salamence|Salamence, F|100/100|[from]move: U-turn
|-ability|p2a: Salamence|Intimidate|boost
|-unboost|p1a: GOD POD|atk|1
|move|p1a: GOD POD|Spikes|p2a: Salamence
|-sidestart|p2: Fousfull|Spikes
|
|upkeep
|turn|3
|
|t:|1664637628
|switch|p1a: megan the eggin|Chansey, F|100/100
|-damage|p1a: megan the eggin|88/100|[from] Stealth Rock
|move|p2a: Salamence|Dual Wingbeat|p1a: megan the eggin
|-damage|p1a: megan the eggin|77/100
|-damage|p1a: megan the eggin|67/100
|-hitcount|p1a: megan the eggin|2
|
|upkeep
|turn|4
|
|t:|1664637650
|switch|p2a: Conkeldurr|Conkeldurr, F|100/100
|-damage|p2a: Conkeldurr|88/100|[from] Spikes
|move|p1a: megan the eggin|Teleport|p1a: megan the eggin
|
|t:|1664637656
|switch|p1a: mencey wencey|Salamence, F|100/100|[from]move: Teleport
|-ability|p1a: mencey wencey|Intimidate|boost
|-unboost|p2a: Conkeldurr|atk|1
|
|-status|p2a: Conkeldurr|brn|[from] item: Flame Orb
|upkeep
|turn|5
|
|t:|1664637701
|switch|p1a: hoisin poison|Tentacruel, M|100/100
|-damage|p1a: hoisin poison|88/100|[from] Stealth Rock
|move|p2a: Conkeldurr|Ice Punch|p1a: hoisin poison
|-resisted|p1a: hoisin poison
|-damage|p1a: hoisin poison|71/100
|
|-heal|p1a: hoisin poison|77/100|[from] item: Black Sludge
|-damage|p2a: Conkeldurr|82/100 brn|[from] brn
|upkeep
|turn|6
|j| Winji
|c| Winji|How'd you know it was me
|c| Winji|also STOP USING TENTA
|c|☆pokemonisfun|sorry whats your username
|c|☆pokemonisfun|on smogon
|c| Winji|I want it to drop >:[
|c|☆pokemonisfun|oh
|c|☆pokemonisfun|youre kai?
|c|☆pokemonisfun|im streaming btw
|c| Winji|ah
|
|t:|1664637757
|move|p1a: hoisin poison|Rapid Spin|p2a: Conkeldurr
|-damage|p2a: Conkeldurr|74/100 brn
|-boost|p1a: hoisin poison|spe|1
|-sideend|p1: pokemonisfun|Stealth Rock|[from] move: Rapid Spin|[of] p1a: hoisin poison
|move|p2a: Conkeldurr|Facade|p1a: hoisin poison
|-damage|p1a: hoisin poison|13/100
|
|-heal|p1a: hoisin poison|19/100|[from] item: Black Sludge
|-damage|p2a: Conkeldurr|68/100 brn|[from] brn
|upkeep
|turn|7
|c| Winji|girl adds random people as friends without knowing who they are...
|c|☆pokemonisfun|im a boy
|c|☆pokemonisfun|but yeah
|c| Winji|You're too kind
|
|t:|1664637790
|move|p1a: hoisin poison|Sludge Bomb|p2a: Conkeldurr
|-damage|p2a: Conkeldurr|30/100 brn
|move|p2a: Conkeldurr|Facade|p1a: hoisin poison
|-damage|p1a: hoisin poison|0 fnt
|faint|p1a: hoisin poison
|
|-damage|p2a: Conkeldurr|24/100 brn|[from] brn
|upkeep
|
|t:|1664637806
|switch|p1a: Zygarde-10% off|Zygarde-10%|100/100
|-ability|p1a: Zygarde-10% off|Aura Break
|turn|8
|
|t:|1664637815
|switch|p2a: Chansey|Chansey, F|100/100
|-damage|p2a: Chansey|88/100|[from] Spikes
|move|p1a: Zygarde-10% off|Thousand Arrows|p2a: Chansey
|-damage|p2a: Chansey|50/100
|
|upkeep
|turn|9
|
|t:|1664637832
|move|p1a: Zygarde-10% off|Thousand Arrows|p2a: Chansey
|-damage|p2a: Chansey|13/100
|move|p2a: Chansey|Soft-Boiled|p2a: Chansey
|-heal|p2a: Chansey|63/100
|
|upkeep
|turn|10
|
|t:|1664637837
|move|p1a: Zygarde-10% off|Thousand Arrows|p2a: Chansey
|-damage|p2a: Chansey|24/100
|move|p2a: Chansey|Thunder Wave|p1a: Zygarde-10% off
|-immune|p1a: Zygarde-10% off
|
|upkeep
|turn|11
|
|t:|1664637842
|switch|p2a: Salamence|Salamence, F|100/100
|-ability|p2a: Salamence|Intimidate|boost
|-unboost|p1a: Zygarde-10% off|atk|1
|move|p1a: Zygarde-10% off|Thousand Arrows|p2a: Salamence
|-damage|p2a: Salamence|71/100
|-start|p2a: Salamence|Smack Down
|
|upkeep
|turn|12
|
|t:|1664637850
|switch|p1a: megan the eggin|Chansey, F|67/100
|move|p2a: Salamence|Defog|p1a: megan the eggin
|-unboost|p1a: megan the eggin|evasion|1
|-sideend|p2: Fousfull|Spikes|[from] move: Defog|[of] p2a: Salamence
|
|upkeep
|turn|13
|
|t:|1664637855
|switch|p2a: Scizor|Scizor, M|100/100
|move|p1a: megan the eggin|Seismic Toss|p2a: Scizor
|-damage|p2a: Scizor|71/100
|
|upkeep
|turn|14
|
|t:|1664637859
|switch|p1a: coba truthin|Cobalion|100/100
|move|p2a: Scizor|U-turn|p1a: coba truthin
|-resisted|p1a: coba truthin
|-damage|p1a: coba truthin|94/100
|-damage|p2a: Scizor|55/100|[from] item: Rocky Helmet|[of] p1a: coba truthin
|
|t:|1664637862
|switch|p2a: Salamence|Salamence, F|71/100|[from]move: U-turn
|-ability|p2a: Salamence|Intimidate|boost
|-unboost|p1a: coba truthin|atk|1
|
|upkeep
|turn|15
|
|t:|1664637865
|switch|p1a: megan the eggin|Chansey, F|67/100
|move|p2a: Salamence|Roost|p2a: Salamence
|-heal|p2a: Salamence|100/100
|-singleturn|p2a: Salamence|move: Roost
|
|upkeep
|turn|16
|
|t:|1664637869
|switch|p2a: Scizor|Scizor, M|55/100
|move|p1a: megan the eggin|Seismic Toss|p2a: Scizor
|-damage|p2a: Scizor|26/100
|
|upkeep
|turn|17
|
|t:|1664637873
|switch|p1a: coba truthin|Cobalion|94/100
|move|p2a: Scizor|Roost|p2a: Scizor
|-heal|p2a: Scizor|76/100
|-singleturn|p2a: Scizor|move: Roost
|
|upkeep
|turn|18
|
|t:|1664637880
|switch|p2a: Salamence|Salamence, F|100/100
|-ability|p2a: Salamence|Intimidate|boost
|-unboost|p1a: coba truthin|atk|1
|move|p1a: coba truthin|Stealth Rock|p2a: Salamence
|-sidestart|p2: Fousfull|move: Stealth Rock
|
|upkeep
|turn|19
|
|t:|1664637882
|switch|p1a: megan the eggin|Chansey, F|67/100
|move|p2a: Salamence|Flamethrower|p1a: megan the eggin
|-damage|p1a: megan the eggin|60/100
|
|upkeep
|turn|20
|
|t:|1664637887
|move|p2a: Salamence|Defog|p1a: megan the eggin
|-unboost|p1a: megan the eggin|evasion|1
|-sideend|p2: Fousfull|Stealth Rock|[from] move: Defog|[of] p2a: Salamence
|move|p1a: megan the eggin|Toxic|p2a: Salamence
|-status|p2a: Salamence|tox
|
|-damage|p2a: Salamence|94/100 tox|[from] psn
|upkeep
|turn|21
|
|t:|1664637896
|switch|p2a: Scizor|Scizor, M|76/100
|move|p1a: megan the eggin|Seismic Toss|p2a: Scizor
|-damage|p2a: Scizor|47/100
|
|upkeep
|turn|22
|
|t:|1664637905
|switch|p1a: coba truthin|Cobalion|94/100
|move|p2a: Scizor|U-turn|p1a: coba truthin
|-resisted|p1a: coba truthin
|-damage|p1a: coba truthin|87/100
|-damage|p2a: Scizor|30/100|[from] item: Rocky Helmet|[of] p1a: coba truthin
|
|t:|1664637913
|switch|p2a: Conkeldurr|Conkeldurr, F|24/100 brn|[from]move: U-turn
|
|-damage|p2a: Conkeldurr|18/100 brn|[from] brn
|upkeep
|turn|23
|
|t:|1664637935
|move|p2a: Conkeldurr|Mach Punch|p1a: coba truthin
|-supereffective|p1a: coba truthin
|-damage|p1a: coba truthin|22/100
|-damage|p2a: Conkeldurr|1/100 brn|[from] item: Rocky Helmet|[of] p1a: coba truthin
|move|p1a: coba truthin|Iron Head|p2a: Conkeldurr
|-damage|p2a: Conkeldurr|0 fnt
|faint|p2a: Conkeldurr
|
|upkeep
|
|t:|1664637942
|switch|p2a: Salamence|Salamence, F|94/100 tox
|-ability|p2a: Salamence|Intimidate|boost
|-unboost|p1a: coba truthin|atk|1
|turn|24
|
|t:|1664637945
|switch|p1a: megan the eggin|Chansey, F|60/100
|move|p2a: Salamence|Flamethrower|p1a: megan the eggin
|-damage|p1a: megan the eggin|54/100
|
|-damage|p2a: Salamence|88/100 tox|[from] psn
|upkeep
|turn|25
|
|t:|1664637951
|switch|p2a: Zarude|Zarude|100/100
|move|p1a: megan the eggin|Soft-Boiled|p1a: megan the eggin
|-heal|p1a: megan the eggin|100/100
|
|upkeep
|turn|26
|
|t:|1664637974
|switch|p1a: mencey wencey|Salamence, F|100/100
|-ability|p1a: mencey wencey|Intimidate|boost
|-unboost|p2a: Zarude|atk|1
|move|p2a: Zarude|Close Combat|p1a: mencey wencey
|-resisted|p1a: mencey wencey
|-damage|p1a: mencey wencey|89/100
|-unboost|p2a: Zarude|def|1
|-unboost|p2a: Zarude|spd|1
|
|upkeep
|turn|27
|
|t:|1664637981
|switch|p2a: Chansey|Chansey, F|24/100
|move|p1a: mencey wencey|Dual Wingbeat|p2a: Chansey
|-damage|p2a: Chansey|13/100
|-damage|p2a: Chansey|2/100
|-hitcount|p2a: Chansey|2
|
|upkeep
|turn|28
|
|t:|1664637985
|move|p1a: mencey wencey|Flamethrower|p2a: Chansey
|-damage|p2a: Chansey|0 fnt
|faint|p2a: Chansey
|
|upkeep
|c|☆Fousfull|Gg
|-message|Fousfull forfeited.
|
|win|pokemonisfun
|raw|pokemonisfun's rating: 1868 &rarr; <strong>1876</strong><br />(+8 for winning)
|raw|Fousfull's rating: 1622 &rarr; <strong>1614</strong><br />(-8 for losing)
|l|☆Fousfull
|c|☆pokemonisfun|gg
|l| timernevershowing
||Ladder isn't responding, score probably updated but might not have (Request timeout).
|j| pannuracotta
|l| pannuracotta
|n| Windabi|winji
|n| Airio|windabi
|n| Airio|airio
|n| Airio|airio
|n| Windji|airio
|n| Winji|windji
|n| Airio|winji
|c| Airio|There
|c| Airio|this is less weeb-y
|c| Airio|^~^
|l| Airio
|j| ramoloST
|l| ramoloST
|j| Airio
