|j|☆Low Ladder Terror
|j|☆I am Navii
|t:|1605936519
|player|p1|Low Ladder Terror|teamrocket|
|player|p2|I am Navii|ethan-pokeathlon|
|teamsize|p1|6
|teamsize|p2|6
|gametype|singles
|gen|8
|tier|[Gen 8] UU
|rated|Tournament battle
|clearpoke
|poke|p1|Articuno-Galar|
|poke|p1|Klefki, F|
|poke|p1|Tentacruel, F|
|poke|p1|Krookodile, M|
|poke|p1|Salamence, M|
|poke|p1|Zeraora|
|poke|p2|Keldeo-Resolute|
|poke|p2|Victini|
|poke|p2|Hippowdon, M|
|poke|p2|Jirachi|
|poke|p2|Amoonguss, M|
|poke|p2|Morpeko, M|
|rule|Sleep Clause Mod: Limit one foe put to sleep
|rule|Species Clause: Limit one of each Pokémon
|rule|OHKO Clause: OHKO moves are banned
|rule|Evasion Moves Clause: Evasion moves are banned
|rule|Endless Battle Clause: Forcing endless battles is banned
|rule|HP Percentage Mod: HP is shown in percentages
|rule|Dynamax Clause: You cannot dynamax
|teampreview
|inactive|Battle timer is ON: inactive players will automatically lose when time's up. (requested by I am Navii)
|j| Crushy Soul
|c|☆Low Ladder Terror|hf
|c|☆I am Navii|hf
|j| plsbossihabecancer
|inactive|I am Navii has 120 seconds left.
|
|t:|1605936554
|start
|switch|p1a: Krookodile|Krookodile, M|100/100
|switch|p2a: Espada Secreta|Keldeo-Resolute|100/100
|-ability|p1a: Krookodile|Intimidate|boost
|-unboost|p2a: Espada Secreta|atk|1
|turn|1
|c| Crushy Soul|could have this moment for life...
|
|t:|1605936563
|switch|p1a: Tentacruel|Tentacruel, F, shiny|100/100
|move|p2a: Espada Secreta|Secret Sword|p1a: Tentacruel
|-resisted|p1a: Tentacruel
|-damage|p1a: Tentacruel|60/100
|
|-heal|p1a: Tentacruel|66/100|[from] item: Black Sludge
|upkeep
|turn|2
|c|☆I am Navii|for life...
|
|t:|1605936572
|switch|p2a: 1-Up|Amoonguss, M|100/100
|move|p1a: Tentacruel|Knock Off|p2a: 1-Up
|-damage|p2a: 1-Up|88/100
|-damage|p1a: Tentacruel|49/100|[from] item: Rocky Helmet|[of] p2a: 1-Up
|-enditem|p2a: 1-Up|Rocky Helmet|[from] move: Knock Off|[of] p1a: Tentacruel
|
|-heal|p1a: Tentacruel|55/100|[from] item: Black Sludge
|upkeep
|turn|3
|c|☆I am Navii|and in this moment i just feel so alive...
|c|☆I am Navii|imma stop xd
|c| Crushy Soul|alive..
|
|t:|1605936589
|move|p1a: Tentacruel|Scald|p2a: 1-Up
|-resisted|p2a: 1-Up
|-damage|p2a: 1-Up|79/100
|move|p2a: 1-Up|Spore|p1a: Tentacruel
|-status|p1a: Tentacruel|slp|[from] move: Spore
|
|-heal|p1a: Tentacruel|61/100 slp|[from] item: Black Sludge
|upkeep
|turn|4
|j|+7MM
|
|t:|1605936606
|switch|p1a: Klefki|Klefki, F|100/100
|switch|p2a: Espada Secreta|Keldeo-Resolute|100/100
|
|upkeep
|turn|5
|c|+7MM|LOL
|j| BigFatMantis
|c|+7MM|tf u guys on about
|c|☆I am Navii|nicki minaj...
|c|☆I am Navii|lololol
|
|t:|1605936626
|switch|p2a: Z-MOVE|Victini|100/100
|move|p1a: Klefki|Thunder Wave|p2a: Z-MOVE
|-status|p2a: Z-MOVE|par
|
|upkeep
|turn|6
|
|t:|1605936637
|switch|p1a: Krookodile|Krookodile, M|100/100
|-ability|p1a: Krookodile|Intimidate|boost
|-unboost|p2a: Z-MOVE|atk|1
|move|p2a: Z-MOVE|V-create|p1a: Krookodile
|-damage|p1a: Krookodile|0 fnt
|-unboost|p2a: Z-MOVE|spe|1
|-unboost|p2a: Z-MOVE|def|1
|-unboost|p2a: Z-MOVE|spd|1
|-damage|p2a: Z-MOVE|84/100 par|[from] item: Rocky Helmet|[of] p1a: Krookodile
|faint|p1a: Krookodile
|
|upkeep
|c|☆I am Navii|gone
|inactive|Low Ladder Terror has 120 seconds left.
|c|☆I am Navii|do i flex
|j| Awesome Aayush
|c|☆I am Navii|with morpeko in my series
|c|☆Low Ladder Terror|good for nothing krook
|c|☆I am Navii|LOL
|
|t:|1605936672
|switch|p1a: Articuno|Articuno-Galar|100/100
|turn|7
|
|t:|1605936684
|move|p1a: Articuno|Shadow Ball|p2a: Z-MOVE
|-supereffective|p2a: Z-MOVE
|-damage|p2a: Z-MOVE|0 fnt
|-damage|p1a: Articuno|91/100|[from] item: Life Orb
|faint|p2a: Z-MOVE
|
|upkeep
|c|☆I am Navii|o
|j|%Avarice
|
|t:|1605936702
|switch|p2a: Moripeko|Morpeko, M|100/100
|turn|8
|
|t:|1605936707
|switch|p1a: Zeraora|Zeraora|100/100
|move|p2a: Moripeko|Brick Break|p1a: Zeraora
|-damage|p1a: Zeraora|58/100
|-damage|p2a: Moripeko|91/100|[from] item: Life Orb
|
|-heal|p1a: Zeraora|64/100|[from] item: Leftovers
|-formechange|p2a: Moripeko|Morpeko-Hangry||[from] ability: Hunger Switch
|upkeep
|turn|9
|c|%Avarice|yep
|j|@Eyan
|c|%Avarice|[offense shredder] morpeko
|c|☆I am Navii|xd
|inactive|Low Ladder Terror has 120 seconds left.
|
|t:|1605936723
|switch|p2a: 1-Up|Amoonguss, M|100/100
|move|p1a: Zeraora|Play Rough|p2a: 1-Up
|-resisted|p2a: 1-Up
|-damage|p2a: 1-Up|89/100
|-unboost|p2a: 1-Up|atk|1
|
|-heal|p1a: Zeraora|70/100|[from] item: Leftovers
|upkeep
|turn|10
|
|t:|1605936730
|switch|p1a: Klefki|Klefki, F|100/100
|switch|p2a: Hungry|Hippowdon, M|100/100
|-weather|Sandstorm|[from] ability: Sand Stream|[of] p2a: Hungry
|
|-weather|Sandstorm|[upkeep]
|upkeep
|turn|11
|c|%Avarice|keys zera woat mu
|
|t:|1605936741
|move|p1a: Klefki|Toxic|p2a: Hungry
|-status|p2a: Hungry|tox
|move|p2a: Hungry|Stealth Rock|p1a: Klefki
|-sidestart|p1: Low Ladder Terror|move: Stealth Rock
|
|-weather|Sandstorm|[upkeep]
|-damage|p2a: Hungry|94/100 tox|[from] psn
|upkeep
|turn|12
|j| Artzu✪
|c| BigFatMantis|Klefki so toxic
|inactive|Low Ladder Terror has 120 seconds left.
|
|t:|1605936769
|switch|p1a: Articuno|Articuno-Galar|91/100
|-damage|p1a: Articuno|66/100|[from] Stealth Rock
|switch|p2a: Jirachi|Jirachi|100/100
|
|-weather|Sandstorm|[upkeep]
|-damage|p1a: Articuno|59/100|[from] Sandstorm
|upkeep
|turn|13
|inactive|Low Ladder Terror has 120 seconds left.
|
|t:|1605936782
|switch|p1a: Klefki|Klefki, F|100/100
|-damage|p1a: Klefki|95/100|[from] Stealth Rock
|move|p2a: Jirachi|Iron Head|p1a: Klefki
|-damage|p1a: Klefki|52/100
|
|-weather|Sandstorm|[upkeep]
|-heal|p1a: Klefki|58/100|[from] item: Leftovers
|upkeep
|turn|14
|inactive|Low Ladder Terror has 120 seconds left.
|
|t:|1605936789
|switch|p2a: Hungry|Hippowdon, M|94/100 tox
|move|p1a: Klefki|Thunder Wave|p2a: Hungry
|-immune|p2a: Hungry
|
|-weather|none
|-heal|p1a: Klefki|64/100|[from] item: Leftovers
|-heal|p2a: Hungry|100/100 tox|[from] item: Leftovers
|-damage|p2a: Hungry|94/100 tox|[from] psn
|upkeep
|turn|15
|
|t:|1605936799
|switch|p2a: Jirachi|Jirachi|100/100
|move|p1a: Klefki|Spikes|p2a: Jirachi
|-sidestart|p2: I am Navii|Spikes
|
|-heal|p1a: Klefki|70/100|[from] item: Leftovers
|upkeep
|turn|16
|c|☆I am Navii|oop
|
|t:|1605936807
|switch|p2a: Hungry|Hippowdon, M|94/100 tox
|-damage|p2a: Hungry|82/100 tox|[from] Spikes
|-weather|Sandstorm|[from] ability: Sand Stream|[of] p2a: Hungry
|move|p1a: Klefki|Thunder Wave|p2a: Hungry
|-immune|p2a: Hungry
|
|-weather|Sandstorm|[upkeep]
|-heal|p1a: Klefki|76/100|[from] item: Leftovers
|-heal|p2a: Hungry|88/100 tox|[from] item: Leftovers
|-damage|p2a: Hungry|82/100 tox|[from] psn
|upkeep
|turn|17
|
|t:|1605936813
|switch|p1a: Articuno|Articuno-Galar|59/100
|-damage|p1a: Articuno|34/100|[from] Stealth Rock
|switch|p2a: Jirachi|Jirachi|100/100
|-damage|p2a: Jirachi|88/100|[from] Spikes
|
|-weather|Sandstorm|[upkeep]
|-damage|p1a: Articuno|28/100|[from] Sandstorm
|upkeep
|turn|18
|
|t:|1605936830
|switch|p1a: Tentacruel|Tentacruel, F, shiny|61/100 slp
|-damage|p1a: Tentacruel|49/100 slp|[from] Stealth Rock
|move|p2a: Jirachi|U-turn|p1a: Tentacruel
|-resisted|p1a: Tentacruel
|-damage|p1a: Tentacruel|37/100 slp
|
|t:|1605936837
|switch|p2a: Moripeko|Morpeko, M|91/100|[from]move: U-turn
|-damage|p2a: Moripeko|78/100|[from] Spikes
|
|-weather|Sandstorm|[upkeep]
|-damage|p1a: Tentacruel|31/100 slp|[from] Sandstorm
|-damage|p2a: Moripeko|72/100|[from] Sandstorm
|-heal|p1a: Tentacruel|37/100 slp|[from] item: Black Sludge
|-formechange|p2a: Moripeko|Morpeko-Hangry||[from] ability: Hunger Switch
|upkeep
|turn|19
|
|t:|1605936851
|cant|p1a: Tentacruel|slp
|move|p2a: Moripeko|Rapid Spin|p1a: Tentacruel
|-damage|p1a: Tentacruel|10/100 slp
|-boost|p2a: Moripeko|spe|1
|-sideend|p2: I am Navii|Spikes|[from] move: Rapid Spin|[of] p2a: Moripeko
|-damage|p2a: Moripeko|62/100|[from] item: Life Orb
|
|-weather|Sandstorm|[upkeep]
|-damage|p2a: Moripeko|56/100|[from] Sandstorm
|-damage|p1a: Tentacruel|4/100 slp|[from] Sandstorm
|-heal|p1a: Tentacruel|10/100 slp|[from] item: Black Sludge
|-formechange|p2a: Moripeko|Morpeko||[from] ability: Hunger Switch
|upkeep
|turn|20
|
|t:|1605936863
|move|p2a: Moripeko|Rapid Spin|p1a: Tentacruel
|-damage|p1a: Tentacruel|0 fnt
|-boost|p2a: Moripeko|spe|1
|-damage|p2a: Moripeko|46/100|[from] item: Life Orb
|faint|p1a: Tentacruel
|
|-weather|none
|-formechange|p2a: Moripeko|Morpeko-Hangry||[from] ability: Hunger Switch
|upkeep
|
|t:|1605936875
|switch|p1a: Klefki|Klefki, F|76/100
|-damage|p1a: Klefki|70/100|[from] Stealth Rock
|turn|21
|
|t:|1605936886
|move|p2a: Moripeko|Protect|p2a: Moripeko
|-singleturn|p2a: Moripeko|Protect
|move|p1a: Klefki|Dazzling Gleam|p2a: Moripeko
|-activate|p2a: Moripeko|move: Protect
|
|-heal|p1a: Klefki|76/100|[from] item: Leftovers
|-formechange|p2a: Moripeko|Morpeko||[from] ability: Hunger Switch
|upkeep
|turn|22
|j| taxicabby
|
|t:|1605936891
|move|p2a: Moripeko|Aura Wheel|p1a: Klefki
|-damage|p1a: Klefki|3/100
|-boost|p2a: Moripeko|spe|1
|-damage|p2a: Moripeko|37/100|[from] item: Life Orb
|move|p1a: Klefki|Dazzling Gleam|p2a: Moripeko
|-supereffective|p2a: Moripeko
|-damage|p2a: Moripeko|0 fnt
|faint|p2a: Moripeko
|
|-heal|p1a: Klefki|9/100|[from] item: Leftovers
|upkeep
|c|☆I am Navii|:/
|j| GETTIN BIG ON EM
|inactive|I am Navii has 120 seconds left.
|
|t:|1605936941
|switch|p2a: Hungry|Hippowdon, M|82/100 tox
|-weather|Sandstorm|[from] ability: Sand Stream|[of] p2a: Hungry
|turn|23
|
|t:|1605936962
|move|p1a: Klefki|Spikes|p2a: Hungry
|-sidestart|p2: I am Navii|Spikes
|move|p2a: Hungry|Earthquake|p1a: Klefki
|-supereffective|p1a: Klefki
|-damage|p1a: Klefki|0 fnt
|faint|p1a: Klefki
|
|-weather|Sandstorm|[upkeep]
|-heal|p2a: Hungry|88/100 tox|[from] item: Leftovers
|-damage|p2a: Hungry|82/100 tox|[from] psn
|upkeep
|
|t:|1605936969
|switch|p1a: Articuno|Articuno-Galar|28/100
|-damage|p1a: Articuno|3/100|[from] Stealth Rock
|turn|24
|
|t:|1605936975
|switch|p2a: Espada Secreta|Keldeo-Resolute|100/100
|-damage|p2a: Espada Secreta|88/100|[from] Spikes
|move|p1a: Articuno|Recover|p1a: Articuno
|-heal|p1a: Articuno|53/100
|
|-weather|Sandstorm|[upkeep]
|-damage|p2a: Espada Secreta|82/100|[from] Sandstorm
|-damage|p1a: Articuno|47/100|[from] Sandstorm
|upkeep
|turn|25
|
|t:|1605936998
|move|p2a: Espada Secreta|Hydro Pump|p1a: Articuno
|-damage|p1a: Articuno|0 fnt
|faint|p1a: Articuno
|
|-weather|Sandstorm|[upkeep]
|-damage|p2a: Espada Secreta|76/100|[from] Sandstorm
|upkeep
|
|t:|1605937005
|switch|p1a: Zeraora|Zeraora|70/100
|-damage|p1a: Zeraora|58/100|[from] Stealth Rock
|turn|26
|
|t:|1605937009
|switch|p2a: 1-Up|Amoonguss, M|100/100
|-damage|p2a: 1-Up|88/100|[from] Spikes
|move|p1a: Zeraora|Bulk Up|p1a: Zeraora
|-boost|p1a: Zeraora|atk|1
|-boost|p1a: Zeraora|def|1
|
|-weather|Sandstorm|[upkeep]
|-damage|p1a: Zeraora|52/100|[from] Sandstorm
|-damage|p2a: 1-Up|82/100|[from] Sandstorm
|-heal|p1a: Zeraora|58/100|[from] item: Leftovers
|upkeep
|turn|27
|j| 3l1z0nd0
|
|t:|1605937018
|move|p1a: Zeraora|Blaze Kick|p2a: 1-Up
|-supereffective|p2a: 1-Up
|-damage|p2a: 1-Up|23/100
|move|p2a: 1-Up|Spore|p1a: Zeraora
|-status|p1a: Zeraora|slp|[from] move: Spore
|
|-weather|none
|-heal|p1a: Zeraora|64/100 slp|[from] item: Leftovers
|upkeep
|turn|28
|
|t:|1605937025
|switch|p2a: Hungry|Hippowdon, M|82/100 tox
|-damage|p2a: Hungry|70/100 tox|[from] Spikes
|-weather|Sandstorm|[from] ability: Sand Stream|[of] p2a: Hungry
|cant|p1a: Zeraora|slp
|
|-weather|Sandstorm|[upkeep]
|-damage|p1a: Zeraora|58/100 slp|[from] Sandstorm
|-heal|p1a: Zeraora|64/100 slp|[from] item: Leftovers
|-heal|p2a: Hungry|76/100 tox|[from] item: Leftovers
|-damage|p2a: Hungry|70/100 tox|[from] psn
|upkeep
|turn|29
|l| Artzu✪
|
|t:|1605937038
|switch|p1a: Salamence|Salamence, M|100/100
|-damage|p1a: Salamence|76/100|[from] Stealth Rock
|move|p2a: Hungry|Earthquake|p1a: Salamence
|-immune|p1a: Salamence
|
|-weather|Sandstorm|[upkeep]
|-damage|p1a: Salamence|70/100|[from] Sandstorm
|-heal|p2a: Hungry|76/100 tox|[from] item: Leftovers
|-damage|p2a: Hungry|63/100 tox|[from] psn
|upkeep
|turn|30
|
|t:|1605937051
|move|p1a: Salamence|Earthquake|p2a: Hungry
|-damage|p2a: Hungry|45/100 tox
|move|p2a: Hungry|Slack Off|p2a: Hungry
|-heal|p2a: Hungry|95/100 tox
|
|-weather|Sandstorm|[upkeep]
|-damage|p1a: Salamence|64/100|[from] Sandstorm
|-heal|p2a: Hungry|100/100 tox|[from] item: Leftovers
|-damage|p2a: Hungry|82/100 tox|[from] psn
|upkeep
|turn|31
|
|t:|1605937061
|move|p1a: Salamence|Earthquake|p2a: Hungry
|-damage|p2a: Hungry|62/100 tox
|move|p2a: Hungry|Whirlwind|p1a: Salamence
|drag|p1a: Zeraora|Zeraora|64/100 slp
|-damage|p1a: Zeraora|51/100 slp|[from] Stealth Rock
|
|-weather|Sandstorm|[upkeep]
|-damage|p1a: Zeraora|45/100 slp|[from] Sandstorm
|-heal|p1a: Zeraora|51/100 slp|[from] item: Leftovers
|-heal|p2a: Hungry|68/100 tox|[from] item: Leftovers
|-damage|p2a: Hungry|44/100 tox|[from] psn
|upkeep
|turn|32
|
|t:|1605937072
|-curestatus|p1a: Zeraora|slp|[msg]
|move|p1a: Zeraora|Bulk Up|p1a: Zeraora
|-boost|p1a: Zeraora|atk|1
|-boost|p1a: Zeraora|def|1
|move|p2a: Hungry|Slack Off|p2a: Hungry
|-heal|p2a: Hungry|94/100 tox
|
|-weather|none
|-heal|p1a: Zeraora|57/100|[from] item: Leftovers
|-heal|p2a: Hungry|99/100 tox|[from] item: Leftovers
|-damage|p2a: Hungry|69/100 tox|[from] psn
|upkeep
|turn|33
|j| Artzu✪
|j| qwqrwere
|inactive|Low Ladder Terror has 120 seconds left.
|inactive|Low Ladder Terror has 90 seconds left.
|inactive|I am Navii has 120 seconds left.
|
|t:|1605937155
|switch|p2a: Espada Secreta|Keldeo-Resolute|76/100
|-damage|p2a: Espada Secreta|63/100|[from] Spikes
|move|p1a: Zeraora|Bulk Up|p1a: Zeraora
|-boost|p1a: Zeraora|atk|1
|-boost|p1a: Zeraora|def|1
|
|-heal|p1a: Zeraora|63/100|[from] item: Leftovers
|upkeep
|turn|34
|
|t:|1605937164
|move|p1a: Zeraora|Plasma Fists|p2a: Espada Secreta
|-supereffective|p2a: Espada Secreta
|-damage|p2a: Espada Secreta|0 fnt
|-fieldactivate|move: Ion Deluge
|faint|p2a: Espada Secreta
|
|-heal|p1a: Zeraora|69/100|[from] item: Leftovers
|upkeep
|
|t:|1605937166
|switch|p2a: Hungry|Hippowdon, M|69/100 tox
|-damage|p2a: Hungry|56/100 tox|[from] Spikes
|-weather|Sandstorm|[from] ability: Sand Stream|[of] p2a: Hungry
|turn|35
|l|@Eyan
|inactive|Low Ladder Terror has 90 seconds left.
|c|☆I am Navii|im gonna fall asleep
|c|☆I am Navii|):
|
|t:|1605937207
|move|p1a: Zeraora|Blaze Kick|p2a: Hungry
|-damage|p2a: Hungry|29/100 tox
|move|p2a: Hungry|Earthquake|p1a: Zeraora
|-supereffective|p1a: Zeraora
|-damage|p1a: Zeraora|14/100
|
|-weather|Sandstorm|[upkeep]
|-damage|p1a: Zeraora|8/100|[from] Sandstorm
|-heal|p1a: Zeraora|14/100|[from] item: Leftovers
|-heal|p2a: Hungry|35/100 tox|[from] item: Leftovers
|-damage|p2a: Hungry|29/100 tox|[from] psn
|upkeep
|turn|36
|
|t:|1605937221
|move|p1a: Zeraora|Play Rough|p2a: Hungry
|-damage|p2a: Hungry|0 fnt
|faint|p2a: Hungry
|
|-weather|Sandstorm|[upkeep]
|-damage|p1a: Zeraora|8/100|[from] Sandstorm
|-heal|p1a: Zeraora|14/100|[from] item: Leftovers
|upkeep
|
|t:|1605937224
|switch|p2a: Jirachi|Jirachi|88/100
|-damage|p2a: Jirachi|76/100|[from] Spikes
|turn|37
|j| Totem skarm
|
|t:|1605937235
|move|p2a: Jirachi|Iron Head|p1a: Zeraora
|-resisted|p1a: Zeraora
|-damage|p1a: Zeraora|2/100
|cant|p1a: Zeraora|flinch
|
|-weather|Sandstorm|[upkeep]
|-damage|p1a: Zeraora|0 fnt|[from] Sandstorm
|faint|p1a: Zeraora
|upkeep
|
|t:|1605937241
|switch|p1a: Salamence|Salamence, M|64/100
|-damage|p1a: Salamence|39/100|[from] Stealth Rock
|turn|38
|
|t:|1605937245
|move|p1a: Salamence|Earthquake|p2a: Jirachi
|-supereffective|p2a: Jirachi
|-damage|p2a: Jirachi|1/100
|move|p2a: Jirachi|Iron Head|p1a: Salamence
|-damage|p1a: Salamence|0 fnt
|faint|p1a: Salamence
|
|win|I am Navii
