|j|☆AriaoftheStars
|j|☆Bamarah
|player|p1|AriaoftheStars|marley|1190
|player|p2|Bamarah|eusine-gen2|1234
|teamsize|p1|6
|teamsize|p2|6
|gametype|singles
|gen|8
|tier|[Gen 8] UU
|rated|
|clearpoke
|poke|p1|Weezing-Galar, M|
|poke|p1|Darmanitan, F|
|poke|p1|Cobalion|
|poke|p1|Umbreon, F|
|poke|p1|Celebi|
|poke|p1|Noivern, F|
|poke|p2|Noivern, M|
|poke|p2|Gengar, M|
|poke|p2|Keldeo-Resolute|
|poke|p2|Darmanitan, M|
|poke|p2|Skarmory, M|
|poke|p2|Blissey, F|
|rule|Sleep Clause Mod: Limit one foe put to sleep
|rule|Species Clause: Limit one of each Pokémon
|rule|OHKO Clause: OHKO moves are banned
|rule|Evasion Moves Clause: Evasion moves are banned
|rule|Endless Battle Clause: Forcing endless battles is banned
|rule|HP Percentage Mod: HP is shown in percentages
|rule|Dynamax Clause: You cannot dynamax
|teampreview
|inactive|Battle timer is ON: inactive players will automatically lose when time's up. (requested by Bamarah)
|
|start
|switch|p1a: OHKO machine|Noivern, F|100/100
|switch|p2a: Darmanitan|Darmanitan, M, shiny|100/100
|turn|1
|
|move|p2a: Darmanitan|U-turn|p1a: OHKO machine
|-resisted|p1a: OHKO machine
|-damage|p1a: OHKO machine|83/100
|
|switch|p2a: Blissey|Blissey, F, shiny|100/100|[from]move: U-turn
|move|p1a: OHKO machine|Draco Meteor|p2a: Blissey
|-damage|p2a: Blissey|76/100
|-unboost|p1a: OHKO machine|spa|2
|
|-heal|p2a: Blissey|83/100|[from] item: Leftovers
|upkeep
|turn|2
|
|switch|p1a: Tanky af|Umbreon, F|100/100
|move|p2a: Blissey|Thunder Wave|p1a: Tanky af
|-status|p1a: Tanky af|par
|-activate|p1a: Tanky af|ability: Synchronize
|-status|p2a: Blissey|par
|
|-heal|p2a: Blissey|89/100 par|[from] item: Leftovers
|upkeep
|turn|3
|
|switch|p1a: Weak to Everything|Celebi|100/100
|switch|p2a: Keldeo|Keldeo-Resolute|100/100
|
|upkeep
|turn|4
|
|switch|p2a: Noivern|Noivern, M, shiny|100/100
|move|p1a: Weak to Everything|Psychic|p2a: Noivern
|-crit|p2a: Noivern
|-damage|p2a: Noivern|42/100
|
|upkeep
|turn|5
|
|switch|p1a: Tanky af|Umbreon, F|100/100 par
|move|p2a: Noivern|Draco Meteor|p1a: Tanky af
|-damage|p1a: Tanky af|57/100 par
|-unboost|p2a: Noivern|spa|2
|-damage|p2a: Noivern|32/100|[from] item: Life Orb
|
|-heal|p1a: Tanky af|63/100 par|[from] item: Leftovers
|upkeep
|turn|6
|
|switch|p2a: Keldeo|Keldeo-Resolute|100/100
|move|p1a: Tanky af|Wish|p1a: Tanky af
|
|-heal|p1a: Tanky af|69/100 par|[from] item: Leftovers
|upkeep
|turn|7
|
|switch|p1a: OHKO machine|Noivern, F|83/100
|move|p2a: Keldeo|Icy Wind|p1a: OHKO machine
|-supereffective|p1a: OHKO machine
|-damage|p1a: OHKO machine|0 fnt
|-damage|p2a: Keldeo|91/100|[from] item: Life Orb
|faint|p1a: OHKO machine
|
|upkeep
|c|☆AriaoftheStars|OOF
|c|☆AriaoftheStars|OKAY OUCH
|c|☆Bamarah|!dt icy wind
|raw|<ul class="utilichart"><li class="result"><span class="col movenamecol"><a href="https://dex.pokemonshowdown.com/moves/icywind">Icy Wind</a></span> <span class="col typecol"><img src="//play.pokemonshowdown.com/sprites/types/Ice.png" alt="Ice" width="32" height="14"><img src="//play.pokemonshowdown.com/sprites/categories/Special.png" alt="Special" width="32" height="14"></span> <span class="col labelcol"><em>Power</em><br>55</span> <span class="col widelabelcol"><em>Accuracy</em><br>95%</span> <span class="col pplabelcol"><em>PP</em><br>24</span> <span class="col movedesccol">100% chance to lower the foe(s) Speed by 1.</span> </li><li style="clear:both"></li></ul>
|raw|<font size="1"><font color="#686868">Priority:</font> 0&nbsp;|&ThickSpace;<font color="#686868">Gen:</font> 2&nbsp;|&ThickSpace;&#10003; Secondary effect&nbsp;|&ThickSpace;<font color="#686868">Z-Power:</font> 100&nbsp;|&ThickSpace;<font color="#686868">Dynamax Power:</font> 110&nbsp;|&ThickSpace;<font color="#686868">Target:</font> All Adjacent Opponents</font>

|inactive|AriaoftheStars has 120 seconds left.
|c|☆AriaoftheStars|yeah, just didn't know keldeo had it
|c|☆AriaoftheStars|i don't see it often
|
|switch|p1a: Weezing|Weezing-Galar, M|100/100
|turn|8
|c|☆Bamarah|needs Ice Beam
|
|move|p2a: Keldeo|Surf|p1a: Weezing
|-damage|p1a: Weezing|24/100
|-damage|p2a: Keldeo|81/100|[from] item: Life Orb
|move|p1a: Weezing|Strange Steam|p2a: Keldeo
|-supereffective|p2a: Keldeo
|-damage|p2a: Keldeo|14/100
|
|-heal|p1a: Weezing|31/100|[from] item: Black Sludge
|upkeep
|turn|9
|inactive|AriaoftheStars has 120 seconds left.
|c|☆AriaoftheStars|jesus
|c|☆AriaoftheStars|high sp atk
|c|☆Bamarah|yes
|
|switch|p1a: Tanky af|Umbreon, F|69/100 par
|move|p2a: Keldeo|Surf|p1a: Tanky af
|-damage|p1a: Tanky af|30/100 par
|-damage|p2a: Keldeo|4/100|[from] item: Life Orb
|
|-heal|p1a: Tanky af|36/100 par|[from] item: Leftovers
|upkeep
|turn|10
|c|☆Bamarah|!dt keldeo
|raw|<div class="message"><ul class="utilichart"><li class="result"><span class="col numcol">UU</span> <span class="col iconcol"><psicon pokemon="keldeo"/></span> <span class="col pokemonnamecol" style="white-space:nowrap"><a href="https://dex.pokemonshowdown.com/pokemon/keldeo" target="_blank">Keldeo</a></span> <span class="col typecol"><img src="https://play.pokemonshowdown.com/sprites/types/Water.png" alt="Water" height="14" width="32"><img src="https://play.pokemonshowdown.com/sprites/types/Fighting.png" alt="Fighting" height="14" width="32"></span> <span style="float:left;min-height:26px"><span class="col abilitycol">Justified</span><span class="col abilitycol"></span></span><span style="float:left;min-height:26px"><span class="col statcol"><em>HP</em><br />91</span> <span class="col statcol"><em>Atk</em><br />72</span> <span class="col statcol"><em>Def</em><br />90</span> <span class="col statcol"><em>SpA</em><br />129</span> <span class="col statcol"><em>SpD</em><br />90</span> <span class="col statcol"><em>Spe</em><br />108</span> <span class="col bstcol"><em>BST<br />580</em></span> </span></li><li style="clear:both"></li></ul></div>
|raw|<font size="1"><font color="#686868">Dex#:</font> 647&nbsp;|&ThickSpace;<font color="#686868">Gen:</font> 5&nbsp;|&ThickSpace;<font color="#686868">Height:</font> 1.4 m&nbsp;|&ThickSpace;<font color="#686868">Weight:</font> 48.5 kg <em>(60 BP)</em>&nbsp;|&ThickSpace;<font color="#686868">Dex Colour:</font> Yellow&nbsp;|&ThickSpace;<font color="#686868">Egg Group(s):</font> Undiscovered&nbsp;|&ThickSpace;<font color="#686868">Does Not Evolve</font></font>

|
|move|p1a: Tanky af|Protect|p1a: Tanky af
|-singleturn|p1a: Tanky af|Protect
|move|p2a: Keldeo|Secret Sword|p1a: Tanky af
|-activate|p1a: Tanky af|move: Protect
|
|-heal|p1a: Tanky af|42/100 par|[from] item: Leftovers
|upkeep
|turn|11
|
|switch|p1a: Weak to Everything|Celebi|100/100
|move|p2a: Keldeo|Secret Sword|p1a: Weak to Everything
|-resisted|p1a: Weak to Everything
|-damage|p1a: Weak to Everything|77/100
|-damage|p2a: Keldeo|0 fnt|[from] item: Life Orb
|faint|p2a: Keldeo
|
|-heal|p1a: Weak to Everything|83/100|[from] item: Leftovers
|upkeep
|
|switch|p2a: Gengar|Gengar, M, shiny|100/100
|turn|12
|inactive|AriaoftheStars has 120 seconds left.
|
|switch|p1a: Weezing|Weezing-Galar, M|31/100
|move|p2a: Gengar|Shadow Ball|p1a: Weezing
|-crit|p1a: Weezing
|-damage|p1a: Weezing|0 fnt
|-damage|p2a: Gengar|91/100|[from] item: Life Orb
|faint|p1a: Weezing
|
|upkeep
|
|switch|p1a: Spicy Chicken|Darmanitan, F|100/100
|turn|13
|inactive|AriaoftheStars has 120 seconds left.
|
|switch|p2a: Noivern|Noivern, M, shiny|32/100
|move|p1a: Spicy Chicken|Flare Blitz|p2a: Noivern
|-resisted|p2a: Noivern
|-damage|p2a: Noivern|0 fnt
|-damage|p1a: Spicy Chicken|91/100|[from] Recoil
|faint|p2a: Noivern
|
|upkeep
|
|switch|p2a: Darmanitan|Darmanitan, M, shiny|100/100
|turn|14
|
|move|p2a: Darmanitan|Flare Blitz|p1a: Spicy Chicken
|-resisted|p1a: Spicy Chicken
|-damage|p1a: Spicy Chicken|26/100
|-damage|p2a: Darmanitan|79/100|[from] Recoil
|move|p1a: Spicy Chicken|Flare Blitz|p2a: Darmanitan
|-resisted|p2a: Darmanitan
|-damage|p2a: Darmanitan|11/100
|-damage|p1a: Spicy Chicken|3/100|[from] Recoil
|
|upkeep
|turn|15
|
|move|p2a: Darmanitan|Flare Blitz|p1a: Spicy Chicken
|-resisted|p1a: Spicy Chicken
|-damage|p1a: Spicy Chicken|0 fnt
|-damage|p2a: Darmanitan|10/100|[from] Recoil
|faint|p1a: Spicy Chicken
|
|upkeep
|c|☆AriaoftheStars|darn, you won both speed ties
|c|☆Bamarah|happens
|
|switch|p1a: Tanky af|Umbreon, F|42/100 par
|turn|16
|
|move|p1a: Tanky af|Protect|p1a: Tanky af
|-singleturn|p1a: Tanky af|Protect
|move|p2a: Darmanitan|Flare Blitz|p1a: Tanky af
|-activate|p1a: Tanky af|move: Protect
|
|-heal|p1a: Tanky af|48/100 par|[from] item: Leftovers
|upkeep
|turn|17
|
|move|p2a: Darmanitan|Flare Blitz|p1a: Tanky af
|-damage|p1a: Tanky af|0 fnt
|-damage|p2a: Darmanitan|0 fnt|[from] Recoil
|faint|p1a: Tanky af
|faint|p2a: Darmanitan
|
|upkeep
|
|switch|p2a: Gengar|Gengar, M, shiny|91/100
|switch|p1a: Angry Horsey|Cobalion|100/100
|turn|18
|
|move|p2a: Gengar|Psychic|p1a: Angry Horsey
|-crit|p1a: Angry Horsey
|-damage|p1a: Angry Horsey|14/100
|-damage|p2a: Gengar|81/100|[from] item: Life Orb
|move|p1a: Angry Horsey|Iron Head|p2a: Gengar
|-damage|p2a: Gengar|0 fnt
|-damage|p1a: Angry Horsey|5/100|[from] item: Life Orb
|faint|p2a: Gengar
|
|upkeep
|
|switch|p2a: Skarmory|Skarmory, M, shiny|100/100
|turn|19
|c|☆AriaoftheStars|oh phew
|
|switch|p1a: Weak to Everything|Celebi|83/100
|move|p2a: Skarmory|Night Slash|p1a: Weak to Everything
|-supereffective|p1a: Weak to Everything
|-damage|p1a: Weak to Everything|60/100
|
|-heal|p1a: Weak to Everything|66/100|[from] item: Leftovers
|upkeep
|turn|20
|
|switch|p2a: Blissey|Blissey, F, shiny|89/100
|move|p1a: Weak to Everything|Leech Seed|p2a: Blissey
|-start|p2a: Blissey|move: Leech Seed
|
|-heal|p1a: Weak to Everything|73/100|[from] item: Leftovers
|-heal|p2a: Blissey|95/100|[from] item: Leftovers
|-damage|p2a: Blissey|82/100|[from] Leech Seed|[of] p1a: Weak to Everything
|-heal|p1a: Weak to Everything|95/100|[silent]
|upkeep
|turn|21
|
|switch|p2a: Skarmory|Skarmory, M, shiny|100/100
|move|p1a: Weak to Everything|Psychic|p2a: Skarmory
|-resisted|p2a: Skarmory
|-damage|p2a: Skarmory|73/100
|
|-heal|p1a: Weak to Everything|100/100|[from] item: Leftovers
|-heal|p2a: Skarmory|79/100|[from] item: Leftovers
|upkeep
|turn|22
|
|switch|p2a: Blissey|Blissey, F, shiny|82/100
|move|p1a: Weak to Everything|Leech Seed|p2a: Blissey
|-start|p2a: Blissey|move: Leech Seed
|
|-heal|p2a: Blissey|89/100|[from] item: Leftovers
|-damage|p2a: Blissey|76/100|[from] Leech Seed|[of] p1a: Weak to Everything
|upkeep
|turn|23
|
|move|p1a: Weak to Everything|Psychic|p2a: Blissey
|-damage|p2a: Blissey|67/100
|move|p2a: Blissey|Seismic Toss|p1a: Weak to Everything
|-damage|p1a: Weak to Everything|76/100
|
|-heal|p1a: Weak to Everything|82/100|[from] item: Leftovers
|-heal|p2a: Blissey|73/100|[from] item: Leftovers
|-damage|p2a: Blissey|60/100|[from] Leech Seed|[of] p1a: Weak to Everything
|-heal|p1a: Weak to Everything|100/100|[silent]
|upkeep
|turn|24
|
|move|p1a: Weak to Everything|Psychic|p2a: Blissey
|-damage|p2a: Blissey|52/100
|move|p2a: Blissey|Wish|p2a: Blissey
|
|-heal|p2a: Blissey|58/100|[from] item: Leftovers
|-damage|p2a: Blissey|45/100|[from] Leech Seed|[of] p1a: Weak to Everything
|upkeep
|turn|25
|
|move|p1a: Weak to Everything|Leaf Storm|p2a: Blissey
|-damage|p2a: Blissey|33/100
|-unboost|p1a: Weak to Everything|spa|2
|move|p2a: Blissey|Thunder Wave|p1a: Weak to Everything
|-status|p1a: Weak to Everything|par
|
|-heal|p2a: Blissey|83/100|[from] move: Wish|[wisher] Blissey
|-heal|p2a: Blissey|89/100|[from] item: Leftovers
|-damage|p2a: Blissey|77/100|[from] Leech Seed|[of] p1a: Weak to Everything
|upkeep
|turn|26
|
|switch|p2a: Skarmory|Skarmory, M, shiny|79/100
|move|p1a: Weak to Everything|Psychic|p2a: Skarmory
|-resisted|p2a: Skarmory
|-damage|p2a: Skarmory|65/100
|
|-heal|p2a: Skarmory|71/100|[from] item: Leftovers
|upkeep
|turn|27
|
|move|p2a: Skarmory|Night Slash|p1a: Weak to Everything
|-supereffective|p1a: Weak to Everything
|-damage|p1a: Weak to Everything|78/100 par
|move|p1a: Weak to Everything|Leech Seed|p2a: Skarmory
|-start|p2a: Skarmory|move: Leech Seed
|
|-heal|p2a: Skarmory|77/100|[from] item: Leftovers
|-heal|p1a: Weak to Everything|84/100 par|[from] item: Leftovers
|-damage|p2a: Skarmory|65/100|[from] Leech Seed|[of] p1a: Weak to Everything
|-heal|p1a: Weak to Everything|92/100 par|[silent]
|upkeep
|turn|28
|
|move|p2a: Skarmory|Roost|p2a: Skarmory
|-heal|p2a: Skarmory|100/100
|-singleturn|p2a: Skarmory|move: Roost
|move|p1a: Weak to Everything|Psychic|p2a: Skarmory
|-resisted|p2a: Skarmory
|-damage|p2a: Skarmory|87/100
|
|-heal|p2a: Skarmory|94/100|[from] item: Leftovers
|-heal|p1a: Weak to Everything|99/100 par|[from] item: Leftovers
|-damage|p2a: Skarmory|81/100|[from] Leech Seed|[of] p1a: Weak to Everything
|-heal|p1a: Weak to Everything|100/100 par|[silent]
|upkeep
|turn|29
|
|switch|p2a: Blissey|Blissey, F, shiny|77/100
|move|p1a: Weak to Everything|Healing Wish|p1a: Weak to Everything
|faint|p1a: Weak to Everything
|
|-heal|p2a: Blissey|83/100|[from] item: Leftovers
|upkeep
|
|switch|p1a: Angry Horsey|Cobalion|5/100
|-heal|p1a: Angry Horsey|100/100|[from] move: Healing Wish
|turn|30
|
|move|p1a: Angry Horsey|Iron Head|p2a: Blissey
|-damage|p2a: Blissey|0 fnt
|-damage|p1a: Angry Horsey|91/100|[from] item: Life Orb
|faint|p2a: Blissey
|
|upkeep
|
|switch|p2a: Skarmory|Skarmory, M, shiny|81/100
|turn|31
|
|move|p1a: Angry Horsey|Stone Edge|p2a: Skarmory
|-damage|p2a: Skarmory|54/100
|-damage|p1a: Angry Horsey|81/100|[from] item: Life Orb
|move|p2a: Skarmory|Iron Defense|p2a: Skarmory
|-boost|p2a: Skarmory|def|2
|
|-heal|p2a: Skarmory|60/100|[from] item: Leftovers
|upkeep
|turn|32
|c|☆AriaoftheStars|aw shit
|
|move|p1a: Angry Horsey|Close Combat|p2a: Skarmory
|-damage|p2a: Skarmory|38/100
|-unboost|p1a: Angry Horsey|def|1
|-unboost|p1a: Angry Horsey|spd|1
|-damage|p1a: Angry Horsey|71/100|[from] item: Life Orb
|move|p2a: Skarmory|Roost|p2a: Skarmory
|-heal|p2a: Skarmory|88/100
|-singleturn|p2a: Skarmory|move: Roost
|
|-heal|p2a: Skarmory|95/100|[from] item: Leftovers
|upkeep
|turn|33
|c|☆AriaoftheStars|gg mate
|c|☆Bamarah|gg
|
|move|p1a: Angry Horsey|Iron Head|p2a: Skarmory
|-resisted|p2a: Skarmory
|-damage|p2a: Skarmory|88/100
|-damage|p1a: Angry Horsey|61/100|[from] item: Life Orb
|move|p2a: Skarmory|Body Press|p1a: Angry Horsey
|-supereffective|p1a: Angry Horsey
|-damage|p1a: Angry Horsey|0 fnt
|faint|p1a: Angry Horsey
|
|win|Bamarah
|l|☆AriaoftheStars
