|j|☆Bamarah
|j|☆TOMODRILLBREAKER
|player|p1|Bamarah|eusine-gen2|1395
|player|p2|TOMODRILLBREAKER|erika|1427
|teamsize|p1|6
|teamsize|p2|6
|gametype|singles
|gen|8
|tier|[Gen 8] UU
|rated|
|clearpoke
|poke|p1|Noivern, M|
|poke|p1|Keldeo-Resolute|
|poke|p1|Darmanitan, M|
|poke|p1|Chandelure, M|
|poke|p1|Skarmory, M|
|poke|p1|Blissey, F|
|poke|p2|Terrakion|
|poke|p2|Incineroar, F|
|poke|p2|Weezing-Galar, F|
|poke|p2|Reuniclus, F|
|poke|p2|Indeedee, M|
|poke|p2|Mimikyu, F|
|rule|Sleep Clause Mod: Limit one foe put to sleep
|rule|Species Clause: Limit one of each Pokémon
|rule|OHKO Clause: OHKO moves are banned
|rule|Evasion Moves Clause: Evasion moves are banned
|rule|Endless Battle Clause: Forcing endless battles is banned
|rule|HP Percentage Mod: HP is shown in percentages
|rule|Dynamax Clause: You cannot dynamax
|teampreview
|inactive|Battle timer is ON: inactive players will automatically lose when time's up. (requested by Bamarah)
|
|start
|switch|p1a: Darmanitan|Darmanitan, M, shiny|100/100
|switch|p2a: Terrakion|Terrakion|100/100
|turn|1
|
|move|p1a: Darmanitan|U-turn|p2a: Terrakion
|-resisted|p2a: Terrakion
|-damage|p2a: Terrakion|87/100
|
|switch|p1a: Keldeo|Keldeo-Resolute|100/100|[from]move: U-turn
|move|p2a: Terrakion|Stone Edge|p1a: Keldeo
|-resisted|p1a: Keldeo
|-damage|p1a: Keldeo|69/100
|
|upkeep
|turn|2
|
|switch|p2a: Reuniclus|Reuniclus, F|100/100
|move|p1a: Keldeo|Surf|p2a: Reuniclus
|-damage|p2a: Reuniclus|43/100
|-damage|p1a: Keldeo|59/100|[from] item: Life Orb
|
|-heal|p2a: Reuniclus|49/100|[from] item: Leftovers
|upkeep
|turn|3
|
|move|p1a: Keldeo|Surf|p2a: Reuniclus
|-damage|p2a: Reuniclus|0 fnt
|-damage|p1a: Keldeo|49/100|[from] item: Life Orb
|faint|p2a: Reuniclus
|
|upkeep
|
|switch|p2a: Indeedee|Indeedee, M|100/100
|-fieldstart|move: Psychic Terrain|[from] ability: Psychic Surge|[of] p2a: Indeedee
|turn|4
|
|switch|p2a: Terrakion|Terrakion|87/100
|switch|p1a: Blissey|Blissey, F, shiny|100/100
|
|upkeep
|turn|5
|
|switch|p1a: Skarmory|Skarmory, M, shiny|100/100
|move|p2a: Terrakion|Stealth Rock|p1a: Skarmory
|-sidestart|p1: Bamarah|move: Stealth Rock
|
|upkeep
|turn|6
|
|move|p2a: Terrakion|Stone Edge|p1a: Skarmory
|-damage|p1a: Skarmory|65/100
|move|p1a: Skarmory|Body Press|p2a: Terrakion
|-supereffective|p2a: Terrakion
|-damage|p2a: Terrakion|17/100
|
|-heal|p1a: Skarmory|71/100|[from] item: Leftovers
|upkeep
|turn|7
|
|move|p2a: Terrakion|Close Combat|p1a: Skarmory
|-damage|p1a: Skarmory|30/100
|-unboost|p2a: Terrakion|def|1
|-unboost|p2a: Terrakion|spd|1
|move|p1a: Skarmory|Iron Defense|p1a: Skarmory
|-boost|p1a: Skarmory|def|2
|
|-heal|p1a: Skarmory|36/100|[from] item: Leftovers
|upkeep
|turn|8
|
|switch|p2a: Weezing|Weezing-Galar, F|100/100
|move|p1a: Skarmory|Roost|p1a: Skarmory
|-heal|p1a: Skarmory|86/100
|-singleturn|p1a: Skarmory|move: Roost
|
|-heal|p1a: Skarmory|92/100|[from] item: Leftovers
|-fieldend|move: Psychic Terrain
|upkeep
|turn|9
|
|switch|p1a: Blissey|Blissey, F, shiny|100/100
|-damage|p1a: Blissey|88/100|[from] Stealth Rock
|move|p2a: Weezing|Flamethrower|p1a: Blissey
|-damage|p1a: Blissey|83/100
|
|-heal|p1a: Blissey|89/100|[from] item: Leftovers
|upkeep
|turn|10
|
|move|p2a: Weezing|Toxic Spikes|p1a: Blissey
|-sidestart|p1: Bamarah|move: Toxic Spikes
|move|p1a: Blissey|Thunder Wave|p2a: Weezing
|-status|p2a: Weezing|par
|
|-heal|p1a: Blissey|95/100|[from] item: Leftovers
|upkeep
|turn|11
|
|move|p1a: Blissey|Seismic Toss|p2a: Weezing
|-damage|p2a: Weezing|71/100 par
|move|p2a: Weezing|Toxic Spikes|p1a: Blissey
|-sidestart|p1: Bamarah|move: Toxic Spikes
|
|-heal|p1a: Blissey|100/100|[from] item: Leftovers
|-heal|p2a: Weezing|77/100 par|[from] item: Black Sludge
|upkeep
|turn|12
|
|switch|p2a: Mimikyu|Mimikyu, F|100/100
|move|p1a: Blissey|Seismic Toss|p2a: Mimikyu
|-immune|p2a: Mimikyu
|
|upkeep
|turn|13
|
|switch|p1a: Skarmory|Skarmory, M, shiny|92/100
|-damage|p1a: Skarmory|79/100|[from] Stealth Rock
|move|p2a: Mimikyu|Swords Dance|p2a: Mimikyu
|-boost|p2a: Mimikyu|atk|2
|
|-heal|p1a: Skarmory|85/100|[from] item: Leftovers
|upkeep
|turn|14
|
|move|p2a: Mimikyu|Drain Punch|p1a: Skarmory
|-damage|p1a: Skarmory|48/100
|-damage|p2a: Mimikyu|91/100|[from] item: Life Orb
|move|p1a: Skarmory|Iron Defense|p1a: Skarmory
|-boost|p1a: Skarmory|def|2
|
|-heal|p1a: Skarmory|54/100|[from] item: Leftovers
|upkeep
|turn|15
|
|move|p2a: Mimikyu|Swords Dance|p2a: Mimikyu
|-boost|p2a: Mimikyu|atk|2
|move|p1a: Skarmory|Iron Defense|p1a: Skarmory
|-boost|p1a: Skarmory|def|2
|
|-heal|p1a: Skarmory|60/100|[from] item: Leftovers
|upkeep
|turn|16
|
|move|p2a: Mimikyu|Phantom Force||[still]
|-prepare|p2a: Mimikyu|Phantom Force|p1a: Skarmory
|move|p1a: Skarmory|Iron Defense|p1a: Skarmory
|-boost|p1a: Skarmory|def|2
|
|-heal|p1a: Skarmory|66/100|[from] item: Leftovers
|upkeep
|turn|17
|
|move|p2a: Mimikyu|Phantom Force|p1a: Skarmory|[from]lockedmove
|-damage|p1a: Skarmory|42/100
|-damage|p2a: Mimikyu|81/100|[from] item: Life Orb
|move|p1a: Skarmory|Roost|p1a: Skarmory
|-heal|p1a: Skarmory|92/100
|-singleturn|p1a: Skarmory|move: Roost
|
|-heal|p1a: Skarmory|98/100|[from] item: Leftovers
|upkeep
|turn|18
|
|move|p2a: Mimikyu|Swords Dance|p2a: Mimikyu
|-boost|p2a: Mimikyu|atk|2
|move|p1a: Skarmory|Night Slash|p2a: Mimikyu
|-activate|p2a: Mimikyu|ability: Disguise
|-damage|p2a: Mimikyu|81/100
|detailschange|p2a: Mimikyu|Mimikyu-Busted, F
|-damage|p2a: Mimikyu|68/100|[from] pokemon: Mimikyu-Busted
|
|-heal|p1a: Skarmory|100/100|[from] item: Leftovers
|upkeep
|turn|19
|
|move|p2a: Mimikyu|Drain Punch|p1a: Skarmory
|-damage|p1a: Skarmory|82/100
|-heal|p2a: Mimikyu|79/100|[from] drain|[of] p1a: Skarmory
|-damage|p2a: Mimikyu|69/100|[from] item: Life Orb
|move|p1a: Skarmory|Night Slash|p2a: Mimikyu
|-damage|p2a: Mimikyu|44/100
|
|-heal|p1a: Skarmory|88/100|[from] item: Leftovers
|upkeep
|turn|20
|
|move|p2a: Mimikyu|Drain Punch|p1a: Skarmory
|-damage|p1a: Skarmory|68/100
|-heal|p2a: Mimikyu|54/100|[from] drain|[of] p1a: Skarmory
|-damage|p2a: Mimikyu|44/100|[from] item: Life Orb
|move|p1a: Skarmory|Night Slash|p2a: Mimikyu
|-crit|p2a: Mimikyu
|-damage|p2a: Mimikyu|6/100
|
|-heal|p1a: Skarmory|74/100|[from] item: Leftovers
|upkeep
|turn|21
|
|move|p2a: Mimikyu|Drain Punch|p1a: Skarmory
|-damage|p1a: Skarmory|55/100
|-heal|p2a: Mimikyu|17/100|[from] drain|[of] p1a: Skarmory
|-damage|p2a: Mimikyu|7/100|[from] item: Life Orb
|move|p1a: Skarmory|Night Slash|p2a: Mimikyu
|-damage|p2a: Mimikyu|0 fnt
|faint|p2a: Mimikyu
|
|-heal|p1a: Skarmory|61/100|[from] item: Leftovers
|upkeep
|
|switch|p2a: Weezing|Weezing-Galar, F|77/100 par
|turn|22
|
|move|p1a: Skarmory|Body Press|p2a: Weezing
|-resisted|p2a: Weezing
|-damage|p2a: Weezing|56/100 par
|move|p2a: Weezing|Flamethrower|p1a: Skarmory
|-supereffective|p1a: Skarmory
|-damage|p1a: Skarmory|5/100
|
|-heal|p1a: Skarmory|10/100|[from] item: Leftovers
|-heal|p2a: Weezing|62/100 par|[from] item: Black Sludge
|upkeep
|turn|23
|
|switch|p1a: Noivern|Noivern, M, shiny|100/100
|-damage|p1a: Noivern|76/100|[from] Stealth Rock
|cant|p2a: Weezing|par
|
|-heal|p2a: Weezing|68/100 par|[from] item: Black Sludge
|upkeep
|turn|24
|
|move|p1a: Noivern|Defog|p2a: Weezing
|-unboost|p2a: Weezing|evasion|1
|-sideend|p1: Bamarah|Toxic Spikes|[from] move: Defog|[of] p1a: Noivern
|-sideend|p1: Bamarah|Stealth Rock|[from] move: Defog|[of] p1a: Noivern
|move|p2a: Weezing|Sludge Wave|p1a: Noivern
|-damage|p1a: Noivern|39/100
|
|-heal|p2a: Weezing|74/100 par|[from] item: Black Sludge
|upkeep
|turn|25
|
|move|p1a: Noivern|Hurricane|p2a: Weezing
|-damage|p2a: Weezing|0 fnt
|-damage|p1a: Noivern|29/100|[from] item: Life Orb
|faint|p2a: Weezing
|
|upkeep
|
|switch|p2a: Incineroar|Incineroar, F|100/100
|-ability|p2a: Incineroar|Intimidate|boost
|-unboost|p1a: Noivern|atk|1
|turn|26
|
|move|p1a: Noivern|Draco Meteor|p2a: Incineroar
|-damage|p2a: Incineroar|56/100
|-unboost|p1a: Noivern|spa|2
|-damage|p1a: Noivern|19/100|[from] item: Life Orb
|move|p2a: Incineroar|Knock Off|p1a: Noivern
|-damage|p1a: Noivern|0 fnt
|-enditem|p1a: Noivern|Life Orb|[from] move: Knock Off|[of] p2a: Incineroar
|faint|p1a: Noivern
|
|upkeep
|
|switch|p1a: Keldeo|Keldeo-Resolute|49/100
|turn|27
|
|move|p1a: Keldeo|Secret Sword|p2a: Incineroar
|-supereffective|p2a: Incineroar
|-crit|p2a: Incineroar
|-damage|p2a: Incineroar|0 fnt
|-damage|p1a: Keldeo|40/100|[from] item: Life Orb
|faint|p2a: Incineroar
|
|upkeep
|
|switch|p2a: Indeedee|Indeedee, M|100/100
|-fieldstart|move: Psychic Terrain|[from] ability: Psychic Surge|[of] p2a: Indeedee
|turn|28
|
|move|p2a: Indeedee|Expanding Force|p1a: Keldeo
|-supereffective|p1a: Keldeo
|-damage|p1a: Keldeo|0 fnt
|faint|p1a: Keldeo
|
|upkeep
|
|switch|p1a: Darmanitan|Darmanitan, M, shiny|100/100
|turn|29
|
|move|p1a: Darmanitan|Flare Blitz|p2a: Indeedee
|-damage|p2a: Indeedee|0 fnt
|-damage|p1a: Darmanitan|76/100|[from] Recoil
|faint|p2a: Indeedee
|
|upkeep
|-message|TOMODRILLBREAKER forfeited.
|
|win|Bamarah
|l|☆TOMODRILLBREAKER
