|raw|<div class="broadcast-blue"><strong>This battle is required to be public due to a player having a name starting with 'uult91w'.</div>
|j|☆mncmt
|j|☆UULT91w Adaam
|t:|1651957391
|gametype|singles
|player|p1|mncmt|#uuplxsisters|1557
|player|p2|UULT91w Adaam|265|1629
|teamsize|p1|6
|teamsize|p2|6
|gen|8
|tier|[Gen 8] UU
|rated|
|rule|Sleep Clause Mod: Limit one foe put to sleep
|rule|Species Clause: Limit one of each Pokémon
|rule|OHKO Clause: OHKO moves are banned
|rule|Evasion Moves Clause: Evasion moves are banned
|rule|Endless Battle Clause: Forcing endless battles is banned
|rule|HP Percentage Mod: HP is shown in percentages
|rule|Dynamax Clause: You cannot dynamax
|clearpoke
|poke|p1|Togekiss, F|
|poke|p1|Slowbro-Galar, F|
|poke|p1|Druddigon, F|
|poke|p1|Primarina, F|
|poke|p1|Cobalion|
|poke|p1|Diggersby, F|
|poke|p2|Keldeo-Resolute|
|poke|p2|Thundurus-Therian, M|
|poke|p2|Aegislash, M|
|poke|p2|Hippowdon, M|
|poke|p2|Amoonguss, F|
|poke|p2|Hydreigon, M|
|teampreview
|c|☆mncmt|hf
|c|☆UULT91w Adaam|if i lose here im dropping this tour
|c|☆UULT91w Adaam|your choice now
|j| CroustyFrunch
|j| TestB4Best
|j|@Lily
|j| UULT91w Ball
|j| opela
|c| CroustyFrunch|drudiggon lmaooo
|
|t:|1651957414
|start
|switch|p1a: Primarina|Primarina, F|100/100
|switch|p2a: boom boom powdon|Hippowdon, M|100/100
|-weather|Sandstorm|[from] ability: Sand Stream|[of] p2a: boom boom powdon
|turn|1
|
|t:|1651957421
|switch|p2a: foongus triple|Amoonguss, F|100/100
|move|p1a: Primarina|Calm Mind|p1a: Primarina
|-boost|p1a: Primarina|spa|1
|-boost|p1a: Primarina|spd|1
|
|-weather|Sandstorm|[upkeep]
|-damage|p1a: Primarina|94/100|[from] Sandstorm
|-damage|p2a: foongus triple|94/100|[from] Sandstorm
|-heal|p1a: Primarina|100/100|[from] item: Leftovers
|upkeep
|turn|2
|j|+Mengy ㋛
|
|t:|1651957429
|move|p1a: Primarina|Calm Mind|p1a: Primarina
|-boost|p1a: Primarina|spa|1
|-boost|p1a: Primarina|spd|1
|move|p2a: foongus triple|Spore|p1a: Primarina
|-status|p1a: Primarina|slp|[from] move: Spore
|
|-weather|Sandstorm|[upkeep]
|-damage|p1a: Primarina|94/100 slp|[from] Sandstorm
|-damage|p2a: foongus triple|88/100|[from] Sandstorm
|-heal|p1a: Primarina|100/100 slp|[from] item: Leftovers
|upkeep
|turn|3
|j| battlefleet
|
|t:|1651957434
|switch|p2a: Thundurus|Thundurus-Therian, M|100/100
|cant|p1a: Primarina|slp
|move|p1a: Primarina|Snore|p2a: Thundurus
|-crit|p2a: Thundurus
|-damage|p2a: Thundurus|18/100
|
|-weather|Sandstorm|[upkeep]
|-damage|p2a: Thundurus|12/100|[from] Sandstorm
|-damage|p1a: Primarina|94/100 slp|[from] Sandstorm
|-heal|p1a: Primarina|100/100 slp|[from] item: Leftovers
|upkeep
|turn|4
|
|t:|1651957439
|move|p2a: Thundurus|Volt Switch|p1a: Primarina
|-supereffective|p1a: Primarina
|-damage|p1a: Primarina|70/100 slp
|
|t:|1651957445
|switch|p2a: foongus triple|Amoonguss, F|100/100|[from]move: Volt Switch
|cant|p1a: Primarina|slp
|move|p1a: Primarina|Snore|p2a: foongus triple
|-resisted|p2a: foongus triple
|-damage|p2a: foongus triple|80/100
|
|-weather|Sandstorm|[upkeep]
|-damage|p1a: Primarina|64/100 slp|[from] Sandstorm
|-damage|p2a: foongus triple|73/100|[from] Sandstorm
|-heal|p1a: Primarina|70/100 slp|[from] item: Leftovers
|upkeep
|turn|5
|j| EternalSnowman
|
|t:|1651957455
|cant|p1a: Primarina|slp
|move|p2a: foongus triple|Spore|p1a: Primarina
|-fail|p1a: Primarina|slp
|
|-weather|none
|-heal|p1a: Primarina|76/100 slp|[from] item: Leftovers
|upkeep
|turn|6
|
|t:|1651957459
|-curestatus|p1a: Primarina|slp|[msg]
|move|p1a: Primarina|Calm Mind|p1a: Primarina
|-boost|p1a: Primarina|spa|1
|-boost|p1a: Primarina|spd|1
|move|p2a: foongus triple|Spore|p1a: Primarina
|-status|p1a: Primarina|slp|[from] move: Spore
|
|-heal|p1a: Primarina|82/100 slp|[from] item: Leftovers
|upkeep
|turn|7
|c|☆UULT91w Adaam|i have lost
|
|t:|1651957464
|switch|p2a: Aegislash|Aegislash, M|100/100
|cant|p1a: Primarina|slp
|move|p1a: Primarina|Snore|p2a: Aegislash
|-crit|p2a: Aegislash
|-damage|p2a: Aegislash|21/100
|
|-heal|p1a: Primarina|88/100 slp|[from] item: Leftovers
|upkeep
|turn|8
|
|t:|1651957467
|-formechange|p2a: Aegislash|Aegislash-Blade||[from] ability: Stance Change
|move|p2a: Aegislash|Flash Cannon|p1a: Primarina
|-damage|p1a: Primarina|64/100 slp
|cant|p1a: Primarina|slp
|move|p1a: Primarina|Snore|p2a: Aegislash
|-damage|p2a: Aegislash|0 fnt
|faint|p2a: Aegislash
|
|-heal|p1a: Primarina|70/100 slp|[from] item: Leftovers
|upkeep
|-message|UULT91w Adaam forfeited.
|
|win|mncmt
|raw|mncmt's rating: 1530 &rarr; <strong>1556</strong><br />(+26 for winning)
|raw|UULT91w Adaam's rating: 1629 &rarr; <strong>1603</strong><br />(-26 for losing)
|c|☆mncmt|gg
|l|@Lily
|c|☆UULT91w Adaam|gg
|l|☆UULT91w Adaam
