|j|☆uult1 freitas
|j|☆UULT1 pif
|player|p1|uult1 freitas|swimmerm-gen3|1631
|player|p2|UULT1 pif|preschoolerf|1680
|teamsize|p1|6
|teamsize|p2|6
|gametype|singles
|gen|8
|tier|[Gen 8] UU
|rated|
|clearpoke
|poke|p1|Machamp, F|
|poke|p1|Sylveon, M|
|poke|p1|Flygon, F|
|poke|p1|Copperajah, F|
|poke|p1|Rotom-Wash|
|poke|p1|Noivern, F|
|poke|p2|Celebi|
|poke|p2|Umbreon, M|
|poke|p2|Noivern, M|
|poke|p2|Arcanine, M|
|poke|p2|Quagsire, M|
|poke|p2|Reuniclus, M|
|rule|Sleep Clause Mod: Limit one foe put to sleep
|rule|Species Clause: Limit one of each Pokémon
|rule|OHKO Clause: OHKO moves are banned
|rule|Evasion Moves Clause: Evasion moves are banned
|rule|Endless Battle Clause: Forcing endless battles is banned
|rule|HP Percentage Mod: HP is shown in percentages
|rule|Dynamax Clause: You cannot dynamax
|teampreview
|c|☆uult1 freitas|i just played stall dude
|c|☆uult1 freitas|lmao
|c|☆UULT1 pif|x
|c|☆UULT1 pif|good job uult
|j| A HERO'S DESTINY
|j| flaming pp
|c|☆uult1 freitas|yeah fuck this tour
|
|start
|switch|p1a: Rotom|Rotom-Wash|100/100
|switch|p2a: funion onion|Celebi|100/100
|turn|1
|
|move|p1a: Rotom|Volt Switch|p2a: funion onion
|-resisted|p2a: funion onion
|-damage|p2a: funion onion|89/100
|j| LiarFairy≧◡≦
|
|switch|p1a: Noivern|Noivern, F|100/100|[from]move: Volt Switch
|move|p2a: funion onion|Stealth Rock|p1a: Noivern
|-sidestart|p1: uult1 freitas|move: Stealth Rock
|
|upkeep
|turn|2
|j| uult1 SOMALIA
|
|switch|p2a: jelly belly|Reuniclus, M|100/100
|move|p1a: Noivern|Defog|p2a: jelly belly
|-unboost|p2a: jelly belly|evasion|1
|-sideend|p1: uult1 freitas|Stealth Rock|[from] move: Defog|[of] p1a: Noivern
|
|upkeep
|turn|3
|
|move|p1a: Noivern|U-turn|p2a: jelly belly
|-supereffective|p2a: jelly belly
|-damage|p2a: jelly belly|77/100
|j| pif
|
|switch|p1a: Rotom|Rotom-Wash|100/100|[from]move: U-turn
|move|p2a: jelly belly|Knock Off|p1a: Rotom
|-damage|p1a: Rotom|85/100
|-enditem|p1a: Rotom|Leftovers|[from] move: Knock Off|[of] p2a: jelly belly
|
|upkeep
|turn|4
|
|move|p1a: Rotom|Thunder Wave|p2a: jelly belly
|-status|p2a: jelly belly|par
|move|p2a: jelly belly|Knock Off|p1a: Rotom
|-crit|p1a: Rotom
|-damage|p1a: Rotom|71/100
|
|upkeep
|turn|5
|
|move|p1a: Rotom|Volt Switch|p2a: jelly belly
|-damage|p2a: jelly belly|67/100 par
|
|switch|p1a: Copperajah|Copperajah, F|100/100|[from]move: Volt Switch
|move|p2a: jelly belly|Knock Off|p1a: Copperajah
|-damage|p1a: Copperajah|86/100
|-enditem|p1a: Copperajah|Leftovers|[from] move: Knock Off|[of] p2a: jelly belly
|
|upkeep
|turn|6
|
|switch|p2a: funion onion|Celebi|89/100
|move|p1a: Copperajah|Stealth Rock|p2a: funion onion
|-sidestart|p2: UULT1 pif|move: Stealth Rock
|
|upkeep
|turn|7
|
|move|p2a: funion onion|Stealth Rock|p1a: Copperajah
|-sidestart|p1: uult1 freitas|move: Stealth Rock
|move|p1a: Copperajah|Heat Crash|p2a: funion onion
|-supereffective|p2a: funion onion
|-damage|p2a: funion onion|49/100
|
|upkeep
|turn|8
|
|move|p2a: funion onion|Recover|p2a: funion onion
|-heal|p2a: funion onion|99/100
|move|p1a: Copperajah|Heat Crash|p2a: funion onion
|-supereffective|p2a: funion onion
|-damage|p2a: funion onion|56/100
|
|upkeep
|turn|9
|
|move|p2a: funion onion|Recover|p2a: funion onion
|-heal|p2a: funion onion|100/100
|move|p1a: Copperajah|Heat Crash|p2a: funion onion
|-supereffective|p2a: funion onion
|-damage|p2a: funion onion|55/100
|
|upkeep
|turn|10
|
|move|p2a: funion onion|Recover|p2a: funion onion
|-heal|p2a: funion onion|100/100
|move|p1a: Copperajah|Heat Crash|p2a: funion onion
|-supereffective|p2a: funion onion
|-damage|p2a: funion onion|56/100
|
|upkeep
|turn|11
|
|move|p2a: funion onion|Recover|p2a: funion onion
|-heal|p2a: funion onion|100/100
|move|p1a: Copperajah|Heat Crash|p2a: funion onion
|-supereffective|p2a: funion onion
|-damage|p2a: funion onion|54/100
|
|upkeep
|turn|12
|
|move|p2a: funion onion|Recover|p2a: funion onion
|-heal|p2a: funion onion|100/100
|move|p1a: Copperajah|Heat Crash|p2a: funion onion
|-supereffective|p2a: funion onion
|-damage|p2a: funion onion|53/100
|
|upkeep
|turn|13
|
|move|p2a: funion onion|Recover|p2a: funion onion
|-heal|p2a: funion onion|100/100
|move|p1a: Copperajah|Heat Crash|p2a: funion onion
|-supereffective|p2a: funion onion
|-damage|p2a: funion onion|59/100
|
|upkeep
|turn|14
|
|switch|p2a: woofy woof|Arcanine, M|100/100
|-ability|p2a: woofy woof|Intimidate|boost
|-unboost|p1a: Copperajah|atk|1
|move|p1a: Copperajah|Heat Crash|p2a: woofy woof
|-resisted|p2a: woofy woof
|-damage|p2a: woofy woof|92/100
|
|upkeep
|turn|15
|
|switch|p1a: Rotom|Rotom-Wash|71/100
|-damage|p1a: Rotom|59/100|[from] Stealth Rock
|move|p2a: woofy woof|Toxic|p1a: Rotom
|-status|p1a: Rotom|tox
|
|-damage|p1a: Rotom|53/100 tox|[from] psn
|upkeep
|turn|16
|
|switch|p2a: muddy buddy|Quagsire, M|100/100
|-damage|p2a: muddy buddy|94/100|[from] Stealth Rock
|move|p1a: Rotom|Volt Switch|p2a: muddy buddy
|-immune|p2a: muddy buddy
|
|-heal|p2a: muddy buddy|100/100|[from] item: Leftovers
|-damage|p1a: Rotom|41/100 tox|[from] psn
|upkeep
|turn|17
|
|move|p1a: Rotom|Pain Split|p2a: muddy buddy
|-sethp|p2a: muddy buddy|66/100|[from] move: Pain Split|[silent]
|-sethp|p1a: Rotom|86/100 tox|[from] move: Pain Split
|move|p2a: muddy buddy|Scald|p1a: Rotom
|-resisted|p1a: Rotom
|-damage|p1a: Rotom|76/100 tox
|
|-heal|p2a: muddy buddy|72/100|[from] item: Leftovers
|-damage|p1a: Rotom|58/100 tox|[from] psn
|upkeep
|turn|18
|
|switch|p1a: Sylveon|Sylveon, M|100/100
|-damage|p1a: Sylveon|88/100|[from] Stealth Rock
|move|p2a: muddy buddy|Recover|p2a: muddy buddy
|-heal|p2a: muddy buddy|100/100
|
|-heal|p1a: Sylveon|94/100|[from] item: Leftovers
|upkeep
|turn|19
|
|switch|p2a: woofy woof|Arcanine, M|92/100
|-ability|p2a: woofy woof|Intimidate|boost
|-unboost|p1a: Sylveon|atk|1
|move|p1a: Sylveon|Heal Bell|p1a: Sylveon
|-activate|p1a: Sylveon|move: Heal Bell
|-curestatus|p1: Rotom|tox|[msg]
|
|-heal|p1a: Sylveon|99/100|[from] item: Leftovers
|upkeep
|turn|20
|
|move|p1a: Sylveon|Protect|p1a: Sylveon
|-singleturn|p1a: Sylveon|Protect
|move|p2a: woofy woof|Toxic|p1a: Sylveon
|-activate|p1a: Sylveon|move: Protect
|
|-heal|p1a: Sylveon|100/100|[from] item: Leftovers
|upkeep
|turn|21
|
|switch|p1a: Rotom|Rotom-Wash|58/100
|-damage|p1a: Rotom|46/100|[from] Stealth Rock
|move|p2a: woofy woof|Toxic|p1a: Rotom|[miss]
|-miss|p2a: woofy woof|p1a: Rotom
|
|upkeep
|turn|22
|j| airports
|
|switch|p2a: muddy buddy|Quagsire, M|100/100
|-damage|p2a: muddy buddy|94/100|[from] Stealth Rock
|move|p1a: Rotom|Hydro Pump|p2a: muddy buddy
|-damage|p2a: muddy buddy|50/100
|
|-heal|p2a: muddy buddy|56/100|[from] item: Leftovers
|upkeep
|turn|23
|
|move|p1a: Rotom|Hydro Pump|p2a: muddy buddy|[miss]
|-miss|p1a: Rotom|p2a: muddy buddy
|move|p2a: muddy buddy|Recover|p2a: muddy buddy
|-heal|p2a: muddy buddy|100/100
|
|upkeep
|turn|24
|
|switch|p2a: funion onion|Celebi|59/100
|-damage|p2a: funion onion|47/100|[from] Stealth Rock
|move|p1a: Rotom|Pain Split|p2a: funion onion
|-sethp|p2a: funion onion|41/100|[from] move: Pain Split|[silent]
|-sethp|p1a: Rotom|54/100|[from] move: Pain Split
|
|upkeep
|turn|25
|
|move|p1a: Rotom|Volt Switch|p2a: funion onion
|-resisted|p2a: funion onion
|-damage|p2a: funion onion|30/100
|
|switch|p1a: Noivern|Noivern, F|100/100|[from]move: Volt Switch
|move|p2a: funion onion|Recover|p2a: funion onion
|-heal|p2a: funion onion|80/100
|
|upkeep
|turn|26
|
|move|p1a: Noivern|U-turn|p2a: funion onion
|-supereffective|p2a: funion onion
|-damage|p2a: funion onion|50/100
|l|airports
|
|switch|p1a: Copperajah|Copperajah, F|86/100|[from]move: U-turn
|-damage|p1a: Copperajah|80/100|[from] Stealth Rock
|move|p2a: funion onion|Recover|p2a: funion onion
|-heal|p2a: funion onion|99/100
|
|upkeep
|turn|27
|j| you make my tm26
|
|switch|p2a: woofy woof|Arcanine, M|92/100
|-ability|p2a: woofy woof|Intimidate|boost
|-unboost|p1a: Copperajah|atk|1
|switch|p1a: Flygon|Flygon, F|100/100
|-damage|p1a: Flygon|95/100|[from] Stealth Rock
|
|upkeep
|turn|28
|
|switch|p2a: batzy watzy|Noivern, M|100/100
|-item|p1a: Flygon|Lum Berry|[from] ability: Frisk|[of] p2a: batzy watzy|[identify]
|move|p1a: Flygon|Earthquake|p2a: batzy watzy
|-immune|p2a: batzy watzy
|
|upkeep
|turn|29
|j| Solonorrrrr
|
|switch|p2a: muddy buddy|Quagsire, M|100/100
|-damage|p2a: muddy buddy|94/100|[from] Stealth Rock
|move|p1a: Flygon|Outrage|p2a: muddy buddy
|-damage|p2a: muddy buddy|56/100
|
|-heal|p2a: muddy buddy|62/100|[from] item: Leftovers
|upkeep
|turn|30
|j| Baganha
|
|move|p1a: Flygon|Outrage|p2a: muddy buddy|[from]lockedmove
|-crit|p2a: muddy buddy
|-damage|p2a: muddy buddy|7/100
|-start|p1a: Flygon|confusion|[fatigue]
|-enditem|p1a: Flygon|Lum Berry|[eat]
|-end|p1a: Flygon|confusion
|move|p2a: muddy buddy|Recover|p2a: muddy buddy
|-heal|p2a: muddy buddy|57/100
|
|-heal|p2a: muddy buddy|63/100|[from] item: Leftovers
|upkeep
|turn|31
|
|switch|p1a: Machamp|Machamp, F|100/100
|-damage|p1a: Machamp|94/100|[from] Stealth Rock
|move|p2a: muddy buddy|Recover|p2a: muddy buddy
|-heal|p2a: muddy buddy|100/100
|
|-status|p1a: Machamp|brn|[from] item: Flame Orb
|upkeep
|turn|32
|
|switch|p2a: funion onion|Celebi|99/100
|-damage|p2a: funion onion|87/100|[from] Stealth Rock
|move|p1a: Machamp|Knock Off|p2a: funion onion
|-supereffective|p2a: funion onion
|-enditem|p2a: funion onion|Colbur Berry|[eat]
|-enditem|p2a: funion onion|Colbur Berry|[weaken]
|-damage|p2a: funion onion|55/100
|
|-damage|p1a: Machamp|88/100 brn|[from] brn
|upkeep
|turn|33
|c| flaming pp|rEsIsTs
|
|switch|p1a: Copperajah|Copperajah, F|80/100
|-damage|p1a: Copperajah|74/100|[from] Stealth Rock
|move|p2a: funion onion|Recover|p2a: funion onion
|-heal|p2a: funion onion|100/100
|
|upkeep
|turn|34
|c|☆UULT1 pif|resisted.
|
|switch|p2a: woofy woof|Arcanine, M|92/100
|-ability|p2a: woofy woof|Intimidate|boost
|-unboost|p1a: Copperajah|atk|1
|switch|p1a: Rotom|Rotom-Wash|54/100
|-damage|p1a: Rotom|42/100|[from] Stealth Rock
|
|upkeep
|turn|35
|
|switch|p2a: jelly belly|Reuniclus, M|100/100 par
|-damage|p2a: jelly belly|88/100 par|[from] Stealth Rock
|move|p1a: Rotom|Pain Split|p2a: jelly belly
|-sethp|p2a: jelly belly|59/100 par|[from] move: Pain Split|[silent]
|-sethp|p1a: Rotom|82/100|[from] move: Pain Split
|
|upkeep
|turn|36
|
|move|p1a: Rotom|Volt Switch|p2a: jelly belly
|-damage|p2a: jelly belly|48/100 par
|
|switch|p1a: Sylveon|Sylveon, M|100/100|[from]move: Volt Switch
|-damage|p1a: Sylveon|88/100|[from] Stealth Rock
|move|p2a: jelly belly|Psychic|p1a: Sylveon
|-damage|p1a: Sylveon|61/100
|
|-heal|p1a: Sylveon|67/100|[from] item: Leftovers
|upkeep
|turn|37
|
|move|p1a: Sylveon|Wish|p1a: Sylveon
|move|p2a: jelly belly|Knock Off|p1a: Sylveon
|-resisted|p1a: Sylveon
|-damage|p1a: Sylveon|61/100
|-enditem|p1a: Sylveon|Leftovers|[from] move: Knock Off|[of] p2a: jelly belly
|
|upkeep
|turn|38
|j| Bob the Bro
|
|switch|p2a: woofy woof|Arcanine, M|92/100
|-ability|p2a: woofy woof|Intimidate|boost
|-unboost|p1a: Sylveon|atk|1
|move|p1a: Sylveon|Hyper Voice|p2a: woofy woof
|-resisted|p2a: woofy woof
|-damage|p2a: woofy woof|69/100
|
|-heal|p1a: Sylveon|100/100|[from] move: Wish|[wisher] Sylveon
|upkeep
|turn|39
|
|switch|p1a: Machamp|Machamp, F|88/100 brn
|-damage|p1a: Machamp|82/100 brn|[from] Stealth Rock
|move|p2a: woofy woof|Toxic||[still]
|-fail|p2a: woofy woof
|
|-damage|p1a: Machamp|76/100 brn|[from] brn
|upkeep
|turn|40
|
|switch|p2a: funion onion|Celebi|100/100
|-damage|p2a: funion onion|88/100|[from] Stealth Rock
|move|p1a: Machamp|Facade|p2a: funion onion
|-damage|p2a: funion onion|38/100
|
|-damage|p1a: Machamp|69/100 brn|[from] brn
|upkeep
|turn|41
|
|move|p2a: funion onion|Recover|p2a: funion onion
|-heal|p2a: funion onion|88/100
|move|p1a: Machamp|Facade|p2a: funion onion
|-damage|p2a: funion onion|42/100
|
|-damage|p1a: Machamp|63/100 brn|[from] brn
|upkeep
|turn|42
|
|switch|p1a: Noivern|Noivern, F|100/100
|move|p2a: funion onion|Recover|p2a: funion onion
|-heal|p2a: funion onion|92/100
|
|upkeep
|turn|43
|
|switch|p2a: umby wumby|Umbreon, M|100/100
|-damage|p2a: umby wumby|88/100|[from] Stealth Rock
|move|p1a: Noivern|Hurricane|p2a: umby wumby
|-damage|p2a: umby wumby|64/100
|
|-heal|p2a: umby wumby|70/100|[from] item: Leftovers
|upkeep
|turn|44
|
|move|p2a: umby wumby|Protect|p2a: umby wumby
|-singleturn|p2a: umby wumby|Protect
|move|p1a: Noivern|U-turn|p2a: umby wumby
|-activate|p2a: umby wumby|move: Protect
|
|-heal|p2a: umby wumby|76/100|[from] item: Leftovers
|upkeep
|turn|45
|
|move|p1a: Noivern|U-turn|p2a: umby wumby
|-supereffective|p2a: umby wumby
|-damage|p2a: umby wumby|59/100
|
|switch|p1a: Sylveon|Sylveon, M|100/100|[from]move: U-turn
|-damage|p1a: Sylveon|88/100|[from] Stealth Rock
|move|p2a: umby wumby|Heal Bell|p2a: umby wumby
|-activate|p2a: umby wumby|move: Heal Bell
|-curestatus|p2: jelly belly|par|[msg]
|
|-heal|p2a: umby wumby|65/100|[from] item: Leftovers
|upkeep
|turn|46
|
|move|p2a: umby wumby|Wish|p2a: umby wumby
|move|p1a: Sylveon|Wish|p1a: Sylveon
|
|-heal|p2a: umby wumby|71/100|[from] item: Leftovers
|upkeep
|turn|47
|
|switch|p1a: Machamp|Machamp, F|63/100 brn
|-damage|p1a: Machamp|57/100 brn|[from] Stealth Rock
|move|p2a: umby wumby|Foul Play|p1a: Machamp
|-resisted|p1a: Machamp
|-damage|p1a: Machamp|23/100 brn
|
|-heal|p2a: umby wumby|100/100|[from] move: Wish|[wisher] umby wumby
|-heal|p1a: Machamp|85/100 brn|[from] move: Wish|[wisher] Sylveon
|-damage|p1a: Machamp|78/100 brn|[from] brn
|upkeep
|turn|48
|
|move|p2a: umby wumby|Protect|p2a: umby wumby
|-singleturn|p2a: umby wumby|Protect
|move|p1a: Machamp|Knock Off|p2a: umby wumby
|-activate|p2a: umby wumby|move: Protect
|
|-damage|p1a: Machamp|72/100 brn|[from] brn
|upkeep
|turn|49
|
|switch|p2a: funion onion|Celebi|92/100
|-damage|p2a: funion onion|79/100|[from] Stealth Rock
|move|p1a: Machamp|Facade|p2a: funion onion
|-damage|p2a: funion onion|33/100
|
|-damage|p1a: Machamp|66/100 brn|[from] brn
|upkeep
|turn|50
|
|switch|p1a: Noivern|Noivern, F|100/100
|move|p2a: funion onion|Recover|p2a: funion onion
|-heal|p2a: funion onion|83/100
|
|upkeep
|turn|51
|
|switch|p2a: umby wumby|Umbreon, M|100/100
|-damage|p2a: umby wumby|88/100|[from] Stealth Rock
|move|p1a: Noivern|U-turn|p2a: umby wumby
|-supereffective|p2a: umby wumby
|-crit|p2a: umby wumby
|-damage|p2a: umby wumby|62/100
|
|switch|p1a: Machamp|Machamp, F|66/100 brn|[from]move: U-turn
|-damage|p1a: Machamp|60/100 brn|[from] Stealth Rock
|
|-heal|p2a: umby wumby|68/100|[from] item: Leftovers
|-damage|p1a: Machamp|53/100 brn|[from] brn
|upkeep
|turn|52
|
|move|p2a: umby wumby|Protect|p2a: umby wumby
|-singleturn|p2a: umby wumby|Protect
|move|p1a: Machamp|Close Combat|p2a: umby wumby
|-activate|p2a: umby wumby|move: Protect
|
|-heal|p2a: umby wumby|74/100|[from] item: Leftovers
|-damage|p1a: Machamp|47/100 brn|[from] brn
|upkeep
|turn|53
|
|switch|p2a: funion onion|Celebi|83/100
|-damage|p2a: funion onion|71/100|[from] Stealth Rock
|move|p1a: Machamp|Knock Off|p2a: funion onion
|-supereffective|p2a: funion onion
|-damage|p2a: funion onion|23/100
|
|-damage|p1a: Machamp|41/100 brn|[from] brn
|upkeep
|turn|54
|
|switch|p1a: Noivern|Noivern, F|100/100
|move|p2a: funion onion|Recover|p2a: funion onion
|-heal|p2a: funion onion|73/100
|
|upkeep
|turn|55
|
|switch|p2a: jelly belly|Reuniclus, M|81/100
|-damage|p2a: jelly belly|69/100|[from] Stealth Rock
|move|p1a: Noivern|U-turn|p2a: jelly belly
|-supereffective|p2a: jelly belly
|-damage|p2a: jelly belly|46/100
|
|switch|p1a: Machamp|Machamp, F|41/100 brn|[from]move: U-turn
|-damage|p1a: Machamp|35/100 brn|[from] Stealth Rock
|
|-damage|p1a: Machamp|29/100 brn|[from] brn
|upkeep
|turn|56
|j| outj pato
|
|switch|p2a: funion onion|Celebi|73/100
|-damage|p2a: funion onion|61/100|[from] Stealth Rock
|move|p1a: Machamp|Knock Off|p2a: funion onion
|-supereffective|p2a: funion onion
|-damage|p2a: funion onion|14/100
|
|-damage|p1a: Machamp|22/100 brn|[from] brn
|upkeep
|turn|57
|
|switch|p2a: batzy watzy|Noivern, M|100/100
|-item|p1a: Machamp|Flame Orb|[from] ability: Frisk|[of] p2a: batzy watzy|[identify]
|move|p1a: Machamp|Bullet Punch|p2a: batzy watzy
|-crit|p2a: batzy watzy
|-damage|p2a: batzy watzy|64/100
|
|-damage|p1a: Machamp|16/100 brn|[from] brn
|upkeep
|turn|58
|
|switch|p1a: Rotom|Rotom-Wash|82/100
|-damage|p1a: Rotom|70/100|[from] Stealth Rock
|move|p2a: batzy watzy|Flamethrower|p1a: Rotom
|-resisted|p1a: Rotom
|-damage|p1a: Rotom|57/100
|
|upkeep
|turn|59
|j| 467 11 11p
|j| Bale2711
|j| UULT1 Curry
|
|switch|p2a: muddy buddy|Quagsire, M|100/100
|-damage|p2a: muddy buddy|94/100|[from] Stealth Rock
|move|p1a: Rotom|Volt Switch|p2a: muddy buddy
|-immune|p2a: muddy buddy
|
|-heal|p2a: muddy buddy|100/100|[from] item: Leftovers
|upkeep
|turn|60
|j| Thiago Neves
|
|switch|p1a: Copperajah|Copperajah, F|74/100
|-damage|p1a: Copperajah|67/100|[from] Stealth Rock
|move|p2a: muddy buddy|Scald|p1a: Copperajah
|-damage|p1a: Copperajah|55/100
|
|upkeep
|turn|61
|
|switch|p2a: woofy woof|Arcanine, M|69/100
|-ability|p2a: woofy woof|Intimidate|boost
|-unboost|p1a: Copperajah|atk|1
|move|p1a: Copperajah|Power Whip|p2a: woofy woof
|-resisted|p2a: woofy woof
|-damage|p2a: woofy woof|60/100
|
|upkeep
|turn|62
|j| Aravail-B2
|
|switch|p1a: Flygon|Flygon, F|95/100
|-damage|p1a: Flygon|89/100|[from] Stealth Rock
|move|p2a: woofy woof|Morning Sun|p2a: woofy woof
|-heal|p2a: woofy woof|100/100
|
|upkeep
|turn|63
|
|switch|p2a: muddy buddy|Quagsire, M|100/100
|-damage|p2a: muddy buddy|94/100|[from] Stealth Rock
|move|p1a: Flygon|Dragon Dance|p1a: Flygon
|-boost|p1a: Flygon|atk|1
|-boost|p1a: Flygon|spe|1
|
|-heal|p2a: muddy buddy|100/100|[from] item: Leftovers
|upkeep
|turn|64
|
|switch|p1a: Sylveon|Sylveon, M|88/100
|-damage|p1a: Sylveon|76/100|[from] Stealth Rock
|move|p2a: muddy buddy|Scald|p1a: Sylveon
|-damage|p1a: Sylveon|65/100
|
|upkeep
|turn|65
|
|switch|p2a: woofy woof|Arcanine, M|100/100
|-ability|p2a: woofy woof|Intimidate|boost
|-unboost|p1a: Sylveon|atk|1
|move|p1a: Sylveon|Hyper Voice|p2a: woofy woof
|-resisted|p2a: woofy woof
|-damage|p2a: woofy woof|78/100
|
|upkeep
|turn|66
|
|move|p2a: woofy woof|Toxic|p1a: Sylveon
|-status|p1a: Sylveon|tox
|move|p1a: Sylveon|Wish|p1a: Sylveon
|
|-damage|p1a: Sylveon|59/100 tox|[from] psn
|upkeep
|turn|67
|
|move|p2a: woofy woof|Flamethrower|p1a: Sylveon
|-damage|p1a: Sylveon|37/100 tox
|move|p1a: Sylveon|Heal Bell|p1a: Sylveon
|-activate|p1a: Sylveon|move: Heal Bell
|-curestatus|p1a: Sylveon|tox|[msg]
|-curestatus|p1: Machamp|brn|[msg]
|
|-heal|p1a: Sylveon|87/100|[from] move: Wish|[wisher] Sylveon
|upkeep
|turn|68
|
|move|p1a: Sylveon|Protect|p1a: Sylveon
|-singleturn|p1a: Sylveon|Protect
|move|p2a: woofy woof|Toxic|p1a: Sylveon
|-activate|p1a: Sylveon|move: Protect
|
|upkeep
|turn|69
|
|switch|p1a: Rotom|Rotom-Wash|57/100
|-damage|p1a: Rotom|45/100|[from] Stealth Rock
|move|p2a: woofy woof|Toxic|p1a: Rotom
|-status|p1a: Rotom|tox
|
|-damage|p1a: Rotom|39/100 tox|[from] psn
|upkeep
|turn|70
|n| HSPECS|thiagoneves
|
|switch|p2a: muddy buddy|Quagsire, M|100/100
|-damage|p2a: muddy buddy|94/100|[from] Stealth Rock
|move|p1a: Rotom|Volt Switch|p2a: muddy buddy
|-immune|p2a: muddy buddy
|
|-heal|p2a: muddy buddy|100/100|[from] item: Leftovers
|-damage|p1a: Rotom|27/100 tox|[from] psn
|upkeep
|turn|71
|
|switch|p1a: Noivern|Noivern, F|100/100
|switch|p2a: jelly belly|Reuniclus, M|79/100
|-damage|p2a: jelly belly|67/100|[from] Stealth Rock
|
|upkeep
|turn|72
|
|move|p1a: Noivern|U-turn|p2a: jelly belly
|-supereffective|p2a: jelly belly
|-damage|p2a: jelly belly|43/100
|l| Baganha
|
|switch|p1a: Sylveon|Sylveon, M|87/100|[from]move: U-turn
|-damage|p1a: Sylveon|74/100|[from] Stealth Rock
|move|p2a: jelly belly|Psychic|p1a: Sylveon
|-damage|p1a: Sylveon|47/100
|
|upkeep
|turn|73
|
|move|p1a: Sylveon|Wish|p1a: Sylveon
|move|p2a: jelly belly|Psychic|p1a: Sylveon
|-damage|p1a: Sylveon|19/100
|
|upkeep
|turn|74
|
|switch|p2a: woofy woof|Arcanine, M|78/100
|-ability|p2a: woofy woof|Intimidate|boost
|-unboost|p1a: Sylveon|atk|1
|move|p1a: Sylveon|Protect||[still]
|-fail|p1a: Sylveon
|
|-heal|p1a: Sylveon|69/100|[from] move: Wish|[wisher] Sylveon
|upkeep
|turn|75
|
|move|p2a: woofy woof|Toxic|p1a: Sylveon
|-status|p1a: Sylveon|tox
|move|p1a: Sylveon|Wish|p1a: Sylveon
|
|-damage|p1a: Sylveon|63/100 tox|[from] psn
|upkeep
|turn|76
|
|move|p2a: woofy woof|Flamethrower|p1a: Sylveon
|-damage|p1a: Sylveon|41/100 tox
|move|p1a: Sylveon|Heal Bell|p1a: Sylveon
|-activate|p1a: Sylveon|move: Heal Bell
|-curestatus|p1a: Sylveon|tox|[msg]
|-curestatus|p1: Rotom|tox|[msg]
|
|-heal|p1a: Sylveon|91/100|[from] move: Wish|[wisher] Sylveon
|upkeep
|turn|77
|l| 467 11 11p
|
|move|p1a: Sylveon|Protect|p1a: Sylveon
|-singleturn|p1a: Sylveon|Protect
|move|p2a: woofy woof|Flamethrower|p1a: Sylveon
|-activate|p1a: Sylveon|move: Protect
|
|upkeep
|turn|78
|
|switch|p1a: Noivern|Noivern, F|100/100
|move|p2a: woofy woof|Toxic|p1a: Noivern
|-status|p1a: Noivern|tox
|
|-damage|p1a: Noivern|94/100 tox|[from] psn
|upkeep
|turn|79
|
|move|p1a: Noivern|U-turn|p2a: woofy woof
|-resisted|p2a: woofy woof
|-damage|p2a: woofy woof|74/100
|
|switch|p1a: Rotom|Rotom-Wash|27/100|[from]move: U-turn
|-damage|p1a: Rotom|15/100|[from] Stealth Rock
|move|p2a: woofy woof|Morning Sun|p2a: woofy woof
|-heal|p2a: woofy woof|100/100
|
|upkeep
|turn|80
|
|switch|p2a: jelly belly|Reuniclus, M|76/100
|-damage|p2a: jelly belly|64/100|[from] Stealth Rock
|move|p1a: Rotom|Pain Split|p2a: jelly belly
|-sethp|p2a: jelly belly|37/100|[from] move: Pain Split|[silent]
|-sethp|p1a: Rotom|52/100|[from] move: Pain Split
|
|upkeep
|turn|81
|
|move|p1a: Rotom|Volt Switch|p2a: jelly belly
|-damage|p2a: jelly belly|26/100
|l| outj pato
|
|switch|p1a: Copperajah|Copperajah, F|55/100|[from]move: Volt Switch
|-damage|p1a: Copperajah|49/100|[from] Stealth Rock
|move|p2a: jelly belly|Energy Ball|p1a: Copperajah
|-resisted|p1a: Copperajah
|-damage|p1a: Copperajah|40/100
|
|upkeep
|turn|82
|
|switch|p2a: woofy woof|Arcanine, M|100/100
|-ability|p2a: woofy woof|Intimidate|boost
|-unboost|p1a: Copperajah|atk|1
|switch|p1a: Flygon|Flygon, F|89/100
|-damage|p1a: Flygon|83/100|[from] Stealth Rock
|
|upkeep
|turn|83
|
|switch|p2a: muddy buddy|Quagsire, M|100/100
|-damage|p2a: muddy buddy|94/100|[from] Stealth Rock
|move|p1a: Flygon|Earthquake|p2a: muddy buddy
|-damage|p2a: muddy buddy|64/100
|
|-heal|p2a: muddy buddy|71/100|[from] item: Leftovers
|upkeep
|turn|84
|
|switch|p1a: Sylveon|Sylveon, M|91/100
|-damage|p1a: Sylveon|79/100|[from] Stealth Rock
|move|p2a: muddy buddy|Recover|p2a: muddy buddy
|-heal|p2a: muddy buddy|100/100
|
|upkeep
|turn|85
|j| outj pato
|
|switch|p2a: woofy woof|Arcanine, M|100/100
|-ability|p2a: woofy woof|Intimidate|boost
|-unboost|p1a: Sylveon|atk|1
|move|p1a: Sylveon|Wish|p1a: Sylveon
|
|upkeep
|turn|86
|
|switch|p1a: Rotom|Rotom-Wash|52/100
|-damage|p1a: Rotom|39/100|[from] Stealth Rock
|move|p2a: woofy woof|Flamethrower|p1a: Rotom
|-resisted|p1a: Rotom
|-damage|p1a: Rotom|23/100
|
|-heal|p1a: Rotom|88/100|[from] move: Wish|[wisher] Sylveon
|upkeep
|turn|87
|j| melancholy hills
|
|switch|p2a: umby wumby|Umbreon, M|74/100
|-damage|p2a: umby wumby|62/100|[from] Stealth Rock
|move|p1a: Rotom|Hydro Pump|p2a: umby wumby
|-damage|p2a: umby wumby|40/100
|
|-heal|p2a: umby wumby|46/100|[from] item: Leftovers
|upkeep
|turn|88
|c| melancholy hills|pronto
|c| melancholy hills|postei LiarFairy
|
|move|p1a: Rotom|Volt Switch|p2a: umby wumby
|-damage|p2a: umby wumby|32/100
|
|switch|p1a: Sylveon|Sylveon, M|79/100|[from]move: Volt Switch
|-damage|p1a: Sylveon|66/100|[from] Stealth Rock
|move|p2a: umby wumby|Wish|p2a: umby wumby
|
|-heal|p2a: umby wumby|38/100|[from] item: Leftovers
|upkeep
|turn|89
|c| LiarFairy≧◡≦|agr eu tb n qro saber
|c| LiarFairy≧◡≦|euem
|
|move|p2a: umby wumby|Protect|p2a: umby wumby
|-singleturn|p2a: umby wumby|Protect
|move|p1a: Sylveon|Heal Bell|p1a: Sylveon
|-activate|p1a: Sylveon|move: Heal Bell
|-curestatus|p1: Noivern|tox|[msg]
|
|-heal|p2a: umby wumby|88/100|[from] move: Wish|[wisher] umby wumby
|-heal|p2a: umby wumby|94/100|[from] item: Leftovers
|upkeep
|turn|90
|
|switch|p2a: woofy woof|Arcanine, M|100/100
|-ability|p2a: woofy woof|Intimidate|boost
|-unboost|p1a: Sylveon|atk|1
|move|p1a: Sylveon|Wish|p1a: Sylveon
|
|upkeep
|turn|91
|c| melancholy hills|então não vê uai
|
|move|p2a: woofy woof|Flamethrower|p1a: Sylveon
|-damage|p1a: Sylveon|46/100
|move|p1a: Sylveon|Hyper Voice|p2a: woofy woof
|-resisted|p2a: woofy woof
|-damage|p2a: woofy woof|80/100
|
|-heal|p1a: Sylveon|96/100|[from] move: Wish|[wisher] Sylveon
|upkeep
|turn|92
|c| melancholy hills|como se eu me importasse com você saber
|
|move|p1a: Sylveon|Protect|p1a: Sylveon
|-singleturn|p1a: Sylveon|Protect
|move|p2a: woofy woof|Flamethrower|p1a: Sylveon
|-activate|p1a: Sylveon|move: Protect
|
|upkeep
|turn|93
|j| Baganha
|
|move|p2a: woofy woof|Toxic|p1a: Sylveon
|-status|p1a: Sylveon|tox
|move|p1a: Sylveon|Wish|p1a: Sylveon
|
|-damage|p1a: Sylveon|90/100 tox|[from] psn
|upkeep
|turn|94
|c| melancholy hills|oo
|c| melancholy hills|só falei por educação
|
|move|p2a: woofy woof|Flamethrower|p1a: Sylveon
|-damage|p1a: Sylveon|68/100 tox
|move|p1a: Sylveon|Heal Bell|p1a: Sylveon
|-activate|p1a: Sylveon|move: Heal Bell
|-curestatus|p1a: Sylveon|tox|[msg]
|
|-heal|p1a: Sylveon|100/100|[from] move: Wish|[wisher] Sylveon
|upkeep
|turn|95
|
|switch|p1a: Rotom|Rotom-Wash|88/100
|-damage|p1a: Rotom|76/100|[from] Stealth Rock
|move|p2a: woofy woof|Flamethrower|p1a: Rotom
|-resisted|p1a: Rotom
|-damage|p1a: Rotom|59/100
|
|upkeep
|turn|96
|c| LiarFairy≧◡≦|ent para de me taggar
|c| LiarFairy≧◡≦|inutil
|c| A HERO'S DESTINY|oq o cara fez
|c| A HERO'S DESTINY|'-'
|
|switch|p2a: umby wumby|Umbreon, M|94/100
|-damage|p2a: umby wumby|81/100|[from] Stealth Rock
|move|p1a: Rotom|Volt Switch|p2a: umby wumby
|-damage|p2a: umby wumby|69/100
|
|switch|p1a: Sylveon|Sylveon, M|100/100|[from]move: Volt Switch
|-damage|p1a: Sylveon|88/100|[from] Stealth Rock
|
|-heal|p2a: umby wumby|75/100|[from] item: Leftovers
|upkeep
|turn|97
|
|move|p2a: umby wumby|Wish|p2a: umby wumby
|move|p1a: Sylveon|Hyper Voice|p2a: umby wumby
|-supereffective|p2a: umby wumby
|-damage|p2a: umby wumby|32/100
|
|-heal|p2a: umby wumby|38/100|[from] item: Leftovers
|upkeep
|turn|98
|
|move|p2a: umby wumby|Protect|p2a: umby wumby
|-singleturn|p2a: umby wumby|Protect
|move|p1a: Sylveon|Wish|p1a: Sylveon
|
|-heal|p2a: umby wumby|88/100|[from] move: Wish|[wisher] umby wumby
|-heal|p2a: umby wumby|94/100|[from] item: Leftovers
|upkeep
|turn|99
|
|move|p2a: umby wumby|Foul Play|p1a: Sylveon
|-resisted|p1a: Sylveon
|-damage|p1a: Sylveon|82/100
|move|p1a: Sylveon|Hyper Voice|p2a: umby wumby
|-supereffective|p2a: umby wumby
|-damage|p2a: umby wumby|53/100
|
|-heal|p1a: Sylveon|100/100|[from] move: Wish|[wisher] Sylveon
|-heal|p2a: umby wumby|59/100|[from] item: Leftovers
|upkeep
|turn|100
|
|move|p2a: umby wumby|Wish|p2a: umby wumby
|move|p1a: Sylveon|Wish|p1a: Sylveon
|
|-heal|p2a: umby wumby|65/100|[from] item: Leftovers
|upkeep
|turn|101
|c| outj pato|Eated ass of curious
|c| melancholy hills|eh
|c| outj pato|Crit
|
|switch|p1a: Rotom|Rotom-Wash|59/100
|-damage|p1a: Rotom|47/100|[from] Stealth Rock
|move|p2a: umby wumby|Foul Play|p1a: Rotom
|-damage|p1a: Rotom|30/100
|
|-heal|p1a: Rotom|95/100|[from] move: Wish|[wisher] Sylveon
|-heal|p2a: umby wumby|100/100|[from] move: Wish|[wisher] umby wumby
|upkeep
|turn|102
|c| melancholy hills|ele eatou ass de curioso
|
|switch|p2a: jelly belly|Reuniclus, M|59/100
|-damage|p2a: jelly belly|47/100|[from] Stealth Rock
|move|p1a: Rotom|Thunder Wave|p2a: jelly belly
|-status|p2a: jelly belly|par
|
|upkeep
|turn|103
|
|switch|p2a: muddy buddy|Quagsire, M|100/100
|-damage|p2a: muddy buddy|94/100|[from] Stealth Rock
|move|p1a: Rotom|Volt Switch|p2a: muddy buddy
|-immune|p2a: muddy buddy
|
|-heal|p2a: muddy buddy|100/100|[from] item: Leftovers
|upkeep
|turn|104
|
|switch|p2a: jelly belly|Reuniclus, M|80/100 par
|-damage|p2a: jelly belly|68/100 par|[from] Stealth Rock
|move|p1a: Rotom|Volt Switch|p2a: jelly belly
|-damage|p2a: jelly belly|57/100 par
|
|switch|p1a: Machamp|Machamp, F|16/100|[from]move: Volt Switch
|-damage|p1a: Machamp|10/100|[from] Stealth Rock
|
|-status|p1a: Machamp|brn|[from] item: Flame Orb
|upkeep
|turn|105
|c| HSPECS|pickman
|c| outj pato|ai e foda
|
|switch|p2a: batzy watzy|Noivern, M|64/100
|-item|p1a: Machamp|Flame Orb|[from] ability: Frisk|[of] p2a: batzy watzy|[identify]
|move|p1a: Machamp|Close Combat|p2a: batzy watzy
|-resisted|p2a: batzy watzy
|-damage|p2a: batzy watzy|7/100
|-unboost|p1a: Machamp|def|1
|-unboost|p1a: Machamp|spd|1
|
|-damage|p1a: Machamp|4/100 brn|[from] brn
|upkeep
|turn|106
|c| A HERO'S DESTINY|acho que redacted checka
|c| A HERO'S DESTINY|a pior jogada.
|c| outj pato|q
|c| HSPECS|que jogada
|c| HSPECS|horrivel
|c| outj pato|LKL
|c| HSPECS|LOLOL
|c| outj pato|ue
|c| outj pato|Hs
|c| outj pato|Ele perdia algo
|c| outj pato|No facade?
|c| HSPECS|nao.
|
|switch|p1a: Noivern|Noivern, F|94/100
|move|p2a: batzy watzy|Flamethrower|p1a: Noivern
|-resisted|p1a: Noivern
|-damage|p1a: Noivern|80/100
|
|upkeep
|turn|107
|
|switch|p2a: umby wumby|Umbreon, M|100/100
|-damage|p2a: umby wumby|88/100|[from] Stealth Rock
|move|p1a: Noivern|Hurricane|p2a: umby wumby
|-damage|p2a: umby wumby|66/100
|-start|p2a: umby wumby|confusion
|
|-heal|p2a: umby wumby|72/100|[from] item: Leftovers
|upkeep
|turn|108
|c| HSPECS|ate bullet punch era melhor
|c| HSPECS|pati
|c| HSPECS|pato
|c| HSPECS|rofl
|
|move|p1a: Noivern|U-turn|p2a: umby wumby
|-supereffective|p2a: umby wumby
|-damage|p2a: umby wumby|54/100
|c| HSPECS|..
|c| A HERO'S DESTINY|HSPECS
|
|switch|p1a: Sylveon|Sylveon, M|100/100|[from]move: U-turn
|-damage|p1a: Sylveon|88/100|[from] Stealth Rock
|-activate|p2a: umby wumby|confusion
|move|p2a: umby wumby|Wish|p2a: umby wumby
|
|-heal|p2a: umby wumby|60/100|[from] item: Leftovers
|upkeep
|turn|109
|c| A HERO'S DESTINY|interessante que ele deu cc contra um reuniclus
|c| outj pato|n entendi
|c| A HERO'S DESTINY|oO
|c| HSPECS|sim mano
|j| Ramolost
|c| HSPECS|..
|c| outj pato|ele tentou pegar oq
|c| outj pato|Na switch
|
|switch|p2a: woofy woof|Arcanine, M|80/100
|-ability|p2a: woofy woof|Intimidate|boost
|-unboost|p1a: Sylveon|atk|1
|move|p1a: Sylveon|Hyper Voice|p2a: woofy woof
|-resisted|p2a: woofy woof
|-damage|p2a: woofy woof|60/100
|
|-heal|p2a: woofy woof|100/100|[from] move: Wish|[wisher] umby wumby
|upkeep
|turn|110
|j| Stamatis
|
|switch|p1a: Rotom|Rotom-Wash|95/100
|-damage|p1a: Rotom|83/100|[from] Stealth Rock
|move|p2a: woofy woof|Toxic|p1a: Rotom
|-status|p1a: Rotom|tox
|
|-damage|p1a: Rotom|77/100 tox|[from] psn
|upkeep
|turn|111
|
|switch|p1a: Noivern|Noivern, F|80/100
|switch|p2a: jelly belly|Reuniclus, M|90/100 par
|-damage|p2a: jelly belly|78/100 par|[from] Stealth Rock
|
|upkeep
|turn|112
|
|move|p1a: Noivern|Defog|p2a: jelly belly
|-unboost|p2a: jelly belly|evasion|1
|-sideend|p2: UULT1 pif|Stealth Rock|[from] move: Defog|[of] p1a: Noivern
|-sideend|p1: uult1 freitas|Stealth Rock|[from] move: Defog|[of] p1a: Noivern
|move|p2a: jelly belly|Knock Off|p1a: Noivern
|-damage|p1a: Noivern|60/100
|-enditem|p1a: Noivern|Heavy-Duty Boots|[from] move: Knock Off|[of] p2a: jelly belly
|
|upkeep
|turn|113
|l| Solonorrrrr
|
|switch|p2a: woofy woof|Arcanine, M|100/100
|-ability|p2a: woofy woof|Intimidate|boost
|-unboost|p1a: Noivern|atk|1
|move|p1a: Noivern|U-turn|p2a: woofy woof
|-resisted|p2a: woofy woof
|-damage|p2a: woofy woof|98/100
|j| UULT1 Adrift
|j| ayouko
|inactive|Battle timer is ON: inactive players will automatically lose when time's up. (requested by UULT1 pif)
|
|switch|p1a: Rotom|Rotom-Wash|77/100 tox|[from]move: U-turn
|
|-damage|p1a: Rotom|71/100 tox|[from] psn
|upkeep
|turn|114
|l| uult1 SOMALIA
|
|switch|p1a: Copperajah|Copperajah, F|40/100
|switch|p2a: muddy buddy|Quagsire, M|100/100
|
|upkeep
|turn|115
|inactive|uult1 freitas has 120 seconds left.
|j| uult1 forse
|
|switch|p2a: batzy watzy|Noivern, M|7/100
|move|p1a: Copperajah|Power Whip|p2a: batzy watzy
|-resisted|p2a: batzy watzy
|-damage|p2a: batzy watzy|0 fnt
|faint|p2a: batzy watzy
|
|upkeep
|
|switch|p2a: funion onion|Celebi|14/100
|turn|116
|j| vghbjn
|c|☆uult1 freitas|115 turns later
|l| melancholy hills
|c| uult1 forse|and i got all the drugs in the world that u need
|
|move|p2a: funion onion|Recover|p2a: funion onion
|-heal|p2a: funion onion|64/100
|move|p1a: Copperajah|Heat Crash|p2a: funion onion
|-supereffective|p2a: funion onion
|-damage|p2a: funion onion|21/100
|
|upkeep
|turn|117
|j| 467 11 11p
|
|switch|p2a: woofy woof|Arcanine, M|98/100
|-ability|p2a: woofy woof|Intimidate|boost
|-unboost|p1a: Copperajah|atk|1
|move|p1a: Copperajah|Heat Crash|p2a: woofy woof
|-resisted|p2a: woofy woof
|-damage|p2a: woofy woof|89/100
|
|upkeep
|turn|118
|
|switch|p2a: funion onion|Celebi|21/100
|switch|p1a: Noivern|Noivern, F|60/100
|
|upkeep
|turn|119
|c| uult1 forse|we get high to pass time but bitch aint no fiend
|
|switch|p2a: umby wumby|Umbreon, M|60/100
|move|p1a: Noivern|U-turn|p2a: umby wumby
|-supereffective|p2a: umby wumby
|-damage|p2a: umby wumby|44/100
|
|switch|p1a: Sylveon|Sylveon, M|88/100|[from]move: U-turn
|
|-heal|p2a: umby wumby|50/100|[from] item: Leftovers
|upkeep
|turn|120
|
|move|p2a: umby wumby|Wish|p2a: umby wumby
|move|p1a: Sylveon|Heal Bell|p1a: Sylveon
|-activate|p1a: Sylveon|move: Heal Bell
|-curestatus|p1: Machamp|brn|[msg]
|-curestatus|p1: Rotom|tox|[msg]
|
|-heal|p2a: umby wumby|56/100|[from] item: Leftovers
|upkeep
|turn|121
|
|move|p2a: umby wumby|Heal Bell|p2a: umby wumby
|-activate|p2a: umby wumby|move: Heal Bell
|-curestatus|p2: jelly belly|par|[msg]
|move|p1a: Sylveon|Hyper Voice|p2a: umby wumby
|-supereffective|p2a: umby wumby
|-damage|p2a: umby wumby|16/100
|
|-heal|p2a: umby wumby|66/100|[from] move: Wish|[wisher] umby wumby
|-heal|p2a: umby wumby|73/100|[from] item: Leftovers
|upkeep
|turn|122
|
|switch|p2a: woofy woof|Arcanine, M|89/100
|-ability|p2a: woofy woof|Intimidate|boost
|-unboost|p1a: Sylveon|atk|1
|move|p1a: Sylveon|Wish|p1a: Sylveon
|
|upkeep
|turn|123
|j| Rav3ndan
|
|switch|p1a: Noivern|Noivern, F|60/100
|move|p2a: woofy woof|Flamethrower|p1a: Noivern
|-resisted|p1a: Noivern
|-damage|p1a: Noivern|39/100
|
|-heal|p1a: Noivern|100/100|[from] move: Wish|[wisher] Sylveon
|upkeep
|turn|124
|c| outj pato|Uma play aq
|
|move|p1a: Noivern|Defog|p2a: woofy woof
|-unboost|p2a: woofy woof|evasion|1
|move|p2a: woofy woof|Toxic|p1a: Noivern
|-status|p1a: Noivern|tox
|
|-damage|p1a: Noivern|94/100 tox|[from] psn
|upkeep
|turn|125
|c|☆uult1 freitas|missclick
|
|move|p1a: Noivern|U-turn|p2a: woofy woof
|-resisted|p2a: woofy woof
|-damage|p2a: woofy woof|85/100
|c| you make my tm26|parabens
|
|switch|p1a: Rotom|Rotom-Wash|71/100|[from]move: U-turn
|move|p2a: woofy woof|Flamethrower|p1a: Rotom
|-resisted|p1a: Rotom
|-damage|p1a: Rotom|55/100
|
|upkeep
|turn|126
|c| outj pato|N era essa
|c| outj pato|LOL
|
|switch|p2a: umby wumby|Umbreon, M|73/100
|move|p1a: Rotom|Hydro Pump|p2a: umby wumby
|-damage|p2a: umby wumby|54/100
|
|-heal|p2a: umby wumby|60/100|[from] item: Leftovers
|upkeep
|turn|127
|j| airports
|
|move|p1a: Rotom|Thunder Wave|p2a: umby wumby
|-status|p2a: umby wumby|par
|-activate|p2a: umby wumby|ability: Synchronize
|-immune|p1a: Rotom
|move|p2a: umby wumby|Wish|p2a: umby wumby
|
|-heal|p2a: umby wumby|66/100 par|[from] item: Leftovers
|upkeep
|turn|128
|
|switch|p2a: funion onion|Celebi|21/100
|move|p1a: Rotom|Volt Switch|p2a: funion onion
|-resisted|p2a: funion onion
|-damage|p2a: funion onion|9/100
|
|switch|p1a: Noivern|Noivern, F|94/100 tox|[from]move: Volt Switch
|
|-heal|p2a: funion onion|58/100|[from] move: Wish|[wisher] umby wumby
|-damage|p1a: Noivern|88/100 tox|[from] psn
|upkeep
|turn|129
|j| golden alpaca
|
|switch|p2a: jelly belly|Reuniclus, M|100/100
|move|p1a: Noivern|Hurricane|p2a: jelly belly|[miss]
|-miss|p1a: Noivern|p2a: jelly belly
|
|-damage|p1a: Noivern|76/100 tox|[from] psn
|upkeep
|turn|130
|
|move|p1a: Noivern|U-turn|p2a: jelly belly
|-supereffective|p2a: jelly belly
|-damage|p2a: jelly belly|77/100
|j| melancholy hills
|
|switch|p1a: Sylveon|Sylveon, M|88/100|[from]move: U-turn
|move|p2a: jelly belly|Shadow Ball|p1a: Sylveon
|-damage|p1a: Sylveon|73/100
|
|upkeep
|turn|131
|
|switch|p2a: woofy woof|Arcanine, M|85/100
|-ability|p2a: woofy woof|Intimidate|boost
|-unboost|p1a: Sylveon|atk|1
|move|p1a: Sylveon|Wish|p1a: Sylveon
|
|upkeep
|turn|132
|
|switch|p1a: Rotom|Rotom-Wash|55/100
|move|p2a: woofy woof|Toxic|p1a: Rotom
|-status|p1a: Rotom|tox
|
|-heal|p1a: Rotom|100/100 tox|[from] move: Wish|[wisher] Sylveon
|-damage|p1a: Rotom|95/100 tox|[from] psn
|upkeep
|turn|133
|
|switch|p2a: muddy buddy|Quagsire, M|100/100
|move|p1a: Rotom|Volt Switch|p2a: muddy buddy
|-immune|p2a: muddy buddy
|
|-damage|p1a: Rotom|83/100 tox|[from] psn
|upkeep
|turn|134
|
|switch|p2a: funion onion|Celebi|58/100
|move|p1a: Rotom|Volt Switch|p2a: funion onion
|-resisted|p2a: funion onion
|-damage|p2a: funion onion|48/100
|l| uult1 forse
|
|switch|p1a: Noivern|Noivern, F|76/100 tox|[from]move: Volt Switch
|
|-damage|p1a: Noivern|70/100 tox|[from] psn
|upkeep
|turn|135
|l| Stamatis
|
|switch|p2a: woofy woof|Arcanine, M|85/100
|-ability|p2a: woofy woof|Intimidate|boost
|-unboost|p1a: Noivern|atk|1
|move|p1a: Noivern|U-turn|p2a: woofy woof
|-resisted|p2a: woofy woof
|-damage|p2a: woofy woof|82/100
|
|switch|p1a: Flygon|Flygon, F|83/100|[from]move: U-turn
|
|upkeep
|turn|136
|l| outj pato
|
|switch|p2a: muddy buddy|Quagsire, M|100/100
|move|p1a: Flygon|Earthquake|p2a: muddy buddy
|-crit|p2a: muddy buddy
|-damage|p2a: muddy buddy|51/100
|
|-heal|p2a: muddy buddy|57/100|[from] item: Leftovers
|upkeep
|turn|137
|j| outj pato
|
|switch|p1a: Copperajah|Copperajah, F|40/100
|move|p2a: muddy buddy|Recover|p2a: muddy buddy
|-heal|p2a: muddy buddy|100/100
|
|upkeep
|turn|138
|j| uult1 forse
|
|switch|p2a: funion onion|Celebi|48/100
|move|p1a: Copperajah|Stealth Rock|p2a: funion onion
|-sidestart|p2: UULT1 pif|move: Stealth Rock
|
|upkeep
|turn|139
|
|move|p2a: funion onion|Stealth Rock|p1a: Copperajah
|-sidestart|p1: uult1 freitas|move: Stealth Rock
|move|p1a: Copperajah|Heat Crash|p2a: funion onion
|-supereffective|p2a: funion onion
|-damage|p2a: funion onion|2/100
|
|upkeep
|turn|140
|
|switch|p2a: woofy woof|Arcanine, M|82/100
|-ability|p2a: woofy woof|Intimidate|boost
|-unboost|p1a: Copperajah|atk|1
|move|p1a: Copperajah|Heat Crash|p2a: woofy woof
|-resisted|p2a: woofy woof
|-damage|p2a: woofy woof|73/100
|
|upkeep
|turn|141
|c| outj pato|Quase
|
|switch|p2a: umby wumby|Umbreon, M|66/100 par
|-damage|p2a: umby wumby|53/100 par|[from] Stealth Rock
|switch|p1a: Rotom|Rotom-Wash|83/100 tox
|-damage|p1a: Rotom|70/100 tox|[from] Stealth Rock
|
|-heal|p2a: umby wumby|59/100 par|[from] item: Leftovers
|-damage|p1a: Rotom|65/100 tox|[from] psn
|upkeep
|turn|142
|
|move|p1a: Rotom|Volt Switch|p2a: umby wumby
|-damage|p2a: umby wumby|46/100 par
|
|switch|p1a: Copperajah|Copperajah, F|40/100|[from]move: Volt Switch
|-damage|p1a: Copperajah|34/100|[from] Stealth Rock
|move|p2a: umby wumby|Heal Bell|p2a: umby wumby
|-activate|p2a: umby wumby|move: Heal Bell
|-curestatus|p2a: umby wumby|par|[msg]
|
|-heal|p2a: umby wumby|53/100|[from] item: Leftovers
|upkeep
|turn|143
|
|switch|p1a: Sylveon|Sylveon, M|73/100
|-damage|p1a: Sylveon|60/100|[from] Stealth Rock
|move|p2a: umby wumby|Foul Play|p1a: Sylveon
|-resisted|p1a: Sylveon
|-damage|p1a: Sylveon|54/100
|
|-heal|p2a: umby wumby|59/100|[from] item: Leftovers
|upkeep
|turn|144
|
|move|p2a: umby wumby|Wish|p2a: umby wumby
|move|p1a: Sylveon|Hyper Voice|p2a: umby wumby
|-supereffective|p2a: umby wumby
|-damage|p2a: umby wumby|12/100
|
|-heal|p2a: umby wumby|19/100|[from] item: Leftovers
|upkeep
|turn|145
|
|move|p2a: umby wumby|Protect|p2a: umby wumby
|-singleturn|p2a: umby wumby|Protect
|move|p1a: Sylveon|Wish|p1a: Sylveon
|
|-heal|p2a: umby wumby|69/100|[from] move: Wish|[wisher] umby wumby
|-heal|p2a: umby wumby|75/100|[from] item: Leftovers
|upkeep
|turn|146
|
|move|p2a: umby wumby|Foul Play|p1a: Sylveon
|-resisted|p1a: Sylveon
|-damage|p1a: Sylveon|47/100
|move|p1a: Sylveon|Heal Bell|p1a: Sylveon
|-activate|p1a: Sylveon|move: Heal Bell
|-curestatus|p1: Rotom|tox|[msg]
|-curestatus|p1: Noivern|tox|[msg]
|
|-heal|p1a: Sylveon|97/100|[from] move: Wish|[wisher] Sylveon
|-heal|p2a: umby wumby|81/100|[from] item: Leftovers
|upkeep
|turn|147
|
|switch|p1a: Rotom|Rotom-Wash|65/100
|-damage|p1a: Rotom|52/100|[from] Stealth Rock
|move|p2a: umby wumby|Wish|p2a: umby wumby
|
|-heal|p2a: umby wumby|87/100|[from] item: Leftovers
|upkeep
|turn|148
|
|switch|p2a: muddy buddy|Quagsire, M|100/100
|-damage|p2a: muddy buddy|94/100|[from] Stealth Rock
|move|p1a: Rotom|Pain Split|p2a: muddy buddy
|-sethp|p2a: muddy buddy|67/100|[from] move: Pain Split|[silent]
|-sethp|p1a: Rotom|87/100|[from] move: Pain Split
|
|-heal|p2a: muddy buddy|100/100|[from] move: Wish|[wisher] umby wumby
|upkeep
|turn|149
|l|aherosdestiny
|
|move|p1a: Rotom|Volt Switch|p2a: muddy buddy
|-immune|p2a: muddy buddy
|move|p2a: muddy buddy|Scald|p1a: Rotom
|-resisted|p1a: Rotom
|-damage|p1a: Rotom|77/100
|
|upkeep
|turn|150
|n| Spl4sh|youmakemytm26
|
|move|p1a: Rotom|Volt Switch|p2a: muddy buddy
|-immune|p2a: muddy buddy
|move|p2a: muddy buddy|Scald|p1a: Rotom
|-resisted|p1a: Rotom
|-damage|p1a: Rotom|67/100
|
|upkeep
|turn|151
|
|move|p1a: Rotom|Volt Switch|p2a: muddy buddy
|-immune|p2a: muddy buddy
|move|p2a: muddy buddy|Scald|p1a: Rotom
|-resisted|p1a: Rotom
|-damage|p1a: Rotom|59/100
|
|upkeep
|turn|152
|
|move|p1a: Rotom|Pain Split|p2a: muddy buddy
|-sethp|p2a: muddy buddy|73/100|[from] move: Pain Split|[silent]
|-sethp|p1a: Rotom|95/100|[from] move: Pain Split
|move|p2a: muddy buddy|Scald|p1a: Rotom
|-resisted|p1a: Rotom
|-damage|p1a: Rotom|86/100
|
|-heal|p2a: muddy buddy|79/100|[from] item: Leftovers
|upkeep
|turn|153
|
|switch|p1a: Noivern|Noivern, F|70/100
|-damage|p1a: Noivern|45/100|[from] Stealth Rock
|move|p2a: muddy buddy|Scald|p1a: Noivern
|-resisted|p1a: Noivern
|-damage|p1a: Noivern|34/100
|
|-heal|p2a: muddy buddy|85/100|[from] item: Leftovers
|upkeep
|turn|154
|
|switch|p2a: jelly belly|Reuniclus, M|100/100
|-damage|p2a: jelly belly|88/100|[from] Stealth Rock
|move|p1a: Noivern|Roost|p1a: Noivern
|-heal|p1a: Noivern|84/100
|-singleturn|p1a: Noivern|move: Roost
|
|upkeep
|turn|155
|
|move|p1a: Noivern|U-turn|p2a: jelly belly
|-supereffective|p2a: jelly belly
|-damage|p2a: jelly belly|65/100
|
|switch|p1a: Sylveon|Sylveon, M|97/100|[from]move: U-turn
|-damage|p1a: Sylveon|85/100|[from] Stealth Rock
|move|p2a: jelly belly|Psychic|p1a: Sylveon
|-damage|p1a: Sylveon|56/100
|
|upkeep
|turn|156
|
|move|p1a: Sylveon|Wish|p1a: Sylveon
|move|p2a: jelly belly|Psychic|p1a: Sylveon
|-damage|p1a: Sylveon|28/100
|
|upkeep
|turn|157
|
|move|p1a: Sylveon|Protect|p1a: Sylveon
|-singleturn|p1a: Sylveon|Protect
|move|p2a: jelly belly|Psychic|p1a: Sylveon
|-activate|p1a: Sylveon|move: Protect
|
|-heal|p1a: Sylveon|78/100|[from] move: Wish|[wisher] Sylveon
|upkeep
|turn|158
|
|switch|p2a: woofy woof|Arcanine, M|73/100
|-ability|p2a: woofy woof|Intimidate|boost
|-unboost|p1a: Sylveon|atk|1
|move|p1a: Sylveon|Wish|p1a: Sylveon
|
|upkeep
|turn|159
|
|switch|p1a: Rotom|Rotom-Wash|86/100
|-damage|p1a: Rotom|73/100|[from] Stealth Rock
|move|p2a: woofy woof|Toxic|p1a: Rotom
|-status|p1a: Rotom|tox
|
|-heal|p1a: Rotom|100/100 tox|[from] move: Wish|[wisher] Sylveon
|-damage|p1a: Rotom|95/100 tox|[from] psn
|upkeep
|turn|160
|
|switch|p1a: Sylveon|Sylveon, M|78/100
|-damage|p1a: Sylveon|65/100|[from] Stealth Rock
|switch|p2a: jelly belly|Reuniclus, M|98/100
|-damage|p2a: jelly belly|86/100|[from] Stealth Rock
|
|upkeep
|turn|161
|
|switch|p2a: woofy woof|Arcanine, M|73/100
|-ability|p2a: woofy woof|Intimidate|boost
|-unboost|p1a: Sylveon|atk|1
|move|p1a: Sylveon|Wish|p1a: Sylveon
|
|upkeep
|turn|162
|
|move|p2a: woofy woof|Will-O-Wisp|p1a: Sylveon
|-status|p1a: Sylveon|brn
|move|p1a: Sylveon|Hyper Voice|p2a: woofy woof
|-resisted|p2a: woofy woof
|-damage|p2a: woofy woof|51/100
|
|-heal|p1a: Sylveon|100/100 brn|[from] move: Wish|[wisher] Sylveon
|-damage|p1a: Sylveon|94/100 brn|[from] brn
|upkeep
|turn|163
|
|switch|p1a: Noivern|Noivern, F|84/100
|-damage|p1a: Noivern|59/100|[from] Stealth Rock
|move|p2a: woofy woof|Morning Sun|p2a: woofy woof
|-heal|p2a: woofy woof|100/100
|
|upkeep
|turn|164
|
|move|p1a: Noivern|Hurricane|p2a: woofy woof
|-damage|p2a: woofy woof|49/100
|-start|p2a: woofy woof|confusion
|-activate|p2a: woofy woof|confusion
|-damage|p2a: woofy woof|43/100|[from] confusion
|
|upkeep
|turn|165
|
|switch|p2a: jelly belly|Reuniclus, M|100/100
|-damage|p2a: jelly belly|88/100|[from] Stealth Rock
|move|p1a: Noivern|U-turn|p2a: jelly belly
|-supereffective|p2a: jelly belly
|-damage|p2a: jelly belly|66/100
|
|switch|p1a: Copperajah|Copperajah, F|34/100|[from]move: U-turn
|-damage|p1a: Copperajah|28/100|[from] Stealth Rock
|
|upkeep
|turn|166
|
|switch|p2a: woofy woof|Arcanine, M|43/100
|-ability|p2a: woofy woof|Intimidate|boost
|-unboost|p1a: Copperajah|atk|1
|switch|p1a: Flygon|Flygon, F|83/100
|-damage|p1a: Flygon|77/100|[from] Stealth Rock
|
|upkeep
|turn|167
|
|switch|p2a: muddy buddy|Quagsire, M|85/100
|-damage|p2a: muddy buddy|79/100|[from] Stealth Rock
|move|p1a: Flygon|Earthquake|p2a: muddy buddy
|-damage|p2a: muddy buddy|49/100
|
|-heal|p2a: muddy buddy|55/100|[from] item: Leftovers
|upkeep
|turn|168
|
|switch|p1a: Noivern|Noivern, F|59/100
|-damage|p1a: Noivern|35/100|[from] Stealth Rock
|move|p2a: muddy buddy|Recover|p2a: muddy buddy
|-heal|p2a: muddy buddy|100/100
|
|upkeep
|turn|169
|
|switch|p2a: jelly belly|Reuniclus, M|99/100
|-damage|p2a: jelly belly|87/100|[from] Stealth Rock
|move|p1a: Noivern|Roost|p1a: Noivern
|-heal|p1a: Noivern|85/100
|-singleturn|p1a: Noivern|move: Roost
|
|upkeep
|turn|170
|
|move|p1a: Noivern|U-turn|p2a: jelly belly
|-supereffective|p2a: jelly belly
|-damage|p2a: jelly belly|65/100
|
|switch|p1a: Rotom|Rotom-Wash|95/100 tox|[from]move: U-turn
|-damage|p1a: Rotom|82/100 tox|[from] Stealth Rock
|move|p2a: jelly belly|Psychic|p1a: Rotom
|-damage|p1a: Rotom|41/100 tox
|
|-damage|p1a: Rotom|35/100 tox|[from] psn
|upkeep
|turn|171
|
|move|p1a: Rotom|Volt Switch|p2a: jelly belly
|-damage|p2a: jelly belly|53/100
|l| UULT1 Adrift
|
|switch|p1a: Sylveon|Sylveon, M|94/100 brn|[from]move: Volt Switch
|-damage|p1a: Sylveon|82/100 brn|[from] Stealth Rock
|move|p2a: jelly belly|Energy Ball|p1a: Sylveon
|-damage|p1a: Sylveon|65/100 brn
|
|-damage|p1a: Sylveon|59/100 brn|[from] brn
|upkeep
|turn|172
|
|switch|p1a: Noivern|Noivern, F|85/100
|-damage|p1a: Noivern|60/100|[from] Stealth Rock
|move|p2a: jelly belly|Psychic|p1a: Noivern
|-damage|p1a: Noivern|11/100
|
|upkeep
|turn|173
|
|move|p1a: Noivern|Roost|p1a: Noivern
|-heal|p1a: Noivern|62/100
|-singleturn|p1a: Noivern|move: Roost
|move|p2a: jelly belly|Psychic|p1a: Noivern
|-damage|p1a: Noivern|11/100
|
|upkeep
|turn|174
|
|move|p1a: Noivern|Roost|p1a: Noivern
|-heal|p1a: Noivern|61/100
|-singleturn|p1a: Noivern|move: Roost
|move|p2a: jelly belly|Psychic|p1a: Noivern
|-damage|p1a: Noivern|12/100
|
|upkeep
|turn|175
|l| pif
|
|move|p1a: Noivern|Roost|p1a: Noivern
|-heal|p1a: Noivern|62/100
|-singleturn|p1a: Noivern|move: Roost
|move|p2a: jelly belly|Psychic|p1a: Noivern
|-damage|p1a: Noivern|10/100
|-unboost|p1a: Noivern|spd|1
|
|upkeep
|turn|176
|
|move|p1a: Noivern|U-turn|p2a: jelly belly
|-supereffective|p2a: jelly belly
|-damage|p2a: jelly belly|29/100
|
|switch|p1a: Machamp|Machamp, F|4/100|[from]move: U-turn
|-damage|p1a: Machamp|0 fnt|[from] Stealth Rock
|faint|p1a: Machamp
|move|p2a: jelly belly|Psychic|p1: Machamp|[notarget]
|-fail|p2a: jelly belly
|
|upkeep
|
|switch|p1a: Flygon|Flygon, F|77/100
|-damage|p1a: Flygon|71/100|[from] Stealth Rock
|turn|177
|
|switch|p2a: funion onion|Celebi|2/100
|-damage|p2a: funion onion|0 fnt|[from] Stealth Rock
|faint|p2a: funion onion
|move|p1a: Flygon|Earthquake|p2: funion onion|[notarget]
|-fail|p1a: Flygon
|
|upkeep
|
|switch|p2a: muddy buddy|Quagsire, M|100/100
|-damage|p2a: muddy buddy|94/100|[from] Stealth Rock
|turn|178
|
|switch|p1a: Rotom|Rotom-Wash|35/100 tox
|-damage|p1a: Rotom|23/100 tox|[from] Stealth Rock
|move|p2a: muddy buddy|Scald|p1a: Rotom
|-resisted|p1a: Rotom
|-damage|p1a: Rotom|13/100 tox
|
|-heal|p2a: muddy buddy|100/100|[from] item: Leftovers
|-damage|p1a: Rotom|7/100 tox|[from] psn
|upkeep
|turn|179
|
|switch|p2a: jelly belly|Reuniclus, M|62/100
|-damage|p2a: jelly belly|50/100|[from] Stealth Rock
|move|p1a: Rotom|Pain Split|p2a: jelly belly
|-sethp|p2a: jelly belly|28/100|[from] move: Pain Split|[silent]
|-sethp|p1a: Rotom|38/100 tox|[from] move: Pain Split
|
|-damage|p1a: Rotom|27/100 tox|[from] psn
|upkeep
|turn|180
|
|move|p1a: Rotom|Volt Switch|p2a: jelly belly
|-damage|p2a: jelly belly|18/100
|
|switch|p1a: Copperajah|Copperajah, F|28/100|[from]move: Volt Switch
|-damage|p1a: Copperajah|22/100|[from] Stealth Rock
|move|p2a: jelly belly|Psychic|p1a: Copperajah
|-resisted|p1a: Copperajah
|-damage|p1a: Copperajah|10/100
|
|upkeep
|turn|181
|j| nlt53cvthepharoah
|
|switch|p2a: woofy woof|Arcanine, M|43/100
|-ability|p2a: woofy woof|Intimidate|boost
|-unboost|p1a: Copperajah|atk|1
|switch|p1a: Flygon|Flygon, F|71/100
|-damage|p1a: Flygon|65/100|[from] Stealth Rock
|
|upkeep
|turn|182
|
|switch|p2a: muddy buddy|Quagsire, M|100/100
|-damage|p2a: muddy buddy|94/100|[from] Stealth Rock
|move|p1a: Flygon|Outrage|p2a: muddy buddy
|-damage|p2a: muddy buddy|56/100
|
|-heal|p2a: muddy buddy|62/100|[from] item: Leftovers
|upkeep
|turn|183
|
|move|p1a: Flygon|Outrage|p2a: muddy buddy|[from]lockedmove
|-damage|p2a: muddy buddy|28/100
|move|p2a: muddy buddy|Recover|p2a: muddy buddy
|-heal|p2a: muddy buddy|78/100
|
|-heal|p2a: muddy buddy|84/100|[from] item: Leftovers
|upkeep
|turn|184
|
|move|p1a: Flygon|Outrage|p2a: muddy buddy|[from]lockedmove
|-damage|p2a: muddy buddy|46/100
|-start|p1a: Flygon|confusion|[fatigue]
|move|p2a: muddy buddy|Recover|p2a: muddy buddy
|-heal|p2a: muddy buddy|96/100
|
|-heal|p2a: muddy buddy|100/100|[from] item: Leftovers
|upkeep
|turn|185
|c| outj pato|0
|
|switch|p1a: Rotom|Rotom-Wash|27/100 tox
|-damage|p1a: Rotom|14/100 tox|[from] Stealth Rock
|move|p2a: muddy buddy|Scald|p1a: Rotom
|-resisted|p1a: Rotom
|-damage|p1a: Rotom|5/100 tox
|
|-damage|p1a: Rotom|0 fnt|[from] psn
|faint|p1a: Rotom
|upkeep
|
|switch|p1a: Sylveon|Sylveon, M|59/100 brn
|-damage|p1a: Sylveon|47/100 brn|[from] Stealth Rock
|turn|186
|c|☆uult1 freitas|gg
|
|switch|p2a: woofy woof|Arcanine, M|43/100
|-ability|p2a: woofy woof|Intimidate|boost
|-unboost|p1a: Sylveon|atk|1
|move|p1a: Sylveon|Heal Bell|p1a: Sylveon
|-activate|p1a: Sylveon|move: Heal Bell
|-curestatus|p1a: Sylveon|brn|[msg]
|
|upkeep
|turn|187
|c|☆UULT1 pif|gg
|n| duck duck roost|rav3ndan
|
|switch|p1a: Flygon|Flygon, F|65/100
|-damage|p1a: Flygon|59/100|[from] Stealth Rock
|move|p2a: woofy woof|Morning Sun|p2a: woofy woof
|-heal|p2a: woofy woof|93/100
|
|upkeep
|turn|188
|
|switch|p2a: muddy buddy|Quagsire, M|100/100
|-damage|p2a: muddy buddy|94/100|[from] Stealth Rock
|move|p1a: Flygon|Earthquake|p2a: muddy buddy
|-damage|p2a: muddy buddy|65/100
|
|-heal|p2a: muddy buddy|71/100|[from] item: Leftovers
|upkeep
|turn|189
|l| LiarFairy≧◡≦
|
|switch|p1a: Noivern|Noivern, F|10/100
|-damage|p1a: Noivern|0 fnt|[from] Stealth Rock
|faint|p1a: Noivern
|move|p2a: muddy buddy|Recover|p2a: muddy buddy
|-heal|p2a: muddy buddy|100/100
|
|upkeep
|
|switch|p1a: Copperajah|Copperajah, F|10/100
|-damage|p1a: Copperajah|3/100|[from] Stealth Rock
|turn|190
|
|switch|p2a: woofy woof|Arcanine, M|93/100
|-ability|p2a: woofy woof|Intimidate|boost
|-unboost|p1a: Copperajah|atk|1
|switch|p1a: Flygon|Flygon, F|59/100
|-damage|p1a: Flygon|53/100|[from] Stealth Rock
|
|upkeep
|turn|191
|
|switch|p2a: muddy buddy|Quagsire, M|100/100
|-damage|p2a: muddy buddy|94/100|[from] Stealth Rock
|move|p1a: Flygon|Earthquake|p2a: muddy buddy
|-damage|p2a: muddy buddy|67/100
|
|-heal|p2a: muddy buddy|73/100|[from] item: Leftovers
|upkeep
|turn|192
|
|switch|p1a: Sylveon|Sylveon, M|47/100
|-damage|p1a: Sylveon|34/100|[from] Stealth Rock
|move|p2a: muddy buddy|Scald|p1a: Sylveon
|-damage|p1a: Sylveon|22/100
|
|-heal|p2a: muddy buddy|79/100|[from] item: Leftovers
|upkeep
|turn|193
|n| uult1 pataozinho|outjpato
|
|switch|p2a: woofy woof|Arcanine, M|93/100
|-ability|p2a: woofy woof|Intimidate|boost
|-unboost|p1a: Sylveon|atk|1
|move|p1a: Sylveon|Hyper Voice|p2a: woofy woof
|-resisted|p2a: woofy woof
|-damage|p2a: woofy woof|72/100
|
|upkeep
|turn|194
|
|switch|p1a: Copperajah|Copperajah, F|3/100
|-damage|p1a: Copperajah|0 fnt|[from] Stealth Rock
|faint|p1a: Copperajah
|move|p2a: woofy woof|Flamethrower|p1: Copperajah|[notarget]
|-fail|p2a: woofy woof
|
|upkeep
|j| Stamatis
|
|switch|p1a: Flygon|Flygon, F|53/100
|-damage|p1a: Flygon|47/100|[from] Stealth Rock
|turn|195
|
|switch|p2a: jelly belly|Reuniclus, M|51/100
|-damage|p2a: jelly belly|39/100|[from] Stealth Rock
|move|p1a: Flygon|Earthquake|p2a: jelly belly
|-damage|p2a: jelly belly|0 fnt
|faint|p2a: jelly belly
|
|upkeep
|
|switch|p2a: muddy buddy|Quagsire, M|79/100
|-damage|p2a: muddy buddy|73/100|[from] Stealth Rock
|turn|196
|
|move|p1a: Flygon|Outrage|p2a: muddy buddy
|-damage|p2a: muddy buddy|39/100
|move|p2a: muddy buddy|Recover|p2a: muddy buddy
|-heal|p2a: muddy buddy|89/100
|
|-heal|p2a: muddy buddy|95/100|[from] item: Leftovers
|upkeep
|turn|197
|
|move|p1a: Flygon|Outrage|p2a: muddy buddy|[from]lockedmove
|-damage|p2a: muddy buddy|61/100
|move|p2a: muddy buddy|Scald|p1a: Flygon
|-damage|p1a: Flygon|22/100
|
|-heal|p2a: muddy buddy|67/100|[from] item: Leftovers
|upkeep
|turn|198
|
|move|p1a: Flygon|Outrage|p2a: muddy buddy|[from]lockedmove
|-damage|p2a: muddy buddy|31/100
|-start|p1a: Flygon|confusion|[fatigue]
|move|p2a: muddy buddy|Scald|p1a: Flygon
|-damage|p1a: Flygon|0 fnt
|faint|p1a: Flygon
|
|-heal|p2a: muddy buddy|37/100|[from] item: Leftovers
|upkeep
|
|switch|p1a: Sylveon|Sylveon, M|22/100
|-damage|p1a: Sylveon|10/100|[from] Stealth Rock
|turn|199
|
|move|p1a: Sylveon|Hyper Voice|p2a: muddy buddy
|-damage|p2a: muddy buddy|0 fnt
|faint|p2a: muddy buddy
|
|upkeep
|
|switch|p2a: woofy woof|Arcanine, M|72/100
|-ability|p2a: woofy woof|Intimidate|boost
|-unboost|p1a: Sylveon|atk|1
|turn|200
|
|move|p1a: Sylveon|Protect|p1a: Sylveon
|-singleturn|p1a: Sylveon|Protect
|move|p2a: woofy woof|Flamethrower|p1a: Sylveon
|-activate|p1a: Sylveon|move: Protect
|
|upkeep
|turn|201
|l| Ramolost
|c|☆UULT1 pif|wow you lasted over 200 turns now
|l| nlt53cvthepharoah
|
|move|p2a: woofy woof|Flamethrower|p1a: Sylveon
|-damage|p1a: Sylveon|0 fnt
|faint|p1a: Sylveon
|
|win|UULT1 pif
|c|☆uult1 freitas|yeah
|c|☆uult1 freitas|that must be a world record
|raw|uult1 freitas's rating: 1603 &rarr; <strong>1588</strong><br />(-15 for losing)
|raw|UULT1 pif's rating: 1680 &rarr; <strong>1696</strong><br />(+16 for winning)
|c|☆UULT1 pif|very pretty
|l|☆UULT1 pif
|l|☆uult1 freitas
|l| Spl4sh
|l| uult1 pataozinho
|l| Stamatis
|l| uult1 forse
|l| UULT1 Curry
|l| vghbjn
|l| HSPECS
|j| uult1 pataozinho
|l| uult1 pataozinho
|l| duck duck roost
|l| ayouko
|l| Aravail-B2
|l| melancholy hills
|j| nioubuoboubobobu
|l| nioubuoboubobobu
|l| Bob the Bro
|l| golden alpaca
|j| kelly ㋛ kafka
|l| kelly ㋛ kafka
