|j|☆kingyascah
|j|☆Eel99
|t:|1652938323
|gametype|singles
|player|p1|kingyascah|brock|1412
|player|p2|Eel99|juggler|1578
|teamsize|p1|6
|teamsize|p2|6
|gen|8
|tier|[Gen 8] UU
|rated|
|rule|Sleep Clause Mod: Limit one foe put to sleep
|rule|Species Clause: Limit one of each Pokémon
|rule|OHKO Clause: OHKO moves are banned
|rule|Evasion Moves Clause: Evasion moves are banned
|rule|Endless Battle Clause: Forcing endless battles is banned
|rule|HP Percentage Mod: HP is shown in percentages
|rule|Dynamax Clause: You cannot dynamax
|clearpoke
|poke|p1|Hatterene, F|
|poke|p1|Chansey, F|
|poke|p1|Torkoal, M|
|poke|p1|Darmanitan, F|
|poke|p1|Venusaur, F|
|poke|p1|Charizard, M|
|poke|p2|Scizor, M|
|poke|p2|Azelf|
|poke|p2|Keldeo-Resolute|
|poke|p2|Excadrill, M|
|poke|p2|Tangrowth, F|
|poke|p2|Nihilego|
|teampreview
|inactive|Battle timer is ON: inactive players will automatically lose when time's up. (requested by kingyascah)
|
|t:|1652938336
|start
|switch|p1a: Torkoal|Torkoal, M|100/100
|switch|p2a: Nihilego|Nihilego|100/100
|-weather|SunnyDay|[from] ability: Drought|[of] p1a: Torkoal
|turn|1
|
|t:|1652938344
|switch|p1a: Chansey|Chansey, F|100/100
|move|p2a: Nihilego|Knock Off|p1a: Chansey
|-damage|p1a: Chansey|92/100
|-enditem|p1a: Chansey|Eviolite|[from] move: Knock Off|[of] p2a: Nihilego
|
|-weather|SunnyDay|[upkeep]
|upkeep
|turn|2
|
|t:|1652938358
|switch|p2a: Excadrill|Excadrill, M|100/100
|-ability|p2a: Excadrill|Mold Breaker
|move|p1a: Chansey|Teleport|p1a: Chansey
|
|t:|1652938363
|switch|p1a: Charizard|Charizard, M|100/100|[from]move: Teleport
|
|-weather|SunnyDay|[upkeep]
|-damage|p1a: Charizard|88/100|[from] ability: Solar Power|[of] p1a: Charizard
|upkeep
|turn|3
|
|t:|1652938389
|switch|p2a: Azelf|Azelf|100/100
|move|p1a: Charizard|Scorching Sands|p2a: Azelf
|-immune|p2a: Azelf|[from] ability: Levitate
|
|-weather|SunnyDay|[upkeep]
|-damage|p1a: Charizard|76/100|[from] ability: Solar Power|[of] p1a: Charizard
|upkeep
|turn|4
|
|t:|1652938401
|switch|p1a: Hatterene|Hatterene, F|100/100
|move|p2a: Azelf|U-turn|p1a: Hatterene
|-damage|p1a: Hatterene|88/100
|inactive|Eel99 has 120 seconds left.
|
|t:|1652938414
|switch|p2a: Nihilego|Nihilego|100/100|[from]move: U-turn
|
|-weather|SunnyDay|[upkeep]
|-heal|p1a: Hatterene|94/100|[from] item: Leftovers
|upkeep
|turn|5
|
|t:|1652938420
|move|p2a: Nihilego|Sludge Bomb|p1a: Hatterene
|-supereffective|p1a: Hatterene
|-damage|p1a: Hatterene|0 fnt
|faint|p1a: Hatterene
|-ability|p2a: Nihilego|Beast Boost|boost
|-boost|p2a: Nihilego|spa|1
|
|-weather|SunnyDay|[upkeep]
|upkeep
|
|t:|1652938435
|switch|p1a: Darmanitan|Darmanitan, F|100/100
|turn|6
|
|t:|1652938450
|switch|p2a: Tangrowth|Tangrowth, F|100/100
|move|p1a: Darmanitan|Flare Blitz|p2a: Tangrowth
|-supereffective|p2a: Tangrowth
|-damage|p2a: Tangrowth|0 fnt
|faint|p2a: Tangrowth
|-damage|p1a: Darmanitan|63/100|[from] Recoil
|
|-weather|SunnyDay|[upkeep]
|upkeep
|
|t:|1652938456
|switch|p2a: Keldeo|Keldeo-Resolute|100/100
|turn|7
|
|t:|1652938465
|move|p1a: Darmanitan|Flare Blitz|p2a: Keldeo
|-resisted|p2a: Keldeo
|-damage|p2a: Keldeo|26/100
|-damage|p1a: Darmanitan|40/100|[from] Recoil
|move|p2a: Keldeo|Secret Sword|p1a: Darmanitan
|-damage|p1a: Darmanitan|0 fnt
|faint|p1a: Darmanitan
|
|-weather|SunnyDay|[upkeep]
|upkeep
|
|t:|1652938478
|switch|p1a: Venusaur|Venusaur, F|100/100
|turn|8
|
|t:|1652938486
|switch|p2a: Azelf|Azelf|100/100
|move|p1a: Venusaur|Weather Ball|p2a: Azelf
|-crit|p2a: Azelf
|-damage|p2a: Azelf|0 fnt
|faint|p2a: Azelf
|-damage|p1a: Venusaur|91/100|[from] item: Life Orb
|
|-weather|none
|upkeep
|j| Sergent Fantoche
|
|t:|1652938498
|switch|p2a: Nihilego|Nihilego|100/100
|turn|9
|
|t:|1652938501
|switch|p1a: Chansey|Chansey, F|92/100
|move|p2a: Nihilego|Stealth Rock|p1a: Chansey
|-sidestart|p1: kingyascah|move: Stealth Rock
|
|upkeep
|turn|10
|
|t:|1652938509
|switch|p2a: Excadrill|Excadrill, M|100/100
|-ability|p2a: Excadrill|Mold Breaker
|move|p1a: Chansey|Seismic Toss|p2a: Excadrill
|-damage|p2a: Excadrill|73/100
|
|-heal|p2a: Excadrill|79/100|[from] item: Leftovers
|upkeep
|turn|11
|
|t:|1652938520
|move|p2a: Excadrill|Earthquake|p1a: Chansey
|-damage|p1a: Chansey|43/100
|move|p1a: Chansey|Teleport|p1a: Chansey
|
|t:|1652938524
|switch|p1a: Torkoal|Torkoal, M|100/100|[from]move: Teleport
|-damage|p1a: Torkoal|76/100|[from] Stealth Rock
|-weather|SunnyDay|[from] ability: Drought|[of] p1a: Torkoal
|
|-weather|SunnyDay|[upkeep]
|-heal|p2a: Excadrill|85/100|[from] item: Leftovers
|upkeep
|turn|12
|
|t:|1652938531
|move|p2a: Excadrill|Earthquake|p1a: Torkoal
|-supereffective|p1a: Torkoal
|-damage|p1a: Torkoal|18/100
|move|p1a: Torkoal|Rapid Spin|p2a: Excadrill
|-resisted|p2a: Excadrill
|-damage|p2a: Excadrill|79/100
|-boost|p1a: Torkoal|spe|1
|-sideend|p1: kingyascah|Stealth Rock|[from] move: Rapid Spin|[of] p1a: Torkoal
|
|-weather|SunnyDay|[upkeep]
|-heal|p2a: Excadrill|85/100|[from] item: Leftovers
|upkeep
|turn|13
|
|t:|1652938545
|move|p2a: Excadrill|Earthquake|p1a: Torkoal
|-supereffective|p1a: Torkoal
|-damage|p1a: Torkoal|0 fnt
|faint|p1a: Torkoal
|
|-weather|SunnyDay|[upkeep]
|-heal|p2a: Excadrill|91/100|[from] item: Leftovers
|upkeep
|
|t:|1652938551
|switch|p1a: Venusaur|Venusaur, F|91/100
|turn|14
|
|t:|1652938564
|move|p1a: Venusaur|Growth|p1a: Venusaur
|-boost|p1a: Venusaur|atk|2
|-boost|p1a: Venusaur|spa|2
|move|p2a: Excadrill|Earthquake|p1a: Venusaur
|-damage|p1a: Venusaur|14/100
|
|-weather|SunnyDay|[upkeep]
|-heal|p2a: Excadrill|97/100|[from] item: Leftovers
|upkeep
|turn|15
|
|t:|1652938575
|switch|p2a: Keldeo|Keldeo-Resolute|26/100
|move|p1a: Venusaur|Giga Drain|p2a: Keldeo
|-supereffective|p2a: Keldeo
|-damage|p2a: Keldeo|0 fnt
|-heal|p1a: Venusaur|28/100|[from] drain|[of] p2a: Keldeo
|faint|p2a: Keldeo
|-damage|p1a: Venusaur|18/100|[from] item: Life Orb
|
|-weather|SunnyDay|[upkeep]
|upkeep
|
|t:|1652938581
|switch|p2a: Scizor|Scizor, M|100/100
|turn|16
|
|t:|1652938588
|switch|p1a: Charizard|Charizard, M|76/100
|move|p2a: Scizor|Bullet Punch|p1a: Charizard
|-resisted|p1a: Charizard
|-damage|p1a: Charizard|57/100
|
|-weather|SunnyDay|[upkeep]
|-damage|p1a: Charizard|45/100|[from] ability: Solar Power|[of] p1a: Charizard
|upkeep
|turn|17
|
|t:|1652938608
|move|p2a: Scizor|Bullet Punch|p1a: Charizard
|-resisted|p1a: Charizard
|-damage|p1a: Charizard|23/100
|move|p1a: Charizard|Weather Ball|p2a: Scizor
|-supereffective|p2a: Scizor
|-damage|p2a: Scizor|0 fnt
|faint|p2a: Scizor
|
|-weather|SunnyDay|[upkeep]
|-damage|p1a: Charizard|11/100|[from] ability: Solar Power|[of] p1a: Charizard
|upkeep
|
|t:|1652938610
|switch|p2a: Nihilego|Nihilego|100/100
|turn|18
|
|t:|1652938621
|switch|p1a: Chansey|Chansey, F|43/100
|move|p2a: Nihilego|Sludge Bomb|p1a: Chansey
|-damage|p1a: Chansey|22/100
|
|-weather|none
|upkeep
|turn|19
|
|t:|1652938634
|move|p2a: Nihilego|Stealth Rock|p1a: Chansey
|-sidestart|p1: kingyascah|move: Stealth Rock
|move|p1a: Chansey|Soft-Boiled|p1a: Chansey
|-heal|p1a: Chansey|72/100
|
|upkeep
|turn|20
|
|t:|1652938639
|switch|p2a: Excadrill|Excadrill, M|97/100
|-ability|p2a: Excadrill|Mold Breaker
|move|p1a: Chansey|Soft-Boiled|p1a: Chansey
|-heal|p1a: Chansey|100/100
|
|-heal|p2a: Excadrill|100/100|[from] item: Leftovers
|upkeep
|turn|21
|
|t:|1652938650
|move|p2a: Excadrill|Rapid Spin|p1a: Chansey
|-crit|p1a: Chansey
|-damage|p1a: Chansey|75/100
|-boost|p2a: Excadrill|spe|1
|move|p1a: Chansey|Seismic Toss|p2a: Excadrill
|-damage|p2a: Excadrill|73/100
|
|-heal|p2a: Excadrill|79/100|[from] item: Leftovers
|upkeep
|turn|22
|
|t:|1652938659
|move|p2a: Excadrill|Swords Dance|p2a: Excadrill
|-boost|p2a: Excadrill|atk|2
|move|p1a: Chansey|Seismic Toss|p2a: Excadrill
|-damage|p2a: Excadrill|51/100
|
|-heal|p2a: Excadrill|57/100|[from] item: Leftovers
|upkeep
|turn|23
|-message|kingyascah forfeited.
|
|win|Eel99
|raw|kingyascah's rating: 1412 &rarr; <strong>1401</strong><br />(-11 for losing)
|raw|Eel99's rating: 1578 &rarr; <strong>1589</strong><br />(+11 for winning)
|l|☆kingyascah
|c|☆Eel99|gg
|l| Sergent Fantoche
