|j|☆Firquen
|j|☆dlarussa
|player|p1|Firquen|ingo|1282
|player|p2|dlarussa|pokekid|1361
|teamsize|p1|6
|teamsize|p2|6
|gametype|singles
|gen|8
|tier|[Gen 8] UU
|rated|
|clearpoke
|poke|p1|Tyranitar, F|
|poke|p1|Sirfetch’d, M|
|poke|p1|Jirachi|
|poke|p1|Lycanroc-Dusk, F|
|poke|p1|Kyurem|
|poke|p1|Sylveon, F|
|poke|p2|Blissey, F|
|poke|p2|Keldeo-Resolute|
|poke|p2|Grimmsnarl, M|
|poke|p2|Rotom-Wash|
|poke|p2|Polteageist|
|poke|p2|Kyurem|
|rule|Sleep Clause Mod: Limit one foe put to sleep
|rule|Species Clause: Limit one of each Pokémon
|rule|OHKO Clause: OHKO moves are banned
|rule|Evasion Moves Clause: Evasion moves are banned
|rule|Endless Battle Clause: Forcing endless battles is banned
|rule|HP Percentage Mod: HP is shown in percentages
|rule|Dynamax Clause: You cannot dynamax
|teampreview
|
|start
|switch|p1a: Lycanroc|Lycanroc-Dusk, F|100/100
|switch|p2a: Grimmsnarl|Grimmsnarl, M|100/100
|turn|1
|
|move|p2a: Grimmsnarl|Reflect|p2a: Grimmsnarl
|-sidestart|p2: dlarussa|Reflect
|move|p1a: Lycanroc|Taunt|p2a: Grimmsnarl
|-start|p2a: Grimmsnarl|move: Taunt
|
|upkeep
|turn|2
|
|switch|p2a: Keldeo|Keldeo-Resolute|100/100
|move|p1a: Lycanroc|Stealth Rock|p2a: Keldeo
|-sidestart|p2: dlarussa|move: Stealth Rock
|
|upkeep
|turn|3
|
|move|p1a: Lycanroc|Close Combat|p2a: Keldeo
|-damage|p2a: Keldeo|72/100
|-unboost|p1a: Lycanroc|def|1
|-unboost|p1a: Lycanroc|spd|1
|move|p2a: Keldeo|Calm Mind|p2a: Keldeo
|-boost|p2a: Keldeo|spa|1
|-boost|p2a: Keldeo|spd|1
|
|-heal|p2a: Keldeo|78/100|[from] item: Leftovers
|upkeep
|turn|4
|
|move|p1a: Lycanroc|Taunt|p2a: Keldeo
|-start|p2a: Keldeo|move: Taunt
|cant|p2a: Keldeo|move: Taunt|Calm Mind
|
|-heal|p2a: Keldeo|84/100|[from] item: Leftovers
|upkeep
|turn|5
|
|move|p1a: Lycanroc|Close Combat|p2a: Keldeo
|-damage|p2a: Keldeo|56/100
|-unboost|p1a: Lycanroc|def|1
|-unboost|p1a: Lycanroc|spd|1
|move|p2a: Keldeo|Secret Sword|p1a: Lycanroc
|-supereffective|p1a: Lycanroc
|-enditem|p1a: Lycanroc|Focus Sash
|-damage|p1a: Lycanroc|1/100
|
|-heal|p2a: Keldeo|62/100|[from] item: Leftovers
|upkeep
|turn|6
|
|move|p1a: Lycanroc|Rock Tomb|p2a: Keldeo
|-resisted|p2a: Keldeo
|-damage|p2a: Keldeo|53/100
|-unboost|p2a: Keldeo|spe|1
|move|p2a: Keldeo|Secret Sword|p1a: Lycanroc
|-supereffective|p1a: Lycanroc
|-crit|p1a: Lycanroc
|-damage|p1a: Lycanroc|0 fnt
|faint|p1a: Lycanroc
|
|-heal|p2a: Keldeo|60/100|[from] item: Leftovers
|-end|p2a: Keldeo|move: Taunt
|upkeep
|
|switch|p1a: Kyurem|Kyurem|100/100
|-ability|p1a: Kyurem|Pressure
|turn|7
|c|☆dlarussa|ooooh
|c|☆dlarussa|that's good
|c|☆Firquen|yup i really like this set !!
|
|switch|p1a: Sirfetch’d|Sirfetch’d, M|100/100
|switch|p2a: Grimmsnarl|Grimmsnarl, M|100/100
|-damage|p2a: Grimmsnarl|88/100|[from] Stealth Rock
|
|upkeep
|turn|8
|
|move|p2a: Grimmsnarl|Reflect||[still]
|-fail|p2a: Grimmsnarl
|move|p1a: Sirfetch’d|Close Combat|p2a: Grimmsnarl
|-damage|p2a: Grimmsnarl|43/100
|-unboost|p1a: Sirfetch’d|def|1
|-unboost|p1a: Sirfetch’d|spd|1
|
|-sideend|p2: dlarussa|Reflect
|upkeep
|turn|9
|
|move|p2a: Grimmsnarl|Reflect|p2a: Grimmsnarl
|-sidestart|p2: dlarussa|Reflect
|move|p1a: Sirfetch’d|Close Combat|p2a: Grimmsnarl
|-damage|p2a: Grimmsnarl|0 fnt
|-unboost|p1a: Sirfetch’d|def|1
|-unboost|p1a: Sirfetch’d|spd|1
|faint|p2a: Grimmsnarl
|
|upkeep
|
|switch|p2a: Blissey|Blissey, F|100/100
|-damage|p2a: Blissey|88/100|[from] Stealth Rock
|turn|10
|
|move|p1a: Sirfetch’d|Close Combat|p2a: Blissey
|-supereffective|p2a: Blissey
|-damage|p2a: Blissey|1/100
|-unboost|p1a: Sirfetch’d|def|1
|-unboost|p1a: Sirfetch’d|spd|1
|move|p2a: Blissey|Wish|p2a: Blissey
|
|-heal|p2a: Blissey|7/100|[from] item: Leftovers
|upkeep
|turn|11
|
|switch|p2a: Keldeo|Keldeo-Resolute|60/100
|-damage|p2a: Keldeo|53/100|[from] Stealth Rock
|move|p1a: Sirfetch’d|Close Combat|p2a: Keldeo
|-damage|p2a: Keldeo|0 fnt
|-unboost|p1a: Sirfetch’d|def|1
|-unboost|p1a: Sirfetch’d|spd|1
|faint|p2a: Keldeo
|
|upkeep
|-message|dlarussa forfeited.
|
|win|Firquen
|l|☆dlarussa
||Ladder (probably) updated, but score could not be retrieved (Request timeout).
