|j|☆Tempest brute
|j|☆Torkhar
|t:|1664441060
|gametype|singles
|player|p1|Tempest brute|1|1433
|player|p2|Torkhar|burglar|1216
|teamsize|p1|6
|teamsize|p2|6
|gen|8
|tier|[Gen 8] UU
|rated|
|rule|Sleep Clause Mod: Limit one foe put to sleep
|rule|Species Clause: Limit one of each Pokémon
|rule|OHKO Clause: OHKO moves are banned
|rule|Evasion Items Clause: Evasion items are banned
|rule|Evasion Moves Clause: Evasion moves are banned
|rule|Endless Battle Clause: Forcing endless battles is banned
|rule|HP Percentage Mod: HP is shown in percentages
|rule|Dynamax Clause: You cannot dynamax
|clearpoke
|poke|p1|Skarmory, M|
|poke|p1|Hydreigon, M|
|poke|p1|Cresselia, F|
|poke|p1|Primarina, M|
|poke|p1|Suicune|
|poke|p1|Tangrowth, F|
|poke|p2|Raikou|
|poke|p2|Scizor, F|
|poke|p2|Hippowdon, F|
|poke|p2|Zarude|
|poke|p2|Moltres|
|poke|p2|Slowking, M|
|teampreview
|
|t:|1664441073
|start
|switch|p1a: Suicune|Suicune|100/100
|switch|p2a: Zarude|Zarude|100/100
|-ability|p1a: Suicune|Pressure
|turn|1
|
|t:|1664441080
|switch|p1a: Tangrowth|Tangrowth, F|100/100
|move|p2a: Zarude|Power Whip|p1a: Tangrowth
|-resisted|p1a: Tangrowth
|-damage|p1a: Tangrowth|76/100
|
|upkeep
|turn|2
|
|t:|1664441092
|switch|p2a: Moltres|Moltres|100/100
|move|p1a: Tangrowth|Knock Off|p2a: Moltres
|-damage|p2a: Moltres|77/100
|-enditem|p2a: Moltres|Heavy-Duty Boots|[from] move: Knock Off|[of] p1a: Tangrowth
|
|upkeep
|turn|3
|
|t:|1664441100
|switch|p1a: Suicune|Suicune|100/100
|-ability|p1a: Suicune|Pressure
|move|p2a: Moltres|U-turn|p1a: Suicune
|-damage|p1a: Suicune|93/100
|
|t:|1664441108
|switch|p2a: Zarude|Zarude|100/100|[from]move: U-turn
|
|-heal|p1a: Suicune|99/100|[from] item: Leftovers
|upkeep
|turn|4
|
|t:|1664441114
|switch|p1a: Skarmory|Skarmory, M|100/100
|move|p2a: Zarude|Power Whip|p1a: Skarmory
|-resisted|p1a: Skarmory
|-crit|p1a: Skarmory
|-damage|p1a: Skarmory|81/100
|-damage|p2a: Zarude|84/100|[from] item: Rocky Helmet|[of] p1a: Skarmory
|
|upkeep
|turn|5
|
|t:|1664441130
|switch|p2a: Hippowdon|Hippowdon, F, shiny|100/100
|-weather|Sandstorm|[from] ability: Sand Stream|[of] p2a: Hippowdon
|move|p1a: Skarmory|Spikes|p2a: Hippowdon
|-sidestart|p2: Torkhar|Spikes
|
|-weather|Sandstorm|[upkeep]
|upkeep
|turn|6
|
|t:|1664441166
|move|p1a: Skarmory|Spikes|p2a: Hippowdon
|-sidestart|p2: Torkhar|Spikes
|move|p2a: Hippowdon|Stealth Rock|p1a: Skarmory
|-sidestart|p1: Tempest brute|move: Stealth Rock
|
|-weather|Sandstorm|[upkeep]
|upkeep
|turn|7
|
|t:|1664441172
|switch|p2a: Moltres|Moltres|77/100
|move|p1a: Skarmory|Spikes|p2a: Moltres
|-sidestart|p2: Torkhar|Spikes
|
|-weather|Sandstorm|[upkeep]
|-damage|p2a: Moltres|70/100|[from] Sandstorm
|upkeep
|turn|8
|
|t:|1664441183
|switch|p1a: Suicune|Suicune|99/100
|-damage|p1a: Suicune|86/100|[from] Stealth Rock
|-ability|p1a: Suicune|Pressure
|move|p2a: Moltres|Hurricane|p1a: Suicune
|-damage|p1a: Suicune|48/100
|
|-weather|Sandstorm|[upkeep]
|-damage|p2a: Moltres|64/100|[from] Sandstorm
|-damage|p1a: Suicune|42/100|[from] Sandstorm
|-heal|p1a: Suicune|48/100|[from] item: Leftovers
|upkeep
|turn|9
|
|t:|1664441194
|move|p2a: Moltres|U-turn|p1a: Suicune
|-damage|p1a: Suicune|40/100
|
|t:|1664441198
|switch|p2a: Scizor|Scizor, F|100/100|[from]move: U-turn
|move|p1a: Suicune|Rest|p1a: Suicune
|-status|p1a: Suicune|slp|[from] move: Rest
|-heal|p1a: Suicune|100/100 slp|[silent]
|
|-weather|none
|upkeep
|turn|10
|
|t:|1664441208
|switch|p1a: Primarina|Primarina, M|100/100
|-damage|p1a: Primarina|88/100|[from] Stealth Rock
|move|p2a: Scizor|Swords Dance|p2a: Scizor
|-boost|p2a: Scizor|atk|2
|
|-heal|p1a: Primarina|94/100|[from] item: Leftovers
|upkeep
|turn|11
|
|t:|1664441216
|switch|p1a: Skarmory|Skarmory, M|81/100
|-damage|p1a: Skarmory|69/100|[from] Stealth Rock
|move|p2a: Scizor|Bullet Punch|p1a: Skarmory
|-resisted|p1a: Skarmory
|-damage|p1a: Skarmory|51/100
|-damage|p2a: Scizor|84/100|[from] item: Rocky Helmet|[of] p1a: Skarmory
|
|upkeep
|turn|12
|
|t:|1664441224
|move|p1a: Skarmory|Roost|p1a: Skarmory
|-heal|p1a: Skarmory|100/100
|-singleturn|p1a: Skarmory|move: Roost
|move|p2a: Scizor|Knock Off|p1a: Skarmory
|-damage|p1a: Skarmory|62/100
|-damage|p2a: Scizor|67/100|[from] item: Rocky Helmet|[of] p1a: Skarmory
|-enditem|p1a: Skarmory|Rocky Helmet|[from] move: Knock Off|[of] p2a: Scizor
|
|upkeep
|turn|13
|
|t:|1664441236
|switch|p2a: Moltres|Moltres|64/100
|move|p1a: Skarmory|Roost|p1a: Skarmory
|-heal|p1a: Skarmory|100/100
|-singleturn|p1a: Skarmory|move: Roost
|
|upkeep
|turn|14
|
|t:|1664441244
|switch|p1a: Suicune|Suicune|100/100 slp
|-damage|p1a: Suicune|88/100 slp|[from] Stealth Rock
|-ability|p1a: Suicune|Pressure
|move|p2a: Moltres|Roost|p2a: Moltres
|-heal|p2a: Moltres|100/100
|-singleturn|p2a: Moltres|move: Roost
|
|-heal|p1a: Suicune|94/100 slp|[from] item: Leftovers
|upkeep
|turn|15
|
|t:|1664441255
|move|p2a: Moltres|U-turn|p1a: Suicune
|-damage|p1a: Suicune|86/100 slp
|
|t:|1664441261
|switch|p2a: Raikou|Raikou, shiny|100/100|[from]move: U-turn
|cant|p1a: Suicune|slp
|move|p1a: Suicune|Sleep Talk|p1a: Suicune
|move|p1a: Suicune|Rest||[from]move: Sleep Talk|[still]
|-fail|p1a: Suicune
|
|-heal|p1a: Suicune|92/100 slp|[from] item: Leftovers
|upkeep
|turn|16
|
|t:|1664441270
|switch|p1a: Tangrowth|Tangrowth, F|100/100
|-damage|p1a: Tangrowth|88/100|[from] Stealth Rock
|move|p2a: Raikou|Volt Switch|p1a: Tangrowth
|-resisted|p1a: Tangrowth
|-damage|p1a: Tangrowth|76/100
|
|t:|1664441277
|switch|p2a: Zarude|Zarude|84/100|[from]move: Volt Switch
|-damage|p2a: Zarude|59/100|[from] Spikes
|
|upkeep
|turn|17
|
|t:|1664441282
|move|p2a: Zarude|U-turn|p1a: Tangrowth
|-supereffective|p1a: Tangrowth
|-damage|p1a: Tangrowth|36/100
|
|t:|1664441286
|switch|p2a: Moltres|Moltres|100/100|[from]move: U-turn
|move|p1a: Tangrowth|Focus Blast|p2a: Moltres|[miss]
|-miss|p1a: Tangrowth|p2a: Moltres
|
|upkeep
|turn|18
|
|t:|1664441295
|switch|p1a: Suicune|Suicune|92/100 slp
|-damage|p1a: Suicune|80/100 slp|[from] Stealth Rock
|-ability|p1a: Suicune|Pressure
|move|p2a: Moltres|Hurricane|p1a: Suicune
|-damage|p1a: Suicune|43/100 slp
|
|-heal|p1a: Suicune|49/100 slp|[from] item: Leftovers
|upkeep
|turn|19
|
|t:|1664441304
|move|p2a: Moltres|U-turn|p1a: Suicune
|-damage|p1a: Suicune|40/100 slp
|
|t:|1664441307
|switch|p2a: Zarude|Zarude|59/100|[from]move: U-turn
|-damage|p2a: Zarude|34/100|[from] Spikes
|cant|p1a: Suicune|slp
|move|p1a: Suicune|Sleep Talk|p1a: Suicune
|move|p1a: Suicune|Rest||[from]move: Sleep Talk|[still]
|-fail|p1a: Suicune
|
|-heal|p1a: Suicune|47/100 slp|[from] item: Leftovers
|upkeep
|turn|20
|
|t:|1664441321
|switch|p1a: Tangrowth|Tangrowth, F|69/100
|-damage|p1a: Tangrowth|56/100|[from] Stealth Rock
|move|p2a: Zarude|Jungle Healing|p2a: Zarude
|-heal|p2a: Zarude|59/100
|
|upkeep
|turn|21
|
|t:|1664441329
|switch|p2a: Moltres|Moltres|100/100
|move|p1a: Tangrowth|Knock Off|p2a: Moltres
|-damage|p2a: Moltres|84/100
|
|upkeep
|turn|22
|j| pikachumederic
|
|t:|1664441335
|switch|p1a: Hydreigon|Hydreigon, M|100/100
|-damage|p1a: Hydreigon|88/100|[from] Stealth Rock
|move|p2a: Moltres|Hurricane|p1a: Hydreigon|[miss]
|-miss|p2a: Moltres|p1a: Hydreigon
|
|-heal|p1a: Hydreigon|94/100|[from] item: Leftovers
|upkeep
|turn|23
|
|t:|1664441345
|move|p2a: Moltres|U-turn|p1a: Hydreigon
|-supereffective|p1a: Hydreigon
|-damage|p1a: Hydreigon|69/100
|
|t:|1664441350
|switch|p2a: Hippowdon|Hippowdon, F, shiny|100/100|[from]move: U-turn
|-damage|p2a: Hippowdon|75/100|[from] Spikes
|-weather|Sandstorm|[from] ability: Sand Stream|[of] p2a: Hippowdon
|move|p1a: Hydreigon|Nasty Plot|p1a: Hydreigon
|-boost|p1a: Hydreigon|spa|2
|
|-weather|Sandstorm|[upkeep]
|-damage|p1a: Hydreigon|62/100|[from] Sandstorm
|-heal|p1a: Hydreigon|69/100|[from] item: Leftovers
|-heal|p2a: Hippowdon|82/100|[from] item: Leftovers
|upkeep
|turn|24
|
|t:|1664441368
|move|p1a: Hydreigon|Dark Pulse|p2a: Hippowdon
|-damage|p2a: Hippowdon|32/100
|move|p2a: Hippowdon|Toxic|p1a: Hydreigon
|-status|p1a: Hydreigon|tox
|
|-weather|Sandstorm|[upkeep]
|-damage|p1a: Hydreigon|62/100 tox|[from] Sandstorm
|-heal|p1a: Hydreigon|69/100 tox|[from] item: Leftovers
|-heal|p2a: Hippowdon|38/100|[from] item: Leftovers
|-damage|p1a: Hydreigon|62/100 tox|[from] psn
|upkeep
|turn|25
|
|t:|1664441386
|switch|p2a: Slowking|Slowking, M|100/100
|-damage|p2a: Slowking|76/100|[from] Spikes
|move|p1a: Hydreigon|Dark Pulse|p2a: Slowking
|-supereffective|p2a: Slowking
|-crit|p2a: Slowking
|-enditem|p2a: Slowking|Colbur Berry|[eat]
|-enditem|p2a: Slowking|Colbur Berry|[weaken]
|-damage|p2a: Slowking|5/100
|
|-weather|Sandstorm|[upkeep]
|-damage|p1a: Hydreigon|56/100 tox|[from] Sandstorm
|-damage|p2a: Slowking|0 fnt|[from] Sandstorm
|faint|p2a: Slowking
|-heal|p1a: Hydreigon|62/100 tox|[from] item: Leftovers
|-damage|p1a: Hydreigon|50/100 tox|[from] psn
|upkeep
|c| pikachumederic|oh un francais
|
|t:|1664441404
|switch|p2a: Zarude|Zarude|59/100
|-damage|p2a: Zarude|35/100|[from] Spikes
|turn|26
|c| pikachumederic|lequipe de mimilucha
|
|t:|1664441409
|move|p2a: Zarude|U-turn|p1a: Hydreigon
|-supereffective|p1a: Hydreigon
|-damage|p1a: Hydreigon|0 fnt
|faint|p1a: Hydreigon
|
|t:|1664441415
|switch|p2a: Raikou|Raikou, shiny|100/100|[from]move: U-turn
|
|-weather|Sandstorm|[upkeep]
|-damage|p2a: Raikou|94/100|[from] Sandstorm
|upkeep
|
|t:|1664441420
|switch|p1a: Tangrowth|Tangrowth, F|90/100
|-damage|p1a: Tangrowth|77/100|[from] Stealth Rock
|turn|27
|
|t:|1664441426
|move|p2a: Raikou|Volt Switch|p1a: Tangrowth
|-resisted|p1a: Tangrowth
|-damage|p1a: Tangrowth|64/100
|
|t:|1664441432
|switch|p2a: Moltres|Moltres|84/100|[from]move: Volt Switch
|move|p1a: Tangrowth|Sludge Bomb|p2a: Moltres
|-damage|p2a: Moltres|58/100
|
|-weather|none
|upkeep
|turn|28
|
|t:|1664441440
|switch|p1a: Cresselia|Cresselia, F|100/100
|-damage|p1a: Cresselia|88/100|[from] Stealth Rock
|move|p2a: Moltres|Roost|p2a: Moltres
|-heal|p2a: Moltres|100/100
|-singleturn|p2a: Moltres|move: Roost
|
|-heal|p1a: Cresselia|94/100|[from] item: Leftovers
|upkeep
|turn|29
|
|t:|1664441453
|move|p2a: Moltres|U-turn|p1a: Cresselia
|-supereffective|p1a: Cresselia
|-damage|p1a: Cresselia|78/100
|
|t:|1664441457
|switch|p2a: Scizor|Scizor, F|67/100|[from]move: U-turn
|move|p1a: Cresselia|Calm Mind|p1a: Cresselia
|-boost|p1a: Cresselia|spa|1
|-boost|p1a: Cresselia|spd|1
|
|-heal|p1a: Cresselia|84/100|[from] item: Leftovers
|upkeep
|turn|30
|
|t:|1664441465
|switch|p1a: Skarmory|Skarmory, M|100/100
|-damage|p1a: Skarmory|88/100|[from] Stealth Rock
|move|p2a: Scizor|Knock Off|p1a: Skarmory
|-damage|p1a: Skarmory|74/100
|
|upkeep
|turn|31
|
|t:|1664441484
|switch|p2a: Raikou|Raikou, shiny|94/100
|move|p1a: Skarmory|Roost|p1a: Skarmory
|-heal|p1a: Skarmory|100/100
|-singleturn|p1a: Skarmory|move: Roost
|
|upkeep
|turn|32
|
|t:|1664441493
|switch|p1a: Tangrowth|Tangrowth, F|97/100
|-damage|p1a: Tangrowth|85/100|[from] Stealth Rock
|move|p2a: Raikou|Volt Switch|p1a: Tangrowth
|-resisted|p1a: Tangrowth
|-damage|p1a: Tangrowth|71/100
|
|t:|1664441504
|switch|p2a: Moltres|Moltres|100/100|[from]move: Volt Switch
|
|upkeep
|turn|33
|
|t:|1664441512
|switch|p1a: Cresselia|Cresselia, F|84/100
|-damage|p1a: Cresselia|72/100|[from] Stealth Rock
|move|p2a: Moltres|Hurricane|p1a: Cresselia|[miss]
|-miss|p2a: Moltres|p1a: Cresselia
|
|-heal|p1a: Cresselia|78/100|[from] item: Leftovers
|upkeep
|turn|34
|
|t:|1664441520
|move|p2a: Moltres|U-turn|p1a: Cresselia
|-supereffective|p1a: Cresselia
|-damage|p1a: Cresselia|61/100
|
|t:|1664441527
|switch|p2a: Scizor|Scizor, F|67/100|[from]move: U-turn
|move|p1a: Cresselia|Ice Beam|p2a: Scizor
|-resisted|p2a: Scizor
|-damage|p2a: Scizor|57/100
|
|-heal|p1a: Cresselia|67/100|[from] item: Leftovers
|upkeep
|turn|35
|
|t:|1664441535
|switch|p1a: Skarmory|Skarmory, M|100/100
|-damage|p1a: Skarmory|88/100|[from] Stealth Rock
|move|p2a: Scizor|Roost|p2a: Scizor
|-heal|p2a: Scizor|100/100
|-singleturn|p2a: Scizor|move: Roost
|
|upkeep
|turn|36
|c| pikachumederic|ce que je naime pas dans lequipe de mimilucha cest quil ya pas de defogueur
|
|t:|1664441562
|switch|p2a: Raikou|Raikou, shiny|94/100
|move|p1a: Skarmory|Body Press|p2a: Raikou
|-damage|p2a: Raikou|56/100
|
|upkeep
|turn|37
|c|☆Torkhar|Oui mais les bottes font pas mal le taf
|
|t:|1664441591
|switch|p1a: Tangrowth|Tangrowth, F|100/100
|-damage|p1a: Tangrowth|88/100|[from] Stealth Rock
|move|p2a: Raikou|Scald|p1a: Tangrowth
|-resisted|p1a: Tangrowth
|-damage|p1a: Tangrowth|79/100
|
|upkeep
|turn|38
|c| pikachumederic|oui yen na quatre quils lont
|
|t:|1664441637
|move|p2a: Raikou|Volt Switch|p1a: Tangrowth
|-resisted|p1a: Tangrowth
|-damage|p1a: Tangrowth|68/100
|
|t:|1664441641
|switch|p2a: Moltres|Moltres|100/100|[from]move: Volt Switch
|move|p1a: Tangrowth|Sludge Bomb|p2a: Moltres
|-damage|p2a: Moltres|75/100
|
|upkeep
|turn|39
|
|t:|1664441651
|switch|p1a: Cresselia|Cresselia, F|67/100
|-damage|p1a: Cresselia|55/100|[from] Stealth Rock
|move|p2a: Moltres|Flamethrower|p1a: Cresselia
|-damage|p1a: Cresselia|32/100
|
|-heal|p1a: Cresselia|38/100|[from] item: Leftovers
|upkeep
|turn|40
|c| pikachumederic|sa reste dur a maitriser je prefére celle de carmin
|
|t:|1664441662
|move|p2a: Moltres|Hurricane|p1a: Cresselia|[miss]
|-miss|p2a: Moltres|p1a: Cresselia
|move|p1a: Cresselia|Moonlight|p1a: Cresselia
|-heal|p1a: Cresselia|88/100
|
|-heal|p1a: Cresselia|94/100|[from] item: Leftovers
|upkeep
|turn|41
|
|t:|1664441673
|switch|p1a: Primarina|Primarina, M|94/100
|-damage|p1a: Primarina|82/100|[from] Stealth Rock
|move|p2a: Moltres|Hurricane|p1a: Primarina
|-damage|p1a: Primarina|45/100
|
|-heal|p1a: Primarina|51/100|[from] item: Leftovers
|upkeep
|turn|42
|
|t:|1664441685
|move|p2a: Moltres|U-turn|p1a: Primarina
|-resisted|p1a: Primarina
|-damage|p1a: Primarina|44/100
|
|t:|1664441688
|switch|p2a: Scizor|Scizor, F|100/100|[from]move: U-turn
|move|p1a: Primarina|Scald|p2a: Scizor
|-damage|p2a: Scizor|63/100
|
|-heal|p1a: Primarina|50/100|[from] item: Leftovers
|upkeep
|turn|43
|
|t:|1664441696
|move|p2a: Scizor|Bullet Punch|p1a: Primarina
|-damage|p1a: Primarina|22/100
|move|p1a: Primarina|Scald|p2a: Scizor
|-damage|p2a: Scizor|7/100
|
|-heal|p1a: Primarina|29/100|[from] item: Leftovers
|upkeep
|turn|44
|
|t:|1664441709
|move|p2a: Scizor|Bullet Punch|p1a: Primarina
|-damage|p1a: Primarina|0 fnt
|faint|p1a: Primarina
|
|upkeep
|
|t:|1664441716
|switch|p1a: Cresselia|Cresselia, F|94/100
|-damage|p1a: Cresselia|82/100|[from] Stealth Rock
|turn|45
|c| pikachumederic|bien debarasser dune menace offensive
|
|t:|1664441729
|switch|p2a: Moltres|Moltres|75/100
|move|p1a: Cresselia|Ice Beam|p2a: Moltres
|-damage|p2a: Moltres|55/100
|
|-heal|p1a: Cresselia|88/100|[from] item: Leftovers
|upkeep
|turn|46
|
|t:|1664441736
|move|p2a: Moltres|Roost|p2a: Moltres
|-heal|p2a: Moltres|100/100
|-singleturn|p2a: Moltres|move: Roost
|move|p1a: Cresselia|Calm Mind|p1a: Cresselia
|-boost|p1a: Cresselia|spa|1
|-boost|p1a: Cresselia|spd|1
|
|-heal|p1a: Cresselia|94/100|[from] item: Leftovers
|upkeep
|turn|47
|
|t:|1664441747
|move|p2a: Moltres|Hurricane|p1a: Cresselia|[miss]
|-miss|p2a: Moltres|p1a: Cresselia
|move|p1a: Cresselia|Calm Mind|p1a: Cresselia
|-boost|p1a: Cresselia|spa|1
|-boost|p1a: Cresselia|spd|1
|
|-heal|p1a: Cresselia|99/100|[from] item: Leftovers
|upkeep
|turn|48
|c| pikachumederic|lol
|
|t:|1664441761
|move|p2a: Moltres|U-turn|p1a: Cresselia
|-supereffective|p1a: Cresselia
|-damage|p1a: Cresselia|83/100
|c| pikachumederic|calm mind cresselia cest  bidon
|
|t:|1664441764
|switch|p2a: Hippowdon|Hippowdon, F, shiny|38/100|[from]move: U-turn
|-damage|p2a: Hippowdon|13/100|[from] Spikes
|-weather|Sandstorm|[from] ability: Sand Stream|[of] p2a: Hippowdon
|move|p1a: Cresselia|Psyshock|p2a: Hippowdon
|-damage|p2a: Hippowdon|0 fnt
|faint|p2a: Hippowdon
|
|-weather|Sandstorm|[upkeep]
|-damage|p1a: Cresselia|77/100|[from] Sandstorm
|-heal|p1a: Cresselia|83/100|[from] item: Leftovers
|upkeep
|
|t:|1664441776
|switch|p2a: Zarude|Zarude|35/100
|-damage|p2a: Zarude|10/100|[from] Spikes
|turn|49
|
|t:|1664441781
|move|p2a: Zarude|U-turn|p1a: Cresselia
|-supereffective|p1a: Cresselia
|-damage|p1a: Cresselia|46/100
|
|t:|1664441784
|switch|p2a: Moltres|Moltres|100/100|[from]move: U-turn
|move|p1a: Cresselia|Ice Beam|p2a: Moltres
|-damage|p2a: Moltres|64/100
|
|-weather|Sandstorm|[upkeep]
|-damage|p2a: Moltres|58/100|[from] Sandstorm
|-damage|p1a: Cresselia|40/100|[from] Sandstorm
|-heal|p1a: Cresselia|46/100|[from] item: Leftovers
|upkeep
|turn|50
|
|t:|1664441794
|move|p2a: Moltres|Hurricane|p1a: Cresselia
|-damage|p1a: Cresselia|32/100
|-start|p1a: Cresselia|confusion
|-activate|p1a: Cresselia|confusion
|move|p1a: Cresselia|Moonlight|p1a: Cresselia
|-heal|p1a: Cresselia|57/100
|
|-weather|Sandstorm|[upkeep]
|-damage|p2a: Moltres|52/100|[from] Sandstorm
|-damage|p1a: Cresselia|51/100|[from] Sandstorm
|-heal|p1a: Cresselia|57/100|[from] item: Leftovers
|upkeep
|turn|51
|
|t:|1664441807
|move|p2a: Moltres|U-turn|p1a: Cresselia
|-supereffective|p1a: Cresselia
|-damage|p1a: Cresselia|42/100
|
|t:|1664441811
|switch|p2a: Scizor|Scizor, F|7/100|[from]move: U-turn
|-activate|p1a: Cresselia|confusion
|-damage|p1a: Cresselia|39/100|[from] confusion
|
|-weather|Sandstorm|[upkeep]
|-damage|p1a: Cresselia|32/100|[from] Sandstorm
|-heal|p1a: Cresselia|39/100|[from] item: Leftovers
|upkeep
|turn|52
|
|t:|1664441822
|move|p2a: Scizor|Bullet Punch|p1a: Cresselia
|-damage|p1a: Cresselia|24/100
|-activate|p1a: Cresselia|confusion
|move|p1a: Cresselia|Ice Beam|p2a: Scizor
|-resisted|p2a: Scizor
|-damage|p2a: Scizor|0 fnt
|faint|p2a: Scizor
|
|-weather|none
|-heal|p1a: Cresselia|30/100|[from] item: Leftovers
|upkeep
|
|t:|1664441833
|switch|p2a: Moltres|Moltres|52/100
|turn|53
|
|t:|1664441838
|move|p2a: Moltres|Hurricane|p1a: Cresselia
|-damage|p1a: Cresselia|14/100
|-end|p1a: Cresselia|confusion
|move|p1a: Cresselia|Moonlight|p1a: Cresselia
|-heal|p1a: Cresselia|64/100
|
|-heal|p1a: Cresselia|70/100|[from] item: Leftovers
|upkeep
|turn|54
|c| pikachumederic|non il  va gagner avec sa cest laid
|
|t:|1664441848
|move|p2a: Moltres|Roost|p2a: Moltres
|-heal|p2a: Moltres|100/100
|-singleturn|p2a: Moltres|move: Roost
|move|p1a: Cresselia|Moonlight|p1a: Cresselia
|-heal|p1a: Cresselia|100/100
|
|upkeep
|turn|55
|
|t:|1664441858
|move|p2a: Moltres|Flamethrower|p1a: Cresselia
|-damage|p1a: Cresselia|89/100
|move|p1a: Cresselia|Calm Mind|p1a: Cresselia
|-boost|p1a: Cresselia|spa|1
|-boost|p1a: Cresselia|spd|1
|
|-heal|p1a: Cresselia|95/100|[from] item: Leftovers
|upkeep
|turn|56
|
|t:|1664441874
|move|p2a: Moltres|Flamethrower|p1a: Cresselia
|-damage|p1a: Cresselia|85/100
|move|p1a: Cresselia|Psyshock|p2a: Moltres
|-damage|p2a: Moltres|39/100
|
|-heal|p1a: Cresselia|91/100|[from] item: Leftovers
|upkeep
|turn|57
|c| pikachumederic|oh pitié hahaha
|
|t:|1664441881
|move|p2a: Moltres|Roost|p2a: Moltres
|-heal|p2a: Moltres|89/100
|-singleturn|p2a: Moltres|move: Roost
|move|p1a: Cresselia|Psyshock|p2a: Moltres
|-damage|p2a: Moltres|24/100
|
|-heal|p1a: Cresselia|98/100|[from] item: Leftovers
|upkeep
|turn|58
|
|t:|1664441891
|move|p2a: Moltres|Roost|p2a: Moltres
|-heal|p2a: Moltres|74/100
|-singleturn|p2a: Moltres|move: Roost
|move|p1a: Cresselia|Psyshock|p2a: Moltres
|-damage|p2a: Moltres|8/100
|
|-heal|p1a: Cresselia|100/100|[from] item: Leftovers
|upkeep
|turn|59
|
|t:|1664441911
|move|p2a: Moltres|U-turn|p1a: Cresselia
|-supereffective|p1a: Cresselia
|-damage|p1a: Cresselia|85/100
|
|t:|1664441914
|switch|p2a: Zarude|Zarude|10/100|[from]move: U-turn
|-damage|p2a: Zarude|0 fnt|[from] Spikes
|faint|p2a: Zarude
|move|p1a: Cresselia|Psyshock|p2: Zarude|[notarget]
|-fail|p1a: Cresselia
|
|-heal|p1a: Cresselia|91/100|[from] item: Leftovers
|upkeep
|-message|Torkhar forfeited.
|
|win|Tempest brute
|raw|Tempest brute's rating: 1433 &rarr; <strong>1442</strong><br />(+9 for winning)
|raw|Torkhar's rating: 1216 &rarr; <strong>1205</strong><br />(-11 for losing)
|l|☆Torkhar
|l|☆Tempest brute
|c| pikachumederic|ahhhhhhhhhhhhhhhhhhhhhh
