|html|<div class="broadcast-blue"><strong>[Gen 8] UU is currently suspecting Latias! For information on how to participate check out the <a href="https://www.smogon.com/forums/threads/np-ss-uu-stage-10-airplanes-latias-retest.3691692/page-3#post-9007205">suspect thread</a>.</strong></div>
|j|☆BigFatMantis
|j|☆Zephyyyr
|t:|1635124581
|gametype|singles
|player|p1|BigFatMantis|faba|
|player|p2|Zephyyyr|richboy|
|teamsize|p1|6
|teamsize|p2|6
|gen|8
|tier|[Gen 8] UU
|rated|Tournament battle
|rule|Sleep Clause Mod: Limit one foe put to sleep
|rule|Species Clause: Limit one of each Pokémon
|rule|OHKO Clause: OHKO moves are banned
|rule|Evasion Moves Clause: Evasion moves are banned
|rule|Endless Battle Clause: Forcing endless battles is banned
|rule|HP Percentage Mod: HP is shown in percentages
|rule|Dynamax Clause: You cannot dynamax
|clearpoke
|poke|p1|Kommo-o, M|
|poke|p1|Jirachi|
|poke|p1|Weezing-Galar, F|
|poke|p1|Gyarados, F|
|poke|p1|Azelf|
|poke|p1|Zarude-Dada|
|poke|p2|Excadrill, M|
|poke|p2|Azumarill, F|
|poke|p2|Celesteela|
|poke|p2|Lycanroc-Dusk, M|
|poke|p2|Latias, F|
|poke|p2|Hydreigon, M|
|teampreview
|c|☆BigFatMantis|glhf
|j| debble
|
|t:|1635124596
|start
|switch|p1a: Jirachi|Jirachi|100/100
|switch|p2a: Excadrill|Excadrill, M|100/100
|-ability|p2a: Excadrill|Mold Breaker
|turn|1
|inactive|Battle timer is ON: inactive players will automatically lose when time's up. (requested by BigFatMantis)
|inactive|Zephyyyr has 120 seconds left.
|
|t:|1635124655
|move|p1a: Jirachi|Stealth Rock|p2a: Excadrill
|-sidestart|p2: Zephyyyr|move: Stealth Rock
|move|p2a: Excadrill|Stealth Rock|p1a: Jirachi
|-sidestart|p1: BigFatMantis|move: Stealth Rock
|
|upkeep
|turn|2
|
|t:|1635124659
|move|p1a: Jirachi|Aura Sphere|p2a: Excadrill
|-supereffective|p2a: Excadrill
|-damage|p2a: Excadrill|43/100
|move|p2a: Excadrill|Rapid Spin|p1a: Jirachi
|-resisted|p1a: Jirachi
|-damage|p1a: Jirachi|91/100
|-boost|p2a: Excadrill|spe|1
|-sideend|p2: Zephyyyr|Stealth Rock|[from] move: Rapid Spin|[of] p2a: Excadrill
|
|upkeep
|turn|3
|j| Crushy S
|c|☆Zephyyyr|Hf
|
|t:|1635124675
|switch|p1a: Gyarados|Gyarados, F|100/100
|-damage|p1a: Gyarados|76/100|[from] Stealth Rock
|move|p2a: Excadrill|Earthquake|p1a: Gyarados
|-immune|p1a: Gyarados
|
|upkeep
|turn|4
|
|t:|1635124683
|move|p2a: Excadrill|Rock Tomb|p1a: Gyarados
|-supereffective|p1a: Gyarados
|-damage|p1a: Gyarados|21/100
|-unboost|p1a: Gyarados|spe|1
|move|p1a: Gyarados|Waterfall|p2a: Excadrill
|-supereffective|p2a: Excadrill
|-damage|p2a: Excadrill|0 fnt
|faint|p2a: Excadrill
|-ability|p1a: Gyarados|Moxie|boost
|-boost|p1a: Gyarados|atk|1
|
|upkeep
|
|t:|1635124693
|switch|p2a: Lycanroc|Lycanroc-Dusk, M|100/100
|turn|5
|
|t:|1635124695
|move|p2a: Lycanroc|Accelerock|p1a: Gyarados
|-supereffective|p1a: Gyarados
|-damage|p1a: Gyarados|0 fnt
|faint|p1a: Gyarados
|-damage|p2a: Lycanroc|91/100|[from] item: Life Orb
|
|upkeep
|inactive|BigFatMantis has 120 seconds left.
|
|t:|1635124748
|switch|p1a: Jirachi|Jirachi|91/100
|-damage|p1a: Jirachi|85/100|[from] Stealth Rock
|turn|6
|inactive|Zephyyyr has 120 seconds left.
|
|t:|1635124790
|move|p2a: Lycanroc|Crunch|p1a: Jirachi
|-supereffective|p1a: Jirachi
|-damage|p1a: Jirachi|4/100
|-damage|p2a: Lycanroc|81/100|[from] item: Life Orb
|move|p1a: Jirachi|Stealth Rock|p2a: Lycanroc
|-sidestart|p2: Zephyyyr|move: Stealth Rock
|
|upkeep
|turn|7
|
|t:|1635124797
|move|p2a: Lycanroc|Crunch|p1a: Jirachi
|-supereffective|p1a: Jirachi
|-damage|p1a: Jirachi|0 fnt
|faint|p1a: Jirachi
|-damage|p2a: Lycanroc|71/100|[from] item: Life Orb
|
|upkeep
|inactive|BigFatMantis has 90 seconds left.
|
|t:|1635124840
|switch|p1a: Azelf|Azelf|100/100
|-damage|p1a: Azelf|88/100|[from] Stealth Rock
|turn|8
|
|t:|1635124846
|move|p2a: Lycanroc|Accelerock|p1a: Azelf
|-damage|p1a: Azelf|32/100
|-damage|p2a: Lycanroc|61/100|[from] item: Life Orb
|move|p1a: Azelf|Psyshock|p2a: Lycanroc
|-damage|p2a: Lycanroc|0 fnt
|faint|p2a: Lycanroc
|
|upkeep
|
|t:|1635124850
|switch|p2a: Azumarill|Azumarill, F|100/100
|-damage|p2a: Azumarill|88/100|[from] Stealth Rock
|turn|9
|
|t:|1635124855
|move|p2a: Azumarill|Aqua Jet|p1a: Azelf
|-damage|p1a: Azelf|0 fnt
|faint|p1a: Azelf
|
|upkeep
|inactive|BigFatMantis has 90 seconds left.
|
|t:|1635124877
|switch|p1a: Weezing|Weezing-Galar, F|100/100
|-damage|p1a: Weezing|88/100|[from] Stealth Rock
|-fieldstart|move: Misty Terrain|[from] ability: Misty Surge|[of] p1a: Weezing
|turn|10
|
|t:|1635124902
|switch|p2a: Celesteela|Celesteela|100/100
|-damage|p2a: Celesteela|88/100|[from] Stealth Rock
|move|p1a: Weezing|Strange Steam|p2a: Celesteela
|-resisted|p2a: Celesteela
|-damage|p2a: Celesteela|76/100
|-start|p2a: Celesteela|confusion
|
|upkeep
|turn|11
|
|t:|1635124914
|-activate|p2a: Celesteela|confusion
|move|p2a: Celesteela|Meteor Beam||[still]
|-prepare|p2a: Celesteela|Meteor Beam
|-boost|p2a: Celesteela|spa|1
|-enditem|p2a: Celesteela|Power Herb
|-anim|p2a: Celesteela|Meteor Beam|p1a: Weezing
|-damage|p1a: Weezing|6/100
|move|p1a: Weezing|Memento|p2a: Celesteela
|-unboost|p2a: Celesteela|atk|2
|-unboost|p2a: Celesteela|spa|2
|faint|p1a: Weezing
|
|upkeep
|inactive|BigFatMantis has 60 seconds left.
|
|t:|1635124927
|switch|p1a: Kommo-o|Kommo-o, M|100/100
|-damage|p1a: Kommo-o|94/100|[from] Stealth Rock
|turn|12
|inactive|BigFatMantis has 60 seconds left.
|
|t:|1635124940
|switch|p2a: Latias|Latias, F, shiny|100/100
|-damage|p2a: Latias|88/100|[from] Stealth Rock
|move|p1a: Kommo-o|Clangorous Soul|p1a: Kommo-o
|-boost|p1a: Kommo-o|atk|1
|-boost|p1a: Kommo-o|def|1
|-boost|p1a: Kommo-o|spa|1
|-boost|p1a: Kommo-o|spd|1
|-boost|p1a: Kommo-o|spe|1
|-damage|p1a: Kommo-o|61/100
|
|-heal|p1a: Kommo-o|68/100|[from] item: Leftovers
|upkeep
|turn|13
|inactive|BigFatMantis has 60 seconds left.
|
|t:|1635124954
|switch|p2a: Celesteela|Celesteela|76/100
|-damage|p2a: Celesteela|63/100|[from] Stealth Rock
|move|p1a: Kommo-o|Substitute|p1a: Kommo-o
|-start|p1a: Kommo-o|Substitute
|-damage|p1a: Kommo-o|43/100
|
|-heal|p1a: Kommo-o|49/100|[from] item: Leftovers
|upkeep
|turn|14
|j| 467 11 11p
|
|t:|1635124962
|move|p1a: Kommo-o|Drain Punch|p2a: Celesteela
|-damage|p2a: Celesteela|11/100
|-heal|p1a: Kommo-o|79/100|[from] drain|[of] p2a: Celesteela
|move|p2a: Celesteela|Air Slash|p1a: Kommo-o
|-supereffective|p1a: Kommo-o
|-end|p1a: Kommo-o|Substitute
|
|-heal|p1a: Kommo-o|85/100|[from] item: Leftovers
|upkeep
|turn|15
|j|%Codename Magnum
|c| 467 11 11p|zeph...
|
|t:|1635124970
|move|p1a: Kommo-o|Drain Punch|p2a: Celesteela
|-damage|p2a: Celesteela|0 fnt
|-heal|p1a: Kommo-o|92/100|[from] drain|[of] p2a: Celesteela
|faint|p2a: Celesteela
|
|-heal|p1a: Kommo-o|98/100|[from] item: Leftovers
|upkeep
|
|t:|1635124974
|switch|p2a: Azumarill|Azumarill, F|88/100
|-damage|p2a: Azumarill|76/100|[from] Stealth Rock
|turn|16
|
|t:|1635124979
|move|p1a: Kommo-o|Thunder Punch|p2a: Azumarill
|-supereffective|p2a: Azumarill
|-damage|p2a: Azumarill|0 fnt
|faint|p2a: Azumarill
|
|-heal|p1a: Kommo-o|100/100|[from] item: Leftovers
|upkeep
|c| 467 11 11p|its ok kommo-o is broken
|
|t:|1635124984
|switch|p2a: Latias|Latias, F, shiny|88/100
|-damage|p2a: Latias|76/100|[from] Stealth Rock
|turn|17
|
|t:|1635124988
|move|p2a: Latias|Psychic|p1a: Kommo-o
|-supereffective|p1a: Kommo-o
|-damage|p1a: Kommo-o|35/100
|move|p1a: Kommo-o|Substitute|p1a: Kommo-o
|-start|p1a: Kommo-o|Substitute
|-damage|p1a: Kommo-o|10/100
|
|-heal|p1a: Kommo-o|16/100|[from] item: Leftovers
|-fieldend|Misty Terrain
|upkeep
|turn|18
|
|t:|1635124996
|move|p2a: Latias|Psychic|p1a: Kommo-o
|-supereffective|p1a: Kommo-o
|-end|p1a: Kommo-o|Substitute
|move|p1a: Kommo-o|Drain Punch|p2a: Latias
|-resisted|p2a: Latias
|-damage|p2a: Latias|39/100
|-heal|p1a: Kommo-o|35/100|[from] drain|[of] p2a: Latias
|
|-heal|p1a: Kommo-o|41/100|[from] item: Leftovers
|upkeep
|turn|19
|c|☆Zephyyyr|Misty
|c|☆Zephyyyr|Draco wasnt killing
|
|t:|1635125014
|switch|p1a: Zarude|Zarude-Dada|100/100
|-damage|p1a: Zarude|88/100|[from] Stealth Rock
|move|p2a: Latias|Psychic|p1a: Zarude
|-immune|p1a: Zarude
|
|upkeep
|turn|20
|
|t:|1635125023
|switch|p2a: Hydreigon|Hydreigon, M|100/100
|-damage|p2a: Hydreigon|88/100|[from] Stealth Rock
|move|p1a: Zarude|Bulk Up|p1a: Zarude
|-boost|p1a: Zarude|atk|1
|-boost|p1a: Zarude|def|1
|
|upkeep
|turn|21
|
|t:|1635125029
|move|p1a: Zarude|Darkest Lariat|p2a: Hydreigon
|-resisted|p2a: Hydreigon
|-damage|p2a: Hydreigon|60/100
|move|p2a: Hydreigon|Fire Blast|p1a: Zarude
|-supereffective|p1a: Zarude
|-damage|p1a: Zarude|11/100
|-damage|p2a: Hydreigon|51/100|[from] item: Life Orb
|
|upkeep
|turn|22
|j| Dunoks
|
|t:|1635125038
|move|p1a: Zarude|Darkest Lariat|p2a: Hydreigon
|-resisted|p2a: Hydreigon
|-damage|p2a: Hydreigon|22/100
|move|p2a: Hydreigon|Draco Meteor|p1a: Zarude
|-damage|p1a: Zarude|0 fnt
|-unboost|p2a: Hydreigon|spa|2
|faint|p1a: Zarude
|-damage|p2a: Hydreigon|12/100|[from] item: Life Orb
|
|upkeep
|
|t:|1635125046
|switch|p1a: Kommo-o|Kommo-o, M|41/100
|-damage|p1a: Kommo-o|35/100|[from] Stealth Rock
|turn|23
|c|☆Zephyyyr|Nice tech
|c|☆Zephyyyr|Tho
|inactive|BigFatMantis has 120 seconds left.
|c|☆BigFatMantis|thx
|
|t:|1635125056
|move|p2a: Hydreigon|Draco Meteor|p1a: Kommo-o
|-supereffective|p1a: Kommo-o
|-damage|p1a: Kommo-o|0 fnt
|-unboost|p2a: Hydreigon|spa|2
|faint|p1a: Kommo-o
|-damage|p2a: Hydreigon|2/100|[from] item: Life Orb
|
|win|Zephyyyr
|n|☆BigFatMantis|bigfatmantis
|n|☆Zephyyyr|zephyyyr
|n| debble|debble
|n| Crushy S|crushys
|n| 467 11 11p|4671111p
|n| Codename Magnum|codenamemagnum
|n| Dunoks|dunoks
|c|☆BigFatMantis|gg
|l|☆BigFatMantis
|l| Codename Magnum
|l| Dunoks
|c|☆Zephyyyr|Gg
|l|☆Zephyyyr
