|j|☆DD Qyads
|j|☆hopuponthessanne
|player|p1|DD Qyads|pryce|1599
|player|p2|hopuponthessanne|270|1395
|teamsize|p1|6
|teamsize|p2|6
|gametype|singles
|gen|8
|tier|[Gen 8] UU
|rated|
|rule|Sleep Clause Mod: Limit one foe put to sleep
|rule|Species Clause: Limit one of each Pokémon
|rule|OHKO Clause: OHKO moves are banned
|rule|Evasion Moves Clause: Evasion moves are banned
|rule|Endless Battle Clause: Forcing endless battles is banned
|rule|HP Percentage Mod: HP is shown in percentages
|clearpoke
|poke|p1|Golisopod, F|
|poke|p1|Lanturn, F|
|poke|p1|Diggersby, F|
|poke|p1|Chandelure, M|
|poke|p1|Bronzong|
|poke|p1|Noivern, F|
|poke|p2|Xatu, F|
|poke|p2|Gardevoir, F|
|poke|p2|Bewear, M|
|poke|p2|Duraludon, F|
|poke|p2|Weezing-Galar, M|
|poke|p2|Crawdaunt, M|
|rule|Dynamax Clause: You cannot dynamax
|teampreview
|c|☆hopuponthessanne|hf
|
|start
|switch|p1a: Lanturn|Lanturn, F|100/100
|switch|p2a: Bewear|Bewear, M|100/100
|turn|1
|
|move|p1a: Lanturn|Volt Switch|p2a: Bewear
|-damage|p2a: Bewear|68/100
|
|switch|p1a: Bronzong|Bronzong|100/100|[from]move: Volt Switch
|move|p2a: Bewear|Earthquake|p1a: Bronzong
|-immune|p1a: Bronzong|[from] ability: Levitate
|
|upkeep
|turn|2
|c|☆DD Qyads|u2
|
|switch|p2a: Xatu|Xatu, F|100/100
|move|p1a: Bronzong|Stealth Rock|p2a: Xatu
|move|p2a: Xatu|Stealth Rock|p1a: Bronzong|[from]Magic Bounce
|-sidestart|p1: DD Qyads|move: Stealth Rock
|
|upkeep
|turn|3
|
|move|p2a: Xatu|Heat Wave|p1a: Bronzong
|-supereffective|p1a: Bronzong
|-damage|p1a: Bronzong|54/100
|move|p1a: Bronzong|Gyro Ball|p2a: Xatu
|-damage|p2a: Xatu|16/100
|
|upkeep
|turn|4
|
|switch|p2a: WorstGen8Design|Duraludon, F|100/100
|move|p1a: Bronzong|Gyro Ball|p2a: WorstGen8Design
|-resisted|p2a: WorstGen8Design
|-damage|p2a: WorstGen8Design|81/100
|
|upkeep
|turn|5
|
|move|p2a: WorstGen8Design|Dark Pulse|p1a: Bronzong
|-supereffective|p1a: Bronzong
|-crit|p1a: Bronzong
|-enditem|p1a: Bronzong|Colbur Berry|[eat]
|-enditem|p1a: Bronzong|Colbur Berry|[weaken]
|-damage|p1a: Bronzong|20/100
|move|p1a: Bronzong|Body Press|p2a: WorstGen8Design
|-supereffective|p2a: WorstGen8Design
|-damage|p2a: WorstGen8Design|19/100
|
|upkeep
|turn|6
|
|move|p2a: WorstGen8Design|Dark Pulse|p1a: Bronzong
|-supereffective|p1a: Bronzong
|-damage|p1a: Bronzong|0 fnt
|faint|p1a: Bronzong
|
|upkeep
|
|switch|p1a: Noivern|Noivern, F|100/100
|turn|7
|
|move|p1a: Noivern|Flamethrower|p2a: WorstGen8Design
|-damage|p2a: WorstGen8Design|0 fnt
|faint|p2a: WorstGen8Design
|
|upkeep
|
|switch|p2a: Crawdaunt|Crawdaunt, M|100/100
|turn|8
|
|move|p1a: Noivern|Hurricane|p2a: Crawdaunt
|-damage|p2a: Crawdaunt|6/100
|move|p2a: Crawdaunt|Knock Off|p1a: Noivern
|-damage|p1a: Noivern|5/100
|-enditem|p1a: Noivern|Heavy-Duty Boots|[from] move: Knock Off|[of] p2a: Crawdaunt
|
|upkeep
|turn|9
|
|move|p2a: Crawdaunt|Aqua Jet|p1a: Noivern
|-resisted|p1a: Noivern
|-damage|p1a: Noivern|0 fnt
|faint|p1a: Noivern
|
|upkeep
|
|switch|p1a: Golisopod|Golisopod, F|100/100
|turn|10
|
|switch|p2a: Weezing|Weezing-Galar, M|100/100
|move|p1a: Golisopod|First Impression|p2a: Weezing
|-resisted|p2a: Weezing
|-damage|p2a: Weezing|92/100
|
|-heal|p2a: Weezing|98/100|[from] item: Black Sludge
|upkeep
|turn|11
|
|switch|p2a: Xatu|Xatu, F|16/100
|switch|p1a: Chandelure|Chandelure, M|100/100
|-damage|p1a: Chandelure|76/100|[from] Stealth Rock
|
|upkeep
|turn|12
|
|move|p2a: Xatu|Psychic|p1a: Chandelure
|-damage|p1a: Chandelure|22/100
|move|p1a: Chandelure|Fire Blast|p2a: Xatu
|-damage|p2a: Xatu|0 fnt
|faint|p2a: Xatu
|
|upkeep
|
|switch|p2a: Crawdaunt|Crawdaunt, M|6/100
|turn|13
|
|move|p2a: Crawdaunt|Aqua Jet|p1a: Chandelure
|-supereffective|p1a: Chandelure
|-damage|p1a: Chandelure|0 fnt
|faint|p1a: Chandelure
|
|upkeep
|
|switch|p1a: Golisopod|Golisopod, F|100/100
|turn|14
|
|switch|p2a: Weezing|Weezing-Galar, M|98/100
|move|p1a: Golisopod|First Impression|p2a: Weezing
|-resisted|p2a: Weezing
|-damage|p2a: Weezing|90/100
|
|-heal|p2a: Weezing|96/100|[from] item: Black Sludge
|upkeep
|turn|15
|
|move|p2a: Weezing|Strange Steam|p1a: Golisopod
|-damage|p1a: Golisopod|71/100
|-start|p1a: Golisopod|confusion
|-activate|p1a: Golisopod|confusion
|-damage|p1a: Golisopod|60/100|[from] confusion
|
|-heal|p2a: Weezing|100/100|[from] item: Black Sludge
|upkeep
|turn|16
|
|move|p2a: Weezing|Strange Steam|p1a: Golisopod
|-damage|p1a: Golisopod|32/100
|-activate|p1a: Golisopod|ability: Emergency Exit
|
|switch|p1a: Diggersby|Diggersby, F|100/100
|-damage|p1a: Diggersby|94/100|[from] Stealth Rock
|
|upkeep
|turn|17
|
|move|p1a: Diggersby|Body Slam|p2a: Weezing
|-damage|p2a: Weezing|45/100
|-status|p2a: Weezing|par
|move|p2a: Weezing|Strange Steam|p1a: Diggersby
|-damage|p1a: Diggersby|55/100
|
|-heal|p2a: Weezing|50/100 par|[from] item: Black Sludge
|upkeep
|turn|18
|
|move|p1a: Diggersby|Body Slam|p2a: Weezing
|-damage|p2a: Weezing|0 fnt
|faint|p2a: Weezing
|
|upkeep
|
|switch|p2a: Gardevoir|Gardevoir, F|100/100
|-ability|p2a: Gardevoir|Huge Power|[from] ability: Trace|[of] p1a: Diggersby
|turn|19
|
|switch|p1a: Lanturn|Lanturn, F|100/100
|-damage|p1a: Lanturn|88/100|[from] Stealth Rock
|move|p2a: Gardevoir|Draining Kiss|p1a: Lanturn
|-damage|p1a: Lanturn|73/100
|
|upkeep
|turn|20
|
|move|p2a: Gardevoir|Calm Mind|p2a: Gardevoir
|-boost|p2a: Gardevoir|spa|1
|-boost|p2a: Gardevoir|spd|1
|move|p1a: Lanturn|Discharge|p2a: Gardevoir
|-crit|p2a: Gardevoir
|-damage|p2a: Gardevoir|51/100
|
|upkeep
|turn|21
|
|move|p2a: Gardevoir|Draining Kiss|p1a: Lanturn
|-damage|p1a: Lanturn|50/100
|-heal|p2a: Gardevoir|75/100|[from] drain|[of] p1a: Lanturn
|move|p1a: Lanturn|Discharge|p2a: Gardevoir
|-damage|p2a: Gardevoir|55/100
|-status|p2a: Gardevoir|par
|
|upkeep
|turn|22
|
|move|p1a: Lanturn|Discharge|p2a: Gardevoir
|-damage|p2a: Gardevoir|36/100 par
|move|p2a: Gardevoir|Draining Kiss|p1a: Lanturn
|-damage|p1a: Lanturn|27/100
|-heal|p2a: Gardevoir|60/100 par|[from] drain|[of] p1a: Lanturn
|
|upkeep
|turn|23
|
|move|p1a: Lanturn|Discharge|p2a: Gardevoir
|-damage|p2a: Gardevoir|39/100 par
|move|p2a: Gardevoir|Draining Kiss|p1a: Lanturn
|-damage|p1a: Lanturn|4/100
|-heal|p2a: Gardevoir|64/100 par|[from] drain|[of] p1a: Lanturn
|
|upkeep
|turn|24
|
|move|p1a: Lanturn|Discharge|p2a: Gardevoir
|-damage|p2a: Gardevoir|45/100 par
|move|p2a: Gardevoir|Draining Kiss|p1a: Lanturn
|-damage|p1a: Lanturn|0 fnt
|-heal|p2a: Gardevoir|48/100 par|[from] drain|[of] p1a: Lanturn
|faint|p1a: Lanturn
|
|upkeep
|
|switch|p1a: Golisopod|Golisopod, F|32/100
|turn|25
|
|move|p2a: Gardevoir|Endure|p2a: Gardevoir
|-singleturn|p2a: Gardevoir|move: Endure
|move|p1a: Golisopod|First Impression|p2a: Gardevoir
|-activate|p2a: Gardevoir|move: Endure
|-damage|p2a: Gardevoir|1/100 par
|-enditem|p2a: Gardevoir|Salac Berry|[eat]
|-boost|p2a: Gardevoir|spe|1
|
|upkeep
|turn|26
|
|move|p1a: Golisopod|Sucker Punch|p2a: Gardevoir
|-damage|p2a: Gardevoir|0 fnt
|faint|p2a: Gardevoir
|
|upkeep
|
|switch|p2a: Bewear|Bewear, M|68/100
|turn|27
|
|move|p1a: Golisopod|Sucker Punch|p2a: Bewear
|-resisted|p2a: Bewear
|-damage|p2a: Bewear|62/100
|move|p2a: Bewear|Double-Edge|p1a: Golisopod
|-damage|p1a: Golisopod|0 fnt
|-damage|p2a: Bewear|52/100|[from] Recoil
|faint|p1a: Golisopod
|
|upkeep
|
|switch|p1a: Diggersby|Diggersby, F|55/100
|-damage|p1a: Diggersby|48/100|[from] Stealth Rock
|turn|28
|
|move|p1a: Diggersby|Earthquake|p2a: Bewear
|-damage|p2a: Bewear|0 fnt
|faint|p2a: Bewear
|
|upkeep
|
|switch|p2a: Crawdaunt|Crawdaunt, M|6/100
|turn|29
|
|move|p2a: Crawdaunt|Aqua Jet|p1a: Diggersby
|-supereffective|p1a: Diggersby
|-damage|p1a: Diggersby|0 fnt
|faint|p1a: Diggersby
|
|win|hopuponthessanne
|l|☆DD Qyads
|c|☆hopuponthessanne|gg
|raw|DD Qyads's rating: 1599 &rarr; <strong>1567</strong><br />(-32 for losing)
|raw|hopuponthessanne's rating: 1368 &rarr; <strong>1399</strong><br />(+31 for winning)
