|j|☆Hastabouddah
|j|☆The SD sweep
|t:|1665155175
|gametype|singles
|player|p1|Hastabouddah|lance-masters|1481
|player|p2|The SD sweep|2|1727
|teamsize|p1|6
|teamsize|p2|6
|gen|8
|tier|[Gen 8] UU
|rated|
|rule|Sleep Clause Mod: Limit one foe put to sleep
|rule|Species Clause: Limit one of each Pokémon
|rule|OHKO Clause: OHKO moves are banned
|rule|Evasion Items Clause: Evasion items are banned
|rule|Evasion Moves Clause: Evasion moves are banned
|rule|Endless Battle Clause: Forcing endless battles is banned
|rule|HP Percentage Mod: HP is shown in percentages
|rule|Dynamax Clause: You cannot dynamax
|clearpoke
|poke|p1|Necrozma|
|poke|p1|Primarina, M|
|poke|p1|Scizor, M|
|poke|p1|Umbreon, M|
|poke|p1|Cobalion|
|poke|p1|Noivern, F|
|poke|p2|Keldeo-Resolute|
|poke|p2|Slowking, M|
|poke|p2|Primarina, M|
|poke|p2|Zarude-Dada|
|poke|p2|Scizor, F|
|poke|p2|Hippowdon, M|
|teampreview
|inactive|Battle timer is ON: inactive players will automatically lose when time's up. (requested by The SD sweep)
|
|t:|1665155201
|start
|switch|p1a: Noivern|Noivern, F|100/100
|switch|p2a: Scizor|Scizor, F|100/100
|turn|1
|
|t:|1665155206
|switch|p2a: Hippowdon|Hippowdon, M|100/100
|-weather|Sandstorm|[from] ability: Sand Stream|[of] p2a: Hippowdon
|move|p1a: Noivern|U-turn|p2a: Hippowdon
|-damage|p2a: Hippowdon|94/100
|
|t:|1665155214
|switch|p1a: Primarina|Primarina, M|100/100|[from]move: U-turn
|
|-weather|Sandstorm|[upkeep]
|-damage|p1a: Primarina|94/100|[from] Sandstorm
|-heal|p1a: Primarina|100/100|[from] item: Leftovers
|-heal|p2a: Hippowdon|99/100|[from] item: Leftovers
|upkeep
|turn|2
|
|t:|1665155222
|switch|p2a: Slowking|Slowking, M, shiny|100/100
|move|p1a: Primarina|Moonblast|p2a: Slowking
|-damage|p2a: Slowking|67/100
|-unboost|p2a: Slowking|spa|1
|
|-weather|Sandstorm|[upkeep]
|-damage|p1a: Primarina|94/100|[from] Sandstorm
|-damage|p2a: Slowking|61/100|[from] Sandstorm
|-heal|p1a: Primarina|100/100|[from] item: Leftovers
|upkeep
|turn|3
|
|t:|1665155228
|move|p1a: Primarina|Moonblast|p2a: Slowking
|-damage|p2a: Slowking|29/100
|-unboost|p2a: Slowking|spa|1
|move|p2a: Slowking|Slack Off|p2a: Slowking
|-heal|p2a: Slowking|79/100
|
|-weather|Sandstorm|[upkeep]
|-damage|p1a: Primarina|94/100|[from] Sandstorm
|-damage|p2a: Slowking|73/100|[from] Sandstorm
|-heal|p1a: Primarina|100/100|[from] item: Leftovers
|upkeep
|turn|4
|
|t:|1665155234
|move|p1a: Primarina|Moonblast|p2a: Slowking
|-damage|p2a: Slowking|39/100
|move|p2a: Slowking|Slack Off|p2a: Slowking
|-heal|p2a: Slowking|89/100
|
|-weather|Sandstorm|[upkeep]
|-damage|p1a: Primarina|94/100|[from] Sandstorm
|-damage|p2a: Slowking|83/100|[from] Sandstorm
|-heal|p1a: Primarina|100/100|[from] item: Leftovers
|upkeep
|turn|5
|
|t:|1665155250
|switch|p1a: Necrozma|Necrozma|100/100
|move|p2a: Slowking|Teleport|p2a: Slowking
|
|t:|1665155254
|switch|p2a: Primarina|Primarina, M, shiny|100/100|[from]move: Teleport
|
|-weather|none
|upkeep
|turn|6
|
|t:|1665155264
|switch|p1a: Primarina|Primarina, M|100/100
|move|p2a: Primarina|Surf|p1a: Primarina
|-resisted|p1a: Primarina
|-damage|p1a: Primarina|75/100
|
|-heal|p1a: Primarina|81/100|[from] item: Leftovers
|upkeep
|turn|7
|
|t:|1665155279
|switch|p2a: Slowking|Slowking, M, shiny|100/100
|switch|p1a: Cobalion|Cobalion|100/100
|
|upkeep
|turn|8
|
|t:|1665155286
|move|p1a: Cobalion|Stealth Rock|p2a: Slowking
|-sidestart|p2: The SD sweep|move: Stealth Rock
|move|p2a: Slowking|Scald|p1a: Cobalion
|-damage|p1a: Cobalion|60/100
|
|upkeep
|turn|9
|
|t:|1665155293
|move|p1a: Cobalion|Volt Switch|p2a: Slowking
|-supereffective|p2a: Slowking
|-damage|p2a: Slowking|79/100
|j| H4WT ★
|
|t:|1665155303
|switch|p1a: Noivern|Noivern, F|100/100|[from]move: Volt Switch
|move|p2a: Slowking|Scald|p1a: Noivern
|-resisted|p1a: Noivern
|-damage|p1a: Noivern|82/100
|-status|p1a: Noivern|brn
|
|-damage|p1a: Noivern|76/100 brn|[from] brn
|upkeep
|turn|10
|
|t:|1665155309
|move|p1a: Noivern|U-turn|p2a: Slowking
|-supereffective|p2a: Slowking
|-damage|p2a: Slowking|70/100
|
|t:|1665155311
|switch|p1a: Necrozma|Necrozma|100/100|[from]move: U-turn
|move|p2a: Slowking|Slack Off|p2a: Slowking
|-heal|p2a: Slowking|100/100
|
|upkeep
|turn|11
|
|t:|1665155317
|move|p1a: Necrozma|Calm Mind|p1a: Necrozma
|-boost|p1a: Necrozma|spa|1
|-boost|p1a: Necrozma|spd|1
|move|p2a: Slowking|Scald|p1a: Necrozma
|-damage|p1a: Necrozma|84/100
|
|upkeep
|turn|12
|
|t:|1665155327
|move|p1a: Necrozma|Calm Mind|p1a: Necrozma
|-boost|p1a: Necrozma|spa|1
|-boost|p1a: Necrozma|spd|1
|move|p2a: Slowking|Teleport|p2a: Slowking
|
|t:|1665155330
|switch|p2a: Scizor|Scizor, F|100/100|[from]move: Teleport
|-damage|p2a: Scizor|88/100|[from] Stealth Rock
|
|upkeep
|turn|13
|
|t:|1665155336
|move|p2a: Scizor|U-turn|p1a: Necrozma
|-supereffective|p1a: Necrozma
|-damage|p1a: Necrozma|14/100
|
|t:|1665155339
|switch|p2a: Primarina|Primarina, M, shiny|100/100|[from]move: U-turn
|-damage|p2a: Primarina|88/100|[from] Stealth Rock
|move|p1a: Necrozma|Heat Wave|p2a: Primarina
|-resisted|p2a: Primarina
|-damage|p2a: Primarina|59/100
|
|upkeep
|turn|14
|
|t:|1665155347
|switch|p1a: Primarina|Primarina, M|81/100
|move|p2a: Primarina|Surf|p1a: Primarina
|-resisted|p1a: Primarina
|-damage|p1a: Primarina|55/100
|
|-heal|p1a: Primarina|61/100|[from] item: Leftovers
|upkeep
|turn|15
|l| H4WT ★
|
|t:|1665155363
|switch|p2a: Slowking|Slowking, M, shiny|100/100
|-damage|p2a: Slowking|88/100|[from] Stealth Rock
|switch|p1a: Umbreon|Umbreon, M|100/100
|
|upkeep
|turn|16
|
|t:|1665155368
|move|p1a: Umbreon|Wish|p1a: Umbreon
|move|p2a: Slowking|Scald|p1a: Umbreon
|-damage|p1a: Umbreon|85/100
|-status|p1a: Umbreon|brn
|-activate|p1a: Umbreon|ability: Synchronize
|-status|p2a: Slowking|brn
|
|-heal|p1a: Umbreon|91/100 brn|[from] item: Leftovers
|-damage|p1a: Umbreon|85/100 brn|[from] brn
|-damage|p2a: Slowking|82/100 brn|[from] brn
|upkeep
|turn|17
|
|t:|1665155378
|move|p1a: Umbreon|Heal Bell|p1a: Umbreon
|-activate|p1a: Umbreon|move: Heal Bell
|-curestatus|p1a: Umbreon|brn|[msg]
|-curestatus|p1: Noivern|brn|[msg]
|move|p2a: Slowking|Teleport|p2a: Slowking
|
|t:|1665155385
|switch|p2a: Hippowdon|Hippowdon, M|99/100|[from]move: Teleport
|-damage|p2a: Hippowdon|94/100|[from] Stealth Rock
|-weather|Sandstorm|[from] ability: Sand Stream|[of] p2a: Hippowdon
|
|-weather|Sandstorm|[upkeep]
|-damage|p1a: Umbreon|79/100|[from] Sandstorm
|-heal|p1a: Umbreon|100/100|[from] move: Wish|[wisher] Umbreon
|-heal|p2a: Hippowdon|99/100|[from] item: Leftovers
|upkeep
|turn|18
|
|t:|1665155394
|switch|p1a: Necrozma|Necrozma|14/100
|move|p2a: Hippowdon|Stealth Rock|p1a: Necrozma
|-sidestart|p1: Hastabouddah|move: Stealth Rock
|
|-weather|Sandstorm|[upkeep]
|-damage|p1a: Necrozma|8/100|[from] Sandstorm
|-heal|p2a: Hippowdon|100/100|[from] item: Leftovers
|upkeep
|turn|19
|
|t:|1665155398
|move|p1a: Necrozma|Moonlight|p1a: Necrozma
|-heal|p1a: Necrozma|33/100
|move|p2a: Hippowdon|Toxic|p1a: Necrozma
|-status|p1a: Necrozma|tox
|
|-weather|Sandstorm|[upkeep]
|-damage|p1a: Necrozma|27/100 tox|[from] Sandstorm
|-damage|p1a: Necrozma|21/100 tox|[from] psn
|upkeep
|turn|20
|
|t:|1665155417
|switch|p1a: Scizor|Scizor, M|100/100
|move|p2a: Hippowdon|Earthquake|p1a: Scizor
|-damage|p1a: Scizor|69/100
|
|-weather|Sandstorm|[upkeep]
|upkeep
|turn|21
|
|t:|1665155423
|move|p1a: Scizor|Swords Dance|p1a: Scizor
|-boost|p1a: Scizor|atk|2
|move|p2a: Hippowdon|Earthquake|p1a: Scizor
|-crit|p1a: Scizor
|-damage|p1a: Scizor|22/100
|
|-weather|none
|upkeep
|turn|22
|
|t:|1665155430
|switch|p2a: Keldeo|Keldeo-Resolute|100/100
|-damage|p2a: Keldeo|94/100|[from] Stealth Rock
|move|p1a: Scizor|Knock Off|p2a: Keldeo
|-resisted|p2a: Keldeo
|-damage|p2a: Keldeo|61/100
|-ability|p2a: Keldeo|Justified|boost
|-boost|p2a: Keldeo|atk|1
|-enditem|p2a: Keldeo|Choice Specs|[from] move: Knock Off|[of] p1a: Scizor
|
|upkeep
|turn|23
|
|t:|1665155439
|switch|p1a: Primarina|Primarina, M|61/100
|-damage|p1a: Primarina|49/100|[from] Stealth Rock
|move|p2a: Keldeo|Secret Sword|p1a: Primarina
|-resisted|p1a: Primarina
|-damage|p1a: Primarina|28/100
|
|-heal|p1a: Primarina|34/100|[from] item: Leftovers
|upkeep
|turn|24
|
|t:|1665155449
|switch|p2a: Scizor|Scizor, F|88/100
|-damage|p2a: Scizor|76/100|[from] Stealth Rock
|move|p1a: Primarina|Rest|p1a: Primarina
|-status|p1a: Primarina|slp|[from] move: Rest
|-heal|p1a: Primarina|100/100 slp|[silent]
|
|upkeep
|turn|25
|
|t:|1665155456
|switch|p2a: Primarina|Primarina, M, shiny|59/100
|-damage|p2a: Primarina|47/100|[from] Stealth Rock
|cant|p1a: Primarina|slp
|move|p1a: Primarina|Sleep Talk|p1a: Primarina
|move|p1a: Primarina|Moonblast|p2a: Primarina|[from]move: Sleep Talk
|-damage|p2a: Primarina|7/100
|
|upkeep
|turn|26
|
|t:|1665155466
|move|p2a: Primarina|Moonblast|p1a: Primarina
|-damage|p1a: Primarina|50/100 slp
|-unboost|p1a: Primarina|spa|1
|cant|p1a: Primarina|slp
|move|p1a: Primarina|Sleep Talk|p1a: Primarina
|move|p1a: Primarina|Scald|p2a: Primarina|[from]move: Sleep Talk
|-resisted|p2a: Primarina
|-damage|p2a: Primarina|0 fnt
|faint|p2a: Primarina
|
|-heal|p1a: Primarina|56/100 slp|[from] item: Leftovers
|upkeep
|
|t:|1665155470
|switch|p2a: Scizor|Scizor, F|76/100
|-damage|p2a: Scizor|63/100|[from] Stealth Rock
|turn|27
|c|☆The SD sweep|thats so lucky
|c|☆Hastabouddah|wow two sleep talk
|inactive|Hastabouddah has 120 seconds left.
|c|☆Hastabouddah|impressive
|c|☆The SD sweep|the special attack drop
|
|t:|1665155511
|switch|p1a: Necrozma|Necrozma|21/100 tox
|-damage|p1a: Necrozma|9/100 tox|[from] Stealth Rock
|move|p2a: Scizor|Dual Wingbeat|p1a: Necrozma
|-damage|p1a: Necrozma|0 fnt
|faint|p1a: Necrozma
|-hitcount|p1: Necrozma|1
|
|upkeep
|c|☆The SD sweep|in tandem
|c|☆The SD sweep|yeah
|
|t:|1665155518
|switch|p1a: Noivern|Noivern, F|76/100
|turn|28
|
|t:|1665155525
|switch|p2a: Slowking|Slowking, M, shiny|100/100 brn
|-damage|p2a: Slowking|88/100 brn|[from] Stealth Rock
|move|p1a: Noivern|U-turn|p2a: Slowking
|-supereffective|p2a: Slowking
|-damage|p2a: Slowking|72/100 brn
|inactive|Hastabouddah has 120 seconds left.
|
|t:|1665155532
|switch|p1a: Scizor|Scizor, M|22/100|[from]move: U-turn
|
|-damage|p2a: Slowking|66/100 brn|[from] brn
|upkeep
|turn|29
|
|t:|1665155538
|move|p1a: Scizor|Roost|p1a: Scizor
|-heal|p1a: Scizor|73/100
|-singleturn|p1a: Scizor|move: Roost
|move|p2a: Slowking|Teleport|p2a: Slowking
|
|t:|1665155541
|switch|p2a: Keldeo|Keldeo-Resolute|61/100|[from]move: Teleport
|-damage|p2a: Keldeo|55/100|[from] Stealth Rock
|
|upkeep
|turn|30
|
|t:|1665155552
|switch|p1a: Primarina|Primarina, M|56/100 slp
|-damage|p1a: Primarina|44/100 slp|[from] Stealth Rock
|move|p2a: Keldeo|Secret Sword|p1a: Primarina
|-resisted|p1a: Primarina
|-damage|p1a: Primarina|21/100 slp
|
|-heal|p1a: Primarina|27/100 slp|[from] item: Leftovers
|upkeep
|turn|31
|
|t:|1665155562
|move|p2a: Keldeo|Air Slash|p1a: Primarina
|-crit|p1a: Primarina
|-damage|p1a: Primarina|0 fnt
|faint|p1a: Primarina
|
|upkeep
|
|t:|1665155568
|switch|p1a: Noivern|Noivern, F|76/100
|turn|32
|
|t:|1665155574
|switch|p2a: Slowking|Slowking, M, shiny|99/100 brn
|-damage|p2a: Slowking|87/100 brn|[from] Stealth Rock
|move|p1a: Noivern|U-turn|p2a: Slowking
|-supereffective|p2a: Slowking
|-damage|p2a: Slowking|70/100 brn
|
|t:|1665155586
|switch|p1a: Scizor|Scizor, M|73/100|[from]move: U-turn
|
|-damage|p2a: Slowking|64/100 brn|[from] brn
|upkeep
|turn|33
|
|t:|1665155606
|move|p1a: Scizor|Knock Off|p2a: Slowking
|-supereffective|p2a: Slowking
|-enditem|p2a: Slowking|Colbur Berry|[eat]
|-enditem|p2a: Slowking|Colbur Berry|[weaken]
|-damage|p2a: Slowking|39/100 brn
|move|p2a: Slowking|Scald|p1a: Scizor
|-crit|p1a: Scizor
|-damage|p1a: Scizor|22/100
|
|-damage|p2a: Slowking|33/100 brn|[from] brn
|upkeep
|turn|34
|
|t:|1665155616
|move|p1a: Scizor|Roost|p1a: Scizor
|-heal|p1a: Scizor|73/100
|-singleturn|p1a: Scizor|move: Roost
|move|p2a: Slowking|Teleport|p2a: Slowking
|
|t:|1665155618
|switch|p2a: Keldeo|Keldeo-Resolute|55/100|[from]move: Teleport
|-damage|p2a: Keldeo|49/100|[from] Stealth Rock
|
|upkeep
|turn|35
|
|t:|1665155639
|switch|p1a: Noivern|Noivern, F|76/100
|move|p2a: Keldeo|Icy Wind|p1a: Noivern
|-supereffective|p1a: Noivern
|-damage|p1a: Noivern|0 fnt
|faint|p1a: Noivern
|
|upkeep
|
|t:|1665155644
|switch|p1a: Cobalion|Cobalion|60/100
|-damage|p1a: Cobalion|57/100|[from] Stealth Rock
|turn|36
|
|t:|1665155653
|switch|p2a: Hippowdon|Hippowdon, M|100/100
|-damage|p2a: Hippowdon|94/100|[from] Stealth Rock
|-weather|Sandstorm|[from] ability: Sand Stream|[of] p2a: Hippowdon
|switch|p1a: Scizor|Scizor, M|73/100
|
|-weather|Sandstorm|[upkeep]
|-heal|p2a: Hippowdon|100/100|[from] item: Leftovers
|upkeep
|turn|37
|
|t:|1665155664
|switch|p2a: Keldeo|Keldeo-Resolute|49/100
|-damage|p2a: Keldeo|43/100|[from] Stealth Rock
|move|p1a: Scizor|Swords Dance|p1a: Scizor
|-boost|p1a: Scizor|atk|2
|
|-weather|Sandstorm|[upkeep]
|-damage|p2a: Keldeo|36/100|[from] Sandstorm
|upkeep
|turn|38
|inactive|Hastabouddah has 120 seconds left.
|
|t:|1665155700
|switch|p1a: Umbreon|Umbreon, M|100/100
|-damage|p1a: Umbreon|88/100|[from] Stealth Rock
|move|p2a: Keldeo|Surf|p1a: Umbreon
|-damage|p1a: Umbreon|61/100
|
|-weather|Sandstorm|[upkeep]
|-damage|p2a: Keldeo|30/100|[from] Sandstorm
|-damage|p1a: Umbreon|55/100|[from] Sandstorm
|-heal|p1a: Umbreon|61/100|[from] item: Leftovers
|upkeep
|turn|39
|inactive|Hastabouddah has 120 seconds left.
|
|t:|1665155711
|move|p1a: Umbreon|Protect|p1a: Umbreon
|-singleturn|p1a: Umbreon|Protect
|move|p2a: Keldeo|Secret Sword|p1a: Umbreon
|-activate|p1a: Umbreon|move: Protect
|
|-weather|Sandstorm|[upkeep]
|-damage|p2a: Keldeo|24/100|[from] Sandstorm
|-damage|p1a: Umbreon|55/100|[from] Sandstorm
|-heal|p1a: Umbreon|61/100|[from] item: Leftovers
|upkeep
|turn|40
|
|t:|1665155721
|move|p2a: Keldeo|Secret Sword|p1a: Umbreon
|-supereffective|p1a: Umbreon
|-damage|p1a: Umbreon|0 fnt
|faint|p1a: Umbreon
|
|-weather|none
|upkeep
|
|t:|1665155725
|switch|p1a: Cobalion|Cobalion|57/100
|-damage|p1a: Cobalion|54/100|[from] Stealth Rock
|turn|41
|
|t:|1665155731
|switch|p2a: Slowking|Slowking, M, shiny|66/100 brn
|-damage|p2a: Slowking|54/100 brn|[from] Stealth Rock
|move|p1a: Cobalion|Close Combat|p2a: Slowking
|-resisted|p2a: Slowking
|-damage|p2a: Slowking|37/100 brn
|-unboost|p1a: Cobalion|def|1
|-unboost|p1a: Cobalion|spd|1
|
|-damage|p2a: Slowking|31/100 brn|[from] brn
|upkeep
|turn|42
|
|t:|1665155760
|switch|p2a: Hippowdon|Hippowdon, M|100/100
|-damage|p2a: Hippowdon|94/100|[from] Stealth Rock
|-weather|Sandstorm|[from] ability: Sand Stream|[of] p2a: Hippowdon
|move|p1a: Cobalion|Close Combat|p2a: Hippowdon
|-damage|p2a: Hippowdon|63/100
|-unboost|p1a: Cobalion|def|1
|-unboost|p1a: Cobalion|spd|1
|
|-weather|Sandstorm|[upkeep]
|-heal|p2a: Hippowdon|69/100|[from] item: Leftovers
|upkeep
|turn|43
|inactive|Hastabouddah has 120 seconds left.
|
|t:|1665155780
|move|p1a: Cobalion|Volt Switch|p2a: Hippowdon
|-immune|p2a: Hippowdon
|move|p2a: Hippowdon|Earthquake|p1a: Cobalion
|-supereffective|p1a: Cobalion
|-damage|p1a: Cobalion|0 fnt
|faint|p1a: Cobalion
|
|-weather|Sandstorm|[upkeep]
|-heal|p2a: Hippowdon|75/100|[from] item: Leftovers
|upkeep
|
|t:|1665155783
|switch|p1a: Scizor|Scizor, M|73/100
|turn|44
|
|t:|1665155789
|switch|p2a: Keldeo|Keldeo-Resolute|24/100
|-damage|p2a: Keldeo|18/100|[from] Stealth Rock
|move|p1a: Scizor|Swords Dance|p1a: Scizor
|-boost|p1a: Scizor|atk|2
|
|-weather|Sandstorm|[upkeep]
|-damage|p2a: Keldeo|12/100|[from] Sandstorm
|upkeep
|turn|45
|
|t:|1665155794
|move|p1a: Scizor|Bullet Punch|p2a: Keldeo
|-resisted|p2a: Keldeo
|-damage|p2a: Keldeo|0 fnt
|faint|p2a: Keldeo
|
|-weather|Sandstorm|[upkeep]
|upkeep
|
|t:|1665155800
|switch|p2a: Scizor|Scizor, F|63/100
|-damage|p2a: Scizor|51/100|[from] Stealth Rock
|turn|46
|inactive|Hastabouddah has 120 seconds left.
|
|t:|1665155850
|move|p2a: Scizor|Dual Wingbeat|p1a: Scizor
|-damage|p1a: Scizor|44/100
|-crit|p1a: Scizor
|-damage|p1a: Scizor|0 fnt
|faint|p1a: Scizor
|-hitcount|p1: Scizor|2
|
|win|The SD sweep
|raw|Hastabouddah's rating: 1481 &rarr; <strong>1473</strong><br />(-8 for losing)
|raw|The SD sweep's rating: 1727 &rarr; <strong>1735</strong><br />(+8 for winning)
|c|☆Hastabouddah|yeah
|c|☆The SD sweep|tbf
|c|☆The SD sweep|that did not matter
|c|☆The SD sweep|you lost either way
||Ladder isn't responding, score probably updated but might not have (Request timeout).
|c|☆The SD sweep|dwb did 58
|c|☆The SD sweep|then zarude came in nd won
|c|☆Hastabouddah|with roost and miss
|c|☆Hastabouddah|maybe
|c|☆Hastabouddah|but gg anyway
|c|☆The SD sweep|yeah
|c|☆The SD sweep|you could had won
|c|☆The SD sweep|that way
|c|☆The SD sweep|gg
