|j|☆congelateur-sama
|j|☆Dunoks
|t:|1632683965
|gametype|singles
|player|p1|congelateur-sama|265|
|player|p2|Dunoks|karen|
|teamsize|p1|6
|teamsize|p2|6
|gen|8
|tier|[Gen 8] UU
|rated|Tournament battle
|rule|Sleep Clause Mod: Limit one foe put to sleep
|rule|Species Clause: Limit one of each Pokémon
|rule|OHKO Clause: OHKO moves are banned
|rule|Evasion Moves Clause: Evasion moves are banned
|rule|Endless Battle Clause: Forcing endless battles is banned
|rule|HP Percentage Mod: HP is shown in percentages
|rule|Dynamax Clause: You cannot dynamax
|clearpoke
|poke|p1|Azelf|
|poke|p1|Entei|
|poke|p1|Krookodile, M|
|poke|p1|Tangrowth, M|
|poke|p1|Nihilego|
|poke|p1|Rotom-Wash|
|poke|p2|Registeel|
|poke|p2|Rotom-Wash|
|poke|p2|Haxorus, F|
|poke|p2|Sylveon, F|
|poke|p2|Slowbro-Galar, F|
|poke|p2|Zarude|
|teampreview
|c|☆Dunoks|rofl entei encore pas drole
|c|☆Dunoks|hf
|c|☆congelateur-sama|belle prep
|c|☆Dunoks|:paz:
|c|☆congelateur-sama|hf
|c|☆congelateur-sama|le fameux fathi le regi
|c|☆Dunoks|:paz:
|inactive|Battle timer is ON: inactive players will automatically lose when time's up. (requested by congelateur-sama)
|
|t:|1632684023
|start
|switch|p1a: Azelf|Azelf|100/100
|switch|p2a: No aegi plz|Zarude|100/100
|turn|1
|c|☆congelateur-sama|c'est scarf ?
|c|☆congelateur-sama|att je check
|c|☆Dunoks|mdr
|c|☆Dunoks|tricheur
|inactive|congelateur-sama has 120 seconds left.
|c|☆Dunoks|jsuis pas scarf
|j|@laevin
|inactive|congelateur-sama has 90 seconds left.
|c|☆Dunoks|rofl
|c|☆Dunoks|ta vrm été chercher le paste
|c|☆Dunoks|enflure
|c|☆congelateur-sama|j'ai perdu le past
|c|☆congelateur-sama|:paz:
|
|t:|1632684112
|switch|p2a: ConSt3ve|Slowbro-Galar, F|100/100
|move|p1a: Azelf|U-turn|p2a: ConSt3ve
|-damage|p2a: ConSt3ve|84/100
|c|☆congelateur-sama|merde
|c|☆Dunoks|fait pas genre
|c|☆congelateur-sama|:paz:
|c|☆Dunoks|il est sous tes yeux atm
|inactive|congelateur-sama has 60 seconds left.
|
|t:|1632684124
|switch|p1a: Entei|Entei, shiny|100/100|[from]move: U-turn
|
|upkeep
|turn|2
|c|☆Dunoks|je le sais très bien
|c|☆congelateur-sama|mange
|c|☆Dunoks|los problemos
|
|t:|1632684133
|switch|p2a: catapultes|Rotom-Wash|100/100
|move|p1a: Entei|Sacred Fire|p2a: catapultes
|-resisted|p2a: catapultes
|-damage|p2a: catapultes|61/100
|-status|p2a: catapultes|brn
|
|-heal|p2a: catapultes|67/100 brn|[from] item: Leftovers
|-damage|p2a: catapultes|61/100 brn|[from] brn
|upkeep
|turn|3
|c|☆Dunoks|il est band lui :paz:
|c|☆congelateur-sama|:paz:
|inactive|congelateur-sama has 60 seconds left.
|
|t:|1632684157
|switch|p1a: Tangrowth|Tangrowth, M|100/100
|move|p2a: catapultes|Volt Switch|p1a: Tangrowth
|-resisted|p1a: Tangrowth
|-damage|p1a: Tangrowth|92/100
|j| Mimilucha
|c| Mimilucha|hype le match
|inactive|Dunoks has 120 seconds left.
|c|☆congelateur-sama|c'estle match du tournoi
|c|☆congelateur-sama|:paz:
|c|☆congelateur-sama|on joue nos prep
|inactive|Dunoks has 90 seconds left.
|
|t:|1632684213
|switch|p2a: ConSt3ve|Slowbro-Galar, F|100/100|[from]move: Volt Switch
|
|upkeep
|turn|4
|c| Mimilucha|laevin UwU
|
|t:|1632684221
|move|p1a: Tangrowth|Knock Off|p2a: ConSt3ve
|-supereffective|p2a: ConSt3ve
|-damage|p2a: ConSt3ve|62/100
|-enditem|p2a: ConSt3ve|Assault Vest|[from] move: Knock Off|[of] p1a: Tangrowth
|move|p2a: ConSt3ve|Shell Side Arm|p1a: Tangrowth|[anim] Shell Side Arm Special
|-supereffective|p1a: Tangrowth
|-damage|p1a: Tangrowth|42/100
|-hint|Special Shell Side Arm
|-status|p1a: Tangrowth|psn
|
|-damage|p1a: Tangrowth|30/100 psn|[from] psn
|upkeep
|turn|5
|
|t:|1632684230
|switch|p1a: Nihilego|Nihilego|100/100
|move|p2a: ConSt3ve|Ice Beam|p1a: Nihilego
|-damage|p1a: Nihilego|85/100
|
|-heal|p1a: Nihilego|91/100|[from] item: Black Sludge
|upkeep
|turn|6
|
|t:|1632684239
|move|p1a: Nihilego|Stealth Rock|p2a: ConSt3ve
|-sidestart|p2: Dunoks|move: Stealth Rock
|move|p2a: ConSt3ve|Psychic|p1a: Nihilego
|-supereffective|p1a: Nihilego
|-damage|p1a: Nihilego|36/100
|
|-heal|p1a: Nihilego|42/100|[from] item: Black Sludge
|upkeep
|turn|7
|c| Mimilucha|combo tartiflette + match dudu congelo sah
|inactive|Dunoks has 90 seconds left.
|
|t:|1632684269
|switch|p1a: Rotom|Rotom-Wash|100/100
|move|p2a: ConSt3ve|Psychic|p1a: Rotom
|-damage|p1a: Rotom|65/100
|
|-heal|p1a: Rotom|71/100|[from] item: Leftovers
|upkeep
|turn|8
|c|☆Dunoks|ooooooooooo
|inactive|Dunoks has 90 seconds left.
|
|t:|1632684282
|move|p1a: Rotom|Volt Switch|p2a: ConSt3ve
|-damage|p2a: ConSt3ve|40/100
|
|t:|1632684295
|switch|p1a: Azelf|Azelf|100/100|[from]move: Volt Switch
|move|p2a: ConSt3ve|Ice Beam|p1a: Azelf
|-damage|p1a: Azelf|65/100
|-status|p1a: Azelf|frz
|
|upkeep
|turn|9
|c|☆Dunoks|:paz:
|c|☆congelateur-sama|ah bah lol
|c| Mimilucha|ez
|
|t:|1632684311
|switch|p2a: Bunny MY HOUSE|Sylveon, F|100/100
|-damage|p2a: Bunny MY HOUSE|88/100|[from] Stealth Rock
|-curestatus|p1a: Azelf|frz|[msg]
|move|p1a: Azelf|U-turn|p2a: Bunny MY HOUSE
|-resisted|p2a: Bunny MY HOUSE
|-damage|p2a: Bunny MY HOUSE|78/100
|c|☆congelateur-sama|ez
|c|☆Dunoks|:paz:
|
|t:|1632684318
|switch|p1a: Entei|Entei, shiny|100/100|[from]move: U-turn
|
|-heal|p2a: Bunny MY HOUSE|85/100|[from] item: Leftovers
|upkeep
|turn|10
|c| Mimilucha|putain le haxx t'as pas honte
|c|☆congelateur-sama|le toutou a faim
|c|☆congelateur-sama|nourri le dudu
|
|t:|1632684336
|move|p2a: Bunny MY HOUSE|Protect|p2a: Bunny MY HOUSE
|-singleturn|p2a: Bunny MY HOUSE|Protect
|move|p1a: Entei|Sacred Fire|p2a: Bunny MY HOUSE
|-activate|p2a: Bunny MY HOUSE|move: Protect
|
|-heal|p2a: Bunny MY HOUSE|91/100|[from] item: Leftovers
|upkeep
|turn|11
|c|☆Dunoks|jvais wish au tour d'après, tu veux pas miss stp ?
|c| Mimilucha|game plan pp stall sacred fire bah bravo
|c|☆Dunoks|pas d'autres choix mdr
|
|t:|1632684364
|move|p1a: Entei|Sacred Fire|p2a: Bunny MY HOUSE
|-damage|p2a: Bunny MY HOUSE|8/100
|-status|p2a: Bunny MY HOUSE|brn
|move|p2a: Bunny MY HOUSE|Wish|p2a: Bunny MY HOUSE
|
|-heal|p2a: Bunny MY HOUSE|14/100 brn|[from] item: Leftovers
|-damage|p2a: Bunny MY HOUSE|8/100 brn|[from] brn
|upkeep
|turn|12
|c|☆congelateur-sama|lmao
|c| Mimilucha|la barre
|inactive|Dunoks has 90 seconds left.
|c| Mimilucha|clique protect
|c|☆Dunoks|moi aussi j'ai la barre...
|c|☆Dunoks|:flushed:
|c| Mimilucha|ow
|inactive|congelateur-sama has 60 seconds left.
|c| Mimilucha|dit moi Dunoks
|c| Mimilucha|il est où ton si à entei là
|inactive|Dunoks has 60 seconds left.
|c| Mimilucha|haxorus ? :>
|
|t:|1632684418
|switch|p2a: catapultes|Rotom-Wash|61/100 brn
|-damage|p2a: catapultes|49/100 brn|[from] Stealth Rock
|move|p1a: Entei|Sacred Fire|p2a: catapultes
|-resisted|p2a: catapultes
|-damage|p2a: catapultes|5/100 brn
|
|-heal|p2a: catapultes|70/100 brn|[from] move: Wish|[wisher] Bunny MY HOUSE
|-heal|p2a: catapultes|76/100 brn|[from] item: Leftovers
|-damage|p2a: catapultes|70/100 brn|[from] brn
|upkeep
|turn|13
|inactive|Dunoks has 60 seconds left.
|
|t:|1632684433
|switch|p1a: Azelf|Azelf|65/100
|move|p2a: catapultes|Defog|p1a: Azelf
|-unboost|p1a: Azelf|evasion|1
|-sideend|p2: Dunoks|Stealth Rock|[from] move: Defog|[of] p2a: catapultes
|
|-heal|p2a: catapultes|76/100 brn|[from] item: Leftovers
|-damage|p2a: catapultes|70/100 brn|[from] brn
|upkeep
|turn|14
|inactive|Dunoks has 60 seconds left.
|
|t:|1632684445
|switch|p2a: ConSt3ve|Slowbro-Galar, F|73/100
|move|p1a: Azelf|Energy Ball|p2a: ConSt3ve
|-resisted|p2a: ConSt3ve
|-damage|p2a: ConSt3ve|60/100
|
|upkeep
|turn|15
|inactive|Dunoks has 60 seconds left.
|
|t:|1632684451
|move|p1a: Azelf|U-turn|p2a: ConSt3ve
|-damage|p2a: ConSt3ve|42/100
|
|t:|1632684455
|switch|p1a: Nihilego|Nihilego|42/100|[from]move: U-turn
|move|p2a: ConSt3ve|Ice Beam|p1a: Nihilego
|-damage|p1a: Nihilego|25/100
|
|-heal|p1a: Nihilego|31/100|[from] item: Black Sludge
|upkeep
|turn|16
|inactive|congelateur-sama has 90 seconds left.
|inactive|Dunoks has 60 seconds left.
|inactive|congelateur-sama has 60 seconds left.
|
|t:|1632684498
|switch|p1a: Krookodile|Krookodile, M|100/100
|-ability|p1a: Krookodile|Intimidate|boost
|-unboost|p2a: ConSt3ve|atk|1
|move|p2a: ConSt3ve|Psychic|p1a: Krookodile
|-immune|p1a: Krookodile
|
|upkeep
|turn|17
|
|t:|1632684501
|switch|p2a: No aegi plz|Zarude|100/100
|move|p1a: Krookodile|Close Combat|p2a: No aegi plz
|-supereffective|p2a: No aegi plz
|-damage|p2a: No aegi plz|33/100
|-unboost|p1a: Krookodile|def|1
|-unboost|p1a: Krookodile|spd|1
|
|upkeep
|turn|18
|
|t:|1632684505
|switch|p1a: Entei|Entei, shiny|100/100
|switch|p2a: ConSt3ve|Slowbro-Galar, F|75/100
|
|upkeep
|turn|19
|c|☆congelateur-sama|on les pose sur la tables ici
|c|☆Dunoks|trop strong le monsieur contre moi
|
|t:|1632684531
|switch|p2a: Bunny MY HOUSE|Sylveon, F|8/100 brn
|move|p1a: Entei|Sacred Fire|p2a: Bunny MY HOUSE
|-damage|p2a: Bunny MY HOUSE|0 fnt
|faint|p2a: Bunny MY HOUSE
|
|upkeep
|c|☆Dunoks|mais jsuis au regret de t'annoncer
|c| Mimilucha|congelateur-sama tes boules sont trop grosses jte vois plus
|c|☆congelateur-sama|que regi va win ?
|c|☆Dunoks|:paz:
|inactive|Dunoks has 60 seconds left.
|c|☆Dunoks|enft faut que jcalc un truc
|c|☆congelateur-sama|ah bah pas de ma faute mdr
|c| Mimilucha|il a win contre un mamo band comme ça l'autre jour
|inactive|Dunoks has 30 seconds left.
|c|☆Dunoks|ptdrrrr a +2 jprends la moitié :paz:
|
|t:|1632684588
|switch|p2a: catapultes|Rotom-Wash|70/100 brn
|turn|20
|inactive|Dunoks has 30 seconds left.
|inactive|congelateur-sama has 60 seconds left.
|
|t:|1632684609
|switch|p1a: Krookodile|Krookodile, M|100/100
|-ability|p1a: Krookodile|Intimidate|boost
|-unboost|p2a: catapultes|atk|1
|move|p2a: catapultes|Volt Switch|p1a: Krookodile
|-immune|p1a: Krookodile
|
|-heal|p2a: catapultes|76/100 brn|[from] item: Leftovers
|-damage|p2a: catapultes|70/100 brn|[from] brn
|upkeep
|turn|21
|
|t:|1632684617
|switch|p2a: No aegi plz|Zarude|33/100
|move|p1a: Krookodile|Knock Off|p2a: No aegi plz
|-resisted|p2a: No aegi plz
|-damage|p2a: No aegi plz|12/100
|-enditem|p2a: No aegi plz|Heavy-Duty Boots|[from] move: Knock Off|[of] p1a: Krookodile
|
|upkeep
|turn|22
|
|t:|1632684622
|move|p1a: Krookodile|Knock Off|p2a: No aegi plz
|-resisted|p2a: No aegi plz
|-damage|p2a: No aegi plz|0 fnt
|faint|p2a: No aegi plz
|
|upkeep
|c| Mimilucha|mé arrêtez le
|
|t:|1632684629
|switch|p2a: hihi|Registeel|100/100
|turn|23
|c| Mimilucha|in
|c|☆congelateur-sama|ok
|c|☆congelateur-sama|focus
|c| Mimilucha|gg
|c| Mimilucha|regi sweep
|inactive|congelateur-sama has 60 seconds left.
|
|t:|1632684676
|switch|p1a: Entei|Entei, shiny|100/100
|move|p2a: hihi|Iron Defense|p2a: hihi
|-boost|p2a: hihi|def|2
|
|upkeep
|turn|24
|inactive|Dunoks has 30 seconds left.
|inactive|congelateur-sama has 30 seconds left.
|inactive|congelateur-sama has 20 seconds left.
|inactive|congelateur-sama has 15 seconds left.
|
|t:|1632684727
|move|p1a: Entei|Sacred Fire|p2a: hihi
|-supereffective|p2a: hihi
|-damage|p2a: hihi|57/100
|-status|p2a: hihi|brn
|move|p2a: hihi|Iron Defense|p2a: hihi
|-boost|p2a: hihi|def|2
|
|-damage|p2a: hihi|51/100 brn|[from] brn
|upkeep
|turn|25
|inactive|congelateur-sama has 25 seconds left this turn.
|inactive|congelateur-sama has 20 seconds left.
|inactive|Dunoks has 30 seconds left.
|inactive|congelateur-sama has 15 seconds left.
|inactive|congelateur-sama has 10 seconds left.
|inactive|Dunoks has 20 seconds left.
|
|t:|1632684744
|switch|p1a: Rotom|Rotom-Wash|71/100
|move|p2a: hihi|Rest|p2a: hihi
|-status|p2a: hihi|slp|[from] move: Rest
|-heal|p2a: hihi|100/100 slp|[silent]
|-enditem|p2a: hihi|Chesto Berry|[eat]
|-curestatus|p2a: hihi|slp|[msg]
|
|-heal|p1a: Rotom|77/100|[from] item: Leftovers
|upkeep
|turn|26
|inactive|congelateur-sama has 20 seconds left this turn.
|inactive|Dunoks has 30 seconds left this turn.
|inactive|congelateur-sama has 15 seconds left.
|
|t:|1632684750
|move|p1a: Rotom|Volt Switch|p2a: hihi
|-damage|p2a: hihi|83/100
|inactive|congelateur-sama has 20 seconds left this turn.
|inactive|Dunoks has 30 seconds left this turn.
|inactive|congelateur-sama has 15 seconds left.
|
|t:|1632684757
|switch|p1a: Tangrowth|Tangrowth, M|63/100 psn|[from]move: Volt Switch
|move|p2a: hihi|Amnesia|p2a: hihi
|-boost|p2a: hihi|spd|2
|
|-damage|p1a: Tangrowth|51/100 psn|[from] psn
|upkeep
|turn|27
|inactive|congelateur-sama has 25 seconds left this turn.
|
|t:|1632684763
|move|p2a: hihi|Body Press|p1a: Tangrowth
|-damage|p1a: Tangrowth|0 fnt
|faint|p1a: Tangrowth
|
|upkeep
|inactive|congelateur-sama has 30 seconds left this turn.
|
|t:|1632684767
|switch|p1a: Entei|Entei, shiny|100/100
|turn|28
|
|t:|1632684772
|switch|p1a: Krookodile|Krookodile, M|100/100
|-ability|p1a: Krookodile|Intimidate|boost
|-fail|p2a: hihi|unboost|[from] ability: Clear Body|[of] p2a: hihi
|move|p2a: hihi|Body Press|p1a: Krookodile
|-supereffective|p1a: Krookodile
|-damage|p1a: Krookodile|0 fnt
|faint|p1a: Krookodile
|
|upkeep
|
|t:|1632684774
|switch|p1a: Entei|Entei, shiny|100/100
|turn|29
|
|t:|1632684776
|move|p1a: Entei|Sacred Fire|p2a: hihi
|-supereffective|p2a: hihi
|-damage|p2a: hihi|56/100
|move|p2a: hihi|Body Press|p1a: Entei
|-damage|p1a: Entei|0 fnt
|faint|p1a: Entei
|
|upkeep
|j| velvet
|c|☆congelateur-sama|bon pas marché
|c|☆Dunoks|:paz:
|c|☆congelateur-sama|gg
|c|☆Dunoks|gg
|
|t:|1632684787
|switch|p1a: Rotom|Rotom-Wash|77/100
|turn|30
|c| Mimilucha|quel enfer
|c|☆congelateur-sama|trop fort ce truc
|c| Mimilucha|je ramène un ghost mdr
|
|t:|1632684803
|move|p1a: Rotom|Hydro Pump|p2a: hihi|[miss]
|-miss|p1a: Rotom|p2a: hihi
|move|p2a: hihi|Body Press|p1a: Rotom
|-damage|p1a: Rotom|0 fnt
|faint|p1a: Rotom
|
|upkeep
|-message|congelateur-sama forfeited.
|
|win|Dunoks
|n|☆congelateur-sama|congelateursama
|n|☆Dunoks|dunoks
|n| laevin|laevin
|n| Mimilucha|mimilucha
|n| velvet|velvet
|l|☆congelateur-sama
|l| Mimilucha
|l|☆Dunoks
|l| laevin
|j|☆Dunoks
|player|p2|Dunoks|karen
