|html|<div class="broadcast-blue"><strong>[Gen 8] UU is currently suspecting Kommo-o! For information on how to participate check out the <a href="https://www.smogon.com/forums/threads/np-ss-uu-stage-10-2-sickommo-ode.3693129/">suspect thread</a>.</strong></div>
|j|☆Definitivegohan091
|j|☆congelateur-sama
|t:|1636580833
|gametype|singles
|player|p1|Definitivegohan091|wallace|
|player|p2|congelateur-sama|#fcpl4raichicheurs|
|teamsize|p1|6
|teamsize|p2|6
|gen|8
|tier|[Gen 8] UU
|rated|Tournament battle
|rule|Sleep Clause Mod: Limit one foe put to sleep
|rule|Species Clause: Limit one of each Pokémon
|rule|OHKO Clause: OHKO moves are banned
|rule|Evasion Moves Clause: Evasion moves are banned
|rule|Endless Battle Clause: Forcing endless battles is banned
|rule|HP Percentage Mod: HP is shown in percentages
|rule|Dynamax Clause: You cannot dynamax
|clearpoke
|poke|p1|Regieleki|
|poke|p1|Primarina, M|
|poke|p1|Crobat, F|
|poke|p1|Conkeldurr, F|
|poke|p1|Amoonguss, F|
|poke|p1|Celesteela|
|poke|p2|Durant, M|
|poke|p2|Slowbro-Galar, M|
|poke|p2|Thundurus-Therian, M|
|poke|p2|Zarude|
|poke|p2|Swampert, F|
|poke|p2|Regidrago|
|teampreview
|j| Y1THEKING
|inactive|Battle timer is ON: inactive players will automatically lose when time's up. (requested by congelateur-sama)
|
|t:|1636580867
|start
|switch|p1a: Conkeldurr|Conkeldurr, F|100/100
|switch|p2a: Ratio-Therian|Thundurus-Therian, M|100/100
|turn|1
|
|t:|1636580872
|move|p2a: Ratio-Therian|Psychic|p1a: Conkeldurr
|-supereffective|p1a: Conkeldurr
|-damage|p1a: Conkeldurr|29/100
|move|p1a: Conkeldurr|Rock Slide|p2a: Ratio-Therian
|-supereffective|p2a: Ratio-Therian
|-damage|p2a: Ratio-Therian|12/100
|
|-status|p1a: Conkeldurr|brn|[from] item: Flame Orb
|upkeep
|turn|2
|j| Dunoks
|
|t:|1636580888
|switch|p2a: Ratio|Swampert, F|100/100
|move|p1a: Conkeldurr|Mach Punch|p2a: Ratio
|-damage|p2a: Ratio|76/100
|
|-heal|p2a: Ratio|82/100|[from] item: Leftovers
|-damage|p1a: Conkeldurr|23/100 brn|[from] brn
|upkeep
|turn|3
|
|t:|1636580895
|move|p2a: Ratio|Flip Turn|p1a: Conkeldurr
|-damage|p1a: Conkeldurr|1/100 brn
|
|t:|1636580905
|switch|p2a: Ratio-Galar|Slowbro-Galar, M|100/100|[from]move: Flip Turn
|move|p1a: Conkeldurr|Drain Punch|p2a: Ratio-Galar
|-resisted|p2a: Ratio-Galar
|-damage|p2a: Ratio-Galar|84/100
|-heal|p1a: Conkeldurr|10/100 brn|[from] drain|[of] p2a: Ratio-Galar
|
|-damage|p1a: Conkeldurr|4/100 brn|[from] brn
|upkeep
|turn|4
|
|t:|1636580911
|switch|p2a: Ratio|Swampert, F|82/100
|move|p1a: Conkeldurr|Knock Off|p2a: Ratio
|-damage|p2a: Ratio|46/100
|-enditem|p2a: Ratio|Leftovers|[from] move: Knock Off|[of] p1a: Conkeldurr
|
|-damage|p1a: Conkeldurr|0 fnt|[from] brn
|faint|p1a: Conkeldurr
|upkeep
|
|t:|1636580921
|switch|p1a: Primarina|Primarina, M|100/100
|turn|5
|
|t:|1636580930
|switch|p2a: Ratio-Galar|Slowbro-Galar, M|100/100
|move|p1a: Primarina|Energy Ball|p2a: Ratio-Galar
|-resisted|p2a: Ratio-Galar
|-damage|p2a: Ratio-Galar|93/100
|
|upkeep
|turn|6
|
|t:|1636580938
|switch|p1a: Amoonguss|Amoonguss, F|100/100
|move|p2a: Ratio-Galar|Future Sight|p1a: Amoonguss
|-start|p2a: Ratio-Galar|move: Future Sight
|
|upkeep
|turn|7
|
|t:|1636580952
|move|p1a: Amoonguss|Spore|p2a: Ratio-Galar
|-status|p2a: Ratio-Galar|slp|[from] move: Spore
|cant|p2a: Ratio-Galar|slp
|
|upkeep
|turn|8
|
|t:|1636580958
|switch|p1a: Celesteela|Celesteela|100/100
|cant|p2a: Ratio-Galar|slp
|
|-end|p1a: Celesteela|move: Future Sight
|-resisted|p1a: Celesteela
|-damage|p1a: Celesteela|85/100
|-heal|p1a: Celesteela|91/100|[from] item: Leftovers
|upkeep
|turn|9
|
|t:|1636580961
|move|p1a: Celesteela|Leech Seed|p2a: Ratio-Galar
|-start|p2a: Ratio-Galar|move: Leech Seed
|-curestatus|p2a: Ratio-Galar|slp|[msg]
|move|p2a: Ratio-Galar|Flamethrower|p1a: Celesteela
|-supereffective|p1a: Celesteela
|-damage|p1a: Celesteela|61/100
|
|-heal|p1a: Celesteela|67/100|[from] item: Leftovers
|-damage|p2a: Ratio-Galar|80/100|[from] Leech Seed|[of] p1a: Celesteela
|-heal|p1a: Celesteela|79/100|[silent]
|upkeep
|turn|10
|
|t:|1636580967
|switch|p2a: Ratio|Swampert, F|46/100
|move|p1a: Celesteela|Air Slash|p2a: Ratio
|-damage|p2a: Ratio|20/100
|
|-heal|p1a: Celesteela|85/100|[from] item: Leftovers
|upkeep
|turn|11
|
|t:|1636580970
|move|p1a: Celesteela|Air Slash|p2a: Ratio
|-damage|p2a: Ratio|0 fnt
|faint|p2a: Ratio
|-ability|p1a: Celesteela|Beast Boost|boost
|-boost|p1a: Celesteela|def|1
|
|-heal|p1a: Celesteela|91/100|[from] item: Leftovers
|upkeep
|
|t:|1636580994
|switch|p2a: Ratio-Therian|Thundurus-Therian, M|12/100
|turn|12
|
|t:|1636581003
|move|p1a: Celesteela|Protect|p1a: Celesteela
|-singleturn|p1a: Celesteela|Protect
|move|p2a: Ratio-Therian|Volt Switch|p1a: Celesteela
|-activate|p1a: Celesteela|move: Protect
|
|-heal|p1a: Celesteela|97/100|[from] item: Leftovers
|upkeep
|turn|13
|
|t:|1636581010
|switch|p1a: Amoonguss|Amoonguss, F|100/100
|move|p2a: Ratio-Therian|Volt Switch|p1a: Amoonguss
|-resisted|p1a: Amoonguss
|-damage|p1a: Amoonguss|85/100
|
|t:|1636581015
|switch|p2a: Regidratio|Regidrago|100/100|[from]move: Volt Switch
|
|-heal|p1a: Amoonguss|91/100|[from] item: Black Sludge
|upkeep
|turn|14
|
|t:|1636581018
|move|p2a: Regidratio|Dragon Energy|p1a: Amoonguss
|-damage|p1a: Amoonguss|4/100
|move|p1a: Amoonguss|Spore|p2a: Regidratio
|-status|p2a: Regidratio|slp|[from] move: Spore
|
|-heal|p1a: Amoonguss|11/100|[from] item: Black Sludge
|upkeep
|turn|15
|
|t:|1636581025
|switch|p2a: Duratio|Durant, M|100/100
|switch|p1a: Regieleki|Regieleki|100/100
|
|upkeep
|turn|16
|
|t:|1636581028
|move|p2a: Duratio|First Impression|p1a: Regieleki
|-damage|p1a: Regieleki|0 fnt
|faint|p1a: Regieleki
|
|upkeep
|
|t:|1636581034
|switch|p1a: Amoonguss|Amoonguss, F|44/100
|turn|17
|
|t:|1636581038
|switch|p2a: Ratio-Galar|Slowbro-Galar, M|100/100
|switch|p1a: Celesteela|Celesteela|97/100
|
|-heal|p1a: Celesteela|100/100|[from] item: Leftovers
|upkeep
|turn|18
|
|t:|1636581041
|move|p1a: Celesteela|Leech Seed|p2a: Ratio-Galar
|-start|p2a: Ratio-Galar|move: Leech Seed
|move|p2a: Ratio-Galar|Scald|p1a: Celesteela
|-damage|p1a: Celesteela|86/100
|-status|p1a: Celesteela|brn
|
|-heal|p1a: Celesteela|92/100 brn|[from] item: Leftovers
|-damage|p2a: Ratio-Galar|88/100|[from] Leech Seed|[of] p1a: Celesteela
|-heal|p1a: Celesteela|100/100 brn|[silent]
|-damage|p1a: Celesteela|94/100 brn|[from] brn
|upkeep
|turn|19
|
|t:|1636581047
|switch|p2a: Regidratio|Regidrago|100/100 slp
|move|p1a: Celesteela|Air Slash|p2a: Regidratio
|-damage|p2a: Regidratio|66/100 slp
|
|-heal|p1a: Celesteela|100/100 brn|[from] item: Leftovers
|-damage|p1a: Celesteela|94/100 brn|[from] brn
|upkeep
|turn|20
|
|t:|1636581051
|switch|p2a: Ratio-Galar|Slowbro-Galar, M|100/100
|move|p1a: Celesteela|Leech Seed|p2a: Ratio-Galar
|-start|p2a: Ratio-Galar|move: Leech Seed
|
|-heal|p1a: Celesteela|100/100 brn|[from] item: Leftovers
|-damage|p2a: Ratio-Galar|88/100|[from] Leech Seed|[of] p1a: Celesteela
|-damage|p1a: Celesteela|94/100 brn|[from] brn
|upkeep
|turn|21
|
|t:|1636581056
|move|p1a: Celesteela|Air Slash|p2a: Ratio-Galar
|-damage|p2a: Ratio-Galar|73/100
|move|p2a: Ratio-Galar|Flamethrower|p1a: Celesteela
|-supereffective|p1a: Celesteela
|-damage|p1a: Celesteela|63/100 brn
|
|-heal|p1a: Celesteela|69/100 brn|[from] item: Leftovers
|-damage|p2a: Ratio-Galar|60/100|[from] Leech Seed|[of] p1a: Celesteela
|-heal|p1a: Celesteela|82/100 brn|[silent]
|-damage|p1a: Celesteela|76/100 brn|[from] brn
|upkeep
|turn|22
|
|t:|1636581061
|switch|p2a: Zatio|Zarude|100/100
|move|p1a: Celesteela|Air Slash|p2a: Zatio
|-supereffective|p2a: Zatio
|-damage|p2a: Zatio|46/100
|
|-heal|p1a: Celesteela|82/100 brn|[from] item: Leftovers
|-damage|p1a: Celesteela|76/100 brn|[from] brn
|upkeep
|turn|23
|
|t:|1636581064
|move|p2a: Zatio|U-turn|p1a: Celesteela
|-resisted|p1a: Celesteela
|-damage|p1a: Celesteela|72/100 brn
|
|t:|1636581066
|switch|p2a: Ratio-Galar|Slowbro-Galar, M|93/100|[from]move: U-turn
|move|p1a: Celesteela|Air Slash|p2a: Ratio-Galar
|-damage|p2a: Ratio-Galar|78/100
|
|-heal|p1a: Celesteela|78/100 brn|[from] item: Leftovers
|-damage|p1a: Celesteela|72/100 brn|[from] brn
|upkeep
|turn|24
|
|t:|1636581071
|move|p1a: Celesteela|Leech Seed|p2a: Ratio-Galar
|-start|p2a: Ratio-Galar|move: Leech Seed
|move|p2a: Ratio-Galar|Flamethrower|p1a: Celesteela
|-supereffective|p1a: Celesteela
|-damage|p1a: Celesteela|43/100 brn
|
|-heal|p1a: Celesteela|49/100 brn|[from] item: Leftovers
|-damage|p2a: Ratio-Galar|65/100|[from] Leech Seed|[of] p1a: Celesteela
|-heal|p1a: Celesteela|61/100 brn|[silent]
|-damage|p1a: Celesteela|55/100 brn|[from] brn
|upkeep
|turn|25
|
|t:|1636581079
|move|p1a: Celesteela|Protect|p1a: Celesteela
|-singleturn|p1a: Celesteela|Protect
|move|p2a: Ratio-Galar|Flamethrower|p1a: Celesteela
|-activate|p1a: Celesteela|move: Protect
|
|-heal|p1a: Celesteela|61/100 brn|[from] item: Leftovers
|-damage|p2a: Ratio-Galar|53/100|[from] Leech Seed|[of] p1a: Celesteela
|-heal|p1a: Celesteela|73/100 brn|[silent]
|-damage|p1a: Celesteela|67/100 brn|[from] brn
|upkeep
|turn|26
|
|t:|1636581086
|switch|p2a: Regidratio|Regidrago|66/100 slp
|move|p1a: Celesteela|Air Slash|p2a: Regidratio
|-damage|p2a: Regidratio|33/100 slp
|
|-heal|p1a: Celesteela|73/100 brn|[from] item: Leftovers
|-damage|p1a: Celesteela|67/100 brn|[from] brn
|upkeep
|turn|27
|
|t:|1636581091
|switch|p2a: Zatio|Zarude|46/100
|move|p1a: Celesteela|Leech Seed|p2a: Zatio
|-immune|p2a: Zatio
|
|-heal|p1a: Celesteela|73/100 brn|[from] item: Leftovers
|-damage|p1a: Celesteela|67/100 brn|[from] brn
|upkeep
|turn|28
|
|t:|1636581094
|move|p2a: Zatio|Darkest Lariat|p1a: Celesteela
|-damage|p1a: Celesteela|40/100 brn
|move|p1a: Celesteela|Leech Seed|p2a: Zatio
|-immune|p2a: Zatio
|
|-heal|p1a: Celesteela|46/100 brn|[from] item: Leftovers
|-damage|p1a: Celesteela|40/100 brn|[from] brn
|upkeep
|turn|29
|
|t:|1636581098
|move|p1a: Celesteela|Protect|p1a: Celesteela
|-singleturn|p1a: Celesteela|Protect
|move|p2a: Zatio|U-turn|p1a: Celesteela
|-activate|p1a: Celesteela|move: Protect
|
|-heal|p1a: Celesteela|46/100 brn|[from] item: Leftovers
|-damage|p1a: Celesteela|40/100 brn|[from] brn
|upkeep
|turn|30
|
|t:|1636581104
|move|p2a: Zatio|Darkest Lariat|p1a: Celesteela
|-damage|p1a: Celesteela|13/100 brn
|move|p1a: Celesteela|Air Slash|p2a: Zatio
|-supereffective|p2a: Zatio
|-damage|p2a: Zatio|0 fnt
|faint|p2a: Zatio
|-ability|p1a: Celesteela|Beast Boost|boost
|-boost|p1a: Celesteela|def|1
|
|-heal|p1a: Celesteela|19/100 brn|[from] item: Leftovers
|-damage|p1a: Celesteela|13/100 brn|[from] brn
|upkeep
|
|t:|1636581107
|switch|p2a: Ratio-Therian|Thundurus-Therian, M|12/100
|turn|31
|
|t:|1636581112
|move|p2a: Ratio-Therian|Volt Switch|p1a: Celesteela
|-supereffective|p1a: Celesteela
|-damage|p1a: Celesteela|0 fnt
|faint|p1a: Celesteela
|
|t:|1636581114
|switch|p2a: Duratio|Durant, M|100/100|[from]move: Volt Switch
|
|upkeep
|
|t:|1636581118
|switch|p1a: Primarina|Primarina, M|100/100
|turn|32
|
|t:|1636581120
|switch|p2a: Ratio-Galar|Slowbro-Galar, M|86/100
|move|p1a: Primarina|Surf|p2a: Ratio-Galar
|-damage|p2a: Ratio-Galar|61/100
|
|upkeep
|turn|33
|
|t:|1636581123
|move|p1a: Primarina|Surf|p2a: Ratio-Galar
|-damage|p2a: Ratio-Galar|37/100
|move|p2a: Ratio-Galar|Future Sight|p1a: Primarina
|-start|p2a: Ratio-Galar|move: Future Sight
|
|upkeep
|turn|34
|
|t:|1636581127
|move|p1a: Primarina|Surf|p2a: Ratio-Galar
|-crit|p2a: Ratio-Galar
|-damage|p2a: Ratio-Galar|4/100
|move|p2a: Ratio-Galar|Shell Side Arm|p1a: Primarina|[anim] Shell Side Arm Special
|-supereffective|p1a: Primarina
|-crit|p1a: Primarina
|-damage|p1a: Primarina|41/100
|-hint|Special Shell Side Arm
|
|upkeep
|turn|35
|
|t:|1636581134
|switch|p2a: Regidratio|Regidrago|33/100 slp
|move|p1a: Primarina|Surf|p2a: Regidratio
|-resisted|p2a: Regidratio
|-damage|p2a: Regidratio|3/100 slp
|
|-end|p1a: Primarina|move: Future Sight
|-damage|p1a: Primarina|13/100
|upkeep
|turn|36
|j| Mimilucha
|
|t:|1636581143
|cant|p2a: Regidratio|slp
|move|p1a: Primarina|Surf|p2a: Regidratio
|-resisted|p2a: Regidratio
|-damage|p2a: Regidratio|0 fnt
|faint|p2a: Regidratio
|
|upkeep
|
|t:|1636581145
|switch|p2a: Ratio-Therian|Thundurus-Therian, M|12/100
|turn|37
|
|t:|1636581150
|switch|p1a: Amoonguss|Amoonguss, F|77/100
|move|p2a: Ratio-Therian|Volt Switch|p1a: Amoonguss
|-resisted|p1a: Amoonguss
|-damage|p1a: Amoonguss|60/100
|
|t:|1636581154
|switch|p2a: Duratio|Durant, M|100/100|[from]move: Volt Switch
|
|-heal|p1a: Amoonguss|67/100|[from] item: Black Sludge
|upkeep
|turn|38
|
|t:|1636581161
|move|p2a: Duratio|Iron Head|p1a: Amoonguss
|-damage|p1a: Amoonguss|4/100
|move|p1a: Amoonguss|Spore|p2a: Duratio
|-status|p2a: Duratio|slp|[from] move: Spore
|
|-heal|p1a: Amoonguss|10/100|[from] item: Black Sludge
|upkeep
|turn|39
|
|t:|1636581169
|switch|p2a: Ratio-Galar|Slowbro-Galar, M|38/100
|switch|p1a: Primarina|Primarina, M|13/100
|
|upkeep
|turn|40
|
|t:|1636581181
|switch|p2a: Ratio-Therian|Thundurus-Therian, M|12/100
|move|p1a: Primarina|Surf|p2a: Ratio-Therian
|-damage|p2a: Ratio-Therian|0 fnt
|faint|p2a: Ratio-Therian
|
|upkeep
|
|t:|1636581183
|switch|p2a: Ratio-Galar|Slowbro-Galar, M|71/100
|turn|41
|
|t:|1636581185
|move|p1a: Primarina|Surf|p2a: Ratio-Galar
|-damage|p2a: Ratio-Galar|33/100
|move|p2a: Ratio-Galar|Shell Side Arm|p1a: Primarina|[anim] Shell Side Arm Special
|-supereffective|p1a: Primarina
|-damage|p1a: Primarina|0 fnt
|-hint|Special Shell Side Arm
|faint|p1a: Primarina
|
|upkeep
|j| P.Otaku
|
|t:|1636581189
|switch|p1a: Crobat|Crobat, F|100/100
|turn|42
|
|t:|1636581196
|move|p1a: Crobat|Brave Bird|p2a: Ratio-Galar
|-damage|p2a: Ratio-Galar|0 fnt
|faint|p2a: Ratio-Galar
|-damage|p1a: Crobat|87/100|[from] Recoil
|
|upkeep
|-message|congelateur-sama forfeited.
|
|win|Definitivegohan091
|n|☆Definitivegohan091|definitivegohan091
|n|☆congelateur-sama|congelateursama
|n| Y1THEKING|y1theking
|n| Dunoks|dunoks
|n| Mimilucha|mimilucha
|n| P.Otaku|potaku
|l|☆congelateur-sama
|l| Mimilucha
|l| Dunoks
|l| P.Otaku
