|j|☆Goro Yagami 2@!
|j|☆Corporate Donkey
|t:|1654304658
|gametype|singles
|player|p1|Goro Yagami 2|170|1415
|player|p2|Corporate Donkey|101|1340
|teamsize|p1|6
|teamsize|p2|6
|gen|8
|tier|[Gen 8] UU
|rated|
|rule|Sleep Clause Mod: Limit one foe put to sleep
|rule|Species Clause: Limit one of each Pokémon
|rule|OHKO Clause: OHKO moves are banned
|rule|Evasion Moves Clause: Evasion moves are banned
|rule|Endless Battle Clause: Forcing endless battles is banned
|rule|HP Percentage Mod: HP is shown in percentages
|rule|Dynamax Clause: You cannot dynamax
|clearpoke
|poke|p1|Celesteela|
|poke|p1|Salamence, F|
|poke|p1|Thundurus-Therian, M|
|poke|p1|Excadrill, F|
|poke|p1|Gyarados, M|
|poke|p1|Azelf|
|poke|p2|Hippowdon, F|
|poke|p2|Crobat, M|
|poke|p2|Hydreigon, M|
|poke|p2|Scizor, M|
|poke|p2|Rotom-Wash|
|poke|p2|Tangrowth, M|
|teampreview
|c|☆Goro Yagami 2|lol
|c|☆Corporate Donkey|lol
|c|☆Goro Yagami 2|ik we were going to run into each other eventually
|c|☆Goro Yagami 2|hf
|c|☆Corporate Donkey|gl hf
|
|t:|1654304687
|start
|switch|p1a: Excadrill|Excadrill, F|100/100
|switch|p2a: Donna|Hippowdon, F|100/100
|-ability|p1a: Excadrill|Mold Breaker
|-weather|Sandstorm|[from] ability: Sand Stream|[of] p2a: Donna
|turn|1
|
|t:|1654304695
|move|p1a: Excadrill|Stealth Rock|p2a: Donna
|-sidestart|p2: Corporate Donkey|move: Stealth Rock
|move|p2a: Donna|Stealth Rock|p1a: Excadrill
|-sidestart|p1: Goro Yagami 2|move: Stealth Rock
|
|-weather|Sandstorm|[upkeep]
|upkeep
|turn|2
|j| ibbysonlyfan
|
|t:|1654304709
|move|p1a: Excadrill|Rapid Spin|p2a: Donna
|-damage|p2a: Donna|90/100
|-boost|p1a: Excadrill|spe|1
|-damage|p1a: Excadrill|84/100|[from] item: Rocky Helmet|[of] p2a: Donna
|-sideend|p1: Goro Yagami 2|Stealth Rock|[from] move: Rapid Spin|[of] p1a: Excadrill
|move|p2a: Donna|Earthquake|p1a: Excadrill
|-supereffective|p1a: Excadrill
|-damage|p1a: Excadrill|0 fnt
|faint|p1a: Excadrill
|
|-weather|Sandstorm|[upkeep]
|upkeep
|j| Celebiii32
|j| pokemonisfun
|
|t:|1654304738
|switch|p1a: Gyarados|Gyarados, M|100/100
|turn|3
|j| shook and book
|
|t:|1654304750
|switch|p2a: Ricardo|Hydreigon, M|100/100
|-damage|p2a: Ricardo|88/100|[from] Stealth Rock
|move|p1a: Gyarados|Dragon Dance|p1a: Gyarados
|-boost|p1a: Gyarados|atk|1
|-boost|p1a: Gyarados|spe|1
|
|-weather|Sandstorm|[upkeep]
|-damage|p1a: Gyarados|94/100|[from] Sandstorm
|-damage|p2a: Ricardo|82/100|[from] Sandstorm
|upkeep
|turn|4
|j| rult60d udon
|
|t:|1654304759
|move|p1a: Gyarados|Ice Fang|p2a: Ricardo
|-supereffective|p2a: Ricardo
|-damage|p2a: Ricardo|0 fnt
|faint|p2a: Ricardo
|-ability|p1a: Gyarados|Moxie|boost
|-boost|p1a: Gyarados|atk|1
|
|-weather|Sandstorm|[upkeep]
|-damage|p1a: Gyarados|88/100|[from] Sandstorm
|upkeep
|l| shook and book
|c| pokemonisfun|ban gyarados
|l| rult60d udon
|
|t:|1654304780
|switch|p2a: Hogwash|Rotom-Wash|100/100
|-damage|p2a: Hogwash|88/100|[from] Stealth Rock
|turn|5
|
|t:|1654304786
|move|p1a: Gyarados|Power Whip|p2a: Hogwash
|-supereffective|p2a: Hogwash
|-damage|p2a: Hogwash|0 fnt
|faint|p2a: Hogwash
|-ability|p1a: Gyarados|Moxie|boost
|-boost|p1a: Gyarados|atk|1
|
|-weather|none
|upkeep
|
|t:|1654304791
|switch|p2a: Boyardee|Tangrowth, M|100/100
|-damage|p2a: Boyardee|88/100|[from] Stealth Rock
|turn|6
|
|t:|1654304796
|move|p1a: Gyarados|Ice Fang|p2a: Boyardee
|-supereffective|p2a: Boyardee
|-damage|p2a: Boyardee|6/100
|move|p2a: Boyardee|Power Whip|p1a: Gyarados
|-damage|p1a: Gyarados|32/100
|
|upkeep
|turn|7
|j| rult60d udon
|
|t:|1654304806
|move|p1a: Gyarados|Waterfall|p2a: Boyardee
|-resisted|p2a: Boyardee
|-damage|p2a: Boyardee|0 fnt
|faint|p2a: Boyardee
|-ability|p1a: Gyarados|Moxie|boost
|-boost|p1a: Gyarados|atk|1
|
|upkeep
|
|t:|1654304809
|switch|p2a: Donna|Hippowdon, F|90/100
|-damage|p2a: Donna|84/100|[from] Stealth Rock
|-weather|Sandstorm|[from] ability: Sand Stream|[of] p2a: Donna
|turn|8
|
|t:|1654304816
|move|p1a: Gyarados|Waterfall|p2a: Donna
|-supereffective|p2a: Donna
|-damage|p2a: Donna|0 fnt
|-damage|p1a: Gyarados|16/100|[from] item: Rocky Helmet|[of] p2a: Donna
|faint|p2a: Donna
|-ability|p1a: Gyarados|Moxie|boost
|-boost|p1a: Gyarados|atk|1
|
|-weather|Sandstorm|[upkeep]
|-damage|p1a: Gyarados|10/100|[from] Sandstorm
|upkeep
|
|t:|1654304819
|switch|p2a: Slash|Scizor, M|100/100
|turn|9
|
|t:|1654304822
|move|p2a: Slash|Bullet Punch|p1a: Gyarados
|-resisted|p1a: Gyarados
|-damage|p1a: Gyarados|0 fnt
|faint|p1a: Gyarados
|
|-weather|Sandstorm|[upkeep]
|upkeep
|
|t:|1654304827
|switch|p1a: Celesteela|Celesteela|100/100
|turn|10
|
|t:|1654304830
|move|p1a: Celesteela|Flamethrower|p2a: Slash
|-supereffective|p2a: Slash
|-damage|p2a: Slash|0 fnt
|faint|p2a: Slash
|-ability|p1a: Celesteela|Beast Boost|boost
|-boost|p1a: Celesteela|spa|1
|
|-weather|Sandstorm|[upkeep]
|upkeep
|l| rult60d udon
|
|t:|1654304833
|switch|p2a: Chomper|Crobat, M|100/100
|turn|11
|
|t:|1654304835
|move|p2a: Chomper|Brave Bird|p1a: Celesteela
|-resisted|p1a: Celesteela
|-damage|p1a: Celesteela|78/100
|-damage|p2a: Chomper|93/100|[from] Recoil
|move|p1a: Celesteela|Meteor Beam||[still]
|-prepare|p1a: Celesteela|Meteor Beam
|-boost|p1a: Celesteela|spa|1
|-enditem|p1a: Celesteela|Power Herb
|-anim|p1a: Celesteela|Meteor Beam|p2a: Chomper
|-supereffective|p2a: Chomper
|-damage|p2a: Chomper|0 fnt
|faint|p2a: Chomper
|
|win|Goro Yagami 2
|raw|Goro Yagami 2's rating: 1415 &rarr; <strong>1431</strong><br />(+16 for winning)
|raw|Corporate Donkey's rating: 1340 &rarr; <strong>1324</strong><br />(-16 for losing)
|c|☆Goro Yagami 2|rip
|c|☆Corporate Donkey|gg
|c|☆Goro Yagami 2|gg
|l|☆Corporate Donkey
|l|☆Goro Yagami 2
|j| rult60d udon
|l| rult60d udon
|j|☆Goro Yagami 2@!
|player|p1|Goro Yagami 2|170
|l|☆Goro Yagami 2
|player|p1|
|l| Celebiii32
|j|☆Goro Yagami 2@!
|player|p1|Goro Yagami 2|170
