|j|☆esqimo589
|j|☆Sypharius
|t:|1666454700
|gametype|singles
|player|p1|esqimo589|n|1477
|player|p2|Sypharius|2|1367
|teamsize|p1|6
|teamsize|p2|6
|gen|8
|tier|[Gen 8] UU
|rated|
|rule|Sleep Clause Mod: Limit one foe put to sleep
|rule|Species Clause: Limit one of each Pokémon
|rule|OHKO Clause: OHKO moves are banned
|rule|Evasion Items Clause: Evasion items are banned
|rule|Evasion Moves Clause: Evasion moves are banned
|rule|Endless Battle Clause: Forcing endless battles is banned
|rule|HP Percentage Mod: HP is shown in percentages
|rule|Dynamax Clause: You cannot dynamax
|clearpoke
|poke|p1|Chandelure, F|
|poke|p1|Raikou|
|poke|p1|Cobalion|
|poke|p1|Chansey, F|
|poke|p1|Diggersby, M|
|poke|p1|Salamence, M|
|poke|p2|Excadrill, M|
|poke|p2|Gyarados, F|
|poke|p2|Indeedee-F, F|
|poke|p2|Lycanroc-Dusk, M|
|poke|p2|Polteageist|
|poke|p2|Slurpuff, M|
|teampreview
|inactive|Battle timer is ON: inactive players will automatically lose when time's up. (requested by Sypharius)
|inactive|esqimo589 also wants the timer to be on.
|
|t:|1666454722
|start
|switch|p1a: whiteeyesbluedrag|Salamence, M|100/100
|switch|p2a: Suicide Squad|Excadrill, M|100/100
|-ability|p1a: whiteeyesbluedrag|Intimidate|boost
|-unboost|p2a: Suicide Squad|atk|1
|-ability|p2a: Suicide Squad|Mold Breaker
|turn|1
|
|t:|1666454727
|move|p1a: whiteeyesbluedrag|Flamethrower|p2a: Suicide Squad
|-supereffective|p2a: Suicide Squad
|-damage|p2a: Suicide Squad|38/100
|-status|p2a: Suicide Squad|brn
|move|p2a: Suicide Squad|Rock Tomb|p1a: whiteeyesbluedrag
|-supereffective|p1a: whiteeyesbluedrag
|-damage|p1a: whiteeyesbluedrag|87/100
|-unboost|p1a: whiteeyesbluedrag|spe|1
|
|-damage|p2a: Suicide Squad|32/100 brn|[from] brn
|upkeep
|turn|2
|
|t:|1666454737
|switch|p1a: doge|Raikou|100/100
|move|p2a: Suicide Squad|Stealth Rock|p1a: doge
|-sidestart|p1: esqimo589|move: Stealth Rock
|
|-damage|p2a: Suicide Squad|26/100 brn|[from] brn
|upkeep
|turn|3
|inactive|Sypharius has 120 seconds left.
|
|t:|1666454782
|move|p1a: doge|Scald|p2a: Suicide Squad
|-supereffective|p2a: Suicide Squad
|-damage|p2a: Suicide Squad|0 fnt
|faint|p2a: Suicide Squad
|
|upkeep
|inactive|Sypharius has 90 seconds left.
|
|t:|1666454817
|switch|p2a: Do you even know?|Slurpuff, M|100/100
|turn|4
|inactive|esqimo589 has 120 seconds left.
|c|☆esqimo589|i think i genuinely just insta lose to this
|c|☆Sypharius|Do you have quick attack on digger?
|inactive|esqimo589 has 90 seconds left.
|c|☆esqimo589|nope
|c|☆Sypharius|hmm
|c|☆Sypharius|volt switch to chandel
|c|☆Sypharius|and hope play rough misses?
|inactive|esqimo589 has 60 seconds left.
|c|☆Sypharius|only 81% chance to OHKO chandle
|c|☆Sypharius|So that's 10% and 19% chance to live
|c|☆esqimo589|not after rocks
|inactive|esqimo589 has 30 seconds left.
|
|t:|1666454939
|move|p1a: doge|Scald|p2a: Do you even know?
|-damage|p2a: Do you even know?|62/100
|move|p2a: Do you even know?|Belly Drum|p2a: Do you even know?
|-damage|p2a: Do you even know?|12/100
|-setboost|p2a: Do you even know?|atk|6|[from] move: Belly Drum
|-enditem|p2a: Do you even know?|Sitrus Berry|[eat]
|-heal|p2a: Do you even know?|37/100|[from] item: Sitrus Berry
|
|upkeep
|turn|5
|c|☆Sypharius|Ah right
|inactive|esqimo589 has 30 seconds left.
|inactive|Sypharius has 90 seconds left.
|inactive|esqimo589 has 20 seconds left.
|
|t:|1666454960
|move|p2a: Do you even know?|Drain Punch|p1a: doge
|-damage|p1a: doge|0 fnt
|-heal|p2a: Do you even know?|89/100|[from] drain|[of] p1a: doge
|faint|p1a: doge
|
|upkeep
|inactive|esqimo589 has 25 seconds left this turn.
|inactive|esqimo589 has 20 seconds left.
|
|t:|1666454966
|switch|p1a: whiteeyesbluedrag|Salamence, M|87/100
|-ability|p1a: whiteeyesbluedrag|Intimidate|boost
|-unboost|p2a: Do you even know?|atk|1
|turn|6
|inactive|esqimo589 has 30 seconds left this turn.
|
|t:|1666454971
|move|p2a: Do you even know?|Play Rough|p1a: whiteeyesbluedrag
|-supereffective|p1a: whiteeyesbluedrag
|-damage|p1a: whiteeyesbluedrag|0 fnt
|faint|p1a: whiteeyesbluedrag
|
|upkeep
|inactive|esqimo589 has 30 seconds left.
|inactive|esqimo589 has 20 seconds left.
|
|t:|1666454989
|switch|p1a: big chungus|Diggersby, M|100/100
|-damage|p1a: big chungus|94/100|[from] Stealth Rock
|turn|7
|inactive|esqimo589 has 30 seconds left this turn.
|
|t:|1666454997
|move|p2a: Do you even know?|Drain Punch|p1a: big chungus
|-supereffective|p1a: big chungus
|-damage|p1a: big chungus|0 fnt
|-heal|p2a: Do you even know?|100/100|[from] drain|[of] p1a: big chungus
|faint|p1a: big chungus
|
|upkeep
|
|t:|1666454999
|switch|p1a: the goat|Cobalion|100/100
|-damage|p1a: the goat|97/100|[from] Stealth Rock
|turn|8
|inactive|Sypharius has 120 seconds left.
|
|t:|1666455005
|move|p2a: Do you even know?|Drain Punch|p1a: the goat
|-supereffective|p1a: the goat
|-damage|p1a: the goat|0 fnt
|-damage|p2a: Do you even know?|84/100|[from] item: Rocky Helmet|[of] p1a: the goat
|faint|p1a: the goat
|
|upkeep
|c|☆Sypharius|gg
|
|t:|1666455009
|switch|p1a: chandelier|Chandelure, F|100/100
|-damage|p1a: chandelier|76/100|[from] Stealth Rock
|turn|9
|
|t:|1666455014
|move|p2a: Do you even know?|Play Rough|p1a: chandelier|[miss]
|-miss|p2a: Do you even know?|p1a: chandelier
|move|p1a: chandelier|Shadow Ball|p2a: Do you even know?
|-damage|p2a: Do you even know?|0 fnt
|faint|p2a: Do you even know?
|
|upkeep
|c|☆esqimo589|welp
|c|☆Sypharius|there is is
|c|☆esqimo589|still cant win
|c|☆Sypharius|Play rough was your out
|inactive|Sypharius has 120 seconds left.
|c|☆esqimo589|i still lose bruh
|c|☆esqimo589|i needed raikou for lycan and gyara
|
|t:|1666455043
|switch|p2a: L8r G8r|Gyarados, F|100/100
|turn|10
|
|t:|1666455046
|move|p1a: chandelier|Shadow Ball|p2a: L8r G8r
|-damage|p2a: L8r G8r|25/100
|move|p2a: L8r G8r|Dragon Dance|p2a: L8r G8r
|-boost|p2a: L8r G8r|atk|1
|-boost|p2a: L8r G8r|spe|1
|
|upkeep
|turn|11
|c|☆Sypharius|yeah
|
|t:|1666455052
|move|p2a: L8r G8r|Waterfall|p1a: chandelier
|-supereffective|p1a: chandelier
|-damage|p1a: chandelier|0 fnt
|faint|p1a: chandelier
|-ability|p2a: L8r G8r|Moxie|boost
|-boost|p2a: L8r G8r|atk|1
|
|upkeep
|
|t:|1666455055
|switch|p1a: egg|Chansey, F|100/100
|-damage|p1a: egg|88/100|[from] Stealth Rock
|turn|12
|c|☆Sypharius|gg man
|
|t:|1666455063
|move|p2a: L8r G8r|Waterfall|p1a: egg
|-damage|p1a: egg|28/100
|move|p1a: egg|Seismic Toss|p2a: L8r G8r
|-damage|p2a: L8r G8r|0 fnt
|faint|p2a: L8r G8r
|
|upkeep
|
|t:|1666455068
|switch|p2a: Galarian Arcanine|Lycanroc-Dusk, M|100/100
|turn|13
|-message|esqimo589 forfeited.
|
|win|Sypharius
|raw|esqimo589's rating: 1477 &rarr; <strong>1451</strong><br />(-26 for losing)
|raw|Sypharius's rating: 1367 &rarr; <strong>1393</strong><br />(+26 for winning)
|l|☆esqimo589
|l|☆Sypharius
|j|☆esqimo589
|player|p1|esqimo589|n
