|j|☆Lnua
|j|☆Onua Nuva
|player|p1|Lnua|misty-gen2|1507
|player|p2|Onua Nuva|hilda|1422
|teamsize|p1|6
|teamsize|p2|6
|gametype|singles
|gen|8
|tier|[Gen 8] UU
|rated|
|clearpoke
|poke|p1|Noivern, M|
|poke|p1|Rhyperior, F|
|poke|p1|Sylveon, F|
|poke|p1|Reuniclus, F|
|poke|p1|Milotic, F|
|poke|p1|Cobalion|
|poke|p2|Centiskorch, F|
|poke|p2|Rotom-Wash|
|poke|p2|Bronzong|
|poke|p2|Pangoro, F|
|poke|p2|Flygon, M|
|poke|p2|Weezing-Galar, F|
|rule|Sleep Clause Mod: Limit one foe put to sleep
|rule|Species Clause: Limit one of each Pokémon
|rule|OHKO Clause: OHKO moves are banned
|rule|Evasion Moves Clause: Evasion moves are banned
|rule|Endless Battle Clause: Forcing endless battles is banned
|rule|HP Percentage Mod: HP is shown in percentages
|rule|Dynamax Clause: You cannot dynamax
|teampreview
|j| Zwek
|inactive|Battle timer is ON: inactive players will automatically lose when time's up. (requested by Onua Nuva)
|
|start
|switch|p1a: DrReuniclus3|Reuniclus, F|100/100
|switch|p2a: Rotom|Rotom-Wash|100/100
|turn|1
|
|move|p2a: Rotom|Nasty Plot|p2a: Rotom
|-boost|p2a: Rotom|spa|2
|move|p1a: DrReuniclus3|Focus Blast|p2a: Rotom|[miss]
|-miss|p1a: DrReuniclus3|p2a: Rotom
|
|upkeep
|turn|2
|
|move|p2a: Rotom|Volt Switch|p1a: DrReuniclus3
|-damage|p1a: DrReuniclus3|79/100
|
|switch|p2a: Centiskorch|Centiskorch, F|100/100|[from]move: Volt Switch
|move|p1a: DrReuniclus3|Future Sight|p2a: Centiskorch
|-start|p1a: DrReuniclus3|move: Future Sight
|
|upkeep
|turn|3
|
|switch|p1a: Noivern|Noivern, M|100/100
|-item|p2a: Centiskorch|Heavy-Duty Boots|[from] ability: Frisk|[of] p1a: Noivern|[identify]
|move|p2a: Centiskorch|Knock Off|p1a: Noivern
|-damage|p1a: Noivern|53/100
|-enditem|p1a: Noivern|Heavy-Duty Boots|[from] move: Knock Off|[of] p2a: Centiskorch
|
|upkeep
|turn|4
|
|switch|p2a: Bronzong|Bronzong|100/100
|move|p1a: Noivern|Roost|p1a: Noivern
|-heal|p1a: Noivern|100/100
|-singleturn|p1a: Noivern|move: Roost
|
|-end|p2a: Bronzong|move: Future Sight
|-resisted|p2a: Bronzong
|-damage|p2a: Bronzong|92/100
|-heal|p2a: Bronzong|98/100|[from] item: Leftovers
|upkeep
|turn|5
|
|switch|p1a: Rhyperior|Rhyperior, F|100/100
|move|p2a: Bronzong|Toxic|p1a: Rhyperior
|-status|p1a: Rhyperior|tox
|
|-heal|p2a: Bronzong|100/100|[from] item: Leftovers
|-damage|p1a: Rhyperior|94/100 tox|[from] psn
|upkeep
|turn|6
|
|move|p1a: Rhyperior|Stealth Rock|p2a: Bronzong
|-sidestart|p2: Onua Nuva|move: Stealth Rock
|move|p2a: Bronzong|Stealth Rock|p1a: Rhyperior
|-sidestart|p1: Lnua|move: Stealth Rock
|
|-heal|p1a: Rhyperior|100/100 tox|[from] item: Leftovers
|-damage|p1a: Rhyperior|88/100 tox|[from] psn
|upkeep
|turn|7
|
|switch|p1a: yawn|Sylveon, F|100/100
|-damage|p1a: yawn|88/100|[from] Stealth Rock
|move|p2a: Bronzong|Psychic|p1a: yawn
|-damage|p1a: yawn|70/100
|-unboost|p1a: yawn|spd|1
|
|-heal|p1a: yawn|76/100|[from] item: Leftovers
|upkeep
|turn|8
|
|move|p1a: yawn|Wish|p1a: yawn
|move|p2a: Bronzong|Toxic|p1a: yawn
|-status|p1a: yawn|tox
|
|-heal|p1a: yawn|82/100 tox|[from] item: Leftovers
|-damage|p1a: yawn|76/100 tox|[from] psn
|upkeep
|turn|9
|
|move|p1a: yawn|Heal Bell|p1a: yawn
|-activate|p1a: yawn|move: Heal Bell
|-curestatus|p1a: yawn|tox|[msg]
|-curestatus|p1: Rhyperior|tox|[msg]
|move|p2a: Bronzong|Psychic|p1a: yawn
|-damage|p1a: yawn|51/100
|
|-heal|p1a: yawn|100/100|[from] move: Wish|[wisher] yawn
|upkeep
|turn|10
|
|switch|p1a: DrReuniclus3|Reuniclus, F|100/100
|-damage|p1a: DrReuniclus3|88/100|[from] Stealth Rock
|move|p2a: Bronzong|Toxic|p1a: DrReuniclus3
|-status|p1a: DrReuniclus3|tox
|
|-damage|p1a: DrReuniclus3|82/100 tox|[from] psn
|upkeep
|turn|11
|
|switch|p2a: Pangoro|Pangoro, F|100/100
|-damage|p2a: Pangoro|94/100|[from] Stealth Rock
|move|p1a: DrReuniclus3|Knock Off|p2a: Pangoro
|-resisted|p2a: Pangoro
|-damage|p2a: Pangoro|89/100
|-enditem|p2a: Pangoro|Life Orb|[from] move: Knock Off|[of] p1a: DrReuniclus3
|
|-damage|p1a: DrReuniclus3|70/100 tox|[from] psn
|upkeep
|turn|12
|
|switch|p1a: yawn|Sylveon, F|100/100
|-damage|p1a: yawn|88/100|[from] Stealth Rock
|move|p2a: Pangoro|Swords Dance|p2a: Pangoro
|-boost|p2a: Pangoro|atk|2
|
|-heal|p1a: yawn|94/100|[from] item: Leftovers
|upkeep
|turn|13
|
|switch|p2a: Centiskorch|Centiskorch, F|100/100
|move|p1a: yawn|Hyper Voice|p2a: Centiskorch
|-resisted|p2a: Centiskorch
|-damage|p2a: Centiskorch|80/100
|
|-heal|p1a: yawn|99/100|[from] item: Leftovers
|upkeep
|turn|14
|
|switch|p1a: Rhyperior|Rhyperior, F|88/100
|-damage|p1a: Rhyperior|82/100|[from] Stealth Rock
|move|p2a: Centiskorch|Fire Lash|p1a: Rhyperior
|-resisted|p1a: Rhyperior
|-damage|p1a: Rhyperior|68/100
|-unboost|p1a: Rhyperior|def|1
|
|-heal|p1a: Rhyperior|75/100|[from] item: Leftovers
|upkeep
|turn|15
|
|switch|p1a: Noivern|Noivern, M|100/100
|-damage|p1a: Noivern|76/100|[from] Stealth Rock
|-item|p2a: Centiskorch|Heavy-Duty Boots|[from] ability: Frisk|[of] p1a: Noivern|[identify]
|move|p2a: Centiskorch|Power Whip|p1a: Noivern
|-resisted|p1a: Noivern
|-damage|p1a: Noivern|62/100
|
|upkeep
|turn|16
|
|move|p1a: Noivern|Roost|p1a: Noivern
|-heal|p1a: Noivern|100/100
|-singleturn|p1a: Noivern|move: Roost
|move|p2a: Centiskorch|Leech Life|p1a: Noivern
|-damage|p1a: Noivern|46/100
|-heal|p2a: Centiskorch|100/100|[from] drain|[of] p1a: Noivern
|
|upkeep
|turn|17
|
|switch|p2a: Flygon|Flygon, M|100/100
|-damage|p2a: Flygon|95/100|[from] Stealth Rock
|move|p1a: Noivern|Roost|p1a: Noivern
|-heal|p1a: Noivern|97/100
|-singleturn|p1a: Noivern|move: Roost
|
|upkeep
|turn|18
|
|switch|p1a: yawn|Sylveon, F|99/100
|-damage|p1a: yawn|88/100|[from] Stealth Rock
|move|p2a: Flygon|U-turn|p1a: yawn
|-resisted|p1a: yawn
|-damage|p1a: yawn|80/100
|
|switch|p2a: Centiskorch|Centiskorch, F|100/100|[from]move: U-turn
|
|-heal|p1a: yawn|86/100|[from] item: Leftovers
|upkeep
|turn|19
|
|move|p1a: yawn|Protect|p1a: yawn
|-singleturn|p1a: yawn|Protect
|move|p2a: Centiskorch|Fire Lash|p1a: yawn
|-activate|p1a: yawn|move: Protect
|
|-heal|p1a: yawn|92/100|[from] item: Leftovers
|upkeep
|turn|20
|
|move|p2a: Centiskorch|Fire Lash|p1a: yawn
|-damage|p1a: yawn|55/100
|-unboost|p1a: yawn|def|1
|move|p1a: yawn|Wish|p1a: yawn
|
|-heal|p1a: yawn|61/100|[from] item: Leftovers
|upkeep
|turn|21
|
|move|p1a: yawn|Protect|p1a: yawn
|-singleturn|p1a: yawn|Protect
|move|p2a: Centiskorch|Fire Lash|p1a: yawn
|-activate|p1a: yawn|move: Protect
|
|-heal|p1a: yawn|100/100|[from] move: Wish|[wisher] yawn
|upkeep
|turn|22
|
|switch|p1a: Noivern|Noivern, M|97/100
|-damage|p1a: Noivern|72/100|[from] Stealth Rock
|-item|p2a: Centiskorch|Heavy-Duty Boots|[from] ability: Frisk|[of] p1a: Noivern|[identify]
|move|p2a: Centiskorch|Fire Lash|p1a: Noivern
|-resisted|p1a: Noivern
|-damage|p1a: Noivern|45/100
|-unboost|p1a: Noivern|def|1
|
|upkeep
|turn|23
|
|switch|p1a: Cobalion|Cobalion|100/100
|-damage|p1a: Cobalion|97/100|[from] Stealth Rock
|switch|p2a: Bronzong|Bronzong|100/100
|-damage|p2a: Bronzong|94/100|[from] Stealth Rock
|
|-heal|p2a: Bronzong|100/100|[from] item: Leftovers
|upkeep
|turn|24
|
|move|p1a: Cobalion|Swords Dance|p1a: Cobalion
|-boost|p1a: Cobalion|atk|2
|move|p2a: Bronzong|Psychic|p1a: Cobalion
|-damage|p1a: Cobalion|61/100
|
|upkeep
|turn|25
|
|switch|p2a: Weezing|Weezing-Galar, F|100/100
|-damage|p2a: Weezing|88/100|[from] Stealth Rock
|move|p1a: Cobalion|Swords Dance|p1a: Cobalion
|-boost|p1a: Cobalion|atk|2
|
|-heal|p2a: Weezing|94/100|[from] item: Black Sludge
|upkeep
|turn|26
|
|move|p1a: Cobalion|Iron Head|p2a: Weezing
|-supereffective|p2a: Weezing
|-damage|p2a: Weezing|0 fnt
|faint|p2a: Weezing
|
|upkeep
|j| 467 11 11p
|
|switch|p2a: Flygon|Flygon, M|95/100
|-damage|p2a: Flygon|89/100|[from] Stealth Rock
|turn|27
|
|move|p2a: Flygon|Earthquake|p1a: Cobalion
|-supereffective|p1a: Cobalion
|-enditem|p1a: Cobalion|Shuca Berry|[eat]
|-enditem|p1a: Cobalion|Shuca Berry|[weaken]
|-damage|p1a: Cobalion|28/100
|move|p1a: Cobalion|Close Combat|p2a: Flygon
|-damage|p2a: Flygon|0 fnt
|-unboost|p1a: Cobalion|def|1
|-unboost|p1a: Cobalion|spd|1
|faint|p2a: Flygon
|
|upkeep
|-message|Onua Nuva forfeited.
|
|win|Lnua
|l|☆Onua Nuva
|l|☆Lnua
|l| 467 11 11p
|j|☆Lnua
|player|p1|Lnua|misty-gen2
||Ladder (probably) updated, but score could not be retrieved (Response not received).
|l| Zwek
