|j|☆esqimo589
|j|☆estarossa
|t:|1662836558
|gametype|singles
|player|p1|esqimo589|n|
|player|p2|estarossa|#estarossa|
|teamsize|p1|6
|teamsize|p2|6
|gen|8
|tier|[Gen 8] UU
|rule|Sleep Clause Mod: Limit one foe put to sleep
|rule|Species Clause: Limit one of each Pokémon
|rule|OHKO Clause: OHKO moves are banned
|rule|Evasion Items Clause: Evasion items are banned
|rule|Evasion Moves Clause: Evasion moves are banned
|rule|Endless Battle Clause: Forcing endless battles is banned
|rule|HP Percentage Mod: HP is shown in percentages
|rule|Dynamax Clause: You cannot dynamax
|clearpoke
|poke|p1|Registeel|
|poke|p1|Slowbro-Galar, F|
|poke|p1|Tapu Bulu|
|poke|p1|Rotom-Wash|
|poke|p1|Nidoqueen, F|
|poke|p1|Salamence, M|
|poke|p2|Umbreon, M|
|poke|p2|Lanturn, M|
|poke|p2|Slowking, M|
|poke|p2|Chansey, F|
|poke|p2|Salamence, M|
|poke|p2|Skarmory, F|
|teampreview
|inactive|Battle timer is ON: inactive players will automatically lose when time's up. (requested by esqimo589)
|inactive|esqimo589 has 270 seconds left.
|
|t:|1662836594
|start
|switch|p1a: milf|Nidoqueen, F|100/100
|switch|p2a: lanz|Salamence, M|100/100
|-ability|p2a: lanz|Intimidate|boost
|-unboost|p1a: milf|atk|1
|turn|1
|
|t:|1662836616
|move|p2a: lanz|Earthquake|p1a: milf
|-supereffective|p1a: milf
|-damage|p1a: milf|30/100
|move|p1a: milf|Stealth Rock|p2a: lanz
|-sidestart|p2: estarossa|move: Stealth Rock
|
|upkeep
|turn|2
|
|t:|1662836622
|switch|p1a: washing machine|Rotom-Wash|100/100
|move|p2a: lanz|Defog|p1a: washing machine
|-unboost|p1a: washing machine|evasion|1
|-sideend|p2: estarossa|Stealth Rock|[from] move: Defog|[of] p2a: lanz
|
|upkeep
|turn|3
|
|t:|1662836635
|move|p1a: washing machine|Will-O-Wisp|p2a: lanz
|-status|p2a: lanz|brn
|move|p2a: lanz|Toxic|p1a: washing machine
|-status|p1a: washing machine|tox
|
|-damage|p1a: washing machine|94/100 tox|[from] psn
|-damage|p2a: lanz|94/100 brn|[from] brn
|upkeep
|turn|4
|
|t:|1662836638
|switch|p1a: B- is bull|Tapu Bulu|100/100
|-fieldstart|move: Grassy Terrain|[from] ability: Grassy Surge|[of] p1a: B- is bull
|switch|p2a: mio|Lanturn, M|100/100
|
|upkeep
|turn|5
|
|t:|1662836648
|switch|p1a: headache|Slowbro-Galar, F|100/100
|switch|p2a: lanz|Salamence, M|94/100 brn
|-ability|p2a: lanz|Intimidate|boost
|-unboost|p1a: headache|atk|1
|
|-damage|p2a: lanz|88/100 brn|[from] brn
|upkeep
|turn|6
|
|t:|1662836658
|switch|p2a: eunie|Slowking, M|100/100
|move|p1a: headache|Calm Mind|p1a: headache
|-boost|p1a: headache|spa|1
|-boost|p1a: headache|spd|1
|
|upkeep
|turn|7
|
|t:|1662836663
|move|p2a: eunie|Calm Mind|p2a: eunie
|-boost|p2a: eunie|spa|1
|-boost|p2a: eunie|spd|1
|move|p1a: headache|Sludge Bomb|p2a: eunie
|-damage|p2a: eunie|75/100
|
|-heal|p2a: eunie|81/100|[from] Grassy Terrain
|upkeep
|turn|8
|
|t:|1662836668
|switch|p1a: B- is bull|Tapu Bulu|100/100
|move|p2a: eunie|Scald|p1a: B- is bull
|-resisted|p1a: B- is bull
|-damage|p1a: B- is bull|76/100
|
|-heal|p1a: B- is bull|82/100|[from] Grassy Terrain
|-heal|p2a: eunie|87/100|[from] Grassy Terrain
|-fieldend|move: Grassy Terrain
|upkeep
|turn|9
|
|t:|1662836676
|switch|p2a: sena|Skarmory, F|100/100
|move|p1a: B- is bull|Horn Leech|p2a: sena
|-resisted|p2a: sena
|-damage|p2a: sena|94/100
|-heal|p1a: B- is bull|86/100|[from] drain|[of] p2a: sena
|-damage|p1a: B- is bull|70/100|[from] item: Rocky Helmet|[of] p2a: sena
|
|upkeep
|turn|10
|
|t:|1662836683
|switch|p1a: whiteeyesbluedrag|Salamence, M|100/100
|-ability|p1a: whiteeyesbluedrag|Intimidate|boost
|-unboost|p2a: sena|atk|1
|switch|p2a: mio|Lanturn, M|100/100
|
|upkeep
|turn|11
|
|t:|1662836697
|switch|p1a: washing machine|Rotom-Wash|94/100 tox
|move|p2a: mio|Heal Bell|p2a: mio
|-activate|p2a: mio|move: Heal Bell
|-curestatus|p2: lanz|brn|[msg]
|
|-heal|p1a: washing machine|100/100 tox|[from] item: Leftovers
|-damage|p1a: washing machine|94/100 tox|[from] psn
|upkeep
|turn|12
|
|t:|1662836702
|switch|p1a: headache|Slowbro-Galar, F|100/100
|move|p2a: mio|Volt Switch|p1a: headache
|-damage|p1a: headache|76/100
|
|t:|1662836709
|switch|p2a: taion|Chansey, F|100/100|[from]move: Volt Switch
|
|upkeep
|turn|13
|
|t:|1662836720
|move|p2a: taion|Stealth Rock|p1a: headache
|-sidestart|p1: esqimo589|move: Stealth Rock
|move|p1a: headache|Calm Mind|p1a: headache
|-boost|p1a: headache|spa|1
|-boost|p1a: headache|spd|1
|
|upkeep
|turn|14
|
|t:|1662836729
|move|p2a: taion|Seismic Toss|p1a: headache
|-damage|p1a: headache|51/100
|move|p1a: headache|Calm Mind|p1a: headache
|-boost|p1a: headache|spa|1
|-boost|p1a: headache|spd|1
|
|upkeep
|turn|15
|
|t:|1662836731
|switch|p2a: eunie|Slowking, M|100/100
|move|p1a: headache|Slack Off|p1a: headache
|-heal|p1a: headache|100/100
|
|upkeep
|turn|16
|
|t:|1662836738
|move|p2a: eunie|Calm Mind|p2a: eunie
|-boost|p2a: eunie|spa|1
|-boost|p2a: eunie|spd|1
|move|p1a: headache|Sludge Bomb|p2a: eunie
|-damage|p2a: eunie|65/100
|
|upkeep
|turn|17
|
|t:|1662836746
|move|p2a: eunie|Calm Mind|p2a: eunie
|-boost|p2a: eunie|spa|1
|-boost|p2a: eunie|spd|1
|move|p1a: headache|Sludge Bomb|p2a: eunie
|-damage|p2a: eunie|40/100
|
|upkeep
|turn|18
|
|t:|1662836760
|move|p2a: eunie|Slack Off|p2a: eunie
|-heal|p2a: eunie|90/100
|move|p1a: headache|Sludge Bomb|p2a: eunie
|-damage|p2a: eunie|67/100
|
|upkeep
|turn|19
|
|t:|1662836769
|move|p2a: eunie|Scald|p1a: headache
|-damage|p1a: headache|69/100
|move|p1a: headache|Sludge Bomb|p2a: eunie
|-damage|p2a: eunie|44/100
|
|upkeep
|turn|20
|
|t:|1662836780
|switch|p1a: B- is bull|Tapu Bulu|70/100
|-damage|p1a: B- is bull|57/100|[from] Stealth Rock
|-fieldstart|move: Grassy Terrain|[from] ability: Grassy Surge|[of] p1a: B- is bull
|move|p2a: eunie|Scald|p1a: B- is bull
|-resisted|p1a: B- is bull
|-damage|p1a: B- is bull|22/100
|-status|p1a: B- is bull|brn
|
|-heal|p1a: B- is bull|28/100 brn|[from] Grassy Terrain
|-heal|p2a: eunie|50/100|[from] Grassy Terrain
|-damage|p1a: B- is bull|22/100 brn|[from] brn
|upkeep
|turn|21
|
|t:|1662836797
|switch|p2a: lanz|Salamence, M|88/100
|-ability|p2a: lanz|Intimidate|boost
|-unboost|p1a: B- is bull|atk|1
|move|p1a: B- is bull|Wood Hammer|p2a: lanz
|-resisted|p2a: lanz
|-damage|p2a: lanz|83/100
|-damage|p1a: B- is bull|19/100 brn|[from] Recoil
|
|-heal|p1a: B- is bull|25/100 brn|[from] Grassy Terrain
|-damage|p1a: B- is bull|19/100 brn|[from] brn
|upkeep
|turn|22
|
|t:|1662836808
|switch|p2a: noah|Umbreon, M, shiny|100/100
|move|p1a: B- is bull|Wood Hammer|p2a: noah
|-damage|p2a: noah|85/100
|-damage|p1a: B- is bull|12/100 brn|[from] Recoil
|
|-heal|p1a: B- is bull|18/100 brn|[from] Grassy Terrain
|-heal|p2a: noah|91/100|[from] Grassy Terrain
|-heal|p2a: noah|97/100|[from] item: Leftovers
|-damage|p1a: B- is bull|12/100 brn|[from] brn
|upkeep
|turn|23
|
|t:|1662836823
|switch|p1a: beep boop|Registeel|100/100
|-damage|p1a: beep boop|94/100|[from] Stealth Rock
|move|p2a: noah|Foul Play|p1a: beep boop
|-damage|p1a: beep boop|85/100
|
|-heal|p2a: noah|100/100|[from] Grassy Terrain
|-heal|p1a: beep boop|91/100|[from] Grassy Terrain
|upkeep
|turn|24
|
|t:|1662836836
|switch|p2a: sena|Skarmory, F|94/100
|switch|p1a: whiteeyesbluedrag|Salamence, M|100/100
|-ability|p1a: whiteeyesbluedrag|Intimidate|boost
|-unboost|p2a: sena|atk|1
|
|-fieldend|move: Grassy Terrain
|upkeep
|turn|25
|
|t:|1662836843
|switch|p2a: mio|Lanturn, M|100/100
|move|p1a: whiteeyesbluedrag|Defog|p2a: mio
|-unboost|p2a: mio|evasion|1
|-sideend|p1: esqimo589|Stealth Rock|[from] move: Defog|[of] p1a: whiteeyesbluedrag
|
|upkeep
|turn|26
|
|t:|1662836854
|switch|p1a: milf|Nidoqueen, F|30/100
|move|p2a: mio|Toxic|p1a: milf
|-immune|p1a: milf
|
|upkeep
|turn|27
|
|t:|1662836868
|switch|p2a: taion|Chansey, F|100/100
|move|p1a: milf|Earth Power|p2a: taion
|-damage|p2a: taion|83/100
|
|upkeep
|turn|28
|
|t:|1662836877
|switch|p1a: headache|Slowbro-Galar, F|100/100
|move|p2a: taion|Stealth Rock|p1a: headache
|-sidestart|p1: esqimo589|move: Stealth Rock
|
|upkeep
|turn|29
|
|t:|1662836884
|switch|p2a: eunie|Slowking, M|83/100
|move|p1a: headache|Calm Mind|p1a: headache
|-boost|p1a: headache|spa|1
|-boost|p1a: headache|spd|1
|
|upkeep
|turn|30
|
|t:|1662836886
|move|p2a: eunie|Calm Mind|p2a: eunie
|-boost|p2a: eunie|spa|1
|-boost|p2a: eunie|spd|1
|move|p1a: headache|Sludge Bomb|p2a: eunie
|-damage|p2a: eunie|59/100
|-status|p2a: eunie|psn
|
|-damage|p2a: eunie|47/100 psn|[from] psn
|upkeep
|turn|31
|
|t:|1662836891
|move|p2a: eunie|Slack Off|p2a: eunie
|-heal|p2a: eunie|97/100 psn
|move|p1a: headache|Calm Mind|p1a: headache
|-boost|p1a: headache|spa|1
|-boost|p1a: headache|spd|1
|
|-damage|p2a: eunie|85/100 psn|[from] psn
|upkeep
|turn|32
|
|t:|1662836904
|switch|p1a: beep boop|Registeel|91/100
|-damage|p1a: beep boop|85/100|[from] Stealth Rock
|move|p2a: eunie|Calm Mind|p2a: eunie
|-boost|p2a: eunie|spa|1
|-boost|p2a: eunie|spd|1
|
|-damage|p2a: eunie|72/100 psn|[from] psn
|upkeep
|turn|33
|
|t:|1662836910
|switch|p2a: mio|Lanturn, M|100/100
|move|p1a: beep boop|Amnesia|p1a: beep boop
|-boost|p1a: beep boop|spd|2
|
|upkeep
|turn|34
|
|t:|1662836914
|move|p2a: mio|Heal Bell|p2a: mio
|-activate|p2a: mio|move: Heal Bell
|-curestatus|p2: eunie|psn|[msg]
|move|p1a: beep boop|Iron Defense|p1a: beep boop
|-boost|p1a: beep boop|def|2
|
|upkeep
|turn|35
|
|t:|1662836922
|move|p2a: mio|Volt Switch|p1a: beep boop
|-damage|p1a: beep boop|79/100
|
|t:|1662836924
|switch|p2a: sena|Skarmory, F|94/100|[from]move: Volt Switch
|move|p1a: beep boop|Iron Defense|p1a: beep boop
|-boost|p1a: beep boop|def|2
|
|upkeep
|turn|36
|
|t:|1662836930
|move|p2a: sena|Iron Defense|p2a: sena
|-boost|p2a: sena|def|2
|move|p1a: beep boop|Body Press|p2a: sena
|-damage|p2a: sena|64/100
|-damage|p1a: beep boop|62/100|[from] item: Rocky Helmet|[of] p2a: sena
|
|upkeep
|turn|37
|
|t:|1662836935
|switch|p1a: washing machine|Rotom-Wash|94/100 tox
|-damage|p1a: washing machine|82/100 tox|[from] Stealth Rock
|move|p2a: sena|Body Press|p1a: washing machine
|-damage|p1a: washing machine|15/100 tox
|
|-heal|p1a: washing machine|21/100 tox|[from] item: Leftovers
|-damage|p1a: washing machine|15/100 tox|[from] psn
|upkeep
|turn|38
|
|t:|1662836944
|switch|p2a: mio|Lanturn, M|100/100
|move|p1a: washing machine|Will-O-Wisp|p2a: mio
|-status|p2a: mio|brn
|
|-heal|p1a: washing machine|21/100 tox|[from] item: Leftovers
|-damage|p1a: washing machine|9/100 tox|[from] psn
|-damage|p2a: mio|94/100 brn|[from] brn
|upkeep
|turn|39
|
|t:|1662836947
|move|p1a: washing machine|Pain Split|p2a: mio
|-sethp|p2a: mio|50/100 brn|[from] move: Pain Split|[silent]
|-sethp|p1a: washing machine|75/100 tox|[from] move: Pain Split
|move|p2a: mio|Volt Switch|p1a: washing machine
|-damage|p1a: washing machine|54/100 tox
|
|t:|1662836954
|switch|p2a: taion|Chansey, F|83/100|[from]move: Volt Switch
|
|-heal|p1a: washing machine|61/100 tox|[from] item: Leftovers
|-damage|p1a: washing machine|42/100 tox|[from] psn
|upkeep
|turn|40
|
|t:|1662836959
|switch|p1a: headache|Slowbro-Galar, F|100/100
|-damage|p1a: headache|88/100|[from] Stealth Rock
|switch|p2a: mio|Lanturn, M|50/100 brn
|
|-heal|p2a: mio|56/100 brn|[from] item: Leftovers
|-damage|p2a: mio|50/100 brn|[from] brn
|upkeep
|turn|41
|
|t:|1662836962
|move|p2a: mio|Scald|p1a: headache
|-damage|p1a: headache|64/100
|move|p1a: headache|Calm Mind|p1a: headache
|-boost|p1a: headache|spa|1
|-boost|p1a: headache|spd|1
|
|-heal|p2a: mio|56/100 brn|[from] item: Leftovers
|-damage|p2a: mio|50/100 brn|[from] brn
|upkeep
|turn|42
|
|t:|1662836969
|move|p2a: mio|Volt Switch|p1a: headache
|-damage|p1a: headache|49/100
|
|t:|1662836971
|switch|p2a: eunie|Slowking, M|100/100|[from]move: Volt Switch
|move|p1a: headache|Slack Off|p1a: headache
|-heal|p1a: headache|99/100
|
|upkeep
|turn|43
|
|t:|1662836983
|switch|p1a: washing machine|Rotom-Wash|42/100 tox
|-damage|p1a: washing machine|29/100 tox|[from] Stealth Rock
|move|p2a: eunie|Calm Mind|p2a: eunie
|-boost|p2a: eunie|spa|1
|-boost|p2a: eunie|spd|1
|
|-heal|p1a: washing machine|36/100 tox|[from] item: Leftovers
|-damage|p1a: washing machine|29/100 tox|[from] psn
|upkeep
|turn|44
|
|t:|1662836989
|switch|p2a: mio|Lanturn, M|50/100 brn
|move|p1a: washing machine|Volt Switch|p2a: mio
|-heal|p2a: mio|75/100 brn|[from] ability: Volt Absorb|[of] p1a: washing machine
|
|-heal|p1a: washing machine|36/100 tox|[from] item: Leftovers
|-heal|p2a: mio|81/100 brn|[from] item: Leftovers
|-damage|p1a: washing machine|23/100 tox|[from] psn
|-damage|p2a: mio|75/100 brn|[from] brn
|upkeep
|turn|45
|
|t:|1662836995
|move|p1a: washing machine|Pain Split|p2a: mio
|-sethp|p2a: mio|45/100 brn|[from] move: Pain Split|[silent]
|-sethp|p1a: washing machine|67/100 tox|[from] move: Pain Split
|move|p2a: mio|Scald|p1a: washing machine
|-resisted|p1a: washing machine
|-damage|p1a: washing machine|55/100 tox
|
|-heal|p1a: washing machine|61/100 tox|[from] item: Leftovers
|-heal|p2a: mio|51/100 brn|[from] item: Leftovers
|-damage|p1a: washing machine|42/100 tox|[from] psn
|-damage|p2a: mio|45/100 brn|[from] brn
|upkeep
|turn|46
|
|t:|1662837002
|switch|p1a: milf|Nidoqueen, F|30/100
|-damage|p1a: milf|24/100|[from] Stealth Rock
|move|p2a: mio|Volt Switch|p1a: milf
|-immune|p1a: milf
|
|-heal|p2a: mio|51/100 brn|[from] item: Leftovers
|-damage|p2a: mio|45/100 brn|[from] brn
|upkeep
|turn|47
|
|t:|1662837007
|switch|p2a: taion|Chansey, F|83/100
|move|p1a: milf|Stealth Rock|p2a: taion
|-sidestart|p2: estarossa|move: Stealth Rock
|
|upkeep
|turn|48
|
|t:|1662837017
|switch|p1a: beep boop|Registeel|62/100
|-damage|p1a: beep boop|56/100|[from] Stealth Rock
|move|p2a: taion|Seismic Toss|p1a: beep boop
|-damage|p1a: beep boop|29/100
|
|upkeep
|turn|49
|
|t:|1662837028
|switch|p2a: lanz|Salamence, M|83/100
|-ability|p2a: lanz|Intimidate|boost
|-fail|p1a: beep boop|unboost|[from] ability: Clear Body|[of] p1a: beep boop
|move|p1a: beep boop|Rest|p1a: beep boop
|-status|p1a: beep boop|slp|[from] move: Rest
|-heal|p1a: beep boop|100/100 slp|[silent]
|-enditem|p1a: beep boop|Chesto Berry|[eat]
|-curestatus|p1a: beep boop|slp|[msg]
|
|upkeep
|turn|50
|
|t:|1662837049
|switch|p1a: washing machine|Rotom-Wash|42/100 tox
|-damage|p1a: washing machine|30/100 tox|[from] Stealth Rock
|move|p2a: lanz|Defog|p1a: washing machine
|-unboost|p1a: washing machine|evasion|1
|-sideend|p1: esqimo589|Stealth Rock|[from] move: Defog|[of] p2a: lanz
|-sideend|p2: estarossa|Stealth Rock|[from] move: Defog|[of] p2a: lanz
|
|-heal|p1a: washing machine|36/100 tox|[from] item: Leftovers
|-damage|p1a: washing machine|30/100 tox|[from] psn
|upkeep
|turn|51
|
|t:|1662837062
|switch|p2a: mio|Lanturn, M|45/100 brn
|move|p1a: washing machine|Pain Split|p2a: mio
|-sethp|p2a: mio|33/100 brn|[from] move: Pain Split|[silent]
|-sethp|p1a: washing machine|49/100 tox|[from] move: Pain Split
|
|-heal|p1a: washing machine|55/100 tox|[from] item: Leftovers
|-heal|p2a: mio|39/100 brn|[from] item: Leftovers
|-damage|p1a: washing machine|42/100 tox|[from] psn
|-damage|p2a: mio|33/100 brn|[from] brn
|upkeep
|turn|52
|
|t:|1662837068
|switch|p1a: B- is bull|Tapu Bulu|12/100 brn
|-fieldstart|move: Grassy Terrain|[from] ability: Grassy Surge|[of] p1a: B- is bull
|move|p2a: mio|Scald|p1a: B- is bull
|-resisted|p1a: B- is bull
|-damage|p1a: B- is bull|0 fnt
|faint|p1a: B- is bull
|
|-heal|p2a: mio|39/100 brn|[from] Grassy Terrain
|-heal|p2a: mio|45/100 brn|[from] item: Leftovers
|-damage|p2a: mio|39/100 brn|[from] brn
|upkeep
|
|t:|1662837077
|switch|p1a: milf|Nidoqueen, F|24/100
|turn|53
|
|t:|1662837082
|switch|p2a: taion|Chansey, F|83/100
|move|p1a: milf|Earth Power|p2a: taion
|-damage|p2a: taion|64/100
|
|-heal|p1a: milf|30/100|[from] Grassy Terrain
|-heal|p2a: taion|71/100|[from] Grassy Terrain
|upkeep
|turn|54
|
|t:|1662837087
|move|p1a: milf|Stealth Rock|p2a: taion
|-sidestart|p2: estarossa|move: Stealth Rock
|move|p2a: taion|Stealth Rock|p1a: milf
|-sidestart|p1: esqimo589|move: Stealth Rock
|
|-heal|p1a: milf|36/100|[from] Grassy Terrain
|-heal|p2a: taion|77/100|[from] Grassy Terrain
|upkeep
|turn|55
|
|t:|1662837096
|switch|p1a: headache|Slowbro-Galar, F|100/100
|-damage|p1a: headache|88/100|[from] Stealth Rock
|move|p2a: taion|Seismic Toss|p1a: headache
|-damage|p1a: headache|63/100
|
|-heal|p2a: taion|83/100|[from] Grassy Terrain
|-heal|p1a: headache|69/100|[from] Grassy Terrain
|upkeep
|turn|56
|
|t:|1662837100
|switch|p2a: eunie|Slowking, M|100/100
|-damage|p2a: eunie|88/100|[from] Stealth Rock
|move|p1a: headache|Sludge Bomb|p2a: eunie
|-damage|p2a: eunie|65/100
|
|-heal|p2a: eunie|71/100|[from] Grassy Terrain
|-heal|p1a: headache|75/100|[from] Grassy Terrain
|-fieldend|move: Grassy Terrain
|upkeep
|turn|57
|
|t:|1662837118
|switch|p1a: washing machine|Rotom-Wash|42/100 tox
|-damage|p1a: washing machine|30/100 tox|[from] Stealth Rock
|move|p2a: eunie|Calm Mind|p2a: eunie
|-boost|p2a: eunie|spa|1
|-boost|p2a: eunie|spd|1
|
|-heal|p1a: washing machine|36/100 tox|[from] item: Leftovers
|-damage|p1a: washing machine|30/100 tox|[from] psn
|upkeep
|turn|58
|inactive|estarossa has 270 seconds left.
|inactive|estarossa has 240 seconds left.
|
|t:|1662837186
|switch|p2a: mio|Lanturn, M|39/100 brn
|-damage|p2a: mio|26/100 brn|[from] Stealth Rock
|move|p1a: washing machine|Pain Split|p2a: mio
|-sethp|p2a: mio|23/100 brn|[from] move: Pain Split|[silent]
|-sethp|p1a: washing machine|34/100 tox|[from] move: Pain Split
|
|-heal|p1a: washing machine|41/100 tox|[from] item: Leftovers
|-heal|p2a: mio|29/100 brn|[from] item: Leftovers
|-damage|p1a: washing machine|28/100 tox|[from] psn
|-damage|p2a: mio|23/100 brn|[from] brn
|upkeep
|turn|59
|inactive|estarossa has 240 seconds left.
|inactive|esqimo589 has 270 seconds left.
|
|t:|1662837212
|switch|p1a: milf|Nidoqueen, F|36/100
|-damage|p1a: milf|30/100|[from] Stealth Rock
|move|p2a: mio|Heal Bell|p2a: mio
|-activate|p2a: mio|move: Heal Bell
|-curestatus|p2a: mio|brn|[msg]
|
|-heal|p2a: mio|29/100|[from] item: Leftovers
|upkeep
|turn|60
|inactive|estarossa has 240 seconds left.
|
|t:|1662837223
|switch|p1a: beep boop|Registeel|100/100
|-damage|p1a: beep boop|94/100|[from] Stealth Rock
|switch|p2a: taion|Chansey, F|83/100
|-damage|p2a: taion|71/100|[from] Stealth Rock
|
|upkeep
|turn|61
|inactive|esqimo589 has 270 seconds left.
|
|t:|1662837243
|switch|p2a: eunie|Slowking, M|100/100
|-damage|p2a: eunie|88/100|[from] Stealth Rock
|switch|p1a: milf|Nidoqueen, F|30/100
|-damage|p1a: milf|24/100|[from] Stealth Rock
|
|upkeep
|turn|62
|
|t:|1662837251
|move|p1a: milf|Sludge Wave|p2a: eunie
|-damage|p2a: eunie|39/100
|move|p2a: eunie|Calm Mind|p2a: eunie
|-boost|p2a: eunie|spa|1
|-boost|p2a: eunie|spd|1
|
|upkeep
|turn|63
|
|t:|1662837259
|switch|p2a: taion|Chansey, F|71/100
|-damage|p2a: taion|58/100|[from] Stealth Rock
|move|p1a: milf|Sludge Wave|p2a: taion
|-damage|p2a: taion|37/100
|
|upkeep
|turn|64
|
|t:|1662837273
|switch|p1a: washing machine|Rotom-Wash|28/100 tox
|-damage|p1a: washing machine|16/100 tox|[from] Stealth Rock
|move|p2a: taion|Soft-Boiled|p2a: taion
|-heal|p2a: taion|87/100
|
|-heal|p1a: washing machine|22/100 tox|[from] item: Leftovers
|-damage|p1a: washing machine|16/100 tox|[from] psn
|upkeep
|turn|65
|inactive|estarossa has 270 seconds left.
|
|t:|1662837302
|switch|p2a: mio|Lanturn, M|29/100
|-damage|p2a: mio|17/100|[from] Stealth Rock
|move|p1a: washing machine|Hydro Pump|p2a: mio
|-resisted|p2a: mio
|-damage|p2a: mio|4/100
|
|-heal|p1a: washing machine|22/100 tox|[from] item: Leftovers
|-heal|p2a: mio|10/100|[from] item: Leftovers
|-damage|p1a: washing machine|9/100 tox|[from] psn
|upkeep
|turn|66
|
|t:|1662837311
|switch|p2a: noah|Umbreon, M, shiny|100/100
|-damage|p2a: noah|88/100|[from] Stealth Rock
|move|p1a: washing machine|Pain Split|p2a: noah
|-sethp|p2a: noah|48/100|[from] move: Pain Split|[silent]
|-sethp|p1a: washing machine|62/100 tox|[from] move: Pain Split
|
|-heal|p1a: washing machine|68/100 tox|[from] item: Leftovers
|-heal|p2a: noah|54/100|[from] item: Leftovers
|-damage|p1a: washing machine|49/100 tox|[from] psn
|upkeep
|turn|67
|
|t:|1662837336
|switch|p1a: beep boop|Registeel|94/100
|-damage|p1a: beep boop|88/100|[from] Stealth Rock
|move|p2a: noah|Wish|p2a: noah
|
|-heal|p2a: noah|60/100|[from] item: Leftovers
|upkeep
|turn|68
|
|t:|1662837345
|switch|p2a: sena|Skarmory, F|64/100
|-damage|p2a: sena|51/100|[from] Stealth Rock
|move|p1a: beep boop|Body Press|p2a: sena
|-damage|p2a: sena|29/100
|-damage|p1a: beep boop|72/100|[from] item: Rocky Helmet|[of] p2a: sena
|
|-heal|p2a: sena|88/100|[from] move: Wish|[wisher] noah
|upkeep
|turn|69
|
|t:|1662837350
|switch|p1a: headache|Slowbro-Galar, F|100/100
|-damage|p1a: headache|88/100|[from] Stealth Rock
|move|p2a: sena|Defog|p1a: headache
|-unboost|p1a: headache|evasion|1
|-sideend|p1: esqimo589|Stealth Rock|[from] move: Defog|[of] p2a: sena
|-sideend|p2: estarossa|Stealth Rock|[from] move: Defog|[of] p2a: sena
|
|upkeep
|turn|70
|
|t:|1662837369
|switch|p2a: eunie|Slowking, M|73/100
|switch|p1a: washing machine|Rotom-Wash|49/100 tox
|
|-heal|p1a: washing machine|55/100 tox|[from] item: Leftovers
|-damage|p1a: washing machine|49/100 tox|[from] psn
|upkeep
|turn|71
|
|t:|1662837383
|move|p1a: washing machine|Volt Switch|p2a: eunie
|-supereffective|p2a: eunie
|-damage|p2a: eunie|29/100
|
|t:|1662837400
|switch|p1a: beep boop|Registeel|72/100|[from]move: Volt Switch
|move|p2a: eunie|Calm Mind|p2a: eunie
|-boost|p2a: eunie|spa|1
|-boost|p2a: eunie|spd|1
|
|upkeep
|turn|72
|
|t:|1662837408
|move|p1a: beep boop|Amnesia|p1a: beep boop
|-boost|p1a: beep boop|spd|2
|move|p2a: eunie|Slack Off|p2a: eunie
|-heal|p2a: eunie|79/100
|
|upkeep
|turn|73
|
|t:|1662837415
|move|p1a: beep boop|Iron Defense|p1a: beep boop
|-boost|p1a: beep boop|def|2
|move|p2a: eunie|Scald|p1a: beep boop
|-damage|p1a: beep boop|57/100
|
|upkeep
|turn|74
|
|t:|1662837418
|move|p1a: beep boop|Amnesia|p1a: beep boop
|-boost|p1a: beep boop|spd|2
|move|p2a: eunie|Scald|p1a: beep boop
|-damage|p1a: beep boop|48/100
|-status|p1a: beep boop|brn
|
|-damage|p1a: beep boop|42/100 brn|[from] brn
|upkeep
|turn|75
|
|t:|1662837423
|switch|p2a: sena|Skarmory, F|88/100
|move|p1a: beep boop|Iron Defense|p1a: beep boop
|-boost|p1a: beep boop|def|2
|
|-damage|p1a: beep boop|36/100 brn|[from] brn
|upkeep
|turn|76
|
|t:|1662837429
|move|p2a: sena|Iron Defense|p2a: sena
|-boost|p2a: sena|def|2
|move|p1a: beep boop|Rest|p1a: beep boop
|-status|p1a: beep boop|slp|[from] move: Rest
|-heal|p1a: beep boop|100/100 slp|[silent]
|
|upkeep
|turn|77
|
|t:|1662837431
|switch|p2a: mio|Lanturn, M|10/100
|cant|p1a: beep boop|slp
|
|-heal|p2a: mio|16/100|[from] item: Leftovers
|upkeep
|turn|78
|
|t:|1662837436
|move|p2a: mio|Volt Switch|p1a: beep boop
|-crit|p1a: beep boop
|-damage|p1a: beep boop|80/100 slp
|
|t:|1662837438
|switch|p2a: sena|Skarmory, F|88/100|[from]move: Volt Switch
|cant|p1a: beep boop|slp
|
|upkeep
|turn|79
|
|t:|1662837441
|move|p2a: sena|Iron Defense|p2a: sena
|-boost|p2a: sena|def|2
|-curestatus|p1a: beep boop|slp|[msg]
|move|p1a: beep boop|Iron Defense|p1a: beep boop
|-boost|p1a: beep boop|def|2
|
|upkeep
|turn|80
|
|t:|1662837445
|move|p2a: sena|Iron Defense|p2a: sena
|-boost|p2a: sena|def|2
|move|p1a: beep boop|Amnesia|p1a: beep boop
|-boost|p1a: beep boop|spd|2
|
|upkeep
|turn|81
|
|t:|1662837456
|move|p2a: sena|Body Press|p1a: beep boop
|-supereffective|p1a: beep boop
|-damage|p1a: beep boop|57/100
|move|p1a: beep boop|Amnesia|p1a: beep boop
|-boost|p1a: beep boop|spd|0
|
|upkeep
|turn|82
|
|t:|1662837460
|move|p2a: sena|Iron Defense|p2a: sena
|-boost|p2a: sena|def|2
|move|p1a: beep boop|Rest|p1a: beep boop
|-status|p1a: beep boop|slp|[from] move: Rest
|-heal|p1a: beep boop|100/100 slp|[silent]
|
|upkeep
|turn|83
|
|t:|1662837468
|move|p2a: sena|Body Press|p1a: beep boop
|-supereffective|p1a: beep boop
|-damage|p1a: beep boop|68/100 slp
|cant|p1a: beep boop|slp
|
|upkeep
|turn|84
|inactive|esqimo589 has 270 seconds left.
|
|t:|1662837502
|move|p2a: sena|Body Press|p1a: beep boop
|-supereffective|p1a: beep boop
|-damage|p1a: beep boop|37/100 slp
|cant|p1a: beep boop|slp
|
|upkeep
|turn|85
|
|t:|1662837512
|move|p2a: sena|Defog||[still]
|-fail|p1a: beep boop|unboost|[from] ability: Clear Body|[of] p1a: beep boop
|-fail|p2a: sena
|-curestatus|p1a: beep boop|slp|[msg]
|move|p1a: beep boop|Rest|p1a: beep boop
|-status|p1a: beep boop|slp|[from] move: Rest
|-heal|p1a: beep boop|100/100 slp|[silent]
|
|upkeep
|turn|86
|c|☆esqimo589|i love it when i just have to pray i dont get crit
|
|t:|1662837522
|move|p2a: sena|Defog||[still]
|-fail|p1a: beep boop|unboost|[from] ability: Clear Body|[of] p1a: beep boop
|-fail|p2a: sena
|cant|p1a: beep boop|slp
|
|upkeep
|turn|87
|
|t:|1662837527
|move|p2a: sena|Defog||[still]
|-fail|p1a: beep boop|unboost|[from] ability: Clear Body|[of] p1a: beep boop
|-fail|p2a: sena
|cant|p1a: beep boop|slp
|
|upkeep
|turn|88
|
|t:|1662837530
|move|p2a: sena|Iron Defense|p2a: sena
|-boost|p2a: sena|def|0
|-curestatus|p1a: beep boop|slp|[msg]
|move|p1a: beep boop|Amnesia|p1a: beep boop
|-boost|p1a: beep boop|spd|0
|
|upkeep
|turn|89
|
|t:|1662837536
|move|p2a: sena|Defog||[still]
|-fail|p1a: beep boop|unboost|[from] ability: Clear Body|[of] p1a: beep boop
|-fail|p2a: sena
|move|p1a: beep boop|Amnesia|p1a: beep boop
|-boost|p1a: beep boop|spd|0
|
|upkeep
|turn|90
|
|t:|1662837553
|move|p2a: sena|Defog||[still]
|-fail|p1a: beep boop|unboost|[from] ability: Clear Body|[of] p1a: beep boop
|-fail|p2a: sena
|move|p1a: beep boop|Amnesia|p1a: beep boop
|-boost|p1a: beep boop|spd|0
|
|upkeep
|turn|91
|c|☆estarossa|isnt that kind of what you are doing by running this team in first place lol
|c|☆esqimo589|very true
|inactive|esqimo589 has 270 seconds left.
|
|t:|1662837591
|move|p2a: sena|Defog||[still]
|-fail|p1a: beep boop|unboost|[from] ability: Clear Body|[of] p1a: beep boop
|-fail|p2a: sena
|move|p1a: beep boop|Amnesia|p1a: beep boop
|-boost|p1a: beep boop|spd|0
|
|upkeep
|turn|92
|
|t:|1662837602
|move|p2a: sena|Defog||[still]
|-fail|p1a: beep boop|unboost|[from] ability: Clear Body|[of] p1a: beep boop
|-fail|p2a: sena
|move|p1a: beep boop|Amnesia|p1a: beep boop
|-boost|p1a: beep boop|spd|0
|
|upkeep
|turn|93
|
|t:|1662837607
|move|p2a: sena|Defog||[still]
|-fail|p1a: beep boop|unboost|[from] ability: Clear Body|[of] p1a: beep boop
|-fail|p2a: sena
|move|p1a: beep boop|Amnesia|p1a: beep boop
|-boost|p1a: beep boop|spd|0
|
|upkeep
|turn|94
|
|t:|1662837608
|move|p2a: sena|Defog||[still]
|-fail|p1a: beep boop|unboost|[from] ability: Clear Body|[of] p1a: beep boop
|-fail|p2a: sena
|move|p1a: beep boop|Amnesia|p1a: beep boop
|-boost|p1a: beep boop|spd|0
|
|upkeep
|turn|95
|
|t:|1662837615
|move|p2a: sena|Defog||[still]
|-fail|p1a: beep boop|unboost|[from] ability: Clear Body|[of] p1a: beep boop
|-fail|p2a: sena
|move|p1a: beep boop|Amnesia|p1a: beep boop
|-boost|p1a: beep boop|spd|0
|
|upkeep
|turn|96
|
|t:|1662837618
|move|p2a: sena|Defog||[still]
|-fail|p1a: beep boop|unboost|[from] ability: Clear Body|[of] p1a: beep boop
|-fail|p2a: sena
|move|p1a: beep boop|Amnesia|p1a: beep boop
|-boost|p1a: beep boop|spd|0
|
|upkeep
|turn|97
|
|t:|1662837620
|move|p2a: sena|Defog||[still]
|-fail|p1a: beep boop|unboost|[from] ability: Clear Body|[of] p1a: beep boop
|-fail|p2a: sena
|move|p1a: beep boop|Amnesia|p1a: beep boop
|-boost|p1a: beep boop|spd|0
|
|upkeep
|turn|98
|
|t:|1662837627
|move|p2a: sena|Defog||[still]
|-fail|p1a: beep boop|unboost|[from] ability: Clear Body|[of] p1a: beep boop
|-fail|p2a: sena
|move|p1a: beep boop|Amnesia|p1a: beep boop
|-boost|p1a: beep boop|spd|0
|
|upkeep
|turn|99
|
|t:|1662837629
|move|p2a: sena|Defog||[still]
|-fail|p1a: beep boop|unboost|[from] ability: Clear Body|[of] p1a: beep boop
|-fail|p2a: sena
|move|p1a: beep boop|Amnesia|p1a: beep boop
|-boost|p1a: beep boop|spd|0
|
|upkeep
|turn|100
|
|t:|1662837637
|move|p2a: sena|Defog||[still]
|-fail|p1a: beep boop|unboost|[from] ability: Clear Body|[of] p1a: beep boop
|-fail|p2a: sena
|move|p1a: beep boop|Amnesia|p1a: beep boop
|-boost|p1a: beep boop|spd|0
|
|upkeep
|turn|101
|
|t:|1662837642
|move|p2a: sena|Defog||[still]
|-fail|p1a: beep boop|unboost|[from] ability: Clear Body|[of] p1a: beep boop
|-fail|p2a: sena
|move|p1a: beep boop|Amnesia|p1a: beep boop
|-boost|p1a: beep boop|spd|0
|
|upkeep
|turn|102
|
|t:|1662837644
|move|p2a: sena|Defog||[still]
|-fail|p1a: beep boop|unboost|[from] ability: Clear Body|[of] p1a: beep boop
|-fail|p2a: sena
|move|p1a: beep boop|Amnesia|p1a: beep boop
|-boost|p1a: beep boop|spd|0
|
|upkeep
|turn|103
|
|t:|1662837646
|move|p2a: sena|Defog||[still]
|-fail|p1a: beep boop|unboost|[from] ability: Clear Body|[of] p1a: beep boop
|-fail|p2a: sena
|move|p1a: beep boop|Amnesia|p1a: beep boop
|-boost|p1a: beep boop|spd|0
|
|upkeep
|turn|104
|
|t:|1662837647
|move|p2a: sena|Defog||[still]
|-fail|p1a: beep boop|unboost|[from] ability: Clear Body|[of] p1a: beep boop
|-fail|p2a: sena
|move|p1a: beep boop|Amnesia|p1a: beep boop
|-boost|p1a: beep boop|spd|0
|
|upkeep
|turn|105
|
|t:|1662837649
|move|p2a: sena|Defog||[still]
|-fail|p1a: beep boop|unboost|[from] ability: Clear Body|[of] p1a: beep boop
|-fail|p2a: sena
|move|p1a: beep boop|Amnesia|p1a: beep boop
|-boost|p1a: beep boop|spd|0
|
|upkeep
|turn|106
|
|t:|1662837651
|move|p2a: sena|Defog||[still]
|-fail|p1a: beep boop|unboost|[from] ability: Clear Body|[of] p1a: beep boop
|-fail|p2a: sena
|move|p1a: beep boop|Amnesia|p1a: beep boop
|-boost|p1a: beep boop|spd|0
|
|upkeep
|turn|107
|
|t:|1662837653
|move|p2a: sena|Defog||[still]
|-fail|p1a: beep boop|unboost|[from] ability: Clear Body|[of] p1a: beep boop
|-fail|p2a: sena
|move|p1a: beep boop|Body Press|p2a: sena
|-damage|p2a: sena|68/100
|-damage|p1a: beep boop|84/100|[from] item: Rocky Helmet|[of] p2a: sena
|
|upkeep
|turn|108
|
|t:|1662837658
|move|p2a: sena|Defog||[still]
|-fail|p1a: beep boop|unboost|[from] ability: Clear Body|[of] p1a: beep boop
|-fail|p2a: sena
|move|p1a: beep boop|Rest|p1a: beep boop
|-status|p1a: beep boop|slp|[from] move: Rest
|-heal|p1a: beep boop|100/100 slp|[silent]
|
|upkeep
|turn|109
|
|t:|1662837664
|move|p2a: sena|Roost|p2a: sena
|-heal|p2a: sena|100/100
|-singleturn|p2a: sena|move: Roost
|cant|p1a: beep boop|slp
|
|upkeep
|turn|110
|
|t:|1662837674
|move|p2a: sena|Iron Defense|p2a: sena
|-boost|p2a: sena|def|0
|cant|p1a: beep boop|slp
|
|upkeep
|turn|111
|
|t:|1662837688
|move|p2a: sena|Iron Defense|p2a: sena
|-boost|p2a: sena|def|0
|-curestatus|p1a: beep boop|slp|[msg]
|move|p1a: beep boop|Amnesia|p1a: beep boop
|-boost|p1a: beep boop|spd|0
|
|upkeep
|turn|112
|
|t:|1662837691
|move|p2a: sena|Iron Defense|p2a: sena
|-boost|p2a: sena|def|0
|move|p1a: beep boop|Amnesia|p1a: beep boop
|-boost|p1a: beep boop|spd|0
|
|upkeep
|turn|113
|
|t:|1662837694
|move|p2a: sena|Iron Defense|p2a: sena
|-boost|p2a: sena|def|0
|move|p1a: beep boop|Body Press|p2a: sena
|-damage|p2a: sena|79/100
|-damage|p1a: beep boop|84/100|[from] item: Rocky Helmet|[of] p2a: sena
|
|upkeep
|turn|114
|
|t:|1662837696
|move|p2a: sena|Body Press|p1a: beep boop
|-supereffective|p1a: beep boop
|-damage|p1a: beep boop|54/100
|move|p1a: beep boop|Rest|p1a: beep boop
|-status|p1a: beep boop|slp|[from] move: Rest
|-heal|p1a: beep boop|100/100 slp|[silent]
|
|upkeep
|turn|115
|inactive|esqimo589 has 270 seconds left.
|
|t:|1662837736
|move|p2a: sena|Iron Defense|p2a: sena
|-boost|p2a: sena|def|0
|cant|p1a: beep boop|slp
|
|upkeep
|turn|116
|
|t:|1662837744
|move|p2a: sena|Iron Defense|p2a: sena
|-boost|p2a: sena|def|0
|cant|p1a: beep boop|slp
|
|upkeep
|turn|117
|
|t:|1662837756
|move|p2a: sena|Iron Defense|p2a: sena
|-boost|p2a: sena|def|0
|-curestatus|p1a: beep boop|slp|[msg]
|move|p1a: beep boop|Iron Defense|p1a: beep boop
|-boost|p1a: beep boop|def|0
|
|upkeep
|turn|118
|
|t:|1662837762
|move|p2a: sena|Roost|p2a: sena
|-heal|p2a: sena|100/100
|-singleturn|p2a: sena|move: Roost
|move|p1a: beep boop|Iron Defense|p1a: beep boop
|-boost|p1a: beep boop|def|0
|
|upkeep
|turn|119
|
|t:|1662837770
|move|p2a: sena|Roost||[still]
|-fail|p2a: sena|heal
|move|p1a: beep boop|Iron Defense|p1a: beep boop
|-boost|p1a: beep boop|def|0
|
|upkeep
|turn|120
|
|t:|1662837778
|move|p2a: sena|Roost||[still]
|-fail|p2a: sena|heal
|move|p1a: beep boop|Iron Defense|p1a: beep boop
|-boost|p1a: beep boop|def|0
|
|upkeep
|turn|121
|
|t:|1662837784
|move|p2a: sena|Iron Defense|p2a: sena
|-boost|p2a: sena|def|0
|move|p1a: beep boop|Body Press|p2a: sena
|-damage|p2a: sena|79/100
|-damage|p1a: beep boop|84/100|[from] item: Rocky Helmet|[of] p2a: sena
|
|upkeep
|turn|122
|
|t:|1662837791
|switch|p2a: mio|Lanturn, M|16/100
|move|p1a: beep boop|Rest|p1a: beep boop
|-status|p1a: beep boop|slp|[from] move: Rest
|-heal|p1a: beep boop|100/100 slp|[silent]
|
|-heal|p2a: mio|22/100|[from] item: Leftovers
|upkeep
|turn|123
|
|t:|1662837797
|move|p2a: mio|Volt Switch|p1a: beep boop
|-damage|p1a: beep boop|97/100 slp
|
|t:|1662837800
|switch|p2a: sena|Skarmory, F|79/100|[from]move: Volt Switch
|cant|p1a: beep boop|slp
|
|upkeep
|turn|124
|
|t:|1662837802
|move|p2a: sena|Iron Defense|p2a: sena
|-boost|p2a: sena|def|2
|cant|p1a: beep boop|slp
|
|upkeep
|turn|125
|
|t:|1662837812
|move|p2a: sena|Iron Defense|p2a: sena
|-boost|p2a: sena|def|2
|-curestatus|p1a: beep boop|slp|[msg]
|move|p1a: beep boop|Iron Defense|p1a: beep boop
|-boost|p1a: beep boop|def|0
|
|upkeep
|turn|126
|
|t:|1662837820
|move|p2a: sena|Roost|p2a: sena
|-heal|p2a: sena|100/100
|-singleturn|p2a: sena|move: Roost
|move|p1a: beep boop|Iron Defense|p1a: beep boop
|-boost|p1a: beep boop|def|0
|
|upkeep
|turn|127
|
|t:|1662837829
|move|p2a: sena|Iron Defense|p2a: sena
|-boost|p2a: sena|def|2
|move|p1a: beep boop|Rest|p1a: beep boop
|-status|p1a: beep boop|slp|[from] move: Rest
|-heal|p1a: beep boop|100/100 slp|[silent]
|
|upkeep
|turn|128
|
|t:|1662837842
|switch|p2a: mio|Lanturn, M|22/100
|cant|p1a: beep boop|slp
|
|-heal|p2a: mio|28/100|[from] item: Leftovers
|upkeep
|turn|129
|
|t:|1662837852
|move|p2a: mio|Volt Switch|p1a: beep boop
|-damage|p1a: beep boop|97/100 slp
|
|t:|1662837853
|switch|p2a: sena|Skarmory, F|100/100|[from]move: Volt Switch
|cant|p1a: beep boop|slp
|
|upkeep
|turn|130
|
|t:|1662837856
|move|p2a: sena|Iron Defense|p2a: sena
|-boost|p2a: sena|def|2
|-curestatus|p1a: beep boop|slp|[msg]
|move|p1a: beep boop|Body Press|p2a: sena
|-damage|p2a: sena|58/100
|-damage|p1a: beep boop|80/100|[from] item: Rocky Helmet|[of] p2a: sena
|
|upkeep
|turn|131
|
|t:|1662837873
|move|p2a: sena|Iron Defense|p2a: sena
|-boost|p2a: sena|def|2
|move|p1a: beep boop|Iron Defense|p1a: beep boop
|-boost|p1a: beep boop|def|0
|
|upkeep
|turn|132
|
|t:|1662837877
|move|p2a: sena|Roost|p2a: sena
|-heal|p2a: sena|100/100
|-singleturn|p2a: sena|move: Roost
|move|p1a: beep boop|Iron Defense|p1a: beep boop
|-boost|p1a: beep boop|def|0
|
|upkeep
|turn|133
|
|t:|1662837886
|move|p2a: sena|Body Press|p1a: beep boop
|-supereffective|p1a: beep boop
|-damage|p1a: beep boop|58/100
|move|p1a: beep boop|Iron Defense|p1a: beep boop
|-boost|p1a: beep boop|def|0
|
|upkeep
|turn|134
|
|t:|1662837894
|move|p2a: sena|Roost||[still]
|-fail|p2a: sena|heal
|move|p1a: beep boop|Rest|p1a: beep boop
|-status|p1a: beep boop|slp|[from] move: Rest
|-heal|p1a: beep boop|100/100 slp|[silent]
|
|upkeep
|turn|135
|
|t:|1662837897
|switch|p2a: mio|Lanturn, M|28/100
|cant|p1a: beep boop|slp
|
|-heal|p2a: mio|35/100|[from] item: Leftovers
|upkeep
|turn|136
|
|t:|1662837900
|move|p2a: mio|Volt Switch|p1a: beep boop
|-damage|p1a: beep boop|97/100 slp
|
|t:|1662837902
|switch|p2a: sena|Skarmory, F|100/100|[from]move: Volt Switch
|cant|p1a: beep boop|slp
|
|upkeep
|turn|137
|
|t:|1662837915
|move|p2a: sena|Iron Defense|p2a: sena
|-boost|p2a: sena|def|2
|-curestatus|p1a: beep boop|slp|[msg]
|move|p1a: beep boop|Iron Defense|p1a: beep boop
|-boost|p1a: beep boop|def|0
|
|upkeep
|turn|138
|
|t:|1662837924
|move|p2a: sena|Body Press|p1a: beep boop
|-supereffective|p1a: beep boop
|-damage|p1a: beep boop|81/100
|move|p1a: beep boop|Body Press|p2a: sena
|-damage|p2a: sena|57/100
|-damage|p1a: beep boop|65/100|[from] item: Rocky Helmet|[of] p2a: sena
|
|upkeep
|turn|139
|
|t:|1662837929
|move|p2a: sena|Iron Defense|p2a: sena
|-boost|p2a: sena|def|2
|move|p1a: beep boop|Body Press|p2a: sena
|-damage|p2a: sena|31/100
|-damage|p1a: beep boop|48/100|[from] item: Rocky Helmet|[of] p2a: sena
|
|upkeep
|turn|140
|
|t:|1662837932
|move|p2a: sena|Roost|p2a: sena
|-heal|p2a: sena|81/100
|-singleturn|p2a: sena|move: Roost
|move|p1a: beep boop|Rest|p1a: beep boop
|-status|p1a: beep boop|slp|[from] move: Rest
|-heal|p1a: beep boop|100/100 slp|[silent]
|
|upkeep
|turn|141
|
|t:|1662837940
|switch|p2a: mio|Lanturn, M|35/100
|cant|p1a: beep boop|slp
|
|-heal|p2a: mio|41/100|[from] item: Leftovers
|upkeep
|turn|142
|
|t:|1662837943
|move|p2a: mio|Volt Switch|p1a: beep boop
|-damage|p1a: beep boop|97/100 slp
|
|t:|1662837946
|switch|p2a: sena|Skarmory, F|81/100|[from]move: Volt Switch
|cant|p1a: beep boop|slp
|
|upkeep
|turn|143
|
|t:|1662837963
|move|p2a: sena|Iron Defense|p2a: sena
|-boost|p2a: sena|def|2
|-curestatus|p1a: beep boop|slp|[msg]
|move|p1a: beep boop|Iron Defense|p1a: beep boop
|-boost|p1a: beep boop|def|0
|
|upkeep
|turn|144
|
|t:|1662837970
|move|p2a: sena|Body Press|p1a: beep boop
|-supereffective|p1a: beep boop
|-crit|p1a: beep boop
|-damage|p1a: beep boop|5/100
|move|p1a: beep boop|Iron Defense|p1a: beep boop
|-boost|p1a: beep boop|def|0
|
|upkeep
|turn|145
|c|☆esqimo589|gg rip
|
|t:|1662837982
|move|p2a: sena|Body Press|p1a: beep boop
|-supereffective|p1a: beep boop
|-damage|p1a: beep boop|0 fnt
|faint|p1a: beep boop
|
|upkeep
|
|t:|1662837986
|switch|p1a: milf|Nidoqueen, F|24/100
|turn|146
|c|☆estarossa|rip
|c|☆esqimo589|i mean out of what
|c|☆estarossa|was trying to play around not having to go for that but yea was a decent chance it would
|c|☆estarossa|probably happen
|c|☆esqimo589|16 body presses
|c|☆esqimo589|and a 1/24 chance of getting crit
|c|☆estarossa|i think i had beating regi in the bag without crit fishing anyway
|inactive|esqimo589 has 270 seconds left.
|inactive|estarossa has 270 seconds left.
|c|☆esqimo589|meh
|c|☆estarossa|you wouldnt have had enough pp left to do anything
|c|☆esqimo589|i had more pp tho
|c|☆estarossa|yea but u arent breaking like mence etc too
|c|☆esqimo589|i could leave a sizable enough hole no?
|inactive|esqimo589 has 240 seconds left.
|c|☆esqimo589|2 bps to kill mence (roost removes flying type)
|c|☆esqimo589|king probably is more of an issue
|c|☆esqimo589|but like
|c|☆estarossa|+6 252+ Def Registeel Body Press vs. 248 HP / 252+ Def Slowking: 176-208 (44.7 - 52.9%) -- 26.6% chance to 2HKO
|c|☆estarossa|thats the real issue
|inactive|esqimo589 has 210 seconds left.
|c|☆esqimo589|i couldve beaten scarm at some point
|c|☆esqimo589|and then left enough damage on king maybe to break through with glowbro
|c|☆estarossa|yea i didn't need skarm to beat your regi at this point
|j| amogusroxyrrrr
|c|☆estarossa|as long as i can get ur regi to run out of pp cm slowking just wins
|inactive|esqimo589 has 180 seconds left.
|c|☆esqimo589|im not sure but i felt i couldve maybe got into enough of an advantageous position ti win with glowbro
|c|☆esqimo589|did your king have psyshock
|
|t:|1662838130
|move|p1a: milf|Fire Blast|p2a: sena
|-supereffective|p2a: sena
|-damage|p2a: sena|0 fnt
|faint|p2a: sena
|
|upkeep
|c|☆estarossa|its psyshock slowking so chances of u winning with glowbro is rly low
|c|☆esqimo589|ok yeah
|
|t:|1662838136
|switch|p2a: taion|Chansey, F|87/100
|turn|147
|c|☆esqimo589|that was what was really awkward to play around
|j| pokemonisfun
|
|t:|1662838156
|switch|p1a: headache|Slowbro-Galar, F|100/100
|move|p2a: taion|Stealth Rock|p1a: headache
|-sidestart|p1: esqimo589|move: Stealth Rock
|
|upkeep
|turn|148
|
|t:|1662838161
|switch|p2a: eunie|Slowking, M|100/100
|move|p1a: headache|Calm Mind|p1a: headache
|-boost|p1a: headache|spa|1
|-boost|p1a: headache|spd|1
|
|upkeep
|turn|149
|
|t:|1662838176
|move|p2a: eunie|Calm Mind|p2a: eunie
|-boost|p2a: eunie|spa|1
|-boost|p2a: eunie|spd|1
|move|p1a: headache|Sludge Bomb|p2a: eunie
|-damage|p2a: eunie|74/100
|
|upkeep
|turn|150
|
|t:|1662838180
|move|p2a: eunie|Scald|p1a: headache
|-damage|p1a: headache|68/100
|-status|p1a: headache|brn
|move|p1a: headache|Calm Mind|p1a: headache
|-boost|p1a: headache|spa|1
|-boost|p1a: headache|spd|1
|
|-damage|p1a: headache|62/100 brn|[from] brn
|upkeep
|turn|151
|
|t:|1662838188
|move|p2a: eunie|Calm Mind|p2a: eunie
|-boost|p2a: eunie|spa|1
|-boost|p2a: eunie|spd|1
|move|p1a: headache|Slack Off|p1a: headache
|-heal|p1a: headache|100/100 brn
|
|-damage|p1a: headache|94/100 brn|[from] brn
|upkeep
|turn|152
|c|☆esqimo589|also i just realised this slowbro should be bold
|c|☆esqimo589|not relaxed
|
|t:|1662838200
|move|p2a: eunie|Psyshock|p1a: headache
|-damage|p1a: headache|58/100 brn
|move|p1a: headache|Sludge Bomb|p2a: eunie
|-damage|p2a: eunie|50/100
|
|-damage|p1a: headache|52/100 brn|[from] brn
|upkeep
|turn|153
|c| amogusroxyrrrr|ah shit here we go again
|c|☆esqimo589|doesnt change anything but just a statement
|
|t:|1662838209
|move|p2a: eunie|Calm Mind|p2a: eunie
|-boost|p2a: eunie|spa|1
|-boost|p2a: eunie|spd|1
|move|p1a: headache|Sludge Bomb|p2a: eunie
|-damage|p2a: eunie|30/100
|
|-damage|p1a: headache|46/100 brn|[from] brn
|upkeep
|turn|154
|c|☆esqimo589|gg
|
|t:|1662838214
|move|p2a: eunie|Slack Off|p2a: eunie
|-heal|p2a: eunie|80/100
|move|p1a: headache|Sludge Bomb|p2a: eunie
|-damage|p2a: eunie|61/100
|-status|p2a: eunie|psn
|
|-damage|p2a: eunie|48/100 psn|[from] psn
|-damage|p1a: headache|40/100 brn|[from] brn
|upkeep
|turn|155
|c|☆estarossa|gg
|inactive|esqimo589 has 210 seconds left.
|
|t:|1662838227
|switch|p1a: whiteeyesbluedrag|Salamence, M|100/100
|-ability|p1a: whiteeyesbluedrag|Intimidate|boost
|-unboost|p2a: eunie|atk|1
|move|p2a: eunie|Psyshock|p1a: whiteeyesbluedrag
|-damage|p1a: whiteeyesbluedrag|32/100
|
|-damage|p2a: eunie|36/100 psn|[from] psn
|upkeep
|turn|156
|c|☆estarossa|honestly id done enough pp draining to glowbro that idt it even mattered if i wasnt psyshock ngl
|c|☆estarossa|glowbro needs like its entire pp just to beat chansey
|
|t:|1662838249
|switch|p1a: washing machine|Rotom-Wash|49/100 tox
|-damage|p1a: washing machine|37/100 tox|[from] Stealth Rock
|switch|p2a: lanz|Salamence, M|83/100
|-ability|p2a: lanz|Intimidate|boost
|-unboost|p1a: washing machine|atk|1
|
|-heal|p1a: washing machine|43/100 tox|[from] item: Leftovers
|-damage|p1a: washing machine|37/100 tox|[from] psn
|upkeep
|turn|157
|c|☆esqimo589|i only have like half sludge bombs left
|c|☆esqimo589|had
|
|t:|1662838258
|switch|p2a: mio|Lanturn, M|41/100
|move|p1a: washing machine|Pain Split|p2a: mio
|-sethp|p2a: mio|33/100|[from] move: Pain Split|[silent]
|-sethp|p1a: washing machine|49/100 tox|[from] move: Pain Split
|
|-heal|p1a: washing machine|55/100 tox|[from] item: Leftovers
|-heal|p2a: mio|39/100|[from] item: Leftovers
|-damage|p1a: washing machine|42/100 tox|[from] psn
|upkeep
|turn|158
|c|☆esqimo589|yh fair enough
|
|t:|1662838267
|switch|p1a: milf|Nidoqueen, F|24/100
|-damage|p1a: milf|18/100|[from] Stealth Rock
|move|p2a: mio|Heal Bell|p2a: mio
|-activate|p2a: mio|move: Heal Bell
|-curestatus|p2: eunie|psn|[msg]
|
|-heal|p2a: mio|45/100|[from] item: Leftovers
|upkeep
|turn|159
|
|t:|1662838273
|switch|p2a: taion|Chansey, F|87/100
|move|p1a: milf|Sludge Wave|p2a: taion
|-damage|p2a: taion|67/100
|
|upkeep
|turn|160
|
|t:|1662838279
|switch|p1a: headache|Slowbro-Galar, F|73/100 brn
|-damage|p1a: headache|60/100 brn|[from] Stealth Rock
|move|p2a: taion|Seismic Toss|p1a: headache
|-damage|p1a: headache|35/100 brn
|
|-damage|p1a: headache|29/100 brn|[from] brn
|upkeep
|turn|161
|inactive|esqimo589 has 240 seconds left.
|c|☆esqimo589|i probably shouldntve been so careless with losing my bulu so early but honestly bulus power once it gets burned is basically nothing
|c| pokemonisfun|you lost the game but you had a good nidoqueen nickname at east
|inactive|esqimo589 has 210 seconds left.
|c|☆esqimo589|although i shouldntve been so lax about switching it into scalds
|
|t:|1662838323
|move|p2a: taion|Seismic Toss|p1a: headache
|-damage|p1a: headache|4/100 brn
|move|p1a: headache|Sludge Bomb|p2a: taion
|-damage|p2a: taion|57/100
|
|-damage|p1a: headache|0 fnt|[from] brn
|faint|p1a: headache
|upkeep
|c|☆estarossa|tbh i thought it was just that annoying defensive set running into this had no idea it was actually cb
|c|☆esqimo589|so true
|c|☆estarossa|u could definitely have done something with it
|c|☆esqimo589|it was scarf
|c|☆estarossa|ah
|
|t:|1662838339
|switch|p1a: washing machine|Rotom-Wash|42/100 tox
|-damage|p1a: washing machine|30/100 tox|[from] Stealth Rock
|turn|162
|c|☆estarossa|yea i thought this was just that team the french spam
|c|☆estarossa|so assumed defensive bulu
|
|t:|1662838353
|switch|p1a: milf|Nidoqueen, F|18/100
|-damage|p1a: milf|12/100|[from] Stealth Rock
|switch|p2a: mio|Lanturn, M|45/100
|
|-heal|p2a: mio|51/100|[from] item: Leftovers
|upkeep
|turn|163
|inactive|esqimo589 has 210 seconds left.
|c|☆esqimo589|i built this myself but its definitely not an original core
|
|t:|1662838374
|switch|p2a: taion|Chansey, F|57/100
|move|p1a: milf|Earth Power|p2a: taion
|-damage|p2a: taion|36/100
|
|upkeep
|turn|164
|c|☆estarossa|yea this actually looks really similar to er
|inactive|estarossa has 270 seconds left.
|c|☆esqimo589|i ran scarf bulu because i needed speed control, i should probably rework this team to have a different scarfer
|c|☆estarossa|was it steve or was it dunoks who ran something rly like this pif
|c|☆esqimo589|because the defensive bulu set would be better here
|
|t:|1662838414
|switch|p1a: whiteeyesbluedrag|Salamence, M|32/100
|-ability|p1a: whiteeyesbluedrag|Intimidate|boost
|-unboost|p2a: taion|atk|1
|move|p2a: taion|Soft-Boiled|p2a: taion
|-heal|p2a: taion|86/100
|
|upkeep
|turn|165
|
|t:|1662838416
|move|p1a: whiteeyesbluedrag|Defog|p2a: taion
|-unboost|p2a: taion|evasion|1
|-sideend|p1: esqimo589|Stealth Rock|[from] move: Defog|[of] p1a: whiteeyesbluedrag
|move|p2a: taion|Toxic|p1a: whiteeyesbluedrag
|-status|p1a: whiteeyesbluedrag|tox
|
|-damage|p1a: whiteeyesbluedrag|26/100 tox|[from] psn
|upkeep
|turn|166
|
|t:|1662838420
|move|p1a: whiteeyesbluedrag|Hurricane|p2a: taion
|-damage|p2a: taion|74/100
|move|p2a: taion|Stealth Rock|p1a: whiteeyesbluedrag
|-sidestart|p1: esqimo589|move: Stealth Rock
|
|-damage|p1a: whiteeyesbluedrag|13/100 tox|[from] psn
|upkeep
|turn|167
|c|☆estarossa|i think a team this fat wants to try and avoid having to use a scarfer at all if anything
|c|☆estarossa|or make the rotom-w be scarf trick pain split stabs
|inactive|estarossa has 270 seconds left.
|c|☆esqimo589|yeah i just thought about scarf washtom
|
|t:|1662838453
|move|p1a: whiteeyesbluedrag|Hurricane|p2a: taion
|-damage|p2a: taion|62/100
|move|p2a: taion|Seismic Toss|p1a: whiteeyesbluedrag
|-damage|p1a: whiteeyesbluedrag|0 fnt
|faint|p1a: whiteeyesbluedrag
|
|upkeep
|c|☆esqimo589|considering its barely a scarfer anyway so if i dont want it ill just trick it away
|
|t:|1662838463
|switch|p1a: washing machine|Rotom-Wash|30/100 tox
|-damage|p1a: washing machine|17/100 tox|[from] Stealth Rock
|turn|168
|
|t:|1662838468
|switch|p2a: mio|Lanturn, M|51/100
|move|p1a: washing machine|Pain Split|p2a: mio
|-sethp|p2a: mio|31/100|[from] move: Pain Split|[silent]
|-sethp|p1a: washing machine|47/100 tox|[from] move: Pain Split
|
|-heal|p1a: washing machine|53/100 tox|[from] item: Leftovers
|-heal|p2a: mio|38/100|[from] item: Leftovers
|-damage|p1a: washing machine|47/100 tox|[from] psn
|upkeep
|turn|169
|
|t:|1662838472
|move|p1a: washing machine|Hydro Pump|p2a: mio|[miss]
|-miss|p1a: washing machine|p2a: mio
|move|p2a: mio|Scald|p1a: washing machine
|-resisted|p1a: washing machine
|-damage|p1a: washing machine|36/100 tox
|
|-heal|p1a: washing machine|42/100 tox|[from] item: Leftovers
|-heal|p2a: mio|44/100|[from] item: Leftovers
|-damage|p1a: washing machine|29/100 tox|[from] psn
|upkeep
|turn|170
|c|☆esqimo589|anyway well played
|c|☆estarossa|ggs
|c| amogusroxyrrrr|trick would be good too to annoy opposing setup walls
|c|☆estarossa|was a fun series
|
|t:|1662838492
|move|p1a: washing machine|Hydro Pump|p2a: mio
|-resisted|p2a: mio
|-damage|p2a: mio|29/100
|move|p2a: mio|Scald|p1a: washing machine
|-resisted|p1a: washing machine
|-damage|p1a: washing machine|17/100 tox
|
|-heal|p1a: washing machine|23/100 tox|[from] item: Leftovers
|-heal|p2a: mio|35/100|[from] item: Leftovers
|-damage|p1a: washing machine|4/100 tox|[from] psn
|upkeep
|turn|171
|
|t:|1662838498
|move|p1a: washing machine|Hydro Pump|p2a: mio
|-resisted|p2a: mio
|-crit|p2a: mio
|-damage|p2a: mio|13/100
|move|p2a: mio|Scald|p1a: washing machine
|-resisted|p1a: washing machine
|-damage|p1a: washing machine|0 fnt
|faint|p1a: washing machine
|
|-heal|p2a: mio|19/100|[from] item: Leftovers
|upkeep
|c|☆esqimo589|yeah if i had trick i couldve nailed... probably anything on this team besides salamence and had an easier time breaking it down
|inactive|esqimo589 has 240 seconds left.
|c|☆esqimo589|it would be best to trick king but i doubt you wouldve let me do that
|
|t:|1662838528
|switch|p1a: milf|Nidoqueen, F|12/100
|-damage|p1a: milf|6/100|[from] Stealth Rock
|turn|172
|c|☆estarossa|yea would always scout that vs a team like this
|c|☆estarossa|if i had any expectation u were scarf id probably just try and get umb to absorb it in this mu
|c|☆esqimo589|you did destroy me first game very hard too
|
|t:|1662838556
|move|p1a: milf|Sludge Wave|p2a: mio
|-damage|p2a: mio|0 fnt
|faint|p2a: mio
|
|upkeep
|c|☆estarossa|that was just a really impossible vanilluxe mu for you honestly
|inactive|estarossa has 270 seconds left.
|
|t:|1662838566
|switch|p2a: taion|Chansey, F|62/100
|turn|173
|c|☆esqimo589|i had a wrong predict turn like 4 because i really needed vanilluxe to die
|
|t:|1662838579
|move|p1a: milf|Sludge Wave|p2a: taion
|-damage|p2a: taion|41/100
|move|p2a: taion|Seismic Toss|p1a: milf
|-damage|p1a: milf|0 fnt
|faint|p1a: milf
|
|win|estarossa
|c|☆estarossa|yea i definitely was gonna play the vanilluxe p safe into that mu
|c|☆estarossa|since once coba switches in on it once it just claims every time after
|c|☆esqimo589|i had to play risky because if i got to predict right it wouldve made vanil easier to deal with
|c|☆estarossa|but understand you making plays cause you really had to in that match
|c|☆esqimo589|but the fact that i only had 1 resist and 1 water and neither enjoys vanil anyway
|c| amogusroxyrrrr|you know you would’ve won if you used John
|c|☆estarossa|yea vanilluxe is like
|c|☆estarossa|very good into those coba vanilluxe check teams people spam
|c|☆esqimo589|yeah if i used john i couldve won s,h
|c|☆esqimo589|smh
|c|☆estarossa|coba switches in once and then thats it
|c|☆estarossa|gotta try and just keep rocks up as much asyou can and try and play really aggresively against it
|l| amogusroxyrrrr
|c|☆estarossa|which is why i love magnet rise + rapid spin excadrill alongside it
|c|☆esqimo589|yeah i was honestly assuming some kind of slightly off meta pick, ngl i was expecting a vanilluxe but i didnt really want to go off of gut feeling to counterpick
|c|☆esqimo589|because ive never played you before nor seen any of your games so i didnt know what to expect
|c|☆estarossa|LOL if youd known that i lost all my teams a few weeks ago to getting a new laptop
|c|☆estarossa|you coulda just anti-picked all my scout tbh
|c|☆esqimo589|so i just went the team ive been playing most recently
|c|☆esqimo589|thats a rip
|j| amogusroxyrrrr
|c|☆estarossa|yea my old laptop just died randomly on me couldnt save any teams really
|c|☆estarossa|managed to save a few oldgen teams id already passed around to people but otherwise
|c|☆esqimo589|idk i saw freezai run hail in LC tournament and kinda assumed a good UU player would run vanilluze into me round 1
|c|☆esqimo589|but anyway that was fun
|c| amogusroxyrrrr|Is this a tour or just best of 3
|c|☆estarossa|uu swiss
|c|☆esqimo589|best of 3 for swiss
|c|☆estarossa|yea had great fun gl in next rounds
|c| amogusroxyrrrr|ah
