|html|<div class="broadcast-blue"><strong>[Gen 8] UU is currently suspecting Thundurus-T! For information on how to participate check out the <a href="https://www.smogon.com/forums/threads/np-ss-uu-stage-11-boom-clap.3696000/">suspect thread</a>.</strong></div>
|j|☆granpy19
|j|☆DQ Low Tier Legend
|t:|1642197709
|gametype|singles
|player|p1|granpy19|2|1177
|player|p2|DQ Low Tier Legend|1|1161
|teamsize|p1|6
|teamsize|p2|6
|gen|8
|tier|[Gen 8] UU
|rated|
|rule|Sleep Clause Mod: Limit one foe put to sleep
|rule|Species Clause: Limit one of each Pokémon
|rule|OHKO Clause: OHKO moves are banned
|rule|Evasion Moves Clause: Evasion moves are banned
|rule|Endless Battle Clause: Forcing endless battles is banned
|rule|HP Percentage Mod: HP is shown in percentages
|rule|Dynamax Clause: You cannot dynamax
|clearpoke
|poke|p1|Exploud, M|
|poke|p1|Tentacruel, M|
|poke|p1|Amoonguss, M|
|poke|p1|Salamence, M|
|poke|p1|Skarmory, M|
|poke|p1|Slowking, M|
|poke|p2|Silvally-*|
|poke|p2|Scyther, F|
|poke|p2|Aromatisse, M|
|poke|p2|Quagsire, M|
|poke|p2|Electivire, F|
|poke|p2|Charizard, F|
|teampreview
|inactive|Battle timer is ON: inactive players will automatically lose when time's up. (requested by granpy19)
|
|t:|1642197757
|start
|switch|p1a: Salad Man|Salamence, M|100/100
|switch|p2a: Electivire|Electivire, F|100/100
|turn|1
|
|t:|1642197763
|switch|p1a: Shitaki|Amoonguss, M|100/100
|move|p2a: Electivire|Ice Punch|p1a: Shitaki
|-supereffective|p1a: Shitaki
|-damage|p1a: Shitaki|24/100
|-enditem|p1a: Shitaki|Aguav Berry|[eat]
|-heal|p1a: Shitaki|57/100|[from] item: Aguav Berry
|
|upkeep
|turn|2
|
|t:|1642197775
|switch|p1a: Slow Kid|Slowking, M|100/100
|move|p2a: Electivire|Fire Punch|p1a: Slow Kid
|-resisted|p1a: Slow Kid
|-damage|p1a: Slow Kid|91/100
|
|upkeep
|turn|3
|
|t:|1642197783
|move|p2a: Electivire|Wild Charge|p1a: Slow Kid
|-supereffective|p1a: Slow Kid
|-damage|p1a: Slow Kid|3/100
|-enditem|p1a: Slow Kid|Wiki Berry|[eat]
|-heal|p1a: Slow Kid|36/100|[from] item: Wiki Berry
|-damage|p2a: Electivire|71/100|[from] Recoil
|move|p1a: Slow Kid|Calm Mind|p1a: Slow Kid
|-boost|p1a: Slow Kid|spa|1
|-boost|p1a: Slow Kid|spd|1
|
|upkeep
|turn|4
|
|t:|1642197812
|switch|p1a: Shitaki|Amoonguss, M|90/100
|move|p2a: Electivire|Wild Charge|p1a: Shitaki
|-resisted|p1a: Shitaki
|-damage|p1a: Shitaki|62/100
|-damage|p2a: Electivire|60/100|[from] Recoil
|
|upkeep
|turn|5
|inactive|granpy19 has 120 seconds left.
|
|t:|1642197844
|switch|p1a: Scar Face|Skarmory, M|100/100
|move|p2a: Electivire|Ice Punch|p1a: Scar Face
|-damage|p1a: Scar Face|84/100
|
|-heal|p1a: Scar Face|90/100|[from] item: Leftovers
|upkeep
|turn|6
|
|t:|1642197868
|switch|p1a: Salad Man|Salamence, M|100/100
|move|p2a: Electivire|Wild Charge|p1a: Salad Man
|-damage|p1a: Salad Man|38/100
|-damage|p2a: Electivire|42/100|[from] Recoil
|
|upkeep
|turn|7
|inactive|granpy19 has 90 seconds left.
|
|t:|1642197891
|switch|p2a: Aromatisse|Aromatisse, M|100/100
|move|p1a: Salad Man|Dragon Claw|p2a: Aromatisse
|-immune|p2a: Aromatisse
|
|upkeep
|turn|8
|inactive|granpy19 has 90 seconds left.
|
|t:|1642197902
|switch|p1a: Shitaki|Amoonguss, M|95/100
|move|p2a: Aromatisse|Wish|p2a: Aromatisse
|
|upkeep
|turn|9
|
|t:|1642197907
|switch|p2a: Electivire|Electivire, F|42/100
|move|p1a: Shitaki|Toxic|p2a: Electivire
|-status|p2a: Electivire|tox
|
|-heal|p2a: Electivire|100/100 tox|[from] move: Wish|[wisher] Aromatisse
|-damage|p2a: Electivire|94/100 tox|[from] psn
|upkeep
|turn|10
|
|t:|1642197921
|switch|p2a: Charizard|Charizard, F|100/100
|move|p1a: Shitaki|Giga Drain|p2a: Charizard
|-resisted|p2a: Charizard
|-damage|p2a: Charizard|94/100
|-heal|p1a: Shitaki|97/100|[from] drain|[of] p2a: Charizard
|
|upkeep
|turn|11
|
|t:|1642197929
|switch|p1a: Slow Kid|Slowking, M|69/100
|move|p2a: Charizard|Hurricane|p1a: Slow Kid|[miss]
|-miss|p2a: Charizard|p1a: Slow Kid
|
|upkeep
|turn|12
|
|t:|1642197937
|switch|p2a: Scyther|Scyther, F|100/100
|move|p1a: Slow Kid|Hydro Pump|p2a: Scyther
|-damage|p2a: Scyther|49/100
|
|upkeep
|turn|13
|
|t:|1642197945
|switch|p1a: Scar Face|Skarmory, M|90/100
|move|p2a: Scyther|Knock Off|p1a: Scar Face
|-damage|p1a: Scar Face|71/100
|-enditem|p1a: Scar Face|Leftovers|[from] move: Knock Off|[of] p2a: Scyther
|
|upkeep
|turn|14
|inactive|granpy19 has 120 seconds left.
|
|t:|1642197955
|move|p2a: Scyther|U-turn|p1a: Scar Face
|-resisted|p1a: Scar Face
|-damage|p1a: Scar Face|66/100
|
|t:|1642197959
|switch|p2a: Charizard|Charizard, F|94/100|[from]move: U-turn
|move|p1a: Scar Face|Whirlwind|p2a: Charizard
|drag|p2a: Quagsire|Quagsire, M|100/100
|
|upkeep
|turn|15
|
|t:|1642197965
|move|p1a: Scar Face|Roost|p1a: Scar Face
|-heal|p1a: Scar Face|100/100
|-singleturn|p1a: Scar Face|move: Roost
|move|p2a: Quagsire|Scald|p1a: Scar Face
|-damage|p1a: Scar Face|75/100
|
|upkeep
|turn|16
|
|t:|1642197974
|switch|p1a: Slow Kid|Slowking, M|100/100
|move|p2a: Quagsire|Scald|p1a: Slow Kid
|-resisted|p1a: Slow Kid
|-damage|p1a: Slow Kid|92/100
|
|upkeep
|turn|17
|
|t:|1642197981
|move|p1a: Slow Kid|Calm Mind|p1a: Slow Kid
|-boost|p1a: Slow Kid|spa|1
|-boost|p1a: Slow Kid|spd|1
|move|p2a: Quagsire|Toxic|p1a: Slow Kid
|-status|p1a: Slow Kid|tox
|
|-damage|p1a: Slow Kid|86/100 tox|[from] psn
|upkeep
|turn|18
|
|t:|1642197990
|switch|p2a: Aromatisse|Aromatisse, M|100/100
|move|p1a: Slow Kid|Psychic|p2a: Aromatisse
|-damage|p2a: Aromatisse|66/100
|
|-heal|p2a: Aromatisse|72/100|[from] item: Leftovers
|-damage|p1a: Slow Kid|74/100 tox|[from] psn
|upkeep
|turn|19
|
|t:|1642198001
|switch|p1a: Noodle Neck|Tentacruel, M|100/100
|move|p2a: Aromatisse|Wish|p2a: Aromatisse
|
|-heal|p2a: Aromatisse|78/100|[from] item: Leftovers
|upkeep
|turn|20
|
|t:|1642198007
|switch|p2a: Scyther|Scyther, F|49/100
|move|p1a: Noodle Neck|Toxic Spikes|p2a: Scyther
|-sidestart|p2: DQ Low Tier Legend|move: Toxic Spikes
|
|-heal|p2a: Scyther|100/100|[from] move: Wish|[wisher] Aromatisse
|upkeep
|turn|21
|
|t:|1642198026
|switch|p1a: Scar Face|Skarmory, M|75/100
|move|p2a: Scyther|Dual Wingbeat|p1a: Scar Face
|-resisted|p1a: Scar Face
|-damage|p1a: Scar Face|66/100
|-resisted|p1a: Scar Face
|-damage|p1a: Scar Face|59/100
|-hitcount|p1a: Scar Face|2
|
|upkeep
|turn|22
|
|t:|1642198035
|move|p2a: Scyther|U-turn|p1a: Scar Face
|-resisted|p1a: Scar Face
|-damage|p1a: Scar Face|54/100
|
|t:|1642198038
|switch|p2a: Charizard|Charizard, F|94/100|[from]move: U-turn
|move|p1a: Scar Face|Roost|p1a: Scar Face
|-heal|p1a: Scar Face|100/100
|-singleturn|p1a: Scar Face|move: Roost
|
|upkeep
|turn|23
|
|t:|1642198046
|switch|p1a: Slow Kid|Slowking, M|100/100 tox
|move|p2a: Charizard|Defog|p1a: Slow Kid
|-unboost|p1a: Slow Kid|evasion|1
|-sideend|p2: DQ Low Tier Legend|Toxic Spikes|[from] move: Defog|[of] p2a: Charizard
|
|-damage|p1a: Slow Kid|94/100 tox|[from] psn
|upkeep
|turn|24
|
|t:|1642198054
|switch|p2a: Aromatisse|Aromatisse, M|78/100
|move|p1a: Slow Kid|Hydro Pump|p2a: Aromatisse
|-damage|p2a: Aromatisse|52/100
|
|-heal|p2a: Aromatisse|58/100|[from] item: Leftovers
|-damage|p1a: Slow Kid|82/100 tox|[from] psn
|upkeep
|turn|25
|
|t:|1642198064
|switch|p1a: Shitaki|Amoonguss, M|100/100
|move|p2a: Aromatisse|Heal Bell|p2a: Aromatisse
|-activate|p2a: Aromatisse|move: Heal Bell
|-curestatus|p2: Electivire|tox|[msg]
|
|-heal|p2a: Aromatisse|64/100|[from] item: Leftovers
|upkeep
|turn|26
|
|t:|1642198074
|move|p2a: Aromatisse|Protect|p2a: Aromatisse
|-singleturn|p2a: Aromatisse|Protect
|move|p1a: Shitaki|Spore|p2a: Aromatisse
|-activate|p2a: Aromatisse|move: Protect
|
|-heal|p2a: Aromatisse|70/100|[from] item: Leftovers
|upkeep
|turn|27
|
|t:|1642198082
|switch|p2a: Scyther|Scyther, F|100/100
|move|p1a: Shitaki|Toxic|p2a: Scyther
|-status|p2a: Scyther|tox
|
|-damage|p2a: Scyther|94/100 tox|[from] psn
|upkeep
|turn|28
|
|t:|1642198094
|switch|p1a: Get Loud|Exploud, M, shiny|100/100
|move|p2a: Scyther|U-turn|p1a: Get Loud
|-damage|p1a: Get Loud|56/100
|
|t:|1642198101
|switch|p2a: Electivire|Electivire, F|94/100|[from]move: U-turn
|
|upkeep
|turn|29
|
|t:|1642198110
|switch|p1a: Shitaki|Amoonguss, M|100/100
|move|p2a: Electivire|Wild Charge|p1a: Shitaki
|-resisted|p1a: Shitaki
|-damage|p1a: Shitaki|74/100
|-damage|p2a: Electivire|84/100|[from] Recoil
|
|upkeep
|turn|30
|
|t:|1642198125
|move|p2a: Electivire|Ice Punch|p1a: Shitaki
|-supereffective|p1a: Shitaki
|-damage|p1a: Shitaki|7/100
|move|p1a: Shitaki|Spore|p2a: Electivire
|-status|p2a: Electivire|slp|[from] move: Spore
|
|upkeep
|turn|31
|
|t:|1642198132
|switch|p1a: Salad Man|Salamence, M|38/100
|cant|p2a: Electivire|slp
|
|upkeep
|turn|32
|
|t:|1642198138
|switch|p2a: Quagsire|Quagsire, M|100/100
|move|p1a: Salad Man|Dragon Dance|p1a: Salad Man
|-boost|p1a: Salad Man|atk|1
|-boost|p1a: Salad Man|spe|1
|
|upkeep
|turn|33
|
|t:|1642198157
|switch|p1a: Noodle Neck|Tentacruel, M|100/100
|move|p2a: Quagsire|Scald|p1a: Noodle Neck
|-resisted|p1a: Noodle Neck
|-damage|p1a: Noodle Neck|94/100
|-status|p1a: Noodle Neck|brn
|
|-damage|p1a: Noodle Neck|88/100 brn|[from] brn
|upkeep
|turn|34
|
|t:|1642198167
|move|p1a: Noodle Neck|Toxic Spikes|p2a: Quagsire
|-sidestart|p2: DQ Low Tier Legend|move: Toxic Spikes
|move|p2a: Quagsire|Earthquake|p1a: Noodle Neck
|-supereffective|p1a: Noodle Neck
|-damage|p1a: Noodle Neck|12/100 brn
|-enditem|p1a: Noodle Neck|Iapapa Berry|[eat]
|-heal|p1a: Noodle Neck|45/100 brn|[from] item: Iapapa Berry
|
|-damage|p1a: Noodle Neck|39/100 brn|[from] brn
|upkeep
|turn|35
|
|t:|1642198177
|switch|p1a: Slow Kid|Slowking, M|100/100 tox
|move|p2a: Quagsire|Earthquake|p1a: Slow Kid
|-damage|p1a: Slow Kid|80/100 tox
|
|-damage|p1a: Slow Kid|74/100 tox|[from] psn
|upkeep
|turn|36
|
|t:|1642198188
|switch|p2a: Scyther|Scyther, F|94/100 tox
|move|p1a: Slow Kid|Hydro Pump|p2a: Scyther|[miss]
|-miss|p1a: Slow Kid|p2a: Scyther
|
|-damage|p2a: Scyther|88/100 tox|[from] psn
|-damage|p1a: Slow Kid|62/100 tox|[from] psn
|upkeep
|turn|37
|
|t:|1642198198
|switch|p1a: Scar Face|Skarmory, M|100/100
|move|p2a: Scyther|U-turn|p1a: Scar Face
|-resisted|p1a: Scar Face
|-damage|p1a: Scar Face|96/100
|
|t:|1642198200
|switch|p2a: Charizard|Charizard, F|94/100|[from]move: U-turn
|
|upkeep
|turn|38
|
|t:|1642198210
|switch|p1a: Slow Kid|Slowking, M|95/100 tox
|move|p2a: Charizard|Defog|p1a: Slow Kid
|-unboost|p1a: Slow Kid|evasion|1
|-sideend|p2: DQ Low Tier Legend|Toxic Spikes|[from] move: Defog|[of] p2a: Charizard
|
|-damage|p1a: Slow Kid|89/100 tox|[from] psn
|upkeep
|turn|39
|
|t:|1642198221
|switch|p2a: Aromatisse|Aromatisse, M|70/100
|move|p1a: Slow Kid|Psychic|p2a: Aromatisse
|-damage|p2a: Aromatisse|47/100
|
|-heal|p2a: Aromatisse|53/100|[from] item: Leftovers
|-damage|p1a: Slow Kid|77/100 tox|[from] psn
|upkeep
|turn|40
|
|t:|1642198232
|move|p1a: Slow Kid|Hydro Pump|p2a: Aromatisse
|-damage|p2a: Aromatisse|25/100
|move|p2a: Aromatisse|Heal Bell|p2a: Aromatisse
|-activate|p2a: Aromatisse|move: Heal Bell
|-curestatus|p2: Scyther|tox|[msg]
|-curestatus|p2: Electivire|slp|[msg]
|
|-heal|p2a: Aromatisse|31/100|[from] item: Leftovers
|-damage|p1a: Slow Kid|59/100 tox|[from] psn
|upkeep
|turn|41
|
|t:|1642198242
|move|p1a: Slow Kid|Psychic|p2a: Aromatisse
|-damage|p2a: Aromatisse|9/100
|move|p2a: Aromatisse|Wish|p2a: Aromatisse
|
|-heal|p2a: Aromatisse|15/100|[from] item: Leftovers
|-damage|p1a: Slow Kid|35/100 tox|[from] psn
|upkeep
|turn|42
|
|t:|1642198249
|move|p2a: Aromatisse|Protect|p2a: Aromatisse
|-singleturn|p2a: Aromatisse|Protect
|move|p1a: Slow Kid|Psychic|p2a: Aromatisse
|-activate|p2a: Aromatisse|move: Protect
|
|-heal|p2a: Aromatisse|65/100|[from] move: Wish|[wisher] Aromatisse
|-heal|p2a: Aromatisse|71/100|[from] item: Leftovers
|-damage|p1a: Slow Kid|4/100 tox|[from] psn
|upkeep
|turn|43
|
|t:|1642198263
|switch|p1a: Shitaki|Amoonguss, M|40/100
|move|p2a: Aromatisse|Wish|p2a: Aromatisse
|
|-heal|p2a: Aromatisse|78/100|[from] item: Leftovers
|upkeep
|turn|44
|c|☆DQ Low Tier Legend|Pu vs UU i logged inti the wrong tier
|
|t:|1642198290
|switch|p1a: Slow Kid|Slowking, M|37/100 tox
|switch|p2a: Electivire|Electivire, F|84/100
|
|-heal|p2a: Electivire|100/100|[from] move: Wish|[wisher] Aromatisse
|-damage|p1a: Slow Kid|31/100 tox|[from] psn
|upkeep
|turn|45
|c|☆granpy19|I mean this is not a great matchup
|
|t:|1642198302
|switch|p1a: Shitaki|Amoonguss, M|74/100
|move|p2a: Electivire|Wild Charge|p1a: Shitaki
|-resisted|p1a: Shitaki
|-damage|p1a: Shitaki|49/100
|-damage|p2a: Electivire|91/100|[from] Recoil
|
|upkeep
|turn|46
|
|t:|1642198318
|move|p2a: Electivire|Wild Charge|p1a: Shitaki
|-resisted|p1a: Shitaki
|-damage|p1a: Shitaki|22/100
|-damage|p2a: Electivire|81/100|[from] Recoil
|move|p1a: Shitaki|Spore|p2a: Electivire
|-status|p2a: Electivire|slp|[from] move: Spore
|
|upkeep
|turn|47
|
|t:|1642198326
|cant|p2a: Electivire|slp
|move|p1a: Shitaki|Synthesis|p1a: Shitaki
|-heal|p1a: Shitaki|72/100
|
|upkeep
|turn|48
|
|t:|1642198333
|cant|p2a: Electivire|slp
|move|p1a: Shitaki|Synthesis|p1a: Shitaki
|-heal|p1a: Shitaki|100/100
|
|upkeep
|turn|49
|
|t:|1642198340
|cant|p2a: Electivire|slp
|move|p1a: Shitaki|Spore|p2a: Electivire
|-fail|p2a: Electivire|slp
|
|upkeep
|turn|50
|
|t:|1642198351
|switch|p2a: Charizard|Charizard, F|94/100
|move|p1a: Shitaki|Spore|p2a: Charizard
|-message|Sleep Clause Mod activated.
|
|upkeep
|turn|51
|
|t:|1642198359
|switch|p2a: Electivire|Electivire, F|81/100 slp
|move|p1a: Shitaki|Toxic||[still]
|-fail|p1a: Shitaki
|
|upkeep
|turn|52
|
|t:|1642198366
|switch|p1a: Salad Man|Salamence, M|38/100
|-curestatus|p2a: Electivire|slp|[msg]
|move|p2a: Electivire|Ice Punch|p1a: Salad Man
|-supereffective|p1a: Salad Man
|-damage|p1a: Salad Man|0 fnt
|faint|p1a: Salad Man
|
|upkeep
|
|t:|1642198377
|switch|p1a: Scar Face|Skarmory, M|96/100
|turn|53
|
|t:|1642198383
|move|p2a: Electivire|Wild Charge|p1a: Scar Face
|-supereffective|p1a: Scar Face
|-damage|p1a: Scar Face|22/100
|-damage|p2a: Electivire|60/100|[from] Recoil
|move|p1a: Scar Face|Whirlwind|p2a: Electivire
|drag|p2a: Charizard|Charizard, F|94/100
|
|upkeep
|turn|54
|inactive|granpy19 has 120 seconds left.
|inactive|granpy19 has 90 seconds left.
|
|t:|1642198448
|switch|p1a: Slow Kid|Slowking, M|64/100 tox
|move|p2a: Charizard|Flamethrower|p1a: Slow Kid
|-resisted|p1a: Slow Kid
|-damage|p1a: Slow Kid|51/100 tox
|
|-damage|p1a: Slow Kid|45/100 tox|[from] psn
|upkeep
|turn|55
|
|t:|1642198455
|switch|p2a: Scyther|Scyther, F|88/100
|move|p1a: Slow Kid|Slack Off|p1a: Slow Kid
|-heal|p1a: Slow Kid|95/100 tox
|
|-damage|p1a: Slow Kid|83/100 tox|[from] psn
|upkeep
|turn|56
|inactive|granpy19 has 90 seconds left.
|
|t:|1642198478
|switch|p1a: Get Loud|Exploud, M, shiny|56/100
|move|p2a: Scyther|Swords Dance|p2a: Scyther
|-boost|p2a: Scyther|atk|2
|
|upkeep
|turn|57
|inactive|granpy19 has 90 seconds left.
|
|t:|1642198486
|move|p2a: Scyther|Knock Off|p1a: Get Loud
|-damage|p1a: Get Loud|0 fnt
|-enditem|p1a: Get Loud|Choice Specs|[from] move: Knock Off|[of] p2a: Scyther
|faint|p1a: Get Loud
|
|upkeep
|inactive|granpy19 has 90 seconds left.
|
|t:|1642198496
|switch|p1a: Shitaki|Amoonguss, M|100/100
|turn|58
|
|t:|1642198499
|move|p2a: Scyther|Dual Wingbeat|p1a: Shitaki
|-supereffective|p1a: Shitaki
|-damage|p1a: Shitaki|0 fnt
|faint|p1a: Shitaki
|-hitcount|p1: Shitaki|1
|
|upkeep
|-message|granpy19 forfeited.
|
|win|DQ Low Tier Legend
|raw|granpy19's rating: 1177 &rarr; <strong>1151</strong><br />(-26 for losing)
|raw|DQ Low Tier Legend's rating: 1161 &rarr; <strong>1187</strong><br />(+26 for winning)
|l|☆granpy19
|c|☆DQ Low Tier Legend|But you got 6-0d
||Ladder isn't responding, score probably updated but might not have (Request timeout).
