|j|☆uult1 wendolro
|j|☆uult1 freitas
|player|p1|uult1 wendolro|archer|1693
|player|p2|uult1 freitas|swimmerm-gen3|1613
|teamsize|p1|6
|teamsize|p2|6
|gametype|singles
|gen|8
|tier|[Gen 8] UU
|rated|
|clearpoke
|poke|p1|Hitmontop, M|
|poke|p1|Reuniclus, M|
|poke|p1|Sandaconda, F|
|poke|p1|Golisopod, F|
|poke|p1|Drapion, M|
|poke|p1|Toxtricity-Low-Key, M|
|poke|p2|Dugtrio-Alola, F|
|poke|p2|Xatu, F|
|poke|p2|Haxorus, F|
|poke|p2|Necrozma|
|poke|p2|Barbaracle, F|
|poke|p2|Toxtricity, M|
|rule|Sleep Clause Mod: Limit one foe put to sleep
|rule|Species Clause: Limit one of each Pokémon
|rule|OHKO Clause: OHKO moves are banned
|rule|Evasion Moves Clause: Evasion moves are banned
|rule|Endless Battle Clause: Forcing endless battles is banned
|rule|HP Percentage Mod: HP is shown in percentages
|rule|Dynamax Clause: You cannot dynamax
|teampreview
|j|+Amane Misa
|j| UULT1 BF
|c|☆uult1 freitas|im only going downhill jesus
|
|start
|switch|p1a: Sandaconda|Sandaconda, F|100/100
|switch|p2a: Dugtrio|Dugtrio-Alola, F|100/100
|turn|1
|
|move|p2a: Dugtrio|Stealth Rock|p1a: Sandaconda
|-sidestart|p1: uult1 wendolro|move: Stealth Rock
|move|p1a: Sandaconda|Earthquake|p2a: Dugtrio
|-supereffective|p2a: Dugtrio
|-enditem|p2a: Dugtrio|Focus Sash
|-damage|p2a: Dugtrio|1/100
|
|upkeep
|turn|2
|
|switch|p2a: Xatu|Xatu, F|100/100
|move|p1a: Sandaconda|Stealth Rock|p2a: Xatu
|move|p2a: Xatu|Stealth Rock||[from]Magic Bounce|[still]
|-fail|p2a: Xatu
|
|upkeep
|turn|3
|j| UULT1 Curry
|
|switch|p1a: Drapion|Drapion, M|100/100
|-damage|p1a: Drapion|88/100|[from] Stealth Rock
|move|p2a: Xatu|Reflect|p2a: Xatu
|-sidestart|p2: uult1 freitas|Reflect
|
|upkeep
|turn|4
|
|switch|p2a: Dugtrio|Dugtrio-Alola, F|1/100
|move|p1a: Drapion|Knock Off|p2a: Dugtrio
|-damage|p2a: Dugtrio|0 fnt
|-ability|p2a: Dugtrio|Tangling Hair
|-unboost|p1a: Drapion|spe|1
|-damage|p1a: Drapion|78/100|[from] item: Life Orb
|faint|p2a: Dugtrio
|
|upkeep
|
|switch|p2a: Barbaracle|Barbaracle, F|100/100
|turn|5
|
|move|p2a: Barbaracle|Shell Smash|p2a: Barbaracle
|-unboost|p2a: Barbaracle|def|1
|-unboost|p2a: Barbaracle|spd|1
|-boost|p2a: Barbaracle|atk|2
|-boost|p2a: Barbaracle|spa|2
|-boost|p2a: Barbaracle|spe|2
|move|p1a: Drapion|Knock Off|p2a: Barbaracle
|-damage|p2a: Barbaracle|57/100
|-enditem|p2a: Barbaracle|Shuca Berry|[from] move: Knock Off|[of] p1a: Drapion
|-damage|p1a: Drapion|68/100|[from] item: Life Orb
|
|upkeep
|turn|6
|
|move|p2a: Barbaracle|Liquidation|p1a: Drapion
|-damage|p1a: Drapion|0 fnt
|faint|p1a: Drapion
|
|upkeep
|
|switch|p1a: Hitmontop|Hitmontop, M|100/100
|-damage|p1a: Hitmontop|95/100|[from] Stealth Rock
|turn|7
|
|move|p1a: Hitmontop|Mach Punch|p2a: Barbaracle
|-supereffective|p2a: Barbaracle
|-damage|p2a: Barbaracle|4/100
|-damage|p1a: Hitmontop|85/100|[from] item: Life Orb
|move|p2a: Barbaracle|Liquidation|p1a: Hitmontop
|-damage|p1a: Hitmontop|0 fnt
|faint|p1a: Hitmontop
|
|upkeep
|
|switch|p1a: Golisopod|Golisopod, F|100/100
|turn|8
|
|move|p2a: Barbaracle|Protect|p2a: Barbaracle
|-singleturn|p2a: Barbaracle|Protect
|move|p1a: Golisopod|Aqua Jet|p2a: Barbaracle
|-activate|p2a: Barbaracle|move: Protect
|
|upkeep
|turn|9
|
|move|p1a: Golisopod|Aqua Jet|p2a: Barbaracle
|-damage|p2a: Barbaracle|0 fnt
|faint|p2a: Barbaracle
|
|upkeep
|
|switch|p2a: Toxtricity|Toxtricity, M|100/100
|turn|10
|
|switch|p1a: Reuniclus|Reuniclus, M|100/100
|-damage|p1a: Reuniclus|88/100|[from] Stealth Rock
|move|p2a: Toxtricity|Boomburst|p1a: Reuniclus
|-damage|p1a: Reuniclus|52/100
|-enditem|p2a: Toxtricity|Throat Spray
|-boost|p2a: Toxtricity|spa|1|[from] item: Throat Spray
|
|-sideend|p2: uult1 freitas|Reflect
|upkeep
|turn|11
|
|move|p2a: Toxtricity|Boomburst|p1a: Reuniclus
|-damage|p1a: Reuniclus|1/100
|move|p1a: Reuniclus|Psychic|p2a: Toxtricity
|-supereffective|p2a: Toxtricity
|-damage|p2a: Toxtricity|0 fnt
|faint|p2a: Toxtricity
|
|upkeep
|c|☆uult1 freitas|,
|
|switch|p2a: Necrozma|Necrozma|100/100
|turn|12
|
|move|p2a: Necrozma|Photon Geyser|p1a: Reuniclus
|-resisted|p1a: Reuniclus
|-damage|p1a: Reuniclus|0 fnt
|faint|p1a: Reuniclus
|
|upkeep
|
|switch|p1a: Toxtricity|Toxtricity-Low-Key, M|100/100
|-damage|p1a: Toxtricity|88/100|[from] Stealth Rock
|turn|13
|
|move|p1a: Toxtricity|Volt Switch|p2a: Necrozma
|-damage|p2a: Necrozma|61/100
|
|switch|p1a: Sandaconda|Sandaconda, F|100/100|[from]move: Volt Switch
|-damage|p1a: Sandaconda|94/100|[from] Stealth Rock
|move|p2a: Necrozma|Earthquake|p1a: Sandaconda
|-damage|p1a: Sandaconda|73/100
|-weather|Sandstorm|[from] ability: Sand Spit|[of] p1a: Sandaconda
|
|-weather|Sandstorm|[upkeep]
|-damage|p2a: Necrozma|55/100|[from] Sandstorm
|upkeep
|turn|14
|
|switch|p2a: Xatu|Xatu, F|100/100
|move|p1a: Sandaconda|Stone Edge|p2a: Xatu|[miss]
|-miss|p1a: Sandaconda|p2a: Xatu
|
|-weather|Sandstorm|[upkeep]
|-damage|p2a: Xatu|95/100|[from] Sandstorm
|upkeep
|turn|15
|
|move|p2a: Xatu|Light Screen|p2a: Xatu
|-sidestart|p2: uult1 freitas|move: Light Screen
|move|p1a: Sandaconda|Stone Edge|p2a: Xatu|[miss]
|-miss|p1a: Sandaconda|p2a: Xatu
|
|-weather|Sandstorm|[upkeep]
|-damage|p2a: Xatu|89/100|[from] Sandstorm
|upkeep
|turn|16
|
|move|p2a: Xatu|Reflect|p2a: Xatu
|-sidestart|p2: uult1 freitas|Reflect
|move|p1a: Sandaconda|Stone Edge|p2a: Xatu
|-supereffective|p2a: Xatu
|-crit|p2a: Xatu
|-damage|p2a: Xatu|0 fnt
|faint|p2a: Xatu
|
|-weather|Sandstorm|[upkeep]
|upkeep
|
|switch|p2a: Haxorus|Haxorus, F|100/100
|-ability|p2a: Haxorus|Mold Breaker
|turn|17
|
|move|p2a: Haxorus|Dragon Dance|p2a: Haxorus
|-boost|p2a: Haxorus|atk|1
|-boost|p2a: Haxorus|spe|1
|move|p1a: Sandaconda|Earthquake|p2a: Haxorus
|-damage|p2a: Haxorus|76/100
|
|-weather|none
|upkeep
|turn|18
|
|move|p2a: Haxorus|Dragon Dance|p2a: Haxorus
|-boost|p2a: Haxorus|atk|1
|-boost|p2a: Haxorus|spe|1
|move|p1a: Sandaconda|Earthquake|p2a: Haxorus
|-damage|p2a: Haxorus|50/100
|
|upkeep
|turn|19
|
|move|p1a: Sandaconda|Endure|p1a: Sandaconda
|-singleturn|p1a: Sandaconda|move: Endure
|move|p2a: Haxorus|Dragon Claw|p1a: Sandaconda
|-activate|p1a: Sandaconda|move: Endure
|-damage|p1a: Sandaconda|1/100
|-damage|p2a: Haxorus|34/100|[from] item: Rocky Helmet|[of] p1a: Sandaconda
|-weather|Sandstorm|[from] ability: Sand Spit|[of] p1a: Sandaconda
|-damage|p2a: Haxorus|24/100|[from] item: Life Orb
|
|-weather|Sandstorm|[upkeep]
|-damage|p2a: Haxorus|18/100|[from] Sandstorm
|upkeep
|turn|20
|
|move|p2a: Haxorus|Earthquake|p1a: Sandaconda
|-damage|p1a: Sandaconda|0 fnt
|-damage|p2a: Haxorus|8/100|[from] item: Life Orb
|faint|p1a: Sandaconda
|
|-weather|Sandstorm|[upkeep]
|-damage|p2a: Haxorus|2/100|[from] Sandstorm
|upkeep
|c|☆uult1 freitas|dude
|c|☆uult1 freitas|LOL
|j| af kiin
|
|switch|p1a: Golisopod|Golisopod, F|100/100
|turn|21
|
|move|p1a: Golisopod|First Impression|p2a: Haxorus
|-damage|p2a: Haxorus|0 fnt
|faint|p2a: Haxorus
|
|-weather|Sandstorm|[upkeep]
|-damage|p1a: Golisopod|94/100|[from] Sandstorm
|upkeep
|
|switch|p2a: Necrozma|Necrozma|55/100
|turn|22
|
|switch|p1a: Toxtricity|Toxtricity-Low-Key, M|88/100
|-damage|p1a: Toxtricity|76/100|[from] Stealth Rock
|move|p2a: Necrozma|Dragon Dance|p2a: Necrozma
|-boost|p2a: Necrozma|atk|1
|-boost|p2a: Necrozma|spe|1
|
|-weather|Sandstorm|[upkeep]
|-damage|p1a: Toxtricity|70/100|[from] Sandstorm
|-damage|p2a: Necrozma|49/100|[from] Sandstorm
|-sideend|p2: uult1 freitas|move: Light Screen
|upkeep
|turn|23
|
|move|p1a: Toxtricity|Boomburst|p2a: Necrozma
|-damage|p2a: Necrozma|0 fnt
|faint|p2a: Necrozma
|
|win|uult1 wendolro
|l|☆uult1 freitas
|l| UULT1 BF
|l| af kiin
