|j|☆LSRain
|j|☆GryphonEX
|t:|1662591419
|gametype|singles
|player|p1|LSRain|brendan-gen3rs|1414
|player|p2|GryphonEX|gardenia|1406
|teamsize|p1|6
|teamsize|p2|6
|gen|8
|tier|[Gen 8] UU
|rated|
|rule|Sleep Clause Mod: Limit one foe put to sleep
|rule|Species Clause: Limit one of each Pokémon
|rule|OHKO Clause: OHKO moves are banned
|rule|Evasion Items Clause: Evasion items are banned
|rule|Evasion Moves Clause: Evasion moves are banned
|rule|Endless Battle Clause: Forcing endless battles is banned
|rule|HP Percentage Mod: HP is shown in percentages
|rule|Dynamax Clause: You cannot dynamax
|clearpoke
|poke|p1|Politoed, F|
|poke|p1|Kingdra, M|
|poke|p1|Salamence, F|
|poke|p1|Amoonguss, F|
|poke|p1|Kabutops, F|
|poke|p1|Thundurus-Therian, M|
|poke|p2|Hydreigon, F|
|poke|p2|Suicune|
|poke|p2|Zarude|
|poke|p2|Salamence, M|
|poke|p2|Chansey, F|
|poke|p2|Corsola-Galar, F|
|teampreview
|inactive|Battle timer is ON: inactive players will automatically lose when time's up. (requested by LSRain)
|c|☆GryphonEX|Good luck!
|c|☆LSRain|you too!
|
|t:|1662591434
|start
|switch|p1a: Politoed|Politoed, F|100/100
|switch|p2a: Corsola|Corsola-Galar, F|100/100
|-weather|RainDance|[from] ability: Drizzle|[of] p1a: Politoed
|turn|1
|
|t:|1662591437
|move|p1a: Politoed|Toxic|p2a: Corsola|[miss]
|-miss|p1a: Politoed|p2a: Corsola
|move|p2a: Corsola|Stealth Rock|p1a: Politoed
|-sidestart|p1: LSRain|move: Stealth Rock
|
|-weather|RainDance|[upkeep]
|upkeep
|turn|2
|
|t:|1662591439
|switch|p2a: Chansey|Chansey, F|100/100
|move|p1a: Politoed|Toxic|p2a: Chansey
|-status|p2a: Chansey|tox
|
|-weather|RainDance|[upkeep]
|-damage|p2a: Chansey|94/100 tox|[from] psn
|upkeep
|turn|3
|
|t:|1662591450
|switch|p1a: Salamence|Salamence, F|100/100
|-ability|p1a: Salamence|Intimidate|boost
|-unboost|p2a: Chansey|atk|1
|move|p2a: Chansey|Thunder Wave|p1a: Salamence
|-status|p1a: Salamence|par
|
|-weather|RainDance|[upkeep]
|-damage|p2a: Chansey|82/100 tox|[from] psn
|upkeep
|turn|4
|
|t:|1662591455
|-curestatus|p2a: Chansey|tox|[from] ability: Natural Cure
|switch|p2a: Suicune|Suicune|100/100
|-ability|p2a: Suicune|Pressure
|move|p1a: Salamence|Defog|p2a: Suicune
|-unboost|p2a: Suicune|evasion|1
|-sideend|p1: LSRain|Stealth Rock|[from] move: Defog|[of] p1a: Salamence
|
|-weather|RainDance|[upkeep]
|upkeep
|turn|5
|
|t:|1662591462
|switch|p1a: Thundurus|Thundurus-Therian, M|100/100
|move|p2a: Suicune|Calm Mind|p2a: Suicune
|-boost|p2a: Suicune|spa|1
|-boost|p2a: Suicune|spd|1
|
|-weather|RainDance|[upkeep]
|upkeep
|turn|6
|
|t:|1662591465
|move|p1a: Thundurus|Thunder|p2a: Suicune
|-supereffective|p2a: Suicune
|-damage|p2a: Suicune|41/100
|move|p2a: Suicune|Ice Beam|p1a: Thundurus
|-supereffective|p1a: Thundurus
|-damage|p1a: Thundurus|24/100
|
|-weather|RainDance|[upkeep]
|-heal|p2a: Suicune|47/100|[from] item: Leftovers
|upkeep
|turn|7
|
|t:|1662591469
|switch|p2a: Chansey|Chansey, F|82/100
|move|p1a: Thundurus|Thunder|p2a: Chansey
|-damage|p2a: Chansey|64/100
|
|-weather|RainDance|[upkeep]
|upkeep
|turn|8
|
|t:|1662591477
|switch|p1a: Amoonguss|Amoonguss, F|100/100
|switch|p2a: Corsola|Corsola-Galar, F|100/100
|
|-weather|none
|upkeep
|turn|9
|
|t:|1662591487
|move|p2a: Corsola|Stealth Rock|p1a: Amoonguss
|-sidestart|p1: LSRain|move: Stealth Rock
|move|p1a: Amoonguss|Spore|p2a: Corsola
|-status|p2a: Corsola|slp|[from] move: Spore
|
|upkeep
|turn|10
|
|t:|1662591491
|switch|p1a: Salamence|Salamence, F|100/100 par
|-ability|p1a: Salamence|Intimidate|boost
|-unboost|p2a: Corsola|atk|1
|switch|p2a: Hydreigon|Hydreigon, F|100/100
|
|upkeep
|turn|11
|
|t:|1662591507
|switch|p1a: Amoonguss|Amoonguss, F|100/100
|-damage|p1a: Amoonguss|88/100|[from] Stealth Rock
|move|p2a: Hydreigon|Draco Meteor|p1a: Amoonguss
|-damage|p1a: Amoonguss|0 fnt
|-unboost|p2a: Hydreigon|spa|2
|faint|p1a: Amoonguss
|
|upkeep
|
|t:|1662591510
|switch|p1a: Politoed|Politoed, F|100/100
|-damage|p1a: Politoed|88/100|[from] Stealth Rock
|-weather|RainDance|[from] ability: Drizzle|[of] p1a: Politoed
|turn|12
|
|t:|1662591523
|switch|p2a: Suicune|Suicune|47/100
|-ability|p2a: Suicune|Pressure
|move|p1a: Politoed|Toxic|p2a: Suicune
|-status|p2a: Suicune|tox
|
|-weather|RainDance|[upkeep]
|-heal|p2a: Suicune|53/100 tox|[from] item: Leftovers
|-damage|p2a: Suicune|47/100 tox|[from] psn
|upkeep
|turn|13
|
|t:|1662591527
|switch|p1a: Thundurus|Thundurus-Therian, M|24/100
|move|p2a: Suicune|Ice Beam|p1a: Thundurus
|-supereffective|p1a: Thundurus
|-damage|p1a: Thundurus|0 fnt
|faint|p1a: Thundurus
|
|-weather|RainDance|[upkeep]
|-heal|p2a: Suicune|53/100 tox|[from] item: Leftovers
|-damage|p2a: Suicune|41/100 tox|[from] psn
|upkeep
|
|t:|1662591537
|switch|p1a: Kingdra|Kingdra, M|100/100
|-damage|p1a: Kingdra|88/100|[from] Stealth Rock
|turn|14
|
|t:|1662591541
|switch|p2a: Corsola|Corsola-Galar, F|100/100 slp
|move|p1a: Kingdra|Flip Turn|p2a: Corsola
|-crit|p2a: Corsola
|-damage|p2a: Corsola|72/100 slp
|
|t:|1662591543
|switch|p1a: Kabutops|Kabutops, F|100/100|[from]move: Flip Turn
|-damage|p1a: Kabutops|88/100|[from] Stealth Rock
|
|-weather|RainDance|[upkeep]
|upkeep
|turn|15
|
|t:|1662591554
|move|p1a: Kabutops|Swords Dance|p1a: Kabutops
|-boost|p1a: Kabutops|atk|2
|cant|p2a: Corsola|slp
|
|-weather|RainDance|[upkeep]
|upkeep
|turn|16
|
|t:|1662591557
|move|p1a: Kabutops|Liquidation|p2a: Corsola
|-damage|p2a: Corsola|0 fnt
|faint|p2a: Corsola
|-damage|p1a: Kabutops|78/100|[from] item: Life Orb
|
|-weather|RainDance|[upkeep]
|upkeep
|
|t:|1662591563
|switch|p2a: Suicune|Suicune|41/100 tox
|-ability|p2a: Suicune|Pressure
|turn|17
|
|t:|1662591592
|switch|p2a: Salamence|Salamence, M|100/100
|-ability|p2a: Salamence|Intimidate|boost
|-unboost|p1a: Kabutops|atk|1
|move|p1a: Kabutops|Liquidation|p2a: Salamence
|-resisted|p2a: Salamence
|-damage|p2a: Salamence|49/100
|-unboost|p2a: Salamence|def|1
|-damage|p1a: Kabutops|68/100|[from] item: Life Orb
|
|-weather|RainDance|[upkeep]
|upkeep
|turn|18
|
|t:|1662591601
|switch|p2a: Suicune|Suicune|41/100 tox
|-ability|p2a: Suicune|Pressure
|move|p1a: Kabutops|Liquidation|p2a: Suicune
|-resisted|p2a: Suicune
|-damage|p2a: Suicune|6/100 tox
|-damage|p1a: Kabutops|58/100|[from] item: Life Orb
|
|-weather|RainDance|[upkeep]
|-heal|p2a: Suicune|12/100 tox|[from] item: Leftovers
|-damage|p2a: Suicune|6/100 tox|[from] psn
|upkeep
|turn|19
|
|t:|1662591610
|move|p1a: Kabutops|Liquidation|p2a: Suicune
|-resisted|p2a: Suicune
|-damage|p2a: Suicune|0 fnt
|faint|p2a: Suicune
|-damage|p1a: Kabutops|48/100|[from] item: Life Orb
|
|-weather|none
|upkeep
|
|t:|1662591613
|switch|p2a: Zarude|Zarude|100/100
|turn|20
|
|t:|1662591618
|switch|p1a: Salamence|Salamence, F|100/100 par
|-ability|p1a: Salamence|Intimidate|boost
|-unboost|p2a: Zarude|atk|1
|move|p2a: Zarude|Darkest Lariat|p1a: Salamence
|-damage|p1a: Salamence|60/100 par
|
|upkeep
|turn|21
|
|t:|1662591640
|switch|p2a: Hydreigon|Hydreigon, F|100/100
|cant|p1a: Salamence|par
|
|upkeep
|turn|22
|
|t:|1662591655
|switch|p1a: Politoed|Politoed, F|88/100
|-damage|p1a: Politoed|76/100|[from] Stealth Rock
|-weather|RainDance|[from] ability: Drizzle|[of] p1a: Politoed
|move|p2a: Hydreigon|Draco Meteor|p1a: Politoed
|-damage|p1a: Politoed|0 fnt
|-unboost|p2a: Hydreigon|spa|2
|faint|p1a: Politoed
|
|-weather|RainDance|[upkeep]
|upkeep
|
|t:|1662591660
|switch|p1a: Kingdra|Kingdra, M|88/100
|-damage|p1a: Kingdra|76/100|[from] Stealth Rock
|turn|23
|
|t:|1662591664
|switch|p2a: Chansey|Chansey, F|64/100
|move|p1a: Kingdra|Flip Turn|p2a: Chansey
|-damage|p2a: Chansey|48/100
|
|t:|1662591666
|switch|p1a: Kabutops|Kabutops, F|48/100|[from]move: Flip Turn
|-damage|p1a: Kabutops|36/100|[from] Stealth Rock
|
|-weather|RainDance|[upkeep]
|upkeep
|turn|24
|
|t:|1662591676
|move|p1a: Kabutops|Liquidation|p2a: Chansey
|-damage|p2a: Chansey|0 fnt
|faint|p2a: Chansey
|-damage|p1a: Kabutops|26/100|[from] item: Life Orb
|
|-weather|RainDance|[upkeep]
|upkeep
|
|t:|1662591681
|switch|p2a: Zarude|Zarude|100/100
|turn|25
|
|t:|1662591685
|move|p1a: Kabutops|Stone Edge|p2a: Zarude
|-damage|p2a: Zarude|41/100
|-damage|p1a: Kabutops|16/100|[from] item: Life Orb
|move|p2a: Zarude|Darkest Lariat|p1a: Kabutops
|-crit|p1a: Kabutops
|-damage|p1a: Kabutops|0 fnt
|faint|p1a: Kabutops
|
|-weather|RainDance|[upkeep]
|upkeep
|
|t:|1662591689
|switch|p1a: Kingdra|Kingdra, M|76/100
|-damage|p1a: Kingdra|63/100|[from] Stealth Rock
|turn|26
|
|t:|1662591704
|switch|p2a: Salamence|Salamence, M|49/100
|-ability|p2a: Salamence|Intimidate|boost
|-unboost|p1a: Kingdra|atk|1
|move|p1a: Kingdra|Hurricane|p2a: Salamence
|-damage|p2a: Salamence|0 fnt
|faint|p2a: Salamence
|
|-weather|RainDance|[upkeep]
|upkeep
|
|t:|1662591708
|switch|p2a: Hydreigon|Hydreigon, F|100/100
|turn|27
|
|t:|1662591750
|switch|p1a: Salamence|Salamence, F|60/100 par
|-ability|p1a: Salamence|Intimidate|boost
|-unboost|p2a: Hydreigon|atk|1
|move|p2a: Hydreigon|Draco Meteor|p1a: Salamence
|-supereffective|p1a: Salamence
|-damage|p1a: Salamence|0 fnt
|-unboost|p2a: Hydreigon|spa|2
|faint|p1a: Salamence
|
|-weather|RainDance|[upkeep]
|upkeep
|
|t:|1662591751
|switch|p1a: Kingdra|Kingdra, M|63/100
|-damage|p1a: Kingdra|51/100|[from] Stealth Rock
|turn|28
|
|t:|1662591758
|switch|p2a: Zarude|Zarude|41/100
|move|p1a: Kingdra|Draco Meteor|p2a: Zarude
|-damage|p2a: Zarude|0 fnt
|-unboost|p1a: Kingdra|spa|2
|faint|p2a: Zarude
|
|-weather|RainDance|[upkeep]
|upkeep
|
|t:|1662591760
|switch|p2a: Hydreigon|Hydreigon, F|100/100
|turn|29
|
|t:|1662591761
|move|p1a: Kingdra|Draco Meteor|p2a: Hydreigon
|-supereffective|p2a: Hydreigon
|-damage|p2a: Hydreigon|0 fnt
|-unboost|p1a: Kingdra|spa|2
|faint|p2a: Hydreigon
|
|win|LSRain
|raw|LSRain's rating: 1414 &rarr; <strong>1434</strong><br />(+20 for winning)
|raw|GryphonEX's rating: 1406 &rarr; <strong>1386</strong><br />(-20 for losing)
|c|☆GryphonEX|Oh damn
|c|☆LSRain|gg
|c|☆GryphonEX|gg
