|html|<div class="broadcast-blue"><strong>[Gen 8] UU is currently suspecting Scizor! For information on how to participate check out the <a href="https://www.smogon.com/forums/threads/ss-uu-stage-12-2-spider-dance.3704866/">suspect thread</a>.</strong></div>
|j|☆5 pia to the top
|j|☆Rezo950inat0r2
|t:|1659229705
|gametype|singles
|player|p1|5 pia to the top|#uutrio2ladder|1075
|player|p2|Rezo950inat0r2|266|1088
|teamsize|p1|5
|teamsize|p2|6
|gen|8
|tier|[Gen 8] UU
|rated|
|rule|Sleep Clause Mod: Limit one foe put to sleep
|rule|Species Clause: Limit one of each Pokémon
|rule|OHKO Clause: OHKO moves are banned
|rule|Evasion Moves Clause: Evasion moves are banned
|rule|Endless Battle Clause: Forcing endless battles is banned
|rule|HP Percentage Mod: HP is shown in percentages
|rule|Dynamax Clause: You cannot dynamax
|clearpoke
|poke|p1|Articuno|
|poke|p1|Umbreon, M|
|poke|p1|Quagsire, M|
|poke|p1|Skarmory, M|
|poke|p1|Nihilego|
|poke|p2|Keldeo-Resolute|
|poke|p2|Krookodile, M|
|poke|p2|Rotom-Heat|
|poke|p2|Vileplume, F|
|poke|p2|Azelf|
|poke|p2|Mimikyu, M|
|teampreview
|inactive|Battle timer is ON: inactive players will automatically lose when time's up. (requested by Rezo950inat0r2)
|c|☆Rezo950inat0r2|gl hf
|c|☆5 pia to the top|glhf
|
|t:|1659229754
|start
|switch|p1a: muddy buddy|Quagsire, M|100/100
|switch|p2a: Krookodile|Krookodile, M|100/100
|-ability|p2a: Krookodile|Intimidate|boost
|-unboost|p1a: muddy buddy|atk|1
|turn|1
|
|t:|1659229760
|switch|p2a: Vileplume|Vileplume, F|100/100
|move|p1a: muddy buddy|Scald|p2a: Vileplume
|-resisted|p2a: Vileplume
|-damage|p2a: Vileplume|90/100
|
|-heal|p2a: Vileplume|97/100|[from] item: Black Sludge
|upkeep
|turn|2
|
|t:|1659229764
|switch|p1a: stingy thingy|Nihilego|100/100
|move|p2a: Vileplume|Sleep Powder|p1a: stingy thingy
|-status|p1a: stingy thingy|slp|[from] move: Sleep Powder
|
|-heal|p2a: Vileplume|100/100|[from] item: Black Sludge
|upkeep
|turn|3
|j| MegaTotomon
|
|t:|1659229771
|switch|p2a: Krookodile|Krookodile, M|100/100
|-ability|p2a: Krookodile|Intimidate|boost
|-unboost|p1a: stingy thingy|atk|1
|cant|p1a: stingy thingy|slp
|
|upkeep
|turn|4
|
|t:|1659229774
|switch|p1a: sturdy birdy|Skarmory, M|100/100
|move|p2a: Krookodile|Stealth Rock|p1a: sturdy birdy
|-sidestart|p1: 5 pia to the top|move: Stealth Rock
|
|upkeep
|turn|5
|j| V3nuesaur
|
|t:|1659229778
|move|p2a: Krookodile|Knock Off|p1a: sturdy birdy
|-damage|p1a: sturdy birdy|78/100
|-damage|p2a: Krookodile|84/100|[from] item: Rocky Helmet|[of] p1a: sturdy birdy
|-enditem|p1a: sturdy birdy|Rocky Helmet|[from] move: Knock Off|[of] p2a: Krookodile
|move|p1a: sturdy birdy|Defog|p2a: Krookodile
|-unboost|p2a: Krookodile|evasion|1
|-sideend|p1: 5 pia to the top|Stealth Rock|[from] move: Defog|[of] p1a: sturdy birdy
|
|-heal|p2a: Krookodile|90/100|[from] item: Leftovers
|upkeep
|turn|6
|
|t:|1659229784
|move|p2a: Krookodile|Taunt|p1a: sturdy birdy
|-start|p1a: sturdy birdy|move: Taunt
|move|p1a: sturdy birdy|Body Press|p2a: Krookodile
|-supereffective|p2a: Krookodile
|-crit|p2a: Krookodile
|-damage|p2a: Krookodile|0 fnt
|faint|p2a: Krookodile
|
|upkeep
|
|t:|1659229788
|switch|p2a: Rotom|Rotom-Heat|100/100
|turn|7
|
|t:|1659229793
|switch|p2a: Vileplume|Vileplume, F|100/100
|switch|p1a: muddy buddy|Quagsire, M|100/100
|
|upkeep
|turn|8
|
|t:|1659229800
|switch|p1a: freezey vreezey|Articuno|100/100
|-ability|p1a: freezey vreezey|Pressure
|move|p2a: Vileplume|Sludge Bomb|p1a: freezey vreezey
|-crit|p1a: freezey vreezey
|-damage|p1a: freezey vreezey|71/100
|
|upkeep
|turn|9
|c| V3nuesaur|have u been winnign pif?
|c|☆5 pia to the top|only 2 games
|
|t:|1659229812
|switch|p2a: Rotom|Rotom-Heat|100/100
|move|p1a: freezey vreezey|Roost|p1a: freezey vreezey
|-heal|p1a: freezey vreezey|100/100
|-singleturn|p1a: freezey vreezey|move: Roost
|
|upkeep
|turn|10
|
|t:|1659229817
|switch|p1a: muddy buddy|Quagsire, M|100/100
|move|p2a: Rotom|Overheat|p1a: muddy buddy|[miss]
|-miss|p2a: Rotom|p1a: muddy buddy
|
|upkeep
|turn|11
|c| V3nuesaur|:/
|j| NoahDeKnight
|
|t:|1659229826
|switch|p2a: Keldeo|Keldeo-Resolute|100/100
|move|p1a: muddy buddy|Scald|p2a: Keldeo
|-resisted|p2a: Keldeo
|-damage|p2a: Keldeo|90/100
|
|upkeep
|turn|12
|c|☆5 pia to the top|only played 2 tho
|
|t:|1659229832
|move|p2a: Keldeo|Icy Wind|p1a: muddy buddy
|-damage|p1a: muddy buddy|76/100
|-unboost|p1a: muddy buddy|spe|1
|move|p1a: muddy buddy|Toxic|p2a: Keldeo
|-status|p2a: Keldeo|tox
|
|-heal|p1a: muddy buddy|82/100|[from] item: Leftovers
|-damage|p2a: Keldeo|83/100 tox|[from] psn
|upkeep
|turn|13
|c| NoahDeKnight|garf
|
|t:|1659229841
|switch|p2a: Vileplume|Vileplume, F|100/100
|move|p1a: muddy buddy|Scald|p2a: Vileplume
|-resisted|p2a: Vileplume
|-damage|p2a: Vileplume|90/100
|
|-heal|p2a: Vileplume|96/100|[from] item: Black Sludge
|-heal|p1a: muddy buddy|88/100|[from] item: Leftovers
|upkeep
|turn|14
|c|☆Rezo950inat0r2|y are so many ppl here
|j| Permission Slip
|
|t:|1659229853
|switch|p1a: umby wumby|Umbreon, M|100/100
|move|p2a: Vileplume|Sludge Bomb|p1a: umby wumby
|-damage|p1a: umby wumby|77/100
|
|-heal|p1a: umby wumby|83/100|[from] item: Leftovers
|-heal|p2a: Vileplume|100/100|[from] item: Black Sludge
|upkeep
|turn|15
|c| NoahDeKnight|he has a garf custom
|j| DumboTheDino
|l| Permission Slip
|
|t:|1659229864
|move|p1a: umby wumby|Wish|p1a: umby wumby
|move|p2a: Vileplume|Giga Drain|p1a: umby wumby
|-damage|p1a: umby wumby|64/100
|
|-heal|p1a: umby wumby|70/100|[from] item: Leftovers
|upkeep
|turn|16
|j| 3muchswag
|
|t:|1659229871
|switch|p2a: Keldeo|Keldeo-Resolute|83/100 tox
|move|p1a: umby wumby|Protect||[still]
|-fail|p1a: umby wumby
|
|-heal|p1a: umby wumby|100/100|[from] move: Wish|[wisher] umby wumby
|-damage|p2a: Keldeo|77/100 tox|[from] psn
|upkeep
|turn|17
|
|t:|1659229874
|move|p1a: umby wumby|Protect|p1a: umby wumby
|-singleturn|p1a: umby wumby|Protect
|move|p2a: Keldeo|Secret Sword|p1a: umby wumby
|-activate|p1a: umby wumby|move: Protect
|
|-damage|p2a: Keldeo|65/100 tox|[from] psn
|upkeep
|turn|18
|l| MegaTotomon
|l| DumboTheDino
|j| TheMoneyMeister
|
|t:|1659229887
|move|p2a: Keldeo|Secret Sword|p1a: umby wumby
|-supereffective|p1a: umby wumby
|-damage|p1a: umby wumby|21/100
|move|p1a: umby wumby|Wish|p1a: umby wumby
|
|-heal|p1a: umby wumby|27/100|[from] item: Leftovers
|-damage|p2a: Keldeo|46/100 tox|[from] psn
|upkeep
|turn|19
|
|t:|1659229891
|move|p1a: umby wumby|Protect|p1a: umby wumby
|-singleturn|p1a: umby wumby|Protect
|move|p2a: Keldeo|Secret Sword|p1a: umby wumby
|-activate|p1a: umby wumby|move: Protect
|
|-heal|p1a: umby wumby|77/100|[from] move: Wish|[wisher] umby wumby
|-heal|p1a: umby wumby|83/100|[from] item: Leftovers
|-damage|p2a: Keldeo|22/100 tox|[from] psn
|upkeep
|turn|20
|c|☆Rezo950inat0r2|oh i didnt even  notice
|
|t:|1659229897
|switch|p1a: sturdy birdy|Skarmory, M|78/100
|move|p2a: Keldeo|Secret Sword|p1a: sturdy birdy
|-damage|p1a: sturdy birdy|37/100
|
|-damage|p2a: Keldeo|0 fnt|[from] psn
|faint|p2a: Keldeo
|upkeep
|
|t:|1659229907
|switch|p2a: Azelf|Azelf|100/100
|turn|21
|
|t:|1659229919
|switch|p1a: umby wumby|Umbreon, M|83/100
|move|p2a: Azelf|Flamethrower|p1a: umby wumby
|-damage|p1a: umby wumby|63/100
|-status|p1a: umby wumby|brn
|-activate|p1a: umby wumby|ability: Synchronize
|-status|p2a: Azelf|brn
|
|-heal|p1a: umby wumby|70/100 brn|[from] item: Leftovers
|-damage|p2a: Azelf|94/100 brn|[from] brn
|-damage|p1a: umby wumby|63/100 brn|[from] brn
|upkeep
|turn|22
|
|t:|1659229923
|move|p2a: Azelf|U-turn|p1a: umby wumby
|-supereffective|p1a: umby wumby
|-damage|p1a: umby wumby|53/100 brn
|
|t:|1659229928
|switch|p2a: Rotom|Rotom-Heat|100/100|[from]move: U-turn
|move|p1a: umby wumby|Heal Bell|p1a: umby wumby
|-activate|p1a: umby wumby|move: Heal Bell
|-curestatus|p1a: umby wumby|brn|[msg]
|-curestatus|p1: stingy thingy|slp|[msg]
|
|-heal|p1a: umby wumby|59/100|[from] item: Leftovers
|upkeep
|turn|23
|
|t:|1659229933
|move|p1a: umby wumby|Protect|p1a: umby wumby
|-singleturn|p1a: umby wumby|Protect
|move|p2a: Rotom|Overheat|p1a: umby wumby
|-activate|p1a: umby wumby|move: Protect
|
|-heal|p1a: umby wumby|65/100|[from] item: Leftovers
|upkeep
|turn|24
|
|t:|1659229937
|switch|p2a: Vileplume|Vileplume, F|100/100
|switch|p1a: stingy thingy|Nihilego|100/100
|
|upkeep
|turn|25
|
|t:|1659229941
|move|p1a: stingy thingy|Stealth Rock|p2a: Vileplume
|-sidestart|p2: Rezo950inat0r2|move: Stealth Rock
|move|p2a: Vileplume|Sleep Powder|p1a: stingy thingy|[miss]
|-miss|p2a: Vileplume|p1a: stingy thingy
|
|upkeep
|turn|26
|
|t:|1659229945
|move|p1a: stingy thingy|Knock Off|p2a: Vileplume
|-damage|p2a: Vileplume|91/100
|-status|p1a: stingy thingy|slp|[from] ability: Effect Spore|[of] p2a: Vileplume
|-enditem|p2a: Vileplume|Black Sludge|[from] move: Knock Off|[of] p1a: stingy thingy
|move|p2a: Vileplume|Sleep Powder|p1a: stingy thingy
|-fail|p1a: stingy thingy|slp
|
|upkeep
|turn|27
|
|t:|1659229948
|switch|p2a: Rotom|Rotom-Heat|100/100
|cant|p1a: stingy thingy|slp
|
|upkeep
|turn|28
|
|t:|1659229956
|cant|p1a: stingy thingy|slp
|move|p2a: Rotom|Defog|p1a: stingy thingy
|-unboost|p1a: stingy thingy|evasion|1
|-sideend|p2: Rezo950inat0r2|Stealth Rock|[from] move: Defog|[of] p2a: Rotom
|
|upkeep
|turn|29
|
|t:|1659229962
|-curestatus|p1a: stingy thingy|slp|[msg]
|move|p1a: stingy thingy|Stealth Rock|p2a: Rotom
|-sidestart|p2: Rezo950inat0r2|move: Stealth Rock
|move|p2a: Rotom|Volt Switch|p1a: stingy thingy
|-damage|p1a: stingy thingy|81/100
|
|t:|1659229968
|switch|p2a: Mimikyu|Mimikyu, M|100/100|[from]move: Volt Switch
|-damage|p2a: Mimikyu|88/100|[from] Stealth Rock
|
|-heal|p1a: stingy thingy|87/100|[from] item: Black Sludge
|upkeep
|turn|30
|
|t:|1659229976
|move|p1a: stingy thingy|Sludge Bomb|p2a: Mimikyu
|-activate|p2a: Mimikyu|ability: Disguise
|-damage|p2a: Mimikyu|88/100
|detailschange|p2a: Mimikyu|Mimikyu-Busted, M
|-damage|p2a: Mimikyu|76/100|[from] pokemon: Mimikyu-Busted
|move|p2a: Mimikyu|Swords Dance|p2a: Mimikyu
|-boost|p2a: Mimikyu|atk|2
|
|-heal|p1a: stingy thingy|94/100|[from] item: Black Sludge
|upkeep
|turn|31
|
|t:|1659229984
|move|p2a: Mimikyu|Shadow Sneak|p1a: stingy thingy
|-damage|p1a: stingy thingy|17/100
|-damage|p2a: Mimikyu|66/100|[from] item: Life Orb
|move|p1a: stingy thingy|Sludge Bomb|p2a: Mimikyu
|-damage|p2a: Mimikyu|8/100
|-status|p2a: Mimikyu|psn
|
|-heal|p1a: stingy thingy|24/100|[from] item: Black Sludge
|-damage|p2a: Mimikyu|0 fnt|[from] psn
|faint|p2a: Mimikyu
|upkeep
|c|☆Rezo950inat0r2|ye that was a misplay
|
|t:|1659229993
|switch|p2a: Azelf|Azelf|94/100 brn
|turn|32
|c|☆5 pia to the top|yes
|c|☆5 pia to the top|i said that on stream!
|c|☆5 pia to the top|(im streaming)
|c|☆Rezo950inat0r2|oh nice
|c|☆5 pia to the top|twitch.tv/pokemonisfun
|
|t:|1659230008
|switch|p1a: umby wumby|Umbreon, M|65/100
|move|p2a: Azelf|Psyshock|p1a: umby wumby
|-immune|p1a: umby wumby
|
|-heal|p1a: umby wumby|71/100|[from] item: Leftovers
|-damage|p2a: Azelf|88/100 brn|[from] brn
|upkeep
|turn|33
|c|☆5 pia to the top|please dont advertise
|
|t:|1659230022
|move|p1a: umby wumby|Protect|p1a: umby wumby
|-singleturn|p1a: umby wumby|Protect
|move|p2a: Azelf|Flamethrower|p1a: umby wumby
|-activate|p1a: umby wumby|move: Protect
|
|-heal|p1a: umby wumby|77/100|[from] item: Leftovers
|-damage|p2a: Azelf|82/100 brn|[from] brn
|upkeep
|turn|34
|c|☆Rezo950inat0r2|oh wait arent you top of ladder?
|
|t:|1659230031
|move|p2a: Azelf|Flamethrower|p1a: umby wumby
|-damage|p1a: umby wumby|54/100
|move|p1a: umby wumby|Wish|p1a: umby wumby
|
|-heal|p1a: umby wumby|60/100|[from] item: Leftovers
|-damage|p2a: Azelf|76/100 brn|[from] brn
|upkeep
|turn|35
|inactive|5 pia to the top has 120 seconds left.
|
|t:|1659230078
|move|p2a: Azelf|U-turn|p1a: umby wumby
|-supereffective|p1a: umby wumby
|-damage|p1a: umby wumby|49/100
|l| V3nuesaur
|c|☆5 pia to the top|yes im top of the ladder usually
|
|t:|1659230092
|switch|p2a: Vileplume|Vileplume, F|91/100|[from]move: U-turn
|-damage|p2a: Vileplume|78/100|[from] Stealth Rock
|move|p1a: umby wumby|Foul Play|p2a: Vileplume
|-damage|p2a: Vileplume|63/100
|-status|p1a: umby wumby|slp|[from] ability: Effect Spore|[of] p2a: Vileplume
|
|-heal|p1a: umby wumby|99/100 slp|[from] move: Wish|[wisher] umby wumby
|-heal|p1a: umby wumby|100/100 slp|[from] item: Leftovers
|upkeep
|turn|36
|
|t:|1659230099
|cant|p1a: umby wumby|slp
|move|p2a: Vileplume|Sludge Bomb|p1a: umby wumby
|-damage|p1a: umby wumby|79/100 slp
|
|-heal|p1a: umby wumby|85/100 slp|[from] item: Leftovers
|upkeep
|turn|37
|
|t:|1659230105
|cant|p1a: umby wumby|slp
|move|p2a: Vileplume|Giga Drain|p1a: umby wumby
|-damage|p1a: umby wumby|67/100 slp
|-heal|p2a: Vileplume|73/100|[from] drain|[of] p1a: umby wumby
|
|-heal|p1a: umby wumby|73/100 slp|[from] item: Leftovers
|upkeep
|turn|38
|c|☆Rezo950inat0r2|do you have any tips for my team? just made this one
|
|t:|1659230121
|-curestatus|p1a: umby wumby|slp|[msg]
|move|p1a: umby wumby|Wish|p1a: umby wumby
|move|p2a: Vileplume|Giga Drain|p1a: umby wumby
|-damage|p1a: umby wumby|53/100
|-heal|p2a: Vileplume|85/100|[from] drain|[of] p1a: umby wumby
|
|-heal|p1a: umby wumby|59/100|[from] item: Leftovers
|upkeep
|turn|39
|inactive|5 pia to the top has 120 seconds left.
|c|☆5 pia to the top|vileplume probably isnt optimal and you could have used keldeo better, if you're inetersed in more uu stuff feel free to check out a uu focused cord here https://www.smogon.com/forums/members/pokemonisfun.56643/
|c|☆5 pia to the top|point is to help people get into uu
|
|t:|1659230159
|move|p1a: umby wumby|Protect|p1a: umby wumby
|-singleturn|p1a: umby wumby|Protect
|move|p2a: Vileplume|Giga Drain|p1a: umby wumby
|-activate|p1a: umby wumby|move: Protect
|
|-heal|p1a: umby wumby|100/100|[from] move: Wish|[wisher] umby wumby
|upkeep
|turn|40
|c|☆Rezo950inat0r2|oh okay thanks
|c|☆Rezo950inat0r2|i wont waste your time
|-message|Rezo950inat0r2 forfeited.
|
|win|5 pia to the top
|raw|5 pia to the top's rating: 1075 &rarr; <strong>1105</strong><br />(+30 for winning)
|raw|Rezo950inat0r2's rating: 1088 &rarr; <strong>1064</strong><br />(-24 for losing)
|l|☆Rezo950inat0r2
|n| Pif has garf|noahdeknight
|l| Pif has garf
|l| 3muchswag
||Ladder isn't responding, score probably updated but might not have (Request timeout).
|l| TheMoneyMeister
|j|+udongirl
|l|+udongirl
