|j|☆Skeatchee
|j|☆5 pia to the top
|t:|1659877062
|gametype|singles
|player|p1|Skeatchee|266|1184
|player|p2|5 pia to the top|#uutrio2ladder|1330
|teamsize|p1|6
|teamsize|p2|5
|gen|8
|tier|[Gen 8] UU
|rated|
|rule|Sleep Clause Mod: Limit one foe put to sleep
|rule|Species Clause: Limit one of each Pokémon
|rule|OHKO Clause: OHKO moves are banned
|rule|Evasion Items Clause: Evasion items are banned
|rule|Evasion Moves Clause: Evasion moves are banned
|rule|Endless Battle Clause: Forcing endless battles is banned
|rule|HP Percentage Mod: HP is shown in percentages
|rule|Dynamax Clause: You cannot dynamax
|clearpoke
|poke|p1|Araquanid, M|
|poke|p1|Mamoswine, F|
|poke|p1|Skuntank, F|
|poke|p1|Thundurus-Therian, M|
|poke|p1|Jellicent, F|
|poke|p1|Noivern, M|
|poke|p2|Salamence, M|
|poke|p2|Chansey, F|
|poke|p2|Umbreon, M|
|poke|p2|Quagsire, F|
|poke|p2|Tangrowth, M|
|teampreview
|inactive|Battle timer is ON: inactive players will automatically lose when time's up. (requested by Skeatchee)
|
|t:|1659877076
|start
|switch|p1a: Araquanid|Araquanid, M|100/100
|switch|p2a: megan the eggin|Chansey, F|100/100
|turn|1
|
|t:|1659877081
|move|p1a: Araquanid|Magic Coat|p1a: Araquanid
|-singleturn|p1a: Araquanid|move: Magic Coat
|move|p2a: megan the eggin|Toxic|p1a: Araquanid
|move|p1a: Araquanid|Toxic|p2a: megan the eggin|[from]Magic Coat
|-status|p2a: megan the eggin|tox
|
|-damage|p2a: megan the eggin|94/100 tox|[from] psn
|upkeep
|turn|2
|j|+Mengy ㋛
|
|t:|1659877086
|-curestatus|p2a: megan the eggin|tox|[from] ability: Natural Cure
|switch|p2a: scary airy|Salamence, M|100/100
|-ability|p2a: scary airy|Intimidate|boost
|-unboost|p1a: Araquanid|atk|1
|move|p1a: Araquanid|Magic Coat|p1a: Araquanid
|-singleturn|p1a: Araquanid|move: Magic Coat
|
|upkeep
|turn|3
|
|t:|1659877090
|move|p2a: scary airy|Toxic|p1a: Araquanid
|-status|p1a: Araquanid|tox
|move|p1a: Araquanid|Sticky Web|p2a: scary airy
|-sidestart|p2: 5 pia to the top|move: Sticky Web
|
|-damage|p1a: Araquanid|94/100 tox|[from] psn
|upkeep
|turn|4
|
|t:|1659877093
|move|p2a: scary airy|Defog|p1a: Araquanid
|-unboost|p1a: Araquanid|evasion|1
|-sideend|p2: 5 pia to the top|Sticky Web|[from] move: Defog|[of] p2a: scary airy
|move|p1a: Araquanid|Liquidation|p2a: scary airy
|-resisted|p2a: scary airy
|-damage|p2a: scary airy|83/100
|
|-heal|p1a: Araquanid|100/100 tox|[from] item: Leftovers
|-damage|p1a: Araquanid|88/100 tox|[from] psn
|upkeep
|turn|5
|
|t:|1659877107
|move|p2a: scary airy|Flamethrower|p1a: Araquanid
|-damage|p1a: Araquanid|80/100 tox
|move|p1a: Araquanid|Sticky Web|p2a: scary airy
|-sidestart|p2: 5 pia to the top|move: Sticky Web
|
|-heal|p1a: Araquanid|86/100 tox|[from] item: Leftovers
|-damage|p1a: Araquanid|68/100 tox|[from] psn
|upkeep
|turn|6
|
|t:|1659877112
|move|p2a: scary airy|Defog|p1a: Araquanid
|-unboost|p1a: Araquanid|evasion|1
|-sideend|p2: 5 pia to the top|Sticky Web|[from] move: Defog|[of] p2a: scary airy
|move|p1a: Araquanid|Sticky Web|p2a: scary airy
|-sidestart|p2: 5 pia to the top|move: Sticky Web
|
|-heal|p1a: Araquanid|74/100 tox|[from] item: Leftovers
|-damage|p1a: Araquanid|49/100 tox|[from] psn
|upkeep
|turn|7
|
|t:|1659877116
|move|p2a: scary airy|Defog|p1a: Araquanid
|-unboost|p1a: Araquanid|evasion|1
|-sideend|p2: 5 pia to the top|Sticky Web|[from] move: Defog|[of] p2a: scary airy
|move|p1a: Araquanid|Sticky Web|p2a: scary airy
|-sidestart|p2: 5 pia to the top|move: Sticky Web
|
|-heal|p1a: Araquanid|55/100 tox|[from] item: Leftovers
|-damage|p1a: Araquanid|25/100 tox|[from] psn
|upkeep
|turn|8
|
|t:|1659877119
|move|p2a: scary airy|Roost|p2a: scary airy
|-heal|p2a: scary airy|100/100
|-singleturn|p2a: scary airy|move: Roost
|move|p1a: Araquanid|Sticky Web||[still]
|-fail|p1a: Araquanid
|
|-heal|p1a: Araquanid|31/100 tox|[from] item: Leftovers
|-damage|p1a: Araquanid|0 fnt|[from] psn
|faint|p1a: Araquanid
|upkeep
|
|t:|1659877124
|switch|p1a: Mamoswine|Mamoswine, F|100/100
|turn|9
|
|t:|1659877129
|switch|p2a: umby wumby|Umbreon, M|100/100
|-activate|p2a: umby wumby|move: Sticky Web
|-unboost|p2a: umby wumby|spe|1
|move|p1a: Mamoswine|Ice Shard|p2a: umby wumby
|-damage|p2a: umby wumby|86/100
|
|-heal|p2a: umby wumby|93/100|[from] item: Leftovers
|upkeep
|turn|10
|
|t:|1659877134
|switch|p1a: Thundurus|Thundurus-Therian, M|100/100
|move|p2a: umby wumby|Foul Play|p1a: Thundurus
|-damage|p1a: Thundurus|56/100
|
|-heal|p2a: umby wumby|99/100|[from] item: Leftovers
|upkeep
|turn|11
|
|t:|1659877142
|switch|p2a: megan the eggin|Chansey, F|94/100
|-activate|p2a: megan the eggin|move: Sticky Web
|-unboost|p2a: megan the eggin|spe|1
|move|p1a: Thundurus|Nasty Plot|p1a: Thundurus
|-boost|p1a: Thundurus|spa|2
|
|upkeep
|turn|12
|
|t:|1659877146
|move|p1a: Thundurus|Nasty Plot|p1a: Thundurus
|-boost|p1a: Thundurus|spa|2
|move|p2a: megan the eggin|Toxic|p1a: Thundurus
|-status|p1a: Thundurus|tox
|
|-damage|p1a: Thundurus|50/100 tox|[from] psn
|upkeep
|turn|13
|
|t:|1659877150
|switch|p2a: poggy froggy|Quagsire, F|100/100
|-activate|p2a: poggy froggy|move: Sticky Web
|-unboost|p2a: poggy froggy|spe|1
|move|p1a: Thundurus|Nasty Plot|p1a: Thundurus
|-boost|p1a: Thundurus|spa|2
|
|-damage|p1a: Thundurus|38/100 tox|[from] psn
|upkeep
|turn|14
|c|+Mengy ㋛|defog is a psychological play
|
|t:|1659877155
|move|p1a: Thundurus|Grass Knot|p2a: poggy froggy
|-supereffective|p2a: poggy froggy
|-damage|p2a: poggy froggy|4/100
|move|p2a: poggy froggy|Recover|p2a: poggy froggy
|-heal|p2a: poggy froggy|54/100
|
|-heal|p2a: poggy froggy|60/100|[from] item: Leftovers
|-damage|p1a: Thundurus|20/100 tox|[from] psn
|upkeep
|turn|15
|j| ramoloST
|c|+Mengy ㋛|because it gets them to keep webbing
|
|t:|1659877161
|switch|p2a: tang ur wang|Tangrowth, M|100/100
|-activate|p2a: tang ur wang|move: Sticky Web
|-unboost|p2a: tang ur wang|spe|1
|move|p1a: Thundurus|Grass Knot|p2a: tang ur wang
|-resisted|p2a: tang ur wang
|-damage|p2a: tang ur wang|57/100
|
|-damage|p1a: Thundurus|0 fnt|[from] psn
|faint|p1a: Thundurus
|upkeep
|
|t:|1659877176
|switch|p1a: Skuntank|Skuntank, F|100/100
|turn|16
|
|t:|1659877184
|switch|p2a: scary airy|Salamence, M|100/100
|-ability|p2a: scary airy|Intimidate|boost
|-unboost|p1a: Skuntank|atk|1
|move|p1a: Skuntank|Poison Jab|p2a: scary airy
|-damage|p2a: scary airy|73/100
|-damage|p1a: Skuntank|91/100|[from] item: Life Orb
|
|upkeep
|turn|17
|
|t:|1659877190
|move|p2a: scary airy|Flamethrower|p1a: Skuntank
|-damage|p1a: Skuntank|61/100
|move|p1a: Skuntank|Play Rough|p2a: scary airy
|-supereffective|p2a: scary airy
|-damage|p2a: scary airy|29/100
|-damage|p1a: Skuntank|51/100|[from] item: Life Orb
|
|upkeep
|turn|18
|
|t:|1659877196
|switch|p1a: Jellicent|Jellicent, F|100/100
|move|p2a: scary airy|Roost|p2a: scary airy
|-heal|p2a: scary airy|79/100
|-singleturn|p2a: scary airy|move: Roost
|
|upkeep
|turn|19
|
|t:|1659877201
|move|p2a: scary airy|Toxic|p1a: Jellicent
|-status|p1a: Jellicent|tox
|move|p1a: Jellicent|Will-O-Wisp|p2a: scary airy
|-status|p2a: scary airy|brn
|
|-damage|p1a: Jellicent|94/100 tox|[from] psn
|-damage|p2a: scary airy|73/100 brn|[from] brn
|upkeep
|turn|20
|
|t:|1659877205
|switch|p2a: umby wumby|Umbreon, M|99/100
|-activate|p2a: umby wumby|move: Sticky Web
|-unboost|p2a: umby wumby|spe|1
|move|p1a: Jellicent|Hex|p2a: umby wumby
|-resisted|p2a: umby wumby
|-damage|p2a: umby wumby|92/100
|
|-heal|p1a: Jellicent|100/100 tox|[from] item: Leftovers
|-heal|p2a: umby wumby|98/100|[from] item: Leftovers
|-damage|p1a: Jellicent|88/100 tox|[from] psn
|upkeep
|turn|21
|
|t:|1659877208
|move|p1a: Jellicent|Will-O-Wisp||[still]
|-status|p2a: umby wumby|brn
|-activate|p2a: umby wumby|ability: Synchronize
|-fail|p2a: umby wumby
|move|p2a: umby wumby|Heal Bell|p2a: umby wumby
|-activate|p2a: umby wumby|move: Heal Bell
|-curestatus|p2a: umby wumby|brn|[msg]
|-curestatus|p2: scary airy|brn|[msg]
|
|-heal|p1a: Jellicent|94/100 tox|[from] item: Leftovers
|-heal|p2a: umby wumby|100/100|[from] item: Leftovers
|-damage|p1a: Jellicent|75/100 tox|[from] psn
|upkeep
|turn|22
|
|t:|1659877214
|move|p1a: Jellicent|Will-O-Wisp||[still]
|-status|p2a: umby wumby|brn
|-activate|p2a: umby wumby|ability: Synchronize
|-fail|p2a: umby wumby
|move|p2a: umby wumby|Wish|p2a: umby wumby
|
|-heal|p1a: Jellicent|82/100 tox|[from] item: Leftovers
|-damage|p1a: Jellicent|57/100 tox|[from] psn
|-damage|p2a: umby wumby|94/100 brn|[from] brn
|upkeep
|turn|23
|
|t:|1659877226
|move|p1a: Jellicent|Strength Sap|p2a: umby wumby
|-unboost|p2a: umby wumby|atk|1
|-heal|p1a: Jellicent|88/100 tox
|move|p2a: umby wumby|Heal Bell|p2a: umby wumby
|-activate|p2a: umby wumby|move: Heal Bell
|-curestatus|p2a: umby wumby|brn|[msg]
|
|-heal|p2a: umby wumby|100/100|[from] move: Wish|[wisher] umby wumby
|-heal|p1a: Jellicent|95/100 tox|[from] item: Leftovers
|-damage|p1a: Jellicent|63/100 tox|[from] psn
|upkeep
|turn|24
|
|t:|1659877231
|move|p1a: Jellicent|Will-O-Wisp|p2a: umby wumby|[miss]
|-miss|p1a: Jellicent|p2a: umby wumby
|move|p2a: umby wumby|Foul Play|p1a: Jellicent
|-supereffective|p1a: Jellicent
|-damage|p1a: Jellicent|26/100 tox
|
|-heal|p1a: Jellicent|32/100 tox|[from] item: Leftovers
|-damage|p1a: Jellicent|0 fnt|[from] psn
|faint|p1a: Jellicent
|upkeep
|
|t:|1659877236
|switch|p1a: Skuntank|Skuntank, F|51/100
|turn|25
|
|t:|1659877241
|switch|p1a: Noivern|Noivern, M|100/100
|switch|p2a: scary airy|Salamence, M|73/100
|-ability|p2a: scary airy|Intimidate|boost
|-unboost|p1a: Noivern|atk|1
|
|upkeep
|turn|26
|
|t:|1659877245
|switch|p2a: megan the eggin|Chansey, F|94/100
|-activate|p2a: megan the eggin|move: Sticky Web
|-unboost|p2a: megan the eggin|spe|1
|move|p1a: Noivern|Dragon Pulse|p2a: megan the eggin
|-damage|p2a: megan the eggin|83/100
|
|upkeep
|turn|27
|
|t:|1659877249
|switch|p1a: Skuntank|Skuntank, F|51/100
|move|p2a: megan the eggin|Stealth Rock|p1a: Skuntank
|-sidestart|p1: Skeatchee|move: Stealth Rock
|
|upkeep
|turn|28
|
|t:|1659877254
|switch|p2a: scary airy|Salamence, M|73/100
|-ability|p2a: scary airy|Intimidate|boost
|-unboost|p1a: Skuntank|atk|1
|move|p1a: Skuntank|Play Rough|p2a: scary airy
|-supereffective|p2a: scary airy
|-damage|p2a: scary airy|34/100
|-damage|p1a: Skuntank|41/100|[from] item: Life Orb
|
|upkeep
|turn|29
|
|t:|1659877258
|move|p2a: scary airy|Roost|p2a: scary airy
|-heal|p2a: scary airy|84/100
|-singleturn|p2a: scary airy|move: Roost
|move|p1a: Skuntank|Play Rough|p2a: scary airy|[miss]
|-miss|p1a: Skuntank|p2a: scary airy
|
|upkeep
|turn|30
|
|t:|1659877263
|move|p2a: scary airy|Flamethrower|p1a: Skuntank
|-damage|p1a: Skuntank|11/100
|move|p1a: Skuntank|Haze|p1a: Skuntank
|-clearallboost
|
|upkeep
|turn|31
|
|t:|1659877265
|move|p2a: scary airy|Flamethrower|p1a: Skuntank
|-damage|p1a: Skuntank|0 fnt
|faint|p1a: Skuntank
|
|upkeep
|
|t:|1659877268
|switch|p1a: Mamoswine|Mamoswine, F|100/100
|-damage|p1a: Mamoswine|88/100|[from] Stealth Rock
|turn|32
|
|t:|1659877278
|move|p2a: scary airy|Toxic|p1a: Mamoswine
|-status|p1a: Mamoswine|tox
|move|p1a: Mamoswine|Earthquake|p2a: scary airy
|-immune|p2a: scary airy
|
|-damage|p1a: Mamoswine|82/100 tox|[from] psn
|upkeep
|turn|33
|
|t:|1659877283
|switch|p2a: umby wumby|Umbreon, M|100/100
|-activate|p2a: umby wumby|move: Sticky Web
|-unboost|p2a: umby wumby|spe|1
|move|p1a: Mamoswine|Ice Shard|p2a: umby wumby
|-damage|p2a: umby wumby|88/100
|
|-heal|p2a: umby wumby|94/100|[from] item: Leftovers
|-damage|p1a: Mamoswine|70/100 tox|[from] psn
|upkeep
|turn|34
|j| greasy hair ramo
|
|t:|1659877286
|move|p1a: Mamoswine|Knock Off|p2a: umby wumby
|-resisted|p2a: umby wumby
|-damage|p2a: umby wumby|84/100
|-enditem|p2a: umby wumby|Leftovers|[from] move: Knock Off|[of] p1a: Mamoswine
|move|p2a: umby wumby|Wish|p2a: umby wumby
|
|-damage|p1a: Mamoswine|51/100 tox|[from] psn
|upkeep
|turn|35
|
|t:|1659877289
|move|p1a: Mamoswine|Earthquake|p2a: umby wumby
|-damage|p2a: umby wumby|49/100
|move|p2a: umby wumby|Foul Play|p1a: Mamoswine
|-damage|p1a: Mamoswine|0 fnt
|faint|p1a: Mamoswine
|
|-heal|p2a: umby wumby|99/100|[from] move: Wish|[wisher] umby wumby
|upkeep
|
|t:|1659877292
|switch|p1a: Noivern|Noivern, M|100/100
|-damage|p1a: Noivern|76/100|[from] Stealth Rock
|turn|36
|
|t:|1659877295
|switch|p2a: megan the eggin|Chansey, F|83/100
|-activate|p2a: megan the eggin|move: Sticky Web
|-unboost|p2a: megan the eggin|spe|1
|move|p1a: Noivern|Boomburst|p2a: megan the eggin
|-damage|p2a: megan the eggin|70/100
|-enditem|p1a: Noivern|Throat Spray
|-boost|p1a: Noivern|spa|1|[from] item: Throat Spray
|
|upkeep
|turn|37
|
|t:|1659877299
|move|p1a: Noivern|Boomburst|p2a: megan the eggin
|-damage|p2a: megan the eggin|50/100
|move|p2a: megan the eggin|Soft-Boiled|p2a: megan the eggin
|-heal|p2a: megan the eggin|99/100
|
|upkeep
|turn|38
|-message|Skeatchee forfeited.
|
|win|5 pia to the top
|raw|Skeatchee's rating: 1184 &rarr; <strong>1169</strong><br />(-15 for losing)
|raw|5 pia to the top's rating: 1330 &rarr; <strong>1342</strong><br />(+12 for winning)
|l|☆Skeatchee
|c|☆5 pia to the top|gg
|l| greasy hair ramo
||Ladder isn't responding, score probably updated but might not have (Request timeout).
