|j|☆GryphonEx
|j|☆pokemonisfun
|t:|1667851140
|gametype|singles
|player|p1|GryphonEx|gardenia|1577
|player|p2|pokemonisfun|#uutrio2ladder|1804
|teamsize|p1|6
|teamsize|p2|6
|gen|8
|tier|[Gen 8] UU
|rated|
|rule|Sleep Clause Mod: Limit one foe put to sleep
|rule|Species Clause: Limit one of each Pokémon
|rule|OHKO Clause: OHKO moves are banned
|rule|Evasion Items Clause: Evasion items are banned
|rule|Evasion Moves Clause: Evasion moves are banned
|rule|Endless Battle Clause: Forcing endless battles is banned
|rule|HP Percentage Mod: HP is shown in percentages
|rule|Dynamax Clause: You cannot dynamax
|clearpoke
|poke|p1|Hydreigon, F|
|poke|p1|Crawdaunt, F|
|poke|p1|Keldeo-Resolute|
|poke|p1|Salamence, M|
|poke|p1|Chansey, F|
|poke|p1|Corsola-Galar, M|
|poke|p2|Toxtricity, F|
|poke|p2|Sylveon, M|
|poke|p2|Scizor, M|
|poke|p2|Hippowdon, F|
|poke|p2|Rotom-Wash|
|poke|p2|Milotic, F|
|teampreview
|c|☆GryphonEx|Good luck
|inactive|Battle timer is ON: inactive players will automatically lose when time's up. (requested by GryphonEx)
|inactive|pokemonisfun has 120 seconds left.
|c|☆pokemonisfun|same
|
|t:|1667851252
|start
|switch|p1a: Ragna Blade|Keldeo-Resolute|100/100
|switch|p2a: wishy washy|Rotom-Wash|100/100
|turn|1
|
|t:|1667851256
|move|p2a: wishy washy|Volt Switch|p1a: Ragna Blade
|-supereffective|p1a: Ragna Blade
|-damage|p1a: Ragna Blade|29/100
|
|t:|1667851276
|switch|p2a: kitty katty|Sylveon, M|100/100|[from]move: Volt Switch
|move|p1a: Ragna Blade|Flip Turn|p2a: kitty katty
|-damage|p2a: kitty katty|87/100
|
|t:|1667851282
|switch|p1a: If you switch conk|Corsola-Galar, M|100/100|[from]move: Flip Turn
|
|-heal|p2a: kitty katty|93/100|[from] item: Leftovers
|upkeep
|turn|2
|
|t:|1667851290
|switch|p2a: hip(pos) dont lie|Hippowdon, F|100/100
|-weather|Sandstorm|[from] ability: Sand Stream|[of] p2a: hip(pos) dont lie
|move|p1a: If you switch conk|Stealth Rock|p2a: hip(pos) dont lie
|-sidestart|p2: pokemonisfun|move: Stealth Rock
|
|-weather|Sandstorm|[upkeep]
|-damage|p1a: If you switch conk|94/100|[from] Sandstorm
|upkeep
|turn|3
|
|t:|1667851296
|switch|p1a: Diggs W|Crawdaunt, F|100/100
|move|p2a: hip(pos) dont lie|Stealth Rock|p1a: Diggs W
|-sidestart|p1: GryphonEx|move: Stealth Rock
|
|-weather|Sandstorm|[upkeep]
|-damage|p1a: Diggs W|95/100|[from] Sandstorm
|upkeep
|turn|4
|
|t:|1667851313
|move|p1a: Diggs W|Crabhammer|p2a: hip(pos) dont lie
|-supereffective|p2a: hip(pos) dont lie
|-damage|p2a: hip(pos) dont lie|0 fnt
|-damage|p1a: Diggs W|78/100|[from] item: Rocky Helmet|[of] p2a: hip(pos) dont lie
|faint|p2a: hip(pos) dont lie
|
|-weather|Sandstorm|[upkeep]
|-damage|p1a: Diggs W|72/100|[from] Sandstorm
|upkeep
|
|t:|1667851321
|switch|p2a: funky punky|Toxtricity, F|100/100
|-damage|p2a: funky punky|88/100|[from] Stealth Rock
|turn|5
|
|t:|1667851327
|switch|p1a: Corsola-Kanye|Chansey, F|100/100
|-damage|p1a: Corsola-Kanye|88/100|[from] Stealth Rock
|move|p2a: funky punky|Volt Switch|p1a: Corsola-Kanye
|-damage|p1a: Corsola-Kanye|72/100
|j| justdrew
|
|t:|1667851330
|switch|p2a: punchy wunchy|Scizor, M|100/100|[from]move: Volt Switch
|
|-weather|Sandstorm|[upkeep]
|-damage|p1a: Corsola-Kanye|66/100|[from] Sandstorm
|upkeep
|turn|6
|
|t:|1667851332
|switch|p1a: r|Salamence, M|100/100
|-ability|p1a: r|Intimidate|boost
|-unboost|p2a: punchy wunchy|atk|1
|move|p2a: punchy wunchy|U-turn|p1a: r
|-resisted|p1a: r
|-crit|p1a: r
|-damage|p1a: r|84/100
|
|t:|1667851335
|switch|p2a: funky punky|Toxtricity, F|88/100|[from]move: U-turn
|-damage|p2a: funky punky|76/100|[from] Stealth Rock
|
|-weather|none
|upkeep
|turn|7
|
|t:|1667851338
|move|p2a: funky punky|Boomburst|p1a: r
|-damage|p1a: r|0 fnt
|faint|p1a: r
|
|upkeep
|
|t:|1667851349
|switch|p1a: If you switch conk|Corsola-Galar, M|94/100
|-damage|p1a: If you switch conk|82/100|[from] Stealth Rock
|turn|8
|
|t:|1667851358
|switch|p2a: smekky snek|Milotic, F|100/100
|move|p1a: If you switch conk|Night Shade|p2a: smekky snek
|-damage|p2a: smekky snek|75/100
|
|upkeep
|turn|9
|l| justdrew
|
|t:|1667851364
|switch|p1a: Corsola-Kanye|Chansey, F|66/100
|-damage|p1a: Corsola-Kanye|54/100|[from] Stealth Rock
|move|p2a: smekky snek|Toxic|p1a: Corsola-Kanye
|-status|p1a: Corsola-Kanye|tox
|
|-damage|p1a: Corsola-Kanye|48/100 tox|[from] psn
|upkeep
|turn|10
|
|t:|1667851370
|switch|p2a: punchy wunchy|Scizor, M|100/100
|move|p1a: Corsola-Kanye|Soft-Boiled|p1a: Corsola-Kanye
|-heal|p1a: Corsola-Kanye|98/100 tox
|
|-damage|p1a: Corsola-Kanye|86/100 tox|[from] psn
|upkeep
|turn|11
|
|t:|1667851392
|-curestatus|p1a: Corsola-Kanye|tox|[from] ability: Natural Cure
|switch|p1a: If you switch conk|Corsola-Galar, M|82/100
|-damage|p1a: If you switch conk|70/100|[from] Stealth Rock
|move|p2a: punchy wunchy|Knock Off|p1a: If you switch conk
|-supereffective|p1a: If you switch conk
|-damage|p1a: If you switch conk|36/100
|-enditem|p1a: If you switch conk|Eviolite|[from] move: Knock Off|[of] p2a: punchy wunchy
|
|upkeep
|turn|12
|
|t:|1667851397
|move|p2a: punchy wunchy|U-turn|p1a: If you switch conk
|-resisted|p1a: If you switch conk
|-damage|p1a: If you switch conk|22/100
|-start|p2a: punchy wunchy|Disable|U-turn|[from] ability: Cursed Body|[of] p1a: If you switch conk
|
|t:|1667851404
|switch|p2a: smekky snek|Milotic, F|75/100|[from]move: U-turn
|move|p1a: If you switch conk|Strength Sap|p2a: smekky snek
|-unboost|p2a: smekky snek|atk|1
|-heal|p1a: If you switch conk|57/100
|
|upkeep
|turn|13
|
|t:|1667851410
|switch|p1a: Corsola-Kanye|Chansey, F|86/100
|-damage|p1a: Corsola-Kanye|73/100|[from] Stealth Rock
|move|p2a: smekky snek|Toxic|p1a: Corsola-Kanye
|-status|p1a: Corsola-Kanye|tox
|
|-damage|p1a: Corsola-Kanye|67/100 tox|[from] psn
|upkeep
|turn|14
|
|t:|1667851413
|move|p2a: smekky snek|Recover|p2a: smekky snek
|-heal|p2a: smekky snek|100/100
|move|p1a: Corsola-Kanye|Teleport|p1a: Corsola-Kanye
|
|t:|1667851421
|-curestatus|p1a: Corsola-Kanye|tox|[from] ability: Natural Cure
|switch|p1a: Diggs W|Crawdaunt, F|72/100|[from]move: Teleport
|-damage|p1a: Diggs W|60/100|[from] Stealth Rock
|
|upkeep
|turn|15
|
|t:|1667851437
|move|p1a: Diggs W|Knock Off|p2a: smekky snek
|-damage|p2a: smekky snek|9/100
|-enditem|p2a: smekky snek|Heavy-Duty Boots|[from] move: Knock Off|[of] p1a: Diggs W
|move|p2a: smekky snek|Toxic|p1a: Diggs W
|-status|p1a: Diggs W|tox
|
|-damage|p1a: Diggs W|54/100 tox|[from] psn
|upkeep
|turn|16
|
|t:|1667851441
|move|p1a: Diggs W|Knock Off|p2a: smekky snek
|-damage|p2a: smekky snek|0 fnt
|faint|p2a: smekky snek
|
|-damage|p1a: Diggs W|42/100 tox|[from] psn
|upkeep
|
|t:|1667851443
|switch|p2a: funky punky|Toxtricity, F|76/100
|-damage|p2a: funky punky|63/100|[from] Stealth Rock
|turn|17
|
|t:|1667851448
|switch|p1a: If you switch conk|Corsola-Galar, M|57/100
|-damage|p1a: If you switch conk|45/100|[from] Stealth Rock
|move|p2a: funky punky|Volt Switch|p1a: If you switch conk
|-damage|p1a: If you switch conk|0 fnt
|-start|p2a: funky punky|Disable|Volt Switch|[from] ability: Cursed Body|[of] p1a: If you switch conk
|faint|p1a: If you switch conk
|
|t:|1667851461
|switch|p2a: wishy washy|Rotom-Wash|100/100|[from]move: Volt Switch
|-damage|p2a: wishy washy|88/100|[from] Stealth Rock
|
|upkeep
|
|t:|1667851474
|switch|p1a: Corsola-Kanye|Chansey, F|67/100
|-damage|p1a: Corsola-Kanye|55/100|[from] Stealth Rock
|turn|18
|inactive|pokemonisfun has 120 seconds left.
|inactive|pokemonisfun has 90 seconds left.
|
|t:|1667851554
|move|p2a: wishy washy|Volt Switch|p1a: Corsola-Kanye
|-damage|p1a: Corsola-Kanye|45/100
|
|t:|1667851556
|switch|p2a: punchy wunchy|Scizor, M|100/100|[from]move: Volt Switch
|move|p1a: Corsola-Kanye|Teleport|p1a: Corsola-Kanye
|
|t:|1667851558
|switch|p1a: Gateskeeper|Hydreigon, F|100/100|[from]move: Teleport
|-damage|p1a: Gateskeeper|88/100|[from] Stealth Rock
|
|upkeep
|turn|19
|inactive|pokemonisfun has 90 seconds left.
|
|t:|1667851574
|switch|p2a: funky punky|Toxtricity, F|63/100
|-damage|p2a: funky punky|51/100|[from] Stealth Rock
|move|p1a: Gateskeeper|Flamethrower|p2a: funky punky
|-damage|p2a: funky punky|0 fnt
|faint|p2a: funky punky
|
|upkeep
|
|t:|1667851578
|switch|p2a: kitty katty|Sylveon, M|93/100
|-damage|p2a: kitty katty|80/100|[from] Stealth Rock
|turn|20
|inactive|pokemonisfun has 90 seconds left.
|
|t:|1667851586
|switch|p1a: Corsola-Kanye|Chansey, F|45/100
|-damage|p1a: Corsola-Kanye|33/100|[from] Stealth Rock
|switch|p2a: punchy wunchy|Scizor, M|100/100
|
|upkeep
|turn|21
|
|t:|1667851592
|move|p2a: punchy wunchy|Knock Off|p1a: Corsola-Kanye
|-damage|p1a: Corsola-Kanye|13/100
|-enditem|p1a: Corsola-Kanye|Eviolite|[from] move: Knock Off|[of] p2a: punchy wunchy
|move|p1a: Corsola-Kanye|Soft-Boiled|p1a: Corsola-Kanye
|-heal|p1a: Corsola-Kanye|63/100
|
|upkeep
|turn|22
|
|t:|1667851597
|move|p2a: punchy wunchy|U-turn|p1a: Corsola-Kanye
|-damage|p1a: Corsola-Kanye|29/100
|
|t:|1667851601
|switch|p2a: kitty katty|Sylveon, M|80/100|[from]move: U-turn
|-damage|p2a: kitty katty|68/100|[from] Stealth Rock
|move|p1a: Corsola-Kanye|Soft-Boiled|p1a: Corsola-Kanye
|-heal|p1a: Corsola-Kanye|79/100
|
|-heal|p2a: kitty katty|74/100|[from] item: Leftovers
|upkeep
|turn|23
|
|t:|1667851604
|move|p2a: kitty katty|Wish|p2a: kitty katty
|move|p1a: Corsola-Kanye|Thunder Wave|p2a: kitty katty
|-status|p2a: kitty katty|par
|
|-heal|p2a: kitty katty|80/100 par|[from] item: Leftovers
|upkeep
|turn|24
|
|t:|1667851608
|cant|p2a: kitty katty|par
|move|p1a: Corsola-Kanye|Teleport|p1a: Corsola-Kanye
|
|t:|1667851612
|switch|p1a: Diggs W|Crawdaunt, F|42/100 tox|[from]move: Teleport
|-damage|p1a: Diggs W|29/100 tox|[from] Stealth Rock
|
|-heal|p2a: kitty katty|100/100 par|[from] move: Wish|[wisher] kitty katty
|-damage|p1a: Diggs W|23/100 tox|[from] psn
|upkeep
|turn|25
|
|t:|1667851616
|cant|p2a: kitty katty|par
|move|p1a: Diggs W|Crabhammer|p2a: kitty katty
|-damage|p2a: kitty katty|0 fnt
|faint|p2a: kitty katty
|
|-damage|p1a: Diggs W|11/100 tox|[from] psn
|upkeep
|
|t:|1667851621
|switch|p2a: punchy wunchy|Scizor, M|100/100
|turn|26
|
|t:|1667851626
|move|p2a: punchy wunchy|Bullet Punch|p1a: Diggs W
|-resisted|p1a: Diggs W
|-damage|p1a: Diggs W|0 fnt
|faint|p1a: Diggs W
|
|upkeep
|
|t:|1667851628
|switch|p1a: Gateskeeper|Hydreigon, F|88/100
|-damage|p1a: Gateskeeper|76/100|[from] Stealth Rock
|turn|27
|
|t:|1667851641
|move|p1a: Gateskeeper|Flamethrower|p2a: punchy wunchy
|-supereffective|p2a: punchy wunchy
|-damage|p2a: punchy wunchy|0 fnt
|faint|p2a: punchy wunchy
|
|upkeep
|
|t:|1667851643
|switch|p2a: wishy washy|Rotom-Wash|88/100
|-damage|p2a: wishy washy|76/100|[from] Stealth Rock
|turn|28
|c|☆pokemonisfun|gg
|c|☆GryphonEx|gg
|
|t:|1667851651
|switch|p1a: Corsola-Kanye|Chansey, F|79/100
|-damage|p1a: Corsola-Kanye|67/100|[from] Stealth Rock
|move|p2a: wishy washy|Trick|p1a: Corsola-Kanye
|-activate|p2a: wishy washy|move: Trick|[of] p1a: Corsola-Kanye
|-item|p1a: Corsola-Kanye|Choice Scarf|[from] move: Trick
|-enditem|p2a: wishy washy|Choice Scarf|[silent]|[from] move: Trick
|
|upkeep
|turn|29
|
|t:|1667851654
|move|p2a: wishy washy|Hydro Pump|p1a: Corsola-Kanye
|-damage|p1a: Corsola-Kanye|47/100
|move|p1a: Corsola-Kanye|Teleport|p1a: Corsola-Kanye
|
|t:|1667851656
|switch|p1a: Gateskeeper|Hydreigon, F|76/100|[from]move: Teleport
|-damage|p1a: Gateskeeper|64/100|[from] Stealth Rock
|
|upkeep
|turn|30
|
|t:|1667851659
|move|p1a: Gateskeeper|Draco Meteor|p2a: wishy washy
|-damage|p2a: wishy washy|0 fnt
|-unboost|p1a: Gateskeeper|spa|2
|faint|p2a: wishy washy
|
|win|GryphonEx
|raw|GryphonEx's rating: 1577 &rarr; <strong>1608</strong><br />(+31 for winning)
|raw|pokemonisfun's rating: 1804 &rarr; <strong>1773</strong><br />(-31 for losing)
||Ladder isn't responding, score probably updated but might not have (Request timeout).
