|j|☆s4g3?
|j|☆SS007
|t:|1605813956
|player|p1|s4g3?|70|1371
|player|p2|SS007|brock|1424
|teamsize|p1|6
|teamsize|p2|6
|gametype|singles
|gen|8
|tier|[Gen 8] UU
|rated|
|clearpoke
|poke|p1|Mienshao, F|
|poke|p1|Tsareena, F|
|poke|p1|Steelix, F|
|poke|p1|Vaporeon, F|
|poke|p1|Roserade, F|
|poke|p1|Salazzle, F|
|poke|p2|Nihilego|
|poke|p2|Primarina, F|
|poke|p2|Tapu Lele|
|poke|p2|Celesteela|
|poke|p2|Glastrier|
|poke|p2|Kommo-o, F|
|rule|Sleep Clause Mod: Limit one foe put to sleep
|rule|Species Clause: Limit one of each Pokémon
|rule|OHKO Clause: OHKO moves are banned
|rule|Evasion Moves Clause: Evasion moves are banned
|rule|Endless Battle Clause: Forcing endless battles is banned
|rule|HP Percentage Mod: HP is shown in percentages
|rule|Dynamax Clause: You cannot dynamax
|teampreview
|
|t:|1605813966
|start
|switch|p1a: Mienshao|Mienshao, F|100/100
|switch|p2a: Primarina|Primarina, F|100/100
|turn|1
|
|t:|1605813970
|move|p1a: Mienshao|U-turn|p2a: Primarina
|-resisted|p2a: Primarina
|-damage|p2a: Primarina|86/100
|inactive|Battle timer is ON: inactive players will automatically lose when time's up. (requested by SS007)
|
|t:|1605813973
|switch|p1a: Roserade|Roserade, F|100/100|[from]move: U-turn
|move|p2a: Primarina|Moonblast|p1a: Roserade
|-resisted|p1a: Roserade
|-damage|p1a: Roserade|80/100
|
|-heal|p1a: Roserade|86/100|[from] item: Black Sludge
|upkeep
|turn|2
|
|t:|1605813979
|switch|p2a: Nihilego|Nihilego|100/100
|move|p1a: Roserade|Spikes|p2a: Nihilego
|-sidestart|p2: SS007|Spikes
|
|-heal|p1a: Roserade|92/100|[from] item: Black Sludge
|upkeep
|turn|3
|
|t:|1605813986
|move|p2a: Nihilego|Meteor Beam||[still]
|-prepare|p2a: Nihilego|Meteor Beam
|-boost|p2a: Nihilego|spa|1
|-enditem|p2a: Nihilego|Power Herb
|-anim|p2a: Nihilego|Meteor Beam|p1a: Roserade
|-damage|p1a: Roserade|19/100
|move|p1a: Roserade|Leaf Storm|p2a: Nihilego
|-damage|p2a: Nihilego|63/100
|-unboost|p1a: Roserade|spa|2
|
|-heal|p1a: Roserade|25/100|[from] item: Black Sludge
|upkeep
|turn|4
|
|t:|1605813994
|move|p2a: Nihilego|Power Gem|p1a: Roserade
|-damage|p1a: Roserade|0 fnt
|faint|p1a: Roserade
|-ability|p2a: Nihilego|Beast Boost|boost
|-boost|p2a: Nihilego|spa|1
|
|upkeep
|
|t:|1605813998
|switch|p1a: Mienshao|Mienshao, F|100/100
|turn|5
|
|t:|1605814004
|move|p1a: Mienshao|High Jump Kick|p2a: Nihilego
|-damage|p2a: Nihilego|0 fnt
|faint|p2a: Nihilego
|
|upkeep
|
|t:|1605814011
|switch|p2a: Tapu Lele|Tapu Lele|100/100
|-damage|p2a: Tapu Lele|88/100|[from] Spikes
|-fieldstart|move: Psychic Terrain|[from] ability: Psychic Surge|[of] p2a: Tapu Lele
|turn|6
|
|t:|1605814016
|switch|p1a: Steelix|Steelix, F|100/100
|move|p2a: Tapu Lele|Psychic|p1a: Steelix
|-resisted|p1a: Steelix
|-damage|p1a: Steelix|57/100
|
|-heal|p1a: Steelix|63/100|[from] item: Leftovers
|upkeep
|turn|7
|
|t:|1605814021
|move|p2a: Tapu Lele|Psychic|p1a: Steelix
|-resisted|p1a: Steelix
|-damage|p1a: Steelix|19/100
|move|p1a: Steelix|Stealth Rock|p2a: Tapu Lele
|-sidestart|p2: SS007|move: Stealth Rock
|
|-heal|p1a: Steelix|25/100|[from] item: Leftovers
|upkeep
|turn|8
|
|t:|1605814028
|move|p2a: Tapu Lele|Psychic|p1a: Steelix
|-resisted|p1a: Steelix
|-damage|p1a: Steelix|0 fnt
|faint|p1a: Steelix
|
|upkeep
|
|t:|1605814031
|switch|p1a: Tsareena|Tsareena, F|100/100
|turn|9
|
|t:|1605814035
|move|p2a: Tapu Lele|Psychic|p1a: Tsareena
|-damage|p1a: Tsareena|61/100
|move|p1a: Tsareena|Knock Off|p2a: Tapu Lele
|-damage|p2a: Tapu Lele|37/100
|-enditem|p2a: Tapu Lele|Choice Scarf|[from] move: Knock Off|[of] p1a: Tsareena
|
|upkeep
|turn|10
|
|t:|1605814048
|switch|p2a: Celesteela|Celesteela|100/100
|-damage|p2a: Celesteela|88/100|[from] Stealth Rock
|move|p1a: Tsareena|Knock Off|p2a: Celesteela
|-damage|p2a: Celesteela|66/100
|-enditem|p2a: Celesteela|Leftovers|[from] move: Knock Off|[of] p1a: Tsareena
|
|-fieldend|move: Psychic Terrain
|upkeep
|turn|11
|
|t:|1605814053
|move|p1a: Tsareena|High Jump Kick|p2a: Celesteela
|-damage|p2a: Celesteela|31/100
|move|p2a: Celesteela|Heavy Slam|p1a: Tsareena
|-damage|p1a: Tsareena|19/100
|
|upkeep
|turn|12
|
|t:|1605814061
|move|p2a: Celesteela|Protect|p2a: Celesteela
|-singleturn|p2a: Celesteela|Protect
|move|p1a: Tsareena|Knock Off|p2a: Celesteela
|-activate|p2a: Celesteela|move: Protect
|
|upkeep
|turn|13
|
|t:|1605814065
|move|p2a: Celesteela|Protect||[still]
|-fail|p2a: Celesteela
|move|p1a: Tsareena|High Jump Kick|p2a: Celesteela
|-damage|p2a: Celesteela|0 fnt
|faint|p2a: Celesteela
|
|upkeep
|
|t:|1605814073
|switch|p2a: Kommo-o|Kommo-o, F|100/100
|turn|14
|
|t:|1605814077
|move|p2a: Kommo-o|Clangorous Soul|p2a: Kommo-o
|-boost|p2a: Kommo-o|atk|1
|-boost|p2a: Kommo-o|def|1
|-boost|p2a: Kommo-o|spa|1
|-boost|p2a: Kommo-o|spd|1
|-boost|p2a: Kommo-o|spe|1
|-damage|p2a: Kommo-o|68/100
|move|p1a: Tsareena|Knock Off|p2a: Kommo-o
|-resisted|p2a: Kommo-o
|-damage|p2a: Kommo-o|56/100
|-enditem|p2a: Kommo-o|Heavy-Duty Boots|[from] move: Knock Off|[of] p1a: Tsareena
|
|upkeep
|turn|15
|
|t:|1605814083
|move|p2a: Kommo-o|Drain Punch|p1a: Tsareena
|-damage|p1a: Tsareena|0 fnt
|-heal|p2a: Kommo-o|67/100|[from] drain|[of] p1a: Tsareena
|faint|p1a: Tsareena
|
|upkeep
|
|t:|1605814087
|switch|p1a: Vaporeon|Vaporeon, F|100/100
|turn|16
|
|t:|1605814089
|move|p2a: Kommo-o|Drain Punch|p1a: Vaporeon
|-damage|p1a: Vaporeon|60/100
|-heal|p2a: Kommo-o|99/100|[from] drain|[of] p1a: Vaporeon
|move|p1a: Vaporeon|Haze|p1a: Vaporeon
|-clearallboost
|
|-heal|p1a: Vaporeon|66/100|[from] item: Leftovers
|upkeep
|turn|17
|
|t:|1605814101
|switch|p2a: Primarina|Primarina, F|86/100
|-damage|p2a: Primarina|73/100|[from] Spikes
|-damage|p2a: Primarina|61/100|[from] Stealth Rock
|move|p1a: Vaporeon|Scald|p2a: Primarina
|-resisted|p2a: Primarina
|-damage|p2a: Primarina|52/100
|
|-heal|p1a: Vaporeon|73/100|[from] item: Leftovers
|upkeep
|turn|18
|
|t:|1605814114
|move|p1a: Vaporeon|Wish|p1a: Vaporeon
|move|p2a: Primarina|Moonblast|p1a: Vaporeon
|-damage|p1a: Vaporeon|29/100
|
|-heal|p1a: Vaporeon|36/100|[from] item: Leftovers
|upkeep
|turn|19
|
|t:|1605814121
|move|p1a: Vaporeon|Protect|p1a: Vaporeon
|-singleturn|p1a: Vaporeon|Protect
|move|p2a: Primarina|Energy Ball|p1a: Vaporeon
|-activate|p1a: Vaporeon|move: Protect
|
|-heal|p1a: Vaporeon|86/100|[from] move: Wish|[wisher] Vaporeon
|-heal|p1a: Vaporeon|92/100|[from] item: Leftovers
|upkeep
|turn|20
|
|t:|1605814129
|switch|p1a: Salazzle|Salazzle, F|100/100
|move|p2a: Primarina|Energy Ball|p1a: Salazzle
|-resisted|p1a: Salazzle
|-damage|p1a: Salazzle|86/100
|
|upkeep
|turn|21
|
|t:|1605814135
|move|p1a: Salazzle|Substitute|p1a: Salazzle
|-start|p1a: Salazzle|Substitute
|-damage|p1a: Salazzle|61/100
|move|p2a: Primarina|Scald|p1a: Salazzle
|-supereffective|p1a: Salazzle
|-end|p1a: Salazzle|Substitute
|
|upkeep
|turn|22
|
|t:|1605814137
|move|p1a: Salazzle|Sludge Wave|p2a: Primarina
|-supereffective|p2a: Primarina
|-damage|p2a: Primarina|4/100
|move|p2a: Primarina|Scald|p1a: Salazzle
|-supereffective|p1a: Salazzle
|-crit|p1a: Salazzle
|-damage|p1a: Salazzle|0 fnt
|faint|p1a: Salazzle
|
|upkeep
|
|t:|1605814141
|switch|p1a: Mienshao|Mienshao, F|100/100
|turn|23
|
|t:|1605814143
|move|p1a: Mienshao|U-turn|p2a: Primarina
|-resisted|p2a: Primarina
|-damage|p2a: Primarina|0 fnt
|faint|p2a: Primarina
|
|t:|1605814145
|switch|p1a: Vaporeon|Vaporeon, F|92/100|[from]move: U-turn
|
|-heal|p1a: Vaporeon|98/100|[from] item: Leftovers
|upkeep
|
|t:|1605814157
|switch|p2a: Tapu Lele|Tapu Lele|37/100
|-damage|p2a: Tapu Lele|24/100|[from] Stealth Rock
|-damage|p2a: Tapu Lele|12/100|[from] Spikes
|-fieldstart|move: Psychic Terrain|[from] ability: Psychic Surge|[of] p2a: Tapu Lele
|turn|24
|
|t:|1605814162
|move|p2a: Tapu Lele|Psychic|p1a: Vaporeon
|-damage|p1a: Vaporeon|47/100
|move|p1a: Vaporeon|Wish|p1a: Vaporeon
|
|-heal|p1a: Vaporeon|54/100|[from] item: Leftovers
|upkeep
|turn|25
|
|t:|1605814168
|move|p2a: Tapu Lele|Psychic|p1a: Vaporeon
|-damage|p1a: Vaporeon|7/100
|move|p1a: Vaporeon|Scald|p2a: Tapu Lele
|-damage|p2a: Tapu Lele|0 fnt
|faint|p2a: Tapu Lele
|
|-heal|p1a: Vaporeon|57/100|[from] move: Wish|[wisher] Vaporeon
|-heal|p1a: Vaporeon|63/100|[from] item: Leftovers
|upkeep
|
|t:|1605814175
|switch|p2a: Glastrier|Glastrier|100/100
|-damage|p2a: Glastrier|88/100|[from] Spikes
|-damage|p2a: Glastrier|63/100|[from] Stealth Rock
|turn|26
|
|t:|1605814179
|move|p1a: Vaporeon|Wish|p1a: Vaporeon
|move|p2a: Glastrier|Close Combat|p1a: Vaporeon
|-damage|p1a: Vaporeon|13/100
|-unboost|p2a: Glastrier|def|1
|-unboost|p2a: Glastrier|spd|1
|
|-heal|p1a: Vaporeon|20/100|[from] item: Leftovers
|upkeep
|turn|27
|
|t:|1605814183
|move|p1a: Vaporeon|Protect|p1a: Vaporeon
|-singleturn|p1a: Vaporeon|Protect
|move|p2a: Glastrier|Close Combat|p1a: Vaporeon
|-activate|p1a: Vaporeon|move: Protect
|
|-heal|p1a: Vaporeon|70/100|[from] move: Wish|[wisher] Vaporeon
|-heal|p1a: Vaporeon|76/100|[from] item: Leftovers
|upkeep
|turn|28
|
|t:|1605814186
|move|p1a: Vaporeon|Scald|p2a: Glastrier
|-damage|p2a: Glastrier|27/100
|-status|p2a: Glastrier|brn
|move|p2a: Glastrier|Close Combat|p1a: Vaporeon
|-damage|p1a: Vaporeon|50/100
|-unboost|p2a: Glastrier|def|1
|-unboost|p2a: Glastrier|spd|1
|
|-heal|p1a: Vaporeon|56/100|[from] item: Leftovers
|-damage|p2a: Glastrier|21/100 brn|[from] brn
|-fieldend|move: Psychic Terrain
|upkeep
|turn|29
|
|t:|1605814190
|move|p1a: Vaporeon|Wish|p1a: Vaporeon
|move|p2a: Glastrier|Close Combat|p1a: Vaporeon
|-damage|p1a: Vaporeon|27/100
|-unboost|p2a: Glastrier|def|1
|-unboost|p2a: Glastrier|spd|1
|
|-heal|p1a: Vaporeon|33/100|[from] item: Leftovers
|-damage|p2a: Glastrier|15/100 brn|[from] brn
|upkeep
|turn|30
|
|t:|1605814194
|move|p1a: Vaporeon|Scald|p2a: Glastrier
|-damage|p2a: Glastrier|0 fnt
|faint|p2a: Glastrier
|
|-heal|p1a: Vaporeon|83/100|[from] move: Wish|[wisher] Vaporeon
|-heal|p1a: Vaporeon|90/100|[from] item: Leftovers
|upkeep
|
|t:|1605814196
|switch|p2a: Kommo-o|Kommo-o, F|99/100
|-damage|p2a: Kommo-o|87/100|[from] Spikes
|-damage|p2a: Kommo-o|81/100|[from] Stealth Rock
|turn|31
|
|t:|1605814198
|move|p2a: Kommo-o|Clangorous Soul|p2a: Kommo-o
|-boost|p2a: Kommo-o|atk|1
|-boost|p2a: Kommo-o|def|1
|-boost|p2a: Kommo-o|spa|1
|-boost|p2a: Kommo-o|spd|1
|-boost|p2a: Kommo-o|spe|1
|-damage|p2a: Kommo-o|48/100
|move|p1a: Vaporeon|Wish|p1a: Vaporeon
|
|-heal|p1a: Vaporeon|96/100|[from] item: Leftovers
|upkeep
|turn|32
|
|t:|1605814201
|move|p2a: Kommo-o|Drain Punch|p1a: Vaporeon
|-damage|p1a: Vaporeon|52/100
|-heal|p2a: Kommo-o|83/100|[from] drain|[of] p1a: Vaporeon
|move|p1a: Vaporeon|Haze|p1a: Vaporeon
|-clearallboost
|
|-heal|p1a: Vaporeon|100/100|[from] move: Wish|[wisher] Vaporeon
|upkeep
|turn|33
|-message|SS007 forfeited.
|
|win|s4g3?
|l|☆SS007
||Ladder (probably) updated, but score could not be retrieved (Request timeout).
