|j|☆Osbornee
|j|☆pokemonisfun
|t:|1667153364
|gametype|singles
|player|p1|Osbornee|ghetsis|1402
|player|p2|pokemonisfun|#uutrio2ladder|1647
|teamsize|p1|6
|teamsize|p2|6
|gen|8
|tier|[Gen 8] UU
|rated|
|rule|Sleep Clause Mod: Limit one foe put to sleep
|rule|Species Clause: Limit one of each Pokémon
|rule|OHKO Clause: OHKO moves are banned
|rule|Evasion Items Clause: Evasion items are banned
|rule|Evasion Moves Clause: Evasion moves are banned
|rule|Endless Battle Clause: Forcing endless battles is banned
|rule|HP Percentage Mod: HP is shown in percentages
|rule|Dynamax Clause: You cannot dynamax
|clearpoke
|poke|p1|Hatterene, F|
|poke|p1|Marowak-Alola, M|
|poke|p1|Porygon2|
|poke|p1|Cresselia, F|
|poke|p1|Crawdaunt, M|
|poke|p1|Cursola, F|
|poke|p2|Hippowdon, M|
|poke|p2|Regieleki|
|poke|p2|Sylveon, F|
|poke|p2|Scizor, F|
|poke|p2|Milotic, F|
|poke|p2|Thundurus-Therian, M|
|teampreview
|
|t:|1667153380
|start
|switch|p1a: Hatterene|Hatterene, F|100/100
|switch|p2a: chuggy buggy|Scizor, F|100/100
|turn|1
|
|t:|1667153390
|move|p2a: chuggy buggy|U-turn|p1a: Hatterene
|-damage|p1a: Hatterene|64/100
|
|t:|1667153394
|switch|p2a: Hip(pos) dont lie|Hippowdon, M|100/100|[from]move: U-turn
|-weather|Sandstorm|[from] ability: Sand Stream|[of] p2a: Hip(pos) dont lie
|move|p1a: Hatterene|Trick Room|p1a: Hatterene
|-fieldstart|move: Trick Room|[of] p1a: Hatterene
|
|-weather|Sandstorm|[upkeep]
|-damage|p1a: Hatterene|58/100|[from] Sandstorm
|upkeep
|turn|2
|
|t:|1667153399
|move|p1a: Hatterene|Misty Explosion|p2a: Hip(pos) dont lie
|-damage|p2a: Hip(pos) dont lie|44/100
|faint|p1a: Hatterene
|move|p2a: Hip(pos) dont lie|Earthquake|p1: Hatterene|[notarget]
|-fail|p2a: Hip(pos) dont lie
|
|-weather|Sandstorm|[upkeep]
|upkeep
|
|t:|1667153420
|switch|p1a: Marowak|Marowak-Alola, M|100/100
|turn|3
|
|t:|1667153434
|move|p1a: Marowak|Flare Blitz|p2a: Hip(pos) dont lie
|-damage|p2a: Hip(pos) dont lie|0 fnt
|-damage|p1a: Marowak|84/100|[from] item: Rocky Helmet|[of] p2a: Hip(pos) dont lie
|faint|p2a: Hip(pos) dont lie
|
|-weather|Sandstorm|[upkeep]
|-damage|p1a: Marowak|78/100|[from] Sandstorm
|upkeep
|
|t:|1667153449
|switch|p2a: snekkt snek|Milotic, F|100/100
|turn|4
|
|t:|1667153458
|move|p1a: Marowak|Poltergeist|p2a: snekkt snek
|-activate|p2a: snekkt snek|move: Poltergeist|Heavy-Duty Boots
|-damage|p2a: snekkt snek|24/100
|move|p2a: snekkt snek|Scald|p1a: Marowak
|-supereffective|p1a: Marowak
|-damage|p1a: Marowak|7/100
|
|-weather|Sandstorm|[upkeep]
|-damage|p1a: Marowak|1/100|[from] Sandstorm
|-damage|p2a: snekkt snek|18/100|[from] Sandstorm
|upkeep
|turn|5
|
|t:|1667153472
|switch|p1a: Cresselia|Cresselia, F|100/100
|move|p2a: snekkt snek|Scald|p1a: Cresselia
|-damage|p1a: Cresselia|86/100
|
|-weather|none
|-fieldend|move: Trick Room
|upkeep
|turn|6
|
|t:|1667153476
|move|p2a: snekkt snek|Recover|p2a: snekkt snek
|-heal|p2a: snekkt snek|68/100
|move|p1a: Cresselia|Trick Room|p1a: Cresselia
|-fieldstart|move: Trick Room|[of] p1a: Cresselia
|
|upkeep
|turn|7
|
|t:|1667153479
|move|p2a: snekkt snek|Recover|p2a: snekkt snek
|-heal|p2a: snekkt snek|100/100
|move|p1a: Cresselia|Lunar Dance|p1a: Cresselia
|faint|p1a: Cresselia
|
|upkeep
|
|t:|1667153488
|switch|p1a: Crawdaunt|Crawdaunt, M|100/100
|turn|8
|
|t:|1667153494
|move|p1a: Crawdaunt|Knock Off|p2a: snekkt snek
|-damage|p2a: snekkt snek|47/100
|-enditem|p2a: snekkt snek|Heavy-Duty Boots|[from] move: Knock Off|[of] p1a: Crawdaunt
|move|p2a: snekkt snek|Toxic|p1a: Crawdaunt
|-status|p1a: Crawdaunt|tox
|
|-damage|p1a: Crawdaunt|94/100 tox|[from] psn
|upkeep
|turn|9
|
|t:|1667153522
|switch|p1a: Cursola|Cursola, F|100/100
|move|p2a: snekkt snek|Recover|p2a: snekkt snek
|-heal|p2a: snekkt snek|97/100
|
|upkeep
|turn|10
|
|t:|1667153533
|move|p1a: Cursola|Shadow Ball|p2a: snekkt snek
|-damage|p2a: snekkt snek|46/100
|move|p2a: snekkt snek|Toxic|p1a: Cursola|[miss]
|-miss|p2a: snekkt snek|p1a: Cursola
|
|-fieldend|move: Trick Room
|upkeep
|turn|11
|
|t:|1667153541
|move|p2a: snekkt snek|Recover|p2a: snekkt snek
|-heal|p2a: snekkt snek|96/100
|move|p1a: Cursola|Shadow Ball|p2a: snekkt snek
|-crit|p2a: snekkt snek
|-damage|p2a: snekkt snek|24/100
|
|upkeep
|turn|12
|
|t:|1667153548
|move|p2a: snekkt snek|Toxic|p1a: Cursola
|-status|p1a: Cursola|tox
|move|p1a: Cursola|Shadow Ball|p2a: snekkt snek
|-damage|p2a: snekkt snek|0 fnt
|faint|p2a: snekkt snek
|
|-damage|p1a: Cursola|94/100 tox|[from] psn
|upkeep
|
|t:|1667153553
|switch|p2a: chuggy buggy|Scizor, F|100/100
|turn|13
|
|t:|1667153557
|move|p2a: chuggy buggy|Knock Off|p1a: Cursola
|-supereffective|p1a: Cursola
|-damage|p1a: Cursola|0 fnt
|-ability|p1a: Cursola|Perish Body
|-enditem|p1a: Cursola|Choice Specs|[from] move: Knock Off|[of] p2a: chuggy buggy
|faint|p1a: Cursola
|
|-start|p2a: chuggy buggy|perish3
|upkeep
|
|t:|1667153570
|switch|p1a: Porygon2|Porygon2|100/100
|-ability|p1a: Porygon2|Technician|[from] ability: Trace|[of] p2a: chuggy buggy
|turn|14
|
|t:|1667153575
|move|p2a: chuggy buggy|Knock Off|p1a: Porygon2
|-damage|p1a: Porygon2|80/100
|-enditem|p1a: Porygon2|Eviolite|[from] move: Knock Off|[of] p2a: chuggy buggy
|move|p1a: Porygon2|Trick Room|p1a: Porygon2
|-fieldstart|move: Trick Room|[of] p1a: Porygon2
|
|-start|p2a: chuggy buggy|perish2
|upkeep
|turn|15
|
|t:|1667153606
|move|p2a: chuggy buggy|U-turn|p1a: Porygon2
|-damage|p1a: Porygon2|49/100
|
|t:|1667153608
|switch|p2a: fairly fairy|Sylveon, F|100/100|[from]move: U-turn
|move|p1a: Porygon2|Teleport|p1a: Porygon2
|
|t:|1667153613
|switch|p1a: Marowak|Marowak-Alola, M|1/100|[from]move: Teleport
|-heal|p1a: Marowak|100/100|[from] move: Lunar Dance
|
|upkeep
|turn|16
|
|t:|1667153617
|move|p2a: fairly fairy|Protect|p2a: fairly fairy
|-singleturn|p2a: fairly fairy|Protect
|move|p1a: Marowak|Flare Blitz|p2a: fairly fairy
|-activate|p2a: fairly fairy|move: Protect
|
|upkeep
|turn|17
|
|t:|1667153627
|switch|p2a: chuggy buggy|Scizor, F|100/100
|move|p1a: Marowak|Flare Blitz|p2a: chuggy buggy
|-supereffective|p2a: chuggy buggy
|-damage|p2a: chuggy buggy|0 fnt
|faint|p2a: chuggy buggy
|
|upkeep
|
|t:|1667153630
|switch|p2a: fairly fairy|Sylveon, F|100/100
|turn|18
|
|t:|1667153633
|switch|p1a: Porygon2|Porygon2|49/100
|-ability|p1a: Porygon2|Pixilate|[from] ability: Trace|[of] p2a: fairly fairy
|move|p2a: fairly fairy|Protect||[still]
|-fail|p2a: fairly fairy
|
|-fieldend|move: Trick Room
|upkeep
|turn|19
|
|t:|1667153639
|move|p2a: fairly fairy|Hyper Voice|p1a: Porygon2
|-damage|p1a: Porygon2|20/100
|move|p1a: Porygon2|Trick Room|p1a: Porygon2
|-fieldstart|move: Trick Room|[of] p1a: Porygon2
|
|upkeep
|turn|20
|
|t:|1667153658
|move|p1a: Porygon2|Recover|p1a: Porygon2
|-heal|p1a: Porygon2|70/100
|move|p2a: fairly fairy|Hyper Voice|p1a: Porygon2
|-damage|p1a: Porygon2|44/100
|
|upkeep
|turn|21
|
|t:|1667153664
|move|p1a: Porygon2|Recover|p1a: Porygon2
|-heal|p1a: Porygon2|94/100
|move|p2a: fairly fairy|Hyper Voice|p1a: Porygon2
|-damage|p1a: Porygon2|64/100
|
|upkeep
|turn|22
|
|t:|1667153667
|switch|p2a: howdy mr cloudy|Thundurus-Therian, M|100/100
|move|p1a: Porygon2|Recover|p1a: Porygon2
|-heal|p1a: Porygon2|100/100
|
|upkeep
|turn|23
|
|t:|1667153673
|move|p1a: Porygon2|Tri Attack|p2a: howdy mr cloudy
|-damage|p2a: howdy mr cloudy|70/100
|move|p2a: howdy mr cloudy|Nasty Plot|p2a: howdy mr cloudy
|-boost|p2a: howdy mr cloudy|spa|2
|
|-fieldend|move: Trick Room
|upkeep
|turn|24
|
|t:|1667153680
|move|p2a: howdy mr cloudy|Focus Blast|p1a: Porygon2|[miss]
|-miss|p2a: howdy mr cloudy|p1a: Porygon2
|move|p1a: Porygon2|Trick Room|p1a: Porygon2
|-fieldstart|move: Trick Room|[of] p1a: Porygon2
|
|upkeep
|turn|25
|
|t:|1667153686
|move|p2a: howdy mr cloudy|Thunderbolt|p1a: Porygon2
|-damage|p1a: Porygon2|32/100
|move|p1a: Porygon2|Teleport|p1a: Porygon2
|
|t:|1667153690
|switch|p1a: Marowak|Marowak-Alola, M|100/100|[from]move: Teleport
|
|upkeep
|turn|26
|
|t:|1667153695
|move|p1a: Marowak|Flare Blitz|p2a: howdy mr cloudy
|-damage|p2a: howdy mr cloudy|0 fnt
|faint|p2a: howdy mr cloudy
|
|upkeep
|
|t:|1667153697
|switch|p2a: fairly fairy|Sylveon, F|100/100
|turn|27
|
|t:|1667153700
|move|p2a: fairly fairy|Protect|p2a: fairly fairy
|-singleturn|p2a: fairly fairy|Protect
|move|p1a: Marowak|Flare Blitz|p2a: fairly fairy
|-activate|p2a: fairly fairy|move: Protect
|
|upkeep
|turn|28
|
|t:|1667153708
|move|p2a: fairly fairy|Protect||[still]
|-fail|p2a: fairly fairy
|move|p1a: Marowak|Flare Blitz|p2a: fairly fairy
|-damage|p2a: fairly fairy|4/100
|
|-heal|p2a: fairly fairy|10/100|[from] item: Leftovers
|-fieldend|move: Trick Room
|upkeep
|turn|29
|
|t:|1667153735
|move|p2a: fairly fairy|Hyper Voice|p1a: Marowak
|-resisted|p1a: Marowak
|-damage|p1a: Marowak|74/100
|move|p1a: Marowak|Flare Blitz|p2a: fairly fairy
|-damage|p2a: fairly fairy|0 fnt
|faint|p2a: fairly fairy
|
|upkeep
|
|t:|1667153740
|switch|p2a: zap and clap|Regieleki|100/100
|turn|30
|
|t:|1667153748
|move|p2a: zap and clap|Thunderbolt|p1a: Marowak
|-damage|p1a: Marowak|0 fnt
|faint|p1a: Marowak
|
|upkeep
|
|t:|1667153752
|switch|p1a: Porygon2|Porygon2|32/100
|-ability|p1a: Porygon2|Transistor|[from] ability: Trace|[of] p2a: zap and clap
|turn|31
|
|t:|1667153761
|move|p2a: zap and clap|Thunderbolt|p1a: Porygon2
|-damage|p1a: Porygon2|0 fnt
|faint|p1a: Porygon2
|
|upkeep
|
|t:|1667153764
|switch|p1a: Crawdaunt|Crawdaunt, M|94/100 tox
|turn|32
|
|t:|1667153767
|move|p1a: Crawdaunt|Aqua Jet|p2a: zap and clap
|-crit|p2a: zap and clap
|-damage|p2a: zap and clap|0 fnt
|faint|p2a: zap and clap
|
|win|Osbornee
|raw|Osbornee's rating: 1402 &rarr; <strong>1434</strong><br />(+32 for winning)
|raw|pokemonisfun's rating: 1647 &rarr; <strong>1615</strong><br />(-32 for losing)
|c|☆pokemonisfun|gg
|l|☆pokemonisfun
|c|☆Osbornee|Gg
||Ladder isn't responding, score probably updated but might not have (Request timeout).
