|j|☆Liz Angeles
|j|☆The gabagool king
|t:|1665172681
|gametype|singles
|player|p1|Liz Angeles|marley|1448
|player|p2|The gabagool king|265|1498
|teamsize|p1|6
|teamsize|p2|6
|gen|8
|tier|[Gen 8] UU
|rated|
|rule|Sleep Clause Mod: Limit one foe put to sleep
|rule|Species Clause: Limit one of each Pokémon
|rule|OHKO Clause: OHKO moves are banned
|rule|Evasion Items Clause: Evasion items are banned
|rule|Evasion Moves Clause: Evasion moves are banned
|rule|Endless Battle Clause: Forcing endless battles is banned
|rule|HP Percentage Mod: HP is shown in percentages
|rule|Dynamax Clause: You cannot dynamax
|clearpoke
|poke|p1|Tangrowth, M|
|poke|p1|Slowking, F|
|poke|p1|Cobalion|
|poke|p1|Zygarde-10%|
|poke|p1|Skarmory, F|
|poke|p1|Regieleki|
|poke|p2|Zygarde-10%|
|poke|p2|Nihilego|
|poke|p2|Slowking, M|
|poke|p2|Tangrowth, F|
|poke|p2|Moltres|
|poke|p2|Cobalion|
|teampreview
|inactive|Battle timer is ON: inactive players will automatically lose when time's up. (requested by The gabagool king)
|
|t:|1665172695
|start
|switch|p1a: Zygarde|Zygarde-10%|100/100
|switch|p2a: Nihilego|Nihilego|100/100
|-ability|p1a: Zygarde|Aura Break
|turn|1
|
|t:|1665172700
|switch|p2a: Tangrowth|Tangrowth, F|100/100
|move|p1a: Zygarde|Toxic|p2a: Tangrowth
|-status|p2a: Tangrowth|tox
|
|-damage|p2a: Tangrowth|94/100 tox|[from] psn
|upkeep
|turn|2
|
|t:|1665172705
|switch|p1a: Cobalion|Cobalion|100/100
|switch|p2a: Moltres|Moltres|100/100
|
|upkeep
|turn|3
|
|t:|1665172712
|switch|p2a: Tangrowth|Tangrowth, F|100/100 tox
|move|p1a: Cobalion|Volt Switch|p2a: Tangrowth
|-resisted|p2a: Tangrowth
|-damage|p2a: Tangrowth|96/100 tox
|
|t:|1665172725
|switch|p1a: Regijesus|Regieleki|100/100|[from]move: Volt Switch
|
|-damage|p2a: Tangrowth|90/100 tox|[from] psn
|upkeep
|turn|4
|
|t:|1665172730
|move|p1a: Regijesus|Volt Switch|p2a: Tangrowth
|-resisted|p2a: Tangrowth
|-damage|p2a: Tangrowth|73/100 tox
|
|t:|1665172733
|switch|p1a: Cobalion|Cobalion|100/100|[from]move: Volt Switch
|move|p2a: Tangrowth|Knock Off|p1a: Cobalion
|-resisted|p1a: Cobalion
|-damage|p1a: Cobalion|91/100
|-ability|p1a: Cobalion|Justified|boost
|-boost|p1a: Cobalion|atk|1
|-enditem|p1a: Cobalion|Leftovers|[from] move: Knock Off|[of] p2a: Tangrowth
|
|-damage|p2a: Tangrowth|60/100 tox|[from] psn
|upkeep
|turn|5
|
|t:|1665172751
|move|p1a: Cobalion|Stealth Rock|p2a: Tangrowth
|-sidestart|p2: The gabagool king|move: Stealth Rock
|move|p2a: Tangrowth|Focus Blast|p1a: Cobalion
|-supereffective|p1a: Cobalion
|-damage|p1a: Cobalion|13/100
|
|-damage|p2a: Tangrowth|42/100 tox|[from] psn
|upkeep
|turn|6
|
|t:|1665172775
|switch|p2a: Moltres|Moltres|100/100
|move|p1a: Cobalion|Volt Switch|p2a: Moltres
|-supereffective|p2a: Moltres
|-damage|p2a: Moltres|70/100
|
|t:|1665172785
|switch|p1a: Regijesus|Regieleki|100/100|[from]move: Volt Switch
|
|upkeep
|turn|7
|
|t:|1665172792
|switch|p2a: Zygarde|Zygarde-10%|100/100
|-damage|p2a: Zygarde|94/100|[from] Stealth Rock
|-ability|p2a: Zygarde|Aura Break
|move|p1a: Regijesus|Volt Switch|p2a: Zygarde
|-immune|p2a: Zygarde
|
|upkeep
|turn|8
|
|t:|1665172801
|switch|p1a: Tangrowth|Tangrowth, M|100/100
|switch|p2a: Nihilego|Nihilego|100/100
|-damage|p2a: Nihilego|88/100|[from] Stealth Rock
|
|-heal|p2a: Nihilego|94/100|[from] item: Black Sludge
|upkeep
|turn|9
|
|t:|1665172807
|switch|p1a: Zygarde|Zygarde-10%|100/100
|-ability|p1a: Zygarde|Aura Break
|move|p2a: Nihilego|Stealth Rock|p1a: Zygarde
|-sidestart|p1: Liz Angeles|move: Stealth Rock
|
|-heal|p2a: Nihilego|100/100|[from] item: Black Sludge
|upkeep
|turn|10
|
|t:|1665172813
|switch|p2a: Tangrowth|Tangrowth, F|75/100 tox
|-damage|p2a: Tangrowth|63/100 tox|[from] Stealth Rock
|move|p1a: Zygarde|Thousand Arrows|p2a: Tangrowth
|-resisted|p2a: Tangrowth
|-damage|p2a: Tangrowth|46/100 tox
|
|-damage|p2a: Tangrowth|40/100 tox|[from] psn
|upkeep
|turn|11
|
|t:|1665172825
|switch|p1a: Tangrowth|Tangrowth, M|100/100
|-damage|p1a: Tangrowth|88/100|[from] Stealth Rock
|switch|p2a: Moltres|Moltres|70/100
|
|upkeep
|turn|12
|
|t:|1665172835
|switch|p1a: Slowking|Slowking, F|100/100
|-damage|p1a: Slowking|88/100|[from] Stealth Rock
|move|p2a: Moltres|U-turn|p1a: Slowking
|-supereffective|p1a: Slowking
|-damage|p1a: Slowking|68/100
|j| Scald
|inactive|The gabagool king has 120 seconds left.
|inactive|The gabagool king has 90 seconds left.
|
|t:|1665172901
|switch|p2a: Tangrowth|Tangrowth, F|73/100 tox|[from]move: U-turn
|-damage|p2a: Tangrowth|60/100 tox|[from] Stealth Rock
|
|-heal|p1a: Slowking|74/100|[from] item: Leftovers
|-damage|p2a: Tangrowth|54/100 tox|[from] psn
|upkeep
|turn|13
|
|t:|1665172912
|switch|p1a: Tangrowth|Tangrowth, M|100/100
|-damage|p1a: Tangrowth|88/100|[from] Stealth Rock
|move|p2a: Tangrowth|Knock Off|p1a: Tangrowth
|-damage|p1a: Tangrowth|74/100
|-enditem|p1a: Tangrowth|Assault Vest|[from] move: Knock Off|[of] p2a: Tangrowth
|
|-damage|p2a: Tangrowth|42/100 tox|[from] psn
|upkeep
|turn|14
|
|t:|1665172921
|switch|p2a: Nihilego|Nihilego|100/100
|-damage|p2a: Nihilego|88/100|[from] Stealth Rock
|move|p1a: Tangrowth|Knock Off|p2a: Nihilego
|-damage|p2a: Nihilego|52/100
|-enditem|p2a: Nihilego|Black Sludge|[from] move: Knock Off|[of] p1a: Tangrowth
|
|upkeep
|turn|15
|
|t:|1665172930
|switch|p1a: Slowking|Slowking, F|100/100
|-damage|p1a: Slowking|88/100|[from] Stealth Rock
|move|p2a: Nihilego|Power Gem|p1a: Slowking
|-damage|p1a: Slowking|60/100
|
|-heal|p1a: Slowking|66/100|[from] item: Leftovers
|upkeep
|turn|16
|
|t:|1665172941
|switch|p2a: Slowking|Slowking, M|100/100
|move|p1a: Slowking|Teleport|p1a: Slowking
|
|t:|1665172946
|switch|p1a: Regijesus|Regieleki|100/100|[from]move: Teleport
|
|upkeep
|turn|17
|j| Espressuuu
|
|t:|1665172956
|switch|p2a: Zygarde|Zygarde-10%|94/100
|-damage|p2a: Zygarde|88/100|[from] Stealth Rock
|-ability|p2a: Zygarde|Aura Break
|move|p1a: Regijesus|Electro Ball|p2a: Zygarde
|-immune|p2a: Zygarde
|
|upkeep
|turn|18
|inactive|The gabagool king has 90 seconds left.
|
|t:|1665172989
|switch|p1a: Tangrowth|Tangrowth, M|100/100
|-damage|p1a: Tangrowth|88/100|[from] Stealth Rock
|move|p2a: Zygarde|Thousand Arrows|p1a: Tangrowth
|-resisted|p1a: Tangrowth
|-damage|p1a: Tangrowth|70/100
|
|upkeep
|turn|19
|
|t:|1665173002
|switch|p2a: Cobalion|Cobalion|100/100
|-damage|p2a: Cobalion|97/100|[from] Stealth Rock
|move|p1a: Tangrowth|Knock Off|p2a: Cobalion
|-resisted|p2a: Cobalion
|-damage|p2a: Cobalion|88/100
|-ability|p2a: Cobalion|Justified|boost
|-boost|p2a: Cobalion|atk|1
|-enditem|p2a: Cobalion|Leftovers|[from] move: Knock Off|[of] p1a: Tangrowth
|
|upkeep
|turn|20
|
|t:|1665173011
|move|p2a: Cobalion|Swords Dance|p2a: Cobalion
|-boost|p2a: Cobalion|atk|2
|move|p1a: Tangrowth|Earthquake|p2a: Cobalion
|-supereffective|p2a: Cobalion
|-damage|p2a: Cobalion|47/100
|
|upkeep
|turn|21
|
|t:|1665173017
|switch|p1a: Slowking|Slowking, F|99/100
|-damage|p1a: Slowking|87/100|[from] Stealth Rock
|move|p2a: Cobalion|Megahorn|p1a: Slowking
|-supereffective|p1a: Slowking
|-damage|p1a: Slowking|0 fnt
|faint|p1a: Slowking
|
|upkeep
|
|t:|1665173025
|switch|p1a: Regijesus|Regieleki|100/100
|turn|22
|inactive|The gabagool king has 120 seconds left.
|
|t:|1665173030
|switch|p2a: Tangrowth|Tangrowth, F|75/100 tox
|-damage|p2a: Tangrowth|63/100 tox|[from] Stealth Rock
|move|p1a: Regijesus|Thunderbolt|p2a: Tangrowth
|-resisted|p2a: Tangrowth
|-crit|p2a: Tangrowth
|-damage|p2a: Tangrowth|30/100 tox
|
|-damage|p2a: Tangrowth|24/100 tox|[from] psn
|upkeep
|turn|23
|
|t:|1665173036
|switch|p2a: Zygarde|Zygarde-10%|88/100
|-damage|p2a: Zygarde|82/100|[from] Stealth Rock
|-ability|p2a: Zygarde|Aura Break
|move|p1a: Regijesus|Rapid Spin|p2a: Zygarde
|-damage|p2a: Zygarde|65/100
|-boost|p1a: Regijesus|spe|1
|-sideend|p1: Liz Angeles|Stealth Rock|[from] move: Rapid Spin|[of] p1a: Regijesus
|
|upkeep
|turn|24
|
|t:|1665173050
|switch|p1a: Tangrowth|Tangrowth, M|100/100
|move|p2a: Zygarde|Thousand Arrows|p1a: Tangrowth
|-resisted|p1a: Tangrowth
|-damage|p1a: Tangrowth|83/100
|
|upkeep
|turn|25
|
|t:|1665173057
|switch|p2a: Moltres|Moltres|70/100
|switch|p1a: Regijesus|Regieleki|100/100
|
|upkeep
|turn|26
|
|t:|1665173070
|switch|p2a: Zygarde|Zygarde-10%|65/100
|-damage|p2a: Zygarde|59/100|[from] Stealth Rock
|-ability|p2a: Zygarde|Aura Break
|move|p1a: Regijesus|Volt Switch|p2a: Zygarde
|-immune|p2a: Zygarde
|
|upkeep
|turn|27
|
|t:|1665173087
|switch|p1a: Zygarde|Zygarde-10%|100/100
|-ability|p1a: Zygarde|Aura Break
|switch|p2a: Nihilego|Nihilego|52/100
|-damage|p2a: Nihilego|40/100|[from] Stealth Rock
|
|upkeep
|turn|28
|
|t:|1665173101
|switch|p2a: Tangrowth|Tangrowth, F|57/100 tox
|-damage|p2a: Tangrowth|45/100 tox|[from] Stealth Rock
|move|p1a: Zygarde|Thousand Arrows|p2a: Tangrowth
|-resisted|p2a: Tangrowth
|-damage|p2a: Tangrowth|27/100 tox
|
|-damage|p2a: Tangrowth|21/100 tox|[from] psn
|upkeep
|turn|29
|
|t:|1665173112
|switch|p1a: Cobalion|Cobalion|13/100
|switch|p2a: Slowking|Slowking, M|100/100
|
|upkeep
|turn|30
|
|t:|1665173120
|move|p1a: Cobalion|Volt Switch|p2a: Slowking
|-supereffective|p2a: Slowking
|-damage|p2a: Slowking|78/100
|
|t:|1665173123
|switch|p1a: Regijesus|Regieleki|100/100|[from]move: Volt Switch
|move|p2a: Slowking|Scald|p1a: Regijesus
|-damage|p1a: Regijesus|46/100
|-status|p1a: Regijesus|brn
|
|-damage|p1a: Regijesus|40/100 brn|[from] brn
|upkeep
|turn|31
|c| Espressuuu|L burn gg go next
|
|t:|1665173142
|switch|p2a: Zygarde|Zygarde-10%|59/100
|-damage|p2a: Zygarde|53/100|[from] Stealth Rock
|-ability|p2a: Zygarde|Aura Break
|move|p1a: Regijesus|Volt Switch|p2a: Zygarde
|-immune|p2a: Zygarde
|
|-damage|p1a: Regijesus|34/100 brn|[from] brn
|upkeep
|turn|32
|inactive|The gabagool king has 120 seconds left.
|
|t:|1665173168
|switch|p1a: Tangrowth|Tangrowth, M|100/100
|move|p2a: Zygarde|Extreme Speed|p1a: Tangrowth
|-damage|p1a: Tangrowth|80/100
|
|upkeep
|turn|33
|inactive|The gabagool king has 120 seconds left.
|
|t:|1665173183
|switch|p2a: Moltres|Moltres|70/100
|switch|p1a: Zygarde|Zygarde-10%|100/100
|-ability|p1a: Zygarde|Aura Break
|
|upkeep
|turn|34
|inactive|The gabagool king has 120 seconds left.
|
|t:|1665173192
|switch|p2a: Tangrowth|Tangrowth, F|54/100 tox
|-damage|p2a: Tangrowth|42/100 tox|[from] Stealth Rock
|move|p1a: Zygarde|Thousand Arrows|p2a: Tangrowth
|-resisted|p2a: Tangrowth
|-damage|p2a: Tangrowth|24/100 tox
|
|-damage|p2a: Tangrowth|18/100 tox|[from] psn
|upkeep
|turn|35
|
|t:|1665173200
|move|p1a: Zygarde|Thousand Arrows|p2a: Tangrowth
|-resisted|p2a: Tangrowth
|-damage|p2a: Tangrowth|0 fnt
|faint|p2a: Tangrowth
|
|upkeep
|
|t:|1665173205
|switch|p2a: Slowking|Slowking, M|100/100
|turn|36
|
|t:|1665173222
|switch|p1a: Tangrowth|Tangrowth, M|100/100
|move|p2a: Slowking|Scald|p1a: Tangrowth
|-resisted|p1a: Tangrowth
|-damage|p1a: Tangrowth|86/100
|-status|p1a: Tangrowth|brn
|
|-damage|p1a: Tangrowth|79/100 brn|[from] brn
|upkeep
|turn|37
|
|t:|1665173251
|move|p1a: Tangrowth|Knock Off|p2a: Slowking
|-supereffective|p2a: Slowking
|-damage|p2a: Slowking|84/100
|-enditem|p2a: Slowking|Heavy-Duty Boots|[from] move: Knock Off|[of] p1a: Tangrowth
|move|p2a: Slowking|Teleport|p2a: Slowking
|inactive|The gabagool king has 120 seconds left.
|
|t:|1665173275
|switch|p2a: Nihilego|Nihilego|40/100|[from]move: Teleport
|-damage|p2a: Nihilego|28/100|[from] Stealth Rock
|
|-damage|p1a: Tangrowth|73/100 brn|[from] brn
|upkeep
|turn|38
|
|t:|1665173283
|switch|p1a: Zygarde|Zygarde-10%|100/100
|-ability|p1a: Zygarde|Aura Break
|move|p2a: Nihilego|Sludge Wave|p1a: Zygarde
|-resisted|p1a: Zygarde
|-damage|p1a: Zygarde|68/100
|
|upkeep
|turn|39
|inactive|The gabagool king has 120 seconds left.
|l| Espressuuu
|inactive|The gabagool king has 90 seconds left.
|inactive|The gabagool king has 60 seconds left.
|
|t:|1665173354
|switch|p2a: Slowking|Slowking, M|100/100
|-damage|p2a: Slowking|88/100|[from] Stealth Rock
|move|p1a: Zygarde|Thousand Arrows|p2a: Slowking
|-damage|p2a: Slowking|45/100
|
|upkeep
|turn|40
|inactive|The gabagool king has 60 seconds left.
|
|t:|1665173370
|move|p1a: Zygarde|Thousand Arrows|p2a: Slowking
|-damage|p2a: Slowking|5/100
|move|p2a: Slowking|Scald|p1a: Zygarde
|-damage|p1a: Zygarde|22/100
|
|upkeep
|turn|41
|
|t:|1665173380
|switch|p2a: Nihilego|Nihilego|28/100
|-damage|p2a: Nihilego|15/100|[from] Stealth Rock
|move|p1a: Zygarde|Thousand Arrows|p2a: Nihilego
|-supereffective|p2a: Nihilego
|-damage|p2a: Nihilego|0 fnt
|faint|p2a: Nihilego
|
|upkeep
|l| Scald
|
|t:|1665173393
|switch|p2a: Zygarde|Zygarde-10%|53/100
|-damage|p2a: Zygarde|47/100|[from] Stealth Rock
|-ability|p2a: Zygarde|Aura Break
|turn|42
|
|t:|1665173400
|switch|p1a: Skarmory|Skarmory, F|100/100
|move|p2a: Zygarde|Extreme Speed|p1a: Skarmory
|-resisted|p1a: Skarmory
|-damage|p1a: Skarmory|90/100
|-damage|p2a: Zygarde|30/100|[from] item: Rocky Helmet|[of] p1a: Skarmory
|
|upkeep
|turn|43
|
|t:|1665173413
|switch|p2a: Moltres|Moltres|70/100
|switch|p1a: Cobalion|Cobalion|13/100
|
|upkeep
|turn|44
|
|t:|1665173420
|move|p1a: Cobalion|Volt Switch|p2a: Moltres
|-supereffective|p2a: Moltres
|-damage|p2a: Moltres|38/100
|
|t:|1665173424
|switch|p1a: Skarmory|Skarmory, F|90/100|[from]move: Volt Switch
|move|p2a: Moltres|Roost|p2a: Moltres
|-heal|p2a: Moltres|88/100
|-singleturn|p2a: Moltres|move: Roost
|
|upkeep
|turn|45
|
|t:|1665173428
|switch|p1a: Cobalion|Cobalion|13/100
|move|p2a: Moltres|Flamethrower|p1a: Cobalion
|-supereffective|p1a: Cobalion
|-damage|p1a: Cobalion|0 fnt
|faint|p1a: Cobalion
|
|upkeep
|
|t:|1665173433
|switch|p1a: Regijesus|Regieleki|34/100 brn
|turn|46
|inactive|The gabagool king has 90 seconds left.
|inactive|Liz Angeles has 120 seconds left.
|
|t:|1665173479
|switch|p2a: Zygarde|Zygarde-10%|30/100
|-damage|p2a: Zygarde|24/100|[from] Stealth Rock
|-ability|p2a: Zygarde|Aura Break
|move|p1a: Regijesus|Volt Switch|p2a: Zygarde
|-immune|p2a: Zygarde
|
|-damage|p1a: Regijesus|28/100 brn|[from] brn
|upkeep
|turn|47
|inactive|The gabagool king has 90 seconds left.
|
|t:|1665173499
|switch|p1a: Zygarde|Zygarde-10%|22/100
|-ability|p1a: Zygarde|Aura Break
|switch|p2a: Moltres|Moltres|88/100
|
|upkeep
|turn|48
|
|t:|1665173504
|move|p1a: Zygarde|Outrage|p2a: Moltres
|-damage|p2a: Moltres|2/100
|-status|p1a: Zygarde|brn|[from] ability: Flame Body|[of] p2a: Moltres
|move|p2a: Moltres|Flamethrower|p1a: Zygarde
|-resisted|p1a: Zygarde
|-damage|p1a: Zygarde|0 fnt
|faint|p1a: Zygarde
|
|upkeep
|
|t:|1665173512
|switch|p1a: Regijesus|Regieleki|28/100 brn
|turn|49
|
|t:|1665173517
|switch|p2a: Zygarde|Zygarde-10%|24/100
|-damage|p2a: Zygarde|18/100|[from] Stealth Rock
|-ability|p2a: Zygarde|Aura Break
|move|p1a: Regijesus|Rapid Spin|p2a: Zygarde
|-damage|p2a: Zygarde|9/100
|-boost|p1a: Regijesus|spe|1
|
|-damage|p1a: Regijesus|22/100 brn|[from] brn
|upkeep
|turn|50
|inactive|Liz Angeles has 120 seconds left.
|
|t:|1665173528
|switch|p1a: Tangrowth|Tangrowth, M|100/100 brn
|switch|p2a: Moltres|Moltres|2/100
|
|-damage|p1a: Tangrowth|94/100 brn|[from] brn
|upkeep
|turn|51
|inactive|Liz Angeles has 120 seconds left.
|
|t:|1665173543
|move|p2a: Moltres|Defog|p1a: Tangrowth
|-unboost|p1a: Tangrowth|evasion|1
|-sideend|p2: The gabagool king|Stealth Rock|[from] move: Defog|[of] p2a: Moltres
|move|p1a: Tangrowth|Sludge Bomb|p2a: Moltres
|-damage|p2a: Moltres|0 fnt
|faint|p2a: Moltres
|
|-damage|p1a: Tangrowth|88/100 brn|[from] brn
|upkeep
|inactive|The gabagool king has 90 seconds left.
|
|t:|1665173560
|switch|p2a: Cobalion|Cobalion|47/100
|turn|52
|
|t:|1665173563
|move|p2a: Cobalion|Swords Dance|p2a: Cobalion
|-boost|p2a: Cobalion|atk|2
|move|p1a: Tangrowth|Earthquake|p2a: Cobalion
|-supereffective|p2a: Cobalion
|-damage|p2a: Cobalion|27/100
|
|-damage|p1a: Tangrowth|82/100 brn|[from] brn
|upkeep
|turn|53
|
|t:|1665173572
|switch|p1a: Skarmory|Skarmory, F|90/100
|move|p2a: Cobalion|Megahorn|p1a: Skarmory
|-resisted|p1a: Skarmory
|-damage|p1a: Skarmory|81/100
|-damage|p2a: Cobalion|10/100|[from] item: Rocky Helmet|[of] p1a: Skarmory
|
|upkeep
|turn|54
|
|t:|1665173584
|move|p2a: Cobalion|Close Combat|p1a: Skarmory
|-damage|p1a: Skarmory|23/100
|-unboost|p2a: Cobalion|def|1
|-unboost|p2a: Cobalion|spd|1
|-damage|p2a: Cobalion|0 fnt|[from] item: Rocky Helmet|[of] p1a: Skarmory
|faint|p2a: Cobalion
|move|p1a: Skarmory|Spikes|p2: Cobalion
|-sidestart|p2: The gabagool king|Spikes
|
|upkeep
|
|t:|1665173588
|switch|p2a: Slowking|Slowking, M|38/100
|-damage|p2a: Slowking|25/100|[from] Spikes
|turn|55
|c|☆Liz Angeles|gg
|
|t:|1665173600
|move|p1a: Skarmory|Iron Defense|p1a: Skarmory
|-boost|p1a: Skarmory|def|2
|move|p2a: Slowking|Slack Off|p2a: Slowking
|-heal|p2a: Slowking|76/100
|
|upkeep
|turn|56
|
|t:|1665173604
|move|p1a: Skarmory|Body Press|p2a: Slowking
|-resisted|p2a: Slowking
|-damage|p2a: Slowking|53/100
|move|p2a: Slowking|Scald|p1a: Skarmory
|-damage|p1a: Skarmory|0 fnt
|faint|p1a: Skarmory
|
|upkeep
|
|t:|1665173607
|switch|p1a: Regijesus|Regieleki|22/100 brn
|turn|57
|-message|The gabagool king forfeited.
|
|win|Liz Angeles
|raw|Liz Angeles's rating: 1448 &rarr; <strong>1471</strong><br />(+23 for winning)
|raw|The gabagool king's rating: 1498 &rarr; <strong>1475</strong><br />(-23 for losing)
|l|☆The gabagool king
||Ladder isn't responding, score probably updated but might not have (Request timeout).
