|j|☆Low Ladder Terror
|j|☆scheff
|t:|1607156008
|player|p1|Low Ladder Terror|teamrocket|
|player|p2|scheff|yellow|
|teamsize|p1|6
|teamsize|p2|6
|gametype|singles
|gen|8
|tier|[Gen 8] UU
|rated|Tournament battle
|clearpoke
|poke|p1|Zapdos-Galar|
|poke|p1|Zeraora|
|poke|p1|Scizor, F|
|poke|p1|Crawdaunt, M|
|poke|p1|Latias, F|
|poke|p1|Seismitoad, M|
|poke|p2|Xurkitree|
|poke|p2|Scizor, M|
|poke|p2|Nihilego|
|poke|p2|Amoonguss, M|
|poke|p2|Suicune|
|poke|p2|Rotom-Heat|
|rule|Sleep Clause Mod: Limit one foe put to sleep
|rule|Species Clause: Limit one of each Pokémon
|rule|OHKO Clause: OHKO moves are banned
|rule|Evasion Moves Clause: Evasion moves are banned
|rule|Endless Battle Clause: Forcing endless battles is banned
|rule|HP Percentage Mod: HP is shown in percentages
|rule|Dynamax Clause: You cannot dynamax
|teampreview
|j|*Lady Monita
|j| Kerokoga
|j| BigFatMantis
|inactive|Battle timer is ON: inactive players will automatically lose when time's up. (requested by Low Ladder Terror)
|j| 7MM
|c|☆Low Ladder Terror|hf
|j| XxToxicAshleyxX
|c|☆scheff|i hate pokemon
|j| Life Letters
|n|+7MM|7mm
|n|+7MM|7mm
|c|☆scheff|/log 7MM was promoted to Room Voice by scheff.
|n|+7MM|7mm
|j| slickkback
|n|*Lady Monita|ladymonita
|n|*Lady Monita|ladymonita
|c|☆scheff|/log Lady Monita was promoted to Room Voice by scheff.
|n|*Lady Monita|ladymonita
|n|+Life Letters|lifeletters
|n|+Life Letters|lifeletters
|c|☆scheff|/log Life Letters was promoted to Room Voice by scheff.
|n|+Life Letters|lifeletters
|c|☆scheff|have u ever mistabbed
|c|+Life Letters|let’s go chef
|j| Velcroc
|c|+Life Letters|👨‍🍳
|j|^vumshi
|inactive|Low Ladder Terror has 120 seconds left.
|c|+7MM|chef
|inactive|scheff has 120 seconds left.
|j| pokemon vs you
|c|☆scheff|i L here
|
|t:|1607156055
|start
|switch|p1a: Zapdos|Zapdos-Galar|100/100
|switch|p2a: Xurkitree|Xurkitree|100/100
|turn|1
|
|t:|1607156070
|switch|p2a: Rotom|Rotom-Heat|100/100
|switch|p1a: Latias|Latias, F|100/100
|
|upkeep
|turn|2
|
|t:|1607156078
|move|p1a: Latias|Psychic|p2a: Rotom
|-damage|p2a: Rotom|67/100
|move|p2a: Rotom|Volt Switch|p1a: Latias
|-resisted|p1a: Latias
|-damage|p1a: Latias|89/100
|j| Twinssssss
|j| Mellow1004
|
|t:|1607156091
|switch|p2a: Xurkitree|Xurkitree|100/100|[from]move: Volt Switch
|
|upkeep
|turn|3
|c|+7MM|nice lati answer chef
|
|t:|1607156099
|switch|p1a: Scizor|Scizor, F|100/100
|move|p2a: Xurkitree|Energy Ball|p1a: Scizor
|-resisted|p1a: Scizor
|-damage|p1a: Scizor|90/100
|
|upkeep
|turn|4
|
|t:|1607156105
|switch|p2a: Rotom|Rotom-Heat|67/100
|move|p1a: Scizor|U-turn|p2a: Rotom
|-resisted|p2a: Rotom
|-damage|p2a: Rotom|48/100
|
|t:|1607156123
|switch|p1a: Seismitoad|Seismitoad, M|100/100|[from]move: U-turn
|
|upkeep
|turn|5
|
|t:|1607156129
|switch|p2a: Amoonguss|Amoonguss, M|100/100
|move|p1a: Seismitoad|Knock Off|p2a: Amoonguss
|-damage|p2a: Amoonguss|84/100
|-damage|p1a: Seismitoad|84/100|[from] item: Rocky Helmet|[of] p2a: Amoonguss
|-enditem|p2a: Amoonguss|Rocky Helmet|[from] move: Knock Off|[of] p1a: Seismitoad
|
|-heal|p1a: Seismitoad|90/100|[from] item: Leftovers
|upkeep
|turn|6
|
|t:|1607156134
|move|p1a: Seismitoad|Stealth Rock|p2a: Amoonguss
|-sidestart|p2: scheff|move: Stealth Rock
|move|p2a: Amoonguss|Spore|p1a: Seismitoad
|-status|p1a: Seismitoad|slp|[from] move: Spore
|
|-heal|p1a: Seismitoad|96/100 slp|[from] item: Leftovers
|upkeep
|turn|7
|
|t:|1607156143
|switch|p1a: Zapdos|Zapdos-Galar|100/100
|move|p2a: Amoonguss|Giga Drain|p1a: Zapdos
|-resisted|p1a: Zapdos
|-damage|p1a: Zapdos|86/100
|-heal|p2a: Amoonguss|89/100|[from] drain|[of] p1a: Zapdos
|
|upkeep
|turn|8
|c| Mellow1004|Wooh top 15 UU ! :O
|
|t:|1607156155
|switch|p2a: Nihilego|Nihilego|100/100
|-damage|p2a: Nihilego|88/100|[from] Stealth Rock
|move|p1a: Zapdos|Brave Bird|p2a: Nihilego
|-resisted|p2a: Nihilego
|-damage|p2a: Nihilego|12/100
|-damage|p1a: Zapdos|58/100|[from] Recoil
|
|upkeep
|turn|9
|
|t:|1607156165
|switch|p1a: Seismitoad|Seismitoad, M|96/100 slp
|move|p2a: Nihilego|Stealth Rock|p1a: Seismitoad
|-sidestart|p1: Low Ladder Terror|move: Stealth Rock
|
|-heal|p1a: Seismitoad|100/100 slp|[from] item: Leftovers
|upkeep
|turn|10
|j| laevin ㋛
|
|t:|1607156173
|switch|p2a: Amoonguss|Amoonguss, M|100/100
|-damage|p2a: Amoonguss|88/100|[from] Stealth Rock
|switch|p1a: Scizor|Scizor, F|90/100
|
|upkeep
|turn|11
|
|t:|1607156181
|move|p1a: Scizor|Swords Dance|p1a: Scizor
|-boost|p1a: Scizor|atk|2
|move|p2a: Amoonguss|Foul Play|p1a: Scizor
|-damage|p1a: Scizor|33/100
|
|upkeep
|turn|12
|j| Prajjwalgamer3
|
|t:|1607156191
|move|p1a: Scizor|U-turn|p2a: Amoonguss
|-damage|p2a: Amoonguss|35/100
|l| Prajjwalgamer3
|
|t:|1607156199
|switch|p1a: Latias|Latias, F|89/100|[from]move: U-turn
|-damage|p1a: Latias|76/100|[from] Stealth Rock
|move|p2a: Amoonguss|Foul Play|p1a: Latias
|-supereffective|p1a: Latias
|-damage|p1a: Latias|43/100
|
|upkeep
|turn|13
|l|+Life Letters
|j|+Life Letters
|c|+Life Letters|oops
|
|t:|1607156226
|switch|p1a: Scizor|Scizor, F|33/100
|switch|p2a: Suicune|Suicune|100/100
|-damage|p2a: Suicune|88/100|[from] Stealth Rock
|-ability|p2a: Suicune|Pressure
|
|-heal|p2a: Suicune|94/100|[from] item: Leftovers
|upkeep
|turn|14
|
|t:|1607156235
|move|p2a: Suicune|Substitute|p2a: Suicune
|-start|p2a: Suicune|Substitute
|-damage|p2a: Suicune|69/100
|move|p1a: Scizor|U-turn|p2a: Suicune
|-activate|p2a: Suicune|move: Substitute|[damage]
|
|t:|1607156242
|switch|p1a: Zeraora|Zeraora|100/100|[from]move: U-turn
|
|-heal|p2a: Suicune|75/100|[from] item: Leftovers
|upkeep
|turn|15
|j| stewie's hats
|
|t:|1607156247
|move|p1a: Zeraora|Knock Off|p2a: Suicune
|-end|p2a: Suicune|Substitute
|move|p2a: Suicune|Scald|p1a: Zeraora
|-damage|p1a: Zeraora|66/100
|
|-heal|p2a: Suicune|82/100|[from] item: Leftovers
|upkeep
|turn|16
|l| stewie's hats
|c|+7MM|huh
|
|t:|1607156254
|move|p2a: Suicune|Protect|p2a: Suicune
|-singleturn|p2a: Suicune|Protect
|move|p1a: Zeraora|Volt Switch|p2a: Suicune
|-activate|p2a: Suicune|move: Protect
|
|-heal|p2a: Suicune|88/100|[from] item: Leftovers
|upkeep
|turn|17
|
|t:|1607156271
|move|p1a: Zeraora|Knock Off|p2a: Suicune
|-crit|p2a: Suicune
|-damage|p2a: Suicune|56/100
|-enditem|p2a: Suicune|Leftovers|[from] move: Knock Off|[of] p1a: Zeraora
|move|p2a: Suicune|Scald|p1a: Zeraora
|-damage|p1a: Zeraora|34/100
|
|upkeep
|turn|18
|c|☆scheff|0/2
|
|t:|1607156289
|move|p2a: Suicune|Protect|p2a: Suicune
|-singleturn|p2a: Suicune|Protect
|move|p1a: Zeraora|Plasma Fists|p2a: Suicune
|-activate|p2a: Suicune|move: Protect
|
|upkeep
|turn|19
|
|t:|1607156300
|move|p1a: Zeraora|Volt Switch|p2a: Suicune
|-supereffective|p2a: Suicune
|-damage|p2a: Suicune|20/100
|
|t:|1607156306
|switch|p1a: Seismitoad|Seismitoad, M|100/100 slp|[from]move: Volt Switch
|-damage|p1a: Seismitoad|94/100 slp|[from] Stealth Rock
|move|p2a: Suicune|Scald|p1a: Seismitoad
|-heal|p1a: Seismitoad|100/100 slp|[from] ability: Water Absorb|[of] p2a: Suicune
|
|upkeep
|turn|20
|
|t:|1607156313
|switch|p2a: Xurkitree|Xurkitree|100/100
|-damage|p2a: Xurkitree|88/100|[from] Stealth Rock
|cant|p1a: Seismitoad|slp
|
|upkeep
|turn|21
|
|t:|1607156325
|move|p2a: Xurkitree|Volt Switch|p1a: Seismitoad
|-immune|p1a: Seismitoad
|cant|p1a: Seismitoad|slp
|
|upkeep
|turn|22
|c|☆scheff|F
|
|t:|1607156332
|switch|p2a: Amoonguss|Amoonguss, M|69/100
|-damage|p2a: Amoonguss|56/100|[from] Stealth Rock
|-curestatus|p1a: Seismitoad|slp|[msg]
|move|p1a: Seismitoad|Earthquake|p2a: Amoonguss
|-damage|p2a: Amoonguss|34/100
|
|upkeep
|turn|23
|c| Twinssssss|F indedd
|j| Atiman
|l| Atiman
|inactive|Low Ladder Terror has 120 seconds left.
|
|t:|1607156380
|switch|p1a: Zapdos|Zapdos-Galar|58/100
|-damage|p1a: Zapdos|46/100|[from] Stealth Rock
|move|p2a: Amoonguss|Spore|p1a: Zapdos
|-status|p1a: Zapdos|slp|[from] move: Spore
|
|upkeep
|turn|24
|
|t:|1607156390
|switch|p1a: Scizor|Scizor, F|33/100
|move|p2a: Amoonguss|Sludge Bomb|p1a: Scizor
|-immune|p1a: Scizor
|
|upkeep
|turn|25
|
|t:|1607156398
|switch|p2a: Scizor|Scizor, M|100/100
|-damage|p2a: Scizor|88/100|[from] Stealth Rock
|move|p1a: Scizor|Roost|p1a: Scizor
|-heal|p1a: Scizor|83/100
|-singleturn|p1a: Scizor|move: Roost
|
|upkeep
|turn|26
|inactive|Low Ladder Terror has 120 seconds left.
|l| laevin ㋛
|
|t:|1607156415
|move|p2a: Scizor|Dual Wingbeat|p1a: Scizor
|-damage|p1a: Scizor|51/100
|-damage|p1a: Scizor|23/100
|-hitcount|p1a: Scizor|2
|move|p1a: Scizor|Swords Dance|p1a: Scizor
|-boost|p1a: Scizor|atk|2
|
|upkeep
|turn|27
|
|t:|1607156422
|move|p1a: Scizor|Bullet Punch|p2a: Scizor
|-resisted|p2a: Scizor
|-damage|p2a: Scizor|57/100
|move|p2a: Scizor|Dual Wingbeat|p1a: Scizor
|-damage|p1a: Scizor|0 fnt
|-hitcount|p1a: Scizor|1
|faint|p1a: Scizor
|
|upkeep
|j| lephoenix
|inactive|Low Ladder Terror has 90 seconds left.
|
|t:|1607156477
|switch|p1a: Seismitoad|Seismitoad, M|100/100
|-damage|p1a: Seismitoad|94/100|[from] Stealth Rock
|turn|28
|
|t:|1607156488
|switch|p2a: Amoonguss|Amoonguss, M|67/100
|-damage|p2a: Amoonguss|54/100|[from] Stealth Rock
|move|p1a: Seismitoad|Earthquake|p2a: Amoonguss
|-damage|p2a: Amoonguss|29/100
|
|-heal|p1a: Seismitoad|100/100|[from] item: Leftovers
|upkeep
|turn|29
|c|+7MM|chef how are u winning
|l| lephoenix
|c|☆scheff|im jewish
|inactive|Low Ladder Terror has 60 seconds left.
|c| BigFatMantis|all his mons are almost dead tho
|
|t:|1607156523
|switch|p1a: Zapdos|Zapdos-Galar|46/100 slp
|-damage|p1a: Zapdos|34/100 slp|[from] Stealth Rock
|move|p2a: Amoonguss|Giga Drain|p1a: Zapdos
|-resisted|p1a: Zapdos
|-damage|p1a: Zapdos|20/100 slp
|-heal|p2a: Amoonguss|34/100|[from] drain|[of] p1a: Zapdos
|
|upkeep
|turn|30
|c| BigFatMantis|cept xurk
|c|+7MM|ig
|
|t:|1607156547
|cant|p1a: Zapdos|slp
|move|p2a: Amoonguss|Sludge Bomb|p1a: Zapdos
|-damage|p1a: Zapdos|0 fnt
|faint|p1a: Zapdos
|
|upkeep
|
|t:|1607156557
|switch|p1a: Crawdaunt|Crawdaunt, M|100/100
|-damage|p1a: Crawdaunt|88/100|[from] Stealth Rock
|turn|31
|inactive|scheff has 120 seconds left.
|
|t:|1607156600
|move|p1a: Crawdaunt|Knock Off|p2a: Amoonguss
|-crit|p2a: Amoonguss
|-damage|p2a: Amoonguss|0 fnt
|-damage|p1a: Crawdaunt|78/100|[from] item: Life Orb
|faint|p2a: Amoonguss
|
|upkeep
|
|t:|1607156609
|switch|p2a: Xurkitree|Xurkitree|88/100
|-damage|p2a: Xurkitree|76/100|[from] Stealth Rock
|turn|32
|inactive|Low Ladder Terror has 30 seconds left.
|c|+7MM|!dt xurkitree
|raw|<div class="message"><ul class="utilichart"><li class="result"><span class="col numcol">RU</span> <span class="col iconcol"><psicon pokemon="xurkitree"/></span> <span class="col pokemonnamecol" style="white-space:nowrap"><a href="https://dex.pokemonshowdown.com/pokemon/xurkitree" target="_blank">Xurkitree</a></span> <span class="col typecol"><img src="https://play.pokemonshowdown.com/sprites/types/Electric.png" alt="Electric" height="14" width="32"></span> <span style="float:left;min-height:26px"><span class="col abilitycol">Beast Boost</span><span class="col abilitycol"></span></span><span style="float:left;min-height:26px"><span class="col statcol"><em>HP</em><br />83</span> <span class="col statcol"><em>Atk</em><br />89</span> <span class="col statcol"><em>Def</em><br />71</span> <span class="col statcol"><em>SpA</em><br />173</span> <span class="col statcol"><em>SpD</em><br />71</span> <span class="col statcol"><em>Spe</em><br />83</span> <span class="col bstcol"><em>BST<br />570</em></span> </span></li><li style="clear:both"></li></ul></div>
|raw|<font size="1"><font color="#686868">Dex#:</font> 796&nbsp;|&ThickSpace;<font color="#686868">Gen:</font> 7&nbsp;|&ThickSpace;<font color="#686868">Height:</font> 3.8 m&nbsp;|&ThickSpace;<font color="#686868">Weight:</font> 100 kg <em>(100 BP)</em>&nbsp;|&ThickSpace;<font color="#686868">Dex Colour:</font> Black&nbsp;|&ThickSpace;<font color="#686868">Egg Group(s):</font> Undiscovered&nbsp;|&ThickSpace;<font color="#686868">Does Not Evolve</font></font>

|inactive|Low Ladder Terror has 20 seconds left.
|inactive|Low Ladder Terror has 15 seconds left.
|inactive|Low Ladder Terror has 10 seconds left.
|
|t:|1607156654
|move|p1a: Crawdaunt|Aqua Jet|p2a: Xurkitree
|-damage|p2a: Xurkitree|22/100
|-damage|p1a: Crawdaunt|69/100|[from] item: Life Orb
|move|p2a: Xurkitree|Energy Ball|p1a: Crawdaunt
|-supereffective|p1a: Crawdaunt
|-damage|p1a: Crawdaunt|0 fnt
|faint|p1a: Crawdaunt
|-ability|p2a: Xurkitree|Beast Boost|boost
|-boost|p2a: Xurkitree|spa|1
|
|upkeep
|inactive|Low Ladder Terror has 15 seconds left this turn.
|inactive|Low Ladder Terror has 10 seconds left.
|
|t:|1607156661
|switch|p1a: Latias|Latias, F|43/100
|-damage|p1a: Latias|31/100|[from] Stealth Rock
|turn|33
|inactive|Low Ladder Terror has 20 seconds left this turn.
|
|t:|1607156665
|move|p1a: Latias|Psychic|p2a: Xurkitree
|-damage|p2a: Xurkitree|0 fnt
|faint|p2a: Xurkitree
|
|upkeep
|inactive|Low Ladder Terror has 25 seconds left this turn.
|
|t:|1607156670
|switch|p2a: Scizor|Scizor, M|57/100
|-damage|p2a: Scizor|45/100|[from] Stealth Rock
|turn|34
|c|+7MM|scheff nooo
|inactive|Low Ladder Terror has 30 seconds left.
|c|☆scheff|didnt know that but its ok
|inactive|Low Ladder Terror has 20 seconds left.
|inactive|Low Ladder Terror has 15 seconds left.
|inactive|Low Ladder Terror has 10 seconds left.
|
|t:|1607156697
|switch|p1a: Zeraora|Zeraora|34/100
|move|p2a: Scizor|Bullet Punch|p1a: Zeraora
|-resisted|p1a: Zeraora
|-damage|p1a: Zeraora|0 fnt
|faint|p1a: Zeraora
|
|upkeep
|inactive|Low Ladder Terror has 15 seconds left this turn.
|j| Totem skarm
|
|t:|1607156702
|switch|p1a: Seismitoad|Seismitoad, M|100/100
|-damage|p1a: Seismitoad|94/100|[from] Stealth Rock
|turn|35
|inactive|Low Ladder Terror has 25 seconds left this turn.
|
|t:|1607156709
|switch|p2a: Suicune|Suicune|20/100
|-damage|p2a: Suicune|8/100|[from] Stealth Rock
|-ability|p2a: Suicune|Pressure
|move|p1a: Seismitoad|Scald|p2a: Suicune
|-resisted|p2a: Suicune
|-damage|p2a: Suicune|0 fnt
|faint|p2a: Suicune
|
|-heal|p1a: Seismitoad|100/100|[from] item: Leftovers
|upkeep
|inactive|Low Ladder Terror has 30 seconds left this turn.
|
|t:|1607156713
|switch|p2a: Rotom|Rotom-Heat|48/100
|turn|36
|inactive|Low Ladder Terror has 30 seconds left.
|
|t:|1607156729
|switch|p1a: Latias|Latias, F|31/100
|-damage|p1a: Latias|18/100|[from] Stealth Rock
|move|p2a: Rotom|Pain Split|p1a: Latias
|-sethp|p1a: Latias|33/100|[from] move: Pain Split|[silent]
|-sethp|p2a: Rotom|33/100|[from] move: Pain Split
|
|upkeep
|turn|37
|
|t:|1607156735
|switch|p2a: Nihilego|Nihilego|12/100
|-damage|p2a: Nihilego|0 fnt|[from] Stealth Rock
|faint|p2a: Nihilego
|move|p1a: Latias|Psychic|p2: Nihilego|[notarget]
|-fail|p1a: Latias
|
|upkeep
|
|t:|1607156737
|switch|p2a: Scizor|Scizor, M|45/100
|-damage|p2a: Scizor|33/100|[from] Stealth Rock
|turn|38
|
|t:|1607156742
|switch|p1a: Seismitoad|Seismitoad, M|100/100
|-damage|p1a: Seismitoad|94/100|[from] Stealth Rock
|move|p2a: Scizor|Dual Wingbeat|p1a: Seismitoad
|-damage|p1a: Seismitoad|71/100
|-damage|p1a: Seismitoad|43/100
|-hitcount|p1a: Seismitoad|2
|
|-heal|p1a: Seismitoad|49/100|[from] item: Leftovers
|upkeep
|turn|39
|c|☆scheff|lmao
|c|+7MM|oh shit
|
|t:|1607156753
|move|p1a: Seismitoad|Earthquake|p2a: Scizor
|-damage|p2a: Scizor|0 fnt
|faint|p2a: Scizor
|
|-heal|p1a: Seismitoad|55/100|[from] item: Leftovers
|upkeep
|
|t:|1607156756
|switch|p2a: Rotom|Rotom-Heat|33/100
|turn|40
|
|t:|1607156759
|move|p2a: Rotom|Pain Split|p1a: Seismitoad
|-sethp|p1a: Seismitoad|40/100|[from] move: Pain Split|[silent]
|-sethp|p2a: Rotom|54/100|[from] move: Pain Split
|move|p1a: Seismitoad|Scald|p2a: Rotom
|-supereffective|p2a: Rotom
|-damage|p2a: Rotom|14/100
|
|-heal|p1a: Seismitoad|46/100|[from] item: Leftovers
|upkeep
|turn|41
|c|+7MM|scheff noo
|
|t:|1607156762
|move|p2a: Rotom|Pain Split|p1a: Seismitoad
|-sethp|p1a: Seismitoad|28/100|[from] move: Pain Split|[silent]
|-sethp|p2a: Rotom|38/100|[from] move: Pain Split
|move|p1a: Seismitoad|Scald|p2a: Rotom
|-supereffective|p2a: Rotom
|-damage|p2a: Rotom|0 fnt
|faint|p2a: Rotom
|
|win|Low Ladder Terror
|n|☆Low Ladder Terror|lowladderterror
|n|☆scheff|scheff
|n|*Lady Monita|ladymonita
|n| Kerokoga|kerokoga
|n| BigFatMantis|bigfatmantis
|n|+7MM|7mm
|n| XxToxicAshleyxX|xxtoxicashleyxx
|n| slickkback|slickkback
|n| Velcroc|velcroc
|n| vumshi|vumshi
|n| pokemon vs you|pokemonvsyou
|n| Twinssssss|twinssssss
|n| Mellow1004|mellow1004
|n|+Life Letters|lifeletters
|n| Totem skarm|totemskarm
