|j|☆Lucckyy
|j|☆uu8b Ramopoopy
|t:|1608949316
|player|p1|Lucckyy|86|1476
|player|p2|uu8b Ramopoopy|#ssdivbushmasters|1434
|teamsize|p1|6
|teamsize|p2|6
|gametype|singles
|gen|8
|tier|[Gen 8] UU
|rated|
|clearpoke
|poke|p1|Chansey, F|
|poke|p1|Eiscue, F|
|poke|p1|Tangrowth, F|
|poke|p1|Latias, F|
|poke|p1|Quagsire, F|
|poke|p1|Slowbro-Galar, M|
|poke|p2|Ninetales-Alola, F|
|poke|p2|Mew|
|poke|p2|Krookodile, M|
|poke|p2|Celesteela|
|poke|p2|Blaziken, F|
|poke|p2|Azumarill, F|
|rule|Sleep Clause Mod: Limit one foe put to sleep
|rule|Species Clause: Limit one of each Pokémon
|rule|OHKO Clause: OHKO moves are banned
|rule|Evasion Moves Clause: Evasion moves are banned
|rule|Endless Battle Clause: Forcing endless battles is banned
|rule|HP Percentage Mod: HP is shown in percentages
|rule|Dynamax Clause: You cannot dynamax
|teampreview
|j| UU8B Ivan
|c| UU8B Ivan|lolol
|
|t:|1608949344
|start
|switch|p1a: Chansey|Chansey, F|100/100
|switch|p2a: Ninetales|Ninetales-Alola, F|100/100
|-weather|Hail|[from] ability: Snow Warning|[of] p2a: Ninetales
|turn|1
|j| uu8b par
|
|t:|1608949350
|move|p2a: Ninetales|Aurora Veil|p2a: Ninetales
|-sidestart|p2: uu8b Ramopoopy|move: Aurora Veil
|move|p1a: Chansey|Stealth Rock|p2a: Ninetales
|-sidestart|p2: uu8b Ramopoopy|move: Stealth Rock
|
|-weather|Hail|[upkeep]
|-damage|p1a: Chansey|94/100|[from] Hail
|upkeep
|turn|2
|
|t:|1608949361
|move|p2a: Ninetales|Encore|p1a: Chansey
|-start|p1a: Chansey|Encore
|move|p1a: Chansey|Stealth Rock||[still]
|-fail|p1a: Chansey
|
|-weather|Hail|[upkeep]
|-damage|p1a: Chansey|88/100|[from] Hail
|upkeep
|turn|3
|
|t:|1608949373
|switch|p2a: Krookodile|Krookodile, M|100/100
|-damage|p2a: Krookodile|94/100|[from] Stealth Rock
|-ability|p2a: Krookodile|Intimidate|boost
|-unboost|p1a: Chansey|atk|1
|switch|p1a: Slowbro|Slowbro-Galar, M|100/100
|
|-weather|Hail|[upkeep]
|-damage|p2a: Krookodile|88/100|[from] Hail
|-damage|p1a: Slowbro|94/100|[from] Hail
|-heal|p1a: Slowbro|100/100|[from] item: Black Sludge
|upkeep
|turn|4
|
|t:|1608949379
|switch|p1a: Tangrowth|Tangrowth, F|100/100
|move|p2a: Krookodile|Knock Off|p1a: Tangrowth
|-damage|p1a: Tangrowth|74/100
|-damage|p2a: Krookodile|72/100|[from] item: Rocky Helmet|[of] p1a: Tangrowth
|-enditem|p1a: Tangrowth|Rocky Helmet|[from] move: Knock Off|[of] p2a: Krookodile
|
|-weather|Hail|[upkeep]
|-damage|p2a: Krookodile|66/100|[from] Hail
|-damage|p1a: Tangrowth|68/100|[from] Hail
|upkeep
|turn|5
|
|t:|1608949390
|move|p2a: Krookodile|Stealth Rock|p1a: Tangrowth
|-sidestart|p1: Lucckyy|move: Stealth Rock
|move|p1a: Tangrowth|Giga Drain|p2a: Krookodile
|-supereffective|p2a: Krookodile
|-damage|p2a: Krookodile|29/100
|-heal|p1a: Tangrowth|83/100|[from] drain|[of] p2a: Krookodile
|
|-weather|none
|upkeep
|turn|6
|
|t:|1608949400
|move|p2a: Krookodile|Taunt|p1a: Tangrowth
|-start|p1a: Tangrowth|move: Taunt
|move|p1a: Tangrowth|Knock Off|p2a: Krookodile
|-resisted|p2a: Krookodile
|-damage|p2a: Krookodile|21/100
|-enditem|p2a: Krookodile|Chople Berry|[from] move: Knock Off|[of] p1a: Tangrowth
|
|upkeep
|turn|7
|
|t:|1608949405
|move|p2a: Krookodile|Earthquake|p1a: Tangrowth
|-resisted|p1a: Tangrowth
|-damage|p1a: Tangrowth|70/100
|move|p1a: Tangrowth|Giga Drain|p2a: Krookodile
|-supereffective|p2a: Krookodile
|-damage|p2a: Krookodile|0 fnt
|-heal|p1a: Tangrowth|79/100|[from] drain|[of] p2a: Krookodile
|faint|p2a: Krookodile
|
|upkeep
|
|t:|1608949411
|switch|p2a: Celesteela|Celesteela|100/100
|-damage|p2a: Celesteela|88/100|[from] Stealth Rock
|turn|8
|
|t:|1608949424
|switch|p1a: Chansey|Chansey, F|88/100
|-damage|p1a: Chansey|76/100|[from] Stealth Rock
|move|p2a: Celesteela|Meteor Beam||[still]
|-prepare|p2a: Celesteela|Meteor Beam
|-boost|p2a: Celesteela|spa|1
|-enditem|p2a: Celesteela|Power Herb
|-anim|p2a: Celesteela|Meteor Beam|p1a: Chansey
|-damage|p1a: Chansey|57/100
|
|-sideend|p2: uu8b Ramopoopy|move: Aurora Veil
|upkeep
|turn|9
|
|t:|1608949435
|switch|p1a: Quagsire|Quagsire, F|100/100
|-damage|p1a: Quagsire|94/100|[from] Stealth Rock
|move|p2a: Celesteela|Meteor Beam||[still]
|-prepare|p2a: Celesteela|Meteor Beam
|-boost|p2a: Celesteela|spa|1
|
|-heal|p1a: Quagsire|100/100|[from] item: Leftovers
|upkeep
|turn|10
|
|t:|1608949444
|move|p2a: Celesteela|Meteor Beam|p1a: Quagsire|[from]lockedmove
|-resisted|p1a: Quagsire
|-damage|p1a: Quagsire|75/100
|move|p1a: Quagsire|Haze|p1a: Quagsire
|-clearallboost
|
|-heal|p1a: Quagsire|81/100|[from] item: Leftovers
|upkeep
|turn|11
|c| UU8B Ivan|unaware gg...
|
|t:|1608949450
|switch|p1a: Chansey|Chansey, F|57/100
|-damage|p1a: Chansey|44/100|[from] Stealth Rock
|move|p2a: Celesteela|Air Slash|p1a: Chansey
|-damage|p1a: Chansey|33/100
|
|upkeep
|turn|12
|c| UU8B Ivan|LOL
|c| uu8b par|goat..
|
|t:|1608949456
|move|p2a: Celesteela|Air Slash|p1a: Chansey
|-damage|p1a: Chansey|21/100
|move|p1a: Chansey|Soft-Boiled|p1a: Chansey
|-heal|p1a: Chansey|71/100
|
|upkeep
|turn|13
|
|t:|1608949465
|switch|p2a: Ninetales|Ninetales-Alola, F|100/100
|-damage|p2a: Ninetales|76/100|[from] Stealth Rock
|-weather|Hail|[from] ability: Snow Warning|[of] p2a: Ninetales
|move|p1a: Chansey|Seismic Toss|p2a: Ninetales
|-damage|p2a: Ninetales|47/100
|
|-weather|Hail|[upkeep]
|-damage|p1a: Chansey|65/100|[from] Hail
|upkeep
|turn|14
|
|t:|1608949478
|move|p2a: Ninetales|Aurora Veil|p2a: Ninetales
|-sidestart|p2: uu8b Ramopoopy|move: Aurora Veil
|move|p1a: Chansey|Soft-Boiled|p1a: Chansey
|-heal|p1a: Chansey|100/100
|
|-weather|Hail|[upkeep]
|-damage|p1a: Chansey|94/100|[from] Hail
|upkeep
|turn|15
|n| UU8B Ivancito|uu8bivan
|
|t:|1608949483
|switch|p1a: Slowbro|Slowbro-Galar, M|100/100
|-damage|p1a: Slowbro|88/100|[from] Stealth Rock
|move|p2a: Ninetales|Hypnosis|p1a: Slowbro|[miss]
|-miss|p2a: Ninetales|p1a: Slowbro
|
|-weather|Hail|[upkeep]
|-damage|p1a: Slowbro|82/100|[from] Hail
|-heal|p1a: Slowbro|88/100|[from] item: Black Sludge
|upkeep
|turn|16
|c| UU8B Ivancito|xD
|
|t:|1608949491
|move|p2a: Ninetales|Hypnosis|p1a: Slowbro|[miss]
|-miss|p2a: Ninetales|p1a: Slowbro
|move|p1a: Slowbro|Nasty Plot|p1a: Slowbro
|-boost|p1a: Slowbro|spa|2
|
|-weather|Hail|[upkeep]
|-damage|p1a: Slowbro|82/100|[from] Hail
|-heal|p1a: Slowbro|88/100|[from] item: Black Sludge
|upkeep
|turn|17
|c|☆uu8b Ramopoopy|x
|c|☆uu8b Ramopoopy|xx
|n| UU8B Ivancita|uu8bivancito
|
|t:|1608949503
|move|p2a: Ninetales|Encore|p1a: Slowbro
|-start|p1a: Slowbro|Encore
|move|p1a: Slowbro|Nasty Plot|p1a: Slowbro
|-boost|p1a: Slowbro|spa|2
|
|-weather|none
|-heal|p1a: Slowbro|94/100|[from] item: Black Sludge
|upkeep
|turn|18
|c| UU8B Ivancita|uwu
|c| uu8b par|uhoh..
|n| UU8B Ivanka|uu8bivancita
|c| UU8B Ivanka|UWU
|
|t:|1608949526
|switch|p2a: Azumarill|Azumarill, F|100/100
|-damage|p2a: Azumarill|88/100|[from] Stealth Rock
|switch|p1a: Eiscue|Eiscue, F|100/100
|-damage|p1a: Eiscue|76/100|[from] Stealth Rock
|
|upkeep
|turn|19
|c| uu8b par|bruh is this ramo or mygrein
|
|t:|1608949534
|move|p2a: Azumarill|Knock Off|p1a: Eiscue
|-activate|p1a: Eiscue|ability: Ice Face
|-damage|p1a: Eiscue|76/100
|-damage|p2a: Azumarill|72/100|[from] item: Rocky Helmet|[of] p1a: Eiscue
|-enditem|p1a: Eiscue|Rocky Helmet|[from] move: Knock Off|[of] p2a: Azumarill
|detailschange|p1a: Eiscue|Eiscue-Noice, F
|move|p1a: Eiscue|Freeze-Dry|p2a: Azumarill
|-supereffective|p2a: Azumarill
|-damage|p2a: Azumarill|39/100
|-enditem|p2a: Azumarill|Sitrus Berry|[eat]
|-heal|p2a: Azumarill|64/100|[from] item: Sitrus Berry
|
|upkeep
|turn|20
|c|☆uu8b Ramopoopy|mygrein obviously lmao
|c| UU8B Ivanka|both
|c| UU8B Ivanka|xD
|c| uu8b par|lol
|c|☆uu8b Ramopoopy|ramo not playing
|c| uu8b par|i just dont know how u got that custom
|c|☆uu8b Ramopoopy|p sure hes afk af
|c| uu8b par|oh duh
|c| uu8b par|it's like
|c|☆uu8b Ramopoopy|ramo put it on his main
|c| uu8b par|1 am where hes at
|c|☆uu8b Ramopoopy|then went myg
|c|☆uu8b Ramopoopy|then i went this
|j| Spenderoftime
|
|t:|1608949572
|move|p1a: Eiscue|Hail|p1a: Eiscue
|-weather|Hail
|-activate|p1a: Eiscue|ability: Ice Face
|detailschange|p1a: Eiscue|Eiscue, F
|move|p2a: Azumarill|Play Rough|p1a: Eiscue
|-activate|p1a: Eiscue|ability: Ice Face
|-damage|p1a: Eiscue|76/100
|detailschange|p1a: Eiscue|Eiscue-Noice, F
|
|-weather|Hail|[upkeep]
|-damage|p2a: Azumarill|58/100|[from] Hail
|upkeep
|turn|21
|c| uu8b par|ramopoopy
|
|t:|1608949578
|move|p1a: Eiscue|Protect|p1a: Eiscue
|-singleturn|p1a: Eiscue|Protect
|move|p2a: Azumarill|Aqua Jet|p1a: Eiscue
|-activate|p1a: Eiscue|move: Protect
|
|-weather|Hail|[upkeep]
|-damage|p2a: Azumarill|52/100|[from] Hail
|-sideend|p2: uu8b Ramopoopy|move: Aurora Veil
|upkeep
|turn|22
|
|t:|1608949582
|move|p2a: Azumarill|Aqua Jet|p1a: Eiscue
|-damage|p1a: Eiscue|39/100
|move|p1a: Eiscue|Freeze-Dry|p2a: Azumarill
|-supereffective|p2a: Azumarill
|-damage|p2a: Azumarill|0 fnt
|faint|p2a: Azumarill
|
|-weather|Hail|[upkeep]
|upkeep
|c|☆uu8b Ramopoopy|bruh tf
|c| uu8b par|so mygrein
|c| uu8b par|i just went on a run
|c| uu8b par|and im too tired to think straight and ladder
|
|t:|1608949598
|switch|p2a: Mew|Mew|100/100
|-damage|p2a: Mew|88/100|[from] Stealth Rock
|turn|23
|c| uu8b par|so i have to knock this shit out tmo
|c|☆uu8b Ramopoopy|lool
|c| uu8b par|bc i have work in the AM
|n| UU8B March|uu8bivanka
|
|t:|1608949608
|switch|p1a: Tangrowth|Tangrowth, F|100/100
|-damage|p1a: Tangrowth|88/100|[from] Stealth Rock
|move|p2a: Mew|Cosmic Power|p2a: Mew
|-boost|p2a: Mew|def|1
|-boost|p2a: Mew|spd|1
|
|-weather|Hail|[upkeep]
|-damage|p2a: Mew|82/100|[from] Hail
|-damage|p1a: Tangrowth|82/100|[from] Hail
|upkeep
|turn|24
|c|☆uu8b Ramopoopy|work on what
|
|t:|1608949613
|move|p2a: Mew|Cosmic Power|p2a: Mew
|-boost|p2a: Mew|def|1
|-boost|p2a: Mew|spd|1
|move|p1a: Tangrowth|Worry Seed|p2a: Mew
|-endability|p2a: Mew|Synchronize|[from] move: Worry Seed
|-ability|p2a: Mew|Insomnia|[from] move: Worry Seed
|
|-weather|none
|upkeep
|turn|25
|c| uu8b par|i work at a covid testing lab
|
|t:|1608949618
|switch|p1a: Quagsire|Quagsire, F|81/100
|-damage|p1a: Quagsire|75/100|[from] Stealth Rock
|move|p2a: Mew|Cosmic Power|p2a: Mew
|-boost|p2a: Mew|def|1
|-boost|p2a: Mew|spd|1
|
|-heal|p1a: Quagsire|81/100|[from] item: Leftovers
|upkeep
|turn|26
|c|☆uu8b Ramopoopy|nice
|
|t:|1608949626
|move|p2a: Mew|Stored Power|p1a: Quagsire
|-damage|p1a: Quagsire|21/100
|move|p1a: Quagsire|Haze|p1a: Quagsire
|-clearallboost
|
|-heal|p1a: Quagsire|27/100|[from] item: Leftovers
|upkeep
|turn|27
|
|t:|1608949629
|move|p2a: Mew|Body Press|p1a: Quagsire
|-damage|p1a: Quagsire|10/100
|move|p1a: Quagsire|Recover|p1a: Quagsire
|-heal|p1a: Quagsire|60/100
|
|-heal|p1a: Quagsire|66/100|[from] item: Leftovers
|upkeep
|turn|28
|
|t:|1608949633
|move|p2a: Mew|Cosmic Power|p2a: Mew
|-boost|p2a: Mew|def|1
|-boost|p2a: Mew|spd|1
|move|p1a: Quagsire|Earthquake|p2a: Mew
|-damage|p2a: Mew|59/100
|
|-heal|p1a: Quagsire|72/100|[from] item: Leftovers
|upkeep
|turn|29
|c| uu8b par|p interesting job fs
|
|t:|1608949642
|move|p2a: Mew|Body Press|p1a: Quagsire
|-damage|p1a: Quagsire|57/100
|move|p1a: Quagsire|Recover|p1a: Quagsire
|-heal|p1a: Quagsire|100/100
|
|upkeep
|turn|30
|c| UU8B March|i g2g
|c| uu8b par|cya
|c|☆uu8b Ramopoopy|kk
|c| UU8B March|,ater yall
|l| UU8B March
|
|t:|1608949654
|move|p2a: Mew|Cosmic Power|p2a: Mew
|-boost|p2a: Mew|def|1
|-boost|p2a: Mew|spd|1
|move|p1a: Quagsire|Haze|p1a: Quagsire
|-clearallboost
|
|upkeep
|turn|31
|
|t:|1608949657
|move|p2a: Mew|Cosmic Power|p2a: Mew
|-boost|p2a: Mew|def|1
|-boost|p2a: Mew|spd|1
|move|p1a: Quagsire|Earthquake|p2a: Mew
|-damage|p2a: Mew|36/100
|
|upkeep
|turn|32
|
|t:|1608949663
|move|p2a: Mew|Rest|p2a: Mew
|-fail|p2a: Mew|[from] ability: Insomnia|[of] p2a: Mew
|move|p1a: Quagsire|Earthquake|p2a: Mew
|-damage|p2a: Mew|10/100
|
|upkeep
|turn|33
|c|☆uu8b Ramopoopy|wit lmaoo
|c|☆uu8b Ramopoopy|i
|
|t:|1608949674
|move|p2a: Mew|Body Press|p1a: Quagsire
|-damage|p1a: Quagsire|85/100
|move|p1a: Quagsire|Earthquake|p2a: Mew
|-damage|p2a: Mew|0 fnt
|faint|p2a: Mew
|
|-heal|p1a: Quagsire|91/100|[from] item: Leftovers
|upkeep
|
|t:|1608949678
|switch|p2a: Ninetales|Ninetales-Alola, F|47/100
|-damage|p2a: Ninetales|22/100|[from] Stealth Rock
|-weather|Hail|[from] ability: Snow Warning|[of] p2a: Ninetales
|turn|34
|
|t:|1608949686
|switch|p1a: Slowbro|Slowbro-Galar, M|100/100
|-damage|p1a: Slowbro|88/100|[from] Stealth Rock
|move|p2a: Ninetales|Freeze-Dry|p1a: Slowbro
|-damage|p1a: Slowbro|71/100
|
|-weather|Hail|[upkeep]
|-damage|p1a: Slowbro|65/100|[from] Hail
|-heal|p1a: Slowbro|71/100|[from] item: Black Sludge
|upkeep
|turn|35
|
|t:|1608949702
|switch|p1a: Latias|Latias, F|100/100
|move|p2a: Ninetales|Aurora Veil|p2a: Ninetales
|-sidestart|p2: uu8b Ramopoopy|move: Aurora Veil
|
|-weather|Hail|[upkeep]
|-damage|p1a: Latias|94/100|[from] Hail
|upkeep
|turn|36
|c|☆uu8b Ramopoopy|Lucckyy you shoul be a homie an let me win :(
|c|☆uu8b Ramopoopy|cuz u have goat team
|
|t:|1608949726
|move|p1a: Latias|Defog|p2a: Ninetales
|-unboost|p2a: Ninetales|evasion|1
|-sideend|p2: uu8b Ramopoopy|move: Aurora Veil
|-sideend|p2: uu8b Ramopoopy|Stealth Rock|[from] move: Defog|[of] p1a: Latias
|-sideend|p1: Lucckyy|Stealth Rock|[from] move: Defog|[of] p1a: Latias
|move|p2a: Ninetales|Hypnosis|p1a: Latias
|-status|p1a: Latias|slp|[from] move: Hypnosis
|
|-weather|Hail|[upkeep]
|-damage|p1a: Latias|88/100 slp|[from] Hail
|upkeep
|turn|37
|
|t:|1608949732
|switch|p1a: Chansey|Chansey, F|94/100
|move|p2a: Ninetales|Aurora Veil|p2a: Ninetales
|-sidestart|p2: uu8b Ramopoopy|move: Aurora Veil
|
|-weather|Hail|[upkeep]
|-damage|p1a: Chansey|88/100|[from] Hail
|upkeep
|turn|38
|
|t:|1608949740
|move|p2a: Ninetales|Freeze-Dry|p1a: Chansey
|-damage|p1a: Chansey|82/100
|move|p1a: Chansey|Aromatherapy|p1a: Chansey
|-activate|p1a: Chansey|move: Aromatherapy
|-curestatus|p1: Latias|slp|[msg]
|
|-weather|none
|upkeep
|turn|39
|
|t:|1608949746
|move|p2a: Ninetales|Encore|p1a: Chansey
|-start|p1a: Chansey|Encore
|move|p1a: Chansey|Aromatherapy||[still]
|-activate|p1a: Chansey|move: Aromatherapy
|-fail|p1a: Chansey
|
|upkeep
|turn|40
|c| uu8b par|back
|c| uu8b par|i might get off too
|l| Spenderoftime
|
|t:|1608949753
|switch|p2a: Blaziken|Blaziken, F|100/100
|switch|p1a: Tangrowth|Tangrowth, F|100/100
|
|upkeep
|turn|41
|c|☆uu8b Ramopoopy|suh
|
|t:|1608949761
|move|p2a: Blaziken|Flare Blitz|p1a: Tangrowth
|-supereffective|p1a: Tangrowth
|-damage|p1a: Tangrowth|19/100
|-damage|p2a: Blaziken|65/100|[from] Recoil
|-damage|p2a: Blaziken|55/100|[from] item: Life Orb
|move|p1a: Tangrowth|Worry Seed|p2a: Blaziken
|-endability|p2a: Blaziken|Speed Boost|[from] move: Worry Seed
|-ability|p2a: Blaziken|Insomnia|[from] move: Worry Seed
|
|upkeep
|turn|42
|
|t:|1608949768
|move|p2a: Blaziken|Knock Off|p1a: Tangrowth
|-damage|p1a: Tangrowth|5/100
|-damage|p2a: Blaziken|45/100|[from] item: Life Orb
|move|p1a: Tangrowth|Giga Drain|p2a: Blaziken
|-resisted|p2a: Blaziken
|-damage|p2a: Blaziken|34/100
|-heal|p1a: Tangrowth|9/100|[from] drain|[of] p2a: Blaziken
|
|upkeep
|turn|43
|
|t:|1608949772
|move|p2a: Blaziken|Knock Off|p1a: Tangrowth
|-damage|p1a: Tangrowth|0 fnt
|-damage|p2a: Blaziken|24/100|[from] item: Life Orb
|faint|p1a: Tangrowth
|
|upkeep
|
|t:|1608949776
|switch|p1a: Latias|Latias, F|88/100
|turn|44
|
|t:|1608949783
|switch|p2a: Ninetales|Ninetales-Alola, F|22/100
|-weather|Hail|[from] ability: Snow Warning|[of] p2a: Ninetales
|move|p1a: Latias|Psychic|p2a: Ninetales
|-damage|p2a: Ninetales|6/100
|
|-weather|Hail|[upkeep]
|-damage|p1a: Latias|82/100|[from] Hail
|-sideend|p2: uu8b Ramopoopy|move: Aurora Veil
|upkeep
|turn|45
|
|t:|1608949788
|move|p1a: Latias|Psychic|p2a: Ninetales
|-damage|p2a: Ninetales|0 fnt
|faint|p2a: Ninetales
|
|-weather|Hail|[upkeep]
|-damage|p1a: Latias|76/100|[from] Hail
|upkeep
|
|t:|1608949795
|switch|p2a: Celesteela|Celesteela|88/100
|turn|46
|
|t:|1608949802
|move|p1a: Latias|Mystical Fire|p2a: Celesteela
|-supereffective|p2a: Celesteela
|-damage|p2a: Celesteela|50/100
|-unboost|p2a: Celesteela|spa|1
|move|p2a: Celesteela|Autotomize|p2a: Celesteela
|-boost|p2a: Celesteela|spe|2
|-start|p2a: Celesteela|Autotomize
|
|-weather|Hail|[upkeep]
|-damage|p2a: Celesteela|44/100|[from] Hail
|-damage|p1a: Latias|70/100|[from] Hail
|upkeep
|turn|47
|
|t:|1608949810
|move|p2a: Celesteela|Air Slash|p1a: Latias|[miss]
|-miss|p2a: Celesteela|p1a: Latias
|move|p1a: Latias|Roost|p1a: Latias
|-heal|p1a: Latias|100/100
|-singleturn|p1a: Latias|move: Roost
|
|-weather|Hail|[upkeep]
|-damage|p2a: Celesteela|38/100|[from] Hail
|-damage|p1a: Latias|94/100|[from] Hail
|upkeep
|turn|48
|
|t:|1608949813
|move|p2a: Celesteela|Air Slash|p1a: Latias
|-damage|p1a: Latias|75/100
|move|p1a: Latias|Mystical Fire|p2a: Celesteela
|-supereffective|p2a: Celesteela
|-crit|p2a: Celesteela
|-damage|p2a: Celesteela|0 fnt
|faint|p2a: Celesteela
|
|-weather|none
|upkeep
|
|t:|1608949817
|switch|p2a: Blaziken|Blaziken, F|24/100
|turn|49
|
|t:|1608949822
|move|p1a: Latias|Psychic|p2a: Blaziken
|-supereffective|p2a: Blaziken
|-damage|p2a: Blaziken|0 fnt
|faint|p2a: Blaziken
|
|win|Lucckyy
|raw|Lucckyy's rating: 1476 &rarr; <strong>1493</strong><br />(+17 for winning)
|raw|uu8b Ramopoopy's rating: 1434 &rarr; <strong>1416</strong><br />(-18 for losing)
