|j|☆Mitochon17
|j|☆Boost Swoosh
|t:|1665031220
|gametype|singles
|player|p1|Mitochon17|265|1360
|player|p2|Boost Swoosh|korrina|1550
|teamsize|p1|6
|teamsize|p2|6
|gen|8
|tier|[Gen 8] UU
|rated|
|rule|Sleep Clause Mod: Limit one foe put to sleep
|rule|Species Clause: Limit one of each Pokémon
|rule|OHKO Clause: OHKO moves are banned
|rule|Evasion Items Clause: Evasion items are banned
|rule|Evasion Moves Clause: Evasion moves are banned
|rule|Endless Battle Clause: Forcing endless battles is banned
|rule|HP Percentage Mod: HP is shown in percentages
|rule|Dynamax Clause: You cannot dynamax
|clearpoke
|poke|p1|Umbreon, M|
|poke|p1|Quagsire, M|
|poke|p1|Golbat, F|
|poke|p1|Weezing-Galar, M|
|poke|p1|Goodra, M|
|poke|p1|Cursola, F|
|poke|p2|Sirfetch’d, M|
|poke|p2|Slowking, M|
|poke|p2|Zarude|
|poke|p2|Hippowdon, F|
|poke|p2|Salamence, F|
|poke|p2|Scizor, F|
|teampreview
|inactive|Battle timer is ON: inactive players will automatically lose when time's up. (requested by Boost Swoosh)
|
|t:|1665031240
|start
|switch|p1a: Golbat|Golbat, F|100/100
|switch|p2a: Salamence|Salamence, F|100/100
|-ability|p2a: Salamence|Intimidate|boost
|-unboost|p1a: Golbat|atk|1
|turn|1
|
|t:|1665031248
|move|p2a: Salamence|Hurricane|p1a: Golbat
|-damage|p1a: Golbat|72/100
|move|p1a: Golbat|Toxic|p2a: Salamence
|-status|p2a: Salamence|tox
|
|-damage|p2a: Salamence|94/100 tox|[from] psn
|upkeep
|turn|2
|
|t:|1665031264
|switch|p2a: Slowking|Slowking, M|100/100
|move|p1a: Golbat|Roost|p1a: Golbat
|-heal|p1a: Golbat|100/100
|-singleturn|p1a: Golbat|move: Roost
|
|upkeep
|turn|3
|
|t:|1665031275
|switch|p1a: Umbreon|Umbreon, M|100/100
|move|p2a: Slowking|Future Sight|p1a: Umbreon
|-start|p2a: Slowking|move: Future Sight
|
|upkeep
|turn|4
|
|t:|1665031279
|move|p1a: Umbreon|Wish|p1a: Umbreon
|move|p2a: Slowking|Teleport|p2a: Slowking
|
|t:|1665031284
|switch|p2a: Sirfetch’d|Sirfetch’d, M|100/100|[from]move: Teleport
|
|upkeep
|turn|5
|
|t:|1665031303
|move|p1a: Umbreon|Protect|p1a: Umbreon
|-singleturn|p1a: Umbreon|Protect
|move|p2a: Sirfetch’d|Knock Off|p1a: Umbreon
|-activate|p1a: Umbreon|move: Protect
|
|-end|p1a: Umbreon|move: Future Sight
|-immune|p1a: Umbreon
|upkeep
|turn|6
|
|t:|1665031315
|switch|p1a: Weezing|Weezing-Galar, M|100/100
|-ability|p1a: Weezing|Neutralizing Gas
|move|p2a: Sirfetch’d|Knock Off|p1a: Weezing
|-resisted|p1a: Weezing
|-damage|p1a: Weezing|81/100
|-enditem|p1a: Weezing|Black Sludge|[from] move: Knock Off|[of] p2a: Sirfetch’d
|
|upkeep
|turn|7
|
|t:|1665031326
|switch|p2a: Hippowdon|Hippowdon, F|100/100
|move|p1a: Weezing|Fire Blast|p2a: Hippowdon
|-damage|p2a: Hippowdon|83/100
|
|-heal|p2a: Hippowdon|90/100|[from] item: Leftovers
|upkeep
|turn|8
|
|t:|1665031334
|-end|p1a: Weezing|ability: Neutralizing Gas
|-weather|Sandstorm|[from] ability: Sand Stream|[of] p2a: Hippowdon
|switch|p1a: Golbat|Golbat, F|100/100
|move|p2a: Hippowdon|Stealth Rock|p1a: Golbat
|-sidestart|p1: Mitochon17|move: Stealth Rock
|
|-weather|Sandstorm|[upkeep]
|-damage|p1a: Golbat|94/100|[from] Sandstorm
|-heal|p2a: Hippowdon|96/100|[from] item: Leftovers
|upkeep
|turn|9
|
|t:|1665031350
|switch|p2a: Slowking|Slowking, M|100/100
|move|p1a: Golbat|Defog|p2a: Slowking
|-unboost|p2a: Slowking|evasion|1
|-sideend|p1: Mitochon17|Stealth Rock|[from] move: Defog|[of] p1a: Golbat
|
|-weather|Sandstorm|[upkeep]
|-damage|p1a: Golbat|88/100|[from] Sandstorm
|-damage|p2a: Slowking|94/100|[from] Sandstorm
|upkeep
|turn|10
|
|t:|1665031358
|move|p1a: Golbat|Toxic|p2a: Slowking
|-status|p2a: Slowking|tox
|move|p2a: Slowking|Future Sight|p1a: Golbat
|-start|p2a: Slowking|move: Future Sight
|
|-weather|Sandstorm|[upkeep]
|-damage|p1a: Golbat|82/100|[from] Sandstorm
|-damage|p2a: Slowking|88/100 tox|[from] Sandstorm
|-damage|p2a: Slowking|82/100 tox|[from] psn
|upkeep
|turn|11
|
|t:|1665031366
|switch|p1a: Umbreon|Umbreon, M|100/100
|move|p2a: Slowking|Teleport|p2a: Slowking
|
|t:|1665031370
|switch|p2a: Scizor|Scizor, F|100/100|[from]move: Teleport
|
|-weather|Sandstorm|[upkeep]
|-damage|p1a: Umbreon|94/100|[from] Sandstorm
|-heal|p1a: Umbreon|100/100|[from] item: Leftovers
|upkeep
|turn|12
|
|t:|1665031377
|move|p1a: Umbreon|Protect|p1a: Umbreon
|-singleturn|p1a: Umbreon|Protect
|move|p2a: Scizor|Swords Dance|p2a: Scizor
|-boost|p2a: Scizor|atk|2
|
|-weather|none
|-end|p1a: Umbreon|move: Future Sight
|-immune|p1a: Umbreon
|upkeep
|turn|13
|
|t:|1665031392
|switch|p1a: Quagsire|Quagsire, M|100/100
|move|p2a: Scizor|Bullet Punch|p1a: Quagsire
|-resisted|p1a: Quagsire
|-damage|p1a: Quagsire|90/100
|
|-heal|p1a: Quagsire|96/100|[from] item: Leftovers
|upkeep
|turn|14
|
|t:|1665031400
|move|p2a: Scizor|U-turn|p1a: Quagsire
|-damage|p1a: Quagsire|72/100
|
|t:|1665031404
|switch|p2a: Zarude|Zarude|100/100|[from]move: U-turn
|move|p1a: Quagsire|Scald|p2a: Zarude
|-resisted|p2a: Zarude
|-damage|p2a: Zarude|90/100
|
|-heal|p1a: Quagsire|78/100|[from] item: Leftovers
|upkeep
|turn|15
|
|t:|1665031415
|switch|p1a: Goodra|Goodra, M|100/100
|move|p2a: Zarude|Jungle Healing|p2a: Zarude
|-heal|p2a: Zarude|100/100
|
|upkeep
|turn|16
|
|t:|1665031421
|move|p2a: Zarude|U-turn|p1a: Goodra
|-damage|p1a: Goodra|81/100
|
|t:|1665031426
|switch|p2a: Slowking|Slowking, M|100/100 tox|[from]move: U-turn
|move|p1a: Goodra|Curse|p1a: Goodra
|-unboost|p1a: Goodra|spe|1
|-boost|p1a: Goodra|atk|1
|-boost|p1a: Goodra|def|1
|
|-heal|p1a: Goodra|87/100|[from] item: Leftovers
|-damage|p2a: Slowking|94/100 tox|[from] psn
|upkeep
|turn|17
|
|t:|1665031443
|move|p1a: Goodra|Curse|p1a: Goodra
|-unboost|p1a: Goodra|spe|1
|-boost|p1a: Goodra|atk|1
|-boost|p1a: Goodra|def|1
|move|p2a: Slowking|Scald|p1a: Goodra
|-resisted|p1a: Goodra
|-damage|p1a: Goodra|79/100
|-status|p1a: Goodra|brn
|
|-heal|p1a: Goodra|85/100 brn|[from] item: Leftovers
|-damage|p2a: Slowking|82/100 tox|[from] psn
|-damage|p1a: Goodra|79/100 brn|[from] brn
|upkeep
|turn|18
|
|t:|1665031455
|move|p1a: Goodra|Rest|p1a: Goodra
|-status|p1a: Goodra|slp|[from] move: Rest
|-heal|p1a: Goodra|100/100 slp|[silent]
|move|p2a: Slowking|Teleport|p2a: Slowking
|
|t:|1665031461
|switch|p2a: Sirfetch’d|Sirfetch’d, M|100/100|[from]move: Teleport
|
|upkeep
|turn|19
|
|t:|1665031464
|move|p2a: Sirfetch’d|Close Combat|p1a: Goodra
|-damage|p1a: Goodra|54/100 slp
|-unboost|p2a: Sirfetch’d|def|1
|-unboost|p2a: Sirfetch’d|spd|1
|cant|p1a: Goodra|slp
|move|p1a: Goodra|Sleep Talk|p1a: Goodra
|move|p1a: Goodra|Curse|p1a: Goodra|[from]move: Sleep Talk
|-unboost|p1a: Goodra|spe|1
|-boost|p1a: Goodra|atk|1
|-boost|p1a: Goodra|def|1
|
|-heal|p1a: Goodra|61/100 slp|[from] item: Leftovers
|upkeep
|turn|20
|
|t:|1665031481
|switch|p2a: Scizor|Scizor, F|100/100
|cant|p1a: Goodra|slp
|move|p1a: Goodra|Sleep Talk|p1a: Goodra
|move|p1a: Goodra|Rest||[from]move: Sleep Talk|[still]
|-fail|p1a: Goodra
|
|-heal|p1a: Goodra|67/100 slp|[from] item: Leftovers
|upkeep
|turn|21
|
|t:|1665031490
|move|p2a: Scizor|Swords Dance|p2a: Scizor
|-boost|p2a: Scizor|atk|2
|-curestatus|p1a: Goodra|slp|[msg]
|move|p1a: Goodra|Outrage|p2a: Scizor
|-resisted|p2a: Scizor
|-damage|p2a: Scizor|54/100
|-damage|p1a: Goodra|50/100|[from] item: Rocky Helmet|[of] p2a: Scizor
|
|-heal|p1a: Goodra|56/100|[from] item: Leftovers
|upkeep
|turn|22
|
|t:|1665031518
|move|p2a: Scizor|Swords Dance|p2a: Scizor
|-boost|p2a: Scizor|atk|2
|move|p1a: Goodra|Outrage|p2a: Scizor|[from]lockedmove
|-resisted|p2a: Scizor
|-damage|p2a: Scizor|10/100
|-damage|p1a: Goodra|40/100|[from] item: Rocky Helmet|[of] p2a: Scizor
|-start|p1a: Goodra|confusion|[fatigue]
|
|-heal|p1a: Goodra|46/100|[from] item: Leftovers
|upkeep
|turn|23
|
|t:|1665031530
|move|p2a: Scizor|Roost|p2a: Scizor
|-heal|p2a: Scizor|61/100
|-singleturn|p2a: Scizor|move: Roost
|-activate|p1a: Goodra|confusion
|move|p1a: Goodra|Outrage|p2a: Scizor
|-resisted|p2a: Scizor
|-damage|p2a: Scizor|18/100
|-damage|p1a: Goodra|29/100|[from] item: Rocky Helmet|[of] p2a: Scizor
|
|-heal|p1a: Goodra|36/100|[from] item: Leftovers
|upkeep
|turn|24
|
|t:|1665031540
|move|p2a: Scizor|Roost|p2a: Scizor
|-heal|p2a: Scizor|68/100
|-singleturn|p2a: Scizor|move: Roost
|-activate|p1a: Goodra|confusion
|-damage|p1a: Goodra|28/100|[from] confusion
|
|-heal|p1a: Goodra|34/100|[from] item: Leftovers
|upkeep
|turn|25
|
|t:|1665031547
|switch|p1a: Quagsire|Quagsire, M|78/100
|move|p2a: Scizor|Bullet Punch|p1a: Quagsire
|-resisted|p1a: Quagsire
|-damage|p1a: Quagsire|69/100
|
|-heal|p1a: Quagsire|75/100|[from] item: Leftovers
|upkeep
|turn|26
|
|t:|1665031555
|move|p2a: Scizor|U-turn|p1a: Quagsire
|-damage|p1a: Quagsire|49/100
|
|t:|1665031566
|switch|p2a: Sirfetch’d|Sirfetch’d, M|100/100|[from]move: U-turn
|move|p1a: Quagsire|Recover|p1a: Quagsire
|-heal|p1a: Quagsire|99/100
|
|-heal|p1a: Quagsire|100/100|[from] item: Leftovers
|upkeep
|turn|27
|
|t:|1665031581
|switch|p1a: Goodra|Goodra, M|34/100
|move|p2a: Sirfetch’d|Close Combat|p1a: Goodra
|-damage|p1a: Goodra|0 fnt
|-unboost|p2a: Sirfetch’d|def|1
|-unboost|p2a: Sirfetch’d|spd|1
|faint|p1a: Goodra
|
|upkeep
|inactive|Mitochon17 has 120 seconds left.
|
|t:|1665031606
|switch|p1a: Cursola|Cursola, F|100/100
|turn|28
|
|t:|1665031617
|switch|p2a: Zarude|Zarude|100/100
|move|p1a: Cursola|Shadow Ball|p2a: Zarude
|-resisted|p2a: Zarude
|-damage|p2a: Zarude|77/100
|
|upkeep
|turn|29
|
|t:|1665031625
|move|p2a: Zarude|Darkest Lariat|p1a: Cursola
|-supereffective|p1a: Cursola
|-enditem|p1a: Cursola|Focus Sash
|-damage|p1a: Cursola|1/100
|-ability|p1a: Cursola|Weak Armor|boost
|-unboost|p1a: Cursola|def|1
|-boost|p1a: Cursola|spe|2
|move|p1a: Cursola|Ice Beam|p2a: Zarude
|-supereffective|p2a: Zarude
|-damage|p2a: Zarude|10/100
|
|upkeep
|turn|30
|inactive|Boost Swoosh has 120 seconds left.
|
|t:|1665031663
|switch|p2a: Scizor|Scizor, F|68/100
|move|p1a: Cursola|Ice Beam|p2a: Scizor
|-resisted|p2a: Scizor
|-damage|p2a: Scizor|50/100
|
|upkeep
|turn|31
|inactive|Mitochon17 has 120 seconds left.
|
|t:|1665031686
|switch|p1a: Quagsire|Quagsire, M|100/100
|move|p2a: Scizor|Bullet Punch|p1a: Quagsire
|-resisted|p1a: Quagsire
|-damage|p1a: Quagsire|90/100
|
|-heal|p1a: Quagsire|96/100|[from] item: Leftovers
|upkeep
|turn|32
|
|t:|1665031694
|move|p2a: Scizor|Roost|p2a: Scizor
|-heal|p2a: Scizor|100/100
|-singleturn|p2a: Scizor|move: Roost
|move|p1a: Quagsire|Toxic|p2a: Scizor
|-immune|p2a: Scizor
|
|-heal|p1a: Quagsire|100/100|[from] item: Leftovers
|upkeep
|turn|33
|
|t:|1665031701
|move|p2a: Scizor|U-turn|p1a: Quagsire
|-damage|p1a: Quagsire|75/100
|
|t:|1665031703
|switch|p2a: Slowking|Slowking, M|100/100 tox|[from]move: U-turn
|move|p1a: Quagsire|Scald|p2a: Slowking
|-resisted|p2a: Slowking
|-damage|p2a: Slowking|92/100 tox
|
|-heal|p1a: Quagsire|81/100|[from] item: Leftovers
|-damage|p2a: Slowking|86/100 tox|[from] psn
|upkeep
|turn|34
|
|t:|1665031715
|switch|p1a: Umbreon|Umbreon, M|100/100
|move|p2a: Slowking|Teleport|p2a: Slowking
|
|t:|1665031719
|switch|p2a: Zarude|Zarude|10/100|[from]move: Teleport
|
|upkeep
|turn|35
|
|t:|1665031724
|move|p2a: Zarude|Jungle Healing|p2a: Zarude
|-heal|p2a: Zarude|35/100
|move|p1a: Umbreon|Foul Play|p2a: Zarude
|-resisted|p2a: Zarude
|-damage|p2a: Zarude|13/100
|
|upkeep
|turn|36
|
|t:|1665031735
|switch|p1a: Weezing|Weezing-Galar, M|81/100
|-ability|p1a: Weezing|Neutralizing Gas
|move|p2a: Zarude|Jungle Healing|p2a: Zarude
|-heal|p2a: Zarude|38/100
|
|upkeep
|turn|37
|
|t:|1665031747
|switch|p2a: Hippowdon|Hippowdon, F|96/100
|move|p1a: Weezing|Fire Blast|p2a: Hippowdon
|-damage|p2a: Hippowdon|77/100
|-status|p2a: Hippowdon|brn
|
|-heal|p2a: Hippowdon|83/100 brn|[from] item: Leftovers
|-damage|p2a: Hippowdon|77/100 brn|[from] brn
|upkeep
|turn|38
|
|t:|1665031775
|-end|p1a: Weezing|ability: Neutralizing Gas
|-weather|Sandstorm|[from] ability: Sand Stream|[of] p2a: Hippowdon
|switch|p1a: Cursola|Cursola, F|1/100
|switch|p2a: Slowking|Slowking, M|100/100 tox
|
|-weather|Sandstorm|[upkeep]
|-damage|p1a: Cursola|0 fnt|[from] Sandstorm
|-damage|p2a: Slowking|94/100 tox|[from] Sandstorm
|faint|p1a: Cursola
|-damage|p2a: Slowking|88/100 tox|[from] psn
|upkeep
|
|t:|1665031790
|switch|p1a: Umbreon|Umbreon, M|100/100
|turn|39
|c|☆Boost Swoosh|is this a glitch or something
|inactive|Boost Swoosh has 120 seconds left.
|c|☆Boost Swoosh|why am I still toxic'd
|
|t:|1665031822
|move|p1a: Umbreon|Foul Play|p2a: Slowking
|-supereffective|p2a: Slowking
|-damage|p2a: Slowking|55/100 tox
|move|p2a: Slowking|Teleport|p2a: Slowking
|
|t:|1665031826
|switch|p2a: Scizor|Scizor, F|100/100|[from]move: Teleport
|
|-weather|Sandstorm|[upkeep]
|-damage|p1a: Umbreon|94/100|[from] Sandstorm
|-heal|p1a: Umbreon|100/100|[from] item: Leftovers
|upkeep
|turn|40
|inactive|Boost Swoosh has 120 seconds left.
|c|☆Mitochon17|Regenerator just heals you not cure
|
|t:|1665031842
|switch|p1a: Quagsire|Quagsire, M|81/100
|move|p2a: Scizor|U-turn|p1a: Quagsire
|-damage|p1a: Quagsire|60/100
|c|☆Boost Swoosh|!dt jungle healing
|raw|<ul class="utilichart"><li class="result"><span class="col movenamecol"><a href="https://dex.pokemonshowdown.com/moves/junglehealing">Jungle Healing</a></span> <span class="col typecol"><img src="//play.pokemonshowdown.com/sprites/types/Grass.png" alt="Grass" width="32" height="14"><img src="//play.pokemonshowdown.com/sprites/categories/Status.png" alt="Status" width="32" height="14"></span> <span class="col widelabelcol"><em>Accuracy</em><br>—</span> <span class="col pplabelcol"><em>PP</em><br>16</span> <span class="col movedesccol">User and allies: healed 1/4 max HP, status cured.</span> </li><li style="clear:both"></li></ul>
|raw|<font size="1"><font color="#686868">Priority:</font> 0&nbsp;|&ThickSpace;<font color="#686868">Gen:</font> 8&nbsp;|&ThickSpace;&#10003; Bypasses Protect&nbsp;|&ThickSpace;&#10003; Bypasses Substitutes&nbsp;|&ThickSpace;<font color="#686868">Z-Effect:</font> None&nbsp;|&ThickSpace;<font color="#686868">Target:</font> User and Allies</font>

|inactive|Boost Swoosh has 120 seconds left.
|
|t:|1665031848
|switch|p2a: Zarude|Zarude|38/100|[from]move: U-turn
|
|-weather|Sandstorm|[upkeep]
|-damage|p2a: Zarude|32/100|[from] Sandstorm
|-heal|p1a: Quagsire|66/100|[from] item: Leftovers
|upkeep
|turn|41
|
|t:|1665031861
|switch|p1a: Weezing|Weezing-Galar, M|81/100
|-ability|p1a: Weezing|Neutralizing Gas
|move|p2a: Zarude|Jungle Healing|p2a: Zarude
|-heal|p2a: Zarude|57/100
|
|-weather|Sandstorm|[upkeep]
|-damage|p2a: Zarude|51/100|[from] Sandstorm
|-damage|p1a: Weezing|75/100|[from] Sandstorm
|upkeep
|turn|42
|
|t:|1665031874
|switch|p2a: Slowking|Slowking, M|88/100 tox
|move|p1a: Weezing|Fire Blast|p2a: Slowking
|-resisted|p2a: Slowking
|-damage|p2a: Slowking|79/100 tox
|
|-weather|none
|-damage|p2a: Slowking|73/100 tox|[from] psn
|upkeep
|turn|43
|
|t:|1665031883
|-end|p1a: Weezing|ability: Neutralizing Gas
|switch|p1a: Umbreon|Umbreon, M|100/100
|move|p2a: Slowking|Future Sight|p1a: Umbreon
|-start|p2a: Slowking|move: Future Sight
|
|-damage|p2a: Slowking|60/100 tox|[from] psn
|upkeep
|turn|44
|inactive|Boost Swoosh has 120 seconds left.
|
|t:|1665031910
|move|p1a: Umbreon|Foul Play|p2a: Slowking
|-supereffective|p2a: Slowking
|-damage|p2a: Slowking|28/100 tox
|move|p2a: Slowking|Teleport|p2a: Slowking
|
|t:|1665031913
|switch|p2a: Hippowdon|Hippowdon, F|77/100 brn|[from]move: Teleport
|-weather|Sandstorm|[from] ability: Sand Stream|[of] p2a: Hippowdon
|
|-weather|Sandstorm|[upkeep]
|-damage|p1a: Umbreon|94/100|[from] Sandstorm
|-heal|p1a: Umbreon|100/100|[from] item: Leftovers
|-heal|p2a: Hippowdon|83/100 brn|[from] item: Leftovers
|-damage|p2a: Hippowdon|77/100 brn|[from] brn
|upkeep
|turn|45
|
|t:|1665031924
|switch|p1a: Golbat|Golbat, F|82/100
|move|p2a: Hippowdon|Stealth Rock|p1a: Golbat
|-sidestart|p1: Mitochon17|move: Stealth Rock
|
|-weather|Sandstorm|[upkeep]
|-damage|p1a: Golbat|76/100|[from] Sandstorm
|-end|p1a: Golbat|move: Future Sight
|-supereffective|p1a: Golbat
|-damage|p1a: Golbat|29/100
|-heal|p2a: Hippowdon|83/100 brn|[from] item: Leftovers
|-damage|p2a: Hippowdon|77/100 brn|[from] brn
|upkeep
|turn|46
|
|t:|1665031936
|switch|p2a: Slowking|Slowking, M|61/100 tox
|move|p1a: Golbat|Roost|p1a: Golbat
|-heal|p1a: Golbat|79/100
|-singleturn|p1a: Golbat|move: Roost
|
|-weather|Sandstorm|[upkeep]
|-damage|p1a: Golbat|73/100|[from] Sandstorm
|-damage|p2a: Slowking|55/100 tox|[from] Sandstorm
|-damage|p2a: Slowking|49/100 tox|[from] psn
|upkeep
|turn|47
|
|t:|1665031946
|move|p1a: Golbat|Defog|p2a: Slowking
|-unboost|p2a: Slowking|evasion|1
|-sideend|p1: Mitochon17|Stealth Rock|[from] move: Defog|[of] p1a: Golbat
|move|p2a: Slowking|Scald|p1a: Golbat
|-damage|p1a: Golbat|59/100
|
|-weather|Sandstorm|[upkeep]
|-damage|p1a: Golbat|52/100|[from] Sandstorm
|-damage|p2a: Slowking|43/100 tox|[from] Sandstorm
|-damage|p2a: Slowking|31/100 tox|[from] psn
|upkeep
|turn|48
|
|t:|1665031956
|move|p1a: Golbat|Roost|p1a: Golbat
|-heal|p1a: Golbat|100/100
|-singleturn|p1a: Golbat|move: Roost
|move|p2a: Slowking|Slack Off|p2a: Slowking
|-heal|p2a: Slowking|81/100 tox
|
|-weather|none
|-damage|p2a: Slowking|62/100 tox|[from] psn
|upkeep
|turn|49
|inactive|Boost Swoosh has 120 seconds left.
|c|☆Boost Swoosh|yeah jungle healing is supposed to work like heal bell
|c|☆Boost Swoosh|this is some bs
|c|☆Boost Swoosh|i just won if it wasn't for this
|inactive|Boost Swoosh has 90 seconds left.
|
|t:|1665032022
|switch|p2a: Hippowdon|Hippowdon, F|77/100 brn
|-weather|Sandstorm|[from] ability: Sand Stream|[of] p2a: Hippowdon
|move|p1a: Golbat|Brave Bird|p2a: Hippowdon
|-damage|p2a: Hippowdon|59/100 brn
|-damage|p1a: Golbat|93/100|[from] Recoil
|
|-weather|Sandstorm|[upkeep]
|-damage|p1a: Golbat|87/100|[from] Sandstorm
|-heal|p2a: Hippowdon|65/100 brn|[from] item: Leftovers
|-damage|p2a: Hippowdon|59/100 brn|[from] brn
|upkeep
|turn|50
|
|t:|1665032035
|move|p1a: Golbat|Brave Bird|p2a: Hippowdon
|-damage|p2a: Hippowdon|39/100 brn
|-damage|p1a: Golbat|79/100|[from] Recoil
|move|p2a: Hippowdon|Slack Off|p2a: Hippowdon
|-heal|p2a: Hippowdon|89/100 brn
|
|-weather|Sandstorm|[upkeep]
|-damage|p1a: Golbat|73/100|[from] Sandstorm
|-heal|p2a: Hippowdon|95/100 brn|[from] item: Leftovers
|-damage|p2a: Hippowdon|89/100 brn|[from] brn
|upkeep
|turn|51
|
|t:|1665032057
|move|p1a: Golbat|Defog|p2a: Hippowdon
|-unboost|p2a: Hippowdon|evasion|1
|move|p2a: Hippowdon|Stealth Rock|p1a: Golbat
|-sidestart|p1: Mitochon17|move: Stealth Rock
|
|-weather|Sandstorm|[upkeep]
|-damage|p1a: Golbat|67/100|[from] Sandstorm
|-heal|p2a: Hippowdon|95/100 brn|[from] item: Leftovers
|-damage|p2a: Hippowdon|89/100 brn|[from] brn
|upkeep
|turn|52
|c|☆Boost Swoosh|now its going to be a 200 turn pp stall match
|
|t:|1665032067
|move|p1a: Golbat|Defog|p2a: Hippowdon
|-unboost|p2a: Hippowdon|evasion|1
|-sideend|p1: Mitochon17|Stealth Rock|[from] move: Defog|[of] p1a: Golbat
|move|p2a: Hippowdon|Stealth Rock|p1a: Golbat
|-sidestart|p1: Mitochon17|move: Stealth Rock
|
|-weather|Sandstorm|[upkeep]
|-damage|p1a: Golbat|61/100|[from] Sandstorm
|-heal|p2a: Hippowdon|95/100 brn|[from] item: Leftovers
|-damage|p2a: Hippowdon|89/100 brn|[from] brn
|upkeep
|turn|53
|
|t:|1665032076
|switch|p2a: Slowking|Slowking, M|96/100 tox
|move|p1a: Golbat|Defog|p2a: Slowking
|-unboost|p2a: Slowking|evasion|1
|-sideend|p1: Mitochon17|Stealth Rock|[from] move: Defog|[of] p1a: Golbat
|
|-weather|none
|-damage|p2a: Slowking|90/100 tox|[from] psn
|upkeep
|turn|54
|inactive|Boost Swoosh has 120 seconds left.
|
|t:|1665032083
|move|p1a: Golbat|Roost|p1a: Golbat
|-heal|p1a: Golbat|100/100
|-singleturn|p1a: Golbat|move: Roost
|move|p2a: Slowking|Teleport|p2a: Slowking
|
|t:|1665032086
|switch|p2a: Hippowdon|Hippowdon, F|89/100 brn|[from]move: Teleport
|-weather|Sandstorm|[from] ability: Sand Stream|[of] p2a: Hippowdon
|
|-weather|Sandstorm|[upkeep]
|-damage|p1a: Golbat|94/100|[from] Sandstorm
|-heal|p2a: Hippowdon|95/100 brn|[from] item: Leftovers
|-damage|p2a: Hippowdon|89/100 brn|[from] brn
|upkeep
|turn|55
|
|t:|1665032098
|move|p1a: Golbat|Brave Bird|p2a: Hippowdon
|-damage|p2a: Hippowdon|71/100 brn
|-damage|p1a: Golbat|87/100|[from] Recoil
|move|p2a: Hippowdon|Stealth Rock|p1a: Golbat
|-sidestart|p1: Mitochon17|move: Stealth Rock
|
|-weather|Sandstorm|[upkeep]
|-damage|p1a: Golbat|81/100|[from] Sandstorm
|-heal|p2a: Hippowdon|77/100 brn|[from] item: Leftovers
|-damage|p2a: Hippowdon|71/100 brn|[from] brn
|upkeep
|turn|56
|
|t:|1665032108
|move|p1a: Golbat|Defog|p2a: Hippowdon
|-unboost|p2a: Hippowdon|evasion|1
|-sideend|p1: Mitochon17|Stealth Rock|[from] move: Defog|[of] p1a: Golbat
|move|p2a: Hippowdon|Stealth Rock|p1a: Golbat
|-sidestart|p1: Mitochon17|move: Stealth Rock
|
|-weather|Sandstorm|[upkeep]
|-damage|p1a: Golbat|75/100|[from] Sandstorm
|-heal|p2a: Hippowdon|77/100 brn|[from] item: Leftovers
|-damage|p2a: Hippowdon|71/100 brn|[from] brn
|upkeep
|turn|57
|c|☆Boost Swoosh|bruh can u just forfeit
|c|☆Boost Swoosh|I out pp stall u
|c|☆Boost Swoosh|cuz of regenerator bs
|
|t:|1665032129
|move|p1a: Golbat|Defog|p2a: Hippowdon
|-unboost|p2a: Hippowdon|evasion|1
|-sideend|p1: Mitochon17|Stealth Rock|[from] move: Defog|[of] p1a: Golbat
|move|p2a: Hippowdon|Stealth Rock|p1a: Golbat
|-sidestart|p1: Mitochon17|move: Stealth Rock
|
|-weather|Sandstorm|[upkeep]
|-damage|p1a: Golbat|69/100|[from] Sandstorm
|-heal|p2a: Hippowdon|77/100 brn|[from] item: Leftovers
|-damage|p2a: Hippowdon|71/100 brn|[from] brn
|upkeep
|turn|58
|-message|Mitochon17 forfeited.
|
|win|Boost Swoosh
|raw|Mitochon17's rating: 1360 &rarr; <strong>1350</strong><br />(-10 for losing)
|raw|Boost Swoosh's rating: 1550 &rarr; <strong>1560</strong><br />(+10 for winning)
|c|☆Boost Swoosh|thx
|l|☆Mitochon17
