|j|☆Socrates101
|j|☆Bamarah
|player|p1|Socrates101|koga|1540
|player|p2|Bamarah|eusine-gen2|1409
|teamsize|p1|6
|teamsize|p2|6
|gametype|singles
|gen|8
|tier|[Gen 8] UU
|rated|
|clearpoke
|poke|p1|Terrakion|
|poke|p1|Jirachi|
|poke|p1|Rotom-Mow|
|poke|p1|Palossand, F|
|poke|p1|Weezing-Galar, F|
|poke|p1|Tentacruel, F|
|poke|p2|Noivern, M|
|poke|p2|Keldeo-Resolute|
|poke|p2|Darmanitan, M|
|poke|p2|Chandelure, M|
|poke|p2|Skarmory, M|
|poke|p2|Blissey, F|
|rule|Sleep Clause Mod: Limit one foe put to sleep
|rule|Species Clause: Limit one of each Pokémon
|rule|OHKO Clause: OHKO moves are banned
|rule|Evasion Moves Clause: Evasion moves are banned
|rule|Endless Battle Clause: Forcing endless battles is banned
|rule|HP Percentage Mod: HP is shown in percentages
|rule|Dynamax Clause: You cannot dynamax
|teampreview
|inactive|Battle timer is ON: inactive players will automatically lose when time's up. (requested by Bamarah)
|inactive|Socrates101 has 120 seconds left.
|
|start
|switch|p1a: Palossand|Palossand, F|100/100
|switch|p2a: Darmanitan|Darmanitan, M, shiny|100/100
|turn|1
|
|move|p2a: Darmanitan|U-turn|p1a: Palossand
|-resisted|p1a: Palossand
|-damage|p1a: Palossand|92/100
|
|switch|p2a: Skarmory|Skarmory, M, shiny|100/100|[from]move: U-turn
|move|p1a: Palossand|Stealth Rock|p2a: Skarmory
|-sidestart|p2: Bamarah|move: Stealth Rock
|
|-heal|p1a: Palossand|98/100|[from] item: Leftovers
|upkeep
|turn|2
|
|switch|p1a: Jirachi|Jirachi|100/100
|move|p2a: Skarmory|Night Slash|p1a: Jirachi
|-supereffective|p1a: Jirachi
|-damage|p1a: Jirachi|66/100
|
|-heal|p1a: Jirachi|72/100|[from] item: Leftovers
|upkeep
|turn|3
|
|switch|p2a: Noivern|Noivern, M, shiny|100/100
|-damage|p2a: Noivern|76/100|[from] Stealth Rock
|move|p1a: Jirachi|Future Sight|p2a: Noivern
|-start|p1a: Jirachi|move: Future Sight
|
|-heal|p1a: Jirachi|78/100|[from] item: Leftovers
|upkeep
|turn|4
|
|switch|p1a: Weezing|Weezing-Galar, F|100/100
|move|p2a: Noivern|Defog|p1a: Weezing
|-unboost|p1a: Weezing|evasion|1
|-sideend|p2: Bamarah|Stealth Rock|[from] move: Defog|[of] p2a: Noivern
|
|upkeep
|turn|5
|
|switch|p2a: Blissey|Blissey, F, shiny|100/100
|move|p1a: Weezing|Toxic Spikes|p2a: Blissey
|-sidestart|p2: Bamarah|move: Toxic Spikes
|
|-end|p2a: Blissey|move: Future Sight
|-damage|p2a: Blissey|86/100
|-heal|p2a: Blissey|92/100|[from] item: Leftovers
|upkeep
|turn|6
|
|switch|p1a: Terrakion|Terrakion|100/100
|move|p2a: Blissey|Thunder Wave|p1a: Terrakion
|-status|p1a: Terrakion|par
|
|-heal|p2a: Blissey|99/100|[from] item: Leftovers
|upkeep
|turn|7
|
|switch|p2a: Noivern|Noivern, M, shiny|76/100
|move|p1a: Terrakion|Close Combat|p2a: Noivern
|-resisted|p2a: Noivern
|-damage|p2a: Noivern|19/100
|-unboost|p1a: Terrakion|def|1
|-unboost|p1a: Terrakion|spd|1
|
|upkeep
|turn|8
|
|switch|p1a: Weezing|Weezing-Galar, F|100/100
|move|p2a: Noivern|Defog|p1a: Weezing
|-unboost|p1a: Weezing|evasion|1
|-sideend|p2: Bamarah|Toxic Spikes|[from] move: Defog|[of] p2a: Noivern
|
|upkeep
|turn|9
|
|move|p2a: Noivern|Hurricane|p1a: Weezing
|-damage|p1a: Weezing|10/100
|-start|p1a: Weezing|confusion
|-damage|p2a: Noivern|9/100|[from] item: Life Orb
|-activate|p1a: Weezing|confusion
|-damage|p1a: Weezing|4/100|[from] confusion
|
|-heal|p1a: Weezing|10/100|[from] item: Black Sludge
|upkeep
|turn|10
|
|move|p2a: Noivern|Flamethrower|p1a: Weezing
|-damage|p1a: Weezing|0 fnt
|-damage|p2a: Noivern|0 fnt|[from] item: Life Orb
|faint|p1a: Weezing
|faint|p2a: Noivern
|
|upkeep
|
|switch|p2a: Chandelure|Chandelure, M, shiny|100/100
|switch|p1a: Palossand|Palossand, F|98/100
|turn|11
|
|switch|p1a: Tentacruel|Tentacruel, F|100/100
|move|p2a: Chandelure|Shadow Ball|p1a: Tentacruel
|-damage|p1a: Tentacruel|62/100
|-unboost|p1a: Tentacruel|spd|1
|
|-heal|p1a: Tentacruel|68/100|[from] item: Black Sludge
|upkeep
|turn|12
|
|move|p2a: Chandelure|Shadow Ball|p1a: Tentacruel
|-damage|p1a: Tentacruel|11/100
|-unboost|p1a: Tentacruel|spd|1
|move|p1a: Tentacruel|Hydro Pump|p2a: Chandelure
|-supereffective|p2a: Chandelure
|-damage|p2a: Chandelure|0 fnt
|faint|p2a: Chandelure
|
|-heal|p1a: Tentacruel|17/100|[from] item: Black Sludge
|upkeep
|
|switch|p2a: Darmanitan|Darmanitan, M, shiny|100/100
|turn|13
|
|move|p2a: Darmanitan|Flare Blitz|p1a: Tentacruel
|-resisted|p1a: Tentacruel
|-damage|p1a: Tentacruel|0 fnt
|-damage|p2a: Darmanitan|95/100|[from] Recoil
|faint|p1a: Tentacruel
|
|upkeep
|
|switch|p1a: Terrakion|Terrakion|100/100 par
|turn|14
|
|switch|p2a: Keldeo|Keldeo-Resolute|100/100
|cant|p1a: Terrakion|par
|
|upkeep
|turn|15
|
|switch|p1a: Rotom|Rotom-Mow|100/100
|move|p2a: Keldeo|Secret Sword|p1a: Rotom
|-damage|p1a: Rotom|27/100
|-damage|p2a: Keldeo|91/100|[from] item: Life Orb
|
|upkeep
|turn|16
|
|switch|p2a: Blissey|Blissey, F, shiny|99/100
|move|p1a: Rotom|Volt Switch|p2a: Blissey
|-damage|p2a: Blissey|90/100
|
|switch|p1a: Terrakion|Terrakion|100/100 par|[from]move: Volt Switch
|
|-heal|p2a: Blissey|96/100|[from] item: Leftovers
|upkeep
|turn|17
|
|switch|p2a: Skarmory|Skarmory, M, shiny|100/100
|cant|p1a: Terrakion|par
|
|upkeep
|turn|18
|
|switch|p1a: Jirachi|Jirachi|78/100
|move|p2a: Skarmory|Body Press|p1a: Jirachi
|-damage|p1a: Jirachi|43/100
|
|-heal|p1a: Jirachi|49/100|[from] item: Leftovers
|upkeep
|turn|19
|
|move|p1a: Jirachi|Thunderbolt|p2a: Skarmory
|-supereffective|p2a: Skarmory
|-damage|p2a: Skarmory|10/100
|move|p2a: Skarmory|Iron Defense|p2a: Skarmory
|-boost|p2a: Skarmory|def|2
|
|-heal|p1a: Jirachi|55/100|[from] item: Leftovers
|-heal|p2a: Skarmory|16/100|[from] item: Leftovers
|upkeep
|turn|20
|
|switch|p2a: Blissey|Blissey, F, shiny|96/100
|move|p1a: Jirachi|Thunderbolt|p2a: Blissey
|-damage|p2a: Blissey|89/100
|
|-heal|p1a: Jirachi|61/100|[from] item: Leftovers
|-heal|p2a: Blissey|95/100|[from] item: Leftovers
|upkeep
|turn|21
|
|move|p1a: Jirachi|Iron Head|p2a: Blissey
|-damage|p2a: Blissey|40/100
|move|p2a: Blissey|Seismic Toss|p1a: Jirachi
|-damage|p1a: Jirachi|32/100
|
|-heal|p1a: Jirachi|38/100|[from] item: Leftovers
|-heal|p2a: Blissey|47/100|[from] item: Leftovers
|upkeep
|turn|22
|
|switch|p2a: Darmanitan|Darmanitan, M, shiny|95/100
|move|p1a: Jirachi|Iron Head|p2a: Darmanitan
|-resisted|p2a: Darmanitan
|-crit|p2a: Darmanitan
|-damage|p2a: Darmanitan|64/100
|
|-heal|p1a: Jirachi|44/100|[from] item: Leftovers
|upkeep
|turn|23
|
|switch|p1a: Rotom|Rotom-Mow|27/100
|move|p2a: Darmanitan|Flare Blitz|p1a: Rotom
|-supereffective|p1a: Rotom
|-damage|p1a: Rotom|0 fnt
|-damage|p2a: Darmanitan|58/100|[from] Recoil
|faint|p1a: Rotom
|
|upkeep
|
|switch|p1a: Terrakion|Terrakion|100/100 par
|turn|24
|
|switch|p2a: Blissey|Blissey, F, shiny|47/100
|move|p1a: Terrakion|Close Combat|p2a: Blissey
|-supereffective|p2a: Blissey
|-damage|p2a: Blissey|0 fnt
|-unboost|p1a: Terrakion|def|1
|-unboost|p1a: Terrakion|spd|1
|faint|p2a: Blissey
|
|upkeep
|
|switch|p2a: Keldeo|Keldeo-Resolute|91/100
|turn|25
|
|move|p2a: Keldeo|Surf|p1a: Terrakion
|-supereffective|p1a: Terrakion
|-damage|p1a: Terrakion|0 fnt
|-damage|p2a: Keldeo|81/100|[from] item: Life Orb
|faint|p1a: Terrakion
|
|upkeep
|
|switch|p1a: Jirachi|Jirachi|44/100
|turn|26
|
|move|p2a: Keldeo|Surf|p1a: Jirachi
|-damage|p1a: Jirachi|0 fnt
|-damage|p2a: Keldeo|71/100|[from] item: Life Orb
|faint|p1a: Jirachi
|
|upkeep
|-message|Socrates101 forfeited.
|
|win|Bamarah
