|j|☆girlboss for hire
|j|☆HaxxLR
|t:|1654870556
|gametype|singles
|player|p1|girlboss for hire|lisia|1248
|player|p2|HaxxLR|grimsley|1465
|teamsize|p1|6
|teamsize|p2|6
|gen|8
|tier|[Gen 8] UU
|rated|
|rule|Sleep Clause Mod: Limit one foe put to sleep
|rule|Species Clause: Limit one of each Pokémon
|rule|OHKO Clause: OHKO moves are banned
|rule|Evasion Moves Clause: Evasion moves are banned
|rule|Endless Battle Clause: Forcing endless battles is banned
|rule|HP Percentage Mod: HP is shown in percentages
|rule|Dynamax Clause: You cannot dynamax
|clearpoke
|poke|p1|Mamoswine, F|
|poke|p1|Salazzle, F|
|poke|p1|Zarude-Dada|
|poke|p1|Cobalion|
|poke|p1|Slowking, F|
|poke|p1|Celesteela|
|poke|p2|Cobalion|
|poke|p2|Chandelure, M|
|poke|p2|Rotom-Wash|
|poke|p2|Tangrowth, M|
|poke|p2|Diggersby, M|
|poke|p2|Celesteela|
|teampreview
|inactive|Battle timer is ON: inactive players will automatically lose when time's up. (requested by girlboss for hire)
|inactive|HaxxLR has 120 seconds left.
|inactive|HaxxLR has 90 seconds left.
|
|t:|1654870625
|start
|switch|p1a: Cobalion|Cobalion|100/100
|switch|p2a: Diggersby|Diggersby, M|100/100
|turn|1
|
|t:|1654870644
|move|p2a: Diggersby|U-turn|p1a: Cobalion
|-resisted|p1a: Cobalion
|-crit|p1a: Cobalion
|-damage|p1a: Cobalion|90/100
|-damage|p2a: Diggersby|84/100|[from] item: Rocky Helmet|[of] p1a: Cobalion
|
|t:|1654870664
|switch|p2a: Tangrowth|Tangrowth, M|100/100|[from]move: U-turn
|move|p1a: Cobalion|Close Combat|p2a: Tangrowth
|-damage|p2a: Tangrowth|66/100
|-unboost|p1a: Cobalion|def|1
|-unboost|p1a: Cobalion|spd|1
|
|upkeep
|turn|2
|inactive|HaxxLR has 120 seconds left.
|inactive|HaxxLR has 90 seconds left.
|
|t:|1654870719
|move|p1a: Cobalion|Stealth Rock|p2a: Tangrowth
|-sidestart|p2: HaxxLR|move: Stealth Rock
|move|p2a: Tangrowth|Focus Blast|p1a: Cobalion
|-supereffective|p1a: Cobalion
|-damage|p1a: Cobalion|0 fnt
|faint|p1a: Cobalion
|
|upkeep
|
|t:|1654870732
|switch|p1a: Salazzle|Salazzle, F|100/100
|turn|3
|
|t:|1654870739
|switch|p2a: Chandelure|Chandelure, M|100/100
|move|p1a: Salazzle|Knock Off|p2a: Chandelure
|-supereffective|p2a: Chandelure
|-damage|p2a: Chandelure|58/100
|-enditem|p2a: Chandelure|Heavy-Duty Boots|[from] move: Knock Off|[of] p1a: Salazzle
|
|upkeep
|turn|4
|inactive|HaxxLR has 90 seconds left.
|inactive|girlboss for hire has 120 seconds left.
|
|t:|1654870778
|move|p1a: Salazzle|Knock Off|p2a: Chandelure
|-supereffective|p2a: Chandelure
|-damage|p2a: Chandelure|33/100
|move|p2a: Chandelure|Flamethrower|p1a: Salazzle
|-resisted|p1a: Salazzle
|-damage|p1a: Salazzle|53/100
|
|upkeep
|turn|5
|inactive|girlboss for hire has 120 seconds left.
|
|t:|1654870792
|move|p1a: Salazzle|Knock Off|p2a: Chandelure
|-supereffective|p2a: Chandelure
|-damage|p2a: Chandelure|6/100
|move|p2a: Chandelure|Hex|p1a: Salazzle
|-damage|p1a: Salazzle|0 fnt
|faint|p1a: Salazzle
|
|upkeep
|
|t:|1654870801
|switch|p1a: Zarude|Zarude-Dada|100/100
|turn|6
|
|t:|1654870810
|switch|p2a: Cobalion|Cobalion|100/100
|-damage|p2a: Cobalion|97/100|[from] Stealth Rock
|move|p1a: Zarude|U-turn|p2a: Cobalion
|-resisted|p2a: Cobalion
|-damage|p2a: Cobalion|92/100
|-damage|p1a: Zarude|84/100|[from] item: Rocky Helmet|[of] p2a: Cobalion
|
|t:|1654870819
|switch|p1a: Mamoswine|Mamoswine, F|100/100|[from]move: U-turn
|
|upkeep
|turn|7
|
|t:|1654870826
|switch|p2a: Chandelure|Chandelure, M|6/100
|-damage|p2a: Chandelure|0 fnt|[from] Stealth Rock
|faint|p2a: Chandelure
|move|p1a: Mamoswine|Earthquake|p2: Chandelure|[notarget]
|-fail|p1a: Mamoswine
|
|upkeep
|inactive|HaxxLR has 90 seconds left.
|
|t:|1654870836
|switch|p2a: Celesteela|Celesteela|100/100
|-damage|p2a: Celesteela|88/100|[from] Stealth Rock
|turn|8
|
|t:|1654870840
|move|p1a: Mamoswine|Knock Off|p2a: Celesteela
|-damage|p2a: Celesteela|45/100
|-enditem|p2a: Celesteela|Leftovers|[from] move: Knock Off|[of] p1a: Mamoswine
|-damage|p1a: Mamoswine|91/100|[from] item: Life Orb
|move|p2a: Celesteela|Flamethrower|p1a: Mamoswine
|-supereffective|p1a: Mamoswine
|-damage|p1a: Mamoswine|58/100
|
|upkeep
|turn|9
|
|t:|1654870855
|move|p1a: Mamoswine|Icicle Crash|p2a: Celesteela
|-damage|p2a: Celesteela|0 fnt
|faint|p2a: Celesteela
|-damage|p1a: Mamoswine|48/100|[from] item: Life Orb
|
|upkeep
|
|t:|1654870871
|switch|p2a: Rotom|Rotom-Wash|100/100
|-damage|p2a: Rotom|88/100|[from] Stealth Rock
|turn|10
|
|t:|1654870885
|switch|p1a: Zarude|Zarude-Dada|84/100
|move|p2a: Rotom|Hydro Pump|p1a: Zarude
|-resisted|p1a: Zarude
|-damage|p1a: Zarude|64/100
|
|-heal|p2a: Rotom|94/100|[from] item: Leftovers
|upkeep
|turn|11
|
|t:|1654870894
|switch|p2a: Cobalion|Cobalion|92/100
|-damage|p2a: Cobalion|89/100|[from] Stealth Rock
|move|p1a: Zarude|U-turn|p2a: Cobalion
|-resisted|p2a: Cobalion
|-crit|p2a: Cobalion
|-damage|p2a: Cobalion|82/100
|-damage|p1a: Zarude|48/100|[from] item: Rocky Helmet|[of] p2a: Cobalion
|
|t:|1654870912
|switch|p1a: Celesteela|Celesteela|100/100|[from]move: U-turn
|
|upkeep
|turn|12
|
|t:|1654870925
|switch|p2a: Rotom|Rotom-Wash|94/100
|-damage|p2a: Rotom|82/100|[from] Stealth Rock
|move|p1a: Celesteela|Leech Seed|p2a: Rotom
|-start|p2a: Rotom|move: Leech Seed
|
|-heal|p2a: Rotom|88/100|[from] item: Leftovers
|-damage|p2a: Rotom|75/100|[from] Leech Seed|[of] p1a: Celesteela
|upkeep
|turn|13
|
|t:|1654870936
|switch|p2a: Tangrowth|Tangrowth, M|99/100
|-damage|p2a: Tangrowth|87/100|[from] Stealth Rock
|move|p1a: Celesteela|Protect||[still]
|-fail|p1a: Celesteela
|
|upkeep
|turn|14
|inactive|HaxxLR has 120 seconds left.
|
|t:|1654870941
|move|p1a: Celesteela|Heavy Slam|p2a: Tangrowth
|-damage|p2a: Tangrowth|57/100
|move|p2a: Tangrowth|Knock Off|p1a: Celesteela
|-damage|p1a: Celesteela|85/100
|-enditem|p1a: Celesteela|Leftovers|[from] move: Knock Off|[of] p2a: Tangrowth
|
|upkeep
|turn|15
|
|t:|1654870950
|switch|p2a: Rotom|Rotom-Wash|75/100
|-damage|p2a: Rotom|63/100|[from] Stealth Rock
|move|p1a: Celesteela|Flamethrower|p2a: Rotom
|-resisted|p2a: Rotom
|-damage|p2a: Rotom|51/100
|
|-heal|p2a: Rotom|57/100|[from] item: Leftovers
|upkeep
|turn|16
|
|t:|1654870958
|switch|p1a: Mamoswine|Mamoswine, F|48/100
|move|p2a: Rotom|Volt Switch|p1a: Mamoswine
|-immune|p1a: Mamoswine
|
|-heal|p2a: Rotom|64/100|[from] item: Leftovers
|upkeep
|turn|17
|
|t:|1654870967
|switch|p1a: Zarude|Zarude-Dada|48/100
|move|p2a: Rotom|Hydro Pump|p1a: Zarude
|-resisted|p1a: Zarude
|-damage|p1a: Zarude|28/100
|
|-heal|p2a: Rotom|70/100|[from] item: Leftovers
|upkeep
|turn|18
|
|t:|1654870975
|switch|p2a: Cobalion|Cobalion|82/100
|-damage|p2a: Cobalion|79/100|[from] Stealth Rock
|move|p1a: Zarude|Jungle Healing|p1a: Zarude
|-heal|p1a: Zarude|53/100
|
|upkeep
|turn|19
|
|t:|1654870985
|switch|p1a: Mamoswine|Mamoswine, F|48/100
|move|p2a: Cobalion|Stealth Rock|p1a: Mamoswine
|-sidestart|p1: girlboss for hire|move: Stealth Rock
|
|upkeep
|turn|20
|
|t:|1654870990
|move|p2a: Cobalion|Close Combat|p1a: Mamoswine
|-supereffective|p1a: Mamoswine
|-damage|p1a: Mamoswine|0 fnt
|-unboost|p2a: Cobalion|def|1
|-unboost|p2a: Cobalion|spd|1
|faint|p1a: Mamoswine
|
|upkeep
|
|t:|1654870996
|switch|p1a: Celesteela|Celesteela|85/100
|-damage|p1a: Celesteela|73/100|[from] Stealth Rock
|turn|21
|
|t:|1654871002
|switch|p2a: Rotom|Rotom-Wash|70/100
|-damage|p2a: Rotom|57/100|[from] Stealth Rock
|move|p1a: Celesteela|Flamethrower|p2a: Rotom
|-resisted|p2a: Rotom
|-damage|p2a: Rotom|46/100
|
|-heal|p2a: Rotom|52/100|[from] item: Leftovers
|upkeep
|turn|22
|
|t:|1654871008
|move|p2a: Rotom|Volt Switch|p1a: Celesteela
|-supereffective|p1a: Celesteela
|-crit|p1a: Celesteela
|-damage|p1a: Celesteela|19/100
|
|t:|1654871013
|switch|p2a: Tangrowth|Tangrowth, M|90/100|[from]move: Volt Switch
|-damage|p2a: Tangrowth|78/100|[from] Stealth Rock
|move|p1a: Celesteela|Leech Seed|p2a: Tangrowth
|-immune|p2a: Tangrowth
|
|upkeep
|turn|23
|
|t:|1654871021
|move|p1a: Celesteela|Protect|p1a: Celesteela
|-singleturn|p1a: Celesteela|Protect
|move|p2a: Tangrowth|Focus Blast|p1a: Celesteela
|-activate|p1a: Celesteela|move: Protect
|
|upkeep
|turn|24
|
|t:|1654871029
|move|p1a: Celesteela|Flamethrower|p2a: Tangrowth
|-supereffective|p2a: Tangrowth
|-damage|p2a: Tangrowth|51/100
|-status|p2a: Tangrowth|brn
|move|p2a: Tangrowth|Focus Blast|p1a: Celesteela
|-damage|p1a: Celesteela|0 fnt
|faint|p1a: Celesteela
|
|-damage|p2a: Tangrowth|45/100 brn|[from] brn
|upkeep
|
|t:|1654871038
|switch|p1a: Zarude|Zarude-Dada|53/100
|turn|25
|
|t:|1654871042
|switch|p2a: Cobalion|Cobalion|79/100
|-damage|p2a: Cobalion|76/100|[from] Stealth Rock
|move|p1a: Zarude|U-turn|p2a: Cobalion
|-resisted|p2a: Cobalion
|-damage|p2a: Cobalion|71/100
|-damage|p1a: Zarude|36/100|[from] item: Rocky Helmet|[of] p2a: Cobalion
|
|t:|1654871045
|switch|p1a: Slowking|Slowking, F|100/100|[from]move: U-turn
|
|upkeep
|turn|26
|
|t:|1654871054
|switch|p2a: Tangrowth|Tangrowth, M|78/100 brn
|-damage|p2a: Tangrowth|66/100 brn|[from] Stealth Rock
|move|p1a: Slowking|Psyshock|p2a: Tangrowth
|-crit|p2a: Tangrowth
|-damage|p2a: Tangrowth|38/100 brn
|
|-damage|p2a: Tangrowth|31/100 brn|[from] brn
|upkeep
|turn|27
|
|t:|1654871076
|switch|p2a: Rotom|Rotom-Wash|52/100
|-damage|p2a: Rotom|40/100|[from] Stealth Rock
|move|p1a: Slowking|Psyshock|p2a: Rotom
|-crit|p2a: Rotom
|-damage|p2a: Rotom|0 fnt
|faint|p2a: Rotom
|
|upkeep
|
|t:|1654871085
|switch|p2a: Diggersby|Diggersby, M|84/100
|-damage|p2a: Diggersby|78/100|[from] Stealth Rock
|turn|28
|
|t:|1654871094
|move|p2a: Diggersby|U-turn|p1a: Slowking
|-supereffective|p1a: Slowking
|-damage|p1a: Slowking|56/100
|
|t:|1654871097
|switch|p2a: Tangrowth|Tangrowth, M|65/100 brn|[from]move: U-turn
|-damage|p2a: Tangrowth|52/100 brn|[from] Stealth Rock
|move|p1a: Slowking|Psyshock|p2a: Tangrowth
|-damage|p2a: Tangrowth|31/100 brn
|
|-damage|p2a: Tangrowth|25/100 brn|[from] brn
|upkeep
|turn|29
|
|t:|1654871110
|move|p2a: Tangrowth|Power Whip|p1a: Slowking|[miss]
|-miss|p2a: Tangrowth|p1a: Slowking
|move|p1a: Slowking|Scald|p2a: Tangrowth
|-resisted|p2a: Tangrowth
|-damage|p2a: Tangrowth|16/100 brn
|
|-damage|p2a: Tangrowth|10/100 brn|[from] brn
|upkeep
|turn|30
|
|t:|1654871120
|switch|p2a: Diggersby|Diggersby, M|78/100
|-damage|p2a: Diggersby|72/100|[from] Stealth Rock
|move|p1a: Slowking|Psyshock|p2a: Diggersby
|-damage|p2a: Diggersby|33/100
|
|upkeep
|turn|31
|j| ProfSimonov
|inactive|HaxxLR has 120 seconds left.
|
|t:|1654871162
|move|p2a: Diggersby|U-turn|p1a: Slowking
|-supereffective|p1a: Slowking
|-damage|p1a: Slowking|6/100
|
|t:|1654871165
|switch|p2a: Tangrowth|Tangrowth, M|43/100 brn|[from]move: U-turn
|-damage|p2a: Tangrowth|31/100 brn|[from] Stealth Rock
|move|p1a: Slowking|Slack Off|p1a: Slowking
|-heal|p1a: Slowking|56/100
|
|-damage|p2a: Tangrowth|25/100 brn|[from] brn
|upkeep
|turn|32
|inactive|HaxxLR has 120 seconds left.
|
|t:|1654871185
|move|p2a: Tangrowth|Power Whip|p1a: Slowking
|-supereffective|p1a: Slowking
|-damage|p1a: Slowking|24/100
|move|p1a: Slowking|Psyshock|p2a: Tangrowth
|-damage|p2a: Tangrowth|5/100 brn
|
|-damage|p2a: Tangrowth|0 fnt|[from] brn
|faint|p2a: Tangrowth
|upkeep
|
|t:|1654871190
|switch|p2a: Diggersby|Diggersby, M|33/100
|-damage|p2a: Diggersby|27/100|[from] Stealth Rock
|turn|33
|
|t:|1654871199
|switch|p1a: Zarude|Zarude-Dada|36/100
|move|p2a: Diggersby|U-turn|p1a: Zarude
|-supereffective|p1a: Zarude
|-damage|p1a: Zarude|0 fnt
|faint|p1a: Zarude
|
|t:|1654871201
|switch|p2a: Cobalion|Cobalion|71/100|[from]move: U-turn
|-damage|p2a: Cobalion|68/100|[from] Stealth Rock
|
|upkeep
|
|t:|1654871203
|switch|p1a: Slowking|Slowking, F|57/100
|turn|34
|
|t:|1654871210
|move|p2a: Cobalion|Swords Dance|p2a: Cobalion
|-boost|p2a: Cobalion|atk|2
|move|p1a: Slowking|Scald|p2a: Cobalion
|-damage|p2a: Cobalion|34/100
|
|upkeep
|turn|35
|
|t:|1654871220
|move|p2a: Cobalion|Stone Edge|p1a: Slowking|[miss]
|-miss|p2a: Cobalion|p1a: Slowking
|move|p1a: Slowking|Scald|p2a: Cobalion
|-damage|p2a: Cobalion|0 fnt
|faint|p2a: Cobalion
|
|upkeep
|
|t:|1654871225
|switch|p2a: Diggersby|Diggersby, M|27/100
|-damage|p2a: Diggersby|21/100|[from] Stealth Rock
|turn|36
|
|t:|1654871234
|move|p2a: Diggersby|Earthquake|p1a: Slowking
|-damage|p1a: Slowking|12/100
|move|p1a: Slowking|Scald|p2a: Diggersby
|-supereffective|p2a: Diggersby
|-damage|p2a: Diggersby|0 fnt
|faint|p2a: Diggersby
|
|win|girlboss for hire
|raw|girlboss for hire's rating: 1248 &rarr; <strong>1287</strong><br />(+39 for winning)
|raw|HaxxLR's rating: 1465 &rarr; <strong>1434</strong><br />(-31 for losing)
|l|☆HaxxLR
|c|☆girlboss for hire|i dont feel like that was fair
|c|☆girlboss for hire|but hey a win is a win
