|raw|<div class="broadcast-blue"><strong>This battle is required to be public due to a player having a name starting with 'uult91w'.</div>
|j|☆UULT91w Adaam
|j|☆uu12m beomgyu
|t:|1652027360
|gametype|singles
|player|p1|UULT91w Adaam|102|1616
|player|p2|uu12m beomgyu|preschooler|1521
|teamsize|p1|6
|teamsize|p2|6
|gen|8
|tier|[Gen 8] UU
|rated|
|rule|Sleep Clause Mod: Limit one foe put to sleep
|rule|Species Clause: Limit one of each Pokémon
|rule|OHKO Clause: OHKO moves are banned
|rule|Evasion Moves Clause: Evasion moves are banned
|rule|Endless Battle Clause: Forcing endless battles is banned
|rule|HP Percentage Mod: HP is shown in percentages
|rule|Dynamax Clause: You cannot dynamax
|clearpoke
|poke|p1|Salamence, M|
|poke|p1|Magneton|
|poke|p1|Diggersby, M|
|poke|p1|Zarude-Dada|
|poke|p1|Slowking, F|
|poke|p1|Cobalion|
|poke|p2|Primarina, F|
|poke|p2|Aegislash, F|
|poke|p2|Cobalion|
|poke|p2|Amoonguss, M|
|poke|p2|Zygarde-10%|
|poke|p2|Salamence, M|
|teampreview
|j| Juno
|j| Opela
|j| UULT91W bulufan
|j| shook and book
|l| shook and book
|inactive|Battle timer is ON: inactive players will automatically lose when time's up. (requested by UULT91w Adaam)
|j| UULT91W ASK
|
|t:|1652027386
|start
|switch|p1a: Slowking|Slowking, F|100/100
|switch|p2a: Amoonguss|Amoonguss, M|100/100
|turn|1
|
|t:|1652027401
|move|p2a: Amoonguss|Spore|p1a: Slowking
|-status|p1a: Slowking|slp|[from] move: Spore
|cant|p1a: Slowking|slp
|
|upkeep
|turn|2
|
|t:|1652027408
|switch|p2a: Cobalion|Cobalion|100/100
|switch|p1a: magnemite triple|Magneton|100/100
|
|upkeep
|turn|3
|
|t:|1652027415
|switch|p1a: Slowking|Slowking, F|100/100 slp
|move|p2a: Cobalion|Volt Switch|p1a: Slowking
|-supereffective|p1a: Slowking
|-damage|p1a: Slowking|79/100 slp
|-enditem|p1a: Slowking|Eject Button
|
|t:|1652027424
|switch|p1a: Diggersby|Diggersby, M|100/100
|
|upkeep
|turn|4
|
|t:|1652027430
|switch|p2a: Amoonguss|Amoonguss, M|100/100
|move|p1a: Diggersby|Earthquake|p2a: Amoonguss
|-damage|p2a: Amoonguss|52/100
|
|upkeep
|turn|5
|j| Quartos
|
|t:|1652027446
|switch|p1a: Slowking|Slowking, F|100/100 slp
|move|p2a: Amoonguss|Synthesis|p2a: Amoonguss
|-heal|p2a: Amoonguss|100/100
|
|upkeep
|turn|6
|
|t:|1652027457
|switch|p2a: Cobalion|Cobalion|100/100
|cant|p1a: Slowking|slp
|
|upkeep
|turn|7
|
|t:|1652027460
|move|p2a: Cobalion|Stealth Rock|p1a: Slowking
|-sidestart|p1: UULT91w Adaam|move: Stealth Rock
|cant|p1a: Slowking|slp
|
|upkeep
|turn|8
|l| Quartos
|
|t:|1652027464
|move|p2a: Cobalion|Volt Switch|p1a: Slowking
|-supereffective|p1a: Slowking
|-damage|p1a: Slowking|80/100 slp
|
|t:|1652027466
|switch|p2a: Amoonguss|Amoonguss, M|100/100|[from]move: Volt Switch
|-curestatus|p1a: Slowking|slp|[msg]
|move|p1a: Slowking|Scald|p2a: Amoonguss
|-resisted|p2a: Amoonguss
|-damage|p2a: Amoonguss|88/100
|
|upkeep
|turn|9
|
|t:|1652027477
|move|p2a: Amoonguss|Spore|p1a: Slowking
|-status|p1a: Slowking|slp|[from] move: Spore
|cant|p1a: Slowking|slp
|
|upkeep
|turn|10
|j| instant throw
|
|t:|1652027495
|switch|p2a: Aegislash|Aegislash, F|100/100
|-curestatus|p1a: Slowking|slp|[msg]
|move|p1a: Slowking|Teleport|p1a: Slowking
|
|t:|1652027508
|switch|p1a: Zarude|Zarude-Dada|100/100|[from]move: Teleport
|
|upkeep
|turn|11
|
|t:|1652027513
|move|p2a: Aegislash|King's Shield|p2a: Aegislash
|-singleturn|p2a: Aegislash|Protect
|move|p1a: Zarude|U-turn|p2a: Aegislash
|-activate|p2a: Aegislash|move: Protect
|-unboost|p1a: Zarude|atk|1
|
|upkeep
|turn|12
|
|t:|1652027519
|move|p1a: Zarude|Darkest Lariat|p2a: Aegislash
|-supereffective|p2a: Aegislash
|-damage|p2a: Aegislash|57/100
|-formechange|p2a: Aegislash|Aegislash-Blade||[from] ability: Stance Change
|move|p2a: Aegislash|Close Combat|p1a: Zarude
|-supereffective|p1a: Zarude
|-damage|p1a: Zarude|32/100
|-unboost|p2a: Aegislash|def|1
|-unboost|p2a: Aegislash|spd|1
|
|-heal|p2a: Aegislash|63/100|[from] item: Leftovers
|upkeep
|turn|13
|
|t:|1652027529
|switch|p2a: Cobalion|Cobalion|100/100
|move|p1a: Zarude|Jungle Healing|p1a: Zarude
|-heal|p1a: Zarude|57/100
|
|upkeep
|turn|14
|j| career ended
|
|t:|1652027539
|switch|p1a: Diggersby|Diggersby, M|100/100
|-damage|p1a: Diggersby|94/100|[from] Stealth Rock
|move|p2a: Cobalion|Volt Switch|p1a: Diggersby
|-immune|p1a: Diggersby
|
|upkeep
|turn|15
|
|t:|1652027548
|switch|p2a: Amoonguss|Amoonguss, M|100/100
|move|p1a: Diggersby|U-turn|p2a: Amoonguss
|-damage|p2a: Amoonguss|79/100
|-damage|p1a: Diggersby|78/100|[from] item: Rocky Helmet|[of] p2a: Amoonguss
|
|t:|1652027550
|switch|p1a: Cobalion|Cobalion|100/100|[from]move: U-turn
|-damage|p1a: Cobalion|97/100|[from] Stealth Rock
|
|upkeep
|turn|16
|
|t:|1652027558
|switch|p2a: Aegislash|Aegislash, F|63/100
|move|p1a: Cobalion|Stealth Rock|p2a: Aegislash
|-sidestart|p2: uu12m beomgyu|move: Stealth Rock
|
|-heal|p2a: Aegislash|70/100|[from] item: Leftovers
|upkeep
|turn|17
|
|t:|1652027574
|move|p2a: Aegislash|King's Shield|p2a: Aegislash
|-singleturn|p2a: Aegislash|Protect
|move|p1a: Cobalion|Volt Switch|p2a: Aegislash
|-activate|p2a: Aegislash|move: Protect
|
|-heal|p2a: Aegislash|76/100|[from] item: Leftovers
|upkeep
|turn|18
|
|t:|1652027578
|move|p1a: Cobalion|Volt Switch|p2a: Aegislash
|-damage|p2a: Aegislash|67/100
|
|t:|1652027595
|switch|p1a: magnemite triple|Magneton|100/100|[from]move: Volt Switch
|-damage|p1a: magnemite triple|94/100|[from] Stealth Rock
|move|p2a: Aegislash|Toxic|p1a: magnemite triple
|-immune|p1a: magnemite triple
|
|-heal|p2a: Aegislash|73/100|[from] item: Leftovers
|upkeep
|turn|19
|
|t:|1652027613
|switch|p1a: joey salami|Salamence, M|100/100
|move|p2a: Aegislash|King's Shield||[still]
|-fail|p2a: Aegislash
|
|-heal|p2a: Aegislash|80/100|[from] item: Leftovers
|upkeep
|turn|20
|
|t:|1652027618
|move|p1a: joey salami|Earthquake|p2a: Aegislash
|-supereffective|p2a: Aegislash
|-damage|p2a: Aegislash|20/100
|move|p2a: Aegislash|Toxic|p1a: joey salami
|-status|p1a: joey salami|tox
|
|-heal|p2a: Aegislash|26/100|[from] item: Leftovers
|-damage|p1a: joey salami|94/100 tox|[from] psn
|upkeep
|turn|21
|
|t:|1652027636
|switch|p2a: Primarina|Primarina, F|100/100
|-damage|p2a: Primarina|88/100|[from] Stealth Rock
|move|p1a: joey salami|Dragon Dance|p1a: joey salami
|-boost|p1a: joey salami|atk|1
|-boost|p1a: joey salami|spe|1
|
|-heal|p2a: Primarina|94/100|[from] item: Leftovers
|-damage|p1a: joey salami|82/100 tox|[from] psn
|upkeep
|turn|22
|l|uult91wbulufan
|j|+Mengy ㋛
|
|t:|1652027665
|move|p1a: joey salami|Dual Wingbeat|p2a: Primarina
|-damage|p2a: Primarina|59/100
|-damage|p2a: Primarina|20/100
|-hitcount|p2a: Primarina|2
|move|p2a: Primarina|Moonblast|p1a: joey salami
|-supereffective|p1a: joey salami
|-damage|p1a: joey salami|0 fnt
|faint|p1a: joey salami
|
|-heal|p2a: Primarina|26/100|[from] item: Leftovers
|upkeep
|
|t:|1652027682
|switch|p1a: magnemite triple|Magneton|94/100
|-damage|p1a: magnemite triple|88/100|[from] Stealth Rock
|turn|23
|inactive|uu12m beomgyu has 120 seconds left.
|
|t:|1652027710
|move|p2a: Primarina|Protect|p2a: Primarina
|-singleturn|p2a: Primarina|Protect
|move|p1a: magnemite triple|Flash Cannon|p2a: Primarina
|-activate|p2a: Primarina|move: Protect
|
|-heal|p2a: Primarina|32/100|[from] item: Leftovers
|upkeep
|turn|24
|inactive|uu12m beomgyu has 120 seconds left.
|
|t:|1652027720
|switch|p2a: Cobalion|Cobalion|100/100
|-damage|p2a: Cobalion|97/100|[from] Stealth Rock
|move|p1a: magnemite triple|Flash Cannon|p2a: Cobalion
|-resisted|p2a: Cobalion
|-damage|p2a: Cobalion|50/100
|
|upkeep
|turn|25
|
|t:|1652027727
|switch|p1a: Slowking|Slowking, F|100/100
|-damage|p1a: Slowking|88/100|[from] Stealth Rock
|move|p2a: Cobalion|Volt Switch|p1a: Slowking
|-supereffective|p1a: Slowking
|-damage|p1a: Slowking|68/100
|inactive|uu12m beomgyu has 120 seconds left.
|
|t:|1652027741
|switch|p2a: Aegislash|Aegislash, F|26/100|[from]move: Volt Switch
|-damage|p2a: Aegislash|20/100|[from] Stealth Rock
|
|-heal|p2a: Aegislash|26/100|[from] item: Leftovers
|upkeep
|turn|26
|
|t:|1652027750
|switch|p1a: Cobalion|Cobalion|97/100
|-damage|p1a: Cobalion|94/100|[from] Stealth Rock
|move|p2a: Aegislash|Toxic|p1a: Cobalion
|-immune|p1a: Cobalion
|
|-heal|p2a: Aegislash|33/100|[from] item: Leftovers
|upkeep
|turn|27
|
|t:|1652027760
|switch|p1a: Diggersby|Diggersby, M|78/100
|-damage|p1a: Diggersby|72/100|[from] Stealth Rock
|move|p2a: Aegislash|King's Shield||[still]
|-fail|p2a: Aegislash
|
|-heal|p2a: Aegislash|39/100|[from] item: Leftovers
|upkeep
|turn|28
|
|t:|1652027763
|move|p2a: Aegislash|King's Shield|p2a: Aegislash
|-singleturn|p2a: Aegislash|Protect
|move|p1a: Diggersby|Knock Off|p2a: Aegislash
|-activate|p2a: Aegislash|move: Protect
|-unboost|p1a: Diggersby|atk|1
|
|-heal|p2a: Aegislash|45/100|[from] item: Leftovers
|upkeep
|turn|29
|
|t:|1652027778
|switch|p1a: Slowking|Slowking, F|100/100
|-damage|p1a: Slowking|88/100|[from] Stealth Rock
|switch|p2a: Amoonguss|Amoonguss, M|100/100
|-damage|p2a: Amoonguss|88/100|[from] Stealth Rock
|
|upkeep
|turn|30
|
|t:|1652027788
|switch|p1a: Cobalion|Cobalion|94/100
|-damage|p1a: Cobalion|91/100|[from] Stealth Rock
|move|p2a: Amoonguss|Spore|p1a: Cobalion
|-status|p1a: Cobalion|slp|[from] move: Spore
|
|upkeep
|turn|31
|
|t:|1652027797
|switch|p1a: magnemite triple|Magneton|88/100
|-damage|p1a: magnemite triple|82/100|[from] Stealth Rock
|move|p2a: Amoonguss|Sludge Bomb|p1a: magnemite triple
|-immune|p1a: magnemite triple
|
|upkeep
|turn|32
|
|t:|1652027803
|move|p1a: magnemite triple|Flash Cannon|p2a: Amoonguss
|-damage|p2a: Amoonguss|32/100
|move|p2a: Amoonguss|Foul Play|p1a: magnemite triple
|-damage|p1a: magnemite triple|65/100
|
|upkeep
|turn|33
|
|t:|1652027812
|switch|p2a: Primarina|Primarina, F|32/100
|-damage|p2a: Primarina|20/100|[from] Stealth Rock
|move|p1a: magnemite triple|Flash Cannon|p2a: Primarina
|-damage|p2a: Primarina|0 fnt
|faint|p2a: Primarina
|
|upkeep
|
|t:|1652027813
|switch|p2a: Zygarde|Zygarde-10%|100/100
|-damage|p2a: Zygarde|94/100|[from] Stealth Rock
|-ability|p2a: Zygarde|Aura Break
|turn|34
|
|t:|1652027817
|switch|p1a: Slowking|Slowking, F|100/100
|-damage|p1a: Slowking|88/100|[from] Stealth Rock
|move|p2a: Zygarde|Thousand Arrows|p1a: Slowking
|-damage|p1a: Slowking|39/100
|
|upkeep
|turn|35
|
|t:|1652027823
|switch|p1a: Zarude|Zarude-Dada|57/100
|move|p2a: Zygarde|Thousand Arrows|p1a: Zarude
|-resisted|p1a: Zarude
|-damage|p1a: Zarude|32/100
|
|upkeep
|turn|36
|
|t:|1652027832
|move|p2a: Zygarde|Thousand Arrows|p1a: Zarude
|-resisted|p1a: Zarude
|-damage|p1a: Zarude|6/100
|move|p1a: Zarude|Jungle Healing|p1a: Zarude
|-heal|p1a: Zarude|32/100
|
|upkeep
|turn|37
|
|t:|1652027858
|switch|p2a: Cobalion|Cobalion|50/100
|-damage|p2a: Cobalion|47/100|[from] Stealth Rock
|move|p1a: Zarude|Jungle Healing|p1a: Zarude
|-heal|p1a: Zarude|57/100
|
|upkeep
|turn|38
|
|t:|1652027869
|switch|p1a: Slowking|Slowking, F|72/100
|-damage|p1a: Slowking|59/100|[from] Stealth Rock
|move|p2a: Cobalion|Close Combat|p1a: Slowking
|-resisted|p1a: Slowking
|-damage|p1a: Slowking|40/100
|-unboost|p2a: Cobalion|def|1
|-unboost|p2a: Cobalion|spd|1
|
|upkeep
|turn|39
|
|t:|1652027876
|switch|p1a: Diggersby|Diggersby, M|72/100
|-damage|p1a: Diggersby|66/100|[from] Stealth Rock
|move|p2a: Cobalion|Volt Switch|p1a: Diggersby
|-immune|p1a: Diggersby
|
|upkeep
|turn|40
|
|t:|1652027905
|switch|p2a: Salamence|Salamence, M|100/100
|-ability|p2a: Salamence|Intimidate|boost
|-unboost|p1a: Diggersby|atk|1
|move|p1a: Diggersby|Earthquake|p2a: Salamence
|-immune|p2a: Salamence
|
|upkeep
|turn|41
|
|t:|1652027916
|switch|p1a: Slowking|Slowking, F|73/100
|-damage|p1a: Slowking|60/100|[from] Stealth Rock
|move|p2a: Salamence|Hurricane|p1a: Slowking
|-damage|p1a: Slowking|32/100
|
|upkeep
|turn|42
|
|t:|1652027926
|switch|p2a: Aegislash|Aegislash, F|45/100
|-damage|p2a: Aegislash|39/100|[from] Stealth Rock
|move|p1a: Slowking|Slack Off|p1a: Slowking
|-heal|p1a: Slowking|82/100
|
|-heal|p2a: Aegislash|45/100|[from] item: Leftovers
|upkeep
|turn|43
|
|t:|1652027937
|move|p2a: Aegislash|Toxic|p1a: Slowking
|-status|p1a: Slowking|tox
|move|p1a: Slowking|Scald|p2a: Aegislash
|-damage|p2a: Aegislash|24/100
|
|-heal|p2a: Aegislash|30/100|[from] item: Leftovers
|-damage|p1a: Slowking|76/100 tox|[from] psn
|upkeep
|turn|44
|
|t:|1652027947
|switch|p2a: Salamence|Salamence, M|100/100
|-ability|p2a: Salamence|Intimidate|boost
|-unboost|p1a: Slowking|atk|1
|switch|p1a: Zarude|Zarude-Dada|57/100
|
|upkeep
|turn|45
|
|t:|1652027950
|move|p1a: Zarude|U-turn|p2a: Salamence
|-resisted|p2a: Salamence
|-damage|p2a: Salamence|90/100
|
|t:|1652027953
|switch|p1a: Slowking|Slowking, F|100/100 tox|[from]move: U-turn
|-damage|p1a: Slowking|88/100 tox|[from] Stealth Rock
|move|p2a: Salamence|Hurricane|p1a: Slowking|[miss]
|-miss|p2a: Salamence|p1a: Slowking
|
|-damage|p1a: Slowking|82/100 tox|[from] psn
|upkeep
|turn|46
|
|t:|1652027962
|move|p2a: Salamence|Hurricane|p1a: Slowking|[miss]
|-miss|p2a: Salamence|p1a: Slowking
|move|p1a: Slowking|Dragon Tail|p2a: Salamence
|-supereffective|p2a: Salamence
|-damage|p2a: Salamence|71/100
|drag|p2a: Amoonguss|Amoonguss, M|65/100
|-damage|p2a: Amoonguss|52/100|[from] Stealth Rock
|
|-damage|p1a: Slowking|70/100 tox|[from] psn
|upkeep
|turn|47
|
|t:|1652027981
|switch|p2a: Salamence|Salamence, M|71/100
|-ability|p2a: Salamence|Intimidate|boost
|-unboost|p1a: Slowking|atk|1
|switch|p1a: magnemite triple|Magneton|65/100
|-damage|p1a: magnemite triple|59/100|[from] Stealth Rock
|
|upkeep
|turn|48
|
|t:|1652027986
|switch|p1a: Slowking|Slowking, F|100/100 tox
|-damage|p1a: Slowking|88/100 tox|[from] Stealth Rock
|move|p2a: Salamence|Flamethrower|p1a: Slowking
|-resisted|p1a: Slowking
|-damage|p1a: Slowking|80/100 tox
|
|-damage|p1a: Slowking|74/100 tox|[from] psn
|upkeep
|turn|49
|
|t:|1652027991
|move|p2a: Salamence|Roost|p2a: Salamence
|-heal|p2a: Salamence|100/100
|-singleturn|p2a: Salamence|move: Roost
|move|p1a: Slowking|Teleport|p1a: Slowking
|
|t:|1652027993
|switch|p1a: Diggersby|Diggersby, M|66/100|[from]move: Teleport
|-damage|p1a: Diggersby|60/100|[from] Stealth Rock
|
|upkeep
|turn|50
|
|t:|1652028001
|move|p1a: Diggersby|Body Slam|p2a: Salamence
|-damage|p2a: Salamence|38/100
|move|p2a: Salamence|Hurricane|p1a: Diggersby
|-damage|p1a: Diggersby|4/100
|-start|p1a: Diggersby|confusion
|
|upkeep
|turn|51
|
|t:|1652028012
|switch|p1a: magnemite triple|Magneton|59/100
|-damage|p1a: magnemite triple|53/100|[from] Stealth Rock
|switch|p2a: Cobalion|Cobalion|47/100
|-damage|p2a: Cobalion|44/100|[from] Stealth Rock
|
|upkeep
|turn|52
|
|t:|1652028018
|switch|p1a: Slowking|Slowking, F|100/100 tox
|-damage|p1a: Slowking|88/100 tox|[from] Stealth Rock
|move|p2a: Cobalion|Close Combat|p1a: Slowking
|-resisted|p1a: Slowking
|-damage|p1a: Slowking|69/100 tox
|-unboost|p2a: Cobalion|def|1
|-unboost|p2a: Cobalion|spd|1
|
|-damage|p1a: Slowking|63/100 tox|[from] psn
|upkeep
|turn|53
|
|t:|1652028026
|move|p2a: Cobalion|Volt Switch|p1a: Slowking
|-supereffective|p1a: Slowking
|-damage|p1a: Slowking|45/100 tox
|
|t:|1652028028
|switch|p2a: Salamence|Salamence, M|38/100|[from]move: Volt Switch
|-ability|p2a: Salamence|Intimidate|boost
|-unboost|p1a: Slowking|atk|1
|move|p1a: Slowking|Teleport|p1a: Slowking
|
|t:|1652028032
|switch|p1a: Zarude|Zarude-Dada|57/100|[from]move: Teleport
|
|upkeep
|turn|54
|
|t:|1652028038
|switch|p2a: Cobalion|Cobalion|44/100
|-damage|p2a: Cobalion|40/100|[from] Stealth Rock
|move|p1a: Zarude|Jungle Healing|p1a: Zarude
|-heal|p1a: Zarude|82/100
|
|upkeep
|turn|55
|
|t:|1652028048
|switch|p1a: Slowking|Slowking, F|78/100 tox
|-damage|p1a: Slowking|65/100 tox|[from] Stealth Rock
|move|p2a: Cobalion|Close Combat|p1a: Slowking
|-resisted|p1a: Slowking
|-damage|p1a: Slowking|47/100 tox
|-unboost|p2a: Cobalion|def|1
|-unboost|p2a: Cobalion|spd|1
|
|-damage|p1a: Slowking|41/100 tox|[from] psn
|upkeep
|turn|56
|
|t:|1652028055
|move|p2a: Cobalion|Volt Switch|p1a: Slowking
|-supereffective|p1a: Slowking
|-crit|p1a: Slowking
|-damage|p1a: Slowking|11/100 tox
|
|t:|1652028058
|switch|p2a: Salamence|Salamence, M|38/100|[from]move: Volt Switch
|-ability|p2a: Salamence|Intimidate|boost
|-unboost|p1a: Slowking|atk|1
|move|p1a: Slowking|Slack Off|p1a: Slowking
|-heal|p1a: Slowking|61/100 tox
|
|-damage|p1a: Slowking|48/100 tox|[from] psn
|upkeep
|turn|57
|
|t:|1652028063
|move|p2a: Salamence|Roost|p2a: Salamence
|-heal|p2a: Salamence|89/100
|-singleturn|p2a: Salamence|move: Roost
|move|p1a: Slowking|Dragon Tail|p2a: Salamence
|-supereffective|p2a: Salamence
|-damage|p2a: Salamence|76/100
|drag|p2a: Aegislash|Aegislash, F|30/100
|-damage|p2a: Aegislash|24/100|[from] Stealth Rock
|
|-heal|p2a: Aegislash|30/100|[from] item: Leftovers
|-damage|p1a: Slowking|30/100 tox|[from] psn
|upkeep
|turn|58
|
|t:|1652028075
|switch|p1a: Zarude|Zarude-Dada|82/100
|-formechange|p2a: Aegislash|Aegislash-Blade||[from] ability: Stance Change
|move|p2a: Aegislash|Close Combat|p1a: Zarude
|-supereffective|p1a: Zarude
|-damage|p1a: Zarude|14/100
|-unboost|p2a: Aegislash|def|1
|-unboost|p2a: Aegislash|spd|1
|
|-heal|p2a: Aegislash|37/100|[from] item: Leftovers
|upkeep
|turn|59
|
|t:|1652028088
|switch|p2a: Cobalion|Cobalion|40/100
|-damage|p2a: Cobalion|37/100|[from] Stealth Rock
|move|p1a: Zarude|Jungle Healing|p1a: Zarude
|-heal|p1a: Zarude|39/100
|
|upkeep
|turn|60
|
|t:|1652028094
|switch|p1a: Cobalion|Cobalion|91/100 slp
|-damage|p1a: Cobalion|88/100 slp|[from] Stealth Rock
|move|p2a: Cobalion|Close Combat|p1a: Cobalion
|-supereffective|p1a: Cobalion
|-damage|p1a: Cobalion|6/100 slp
|-unboost|p2a: Cobalion|def|1
|-unboost|p2a: Cobalion|spd|1
|-damage|p2a: Cobalion|21/100|[from] item: Rocky Helmet|[of] p1a: Cobalion
|
|upkeep
|turn|61
|
|t:|1652028097
|move|p2a: Cobalion|Volt Switch|p1a: Cobalion
|-damage|p1a: Cobalion|0 fnt
|faint|p1a: Cobalion
|-message|UULT91w Adaam forfeited.
|
|win|uu12m beomgyu
|raw|UULT91w Adaam's rating: 1616 &rarr; <strong>1591</strong><br />(-25 for losing)
|raw|uu12m beomgyu's rating: 1521 &rarr; <strong>1546</strong><br />(+25 for winning)
|l|☆UULT91w Adaam
|c|☆uu12m beomgyu|gg
|l| Juno
|l| instant throw
||Ladder isn't responding, score probably updated but might not have (Request timeout).
