|j|☆trintron
|j|☆Permission Slip
|t:|1657598823
|gametype|singles
|player|p1|trintron|102|1470
|player|p2|Permission Slip|clerkf|1412
|teamsize|p1|6
|teamsize|p2|6
|gen|8
|tier|[Gen 8] UU
|rated|
|rule|Sleep Clause Mod: Limit one foe put to sleep
|rule|Species Clause: Limit one of each Pokémon
|rule|OHKO Clause: OHKO moves are banned
|rule|Evasion Moves Clause: Evasion moves are banned
|rule|Endless Battle Clause: Forcing endless battles is banned
|rule|HP Percentage Mod: HP is shown in percentages
|rule|Dynamax Clause: You cannot dynamax
|clearpoke
|poke|p1|Gastrodon-East, F|
|poke|p1|Chandelure, M|
|poke|p1|Cobalion|
|poke|p1|Hydreigon, M|
|poke|p1|Mandibuzz, F|
|poke|p1|Amoonguss, M|
|poke|p2|Zarude|
|poke|p2|Moltres|
|poke|p2|Slowking, M|
|poke|p2|Zygarde-10%|
|poke|p2|Cobalion|
|poke|p2|Nihilego|
|teampreview
|
|t:|1657598836
|start
|switch|p1a: Cobalion|Cobalion|100/100
|switch|p2a: Slowking|Slowking, M|100/100
|turn|1
|
|t:|1657598840
|move|p1a: Cobalion|Volt Switch|p2a: Slowking
|-supereffective|p2a: Slowking
|-damage|p2a: Slowking|80/100
|
|t:|1657598843
|switch|p1a: Gastrodon|Gastrodon-East, F, shiny|100/100|[from]move: Volt Switch
|move|p2a: Slowking|Scald|p1a: Gastrodon
|-ability|p1a: Gastrodon|Storm Drain|boost
|-boost|p1a: Gastrodon|spa|1
|
|upkeep
|turn|2
|
|t:|1657598846
|move|p1a: Gastrodon|Scald|p2a: Slowking
|-resisted|p2a: Slowking
|-damage|p2a: Slowking|65/100
|move|p2a: Slowking|Teleport|p2a: Slowking
|
|t:|1657598850
|switch|p2a: Zarude|Zarude|100/100|[from]move: Teleport
|
|upkeep
|turn|3
|
|t:|1657598853
|switch|p1a: Amoonguss|Amoonguss, M|100/100
|move|p2a: Zarude|Power Whip|p1a: Amoonguss
|-resisted|p1a: Amoonguss
|-damage|p1a: Amoonguss|89/100
|-damage|p2a: Zarude|84/100|[from] item: Rocky Helmet|[of] p1a: Amoonguss
|
|upkeep
|turn|4
|
|t:|1657598869
|switch|p2a: Cobalion|Cobalion|100/100
|move|p1a: Amoonguss|Spore|p2a: Cobalion
|-status|p2a: Cobalion|slp|[from] move: Spore
|
|upkeep
|turn|5
|
|t:|1657598874
|switch|p1a: Chandelure|Chandelure, M, shiny|100/100
|cant|p2a: Cobalion|slp
|
|upkeep
|turn|6
|
|t:|1657598883
|switch|p2a: Nihilego|Nihilego|100/100
|move|p1a: Chandelure|Flamethrower|p2a: Nihilego
|-resisted|p2a: Nihilego
|-damage|p2a: Nihilego|79/100
|
|-heal|p2a: Nihilego|85/100|[from] item: Black Sludge
|upkeep
|turn|7
|
|t:|1657598887
|switch|p1a: Cobalion|Cobalion|100/100
|move|p2a: Nihilego|Stealth Rock|p1a: Cobalion
|-sidestart|p1: trintron|move: Stealth Rock
|
|-heal|p2a: Nihilego|91/100|[from] item: Black Sludge
|upkeep
|turn|8
|
|t:|1657598891
|switch|p2a: Slowking|Slowking, M|98/100
|move|p1a: Cobalion|Stealth Rock|p2a: Slowking
|-sidestart|p2: Permission Slip|move: Stealth Rock
|
|upkeep
|turn|9
|
|t:|1657598895
|move|p1a: Cobalion|Volt Switch|p2a: Slowking
|-supereffective|p2a: Slowking
|-damage|p2a: Slowking|78/100
|
|t:|1657598898
|switch|p1a: Gastrodon|Gastrodon-East, F, shiny|100/100|[from]move: Volt Switch
|move|p2a: Slowking|Future Sight|p1a: Gastrodon
|-start|p2a: Slowking|move: Future Sight
|
|upkeep
|turn|10
|
|t:|1657598901
|move|p1a: Gastrodon|Scald|p2a: Slowking
|-resisted|p2a: Slowking
|-damage|p2a: Slowking|68/100
|move|p2a: Slowking|Teleport|p2a: Slowking
|
|t:|1657598909
|switch|p2a: Zarude|Zarude|84/100|[from]move: Teleport
|
|upkeep
|turn|11
|
|t:|1657598912
|switch|p1a: Mandibuzz|Mandibuzz, F|100/100
|move|p2a: Zarude|U-turn|p1a: Mandibuzz
|-damage|p1a: Mandibuzz|86/100
|
|t:|1657598914
|switch|p2a: Nihilego|Nihilego|91/100|[from]move: U-turn
|-damage|p2a: Nihilego|79/100|[from] Stealth Rock
|
|-end|p1a: Mandibuzz|move: Future Sight
|-immune|p1a: Mandibuzz
|-heal|p2a: Nihilego|85/100|[from] item: Black Sludge
|upkeep
|turn|12
|
|t:|1657598927
|switch|p1a: Cobalion|Cobalion|100/100
|-damage|p1a: Cobalion|97/100|[from] Stealth Rock
|move|p2a: Nihilego|Knock Off|p1a: Cobalion
|-resisted|p1a: Cobalion
|-damage|p1a: Cobalion|92/100
|-damage|p2a: Nihilego|68/100|[from] item: Rocky Helmet|[of] p1a: Cobalion
|-ability|p1a: Cobalion|Justified|boost
|-boost|p1a: Cobalion|atk|1
|-enditem|p1a: Cobalion|Rocky Helmet|[from] move: Knock Off|[of] p2a: Nihilego
|
|-heal|p2a: Nihilego|74/100|[from] item: Black Sludge
|upkeep
|turn|13
|
|t:|1657598932
|switch|p2a: Slowking|Slowking, M|100/100
|-damage|p2a: Slowking|88/100|[from] Stealth Rock
|move|p1a: Cobalion|Iron Head|p2a: Slowking
|-resisted|p2a: Slowking
|-damage|p2a: Slowking|71/100
|
|upkeep
|turn|14
|
|t:|1657598938
|move|p1a: Cobalion|Volt Switch|p2a: Slowking
|-supereffective|p2a: Slowking
|-damage|p2a: Slowking|50/100
|
|t:|1657598942
|switch|p1a: Hydreigon|Hydreigon, M|100/100|[from]move: Volt Switch
|-damage|p1a: Hydreigon|88/100|[from] Stealth Rock
|move|p2a: Slowking|Future Sight|p1a: Hydreigon
|-start|p2a: Slowking|move: Future Sight
|
|upkeep
|turn|15
|
|t:|1657598954
|switch|p2a: Nihilego|Nihilego|74/100
|-damage|p2a: Nihilego|62/100|[from] Stealth Rock
|move|p1a: Hydreigon|U-turn|p2a: Nihilego
|-resisted|p2a: Nihilego
|-damage|p2a: Nihilego|48/100
|
|t:|1657598957
|switch|p1a: Cobalion|Cobalion|92/100|[from]move: U-turn
|-damage|p1a: Cobalion|89/100|[from] Stealth Rock
|
|-heal|p2a: Nihilego|54/100|[from] item: Black Sludge
|upkeep
|turn|16
|
|t:|1657598961
|move|p1a: Cobalion|Iron Head|p2a: Nihilego
|-supereffective|p2a: Nihilego
|-damage|p2a: Nihilego|0 fnt
|faint|p2a: Nihilego
|
|-end|p1a: Cobalion|move: Future Sight
|-damage|p1a: Cobalion|32/100
|upkeep
|
|t:|1657598964
|switch|p2a: Zygarde|Zygarde-10%|100/100
|-damage|p2a: Zygarde|94/100|[from] Stealth Rock
|-ability|p2a: Zygarde|Aura Break
|turn|17
|
|t:|1657598969
|switch|p1a: Gastrodon|Gastrodon-East, F, shiny|100/100
|move|p2a: Zygarde|Thousand Arrows|p1a: Gastrodon
|-damage|p1a: Gastrodon|54/100
|
|upkeep
|turn|18
|
|t:|1657598973
|switch|p2a: Zarude|Zarude|84/100
|move|p1a: Gastrodon|Recover|p1a: Gastrodon
|-heal|p1a: Gastrodon|100/100
|
|upkeep
|turn|19
|
|t:|1657598976
|switch|p1a: Amoonguss|Amoonguss, M|100/100
|-damage|p1a: Amoonguss|88/100|[from] Stealth Rock
|move|p2a: Zarude|Power Whip|p1a: Amoonguss
|-resisted|p1a: Amoonguss
|-damage|p1a: Amoonguss|76/100
|-damage|p2a: Zarude|67/100|[from] item: Rocky Helmet|[of] p1a: Amoonguss
|
|upkeep
|turn|20
|
|t:|1657598986
|switch|p2a: Cobalion|Cobalion|100/100 slp
|-damage|p2a: Cobalion|97/100 slp|[from] Stealth Rock
|switch|p1a: Cobalion|Cobalion|32/100
|-damage|p1a: Cobalion|29/100|[from] Stealth Rock
|
|upkeep
|turn|21
|
|t:|1657598990
|switch|p2a: Slowking|Slowking, M|84/100
|-damage|p2a: Slowking|71/100|[from] Stealth Rock
|move|p1a: Cobalion|Volt Switch|p2a: Slowking
|-supereffective|p2a: Slowking
|-damage|p2a: Slowking|49/100
|
|t:|1657598993
|switch|p1a: Hydreigon|Hydreigon, M|88/100|[from]move: Volt Switch
|-damage|p1a: Hydreigon|76/100|[from] Stealth Rock
|
|upkeep
|turn|22
|
|t:|1657598996
|move|p1a: Hydreigon|Draco Meteor|p2a: Slowking
|-damage|p2a: Slowking|0 fnt
|-unboost|p1a: Hydreigon|spa|2
|faint|p2a: Slowking
|
|upkeep
|
|t:|1657599001
|switch|p2a: Cobalion|Cobalion|97/100 slp
|-damage|p2a: Cobalion|94/100 slp|[from] Stealth Rock
|turn|23
|
|t:|1657599008
|switch|p1a: Gastrodon|Gastrodon-East, F, shiny|100/100
|cant|p2a: Cobalion|slp
|
|upkeep
|turn|24
|
|t:|1657599012
|switch|p2a: Zarude|Zarude|67/100
|move|p1a: Gastrodon|Scald|p2a: Zarude
|-resisted|p2a: Zarude
|-damage|p2a: Zarude|55/100
|
|upkeep
|turn|25
|
|t:|1657599015
|switch|p1a: Amoonguss|Amoonguss, M|100/100
|-damage|p1a: Amoonguss|88/100|[from] Stealth Rock
|move|p2a: Zarude|Jungle Healing|p2a: Zarude
|-heal|p2a: Zarude|80/100
|
|upkeep
|turn|26
|
|t:|1657599018
|switch|p2a: Cobalion|Cobalion|94/100 slp
|-damage|p2a: Cobalion|91/100 slp|[from] Stealth Rock
|move|p1a: Amoonguss|Sludge Bomb|p2a: Cobalion
|-immune|p2a: Cobalion
|
|upkeep
|turn|27
|
|t:|1657599026
|switch|p1a: Gastrodon|Gastrodon-East, F, shiny|100/100
|cant|p2a: Cobalion|slp
|
|upkeep
|turn|28
|
|t:|1657599029
|switch|p2a: Zarude|Zarude|80/100
|move|p1a: Gastrodon|Scald|p2a: Zarude
|-resisted|p2a: Zarude
|-damage|p2a: Zarude|67/100
|-status|p2a: Zarude|brn
|
|-damage|p2a: Zarude|61/100 brn|[from] brn
|upkeep
|turn|29
|
|t:|1657599033
|switch|p1a: Hydreigon|Hydreigon, M|76/100
|-damage|p1a: Hydreigon|64/100|[from] Stealth Rock
|move|p2a: Zarude|Jungle Healing|p2a: Zarude
|-heal|p2a: Zarude|87/100 brn
|-curestatus|p2a: Zarude|brn|[msg]
|
|upkeep
|turn|30
|
|t:|1657599037
|move|p1a: Hydreigon|U-turn|p2a: Zarude
|-supereffective|p2a: Zarude
|-damage|p2a: Zarude|34/100
|
|t:|1657599039
|switch|p1a: Amoonguss|Amoonguss, M|100/100|[from]move: U-turn
|-damage|p1a: Amoonguss|88/100|[from] Stealth Rock
|move|p2a: Zarude|U-turn|p1a: Amoonguss
|-damage|p1a: Amoonguss|71/100
|-damage|p2a: Zarude|18/100|[from] item: Rocky Helmet|[of] p1a: Amoonguss
|inactive|Battle timer is ON: inactive players will automatically lose when time's up. (requested by trintron)
|
|t:|1657599042
|switch|p2a: Cobalion|Cobalion|91/100 slp|[from]move: U-turn
|-damage|p2a: Cobalion|88/100 slp|[from] Stealth Rock
|
|upkeep
|turn|31
|
|t:|1657599047
|switch|p1a: Gastrodon|Gastrodon-East, F, shiny|100/100
|-curestatus|p2a: Cobalion|slp|[msg]
|move|p2a: Cobalion|Swords Dance|p2a: Cobalion
|-boost|p2a: Cobalion|atk|2
|
|upkeep
|turn|32
|
|t:|1657599055
|switch|p1a: Amoonguss|Amoonguss, M|100/100
|-damage|p1a: Amoonguss|88/100|[from] Stealth Rock
|move|p2a: Cobalion|Swords Dance|p2a: Cobalion
|-boost|p2a: Cobalion|atk|2
|
|upkeep
|turn|33
|
|t:|1657599058
|move|p2a: Cobalion|Stone Edge|p1a: Amoonguss
|-damage|p1a: Amoonguss|25/100
|move|p1a: Amoonguss|Foul Play|p2a: Cobalion
|-resisted|p2a: Cobalion
|-damage|p2a: Cobalion|57/100
|-damage|p1a: Amoonguss|8/100|[from] item: Rocky Helmet|[of] p2a: Cobalion
|-ability|p2a: Cobalion|Justified|boost
|-boost|p2a: Cobalion|atk|1
|
|upkeep
|turn|34
|
|t:|1657599065
|switch|p1a: Cobalion|Cobalion|29/100
|-damage|p1a: Cobalion|26/100|[from] Stealth Rock
|move|p2a: Cobalion|Stone Edge|p1a: Cobalion
|-resisted|p1a: Cobalion
|-damage|p1a: Cobalion|7/100
|
|upkeep
|turn|35
|
|t:|1657599068
|move|p2a: Cobalion|Close Combat|p1a: Cobalion
|-supereffective|p1a: Cobalion
|-damage|p1a: Cobalion|0 fnt
|-unboost|p2a: Cobalion|def|1
|-unboost|p2a: Cobalion|spd|1
|faint|p1a: Cobalion
|
|upkeep
|
|t:|1657599070
|switch|p1a: Hydreigon|Hydreigon, M|64/100
|-damage|p1a: Hydreigon|51/100|[from] Stealth Rock
|turn|36
|
|t:|1657599091
|switch|p2a: Moltres|Moltres|100/100
|move|p1a: Hydreigon|Draco Meteor|p2a: Moltres|[miss]
|-miss|p1a: Hydreigon|p2a: Moltres
|
|upkeep
|turn|37
|
|t:|1657599100
|switch|p1a: Chandelure|Chandelure, M, shiny|100/100
|switch|p2a: Zarude|Zarude|18/100
|
|upkeep
|turn|38
|
|t:|1657599111
|switch|p1a: Mandibuzz|Mandibuzz, F|86/100
|move|p2a: Zarude|Darkest Lariat|p1a: Mandibuzz
|-resisted|p1a: Mandibuzz
|-damage|p1a: Mandibuzz|73/100
|
|upkeep
|turn|39
|
|t:|1657599120
|switch|p2a: Moltres|Moltres|100/100
|move|p1a: Mandibuzz|U-turn|p2a: Moltres
|-resisted|p2a: Moltres
|-damage|p2a: Moltres|98/100
|-status|p1a: Mandibuzz|brn|[from] ability: Flame Body|[of] p2a: Moltres
|
|t:|1657599126
|switch|p1a: Gastrodon|Gastrodon-East, F, shiny|100/100|[from]move: U-turn
|
|upkeep
|turn|40
|
|t:|1657599129
|switch|p2a: Zarude|Zarude|18/100
|move|p1a: Gastrodon|Ice Beam|p2a: Zarude
|-supereffective|p2a: Zarude
|-damage|p2a: Zarude|0 fnt
|faint|p2a: Zarude
|
|upkeep
|
|t:|1657599135
|switch|p2a: Moltres|Moltres|98/100
|turn|41
|
|t:|1657599145
|switch|p1a: Mandibuzz|Mandibuzz, F|73/100 brn
|move|p2a: Moltres|Hurricane|p1a: Mandibuzz
|-damage|p1a: Mandibuzz|30/100 brn
|
|-damage|p1a: Mandibuzz|24/100 brn|[from] brn
|upkeep
|turn|42
|
|t:|1657599149
|move|p2a: Moltres|Hurricane|p1a: Mandibuzz
|-crit|p1a: Mandibuzz
|-damage|p1a: Mandibuzz|0 fnt
|faint|p1a: Mandibuzz
|
|upkeep
|
|t:|1657599158
|switch|p1a: Gastrodon|Gastrodon-East, F, shiny|100/100
|turn|43
|
|t:|1657599161
|move|p2a: Moltres|Hurricane|p1a: Gastrodon
|-damage|p1a: Gastrodon|50/100
|move|p1a: Gastrodon|Scald|p2a: Moltres
|-supereffective|p2a: Moltres
|-damage|p2a: Moltres|39/100
|
|upkeep
|turn|44
|
|t:|1657599167
|move|p2a: Moltres|Hurricane|p1a: Gastrodon|[miss]
|-miss|p2a: Moltres|p1a: Gastrodon
|move|p1a: Gastrodon|Recover|p1a: Gastrodon
|-heal|p1a: Gastrodon|100/100
|
|upkeep
|turn|45
|
|t:|1657599170
|move|p2a: Moltres|Hurricane|p1a: Gastrodon
|-damage|p1a: Gastrodon|50/100
|move|p1a: Gastrodon|Scald|p2a: Moltres
|-supereffective|p2a: Moltres
|-damage|p2a: Moltres|0 fnt
|faint|p2a: Moltres
|
|upkeep
|
|t:|1657599173
|switch|p2a: Zygarde|Zygarde-10%|94/100
|-damage|p2a: Zygarde|88/100|[from] Stealth Rock
|-ability|p2a: Zygarde|Aura Break
|turn|46
|inactive|trintron has 120 seconds left.
|
|t:|1657599230
|move|p2a: Zygarde|Thousand Arrows|p1a: Gastrodon
|-crit|p1a: Gastrodon
|-damage|p1a: Gastrodon|0 fnt
|faint|p1a: Gastrodon
|
|upkeep
|c|☆trintron|bro
|c|☆trintron|XD
|inactive|trintron has 90 seconds left.
|c|☆trintron|6.2% rol
|c|☆trintron|gets the 6.5 crit
|c|☆trintron|not mad, but hilarious non the lses
|
|t:|1657599261
|switch|p1a: Hydreigon|Hydreigon, M|51/100
|-damage|p1a: Hydreigon|39/100|[from] Stealth Rock
|turn|47
|c|☆Permission Slip|better odds if you think about it xd
|
|t:|1657599272
|switch|p2a: Cobalion|Cobalion|57/100
|-damage|p2a: Cobalion|54/100|[from] Stealth Rock
|move|p1a: Hydreigon|Draco Meteor|p2a: Cobalion|[miss]
|-miss|p1a: Hydreigon|p2a: Cobalion
|
|upkeep
|turn|48
|c|☆trintron|yo
|
|t:|1657599282
|switch|p1a: Amoonguss|Amoonguss, M|42/100
|-damage|p1a: Amoonguss|29/100|[from] Stealth Rock
|move|p2a: Cobalion|Close Combat|p1a: Amoonguss
|-resisted|p1a: Amoonguss
|-damage|p1a: Amoonguss|10/100
|-unboost|p2a: Cobalion|def|1
|-unboost|p2a: Cobalion|spd|1
|-damage|p2a: Cobalion|38/100|[from] item: Rocky Helmet|[of] p1a: Amoonguss
|
|upkeep
|turn|49
|
|t:|1657599289
|switch|p1a: Chandelure|Chandelure, M, shiny|100/100
|move|p2a: Cobalion|Stone Edge|p1a: Chandelure
|-supereffective|p1a: Chandelure
|-damage|p1a: Chandelure|25/100
|
|upkeep
|turn|50
|
|t:|1657599317
|switch|p1a: Amoonguss|Amoonguss, M|43/100
|-damage|p1a: Amoonguss|31/100|[from] Stealth Rock
|move|p2a: Cobalion|Stone Edge|p1a: Amoonguss
|-damage|p1a: Amoonguss|8/100
|
|upkeep
|turn|51
|
|t:|1657599322
|move|p2a: Cobalion|Megahorn|p1a: Amoonguss|[miss]
|-miss|p2a: Cobalion|p1a: Amoonguss
|move|p1a: Amoonguss|Spore|p2a: Cobalion
|-status|p2a: Cobalion|slp|[from] move: Spore
|
|upkeep
|turn|52
|inactive|trintron has 90 seconds left.
|
|t:|1657599346
|switch|p2a: Zygarde|Zygarde-10%|88/100
|-damage|p2a: Zygarde|82/100|[from] Stealth Rock
|-ability|p2a: Zygarde|Aura Break
|move|p1a: Amoonguss|Foul Play|p2a: Zygarde
|-damage|p2a: Zygarde|28/100
|
|upkeep
|turn|53
|
|t:|1657599353
|move|p2a: Zygarde|Thousand Arrows|p1a: Amoonguss
|-damage|p1a: Amoonguss|0 fnt
|faint|p1a: Amoonguss
|
|upkeep
|
|t:|1657599355
|switch|p1a: Hydreigon|Hydreigon, M|39/100
|-damage|p1a: Hydreigon|27/100|[from] Stealth Rock
|turn|54
|
|t:|1657599360
|switch|p2a: Cobalion|Cobalion|38/100 slp
|-damage|p2a: Cobalion|35/100 slp|[from] Stealth Rock
|move|p1a: Hydreigon|Dark Pulse|p2a: Cobalion
|-resisted|p2a: Cobalion
|-damage|p2a: Cobalion|5/100 slp
|-ability|p2a: Cobalion|Justified|boost
|-boost|p2a: Cobalion|atk|1
|
|upkeep
|turn|55
|
|t:|1657599365
|move|p1a: Hydreigon|Dark Pulse|p2a: Cobalion
|-resisted|p2a: Cobalion
|-damage|p2a: Cobalion|0 fnt
|faint|p2a: Cobalion
|
|upkeep
|
|t:|1657599367
|switch|p2a: Zygarde|Zygarde-10%|28/100
|-damage|p2a: Zygarde|22/100|[from] Stealth Rock
|-ability|p2a: Zygarde|Aura Break
|turn|56
|
|t:|1657599373
|move|p2a: Zygarde|Extreme Speed|p1a: Hydreigon
|-damage|p1a: Hydreigon|0 fnt
|faint|p1a: Hydreigon
|
|upkeep
|
|t:|1657599374
|switch|p1a: Chandelure|Chandelure, M, shiny|25/100
|turn|57
|
|t:|1657599376
|move|p2a: Zygarde|Extreme Speed|p1a: Chandelure
|-immune|p1a: Chandelure
|move|p1a: Chandelure|Hex|p2a: Zygarde
|-damage|p2a: Zygarde|0 fnt
|faint|p2a: Zygarde
|
|win|trintron
|raw|trintron's rating: 1470 &rarr; <strong>1487</strong><br />(+17 for winning)
|raw|Permission Slip's rating: 1412 &rarr; <strong>1395</strong><br />(-17 for losing)
|c|☆trintron|g
|c|☆Permission Slip|gg
|c|☆trintron|gg
|l|☆Permission Slip
||Ladder isn't responding, score probably updated but might not have (Request timeout).
