|j|☆oimp
|j|☆Tempest brute
|t:|1666292794
|gametype|singles
|player|p1|oimp|hugh|
|player|p2|Tempest brute|265|
|teamsize|p1|6
|teamsize|p2|6
|gen|8
|tier|[Gen 8] UU
|rated|Tournament battle
|rule|Sleep Clause Mod: Limit one foe put to sleep
|rule|Species Clause: Limit one of each Pokémon
|rule|OHKO Clause: OHKO moves are banned
|rule|Evasion Items Clause: Evasion items are banned
|rule|Evasion Moves Clause: Evasion moves are banned
|rule|Endless Battle Clause: Forcing endless battles is banned
|rule|HP Percentage Mod: HP is shown in percentages
|rule|Dynamax Clause: You cannot dynamax
|clearpoke
|poke|p1|Regice|
|poke|p1|Chandelure, M|
|poke|p1|Gyarados, F|
|poke|p1|Krookodile, M|
|poke|p1|Rotom-Heat|
|poke|p1|Skarmory, M|
|poke|p2|Skarmory, F|
|poke|p2|Hydreigon, M|
|poke|p2|Primarina, F|
|poke|p2|Cresselia, F|
|poke|p2|Keldeo-Resolute|
|poke|p2|Thundurus-Therian, M|
|teampreview
|c|☆Tempest brute|cool team
|j| Sypharius
|inactive|Battle timer is ON: inactive players will automatically lose when time's up. (requested by oimp)
|c|☆oimp|ty
|
|t:|1666292812
|start
|switch|p1a: Chandelure|Chandelure, M|100/100
|switch|p2a: Thundurus|Thundurus-Therian, M|100/100
|turn|1
|c|☆oimp|you're is very interesting
|c|☆oimp|glhf
|
|t:|1666292823
|switch|p2a: Hydreigon|Hydreigon, M|100/100
|move|p1a: Chandelure|Fire Blast|p2a: Hydreigon
|-resisted|p2a: Hydreigon
|-damage|p2a: Hydreigon|69/100
|
|-heal|p2a: Hydreigon|75/100|[from] item: Leftovers
|upkeep
|turn|2
|c|☆Tempest brute|what is so interesting about it'
|j| StickerBrush Symph
|
|t:|1666292834
|switch|p1a: Regice|Regice|100/100
|move|p2a: Hydreigon|Thunder Wave|p1a: Regice
|-status|p1a: Regice|par
|
|-heal|p2a: Hydreigon|81/100|[from] item: Leftovers
|upkeep
|turn|3
|l| StickerBrush Symph
|j| broute minou
|c|☆oimp|the cresselia
|
|t:|1666292847
|move|p2a: Hydreigon|Nasty Plot|p2a: Hydreigon
|-boost|p2a: Hydreigon|spa|2
|move|p1a: Regice|Sleep Talk||[still]
|-fail|p1a: Regice
|
|-heal|p2a: Hydreigon|88/100|[from] item: Leftovers
|upkeep
|turn|4
|c|☆Tempest brute|i guess
|
|t:|1666292857
|move|p2a: Hydreigon|Nasty Plot|p2a: Hydreigon
|-boost|p2a: Hydreigon|spa|2
|move|p1a: Regice|Ice Beam|p2a: Hydreigon
|-supereffective|p2a: Hydreigon
|-damage|p2a: Hydreigon|40/100
|
|-heal|p2a: Hydreigon|46/100|[from] item: Leftovers
|upkeep
|turn|5
|c|☆oimp|oh didnt mean to sleep talk
|
|t:|1666292868
|move|p2a: Hydreigon|Roost|p2a: Hydreigon
|-heal|p2a: Hydreigon|96/100
|-singleturn|p2a: Hydreigon|move: Roost
|move|p1a: Regice|Ice Beam|p2a: Hydreigon
|-supereffective|p2a: Hydreigon
|-damage|p2a: Hydreigon|47/100
|
|-heal|p2a: Hydreigon|54/100|[from] item: Leftovers
|upkeep
|turn|6
|
|t:|1666292875
|move|p2a: Hydreigon|Roost|p2a: Hydreigon
|-heal|p2a: Hydreigon|100/100
|-singleturn|p2a: Hydreigon|move: Roost
|move|p1a: Regice|Ice Beam|p2a: Hydreigon
|-supereffective|p2a: Hydreigon
|-damage|p2a: Hydreigon|55/100
|
|-heal|p2a: Hydreigon|61/100|[from] item: Leftovers
|upkeep
|turn|7
|
|t:|1666292880
|move|p2a: Hydreigon|Roost|p2a: Hydreigon
|-heal|p2a: Hydreigon|100/100
|-singleturn|p2a: Hydreigon|move: Roost
|move|p1a: Regice|Ice Beam|p2a: Hydreigon
|-supereffective|p2a: Hydreigon
|-damage|p2a: Hydreigon|59/100
|
|-heal|p2a: Hydreigon|65/100|[from] item: Leftovers
|upkeep
|turn|8
|
|t:|1666292886
|move|p2a: Hydreigon|Roost|p2a: Hydreigon
|-heal|p2a: Hydreigon|100/100
|-singleturn|p2a: Hydreigon|move: Roost
|move|p1a: Regice|Ice Beam|p2a: Hydreigon
|-supereffective|p2a: Hydreigon
|-damage|p2a: Hydreigon|57/100
|
|-heal|p2a: Hydreigon|63/100|[from] item: Leftovers
|upkeep
|turn|9
|
|t:|1666292892
|move|p2a: Hydreigon|Roost|p2a: Hydreigon
|-heal|p2a: Hydreigon|100/100
|-singleturn|p2a: Hydreigon|move: Roost
|move|p1a: Regice|Ice Beam|p2a: Hydreigon
|-supereffective|p2a: Hydreigon
|-damage|p2a: Hydreigon|55/100
|
|-heal|p2a: Hydreigon|61/100|[from] item: Leftovers
|upkeep
|turn|10
|
|t:|1666292896
|move|p2a: Hydreigon|Roost|p2a: Hydreigon
|-heal|p2a: Hydreigon|100/100
|-singleturn|p2a: Hydreigon|move: Roost
|move|p1a: Regice|Ice Beam|p2a: Hydreigon
|-supereffective|p2a: Hydreigon
|-crit|p2a: Hydreigon
|-damage|p2a: Hydreigon|36/100
|
|-heal|p2a: Hydreigon|42/100|[from] item: Leftovers
|upkeep
|turn|11
|
|t:|1666292904
|move|p2a: Hydreigon|Roost|p2a: Hydreigon
|-heal|p2a: Hydreigon|92/100
|-singleturn|p2a: Hydreigon|move: Roost
|move|p1a: Regice|Ice Beam|p2a: Hydreigon
|-supereffective|p2a: Hydreigon
|-damage|p2a: Hydreigon|48/100
|
|-heal|p2a: Hydreigon|55/100|[from] item: Leftovers
|upkeep
|turn|12
|
|t:|1666292909
|move|p2a: Hydreigon|Roost|p2a: Hydreigon
|-heal|p2a: Hydreigon|100/100
|-singleturn|p2a: Hydreigon|move: Roost
|cant|p1a: Regice|par
|
|upkeep
|turn|13
|
|t:|1666292915
|move|p2a: Hydreigon|Dark Pulse|p1a: Regice
|-damage|p1a: Regice|58/100 par
|cant|p1a: Regice|par
|
|upkeep
|turn|14
|l| broute minou
|
|t:|1666292920
|move|p2a: Hydreigon|Dark Pulse|p1a: Regice
|-damage|p1a: Regice|13/100 par
|move|p1a: Regice|Rest|p1a: Regice
|-status|p1a: Regice|slp|[from] move: Rest
|-heal|p1a: Regice|100/100 slp|[silent]
|
|upkeep
|turn|15
|
|t:|1666292934
|move|p2a: Hydreigon|Dark Pulse|p1a: Regice
|-damage|p1a: Regice|54/100 slp
|cant|p1a: Regice|slp
|move|p1a: Regice|Sleep Talk|p1a: Regice
|move|p1a: Regice|Ice Beam|p2a: Hydreigon|[from]move: Sleep Talk
|-supereffective|p2a: Hydreigon
|-damage|p2a: Hydreigon|54/100
|
|-heal|p2a: Hydreigon|60/100|[from] item: Leftovers
|upkeep
|turn|16
|
|t:|1666292947
|move|p2a: Hydreigon|Dark Pulse|p1a: Regice
|-damage|p1a: Regice|10/100 slp
|cant|p1a: Regice|slp
|cant|p1a: Regice|flinch
|
|-heal|p2a: Hydreigon|66/100|[from] item: Leftovers
|upkeep
|turn|17
|c|☆Tempest brute|well
|c|☆oimp|so you can be flinched
|c|☆oimp|interesting
|c|☆Tempest brute|hydreigon beats an ice type
|c|☆Tempest brute|nothing new
|j| AWildMegaZard
|inactive|oimp has 120 seconds left.
|c|☆oimp|he only does caus i no brained
|c|☆oimp|and clicked sleep talk on accident
|
|t:|1666293001
|move|p2a: Hydreigon|Dark Pulse|p1a: Regice
|-damage|p1a: Regice|0 fnt
|faint|p1a: Regice
|
|-heal|p2a: Hydreigon|73/100|[from] item: Leftovers
|upkeep
|c|☆Tempest brute|i guess
|l| AWildMegaZard
|j| AWildMegaZard
|
|t:|1666293015
|switch|p1a: Gyarados|Gyarados, F|100/100
|turn|18
|
|t:|1666293017
|move|p1a: Gyarados|Dragon Dance|p1a: Gyarados
|-boost|p1a: Gyarados|atk|1
|-boost|p1a: Gyarados|spe|1
|move|p2a: Hydreigon|Dark Pulse|p1a: Gyarados
|-damage|p1a: Gyarados|1/100
|
|-heal|p2a: Hydreigon|79/100|[from] item: Leftovers
|upkeep
|turn|19
|
|t:|1666293028
|switch|p2a: Skarmory|Skarmory, F|100/100
|move|p1a: Gyarados|Ice Fang|p2a: Skarmory
|-damage|p2a: Skarmory|79/100
|
|-heal|p2a: Skarmory|85/100|[from] item: Leftovers
|upkeep
|turn|20
|inactive|oimp has 120 seconds left.
|
|t:|1666293038
|move|p1a: Gyarados|Waterfall|p2a: Skarmory
|-crit|p2a: Skarmory
|-damage|p2a: Skarmory|7/100
|move|p2a: Skarmory|Body Press|p1a: Gyarados
|-resisted|p1a: Gyarados
|-damage|p1a: Gyarados|0 fnt
|faint|p1a: Gyarados
|
|-heal|p2a: Skarmory|13/100|[from] item: Leftovers
|upkeep
|inactive|oimp has 120 seconds left.
|
|t:|1666293045
|switch|p1a: Krookodile|Krookodile, M|100/100
|-ability|p1a: Krookodile|Intimidate|boost
|-unboost|p2a: Skarmory|atk|1
|turn|21
|
|t:|1666293049
|switch|p2a: Keldeo|Keldeo-Resolute|100/100
|move|p1a: Krookodile|Knock Off|p2a: Keldeo
|-resisted|p2a: Keldeo
|-damage|p2a: Keldeo|86/100
|-ability|p2a: Keldeo|Justified|boost
|-boost|p2a: Keldeo|atk|1
|-enditem|p2a: Keldeo|Leftovers|[from] move: Knock Off|[of] p1a: Krookodile
|
|upkeep
|turn|22
|
|t:|1666293067
|switch|p1a: Skarmory|Skarmory, M|100/100
|move|p2a: Keldeo|Scald|p1a: Skarmory
|-damage|p1a: Skarmory|51/100
|-status|p1a: Skarmory|brn
|
|-damage|p1a: Skarmory|45/100 brn|[from] brn
|upkeep
|turn|23
|
|t:|1666293072
|move|p2a: Keldeo|Scald|p1a: Skarmory
|-damage|p1a: Skarmory|0 fnt
|faint|p1a: Skarmory
|
|upkeep
|l| AWildMegaZard
|c|☆oimp|gg
|
|t:|1666293084
|switch|p1a: Chandelure|Chandelure, M|100/100
|turn|24
|
|t:|1666293091
|switch|p2a: Skarmory|Skarmory, F|13/100
|move|p1a: Chandelure|Shadow Ball|p2a: Skarmory
|-damage|p2a: Skarmory|0 fnt
|faint|p2a: Skarmory
|
|upkeep
|
|t:|1666293097
|switch|p2a: Hydreigon|Hydreigon, M|79/100
|turn|25
|
|t:|1666293102
|move|p1a: Chandelure|Shadow Ball|p2a: Hydreigon
|-resisted|p2a: Hydreigon
|-damage|p2a: Hydreigon|55/100
|move|p2a: Hydreigon|Dark Pulse|p1a: Chandelure
|-supereffective|p1a: Chandelure
|-damage|p1a: Chandelure|6/100
|
|-heal|p2a: Hydreigon|62/100|[from] item: Leftovers
|upkeep
|turn|26
|
|t:|1666293106
|move|p1a: Chandelure|Shadow Ball|p2a: Hydreigon
|-resisted|p2a: Hydreigon
|-damage|p2a: Hydreigon|39/100
|move|p2a: Hydreigon|Roost|p2a: Hydreigon
|-heal|p2a: Hydreigon|89/100
|-singleturn|p2a: Hydreigon|move: Roost
|
|-heal|p2a: Hydreigon|96/100|[from] item: Leftovers
|upkeep
|turn|27
|
|t:|1666293109
|move|p1a: Chandelure|Shadow Ball|p2a: Hydreigon
|-resisted|p2a: Hydreigon
|-damage|p2a: Hydreigon|72/100
|move|p2a: Hydreigon|Dark Pulse|p1a: Chandelure
|-supereffective|p1a: Chandelure
|-damage|p1a: Chandelure|0 fnt
|faint|p1a: Chandelure
|
|-heal|p2a: Hydreigon|78/100|[from] item: Leftovers
|upkeep
|
|t:|1666293113
|switch|p1a: Rotom|Rotom-Heat|100/100
|turn|28
|
|t:|1666293119
|move|p1a: Rotom|Toxic|p2a: Hydreigon
|-status|p2a: Hydreigon|tox
|move|p2a: Hydreigon|Dark Pulse|p1a: Rotom
|-damage|p1a: Rotom|68/100
|
|-heal|p2a: Hydreigon|85/100 tox|[from] item: Leftovers
|-damage|p2a: Hydreigon|78/100 tox|[from] psn
|upkeep
|turn|29
|
|t:|1666293126
|move|p1a: Rotom|Overheat|p2a: Hydreigon
|-resisted|p2a: Hydreigon
|-damage|p2a: Hydreigon|61/100 tox
|-unboost|p1a: Rotom|spa|2
|move|p2a: Hydreigon|Dark Pulse|p1a: Rotom
|-damage|p1a: Rotom|31/100
|
|-heal|p2a: Hydreigon|68/100 tox|[from] item: Leftovers
|-damage|p2a: Hydreigon|55/100 tox|[from] psn
|upkeep
|turn|30
|
|t:|1666293131
|move|p1a: Rotom|Volt Switch|p2a: Hydreigon
|-resisted|p2a: Hydreigon
|-damage|p2a: Hydreigon|51/100 tox
|
|t:|1666293135
|switch|p1a: Krookodile|Krookodile, M|100/100|[from]move: Volt Switch
|-ability|p1a: Krookodile|Intimidate|boost
|-unboost|p2a: Hydreigon|atk|1
|move|p2a: Hydreigon|Dark Pulse|p1a: Krookodile
|-resisted|p1a: Krookodile
|-damage|p1a: Krookodile|77/100
|
|-heal|p1a: Krookodile|83/100|[from] item: Leftovers
|-heal|p2a: Hydreigon|57/100 tox|[from] item: Leftovers
|-damage|p2a: Hydreigon|39/100 tox|[from] psn
|upkeep
|turn|31
|
|t:|1666293141
|move|p1a: Krookodile|Knock Off|p2a: Hydreigon
|-resisted|p2a: Hydreigon
|-damage|p2a: Hydreigon|20/100 tox
|-enditem|p2a: Hydreigon|Leftovers|[from] move: Knock Off|[of] p1a: Krookodile
|move|p2a: Hydreigon|Dark Pulse|p1a: Krookodile
|-resisted|p1a: Krookodile
|-damage|p1a: Krookodile|60/100
|
|-heal|p1a: Krookodile|66/100|[from] item: Leftovers
|-damage|p2a: Hydreigon|0 fnt|[from] psn
|faint|p2a: Hydreigon
|upkeep
|
|t:|1666293147
|switch|p2a: Keldeo|Keldeo-Resolute|86/100
|turn|32
|
|t:|1666293152
|move|p1a: Krookodile|Earthquake|p2a: Keldeo
|-damage|p2a: Keldeo|55/100
|move|p2a: Keldeo|Scald|p1a: Krookodile
|-supereffective|p1a: Krookodile
|-damage|p1a: Krookodile|0 fnt
|faint|p1a: Krookodile
|
|upkeep
|c|☆oimp|wait a minute
|c|☆oimp|how slow is you're keldeo
|c|☆Tempest brute|what
|
|t:|1666293169
|switch|p1a: Rotom|Rotom-Heat|31/100
|turn|33
|c|☆oimp|wtf
|c|☆Tempest brute|no speed
|j| broute minou
|c|☆Tempest brute|invested
|
|t:|1666293181
|move|p1a: Rotom|Volt Switch|p2a: Keldeo
|-supereffective|p2a: Keldeo
|-damage|p2a: Keldeo|11/100
|move|p2a: Keldeo|Scald|p1a: Rotom
|-supereffective|p1a: Rotom
|-crit|p1a: Rotom
|-damage|p1a: Rotom|0 fnt
|faint|p1a: Rotom
|
|win|Tempest brute
|n|☆oimp|oimp
|n|☆Tempest brute|tempestbrute
|n| Sypharius|sypharius
|n| broute minou|brouteminou
