|j|☆Eazigzagoon
|j|☆GryphonEX
|t:|1662579473
|gametype|singles
|player|p1|Eazigzagoon|madame|1488
|player|p2|GryphonEX|gardenia|1432
|teamsize|p1|6
|teamsize|p2|6
|gen|8
|tier|[Gen 8] UU
|rated|
|rule|Sleep Clause Mod: Limit one foe put to sleep
|rule|Species Clause: Limit one of each Pokémon
|rule|OHKO Clause: OHKO moves are banned
|rule|Evasion Items Clause: Evasion items are banned
|rule|Evasion Moves Clause: Evasion moves are banned
|rule|Endless Battle Clause: Forcing endless battles is banned
|rule|HP Percentage Mod: HP is shown in percentages
|rule|Dynamax Clause: You cannot dynamax
|clearpoke
|poke|p1|Crobat, M|
|poke|p1|Mamoswine, F|
|poke|p1|Amoonguss, F|
|poke|p1|Jirachi|
|poke|p1|Rotom-Wash|
|poke|p1|Zarude|
|poke|p2|Hydreigon, M|
|poke|p2|Suicune|
|poke|p2|Zarude|
|poke|p2|Salamence, M|
|poke|p2|Chansey, F|
|poke|p2|Corsola-Galar, F|
|teampreview
|
|t:|1662579498
|start
|switch|p1a: Zarude|Zarude|100/100
|switch|p2a: Corsola|Corsola-Galar, F|100/100
|turn|1
|c|☆GryphonEX|Good luck!
|
|t:|1662579507
|move|p1a: Zarude|Darkest Lariat|p2a: Corsola
|-supereffective|p2a: Corsola
|-damage|p2a: Corsola|4/100
|move|p2a: Corsola|Strength Sap|p1a: Zarude
|-unboost|p1a: Zarude|atk|1
|-heal|p2a: Corsola|100/100
|
|upkeep
|turn|2
|
|t:|1662579522
|move|p1a: Zarude|Darkest Lariat|p2a: Corsola
|-supereffective|p2a: Corsola
|-damage|p2a: Corsola|36/100
|move|p2a: Corsola|Will-O-Wisp|p1a: Zarude|[miss]
|-miss|p2a: Corsola|p1a: Zarude
|
|upkeep
|turn|3
|
|t:|1662579533
|switch|p1a: Crobat|Crobat, M|100/100
|switch|p2a: Salamence|Salamence, M|100/100
|-ability|p2a: Salamence|Intimidate|boost
|-fail|p1a: Crobat|unboost|Attack|[from] ability: Inner Focus|[of] p1a: Crobat
|
|upkeep
|turn|4
|
|t:|1662579541
|move|p1a: Crobat|Brave Bird|p2a: Salamence
|-damage|p2a: Salamence|68/100
|-damage|p1a: Crobat|88/100|[from] Recoil
|move|p2a: Salamence|Flamethrower|p1a: Crobat
|-damage|p1a: Crobat|61/100
|
|upkeep
|turn|5
|
|t:|1662579551
|move|p1a: Crobat|U-turn|p2a: Salamence
|-resisted|p2a: Salamence
|-damage|p2a: Salamence|61/100
|
|t:|1662579553
|switch|p1a: Rotom|Rotom-Wash|100/100|[from]move: U-turn
|move|p2a: Salamence|Roost|p2a: Salamence
|-heal|p2a: Salamence|100/100
|-singleturn|p2a: Salamence|move: Roost
|
|upkeep
|turn|6
|
|t:|1662579557
|switch|p2a: Corsola|Corsola-Galar, F|36/100
|move|p1a: Rotom|Trick|p2a: Corsola
|-activate|p1a: Rotom|move: Trick|[of] p2a: Corsola
|-item|p2a: Corsola|Choice Scarf|[from] move: Trick
|-item|p1a: Rotom|Eviolite|[from] move: Trick
|
|upkeep
|turn|7
|
|t:|1662579564
|move|p1a: Rotom|Hydro Pump|p2a: Corsola
|-damage|p2a: Corsola|7/100
|-start|p1a: Rotom|Disable|Hydro Pump|[from] ability: Cursed Body|[of] p2a: Corsola
|move|p2a: Corsola|Stealth Rock|p1a: Rotom
|-sidestart|p1: Eazigzagoon|move: Stealth Rock
|
|upkeep
|turn|8
|
|t:|1662579575
|switch|p2a: Chansey|Chansey, F|100/100
|move|p1a: Rotom|Defog|p2a: Chansey
|-unboost|p2a: Chansey|evasion|1
|-sideend|p1: Eazigzagoon|Stealth Rock|[from] move: Defog|[of] p1a: Rotom
|
|upkeep
|turn|9
|
|t:|1662579582
|move|p1a: Rotom|Volt Switch|p2a: Chansey
|-damage|p2a: Chansey|93/100
|
|t:|1662579586
|switch|p1a: Jirachi|Jirachi|100/100|[from]move: Volt Switch
|move|p2a: Chansey|Teleport|p2a: Chansey
|
|t:|1662579594
|switch|p2a: Zarude|Zarude|100/100|[from]move: Teleport
|
|upkeep
|turn|10
|
|t:|1662579598
|switch|p1a: Amoonguss|Amoonguss, F|100/100
|move|p2a: Zarude|Darkest Lariat|p1a: Amoonguss
|-damage|p1a: Amoonguss|56/100
|-enditem|p1a: Amoonguss|Eject Button
|
|t:|1662579617
|switch|p1a: Zarude|Zarude|100/100
|
|upkeep
|turn|11
|c|☆GryphonEX|I’ve never seen eject amoonguss
|c|☆GryphonEX|Pretty cool
|
|t:|1662579631
|switch|p2a: Salamence|Salamence, M|100/100
|-ability|p2a: Salamence|Intimidate|boost
|-unboost|p1a: Zarude|atk|1
|move|p1a: Zarude|U-turn|p2a: Salamence
|-resisted|p2a: Salamence
|-damage|p2a: Salamence|92/100
|
|t:|1662579639
|switch|p1a: Mamoswine|Mamoswine, F|100/100|[from]move: U-turn
|
|upkeep
|turn|12
|
|t:|1662579645
|switch|p2a: Suicune|Suicune|100/100
|-ability|p2a: Suicune|Pressure
|move|p1a: Mamoswine|Knock Off|p2a: Suicune
|-damage|p2a: Suicune|74/100
|-enditem|p2a: Suicune|Leftovers|[from] move: Knock Off|[of] p1a: Mamoswine
|-damage|p1a: Mamoswine|91/100|[from] item: Life Orb
|
|upkeep
|turn|13
|
|t:|1662579658
|switch|p1a: Rotom|Rotom-Wash|100/100
|move|p2a: Suicune|Ice Beam|p1a: Rotom
|-resisted|p1a: Rotom
|-damage|p1a: Rotom|90/100
|
|upkeep
|turn|14
|
|t:|1662579664
|switch|p2a: Chansey|Chansey, F|93/100
|move|p1a: Rotom|Volt Switch|p2a: Chansey
|-damage|p2a: Chansey|85/100
|
|t:|1662579695
|switch|p1a: Mamoswine|Mamoswine, F|91/100|[from]move: Volt Switch
|
|upkeep
|turn|15
|
|t:|1662579699
|switch|p2a: Suicune|Suicune|74/100
|-ability|p2a: Suicune|Pressure
|move|p1a: Mamoswine|Knock Off|p2a: Suicune
|-damage|p2a: Suicune|58/100
|-damage|p1a: Mamoswine|81/100|[from] item: Life Orb
|
|upkeep
|turn|16
|
|t:|1662579714
|switch|p1a: Rotom|Rotom-Wash|90/100
|move|p2a: Suicune|Calm Mind|p2a: Suicune
|-boost|p2a: Suicune|spa|1
|-boost|p2a: Suicune|spd|1
|
|upkeep
|turn|17
|
|t:|1662579721
|move|p1a: Rotom|Volt Switch|p2a: Suicune
|-supereffective|p2a: Suicune
|-damage|p2a: Suicune|33/100
|
|t:|1662579723
|switch|p1a: Zarude|Zarude|100/100|[from]move: Volt Switch
|move|p2a: Suicune|Ice Beam|p1a: Zarude
|-supereffective|p1a: Zarude
|-damage|p1a: Zarude|44/100
|
|upkeep
|turn|18
|
|t:|1662579728
|switch|p2a: Salamence|Salamence, M|92/100
|-ability|p2a: Salamence|Intimidate|boost
|-unboost|p1a: Zarude|atk|1
|move|p1a: Zarude|Jungle Healing|p1a: Zarude
|-heal|p1a: Zarude|69/100
|
|upkeep
|turn|19
|
|t:|1662579745
|switch|p1a: Rotom|Rotom-Wash|90/100
|switch|p2a: Corsola|Corsola-Galar, F|7/100
|
|upkeep
|turn|20
|
|t:|1662579751
|move|p1a: Rotom|Volt Switch|p2a: Corsola
|-damage|p2a: Corsola|0 fnt
|-start|p1a: Rotom|Disable|Volt Switch|[from] ability: Cursed Body|[of] p2a: Corsola
|faint|p2a: Corsola
|
|t:|1662579765
|switch|p1a: Crobat|Crobat, M|61/100|[from]move: Volt Switch
|
|upkeep
|
|t:|1662579774
|switch|p2a: Suicune|Suicune|33/100
|-ability|p2a: Suicune|Pressure
|turn|21
|
|t:|1662579782
|move|p1a: Crobat|Taunt|p2a: Suicune
|-start|p2a: Suicune|move: Taunt
|cant|p2a: Suicune|move: Taunt|Rest
|
|upkeep
|turn|22
|
|t:|1662579793
|move|p1a: Crobat|U-turn|p2a: Suicune
|-crit|p2a: Suicune
|-damage|p2a: Suicune|19/100
|
|t:|1662579811
|switch|p1a: Rotom|Rotom-Wash|90/100|[from]move: U-turn
|move|p2a: Suicune|Ice Beam|p1a: Rotom
|-resisted|p1a: Rotom
|-damage|p1a: Rotom|80/100
|
|upkeep
|turn|23
|
|t:|1662579825
|switch|p2a: Chansey|Chansey, F|85/100
|move|p1a: Rotom|Volt Switch|p2a: Chansey
|-damage|p2a: Chansey|78/100
|
|t:|1662579849
|switch|p1a: Jirachi|Jirachi|100/100|[from]move: Volt Switch
|
|upkeep
|turn|24
|
|t:|1662579860
|move|p1a: Jirachi|Stealth Rock|p2a: Chansey
|-sidestart|p2: GryphonEX|move: Stealth Rock
|move|p2a: Chansey|Thunder Wave|p1a: Jirachi|[miss]
|-miss|p2a: Chansey|p1a: Jirachi
|
|upkeep
|turn|25
|
|t:|1662579876
|move|p1a: Jirachi|Iron Head|p2a: Chansey
|-damage|p2a: Chansey|59/100
|cant|p2a: Chansey|flinch
|
|upkeep
|turn|26
|
|t:|1662579879
|move|p1a: Jirachi|Iron Head|p2a: Chansey
|-damage|p2a: Chansey|41/100
|cant|p2a: Chansey|flinch
|
|upkeep
|turn|27
|
|t:|1662579881
|move|p1a: Jirachi|Iron Head|p2a: Chansey
|-damage|p2a: Chansey|23/100
|cant|p2a: Chansey|flinch
|
|upkeep
|turn|28
|
|t:|1662579883
|move|p1a: Jirachi|Iron Head|p2a: Chansey
|-damage|p2a: Chansey|6/100
|move|p2a: Chansey|Soft-Boiled|p2a: Chansey
|-heal|p2a: Chansey|56/100
|
|upkeep
|turn|29
|
|t:|1662579885
|switch|p2a: Salamence|Salamence, M|92/100
|-ability|p2a: Salamence|Intimidate|boost
|-unboost|p1a: Jirachi|atk|1
|move|p1a: Jirachi|Iron Head|p2a: Salamence
|-damage|p2a: Salamence|80/100
|
|upkeep
|turn|30
|
|t:|1662579889
|move|p1a: Jirachi|U-turn|p2a: Salamence
|-resisted|p2a: Salamence
|-damage|p2a: Salamence|76/100
|
|t:|1662579901
|switch|p1a: Mamoswine|Mamoswine, F|81/100|[from]move: U-turn
|move|p2a: Salamence|Defog|p1a: Mamoswine
|-unboost|p1a: Mamoswine|evasion|1
|-sideend|p2: GryphonEX|Stealth Rock|[from] move: Defog|[of] p2a: Salamence
|
|upkeep
|turn|31
|
|t:|1662579906
|switch|p2a: Suicune|Suicune|19/100
|-ability|p2a: Suicune|Pressure
|move|p1a: Mamoswine|Icicle Crash|p2a: Suicune
|-resisted|p2a: Suicune
|-damage|p2a: Suicune|4/100
|-damage|p1a: Mamoswine|71/100|[from] item: Life Orb
|
|upkeep
|turn|32
|
|t:|1662579917
|move|p1a: Mamoswine|Ice Shard|p2a: Suicune
|-resisted|p2a: Suicune
|-damage|p2a: Suicune|0 fnt
|faint|p2a: Suicune
|-damage|p1a: Mamoswine|61/100|[from] item: Life Orb
|
|upkeep
|
|t:|1662579923
|switch|p2a: Salamence|Salamence, M|76/100
|-ability|p2a: Salamence|Intimidate|boost
|-unboost|p1a: Mamoswine|atk|1
|turn|33
|
|t:|1662579936
|switch|p1a: Amoonguss|Amoonguss, F|89/100
|switch|p2a: Chansey|Chansey, F|56/100
|
|upkeep
|turn|34
|
|t:|1662579946
|switch|p1a: Rotom|Rotom-Wash|80/100
|move|p2a: Chansey|Thunder Wave|p1a: Rotom
|-immune|p1a: Rotom
|
|upkeep
|turn|35
|
|t:|1662579950
|move|p1a: Rotom|Volt Switch|p2a: Chansey
|-damage|p2a: Chansey|49/100
|
|t:|1662579954
|switch|p1a: Jirachi|Jirachi|100/100|[from]move: Volt Switch
|move|p2a: Chansey|Teleport|p2a: Chansey
|
|t:|1662579956
|switch|p2a: Hydreigon|Hydreigon, M|100/100|[from]move: Teleport
|
|upkeep
|turn|36
|
|t:|1662579969
|switch|p1a: Amoonguss|Amoonguss, F|100/100
|move|p2a: Hydreigon|Draco Meteor|p1a: Amoonguss
|-damage|p1a: Amoonguss|14/100
|-unboost|p2a: Hydreigon|spa|2
|
|upkeep
|turn|37
|
|t:|1662580001
|switch|p2a: Zarude|Zarude|100/100
|switch|p1a: Mamoswine|Mamoswine, F|61/100
|
|upkeep
|turn|38
|
|t:|1662580017
|move|p1a: Mamoswine|Ice Shard|p2a: Zarude
|-supereffective|p2a: Zarude
|-damage|p2a: Zarude|50/100
|-damage|p1a: Mamoswine|51/100|[from] item: Life Orb
|move|p2a: Zarude|Darkest Lariat|p1a: Mamoswine
|-damage|p1a: Mamoswine|0 fnt
|faint|p1a: Mamoswine
|
|upkeep
|
|t:|1662580025
|switch|p1a: Crobat|Crobat, M|61/100
|turn|39
|
|t:|1662580030
|switch|p2a: Salamence|Salamence, M|76/100
|-ability|p2a: Salamence|Intimidate|boost
|-fail|p1a: Crobat|unboost|Attack|[from] ability: Inner Focus|[of] p1a: Crobat
|move|p1a: Crobat|Roost|p1a: Crobat
|-heal|p1a: Crobat|100/100
|-singleturn|p1a: Crobat|move: Roost
|
|upkeep
|turn|40
|
|t:|1662580044
|move|p1a: Crobat|Taunt|p2a: Salamence
|-start|p2a: Salamence|move: Taunt
|move|p2a: Salamence|Flamethrower|p1a: Crobat
|-damage|p1a: Crobat|75/100
|
|upkeep
|turn|41
|
|t:|1662580052
|move|p1a: Crobat|U-turn|p2a: Salamence
|-resisted|p2a: Salamence
|-damage|p2a: Salamence|69/100
|
|t:|1662580060
|switch|p1a: Rotom|Rotom-Wash|80/100|[from]move: U-turn
|move|p2a: Salamence|Flamethrower|p1a: Rotom
|-resisted|p1a: Rotom
|-damage|p1a: Rotom|69/100
|
|upkeep
|turn|42
|
|t:|1662580078
|switch|p2a: Chansey|Chansey, F|49/100
|move|p1a: Rotom|Volt Switch|p2a: Chansey
|-damage|p2a: Chansey|42/100
|j| bioche80
|
|t:|1662580086
|switch|p1a: Zarude|Zarude|69/100|[from]move: Volt Switch
|
|upkeep
|turn|43
|
|t:|1662580089
|switch|p2a: Salamence|Salamence, M|69/100
|-ability|p2a: Salamence|Intimidate|boost
|-unboost|p1a: Zarude|atk|1
|move|p1a: Zarude|Darkest Lariat|p2a: Salamence
|-damage|p2a: Salamence|40/100
|
|upkeep
|turn|44
|
|t:|1662580099
|switch|p1a: Amoonguss|Amoonguss, F|47/100
|move|p2a: Salamence|Roost|p2a: Salamence
|-heal|p2a: Salamence|90/100
|-singleturn|p2a: Salamence|move: Roost
|
|upkeep
|turn|45
|
|t:|1662580104
|switch|p1a: Rotom|Rotom-Wash|69/100
|move|p2a: Salamence|Hurricane|p1a: Rotom
|-resisted|p1a: Rotom
|-damage|p1a: Rotom|49/100
|
|upkeep
|turn|46
|
|t:|1662580108
|switch|p2a: Chansey|Chansey, F|42/100
|move|p1a: Rotom|Trick|p2a: Chansey
|-activate|p1a: Rotom|move: Trick|[of] p2a: Chansey
|-item|p2a: Chansey|Eviolite|[from] move: Trick
|-item|p1a: Rotom|Eviolite|[from] move: Trick
|
|upkeep
|turn|47
|c| bioche80|corsola original
|
|t:|1662580114
|move|p1a: Rotom|Volt Switch|p2a: Chansey
|-damage|p2a: Chansey|34/100
|
|t:|1662580118
|switch|p1a: Jirachi|Jirachi|100/100|[from]move: Volt Switch
|move|p2a: Chansey|Soft-Boiled|p2a: Chansey
|-heal|p2a: Chansey|84/100
|
|upkeep
|turn|48
|
|t:|1662580124
|switch|p2a: Salamence|Salamence, M|90/100
|-ability|p2a: Salamence|Intimidate|boost
|-unboost|p1a: Jirachi|atk|1
|move|p1a: Jirachi|Stealth Rock|p2a: Salamence
|-sidestart|p2: GryphonEX|move: Stealth Rock
|
|upkeep
|turn|49
|
|t:|1662580134
|move|p1a: Jirachi|Iron Head|p2a: Salamence
|-damage|p2a: Salamence|77/100
|cant|p2a: Salamence|flinch
|
|upkeep
|turn|50
|
|t:|1662580138
|move|p1a: Jirachi|Iron Head|p2a: Salamence
|-damage|p2a: Salamence|63/100
|cant|p2a: Salamence|flinch
|
|upkeep
|turn|51
|
|t:|1662580144
|move|p1a: Jirachi|Iron Head|p2a: Salamence
|-damage|p2a: Salamence|50/100
|cant|p2a: Salamence|flinch
|
|upkeep
|turn|52
|
|t:|1662580148
|move|p1a: Jirachi|Iron Head|p2a: Salamence
|-damage|p2a: Salamence|36/100
|cant|p2a: Salamence|flinch
|
|upkeep
|turn|53
|
|t:|1662580151
|move|p1a: Jirachi|Iron Head|p2a: Salamence
|-damage|p2a: Salamence|22/100
|cant|p2a: Salamence|flinch
|
|upkeep
|turn|54
|
|t:|1662580154
|move|p1a: Jirachi|Iron Head|p2a: Salamence
|-damage|p2a: Salamence|9/100
|cant|p2a: Salamence|flinch
|
|upkeep
|turn|55
|
|t:|1662580163
|switch|p2a: Chansey|Chansey, F|84/100
|-damage|p2a: Chansey|71/100|[from] Stealth Rock
|move|p1a: Jirachi|Iron Head|p2a: Chansey
|-damage|p2a: Chansey|61/100
|
|upkeep
|turn|56
|
|t:|1662580179
|move|p1a: Jirachi|Iron Head|p2a: Chansey
|-damage|p2a: Chansey|49/100
|cant|p2a: Chansey|flinch
|
|upkeep
|turn|57
|
|t:|1662580185
|move|p1a: Jirachi|Iron Head|p2a: Chansey
|-crit|p2a: Chansey
|-damage|p2a: Chansey|24/100
|cant|p2a: Chansey|flinch
|
|upkeep
|turn|58
|
|t:|1662580189
|move|p1a: Jirachi|Iron Head|p2a: Chansey
|-damage|p2a: Chansey|11/100
|move|p2a: Chansey|Soft-Boiled|p2a: Chansey
|-heal|p2a: Chansey|61/100
|
|upkeep
|turn|59
|
|t:|1662580199
|move|p1a: Jirachi|Iron Head|p2a: Chansey
|-damage|p2a: Chansey|49/100
|move|p2a: Chansey|Soft-Boiled|p2a: Chansey
|-heal|p2a: Chansey|99/100
|
|upkeep
|turn|60
|
|t:|1662580203
|move|p1a: Jirachi|Iron Head|p2a: Chansey
|-damage|p2a: Chansey|87/100
|cant|p2a: Chansey|flinch
|
|upkeep
|turn|61
|
|t:|1662580205
|move|p1a: Jirachi|U-turn|p2a: Chansey
|-damage|p2a: Chansey|80/100
|
|t:|1662580222
|switch|p1a: Rotom|Rotom-Wash|49/100|[from]move: U-turn
|move|p2a: Chansey|Thunder Wave|p1a: Rotom
|-immune|p1a: Rotom
|
|upkeep
|turn|62
|c|☆GryphonEX|Thank you for sparing my soul
|
|t:|1662580231
|move|p1a: Rotom|Volt Switch|p2a: Chansey
|-damage|p2a: Chansey|73/100
|
|t:|1662580237
|switch|p1a: Zarude|Zarude|69/100|[from]move: Volt Switch
|move|p2a: Chansey|Teleport|p2a: Chansey
|
|t:|1662580244
|switch|p2a: Zarude|Zarude|50/100|[from]move: Teleport
|-damage|p2a: Zarude|37/100|[from] Stealth Rock
|
|upkeep
|turn|63
|
|t:|1662580314
|move|p1a: Zarude|U-turn|p2a: Zarude
|-supereffective|p2a: Zarude
|-damage|p2a: Zarude|0 fnt
|faint|p2a: Zarude
|
|t:|1662580330
|switch|p1a: Jirachi|Jirachi|100/100|[from]move: U-turn
|
|upkeep
|
|t:|1662580332
|switch|p2a: Hydreigon|Hydreigon, M|100/100
|-damage|p2a: Hydreigon|88/100|[from] Stealth Rock
|turn|64
|
|t:|1662580345
|move|p1a: Jirachi|U-turn|p2a: Hydreigon
|-supereffective|p2a: Hydreigon
|-damage|p2a: Hydreigon|52/100
|
|t:|1662580353
|switch|p1a: Zarude|Zarude|69/100|[from]move: U-turn
|move|p2a: Hydreigon|Dark Pulse|p1a: Zarude
|-resisted|p1a: Zarude
|-damage|p1a: Zarude|40/100
|
|upkeep
|turn|65
|
|t:|1662580356
|switch|p2a: Salamence|Salamence, M|9/100
|-ability|p2a: Salamence|Intimidate|boost
|-unboost|p1a: Zarude|atk|1
|move|p1a: Zarude|U-turn|p2a: Salamence
|-resisted|p2a: Salamence
|-damage|p2a: Salamence|2/100
|
|t:|1662580361
|switch|p1a: Jirachi|Jirachi|100/100|[from]move: U-turn
|
|upkeep
|turn|66
|
|t:|1662580367
|move|p1a: Jirachi|U-turn|p2a: Salamence
|-resisted|p2a: Salamence
|-damage|p2a: Salamence|0 fnt
|faint|p2a: Salamence
|
|t:|1662580373
|switch|p1a: Zarude|Zarude|40/100|[from]move: U-turn
|
|upkeep
|
|t:|1662580376
|switch|p2a: Chansey|Chansey, F|73/100
|-damage|p2a: Chansey|61/100|[from] Stealth Rock
|turn|67
|
|t:|1662580382
|move|p1a: Zarude|Darkest Lariat|p2a: Chansey
|-damage|p2a: Chansey|22/100
|move|p2a: Chansey|Thunder Wave|p1a: Zarude
|-status|p1a: Zarude|par
|
|upkeep
|turn|68
|
|t:|1662580385
|switch|p2a: Hydreigon|Hydreigon, M|52/100
|-damage|p2a: Hydreigon|40/100|[from] Stealth Rock
|move|p1a: Zarude|Darkest Lariat|p2a: Hydreigon
|-resisted|p2a: Hydreigon
|-damage|p2a: Hydreigon|5/100
|
|upkeep
|turn|69
|
|t:|1662580393
|move|p2a: Hydreigon|Roost|p2a: Hydreigon
|-heal|p2a: Hydreigon|55/100
|-singleturn|p2a: Hydreigon|move: Roost
|move|p1a: Zarude|Darkest Lariat|p2a: Hydreigon
|-resisted|p2a: Hydreigon
|-damage|p2a: Hydreigon|17/100
|
|upkeep
|turn|70
|
|t:|1662580399
|switch|p1a: Jirachi|Jirachi|100/100
|move|p2a: Hydreigon|Roost|p2a: Hydreigon
|-heal|p2a: Hydreigon|67/100
|-singleturn|p2a: Hydreigon|move: Roost
|
|upkeep
|turn|71
|
|t:|1662580405
|move|p1a: Jirachi|Iron Head|p2a: Hydreigon
|-damage|p2a: Hydreigon|37/100
|cant|p2a: Hydreigon|flinch
|
|upkeep
|turn|72
|
|t:|1662580409
|move|p1a: Jirachi|Iron Head|p2a: Hydreigon
|-damage|p2a: Hydreigon|8/100
|cant|p2a: Hydreigon|flinch
|
|upkeep
|turn|73
|
|t:|1662580412
|move|p1a: Jirachi|Iron Head|p2a: Hydreigon
|-damage|p2a: Hydreigon|0 fnt
|faint|p2a: Hydreigon
|
|upkeep
|
|t:|1662580415
|switch|p2a: Chansey|Chansey, F|22/100
|-damage|p2a: Chansey|10/100|[from] Stealth Rock
|turn|74
|
|t:|1662580417
|move|p1a: Jirachi|Iron Head|p2a: Chansey
|-damage|p2a: Chansey|0 fnt
|faint|p2a: Chansey
|
|win|Eazigzagoon
|raw|Eazigzagoon's rating: 1488 &rarr; <strong>1505</strong><br />(+17 for winning)
|raw|GryphonEX's rating: 1432 &rarr; <strong>1415</strong><br />(-17 for losing)
|c|☆Eazigzagoon|Gg
|c|☆GryphonEX|gg
|l|☆GryphonEX
|j|☆GryphonEX
|player|p2|GryphonEX|gardenia
|l|☆GryphonEX
|player|p2|
||Ladder isn't responding, score probably updated but might not have (Request timeout).
