|j|☆ExiDudi
|j|☆Ludwigarum
|t:|1666711685
|gametype|singles
|player|p1|ExiDudi|doctor-gen8|1449
|player|p2|Ludwigarum|falkner|1391
|teamsize|p1|6
|teamsize|p2|6
|gen|8
|tier|[Gen 8] UU
|rated|
|rule|Sleep Clause Mod: Limit one foe put to sleep
|rule|Species Clause: Limit one of each Pokémon
|rule|OHKO Clause: OHKO moves are banned
|rule|Evasion Items Clause: Evasion items are banned
|rule|Evasion Moves Clause: Evasion moves are banned
|rule|Endless Battle Clause: Forcing endless battles is banned
|rule|HP Percentage Mod: HP is shown in percentages
|rule|Dynamax Clause: You cannot dynamax
|clearpoke
|poke|p1|Cofagrigus, M|
|poke|p1|Primarina, F|
|poke|p1|Chansey, F|
|poke|p1|Scizor, M|
|poke|p1|Salamence, F|
|poke|p1|Hippowdon, F|
|poke|p2|Rotom-Heat|
|poke|p2|Primarina, M|
|poke|p2|Krookodile, F|
|poke|p2|Jirachi|
|poke|p2|Celesteela|
|poke|p2|Amoonguss, M|
|teampreview
|inactive|Battle timer is ON: inactive players will automatically lose when time's up. (requested by ExiDudi)
|
|t:|1666711697
|start
|switch|p1a: Primarina|Primarina, F|100/100
|switch|p2a: Krookodile|Krookodile, F|100/100
|-ability|p2a: Krookodile|Intimidate|boost
|-unboost|p1a: Primarina|atk|1
|turn|1
|
|t:|1666711709
|switch|p2a: Amoonguss|Amoonguss, M|100/100
|move|p1a: Primarina|Scald|p2a: Amoonguss
|-resisted|p2a: Amoonguss
|-damage|p2a: Amoonguss|70/100
|
|-heal|p2a: Amoonguss|77/100|[from] item: Leftovers
|upkeep
|turn|2
|inactive|ExiDudi has 120 seconds left.
|
|t:|1666711744
|switch|p1a: Scizor|Scizor, M|100/100
|move|p2a: Amoonguss|Spore|p1a: Scizor
|-status|p1a: Scizor|slp|[from] move: Spore
|
|-heal|p2a: Amoonguss|83/100|[from] item: Leftovers
|upkeep
|turn|3
|inactive|ExiDudi has 120 seconds left.
|
|t:|1666711757
|switch|p2a: Rotom|Rotom-Heat|100/100
|cant|p1a: Scizor|slp
|
|upkeep
|turn|4
|
|t:|1666711769
|switch|p1a: Hippowdon|Hippowdon, F|100/100
|-weather|Sandstorm|[from] ability: Sand Stream|[of] p1a: Hippowdon
|move|p2a: Rotom|Volt Switch|p1a: Hippowdon
|-immune|p1a: Hippowdon
|
|-weather|Sandstorm|[upkeep]
|-damage|p2a: Rotom|95/100|[from] Sandstorm
|upkeep
|turn|5
|
|t:|1666711782
|move|p2a: Rotom|Overheat|p1a: Hippowdon
|-damage|p1a: Hippowdon|60/100
|-unboost|p2a: Rotom|spa|2
|move|p1a: Hippowdon|Stealth Rock|p2a: Rotom
|-sidestart|p2: Ludwigarum|move: Stealth Rock
|
|-weather|Sandstorm|[upkeep]
|-damage|p2a: Rotom|89/100|[from] Sandstorm
|-heal|p1a: Hippowdon|66/100|[from] item: Leftovers
|upkeep
|turn|6
|
|t:|1666711786
|move|p2a: Rotom|Defog|p1a: Hippowdon
|-unboost|p1a: Hippowdon|evasion|1
|-sideend|p2: Ludwigarum|Stealth Rock|[from] move: Defog|[of] p2a: Rotom
|move|p1a: Hippowdon|Toxic|p2a: Rotom
|-status|p2a: Rotom|tox
|
|-weather|Sandstorm|[upkeep]
|-damage|p2a: Rotom|83/100 tox|[from] Sandstorm
|-heal|p1a: Hippowdon|72/100|[from] item: Leftovers
|-damage|p2a: Rotom|77/100 tox|[from] psn
|upkeep
|turn|7
|
|t:|1666711810
|switch|p2a: Amoonguss|Amoonguss, M|100/100
|move|p1a: Hippowdon|Stealth Rock|p2a: Amoonguss
|-sidestart|p2: Ludwigarum|move: Stealth Rock
|
|-weather|Sandstorm|[upkeep]
|-damage|p2a: Amoonguss|94/100|[from] Sandstorm
|-heal|p1a: Hippowdon|78/100|[from] item: Leftovers
|-heal|p2a: Amoonguss|100/100|[from] item: Leftovers
|upkeep
|turn|8
|
|t:|1666711828
|switch|p1a: Scizor|Scizor, M|100/100 slp
|move|p2a: Amoonguss|Foul Play|p1a: Scizor
|-damage|p1a: Scizor|74/100 slp
|
|-weather|none
|upkeep
|turn|9
|
|t:|1666711838
|-curestatus|p1a: Scizor|slp|[msg]
|move|p1a: Scizor|U-turn|p2a: Amoonguss
|-damage|p2a: Amoonguss|73/100
|
|t:|1666711843
|switch|p1a: Cofagrigus|Cofagrigus, M|100/100|[from]move: U-turn
|move|p2a: Amoonguss|Foul Play|p1a: Cofagrigus
|-supereffective|p1a: Cofagrigus
|-damage|p1a: Cofagrigus|89/100
|-activate|p1a: Cofagrigus|ability: Mummy|Regenerator|[of] p2a: Amoonguss
|
|-heal|p2a: Amoonguss|80/100|[from] item: Leftovers
|upkeep
|turn|10
|
|t:|1666711852
|switch|p1a: Scizor|Scizor, M|74/100
|move|p2a: Amoonguss|Spore|p1a: Scizor
|-status|p1a: Scizor|slp|[from] move: Spore
|
|-heal|p2a: Amoonguss|86/100|[from] item: Leftovers
|upkeep
|turn|11
|
|t:|1666711858
|switch|p1a: Primarina|Primarina, F|100/100
|move|p2a: Amoonguss|Foul Play|p1a: Primarina
|-resisted|p1a: Primarina
|-damage|p1a: Primarina|92/100
|
|-heal|p2a: Amoonguss|92/100|[from] item: Leftovers
|upkeep
|turn|12
|
|t:|1666711863
|move|p1a: Primarina|Ice Beam|p2a: Amoonguss
|-supereffective|p2a: Amoonguss
|-damage|p2a: Amoonguss|0 fnt
|faint|p2a: Amoonguss
|
|upkeep
|
|t:|1666711880
|switch|p2a: Primarina|Primarina, M|100/100
|-damage|p2a: Primarina|88/100|[from] Stealth Rock
|turn|13
|
|t:|1666711883
|switch|p1a: Chansey|Chansey, F|100/100
|move|p2a: Primarina|Substitute|p2a: Primarina
|-start|p2a: Primarina|Substitute
|-damage|p2a: Primarina|63/100
|
|-heal|p2a: Primarina|69/100|[from] item: Leftovers
|upkeep
|turn|14
|
|t:|1666711888
|move|p2a: Primarina|Draining Kiss|p1a: Chansey
|-damage|p1a: Chansey|94/100
|-heal|p2a: Primarina|79/100|[from] drain|[of] p1a: Chansey
|move|p1a: Chansey|Seismic Toss|p2a: Primarina
|-end|p2a: Primarina|Substitute
|
|-heal|p2a: Primarina|85/100|[from] item: Leftovers
|upkeep
|turn|15
|
|t:|1666711896
|switch|p2a: Krookodile|Krookodile, F|100/100
|-damage|p2a: Krookodile|94/100|[from] Stealth Rock
|-ability|p2a: Krookodile|Intimidate|boost
|-unboost|p1a: Chansey|atk|1
|move|p1a: Chansey|Seismic Toss|p2a: Krookodile
|-damage|p2a: Krookodile|64/100
|
|upkeep
|turn|16
|
|t:|1666711911
|switch|p1a: Salamence|Salamence, F|100/100
|-ability|p1a: Salamence|Intimidate|boost
|-unboost|p2a: Krookodile|atk|1
|move|p2a: Krookodile|Knock Off|p1a: Salamence
|-damage|p1a: Salamence|75/100
|-enditem|p1a: Salamence|Heavy-Duty Boots|[from] move: Knock Off|[of] p2a: Krookodile
|
|upkeep
|turn|17
|inactive|ExiDudi has 120 seconds left.
|
|t:|1666711944
|switch|p2a: Jirachi|Jirachi|100/100
|-damage|p2a: Jirachi|94/100|[from] Stealth Rock
|move|p1a: Salamence|Flamethrower|p2a: Jirachi
|-supereffective|p2a: Jirachi
|-damage|p2a: Jirachi|68/100
|-status|p2a: Jirachi|brn
|
|-heal|p2a: Jirachi|74/100 brn|[from] item: Leftovers
|-damage|p2a: Jirachi|68/100 brn|[from] brn
|upkeep
|turn|18
|
|t:|1666711953
|move|p1a: Salamence|Flamethrower|p2a: Jirachi
|-supereffective|p2a: Jirachi
|-damage|p2a: Jirachi|43/100 brn
|move|p2a: Jirachi|Wish|p2a: Jirachi
|
|-heal|p2a: Jirachi|50/100 brn|[from] item: Leftovers
|-damage|p2a: Jirachi|43/100 brn|[from] brn
|upkeep
|turn|19
|
|t:|1666711962
|move|p2a: Jirachi|Protect|p2a: Jirachi
|-singleturn|p2a: Jirachi|Protect
|move|p1a: Salamence|Dual Wingbeat|p2a: Jirachi
|-activate|p2a: Jirachi|move: Protect
|
|-heal|p2a: Jirachi|93/100 brn|[from] move: Wish|[wisher] Jirachi
|-heal|p2a: Jirachi|99/100 brn|[from] item: Leftovers
|-damage|p2a: Jirachi|93/100 brn|[from] brn
|upkeep
|turn|20
|
|t:|1666711967
|switch|p1a: Cofagrigus|Cofagrigus, M|89/100
|move|p2a: Jirachi|U-turn|p1a: Cofagrigus
|-resisted|p1a: Cofagrigus
|-damage|p1a: Cofagrigus|87/100
|-activate|p1a: Cofagrigus|ability: Mummy|Serene Grace|[of] p2a: Jirachi
|
|t:|1666711974
|switch|p2a: Krookodile|Krookodile, F|64/100|[from]move: U-turn
|-damage|p2a: Krookodile|58/100|[from] Stealth Rock
|-ability|p2a: Krookodile|Intimidate|boost
|-unboost|p1a: Cofagrigus|atk|1
|
|upkeep
|turn|21
|
|t:|1666711980
|switch|p1a: Salamence|Salamence, F|75/100
|-ability|p1a: Salamence|Intimidate|boost
|-unboost|p2a: Krookodile|atk|1
|move|p2a: Krookodile|Stealth Rock|p1a: Salamence
|-sidestart|p1: ExiDudi|move: Stealth Rock
|
|upkeep
|turn|22
|
|t:|1666711988
|switch|p2a: Primarina|Primarina, M|85/100
|-damage|p2a: Primarina|73/100|[from] Stealth Rock
|move|p1a: Salamence|Defog|p2a: Primarina
|-unboost|p2a: Primarina|evasion|1
|-sideend|p2: Ludwigarum|Stealth Rock|[from] move: Defog|[of] p1a: Salamence
|-sideend|p1: ExiDudi|Stealth Rock|[from] move: Defog|[of] p1a: Salamence
|
|-heal|p2a: Primarina|79/100|[from] item: Leftovers
|upkeep
|turn|23
|
|t:|1666711993
|switch|p1a: Chansey|Chansey, F|94/100
|move|p2a: Primarina|Substitute|p2a: Primarina
|-start|p2a: Primarina|Substitute
|-damage|p2a: Primarina|54/100
|
|-heal|p2a: Primarina|60/100|[from] item: Leftovers
|upkeep
|turn|24
|
|t:|1666711997
|move|p2a: Primarina|Draining Kiss|p1a: Chansey
|-damage|p1a: Chansey|87/100
|-heal|p2a: Primarina|70/100|[from] drain|[of] p1a: Chansey
|move|p1a: Chansey|Seismic Toss|p2a: Primarina
|-end|p2a: Primarina|Substitute
|
|-heal|p2a: Primarina|76/100|[from] item: Leftovers
|upkeep
|turn|25
|
|t:|1666712005
|switch|p2a: Rotom|Rotom-Heat|77/100 tox
|move|p1a: Chansey|Heal Bell|p1a: Chansey
|-activate|p1a: Chansey|move: Heal Bell
|-curestatus|p1: Scizor|slp|[msg]
|
|-damage|p2a: Rotom|71/100 tox|[from] psn
|upkeep
|turn|26
|
|t:|1666712013
|switch|p1a: Hippowdon|Hippowdon, F|78/100
|-weather|Sandstorm|[from] ability: Sand Stream|[of] p1a: Hippowdon
|move|p2a: Rotom|Pain Split|p1a: Hippowdon
|-sethp|p1a: Hippowdon|64/100|[from] move: Pain Split|[silent]
|-sethp|p2a: Rotom|90/100 tox|[from] move: Pain Split
|
|-weather|Sandstorm|[upkeep]
|-damage|p2a: Rotom|84/100 tox|[from] Sandstorm
|-heal|p1a: Hippowdon|70/100|[from] item: Leftovers
|-damage|p2a: Rotom|72/100 tox|[from] psn
|upkeep
|turn|27
|
|t:|1666712026
|switch|p2a: Primarina|Primarina, M|76/100
|move|p1a: Hippowdon|Stealth Rock|p2a: Primarina
|-sidestart|p2: Ludwigarum|move: Stealth Rock
|
|-weather|Sandstorm|[upkeep]
|-damage|p2a: Primarina|70/100|[from] Sandstorm
|-heal|p2a: Primarina|76/100|[from] item: Leftovers
|-heal|p1a: Hippowdon|77/100|[from] item: Leftovers
|upkeep
|turn|28
|
|t:|1666712029
|switch|p1a: Chansey|Chansey, F|87/100
|move|p2a: Primarina|Scald|p1a: Chansey
|-damage|p1a: Chansey|76/100
|
|-weather|Sandstorm|[upkeep]
|-damage|p2a: Primarina|70/100|[from] Sandstorm
|-damage|p1a: Chansey|70/100|[from] Sandstorm
|-heal|p2a: Primarina|76/100|[from] item: Leftovers
|upkeep
|turn|29
|
|t:|1666712037
|move|p2a: Primarina|Draining Kiss|p1a: Chansey
|-damage|p1a: Chansey|63/100
|-heal|p2a: Primarina|86/100|[from] drain|[of] p1a: Chansey
|move|p1a: Chansey|Seismic Toss|p2a: Primarina
|-damage|p2a: Primarina|59/100
|
|-weather|Sandstorm|[upkeep]
|-damage|p2a: Primarina|53/100|[from] Sandstorm
|-damage|p1a: Chansey|57/100|[from] Sandstorm
|-heal|p2a: Primarina|59/100|[from] item: Leftovers
|upkeep
|turn|30
|
|t:|1666712047
|switch|p2a: Krookodile|Krookodile, F|58/100
|-damage|p2a: Krookodile|52/100|[from] Stealth Rock
|-ability|p2a: Krookodile|Intimidate|boost
|-unboost|p1a: Chansey|atk|1
|move|p1a: Chansey|Seismic Toss|p2a: Krookodile
|-damage|p2a: Krookodile|22/100
|
|-weather|none
|upkeep
|turn|31
|
|t:|1666712054
|switch|p2a: Jirachi|Jirachi|93/100 brn
|-damage|p2a: Jirachi|87/100 brn|[from] Stealth Rock
|switch|p1a: Salamence|Salamence, F|75/100
|-ability|p1a: Salamence|Intimidate|boost
|-unboost|p2a: Jirachi|atk|1
|
|-heal|p2a: Jirachi|93/100 brn|[from] item: Leftovers
|-damage|p2a: Jirachi|87/100 brn|[from] brn
|upkeep
|turn|32
|
|t:|1666712057
|switch|p1a: Hippowdon|Hippowdon, F|77/100
|-weather|Sandstorm|[from] ability: Sand Stream|[of] p1a: Hippowdon
|move|p2a: Jirachi|Wish|p2a: Jirachi
|
|-weather|Sandstorm|[upkeep]
|-heal|p2a: Jirachi|93/100 brn|[from] item: Leftovers
|-heal|p1a: Hippowdon|83/100|[from] item: Leftovers
|-damage|p2a: Jirachi|87/100 brn|[from] brn
|upkeep
|turn|33
|
|t:|1666712061
|move|p2a: Jirachi|U-turn|p1a: Hippowdon
|-damage|p1a: Hippowdon|80/100
|
|t:|1666712067
|switch|p2a: Celesteela|Celesteela|100/100|[from]move: U-turn
|-damage|p2a: Celesteela|88/100|[from] Stealth Rock
|move|p1a: Hippowdon|Earthquake|p2a: Celesteela
|-immune|p2a: Celesteela
|
|-weather|Sandstorm|[upkeep]
|-heal|p2a: Celesteela|100/100|[from] move: Wish|[wisher] Jirachi
|-heal|p1a: Hippowdon|86/100|[from] item: Leftovers
|upkeep
|turn|34
|
|t:|1666712072
|switch|p1a: Chansey|Chansey, F|57/100
|move|p2a: Celesteela|Fire Blast|p1a: Chansey
|-damage|p1a: Chansey|46/100
|
|-weather|Sandstorm|[upkeep]
|-damage|p1a: Chansey|39/100|[from] Sandstorm
|upkeep
|turn|35
|
|t:|1666712078
|switch|p2a: Jirachi|Jirachi|87/100 brn
|-damage|p2a: Jirachi|81/100 brn|[from] Stealth Rock
|move|p1a: Chansey|Soft-Boiled|p1a: Chansey
|-heal|p1a: Chansey|89/100
|
|-weather|Sandstorm|[upkeep]
|-damage|p1a: Chansey|83/100|[from] Sandstorm
|-heal|p2a: Jirachi|87/100 brn|[from] item: Leftovers
|-damage|p2a: Jirachi|81/100 brn|[from] brn
|upkeep
|turn|36
|
|t:|1666712081
|switch|p1a: Hippowdon|Hippowdon, F|86/100
|move|p2a: Jirachi|Wish|p2a: Jirachi
|
|-weather|none
|-heal|p2a: Jirachi|87/100 brn|[from] item: Leftovers
|-heal|p1a: Hippowdon|92/100|[from] item: Leftovers
|-damage|p2a: Jirachi|81/100 brn|[from] brn
|upkeep
|turn|37
|
|t:|1666712087
|move|p2a: Jirachi|U-turn|p1a: Hippowdon
|-damage|p1a: Hippowdon|87/100
|
|t:|1666712090
|switch|p2a: Primarina|Primarina, M|59/100|[from]move: U-turn
|-damage|p2a: Primarina|46/100|[from] Stealth Rock
|move|p1a: Hippowdon|Earthquake|p2a: Primarina
|-damage|p2a: Primarina|6/100
|
|-heal|p2a: Primarina|61/100|[from] move: Wish|[wisher] Jirachi
|-heal|p2a: Primarina|68/100|[from] item: Leftovers
|-heal|p1a: Hippowdon|93/100|[from] item: Leftovers
|upkeep
|turn|38
|
|t:|1666712097
|move|p2a: Primarina|Substitute|p2a: Primarina
|-start|p2a: Primarina|Substitute
|-damage|p2a: Primarina|43/100
|move|p1a: Hippowdon|Toxic||[still]
|-fail|p1a: Hippowdon
|
|-heal|p2a: Primarina|49/100|[from] item: Leftovers
|-heal|p1a: Hippowdon|99/100|[from] item: Leftovers
|upkeep
|turn|39
|
|t:|1666712101
|switch|p1a: Chansey|Chansey, F|83/100
|move|p2a: Primarina|Scald|p1a: Chansey
|-damage|p1a: Chansey|74/100
|
|-heal|p2a: Primarina|55/100|[from] item: Leftovers
|upkeep
|turn|40
|
|t:|1666712112
|move|p2a: Primarina|Draining Kiss|p1a: Chansey
|-crit|p1a: Chansey
|-damage|p1a: Chansey|63/100
|-heal|p2a: Primarina|70/100|[from] drain|[of] p1a: Chansey
|move|p1a: Chansey|Seismic Toss|p2a: Primarina
|-end|p2a: Primarina|Substitute
|
|-heal|p2a: Primarina|76/100|[from] item: Leftovers
|upkeep
|turn|41
|
|t:|1666712120
|switch|p2a: Jirachi|Jirachi|81/100 brn
|-damage|p2a: Jirachi|75/100 brn|[from] Stealth Rock
|move|p1a: Chansey|Seismic Toss|p2a: Jirachi
|-damage|p2a: Jirachi|50/100 brn
|
|-heal|p2a: Jirachi|56/100 brn|[from] item: Leftovers
|-damage|p2a: Jirachi|50/100 brn|[from] brn
|upkeep
|turn|42
|
|t:|1666712126
|move|p2a: Jirachi|Wish|p2a: Jirachi
|move|p1a: Chansey|Soft-Boiled|p1a: Chansey
|-heal|p1a: Chansey|100/100
|
|-heal|p2a: Jirachi|56/100 brn|[from] item: Leftovers
|-damage|p2a: Jirachi|50/100 brn|[from] brn
|upkeep
|turn|43
|
|t:|1666712133
|switch|p1a: Hippowdon|Hippowdon, F|99/100
|-weather|Sandstorm|[from] ability: Sand Stream|[of] p1a: Hippowdon
|move|p2a: Jirachi|Iron Head|p1a: Hippowdon
|-damage|p1a: Hippowdon|90/100
|
|-weather|Sandstorm|[upkeep]
|-heal|p2a: Jirachi|99/100 brn|[from] move: Wish|[wisher] Jirachi
|-heal|p2a: Jirachi|100/100 brn|[from] item: Leftovers
|-heal|p1a: Hippowdon|96/100|[from] item: Leftovers
|-damage|p2a: Jirachi|94/100 brn|[from] brn
|upkeep
|turn|44
|
|t:|1666712139
|switch|p2a: Rotom|Rotom-Heat|72/100 tox
|move|p1a: Hippowdon|Earthquake|p2a: Rotom
|-immune|p2a: Rotom|[from] ability: Levitate
|
|-weather|Sandstorm|[upkeep]
|-damage|p2a: Rotom|66/100 tox|[from] Sandstorm
|-heal|p1a: Hippowdon|100/100|[from] item: Leftovers
|-damage|p2a: Rotom|60/100 tox|[from] psn
|upkeep
|turn|45
|
|t:|1666712150
|move|p2a: Rotom|Defog|p1a: Hippowdon
|-unboost|p1a: Hippowdon|evasion|1
|-sideend|p2: Ludwigarum|Stealth Rock|[from] move: Defog|[of] p2a: Rotom
|move|p1a: Hippowdon|Earthquake|p2a: Rotom
|-immune|p2a: Rotom|[from] ability: Levitate
|
|-weather|Sandstorm|[upkeep]
|-damage|p2a: Rotom|54/100 tox|[from] Sandstorm
|-damage|p2a: Rotom|42/100 tox|[from] psn
|upkeep
|turn|46
|
|t:|1666712158
|switch|p2a: Celesteela|Celesteela|100/100
|move|p1a: Hippowdon|Stealth Rock|p2a: Celesteela
|-sidestart|p2: Ludwigarum|move: Stealth Rock
|
|-weather|Sandstorm|[upkeep]
|upkeep
|turn|47
|
|t:|1666712165
|switch|p1a: Chansey|Chansey, F|100/100
|move|p2a: Celesteela|Air Slash|p1a: Chansey
|-damage|p1a: Chansey|89/100
|
|-weather|none
|upkeep
|turn|48
|
|t:|1666712182
|switch|p2a: Jirachi|Jirachi|94/100 brn
|-damage|p2a: Jirachi|88/100 brn|[from] Stealth Rock
|move|p1a: Chansey|Seismic Toss|p2a: Jirachi
|-damage|p2a: Jirachi|63/100 brn
|
|-heal|p2a: Jirachi|70/100 brn|[from] item: Leftovers
|-damage|p2a: Jirachi|63/100 brn|[from] brn
|upkeep
|turn|49
|
|t:|1666712186
|switch|p1a: Primarina|Primarina, F|92/100
|move|p2a: Jirachi|Wish|p2a: Jirachi
|
|-heal|p2a: Jirachi|70/100 brn|[from] item: Leftovers
|-damage|p2a: Jirachi|63/100 brn|[from] brn
|upkeep
|turn|50
|
|t:|1666712192
|move|p2a: Jirachi|Protect|p2a: Jirachi
|-singleturn|p2a: Jirachi|Protect
|move|p1a: Primarina|Hydro Pump|p2a: Jirachi
|-activate|p2a: Jirachi|move: Protect
|
|-heal|p2a: Jirachi|100/100 brn|[from] move: Wish|[wisher] Jirachi
|-damage|p2a: Jirachi|94/100 brn|[from] brn
|upkeep
|turn|51
|
|t:|1666712197
|switch|p2a: Primarina|Primarina, M|76/100
|-damage|p2a: Primarina|63/100|[from] Stealth Rock
|move|p1a: Primarina|Hydro Pump|p2a: Primarina|[miss]
|-miss|p1a: Primarina|p2a: Primarina
|
|-heal|p2a: Primarina|69/100|[from] item: Leftovers
|upkeep
|turn|52
|
|t:|1666712201
|move|p1a: Primarina|Hydro Pump|p2a: Primarina
|-resisted|p2a: Primarina
|-damage|p2a: Primarina|41/100
|move|p2a: Primarina|Scald|p1a: Primarina
|-resisted|p1a: Primarina
|-damage|p1a: Primarina|76/100
|
|-heal|p2a: Primarina|47/100|[from] item: Leftovers
|upkeep
|turn|53
|
|t:|1666712205
|switch|p1a: Chansey|Chansey, F|89/100
|move|p2a: Primarina|Substitute|p2a: Primarina
|-start|p2a: Primarina|Substitute
|-damage|p2a: Primarina|22/100
|
|-heal|p2a: Primarina|28/100|[from] item: Leftovers
|upkeep
|turn|54
|
|t:|1666712210
|move|p2a: Primarina|Draining Kiss|p1a: Chansey
|-damage|p1a: Chansey|83/100
|-heal|p2a: Primarina|37/100|[from] drain|[of] p1a: Chansey
|move|p1a: Chansey|Seismic Toss|p2a: Primarina
|-end|p2a: Primarina|Substitute
|
|-heal|p2a: Primarina|43/100|[from] item: Leftovers
|upkeep
|turn|55
|
|t:|1666712219
|switch|p2a: Jirachi|Jirachi|94/100 brn
|-damage|p2a: Jirachi|88/100 brn|[from] Stealth Rock
|switch|p1a: Primarina|Primarina, F|76/100
|
|-heal|p2a: Jirachi|94/100 brn|[from] item: Leftovers
|-damage|p2a: Jirachi|88/100 brn|[from] brn
|upkeep
|turn|56
|
|t:|1666712224
|move|p2a: Jirachi|Protect|p2a: Jirachi
|-singleturn|p2a: Jirachi|Protect
|move|p1a: Primarina|Hydro Pump|p2a: Jirachi
|-activate|p2a: Jirachi|move: Protect
|
|-heal|p2a: Jirachi|94/100 brn|[from] item: Leftovers
|-damage|p2a: Jirachi|88/100 brn|[from] brn
|upkeep
|turn|57
|
|t:|1666712228
|move|p2a: Jirachi|Wish|p2a: Jirachi
|move|p1a: Primarina|Hydro Pump|p2a: Jirachi
|-damage|p2a: Jirachi|28/100 brn
|
|-heal|p2a: Jirachi|35/100 brn|[from] item: Leftovers
|-damage|p2a: Jirachi|28/100 brn|[from] brn
|upkeep
|turn|58
|
|t:|1666712232
|switch|p1a: Hippowdon|Hippowdon, F|100/100
|-weather|Sandstorm|[from] ability: Sand Stream|[of] p1a: Hippowdon
|move|p2a: Jirachi|Protect||[still]
|-fail|p2a: Jirachi
|
|-weather|Sandstorm|[upkeep]
|-heal|p2a: Jirachi|78/100 brn|[from] move: Wish|[wisher] Jirachi
|-heal|p2a: Jirachi|85/100 brn|[from] item: Leftovers
|-damage|p2a: Jirachi|78/100 brn|[from] brn
|upkeep
|turn|59
|
|t:|1666712237
|switch|p2a: Celesteela|Celesteela|100/100
|-damage|p2a: Celesteela|88/100|[from] Stealth Rock
|move|p1a: Hippowdon|Earthquake|p2a: Celesteela
|-immune|p2a: Celesteela
|
|-weather|Sandstorm|[upkeep]
|upkeep
|turn|60
|
|t:|1666712241
|switch|p1a: Chansey|Chansey, F|83/100
|move|p2a: Celesteela|Fire Blast|p1a: Chansey
|-damage|p1a: Chansey|72/100
|
|-weather|Sandstorm|[upkeep]
|-damage|p1a: Chansey|66/100|[from] Sandstorm
|upkeep
|turn|61
|
|t:|1666712245
|switch|p2a: Jirachi|Jirachi|78/100 brn
|-damage|p2a: Jirachi|72/100 brn|[from] Stealth Rock
|move|p1a: Chansey|Soft-Boiled|p1a: Chansey
|-heal|p1a: Chansey|100/100
|
|-weather|Sandstorm|[upkeep]
|-damage|p1a: Chansey|94/100|[from] Sandstorm
|-heal|p2a: Jirachi|78/100 brn|[from] item: Leftovers
|-damage|p2a: Jirachi|72/100 brn|[from] brn
|upkeep
|turn|62
|
|t:|1666712248
|switch|p1a: Cofagrigus|Cofagrigus, M|87/100
|move|p2a: Jirachi|Wish|p2a: Jirachi
|
|-weather|none
|-heal|p2a: Jirachi|78/100 brn|[from] item: Leftovers
|-damage|p2a: Jirachi|72/100 brn|[from] brn
|upkeep
|turn|63
|
|t:|1666712252
|move|p2a: Jirachi|U-turn|p1a: Cofagrigus
|-resisted|p1a: Cofagrigus
|-damage|p1a: Cofagrigus|85/100
|-activate|p1a: Cofagrigus|ability: Mummy|Serene Grace|[of] p2a: Jirachi
|
|t:|1666712257
|switch|p2a: Krookodile|Krookodile, F|22/100|[from]move: U-turn
|-damage|p2a: Krookodile|16/100|[from] Stealth Rock
|-ability|p2a: Krookodile|Intimidate|boost
|-unboost|p1a: Cofagrigus|atk|1
|move|p1a: Cofagrigus|Iron Defense|p1a: Cofagrigus
|-boost|p1a: Cofagrigus|def|2
|
|-heal|p2a: Krookodile|77/100|[from] move: Wish|[wisher] Jirachi
|upkeep
|turn|64
|
|t:|1666712260
|move|p2a: Krookodile|Toxic|p1a: Cofagrigus
|-status|p1a: Cofagrigus|tox
|move|p1a: Cofagrigus|Body Press|p2a: Krookodile
|-supereffective|p2a: Krookodile
|-damage|p2a: Krookodile|0 fnt
|faint|p2a: Krookodile
|
|-damage|p1a: Cofagrigus|78/100 tox|[from] psn
|upkeep
|
|t:|1666712281
|switch|p2a: Celesteela|Celesteela|88/100
|-damage|p2a: Celesteela|76/100|[from] Stealth Rock
|turn|65
|
|t:|1666712285
|switch|p1a: Chansey|Chansey, F|94/100
|move|p2a: Celesteela|Air Slash|p1a: Chansey
|-damage|p1a: Chansey|83/100
|
|upkeep
|turn|66
|
|t:|1666712289
|switch|p2a: Jirachi|Jirachi|72/100 brn
|-damage|p2a: Jirachi|66/100 brn|[from] Stealth Rock
|move|p1a: Chansey|Seismic Toss|p2a: Jirachi
|-damage|p2a: Jirachi|41/100 brn
|
|-heal|p2a: Jirachi|48/100 brn|[from] item: Leftovers
|-damage|p2a: Jirachi|41/100 brn|[from] brn
|upkeep
|turn|67
|
|t:|1666712295
|move|p2a: Jirachi|Wish|p2a: Jirachi
|move|p1a: Chansey|Heal Bell|p1a: Chansey
|-activate|p1a: Chansey|move: Heal Bell
|-curestatus|p1: Cofagrigus|tox|[msg]
|
|-heal|p2a: Jirachi|48/100 brn|[from] item: Leftovers
|-damage|p2a: Jirachi|41/100 brn|[from] brn
|upkeep
|turn|68
|
|t:|1666712309
|switch|p1a: Cofagrigus|Cofagrigus, M|78/100
|move|p2a: Jirachi|Iron Head|p1a: Cofagrigus
|-damage|p1a: Cofagrigus|69/100
|-activate|p1a: Cofagrigus|ability: Mummy|Serene Grace|[of] p2a: Jirachi
|
|-heal|p2a: Jirachi|91/100 brn|[from] move: Wish|[wisher] Jirachi
|-heal|p2a: Jirachi|98/100 brn|[from] item: Leftovers
|-damage|p2a: Jirachi|91/100 brn|[from] brn
|upkeep
|turn|69
|
|t:|1666712317
|move|p2a: Jirachi|Wish|p2a: Jirachi
|move|p1a: Cofagrigus|Iron Defense|p1a: Cofagrigus
|-boost|p1a: Cofagrigus|def|2
|
|-heal|p2a: Jirachi|98/100 brn|[from] item: Leftovers
|-damage|p2a: Jirachi|91/100 brn|[from] brn
|upkeep
|turn|70
|
|t:|1666712324
|move|p2a: Jirachi|U-turn|p1a: Cofagrigus
|-resisted|p1a: Cofagrigus
|-damage|p1a: Cofagrigus|68/100
|
|t:|1666712340
|switch|p2a: Primarina|Primarina, M|43/100|[from]move: U-turn
|-damage|p2a: Primarina|31/100|[from] Stealth Rock
|move|p1a: Cofagrigus|Body Press|p2a: Primarina
|-resisted|p2a: Primarina
|-damage|p2a: Primarina|0 fnt
|faint|p2a: Primarina
|
|upkeep
|-message|Ludwigarum forfeited.
|
|win|ExiDudi
|raw|ExiDudi's rating: 1449 &rarr; <strong>1466</strong><br />(+17 for winning)
|raw|Ludwigarum's rating: 1391 &rarr; <strong>1374</strong><br />(-17 for losing)
|l|☆Ludwigarum
||Ladder isn't responding, score probably updated but might not have (Request timeout).
