|j|☆tooth048
|j|☆DQ Low Tier Legend
|t:|1641734590
|gametype|singles
|player|p1|tooth048|drayden|1131
|player|p2|DQ Low Tier Legend|169|1116
|teamsize|p1|6
|teamsize|p2|6
|gen|8
|tier|[Gen 8] UU
|rated|
|rule|Sleep Clause Mod: Limit one foe put to sleep
|rule|Species Clause: Limit one of each Pokémon
|rule|OHKO Clause: OHKO moves are banned
|rule|Evasion Moves Clause: Evasion moves are banned
|rule|Endless Battle Clause: Forcing endless battles is banned
|rule|HP Percentage Mod: HP is shown in percentages
|rule|Dynamax Clause: You cannot dynamax
|clearpoke
|poke|p1|Cursola, M|
|poke|p1|Venusaur, M|
|poke|p1|Goodra, M|
|poke|p1|Coalossal, M|
|poke|p1|Torkoal, M|
|poke|p1|Shiftry, F|
|poke|p2|Suicune|
|poke|p2|Chandelure, F|
|poke|p2|Tangrowth, F|
|poke|p2|Chansey, F|
|poke|p2|Jirachi|
|poke|p2|Flygon, M|
|teampreview
|
|t:|1641734605
|start
|switch|p1a: Cursola|Cursola, M|100/100
|switch|p2a: Suicune|Suicune|100/100
|-ability|p2a: Suicune|Pressure
|turn|1
|
|t:|1641734615
|switch|p2a: Chansey|Chansey, F|100/100
|switch|p1a: Torkoal|Torkoal, M, shiny|100/100
|-weather|SunnyDay|[from] ability: Drought|[of] p1a: Torkoal
|
|-weather|SunnyDay|[upkeep]
|upkeep
|turn|2
|
|t:|1641734622
|move|p2a: Chansey|Toxic|p1a: Torkoal|[miss]
|-miss|p2a: Chansey|p1a: Torkoal
|move|p1a: Torkoal|Body Press|p2a: Chansey
|-supereffective|p2a: Chansey
|-damage|p2a: Chansey|55/100
|
|-weather|SunnyDay|[upkeep]
|upkeep
|turn|3
|
|t:|1641734629
|switch|p1a: Venusaur|Venusaur, M, shiny|100/100
|move|p2a: Chansey|Toxic|p1a: Venusaur|[miss]
|-miss|p2a: Chansey|p1a: Venusaur
|
|-weather|SunnyDay|[upkeep]
|upkeep
|turn|4
|
|t:|1641734635
|move|p1a: Venusaur|Growth|p1a: Venusaur
|-boost|p1a: Venusaur|atk|2
|-boost|p1a: Venusaur|spa|2
|move|p2a: Chansey|Wish|p2a: Chansey
|
|-weather|SunnyDay|[upkeep]
|upkeep
|turn|5
|
|t:|1641734642
|move|p1a: Venusaur|Growth|p1a: Venusaur
|-boost|p1a: Venusaur|atk|2
|-boost|p1a: Venusaur|spa|2
|move|p2a: Chansey|Seismic Toss|p1a: Venusaur
|-damage|p1a: Venusaur|67/100
|
|-weather|SunnyDay|[upkeep]
|-heal|p2a: Chansey|100/100|[from] move: Wish|[wisher] Chansey
|upkeep
|turn|6
|inactive|Battle timer is ON: inactive players will automatically lose when time's up. (requested by DQ Low Tier Legend)
|
|t:|1641734651
|move|p1a: Venusaur|Growth|p1a: Venusaur
|-boost|p1a: Venusaur|atk|2
|-boost|p1a: Venusaur|spa|2
|move|p2a: Chansey|Soft-Boiled||[still]
|-fail|p2a: Chansey|heal
|
|-weather|SunnyDay|[upkeep]
|upkeep
|turn|7
|
|t:|1641734657
|move|p1a: Venusaur|Giga Drain|p2a: Chansey
|-damage|p2a: Chansey|45/100
|-heal|p1a: Venusaur|100/100|[from] drain|[of] p2a: Chansey
|-damage|p1a: Venusaur|91/100|[from] item: Life Orb
|move|p2a: Chansey|Soft-Boiled|p2a: Chansey
|-heal|p2a: Chansey|96/100
|
|-weather|SunnyDay|[upkeep]
|upkeep
|turn|8
|
|t:|1641734665
|move|p1a: Venusaur|Giga Drain|p2a: Chansey
|-damage|p2a: Chansey|43/100
|-heal|p1a: Venusaur|100/100|[from] drain|[of] p2a: Chansey
|-damage|p1a: Venusaur|91/100|[from] item: Life Orb
|move|p2a: Chansey|Soft-Boiled|p2a: Chansey
|-heal|p2a: Chansey|93/100
|
|-weather|none
|upkeep
|turn|9
|
|t:|1641734675
|switch|p2a: Jirachi|Jirachi|100/100
|move|p1a: Venusaur|Earth Power|p2a: Jirachi
|-supereffective|p2a: Jirachi
|-damage|p2a: Jirachi|0 fnt
|faint|p2a: Jirachi
|-damage|p1a: Venusaur|81/100|[from] item: Life Orb
|
|upkeep
|
|t:|1641734682
|switch|p2a: Chandelure|Chandelure, F|100/100
|turn|10
|
|t:|1641734690
|switch|p1a: Coalossal|Coalossal, M|100/100
|move|p2a: Chandelure|Shadow Ball|p1a: Coalossal
|-damage|p1a: Coalossal|34/100
|
|upkeep
|turn|11
|
|t:|1641734697
|switch|p1a: Goodra|Goodra, M|100/100
|move|p2a: Chandelure|Shadow Ball|p1a: Goodra
|-damage|p1a: Goodra|68/100
|-unboost|p1a: Goodra|spd|1
|
|upkeep
|turn|12
|
|t:|1641734708
|switch|p2a: Chansey|Chansey, F|93/100
|move|p1a: Goodra|Draco Meteor|p2a: Chansey
|-damage|p2a: Chansey|73/100
|-unboost|p1a: Goodra|spa|2
|
|upkeep
|turn|13
|
|t:|1641734719
|switch|p1a: Venusaur|Venusaur, M, shiny|81/100
|switch|p2a: Suicune|Suicune|100/100
|-ability|p2a: Suicune|Pressure
|
|upkeep
|turn|14
|
|t:|1641734727
|switch|p2a: Chansey|Chansey, F|73/100
|switch|p1a: Torkoal|Torkoal, M, shiny|100/100
|-weather|SunnyDay|[from] ability: Drought|[of] p1a: Torkoal
|
|-weather|SunnyDay|[upkeep]
|upkeep
|turn|15
|
|t:|1641734738
|switch|p2a: Chandelure|Chandelure, F|100/100
|move|p1a: Torkoal|Yawn|p2a: Chandelure
|-start|p2a: Chandelure|move: Yawn|[of] p1a: Torkoal
|
|-weather|SunnyDay|[upkeep]
|upkeep
|turn|16
|
|t:|1641734748
|switch|p2a: Suicune|Suicune|100/100
|-ability|p2a: Suicune|Pressure
|switch|p1a: Cursola|Cursola, M|100/100
|
|-weather|SunnyDay|[upkeep]
|upkeep
|turn|17
|
|t:|1641734757
|switch|p2a: Chansey|Chansey, F|73/100
|move|p1a: Cursola|Shadow Ball|p2a: Chansey
|-immune|p2a: Chansey
|
|-weather|SunnyDay|[upkeep]
|upkeep
|turn|18
|
|t:|1641734765
|switch|p1a: Venusaur|Venusaur, M, shiny|81/100
|switch|p2a: Chandelure|Chandelure, F|100/100
|
|-weather|SunnyDay|[upkeep]
|upkeep
|turn|19
|
|t:|1641734773
|switch|p1a: Goodra|Goodra, M|68/100
|switch|p2a: Flygon|Flygon, M|100/100
|
|-weather|SunnyDay|[upkeep]
|upkeep
|turn|20
|
|t:|1641734780
|switch|p1a: Torkoal|Torkoal, M, shiny|100/100
|move|p2a: Flygon|Outrage|p1a: Torkoal
|-damage|p1a: Torkoal|71/100
|
|-weather|SunnyDay|[upkeep]
|upkeep
|turn|21
|
|t:|1641734785
|move|p2a: Flygon|Outrage|p1a: Torkoal|[from]lockedmove
|-damage|p1a: Torkoal|43/100
|-start|p2a: Flygon|confusion|[fatigue]
|move|p1a: Torkoal|Yawn|p2a: Flygon
|-start|p2a: Flygon|move: Yawn|[of] p1a: Torkoal
|
|-weather|none
|upkeep
|turn|22
|
|t:|1641734794
|switch|p2a: Suicune|Suicune|100/100
|-ability|p2a: Suicune|Pressure
|move|p1a: Torkoal|Body Press|p2a: Suicune
|-damage|p2a: Suicune|76/100
|
|-heal|p2a: Suicune|82/100|[from] item: Leftovers
|upkeep
|turn|23
|
|t:|1641734803
|switch|p1a: Coalossal|Coalossal, M|34/100
|move|p2a: Suicune|Substitute|p2a: Suicune
|-start|p2a: Suicune|Substitute
|-damage|p2a: Suicune|57/100
|
|-heal|p2a: Suicune|64/100|[from] item: Leftovers
|upkeep
|turn|24
|
|t:|1641734813
|move|p2a: Suicune|Calm Mind|p2a: Suicune
|-boost|p2a: Suicune|spa|1
|-boost|p2a: Suicune|spd|1
|move|p1a: Coalossal|Earth Power|p2a: Suicune
|-activate|p2a: Suicune|move: Substitute|[damage]
|
|-heal|p2a: Suicune|70/100|[from] item: Leftovers
|upkeep
|turn|25
|-message|tooth048 forfeited.
|
|win|DQ Low Tier Legend
|raw|tooth048's rating: 1131 &rarr; <strong>1105</strong><br />(-26 for losing)
|raw|DQ Low Tier Legend's rating: 1116 &rarr; <strong>1142</strong><br />(+26 for winning)
|l|☆tooth048
