|j|☆Moontalks
|j|☆elohimm
|t:|1663264835
|gametype|singles
|player|p1|Moontalks|ethan-masters|
|player|p2|elohimm|gentleman-gen4|
|teamsize|p1|6
|teamsize|p2|6
|gen|8
|tier|[Gen 8] UU
|rated|Tournament battle
|rule|Sleep Clause Mod: Limit one foe put to sleep
|rule|Species Clause: Limit one of each Pokémon
|rule|OHKO Clause: OHKO moves are banned
|rule|Evasion Items Clause: Evasion items are banned
|rule|Evasion Moves Clause: Evasion moves are banned
|rule|Endless Battle Clause: Forcing endless battles is banned
|rule|HP Percentage Mod: HP is shown in percentages
|rule|Dynamax Clause: You cannot dynamax
|clearpoke
|poke|p1|Raikou|
|poke|p1|Scizor, M|
|poke|p1|Hippowdon, M|
|poke|p1|Zarude|
|poke|p1|Moltres|
|poke|p1|Slowking, M|
|poke|p2|Mamoswine, F|
|poke|p2|Venusaur, M|
|poke|p2|Jirachi|
|poke|p2|Incineroar, M|
|poke|p2|Salamence, F|
|poke|p2|Rotom-Wash|
|teampreview
|inactive|Battle timer is ON: inactive players will automatically lose when time's up. (requested by Moontalks)
|j| Zephyyyr
|
|t:|1663264859
|start
|switch|p1a: Raikou|Raikou|100/100
|switch|p2a: Jirachi|Jirachi|100/100
|turn|1
|
|t:|1663264864
|move|p1a: Raikou|Scald|p2a: Jirachi
|-damage|p2a: Jirachi|76/100
|move|p2a: Jirachi|U-turn|p1a: Raikou
|-damage|p1a: Raikou|62/100
|inactive|elohimm has 120 seconds left.
|c|☆elohimm|its nice to see others runs scald raikou
|
|t:|1663264907
|switch|p2a: Venusaur|Venusaur, M|100/100|[from]move: U-turn
|
|upkeep
|turn|2
|
|t:|1663264912
|move|p1a: Raikou|Volt Switch|p2a: Venusaur
|-resisted|p2a: Venusaur
|-damage|p2a: Venusaur|83/100
|
|t:|1663264915
|switch|p1a: Scizor|Scizor, M|100/100|[from]move: Volt Switch
|move|p2a: Venusaur|Earth Power|p1a: Scizor
|-damage|p1a: Scizor|70/100
|
|-heal|p2a: Venusaur|89/100|[from] item: Black Sludge
|upkeep
|turn|3
|
|t:|1663264918
|switch|p2a: Incineroar|Incineroar, M|100/100
|-ability|p2a: Incineroar|Intimidate|boost
|-unboost|p1a: Scizor|atk|1
|move|p1a: Scizor|Knock Off|p2a: Incineroar
|-resisted|p2a: Incineroar
|-damage|p2a: Incineroar|90/100
|-enditem|p2a: Incineroar|Assault Vest|[from] move: Knock Off|[of] p1a: Scizor
|
|upkeep
|turn|4
|
|t:|1663264929
|switch|p1a: Hippowdon|Hippowdon, M|100/100
|-weather|Sandstorm|[from] ability: Sand Stream|[of] p1a: Hippowdon
|move|p2a: Incineroar|Knock Off|p1a: Hippowdon
|-damage|p1a: Hippowdon|74/100
|-enditem|p1a: Hippowdon|Leftovers|[from] move: Knock Off|[of] p2a: Incineroar
|
|-weather|Sandstorm|[upkeep]
|-damage|p2a: Incineroar|84/100|[from] Sandstorm
|upkeep
|turn|5
|j| who is lilou
|
|t:|1663264940
|move|p2a: Incineroar|U-turn|p1a: Hippowdon
|-damage|p1a: Hippowdon|61/100
|j| Fulbloom
|
|t:|1663264959
|switch|p2a: Venusaur|Venusaur, M|89/100|[from]move: U-turn
|move|p1a: Hippowdon|Stealth Rock|p2a: Venusaur
|-sidestart|p2: elohimm|move: Stealth Rock
|
|-weather|Sandstorm|[upkeep]
|-damage|p2a: Venusaur|83/100|[from] Sandstorm
|-heal|p2a: Venusaur|89/100|[from] item: Black Sludge
|upkeep
|turn|6
|
|t:|1663264972
|switch|p1a: Scizor|Scizor, M|70/100
|move|p2a: Venusaur|Energy Ball|p1a: Scizor
|-resisted|p1a: Scizor
|-damage|p1a: Scizor|58/100
|
|-weather|Sandstorm|[upkeep]
|-damage|p2a: Venusaur|83/100|[from] Sandstorm
|-heal|p2a: Venusaur|89/100|[from] item: Black Sludge
|upkeep
|turn|7
|
|t:|1663264982
|move|p2a: Venusaur|Earth Power|p1a: Scizor
|-damage|p1a: Scizor|30/100
|-unboost|p1a: Scizor|spd|1
|move|p1a: Scizor|Roost|p1a: Scizor
|-heal|p1a: Scizor|80/100
|-singleturn|p1a: Scizor|move: Roost
|
|-weather|Sandstorm|[upkeep]
|-damage|p2a: Venusaur|83/100|[from] Sandstorm
|-heal|p2a: Venusaur|89/100|[from] item: Black Sludge
|upkeep
|turn|8
|
|t:|1663264988
|switch|p1a: Moltres|Moltres|100/100
|move|p2a: Venusaur|Earth Power|p1a: Moltres
|-immune|p1a: Moltres
|
|-weather|none
|-heal|p2a: Venusaur|95/100|[from] item: Black Sludge
|upkeep
|turn|9
|
|t:|1663265015
|switch|p2a: Rotom|Rotom-Wash|100/100
|-damage|p2a: Rotom|88/100|[from] Stealth Rock
|move|p1a: Moltres|U-turn|p2a: Rotom
|-crit|p2a: Rotom
|-damage|p2a: Rotom|60/100
|
|t:|1663265017
|switch|p1a: Zarude|Zarude|100/100|[from]move: U-turn
|
|upkeep
|turn|10
|
|t:|1663265022
|move|p2a: Rotom|Volt Switch|p1a: Zarude
|-resisted|p1a: Zarude
|-damage|p1a: Zarude|88/100
|
|t:|1663265026
|switch|p2a: Venusaur|Venusaur, M|95/100|[from]move: Volt Switch
|-damage|p2a: Venusaur|82/100|[from] Stealth Rock
|move|p1a: Zarude|U-turn|p2a: Venusaur
|-damage|p2a: Venusaur|34/100
|
|t:|1663265035
|switch|p1a: Moltres|Moltres|100/100|[from]move: U-turn
|
|-heal|p2a: Venusaur|40/100|[from] item: Black Sludge
|upkeep
|turn|11
|
|t:|1663265037
|move|p1a: Moltres|Flamethrower|p2a: Venusaur
|-supereffective|p2a: Venusaur
|-damage|p2a: Venusaur|0 fnt
|faint|p2a: Venusaur
|
|upkeep
|j| jmath06
|
|t:|1663265041
|switch|p2a: Rotom|Rotom-Wash|60/100
|-damage|p2a: Rotom|48/100|[from] Stealth Rock
|turn|12
|
|t:|1663265052
|switch|p1a: Zarude|Zarude|88/100
|move|p2a: Rotom|Defog|p1a: Zarude
|-unboost|p1a: Zarude|evasion|1
|-sideend|p2: elohimm|Stealth Rock|[from] move: Defog|[of] p2a: Rotom
|
|upkeep
|turn|13
|
|t:|1663265056
|switch|p2a: Incineroar|Incineroar, M|84/100
|-ability|p2a: Incineroar|Intimidate|boost
|-unboost|p1a: Zarude|atk|1
|move|p1a: Zarude|U-turn|p2a: Incineroar
|-damage|p2a: Incineroar|63/100
|
|t:|1663265059
|switch|p1a: Hippowdon|Hippowdon, M|61/100|[from]move: U-turn
|-weather|Sandstorm|[from] ability: Sand Stream|[of] p1a: Hippowdon
|
|-weather|Sandstorm|[upkeep]
|-damage|p2a: Incineroar|57/100|[from] Sandstorm
|upkeep
|turn|14
|
|t:|1663265064
|move|p2a: Incineroar|Fake Out|p1a: Hippowdon
|-damage|p1a: Hippowdon|53/100
|cant|p1a: Hippowdon|flinch
|
|-weather|Sandstorm|[upkeep]
|-damage|p2a: Incineroar|50/100|[from] Sandstorm
|upkeep
|turn|15
|
|t:|1663265077
|move|p2a: Incineroar|Blaze Kick|p1a: Hippowdon
|-damage|p1a: Hippowdon|29/100
|move|p1a: Hippowdon|Slack Off|p1a: Hippowdon
|-heal|p1a: Hippowdon|79/100
|
|-weather|Sandstorm|[upkeep]
|-damage|p2a: Incineroar|44/100|[from] Sandstorm
|upkeep
|turn|16
|
|t:|1663265082
|move|p2a: Incineroar|U-turn|p1a: Hippowdon
|-damage|p1a: Hippowdon|65/100
|
|t:|1663265089
|switch|p2a: Rotom|Rotom-Wash|48/100|[from]move: U-turn
|move|p1a: Hippowdon|Stealth Rock|p2a: Rotom
|-sidestart|p2: elohimm|move: Stealth Rock
|
|-weather|Sandstorm|[upkeep]
|-damage|p2a: Rotom|42/100|[from] Sandstorm
|upkeep
|turn|17
|l| Fulbloom
|
|t:|1663265113
|switch|p1a: Zarude|Zarude|88/100
|move|p2a: Rotom|Trick|p1a: Zarude
|-activate|p2a: Rotom|move: Trick|[of] p1a: Zarude
|-item|p1a: Zarude|Choice Scarf|[from] move: Trick
|-item|p2a: Rotom|Choice Band|[from] move: Trick
|
|-weather|none
|upkeep
|turn|18
|l| who is lilou
|
|t:|1663265129
|move|p1a: Zarude|Darkest Lariat|p2a: Rotom
|-damage|p2a: Rotom|0 fnt
|faint|p2a: Rotom
|
|upkeep
|
|t:|1663265135
|switch|p2a: Incineroar|Incineroar, M|44/100
|-damage|p2a: Incineroar|20/100|[from] Stealth Rock
|-ability|p2a: Incineroar|Intimidate|boost
|-unboost|p1a: Zarude|atk|1
|turn|19
|
|t:|1663265140
|switch|p1a: Hippowdon|Hippowdon, M|65/100
|-weather|Sandstorm|[from] ability: Sand Stream|[of] p1a: Hippowdon
|move|p2a: Incineroar|Fake Out|p1a: Hippowdon
|-damage|p1a: Hippowdon|57/100
|
|-weather|Sandstorm|[upkeep]
|-damage|p2a: Incineroar|13/100|[from] Sandstorm
|upkeep
|turn|20
|
|t:|1663265143
|move|p2a: Incineroar|Blaze Kick|p1a: Hippowdon
|-damage|p1a: Hippowdon|35/100
|move|p1a: Hippowdon|Slack Off|p1a: Hippowdon
|-heal|p1a: Hippowdon|85/100
|
|-weather|Sandstorm|[upkeep]
|-damage|p2a: Incineroar|7/100|[from] Sandstorm
|upkeep
|turn|21
|
|t:|1663265149
|move|p2a: Incineroar|Blaze Kick|p1a: Hippowdon
|-damage|p1a: Hippowdon|62/100
|move|p1a: Hippowdon|Slack Off|p1a: Hippowdon
|-heal|p1a: Hippowdon|100/100
|
|-weather|Sandstorm|[upkeep]
|-damage|p2a: Incineroar|1/100|[from] Sandstorm
|upkeep
|turn|22
|
|t:|1663265152
|move|p2a: Incineroar|Blaze Kick|p1a: Hippowdon
|-damage|p1a: Hippowdon|76/100
|move|p1a: Hippowdon|Slack Off|p1a: Hippowdon
|-heal|p1a: Hippowdon|100/100
|
|-weather|Sandstorm|[upkeep]
|-damage|p2a: Incineroar|0 fnt|[from] Sandstorm
|faint|p2a: Incineroar
|upkeep
|
|t:|1663265160
|switch|p2a: Salamence|Salamence, F|100/100
|-damage|p2a: Salamence|76/100|[from] Stealth Rock
|turn|23
|
|t:|1663265164
|move|p2a: Salamence|Dragon Dance|p2a: Salamence
|-boost|p2a: Salamence|atk|1
|-boost|p2a: Salamence|spe|1
|move|p1a: Hippowdon|Toxic|p2a: Salamence
|-status|p2a: Salamence|tox
|-enditem|p2a: Salamence|Lum Berry|[eat]
|-curestatus|p2a: Salamence|tox|[msg]
|
|-weather|none
|upkeep
|turn|24
|
|t:|1663265169
|move|p2a: Salamence|Dragon Rush|p1a: Hippowdon|[miss]
|-miss|p2a: Salamence|p1a: Hippowdon
|move|p1a: Hippowdon|Toxic|p2a: Salamence
|-status|p2a: Salamence|tox
|
|-damage|p2a: Salamence|70/100 tox|[from] psn
|upkeep
|turn|25
|
|t:|1663265171
|move|p2a: Salamence|Dragon Rush|p1a: Hippowdon|[miss]
|-miss|p2a: Salamence|p1a: Hippowdon
|move|p1a: Hippowdon|Slack Off||[still]
|-fail|p1a: Hippowdon|heal
|
|-damage|p2a: Salamence|58/100 tox|[from] psn
|upkeep
|turn|26
|
|t:|1663265174
|move|p2a: Salamence|Dragon Rush|p1a: Hippowdon|[miss]
|-miss|p2a: Salamence|p1a: Hippowdon
|move|p1a: Hippowdon|Slack Off||[still]
|-fail|p1a: Hippowdon|heal
|
|-damage|p2a: Salamence|39/100 tox|[from] psn
|upkeep
|turn|27
|
|t:|1663265175
|move|p2a: Salamence|Dragon Rush|p1a: Hippowdon
|-damage|p1a: Hippowdon|43/100
|move|p1a: Hippowdon|Slack Off|p1a: Hippowdon
|-heal|p1a: Hippowdon|93/100
|
|-damage|p2a: Salamence|15/100 tox|[from] psn
|upkeep
|turn|28
|
|t:|1663265178
|move|p2a: Salamence|Dragon Rush|p1a: Hippowdon
|-damage|p1a: Hippowdon|36/100
|move|p1a: Hippowdon|Slack Off|p1a: Hippowdon
|-heal|p1a: Hippowdon|86/100
|
|-damage|p2a: Salamence|0 fnt|[from] psn
|faint|p2a: Salamence
|upkeep
|
|t:|1663265182
|switch|p2a: Jirachi|Jirachi|76/100
|-damage|p2a: Jirachi|70/100|[from] Stealth Rock
|turn|29
|
|t:|1663265184
|move|p2a: Jirachi|Iron Head|p1a: Hippowdon
|-damage|p1a: Hippowdon|53/100
|cant|p1a: Hippowdon|flinch
|
|upkeep
|turn|30
|c|☆elohimm|gotta love this game
|
|t:|1663265192
|switch|p1a: Moltres|Moltres|100/100
|move|p2a: Jirachi|Iron Head|p1a: Moltres
|-resisted|p1a: Moltres
|-damage|p1a: Moltres|73/100
|
|upkeep
|turn|31
|
|t:|1663265205
|move|p2a: Jirachi|Iron Head|p1a: Moltres
|-resisted|p1a: Moltres
|-damage|p1a: Moltres|46/100
|-status|p2a: Jirachi|brn|[from] ability: Flame Body|[of] p1a: Moltres
|cant|p1a: Moltres|flinch
|
|-damage|p2a: Jirachi|64/100 brn|[from] brn
|upkeep
|turn|32
|
|t:|1663265209
|move|p2a: Jirachi|Iron Head|p1a: Moltres
|-resisted|p1a: Moltres
|-crit|p1a: Moltres
|-damage|p1a: Moltres|26/100
|move|p1a: Moltres|Roost|p1a: Moltres
|-heal|p1a: Moltres|77/100
|-singleturn|p1a: Moltres|move: Roost
|
|-damage|p2a: Jirachi|58/100 brn|[from] brn
|upkeep
|turn|33
|
|t:|1663265213
|move|p2a: Jirachi|Iron Head|p1a: Moltres
|-resisted|p1a: Moltres
|-damage|p1a: Moltres|62/100
|cant|p1a: Moltres|flinch
|
|-damage|p2a: Jirachi|52/100 brn|[from] brn
|upkeep
|turn|34
|c|☆elohimm|gg
|
|t:|1663265217
|move|p2a: Jirachi|Iron Head|p1a: Moltres
|-resisted|p1a: Moltres
|-damage|p1a: Moltres|49/100
|cant|p1a: Moltres|flinch
|
|-damage|p2a: Jirachi|46/100 brn|[from] brn
|upkeep
|turn|35
|c|☆Moontalks|gg
|
|t:|1663265220
|move|p2a: Jirachi|Iron Head|p1a: Moltres
|-resisted|p1a: Moltres
|-damage|p1a: Moltres|35/100
|cant|p1a: Moltres|flinch
|
|-damage|p2a: Jirachi|40/100 brn|[from] brn
|upkeep
|turn|36
|
|t:|1663265223
|move|p2a: Jirachi|Iron Head|p1a: Moltres
|-resisted|p1a: Moltres
|-damage|p1a: Moltres|21/100
|cant|p1a: Moltres|flinch
|
|-damage|p2a: Jirachi|33/100 brn|[from] brn
|upkeep
|turn|37
|
|t:|1663265225
|switch|p1a: Scizor|Scizor, M|80/100
|move|p2a: Jirachi|Iron Head|p1a: Scizor
|-resisted|p1a: Scizor
|-damage|p1a: Scizor|68/100
|
|-damage|p2a: Jirachi|27/100 brn|[from] brn
|upkeep
|turn|38
|
|t:|1663265227
|move|p2a: Jirachi|Iron Head|p1a: Scizor
|-resisted|p1a: Scizor
|-damage|p1a: Scizor|57/100
|cant|p1a: Scizor|flinch
|
|-damage|p2a: Jirachi|21/100 brn|[from] brn
|upkeep
|turn|39
|
|t:|1663265235
|move|p2a: Jirachi|Iron Head|p1a: Scizor
|-resisted|p1a: Scizor
|-damage|p1a: Scizor|46/100
|move|p1a: Scizor|Roost|p1a: Scizor
|-heal|p1a: Scizor|96/100
|-singleturn|p1a: Scizor|move: Roost
|
|-damage|p2a: Jirachi|15/100 brn|[from] brn
|upkeep
|turn|40
|
|t:|1663265238
|move|p2a: Jirachi|Iron Head|p1a: Scizor
|-resisted|p1a: Scizor
|-damage|p1a: Scizor|85/100
|cant|p1a: Scizor|flinch
|
|-damage|p2a: Jirachi|9/100 brn|[from] brn
|upkeep
|turn|41
|
|t:|1663265240
|move|p2a: Jirachi|Iron Head|p1a: Scizor
|-resisted|p1a: Scizor
|-damage|p1a: Scizor|74/100
|cant|p1a: Scizor|flinch
|
|-damage|p2a: Jirachi|3/100 brn|[from] brn
|upkeep
|turn|42
|
|t:|1663265243
|move|p2a: Jirachi|Iron Head|p1a: Scizor
|-resisted|p1a: Scizor
|-damage|p1a: Scizor|64/100
|cant|p1a: Scizor|flinch
|
|-damage|p2a: Jirachi|0 fnt|[from] brn
|faint|p2a: Jirachi
|upkeep
|
|t:|1663265245
|switch|p2a: Mamoswine|Mamoswine, F|100/100
|-damage|p2a: Mamoswine|88/100|[from] Stealth Rock
|turn|43
|
|t:|1663265247
|move|p1a: Scizor|Bullet Punch|p2a: Mamoswine
|-supereffective|p2a: Mamoswine
|-damage|p2a: Mamoswine|24/100
|move|p2a: Mamoswine|Knock Off|p1a: Scizor
|-damage|p1a: Scizor|21/100
|-enditem|p1a: Scizor|Heavy-Duty Boots|[from] move: Knock Off|[of] p2a: Mamoswine
|
|upkeep
|turn|44
|
|t:|1663265249
|move|p1a: Scizor|Bullet Punch|p2a: Mamoswine
|-supereffective|p2a: Mamoswine
|-damage|p2a: Mamoswine|0 fnt
|faint|p2a: Mamoswine
|
|win|Moontalks
|n|☆Moontalks|moontalks
|n|☆elohimm|elohimm
|n| Zephyyyr|zephyyyr
|n| jmath06|jmath06
