|j|☆AlvusWrath
|j|☆Firquen
|player|p1|AlvusWrath|wallace-gen3rs|1295
|player|p2|Firquen|benga|1320
|teamsize|p1|6
|teamsize|p2|6
|gametype|singles
|gen|8
|tier|[Gen 8] UU
|rated|
|clearpoke
|poke|p1|Toxtricity, M|
|poke|p1|Milotic, M|
|poke|p1|Bronzong|
|poke|p1|Haxorus, M|
|poke|p1|Tsareena, F|
|poke|p1|Weezing-Galar, F|
|poke|p2|Torkoal, F|
|poke|p2|Espeon, F|
|poke|p2|Darmanitan, F|
|poke|p2|Venusaur, M|
|poke|p2|Flygon, M|
|poke|p2|Heliolisk, M|
|rule|Sleep Clause Mod: Limit one foe put to sleep
|rule|Species Clause: Limit one of each Pokémon
|rule|OHKO Clause: OHKO moves are banned
|rule|Evasion Moves Clause: Evasion moves are banned
|rule|Endless Battle Clause: Forcing endless battles is banned
|rule|HP Percentage Mod: HP is shown in percentages
|rule|Dynamax Clause: You cannot dynamax
|teampreview
|
|start
|switch|p1a: Toxtricity|Toxtricity, M|100/100
|switch|p2a: Darmanitan|Darmanitan, F|100/100
|turn|1
|
|switch|p1a: Milotic|Milotic, M|100/100
|move|p2a: Darmanitan|U-turn|p1a: Milotic
|-damage|p1a: Milotic|80/100
|
|switch|p2a: Torkoal|Torkoal, F|100/100|[from]move: U-turn
|-weather|SunnyDay|[from] ability: Drought|[of] p2a: Torkoal
|
|-weather|SunnyDay|[upkeep]
|-heal|p1a: Milotic|86/100|[from] item: Leftovers
|upkeep
|turn|2
|
|switch|p1a: Toxtricity|Toxtricity, M|100/100
|move|p2a: Torkoal|Earth Power|p1a: Toxtricity
|-supereffective|p1a: Toxtricity
|-damage|p1a: Toxtricity|0 fnt
|faint|p1a: Toxtricity
|
|-weather|SunnyDay|[upkeep]
|upkeep
|
|switch|p1a: Weezing|Weezing-Galar, F|100/100
|turn|3
|
|move|p1a: Weezing|Sludge Bomb|p2a: Torkoal
|-damage|p2a: Torkoal|66/100
|move|p2a: Torkoal|Stealth Rock|p1a: Weezing
|-sidestart|p1: AlvusWrath|move: Stealth Rock
|
|-weather|SunnyDay|[upkeep]
|upkeep
|turn|4
|
|switch|p2a: Heliolisk|Heliolisk, M|100/100
|move|p1a: Weezing|Defog|p2a: Heliolisk
|-unboost|p2a: Heliolisk|evasion|1
|-sideend|p1: AlvusWrath|Stealth Rock|[from] move: Defog|[of] p1a: Weezing
|
|-weather|SunnyDay|[upkeep]
|-damage|p2a: Heliolisk|88/100|[from] ability: Solar Power|[of] p2a: Heliolisk
|upkeep
|turn|5
|
|switch|p1a: Bronzong|Bronzong|100/100
|move|p2a: Heliolisk|Thunderbolt|p1a: Bronzong
|-damage|p1a: Bronzong|42/100
|
|-weather|SunnyDay|[upkeep]
|-damage|p2a: Heliolisk|76/100|[from] ability: Solar Power|[of] p2a: Heliolisk
|-heal|p1a: Bronzong|48/100|[from] item: Leftovers
|upkeep
|turn|6
|
|move|p1a: Bronzong|Protect|p1a: Bronzong
|-singleturn|p1a: Bronzong|Protect
|move|p2a: Heliolisk|Thunderbolt|p1a: Bronzong
|-activate|p1a: Bronzong|move: Protect
|
|-weather|SunnyDay|[upkeep]
|-damage|p2a: Heliolisk|63/100|[from] ability: Solar Power|[of] p2a: Heliolisk
|-heal|p1a: Bronzong|54/100|[from] item: Leftovers
|upkeep
|turn|7
|
|move|p2a: Heliolisk|Thunderbolt|p1a: Bronzong
|-damage|p1a: Bronzong|0 fnt
|faint|p1a: Bronzong
|
|-weather|SunnyDay|[upkeep]
|-damage|p2a: Heliolisk|51/100|[from] ability: Solar Power|[of] p2a: Heliolisk
|upkeep
|
|switch|p1a: Haxorus|Haxorus, M|100/100
|-ability|p1a: Haxorus|Mold Breaker
|turn|8
|
|switch|p2a: Flygon|Flygon, M|100/100
|move|p1a: Haxorus|Earthquake|p2a: Flygon
|-damage|p2a: Flygon|22/100
|
|-weather|none
|upkeep
|turn|9
|
|switch|p1a: Weezing|Weezing-Galar, F|100/100
|move|p2a: Flygon|Outrage|p1a: Weezing
|-immune|p1a: Weezing
|
|upkeep
|turn|10
|
|move|p2a: Flygon|U-turn|p1a: Weezing
|-resisted|p1a: Weezing
|-damage|p1a: Weezing|96/100
|
|switch|p2a: Espeon|Espeon, F|100/100|[from]move: U-turn
|move|p1a: Weezing|Sludge Bomb|p2a: Espeon
|-damage|p2a: Espeon|71/100
|
|-heal|p2a: Espeon|77/100|[from] item: Leftovers
|-heal|p1a: Weezing|100/100|[from] item: Black Sludge
|upkeep
|turn|11
|
|switch|p1a: Milotic|Milotic, M|86/100
|move|p2a: Espeon|Wish|p2a: Espeon
|
|-heal|p2a: Espeon|83/100|[from] item: Leftovers
|-heal|p1a: Milotic|92/100|[from] item: Leftovers
|upkeep
|turn|12
|
|switch|p2a: Heliolisk|Heliolisk, M|51/100
|move|p1a: Milotic|Scald|p2a: Heliolisk
|-damage|p2a: Heliolisk|14/100
|
|-heal|p2a: Heliolisk|77/100|[from] move: Wish|[wisher] Espeon
|-heal|p1a: Milotic|98/100|[from] item: Leftovers
|upkeep
|turn|13
|
|switch|p1a: Weezing|Weezing-Galar, F|100/100
|move|p2a: Heliolisk|Volt Switch|p1a: Weezing
|-damage|p1a: Weezing|59/100
|
|switch|p2a: Espeon|Espeon, F|83/100|[from]move: Volt Switch
|
|-heal|p2a: Espeon|89/100|[from] item: Leftovers
|-heal|p1a: Weezing|65/100|[from] item: Black Sludge
|upkeep
|turn|14
|
|move|p2a: Espeon|Wish|p2a: Espeon
|move|p1a: Weezing|Sludge Bomb|p2a: Espeon
|-crit|p2a: Espeon
|-damage|p2a: Espeon|41/100
|
|-heal|p2a: Espeon|47/100|[from] item: Leftovers
|-heal|p1a: Weezing|71/100|[from] item: Black Sludge
|upkeep
|turn|15
|
|switch|p1a: Milotic|Milotic, M|98/100
|move|p2a: Espeon|Calm Mind|p2a: Espeon
|-boost|p2a: Espeon|spa|1
|-boost|p2a: Espeon|spd|1
|
|-heal|p2a: Espeon|97/100|[from] move: Wish|[wisher] Espeon
|-heal|p2a: Espeon|100/100|[from] item: Leftovers
|-heal|p1a: Milotic|100/100|[from] item: Leftovers
|upkeep
|turn|16
|
|switch|p1a: Haxorus|Haxorus, M|100/100
|-ability|p1a: Haxorus|Mold Breaker
|move|p2a: Espeon|Psychic|p1a: Haxorus
|-damage|p1a: Haxorus|4/100
|
|upkeep
|turn|17
|
|move|p1a: Haxorus|First Impression|p2a: Espeon
|-supereffective|p2a: Espeon
|-damage|p2a: Espeon|0 fnt
|faint|p2a: Espeon
|
|upkeep
|
|switch|p2a: Torkoal|Torkoal, F|66/100
|-weather|SunnyDay|[from] ability: Drought|[of] p2a: Torkoal
|turn|18
|
|switch|p1a: Milotic|Milotic, M|100/100
|move|p2a: Torkoal|Stealth Rock|p1a: Milotic
|-sidestart|p1: AlvusWrath|move: Stealth Rock
|
|-weather|SunnyDay|[upkeep]
|upkeep
|turn|19
|
|switch|p2a: Venusaur|Venusaur, M|100/100
|move|p1a: Milotic|Ice Beam|p2a: Venusaur
|-supereffective|p2a: Venusaur
|-damage|p2a: Venusaur|55/100
|
|-weather|SunnyDay|[upkeep]
|upkeep
|turn|20
|
|switch|p1a: Weezing|Weezing-Galar, F|71/100
|-damage|p1a: Weezing|59/100|[from] Stealth Rock
|move|p2a: Venusaur|Solar Beam||[still]
|-prepare|p2a: Venusaur|Solar Beam|p1a: Weezing
|-anim|p2a: Venusaur|Solar Beam|p1a: Weezing
|-resisted|p1a: Weezing
|-damage|p1a: Weezing|24/100
|-damage|p2a: Venusaur|45/100|[from] item: Life Orb
|
|-weather|SunnyDay|[upkeep]
|-heal|p1a: Weezing|30/100|[from] item: Black Sludge
|upkeep
|turn|21
|
|move|p2a: Venusaur|Solar Beam||[still]
|-prepare|p2a: Venusaur|Solar Beam|p1a: Weezing
|-anim|p2a: Venusaur|Solar Beam|p1a: Weezing
|-resisted|p1a: Weezing
|-damage|p1a: Weezing|0 fnt
|-damage|p2a: Venusaur|35/100|[from] item: Life Orb
|faint|p1a: Weezing
|
|-weather|SunnyDay|[upkeep]
|upkeep
|-message|AlvusWrath forfeited.
|
|win|Firquen
|l|☆AlvusWrath
|raw|AlvusWrath's rating: 1296 &rarr; <strong>1272</strong><br />(-24 for losing)
|raw|Firquen's rating: 1321 &rarr; <strong>1339</strong><br />(+18 for winning)
