|j|☆Kla0Trixx
|j|☆UULT81x Reimu
|t:|1623586057
|gametype|singles
|player|p1|Kla0Trixx|101|1460
|player|p2|UULT81x Reimu|lucas|1521
|teamsize|p1|6
|teamsize|p2|6
|gen|8
|tier|[Gen 8] UU
|rated|
|rule|Sleep Clause Mod: Limit one foe put to sleep
|rule|Species Clause: Limit one of each Pokémon
|rule|OHKO Clause: OHKO moves are banned
|rule|Evasion Moves Clause: Evasion moves are banned
|rule|Endless Battle Clause: Forcing endless battles is banned
|rule|HP Percentage Mod: HP is shown in percentages
|rule|Dynamax Clause: You cannot dynamax
|clearpoke
|poke|p1|Gastrodon, F|
|poke|p1|Rotom-Heat|
|poke|p1|Primarina, M|
|poke|p1|Jirachi|
|poke|p1|Mamoswine, M|
|poke|p1|Obstagoon, F|
|poke|p2|Azelf|
|poke|p2|Mamoswine, M|
|poke|p2|Lycanroc-Dusk, M|
|poke|p2|Amoonguss, F|
|poke|p2|Rotom-Heat|
|poke|p2|Raikou|
|teampreview
|inactive|Battle timer is ON: inactive players will automatically lose when time's up. (requested by UULT81x Reimu)
|
|t:|1623586068
|start
|switch|p1a: Jirachi|Jirachi|100/100
|switch|p2a: Lycanroc|Lycanroc-Dusk, M|100/100
|turn|1
|
|t:|1623586073
|switch|p2a: Rotom|Rotom-Heat|100/100
|move|p1a: Jirachi|Iron Head|p2a: Rotom
|-resisted|p2a: Rotom
|-damage|p2a: Rotom|94/100
|
|upkeep
|turn|2
|
|t:|1623586093
|switch|p2a: Amoonguss|Amoonguss, F|100/100
|move|p1a: Jirachi|Protect||[still]
|-fail|p1a: Jirachi
|
|upkeep
|turn|3
|
|t:|1623586103
|switch|p2a: Rotom|Rotom-Heat|94/100
|move|p1a: Jirachi|Protect||[still]
|-fail|p1a: Jirachi
|
|upkeep
|turn|4
|
|t:|1623586109
|move|p1a: Jirachi|Protect|p1a: Jirachi
|-singleturn|p1a: Jirachi|Protect
|move|p2a: Rotom|Volt Switch|p1a: Jirachi
|-activate|p1a: Jirachi|move: Protect
|
|upkeep
|turn|5
|
|t:|1623586114
|move|p2a: Rotom|Overheat|p1a: Jirachi
|-supereffective|p1a: Jirachi
|-damage|p1a: Jirachi|42/100
|-unboost|p2a: Rotom|spa|2
|move|p1a: Jirachi|Stealth Rock|p2a: Rotom
|-sidestart|p2: UULT81x Reimu|move: Stealth Rock
|
|-heal|p1a: Jirachi|48/100|[from] item: Leftovers
|upkeep
|turn|6
|
|t:|1623586120
|move|p2a: Rotom|Defog|p1a: Jirachi
|-unboost|p1a: Jirachi|evasion|1
|-sideend|p2: UULT81x Reimu|Stealth Rock|[from] move: Defog|[of] p2a: Rotom
|move|p1a: Jirachi|Wish|p1a: Jirachi
|
|-heal|p1a: Jirachi|54/100|[from] item: Leftovers
|upkeep
|turn|7
|
|t:|1623586125
|switch|p2a: Mamoswine|Mamoswine, M|100/100
|move|p1a: Jirachi|Stealth Rock|p2a: Mamoswine
|-sidestart|p2: UULT81x Reimu|move: Stealth Rock
|
|-heal|p1a: Jirachi|100/100|[from] move: Wish|[wisher] Jirachi
|upkeep
|turn|8
|
|t:|1623586140
|switch|p1a: Rotom|Rotom-Heat|100/100
|move|p2a: Mamoswine|Stealth Rock|p1a: Rotom
|-sidestart|p1: Kla0Trixx|move: Stealth Rock
|
|upkeep
|turn|9
|
|t:|1623586150
|switch|p2a: Rotom|Rotom-Heat|94/100
|move|p1a: Rotom|Overheat|p2a: Rotom
|-resisted|p2a: Rotom
|-damage|p2a: Rotom|69/100
|-unboost|p1a: Rotom|spa|2
|
|upkeep
|turn|10
|
|t:|1623586156
|move|p2a: Rotom|Pain Split|p1a: Rotom
|-sethp|p1a: Rotom|85/100|[from] move: Pain Split|[silent]
|-sethp|p2a: Rotom|85/100|[from] move: Pain Split
|move|p1a: Rotom|Volt Switch|p2a: Rotom
|-resisted|p2a: Rotom
|-damage|p2a: Rotom|78/100
|
|t:|1623586159
|switch|p1a: Obstagoon|Obstagoon, F|100/100|[from]move: Volt Switch
|-damage|p1a: Obstagoon|88/100|[from] Stealth Rock
|
|-status|p1a: Obstagoon|brn|[from] item: Flame Orb
|upkeep
|turn|11
|
|t:|1623586162
|switch|p2a: Amoonguss|Amoonguss, F|100/100
|-damage|p2a: Amoonguss|88/100|[from] Stealth Rock
|move|p1a: Obstagoon|Facade|p2a: Amoonguss
|-damage|p2a: Amoonguss|23/100
|-enditem|p2a: Amoonguss|Eject Button
|
|t:|1623586168
|switch|p2a: Lycanroc|Lycanroc-Dusk, M|100/100
|-damage|p2a: Lycanroc|88/100|[from] Stealth Rock
|
|-damage|p1a: Obstagoon|82/100 brn|[from] brn
|upkeep
|turn|12
|
|t:|1623586178
|switch|p1a: Gastrodon|Gastrodon, F|100/100
|-damage|p1a: Gastrodon|94/100|[from] Stealth Rock
|move|p2a: Lycanroc|Close Combat|p1a: Gastrodon
|-damage|p1a: Gastrodon|48/100
|-unboost|p2a: Lycanroc|def|1
|-unboost|p2a: Lycanroc|spd|1
|-damage|p2a: Lycanroc|78/100|[from] item: Life Orb
|
|-heal|p1a: Gastrodon|54/100|[from] item: Leftovers
|upkeep
|turn|13
|
|t:|1623586194
|switch|p2a: Amoonguss|Amoonguss, F|57/100
|-damage|p2a: Amoonguss|44/100|[from] Stealth Rock
|move|p1a: Gastrodon|Recover|p1a: Gastrodon
|-heal|p1a: Gastrodon|100/100
|
|upkeep
|turn|14
|
|t:|1623586200
|switch|p1a: Rotom|Rotom-Heat|85/100
|switch|p2a: Lycanroc|Lycanroc-Dusk, M|78/100
|-damage|p2a: Lycanroc|66/100|[from] Stealth Rock
|
|upkeep
|turn|15
|
|t:|1623586205
|switch|p1a: Gastrodon|Gastrodon, F|100/100
|-damage|p1a: Gastrodon|94/100|[from] Stealth Rock
|move|p2a: Lycanroc|Close Combat|p1a: Gastrodon
|-damage|p1a: Gastrodon|46/100
|-unboost|p2a: Lycanroc|def|1
|-unboost|p2a: Lycanroc|spd|1
|-damage|p2a: Lycanroc|56/100|[from] item: Life Orb
|
|-heal|p1a: Gastrodon|52/100|[from] item: Leftovers
|upkeep
|turn|16
|
|t:|1623586212
|switch|p2a: Amoonguss|Amoonguss, F|77/100
|-damage|p2a: Amoonguss|65/100|[from] Stealth Rock
|move|p1a: Gastrodon|Recover|p1a: Gastrodon
|-heal|p1a: Gastrodon|100/100
|
|upkeep
|turn|17
|
|t:|1623586215
|switch|p1a: Rotom|Rotom-Heat|85/100
|move|p2a: Amoonguss|Spore|p1a: Rotom
|-status|p1a: Rotom|slp|[from] move: Spore
|
|upkeep
|turn|18
|
|t:|1623586220
|switch|p2a: Raikou|Raikou|100/100
|-ability|p2a: Raikou|Pressure
|cant|p1a: Rotom|slp
|
|upkeep
|turn|19
|
|t:|1623586224
|switch|p1a: Gastrodon|Gastrodon, F|100/100
|-damage|p1a: Gastrodon|94/100|[from] Stealth Rock
|move|p2a: Raikou|Scald|p1a: Gastrodon
|-ability|p1a: Gastrodon|Storm Drain|boost
|-boost|p1a: Gastrodon|spa|1
|
|-heal|p1a: Gastrodon|100/100|[from] item: Leftovers
|upkeep
|turn|20
|
|t:|1623586228
|move|p2a: Raikou|Toxic|p1a: Gastrodon
|-status|p1a: Gastrodon|tox
|move|p1a: Gastrodon|Earth Power|p2a: Raikou
|-supereffective|p2a: Raikou
|-damage|p2a: Raikou|16/100
|
|-damage|p1a: Gastrodon|94/100 tox|[from] psn
|upkeep
|turn|21
|
|t:|1623586233
|switch|p2a: Amoonguss|Amoonguss, F|98/100
|-damage|p2a: Amoonguss|86/100|[from] Stealth Rock
|move|p1a: Gastrodon|Scald|p2a: Amoonguss
|-resisted|p2a: Amoonguss
|-crit|p2a: Amoonguss
|-damage|p2a: Amoonguss|58/100
|-status|p2a: Amoonguss|brn
|
|-heal|p1a: Gastrodon|100/100 tox|[from] item: Leftovers
|-damage|p1a: Gastrodon|88/100 tox|[from] psn
|-damage|p2a: Amoonguss|52/100 brn|[from] brn
|upkeep
|turn|22
|
|t:|1623586242
|switch|p1a: Rotom|Rotom-Heat|85/100 slp
|move|p2a: Amoonguss|Giga Drain|p1a: Rotom
|-resisted|p1a: Rotom
|-damage|p1a: Rotom|72/100 slp
|-heal|p2a: Amoonguss|56/100 brn|[from] drain|[of] p1a: Rotom
|
|-damage|p2a: Amoonguss|50/100 brn|[from] brn
|upkeep
|turn|23
|
|t:|1623586247
|switch|p2a: Lycanroc|Lycanroc-Dusk, M|56/100
|-damage|p2a: Lycanroc|43/100|[from] Stealth Rock
|cant|p1a: Rotom|slp
|
|upkeep
|turn|24
|
|t:|1623586254
|move|p2a: Lycanroc|Close Combat|p1a: Rotom
|-damage|p1a: Rotom|17/100 slp
|-unboost|p2a: Lycanroc|def|1
|-unboost|p2a: Lycanroc|spd|1
|-damage|p2a: Lycanroc|33/100|[from] item: Life Orb
|-curestatus|p1a: Rotom|slp|[msg]
|move|p1a: Rotom|Volt Switch|p2a: Lycanroc
|-damage|p2a: Lycanroc|0 fnt
|faint|p2a: Lycanroc
|
|t:|1623586267
|switch|p1a: Jirachi|Jirachi|100/100|[from]move: Volt Switch
|-damage|p1a: Jirachi|94/100|[from] Stealth Rock
|
|-heal|p1a: Jirachi|100/100|[from] item: Leftovers
|upkeep
|j| RedDevil007
|
|t:|1623586272
|switch|p2a: Mamoswine|Mamoswine, M|100/100
|-damage|p2a: Mamoswine|88/100|[from] Stealth Rock
|turn|25
|
|t:|1623586279
|move|p1a: Jirachi|Protect|p1a: Jirachi
|-singleturn|p1a: Jirachi|Protect
|move|p2a: Mamoswine|Earthquake|p1a: Jirachi
|-activate|p1a: Jirachi|move: Protect
|
|upkeep
|turn|26
|l| RedDevil007
|
|t:|1623586286
|switch|p1a: Rotom|Rotom-Heat|17/100
|move|p2a: Mamoswine|Icicle Crash|p1a: Rotom
|-resisted|p1a: Rotom
|-damage|p1a: Rotom|0 fnt
|faint|p1a: Rotom
|-damage|p2a: Mamoswine|78/100|[from] item: Life Orb
|
|upkeep
|
|t:|1623586291
|switch|p1a: Obstagoon|Obstagoon, F|82/100 brn
|-damage|p1a: Obstagoon|70/100 brn|[from] Stealth Rock
|turn|27
|j| DugZaツ
|
|t:|1623586310
|switch|p2a: Rotom|Rotom-Heat|78/100
|move|p1a: Obstagoon|Facade|p2a: Rotom
|-damage|p2a: Rotom|0 fnt
|faint|p2a: Rotom
|
|-damage|p1a: Obstagoon|64/100 brn|[from] brn
|upkeep
|
|t:|1623586319
|switch|p2a: Azelf|Azelf|100/100
|turn|28
|
|t:|1623586323
|switch|p1a: Jirachi|Jirachi|100/100
|-damage|p1a: Jirachi|94/100|[from] Stealth Rock
|move|p2a: Azelf|U-turn|p1a: Jirachi
|-damage|p1a: Jirachi|77/100
|
|t:|1623586326
|switch|p2a: Mamoswine|Mamoswine, M|78/100|[from]move: U-turn
|-damage|p2a: Mamoswine|66/100|[from] Stealth Rock
|
|-heal|p1a: Jirachi|83/100|[from] item: Leftovers
|upkeep
|turn|29
|
|t:|1623586329
|move|p1a: Jirachi|Protect|p1a: Jirachi
|-singleturn|p1a: Jirachi|Protect
|move|p2a: Mamoswine|Earthquake|p1a: Jirachi
|-activate|p1a: Jirachi|move: Protect
|
|-heal|p1a: Jirachi|89/100|[from] item: Leftovers
|upkeep
|turn|30
|
|t:|1623586337
|switch|p1a: Primarina|Primarina, M|100/100
|-damage|p1a: Primarina|88/100|[from] Stealth Rock
|move|p2a: Mamoswine|Earthquake|p1a: Primarina
|-damage|p1a: Primarina|5/100
|-damage|p2a: Mamoswine|56/100|[from] item: Life Orb
|
|upkeep
|turn|31
|
|t:|1623586344
|move|p2a: Mamoswine|Ice Shard|p1a: Primarina
|-resisted|p1a: Primarina
|-crit|p1a: Primarina
|-damage|p1a: Primarina|0 fnt
|faint|p1a: Primarina
|-damage|p2a: Mamoswine|46/100|[from] item: Life Orb
|
|upkeep
|
|t:|1623586347
|switch|p1a: Obstagoon|Obstagoon, F|64/100 brn
|-damage|p1a: Obstagoon|52/100 brn|[from] Stealth Rock
|turn|32
|
|t:|1623586353
|switch|p2a: Raikou|Raikou|16/100
|-ability|p2a: Raikou|Pressure
|move|p1a: Obstagoon|Facade|p2a: Raikou
|-damage|p2a: Raikou|0 fnt
|faint|p2a: Raikou
|
|-damage|p1a: Obstagoon|45/100 brn|[from] brn
|upkeep
|
|t:|1623586357
|switch|p2a: Azelf|Azelf|100/100
|turn|33
|
|t:|1623586366
|switch|p1a: Jirachi|Jirachi|89/100
|-damage|p1a: Jirachi|83/100|[from] Stealth Rock
|move|p2a: Azelf|Flamethrower|p1a: Jirachi
|-supereffective|p1a: Jirachi
|-damage|p1a: Jirachi|47/100
|
|-heal|p1a: Jirachi|53/100|[from] item: Leftovers
|upkeep
|turn|34
|
|t:|1623586374
|move|p2a: Azelf|Knock Off|p1a: Jirachi
|-supereffective|p1a: Jirachi
|-damage|p1a: Jirachi|2/100
|-enditem|p1a: Jirachi|Leftovers|[from] move: Knock Off|[of] p2a: Azelf
|move|p1a: Jirachi|Wish|p1a: Jirachi
|
|upkeep
|turn|35
|
|t:|1623586381
|switch|p2a: Mamoswine|Mamoswine, M|46/100
|-damage|p2a: Mamoswine|33/100|[from] Stealth Rock
|move|p1a: Jirachi|Protect||[still]
|-fail|p1a: Jirachi
|
|-heal|p1a: Jirachi|52/100|[from] move: Wish|[wisher] Jirachi
|upkeep
|turn|36
|
|t:|1623586393
|switch|p1a: Obstagoon|Obstagoon, F|45/100 brn
|-damage|p1a: Obstagoon|33/100 brn|[from] Stealth Rock
|move|p2a: Mamoswine|Earthquake|p1a: Obstagoon
|-damage|p1a: Obstagoon|0 fnt
|faint|p1a: Obstagoon
|-damage|p2a: Mamoswine|23/100|[from] item: Life Orb
|
|upkeep
|
|t:|1623586396
|switch|p1a: Mamoswine|Mamoswine, M|100/100
|-damage|p1a: Mamoswine|88/100|[from] Stealth Rock
|turn|37
|
|t:|1623586410
|move|p1a: Mamoswine|Ice Shard|p2a: Mamoswine
|-damage|p2a: Mamoswine|2/100
|move|p2a: Mamoswine|Ice Shard|p1a: Mamoswine
|-damage|p1a: Mamoswine|71/100
|-damage|p2a: Mamoswine|0 fnt|[from] item: Life Orb
|faint|p2a: Mamoswine
|
|upkeep
|
|t:|1623586412
|switch|p2a: Azelf|Azelf|100/100
|turn|38
|
|t:|1623586422
|switch|p1a: Gastrodon|Gastrodon, F|88/100 tox
|-damage|p1a: Gastrodon|82/100 tox|[from] Stealth Rock
|move|p2a: Azelf|U-turn|p1a: Gastrodon
|-damage|p1a: Gastrodon|68/100 tox
|
|t:|1623586424
|switch|p2a: Amoonguss|Amoonguss, F|83/100 brn|[from]move: U-turn
|-damage|p2a: Amoonguss|71/100 brn|[from] Stealth Rock
|
|-heal|p1a: Gastrodon|74/100 tox|[from] item: Leftovers
|-damage|p1a: Gastrodon|68/100 tox|[from] psn
|-damage|p2a: Amoonguss|65/100 brn|[from] brn
|upkeep
|turn|39
|
|t:|1623586443
|move|p1a: Gastrodon|Recover|p1a: Gastrodon
|-heal|p1a: Gastrodon|100/100 tox
|move|p2a: Amoonguss|Giga Drain|p1a: Gastrodon
|-supereffective|p1a: Gastrodon
|-damage|p1a: Gastrodon|19/100 tox
|-heal|p2a: Amoonguss|100/100 brn|[from] drain|[of] p1a: Gastrodon
|
|-heal|p1a: Gastrodon|25/100 tox|[from] item: Leftovers
|-damage|p1a: Gastrodon|12/100 tox|[from] psn
|-damage|p2a: Amoonguss|94/100 brn|[from] brn
|upkeep
|turn|40
|j| mould
|
|t:|1623586454
|switch|p1a: Jirachi|Jirachi|52/100
|-damage|p1a: Jirachi|46/100|[from] Stealth Rock
|switch|p2a: Azelf|Azelf|100/100
|
|upkeep
|turn|41
|
|t:|1623586459
|move|p2a: Azelf|Flamethrower|p1a: Jirachi
|-supereffective|p1a: Jirachi
|-damage|p1a: Jirachi|7/100
|move|p1a: Jirachi|Wish|p1a: Jirachi
|
|upkeep
|turn|42
|
|t:|1623586465
|switch|p2a: Amoonguss|Amoonguss, F|100/100 brn
|-damage|p2a: Amoonguss|88/100 brn|[from] Stealth Rock
|move|p1a: Jirachi|Protect||[still]
|-fail|p1a: Jirachi
|
|-heal|p1a: Jirachi|57/100|[from] move: Wish|[wisher] Jirachi
|-damage|p2a: Amoonguss|82/100 brn|[from] brn
|upkeep
|turn|43
|
|t:|1623586471
|move|p1a: Jirachi|Wish|p1a: Jirachi
|move|p2a: Amoonguss|Spore|p1a: Jirachi
|-status|p1a: Jirachi|slp|[from] move: Spore
|
|-damage|p2a: Amoonguss|75/100 brn|[from] brn
|upkeep
|turn|44
|
|t:|1623586477
|switch|p2a: Azelf|Azelf|100/100
|cant|p1a: Jirachi|slp
|
|-heal|p1a: Jirachi|100/100 slp|[from] move: Wish|[wisher] Jirachi
|upkeep
|turn|45
|
|t:|1623586480
|cant|p1a: Jirachi|slp
|move|p2a: Azelf|Knock Off|p1a: Jirachi
|-supereffective|p1a: Jirachi
|-damage|p1a: Jirachi|70/100 slp
|
|upkeep
|turn|46
|
|t:|1623586485
|cant|p1a: Jirachi|slp
|move|p2a: Azelf|Flamethrower|p1a: Jirachi
|-supereffective|p1a: Jirachi
|-damage|p1a: Jirachi|31/100 slp
|
|upkeep
|turn|47
|
|t:|1623586490
|switch|p1a: Gastrodon|Gastrodon, F|12/100 tox
|-damage|p1a: Gastrodon|6/100 tox|[from] Stealth Rock
|move|p2a: Azelf|Flamethrower|p1a: Gastrodon
|-resisted|p1a: Gastrodon
|-damage|p1a: Gastrodon|0 fnt
|faint|p1a: Gastrodon
|
|upkeep
|
|t:|1623586493
|switch|p1a: Mamoswine|Mamoswine, M|71/100
|-damage|p1a: Mamoswine|59/100|[from] Stealth Rock
|turn|48
|inactive|UULT81x Reimu has 120 seconds left.
|
|t:|1623586532
|move|p2a: Azelf|Psychic|p1a: Mamoswine
|-damage|p1a: Mamoswine|0 fnt
|faint|p1a: Mamoswine
|
|upkeep
|
|t:|1623586538
|switch|p1a: Jirachi|Jirachi|31/100 slp
|-damage|p1a: Jirachi|24/100 slp|[from] Stealth Rock
|turn|49
|
|t:|1623586541
|move|p2a: Azelf|Flamethrower|p1a: Jirachi
|-supereffective|p1a: Jirachi
|-damage|p1a: Jirachi|0 fnt
|faint|p1a: Jirachi
|
|win|UULT81x Reimu
|raw|Kla0Trixx's rating: 1460 &rarr; <strong>1443</strong><br />(-17 for losing)
|raw|UULT81x Reimu's rating: 1521 &rarr; <strong>1538</strong><br />(+17 for winning)
|l|☆Kla0Trixx
|l|☆UULT81x Reimu
