|j|☆InTheGames
|j|☆EliotEnRetar
|t:|1608640776
|player|p1|InTheGames|266|1351
|player|p2|EliotEnRetar|falkner|1385
|teamsize|p1|6
|teamsize|p2|6
|gametype|singles
|gen|8
|tier|[Gen 8] UU
|rated|
|clearpoke
|poke|p1|Tangrowth, M|
|poke|p1|Rotom-Heat|
|poke|p1|Conkeldurr, M|
|poke|p1|Latias, F|
|poke|p1|Skarmory, F|
|poke|p1|Tapu Bulu|
|poke|p2|Keldeo-Resolute|
|poke|p2|Bisharp, M|
|poke|p2|Roserade, F|
|poke|p2|Sylveon, F|
|poke|p2|Talonflame, M|
|poke|p2|Rotom-Wash|
|rule|Sleep Clause Mod: Limit one foe put to sleep
|rule|Species Clause: Limit one of each Pokémon
|rule|OHKO Clause: OHKO moves are banned
|rule|Evasion Moves Clause: Evasion moves are banned
|rule|Endless Battle Clause: Forcing endless battles is banned
|rule|HP Percentage Mod: HP is shown in percentages
|rule|Dynamax Clause: You cannot dynamax
|teampreview
|inactive|Battle timer is ON: inactive players will automatically lose when time's up. (requested by InTheGames)
|
|t:|1608640792
|start
|switch|p1a: Latias|Latias, F|100/100
|switch|p2a: CauetBurger|Rotom-Wash|100/100
|turn|1
|
|t:|1608640799
|switch|p2a: Jyrachi|Sylveon, F|100/100
|move|p1a: Latias|Draco Meteor|p2a: Jyrachi
|-immune|p2a: Jyrachi
|
|upkeep
|turn|2
|
|t:|1608640805
|switch|p1a: Tangrowth|Tangrowth, M|100/100
|move|p2a: Jyrachi|Yawn|p1a: Tangrowth
|-start|p1a: Tangrowth|move: Yawn|[of] p2a: Jyrachi
|
|upkeep
|turn|3
|
|t:|1608640816
|switch|p1a: Rotom|Rotom-Heat|100/100
|move|p2a: Jyrachi|Wish|p2a: Jyrachi
|
|upkeep
|turn|4
|
|t:|1608640823
|switch|p2a: CauetBurger|Rotom-Wash|100/100
|move|p1a: Rotom|Volt Switch|p2a: CauetBurger
|-damage|p2a: CauetBurger|75/100
|
|t:|1608640830
|switch|p1a: Tapu Bulu|Tapu Bulu|100/100|[from]move: Volt Switch
|-fieldstart|move: Grassy Terrain|[from] ability: Grassy Surge|[of] p1a: Tapu Bulu
|
|-heal|p2a: CauetBurger|100/100|[from] move: Wish|[wisher] Jyrachi
|upkeep
|turn|5
|
|t:|1608640837
|switch|p1a: Conkeldurr|Conkeldurr, M|100/100
|switch|p2a: Kyryuem|Roserade, F|100/100
|
|-status|p1a: Conkeldurr|brn|[from] item: Flame Orb
|upkeep
|turn|6
|
|t:|1608640857
|switch|p1a: Rotom|Rotom-Heat|100/100
|move|p2a: Kyryuem|Extrasensory|p1a: Rotom
|-damage|p1a: Rotom|66/100
|
|upkeep
|turn|7
|
|t:|1608640870
|switch|p2a: Jyrachi|Sylveon, F|100/100
|move|p1a: Rotom|Volt Switch|p2a: Jyrachi
|-damage|p2a: Jyrachi|86/100
|inactive|InTheGames has 120 seconds left.
|
|t:|1608640905
|switch|p1a: Tangrowth|Tangrowth, M|100/100|[from]move: Volt Switch
|
|-heal|p2a: Jyrachi|92/100|[from] item: Leftovers
|-heal|p2a: Jyrachi|98/100|[from] Grassy Terrain
|upkeep
|turn|8
|
|t:|1608640917
|move|p2a: Jyrachi|Hyper Voice|p1a: Tangrowth
|-damage|p1a: Tangrowth|74/100
|move|p1a: Tangrowth|Knock Off|p2a: Jyrachi
|-resisted|p2a: Jyrachi
|-damage|p2a: Jyrachi|85/100
|-enditem|p2a: Jyrachi|Leftovers|[from] move: Knock Off|[of] p1a: Tangrowth
|
|-heal|p2a: Jyrachi|91/100|[from] Grassy Terrain
|-heal|p1a: Tangrowth|80/100|[from] Grassy Terrain
|-fieldend|move: Grassy Terrain
|upkeep
|turn|9
|
|t:|1608640928
|move|p2a: Jyrachi|Yawn|p1a: Tangrowth
|-start|p1a: Tangrowth|move: Yawn|[of] p2a: Jyrachi
|move|p1a: Tangrowth|Sludge Bomb|p2a: Jyrachi
|-supereffective|p2a: Jyrachi
|-damage|p2a: Jyrachi|66/100
|-status|p2a: Jyrachi|psn
|
|-damage|p2a: Jyrachi|54/100 psn|[from] psn
|upkeep
|turn|10
|
|t:|1608640941
|switch|p2a: Kyryuem|Roserade, F|100/100
|switch|p1a: Rotom|Rotom-Heat|66/100
|
|upkeep
|turn|11
|
|t:|1608640947
|move|p2a: Kyryuem|Sludge Bomb|p1a: Rotom
|-damage|p1a: Rotom|8/100
|-status|p1a: Rotom|psn
|move|p1a: Rotom|Overheat|p2a: Kyryuem
|-supereffective|p2a: Kyryuem
|-damage|p2a: Kyryuem|0 fnt
|-unboost|p1a: Rotom|spa|2
|faint|p2a: Kyryuem
|
|-damage|p1a: Rotom|0 fnt|[from] psn
|faint|p1a: Rotom
|upkeep
|
|t:|1608640969
|switch|p2a: BizouJeManvol|Talonflame, M|100/100
|switch|p1a: Latias|Latias, F|100/100
|turn|12
|
|t:|1608640974
|move|p1a: Latias|Trick|p2a: BizouJeManvol
|-activate|p1a: Latias|move: Trick|[of] p2a: BizouJeManvol
|-item|p2a: BizouJeManvol|Choice Scarf|[from] move: Trick
|-item|p1a: Latias|Heavy-Duty Boots|[from] move: Trick
|move|p2a: BizouJeManvol|U-turn|p1a: Latias
|-supereffective|p1a: Latias
|-damage|p1a: Latias|47/100
|
|t:|1608640980
|switch|p2a: UUBisharp|Bisharp, M|100/100|[from]move: U-turn
|
|upkeep
|turn|13
|
|t:|1608640988
|switch|p1a: Conkeldurr|Conkeldurr, M|100/100 brn
|move|p2a: UUBisharp|Knock Off|p1a: Conkeldurr
|-resisted|p1a: Conkeldurr
|-damage|p1a: Conkeldurr|65/100 brn
|-enditem|p1a: Conkeldurr|Flame Orb|[from] move: Knock Off|[of] p2a: UUBisharp
|
|-damage|p1a: Conkeldurr|59/100 brn|[from] brn
|upkeep
|turn|14
|
|t:|1608641000
|switch|p2a: Jyrachi|Sylveon, F|54/100 psn
|move|p1a: Conkeldurr|Mach Punch|p2a: Jyrachi
|-resisted|p2a: Jyrachi
|-damage|p2a: Jyrachi|34/100 psn
|
|-damage|p1a: Conkeldurr|53/100 brn|[from] brn
|-damage|p2a: Jyrachi|22/100 psn|[from] psn
|upkeep
|turn|15
|inactive|InTheGames has 120 seconds left.
|
|t:|1608641032
|move|p1a: Conkeldurr|Close Combat|p2a: Jyrachi
|-resisted|p2a: Jyrachi
|-damage|p2a: Jyrachi|0 fnt
|-unboost|p1a: Conkeldurr|def|1
|-unboost|p1a: Conkeldurr|spd|1
|faint|p2a: Jyrachi
|
|-damage|p1a: Conkeldurr|48/100 brn|[from] brn
|upkeep
|
|t:|1608641041
|switch|p2a: BizouJeManvol|Talonflame, M|100/100
|turn|16
|
|t:|1608641050
|switch|p1a: Skarmory|Skarmory, F|100/100
|move|p2a: BizouJeManvol|Flare Blitz|p1a: Skarmory
|-supereffective|p1a: Skarmory
|-damage|p1a: Skarmory|39/100
|-damage|p2a: BizouJeManvol|84/100|[from] item: Rocky Helmet|[of] p1a: Skarmory
|-damage|p2a: BizouJeManvol|62/100|[from] Recoil
|
|upkeep
|turn|17
|
|t:|1608641071
|move|p2a: BizouJeManvol|Flare Blitz|p1a: Skarmory
|-supereffective|p1a: Skarmory
|-damage|p1a: Skarmory|0 fnt
|-damage|p2a: BizouJeManvol|45/100|[from] item: Rocky Helmet|[of] p1a: Skarmory
|-damage|p2a: BizouJeManvol|31/100|[from] Recoil
|faint|p1a: Skarmory
|
|upkeep
|
|t:|1608641074
|switch|p1a: Latias|Latias, F|47/100
|turn|18
|
|t:|1608641086
|switch|p2a: CauetBurger|Rotom-Wash|100/100
|move|p1a: Latias|Psyshock|p2a: CauetBurger
|-damage|p2a: CauetBurger|72/100
|
|-heal|p2a: CauetBurger|78/100|[from] item: Leftovers
|upkeep
|turn|19
|
|t:|1608641104
|move|p1a: Latias|Draco Meteor|p2a: CauetBurger
|-damage|p2a: CauetBurger|13/100
|-unboost|p1a: Latias|spa|2
|move|p2a: CauetBurger|Volt Switch|p1a: Latias
|-resisted|p1a: Latias
|-damage|p1a: Latias|35/100
|
|t:|1608641112
|switch|p2a: UUBisharp|Bisharp, M|100/100|[from]move: Volt Switch
|
|upkeep
|turn|20
|
|t:|1608641117
|switch|p1a: Tapu Bulu|Tapu Bulu|100/100
|-fieldstart|move: Grassy Terrain|[from] ability: Grassy Surge|[of] p1a: Tapu Bulu
|move|p2a: UUBisharp|Iron Head|p1a: Tapu Bulu
|-supereffective|p1a: Tapu Bulu
|-damage|p1a: Tapu Bulu|6/100
|
|-heal|p1a: Tapu Bulu|12/100|[from] Grassy Terrain
|upkeep
|turn|21
|
|t:|1608641125
|switch|p1a: Tangrowth|Tangrowth, M|100/100
|move|p2a: UUBisharp|Sucker Punch||[still]
|-fail|p2a: UUBisharp
|
|upkeep
|turn|22
|
|t:|1608641136
|move|p2a: UUBisharp|Knock Off|p1a: Tangrowth
|-damage|p1a: Tangrowth|55/100
|-enditem|p1a: Tangrowth|Assault Vest|[from] move: Knock Off|[of] p2a: UUBisharp
|move|p1a: Tangrowth|Giga Drain|p2a: UUBisharp
|-resisted|p2a: UUBisharp
|-damage|p2a: UUBisharp|70/100
|-heal|p1a: Tangrowth|66/100|[from] drain|[of] p2a: UUBisharp
|
|-heal|p2a: UUBisharp|76/100|[from] Grassy Terrain
|-heal|p1a: Tangrowth|72/100|[from] Grassy Terrain
|upkeep
|turn|23
|
|t:|1608641146
|move|p2a: UUBisharp|Swords Dance|p2a: UUBisharp
|-boost|p2a: UUBisharp|atk|2
|move|p1a: Tangrowth|Giga Drain|p2a: UUBisharp
|-resisted|p2a: UUBisharp
|-damage|p2a: UUBisharp|43/100
|-heal|p1a: Tangrowth|83/100|[from] drain|[of] p2a: UUBisharp
|
|-heal|p2a: UUBisharp|49/100|[from] Grassy Terrain
|-heal|p1a: Tangrowth|89/100|[from] Grassy Terrain
|upkeep
|turn|24
|
|t:|1608641157
|move|p2a: UUBisharp|Iron Head|p1a: Tangrowth
|-damage|p1a: Tangrowth|29/100
|move|p1a: Tangrowth|Giga Drain|p2a: UUBisharp
|-resisted|p2a: UUBisharp
|-damage|p2a: UUBisharp|17/100
|-heal|p1a: Tangrowth|40/100|[from] drain|[of] p2a: UUBisharp
|
|-heal|p2a: UUBisharp|24/100|[from] Grassy Terrain
|-heal|p1a: Tangrowth|46/100|[from] Grassy Terrain
|-fieldend|move: Grassy Terrain
|upkeep
|turn|25
|
|t:|1608641170
|switch|p1a: Tapu Bulu|Tapu Bulu|12/100
|-fieldstart|move: Grassy Terrain|[from] ability: Grassy Surge|[of] p1a: Tapu Bulu
|move|p2a: UUBisharp|Iron Head|p1a: Tapu Bulu
|-supereffective|p1a: Tapu Bulu
|-damage|p1a: Tapu Bulu|0 fnt
|faint|p1a: Tapu Bulu
|
|-heal|p2a: UUBisharp|30/100|[from] Grassy Terrain
|upkeep
|
|t:|1608641172
|switch|p1a: Conkeldurr|Conkeldurr, M|48/100 brn
|turn|26
|
|t:|1608641187
|move|p1a: Conkeldurr|Mach Punch|p2a: UUBisharp
|-supereffective|p2a: UUBisharp
|-damage|p2a: UUBisharp|0 fnt
|faint|p2a: UUBisharp
|
|-heal|p1a: Conkeldurr|53/100 brn|[from] Grassy Terrain
|-damage|p1a: Conkeldurr|48/100 brn|[from] brn
|upkeep
|
|t:|1608641196
|switch|p2a: BizouJeManvol|Talonflame, M|31/100
|turn|27
|
|t:|1608641212
|move|p1a: Conkeldurr|Mach Punch|p2a: BizouJeManvol
|-resisted|p2a: BizouJeManvol
|-damage|p2a: BizouJeManvol|5/100
|move|p2a: BizouJeManvol|Brave Bird|p1a: Conkeldurr
|-supereffective|p1a: Conkeldurr
|-damage|p1a: Conkeldurr|0 fnt
|-damage|p2a: BizouJeManvol|0 fnt|[from] Recoil
|faint|p1a: Conkeldurr
|faint|p2a: BizouJeManvol
|
|upkeep
|
|t:|1608641230
|switch|p2a: CauetBurger|Rotom-Wash|13/100
|switch|p1a: Tangrowth|Tangrowth, M|79/100
|turn|28
|
|t:|1608641235
|move|p2a: CauetBurger|Hydro Pump|p1a: Tangrowth
|-resisted|p1a: Tangrowth
|-damage|p1a: Tangrowth|61/100
|move|p1a: Tangrowth|Giga Drain|p2a: CauetBurger
|-supereffective|p2a: CauetBurger
|-damage|p2a: CauetBurger|0 fnt
|-heal|p1a: Tangrowth|66/100|[from] drain|[of] p2a: CauetBurger
|faint|p2a: CauetBurger
|
|-heal|p1a: Tangrowth|72/100|[from] Grassy Terrain
|upkeep
|
|t:|1608641244
|switch|p2a: Bigflo|Keldeo-Resolute|100/100
|turn|29
|
|t:|1608641248
|move|p2a: Bigflo|Focus Blast|p1a: Tangrowth
|-damage|p1a: Tangrowth|8/100
|-unboost|p1a: Tangrowth|spd|1
|move|p1a: Tangrowth|Giga Drain|p2a: Bigflo
|-supereffective|p2a: Bigflo
|-damage|p2a: Bigflo|15/100
|-heal|p1a: Tangrowth|43/100|[from] drain|[of] p2a: Bigflo
|
|-heal|p2a: Bigflo|21/100|[from] Grassy Terrain
|-heal|p1a: Tangrowth|49/100|[from] Grassy Terrain
|-fieldend|move: Grassy Terrain
|upkeep
|turn|30
|
|t:|1608641258
|move|p2a: Bigflo|Focus Blast|p1a: Tangrowth
|-damage|p1a: Tangrowth|0 fnt
|faint|p1a: Tangrowth
|
|upkeep
|
|t:|1608641260
|switch|p1a: Latias|Latias, F|35/100
|turn|31
|
|t:|1608641266
|move|p2a: Bigflo|Focus Blast|p1a: Latias
|-resisted|p1a: Latias
|-damage|p1a: Latias|3/100
|-unboost|p1a: Latias|spd|1
|move|p1a: Latias|Psyshock|p2a: Bigflo
|-supereffective|p2a: Bigflo
|-damage|p2a: Bigflo|0 fnt
|faint|p2a: Bigflo
|
|win|InTheGames
|raw|InTheGames's rating: 1351 &rarr; <strong>1373</strong><br />(+22 for winning)
|raw|EliotEnRetar's rating: 1385 &rarr; <strong>1363</strong><br />(-22 for losing)
