|j|☆ViablyChallenged
|j|☆Truffles360
|t:|1618918451
|gametype|singles
|player|p1|ViablyChallenged|preschooler|1325
|player|p2|Truffles360|battlegirl-gen4|1423
|teamsize|p1|6
|teamsize|p2|6
|gen|8
|tier|[Gen 8] UU
|rated|
|clearpoke
|poke|p1|Jirachi|
|poke|p1|Nihilego|
|poke|p1|Barraskewda, M|
|poke|p1|Sylveon, M|
|poke|p1|Thundurus-Therian, M|
|poke|p1|Conkeldurr, F|
|poke|p2|Slowbro-Galar, F|
|poke|p2|Tangrowth, F|
|poke|p2|Buzzwole|
|poke|p2|Noivern, F|
|poke|p2|Jirachi|
|poke|p2|Mamoswine, F|
|rule|Sleep Clause Mod: Limit one foe put to sleep
|rule|Species Clause: Limit one of each Pokémon
|rule|OHKO Clause: OHKO moves are banned
|rule|Evasion Moves Clause: Evasion moves are banned
|rule|Endless Battle Clause: Forcing endless battles is banned
|rule|HP Percentage Mod: HP is shown in percentages
|rule|Dynamax Clause: You cannot dynamax
|teampreview
|
|t:|1618918469
|start
|switch|p1a: Barraskewda|Barraskewda, M|100/100
|switch|p2a: Jirachi|Jirachi|100/100
|turn|1
|
|t:|1618918477
|move|p2a: Jirachi|U-turn|p1a: Barraskewda
|-damage|p1a: Barraskewda|58/100
|
|t:|1618918479
|switch|p2a: Tangrowth|Tangrowth, F|100/100|[from]move: U-turn
|move|p1a: Barraskewda|Flip Turn|p2a: Tangrowth
|-resisted|p2a: Tangrowth
|-damage|p2a: Tangrowth|83/100
|
|t:|1618918499
|switch|p1a: Sylveon|Sylveon, M|100/100|[from]move: Flip Turn
|
|upkeep
|turn|2
|
|t:|1618918505
|move|p1a: Sylveon|Hyper Voice|p2a: Tangrowth
|-damage|p2a: Tangrowth|59/100
|move|p2a: Tangrowth|Knock Off|p1a: Sylveon
|-resisted|p1a: Sylveon
|-damage|p1a: Sylveon|90/100
|-enditem|p1a: Sylveon|Leftovers|[from] move: Knock Off|[of] p2a: Tangrowth
|
|upkeep
|turn|3
|
|t:|1618918515
|move|p1a: Sylveon|Mystical Fire|p2a: Tangrowth
|-supereffective|p2a: Tangrowth
|-damage|p2a: Tangrowth|36/100
|-unboost|p2a: Tangrowth|spa|1
|move|p2a: Tangrowth|Sludge Bomb|p1a: Sylveon
|-supereffective|p1a: Sylveon
|-damage|p1a: Sylveon|72/100
|
|upkeep
|turn|4
|
|t:|1618918530
|switch|p2a: Slowbro|Slowbro-Galar, F|100/100
|move|p1a: Sylveon|Hyper Voice|p2a: Slowbro
|-resisted|p2a: Slowbro
|-damage|p2a: Slowbro|78/100
|
|upkeep
|turn|5
|
|t:|1618918548
|switch|p1a: Jirachi|Jirachi|100/100
|switch|p2a: Jirachi|Jirachi|100/100
|
|upkeep
|turn|6
|
|t:|1618918555
|move|p2a: Jirachi|Stealth Rock|p1a: Jirachi
|-sidestart|p1: ViablyChallenged|move: Stealth Rock
|move|p1a: Jirachi|Stealth Rock|p2a: Jirachi
|-sidestart|p2: Truffles360|move: Stealth Rock
|
|upkeep
|turn|7
|
|t:|1618918563
|switch|p2a: Tangrowth|Tangrowth, F|69/100
|-damage|p2a: Tangrowth|57/100|[from] Stealth Rock
|move|p1a: Jirachi|Body Slam|p2a: Tangrowth
|-damage|p2a: Tangrowth|44/100
|-status|p2a: Tangrowth|par
|
|upkeep
|turn|8
|
|t:|1618918578
|move|p1a: Jirachi|U-turn|p2a: Tangrowth
|-supereffective|p2a: Tangrowth
|-damage|p2a: Tangrowth|20/100 par
|
|t:|1618918582
|switch|p1a: Sylveon|Sylveon, M|72/100|[from]move: U-turn
|-damage|p1a: Sylveon|60/100|[from] Stealth Rock
|cant|p2a: Tangrowth|par
|
|upkeep
|turn|9
|
|t:|1618918589
|switch|p2a: Slowbro|Slowbro-Galar, F|100/100
|-damage|p2a: Slowbro|88/100|[from] Stealth Rock
|move|p1a: Sylveon|Wish|p1a: Sylveon
|
|upkeep
|turn|10
|
|t:|1618918594
|switch|p1a: Jirachi|Jirachi|100/100
|-damage|p1a: Jirachi|94/100|[from] Stealth Rock
|move|p2a: Slowbro|Calm Mind|p2a: Slowbro
|-boost|p2a: Slowbro|spa|1
|-boost|p2a: Slowbro|spd|1
|
|-heal|p1a: Jirachi|100/100|[from] move: Wish|[wisher] Sylveon
|upkeep
|turn|11
|
|t:|1618918601
|move|p1a: Jirachi|Iron Head|p2a: Slowbro
|-damage|p2a: Slowbro|71/100
|cant|p2a: Slowbro|flinch
|
|upkeep
|turn|12
|
|t:|1618918612
|move|p1a: Jirachi|Iron Head|p2a: Slowbro
|-damage|p2a: Slowbro|54/100
|cant|p2a: Slowbro|flinch
|
|upkeep
|turn|13
|
|t:|1618918619
|switch|p2a: Buzzwole|Buzzwole|100/100
|-damage|p2a: Buzzwole|88/100|[from] Stealth Rock
|move|p1a: Jirachi|Iron Head|p2a: Buzzwole
|-damage|p2a: Buzzwole|69/100
|
|upkeep
|turn|14
|
|t:|1618918627
|move|p1a: Jirachi|U-turn|p2a: Buzzwole
|-resisted|p2a: Buzzwole
|-damage|p2a: Buzzwole|64/100
|
|t:|1618918631
|switch|p1a: Sylveon|Sylveon, M|60/100|[from]move: U-turn
|-damage|p1a: Sylveon|47/100|[from] Stealth Rock
|move|p2a: Buzzwole|Close Combat|p1a: Sylveon
|-resisted|p1a: Sylveon
|-damage|p1a: Sylveon|0 fnt
|-unboost|p2a: Buzzwole|def|1
|-unboost|p2a: Buzzwole|spd|1
|faint|p1a: Sylveon
|-ability|p2a: Buzzwole|Beast Boost|boost
|-boost|p2a: Buzzwole|atk|1
|
|upkeep
|
|t:|1618918643
|switch|p1a: Thundurus|Thundurus-Therian, M|100/100
|turn|15
|
|t:|1618918656
|switch|p2a: Tangrowth|Tangrowth, F|53/100 par
|-damage|p2a: Tangrowth|41/100 par|[from] Stealth Rock
|move|p1a: Thundurus|Nasty Plot|p1a: Thundurus
|-boost|p1a: Thundurus|spa|2
|
|upkeep
|turn|16
|
|t:|1618918660
|move|p1a: Thundurus|Psychic|p2a: Tangrowth
|-damage|p2a: Tangrowth|2/100 par
|move|p2a: Tangrowth|Knock Off|p1a: Thundurus
|-damage|p1a: Thundurus|63/100
|-enditem|p1a: Thundurus|Heavy-Duty Boots|[from] move: Knock Off|[of] p2a: Tangrowth
|
|upkeep
|turn|17
|
|t:|1618918670
|move|p1a: Thundurus|Thunderbolt|p2a: Tangrowth
|-resisted|p2a: Tangrowth
|-damage|p2a: Tangrowth|0 fnt
|faint|p2a: Tangrowth
|
|upkeep
|
|t:|1618918672
|switch|p2a: Mamoswine|Mamoswine, F|100/100
|-damage|p2a: Mamoswine|88/100|[from] Stealth Rock
|turn|18
|
|t:|1618918698
|move|p2a: Mamoswine|Ice Shard|p1a: Thundurus
|-supereffective|p1a: Thundurus
|-damage|p1a: Thundurus|0 fnt
|-damage|p2a: Mamoswine|78/100|[from] item: Life Orb
|faint|p1a: Thundurus
|
|upkeep
|
|t:|1618918709
|switch|p1a: Jirachi|Jirachi|100/100
|-damage|p1a: Jirachi|94/100|[from] Stealth Rock
|turn|19
|
|t:|1618918764
|switch|p2a: Slowbro|Slowbro-Galar, F|88/100
|-damage|p2a: Slowbro|75/100|[from] Stealth Rock
|move|p1a: Jirachi|Iron Head|p2a: Slowbro
|-damage|p2a: Slowbro|58/100
|
|-heal|p1a: Jirachi|100/100|[from] item: Leftovers
|upkeep
|turn|20
|
|t:|1618918777
|move|p1a: Jirachi|Iron Head|p2a: Slowbro
|-damage|p2a: Slowbro|39/100
|move|p2a: Slowbro|Scald|p1a: Jirachi
|-damage|p1a: Jirachi|84/100
|
|-heal|p1a: Jirachi|91/100|[from] item: Leftovers
|upkeep
|turn|21
|
|t:|1618918787
|switch|p2a: Jirachi|Jirachi|100/100
|-damage|p2a: Jirachi|94/100|[from] Stealth Rock
|move|p1a: Jirachi|Body Slam|p2a: Jirachi
|-resisted|p2a: Jirachi
|-damage|p2a: Jirachi|85/100
|
|-heal|p1a: Jirachi|97/100|[from] item: Leftovers
|upkeep
|turn|22
|
|t:|1618918795
|move|p2a: Jirachi|Trick|p1a: Jirachi
|-activate|p2a: Jirachi|move: Trick|[of] p1a: Jirachi
|-item|p1a: Jirachi|Choice Scarf|[from] move: Trick
|-item|p2a: Jirachi|Leftovers|[from] move: Trick
|move|p1a: Jirachi|U-turn|p2a: Jirachi
|-damage|p2a: Jirachi|68/100
|
|t:|1618918803
|switch|p1a: Barraskewda|Barraskewda, M|58/100|[from]move: U-turn
|-damage|p1a: Barraskewda|46/100|[from] Stealth Rock
|
|-heal|p2a: Jirachi|74/100|[from] item: Leftovers
|upkeep
|turn|23
|
|t:|1618918834
|switch|p2a: Slowbro|Slowbro-Galar, F|73/100
|-damage|p2a: Slowbro|60/100|[from] Stealth Rock
|move|p1a: Barraskewda|Liquidation|p2a: Slowbro
|-damage|p2a: Slowbro|17/100
|
|upkeep
|turn|24
|
|t:|1618918848
|switch|p2a: Noivern|Noivern, F|100/100
|move|p1a: Barraskewda|Liquidation|p2a: Noivern
|-resisted|p2a: Noivern
|-damage|p2a: Noivern|58/100
|
|upkeep
|turn|25
|
|t:|1618918856
|switch|p1a: Jirachi|Jirachi|97/100
|-damage|p1a: Jirachi|91/100|[from] Stealth Rock
|move|p2a: Noivern|Roost|p2a: Noivern
|-heal|p2a: Noivern|100/100
|-singleturn|p2a: Noivern|move: Roost
|
|upkeep
|turn|26
|
|t:|1618918870
|switch|p2a: Jirachi|Jirachi|74/100
|-damage|p2a: Jirachi|68/100|[from] Stealth Rock
|move|p1a: Jirachi|Body Slam|p2a: Jirachi
|-resisted|p2a: Jirachi
|-damage|p2a: Jirachi|58/100
|
|-heal|p2a: Jirachi|64/100|[from] item: Leftovers
|upkeep
|turn|27
|
|t:|1618918890
|move|p1a: Jirachi|Body Slam|p2a: Jirachi
|-resisted|p2a: Jirachi
|-damage|p2a: Jirachi|55/100
|move|p2a: Jirachi|U-turn|p1a: Jirachi
|-damage|p1a: Jirachi|74/100
|
|t:|1618918894
|switch|p2a: Mamoswine|Mamoswine, F|78/100|[from]move: U-turn
|-damage|p2a: Mamoswine|66/100|[from] Stealth Rock
|
|upkeep
|turn|28
|
|t:|1618918900
|move|p1a: Jirachi|Body Slam|p2a: Mamoswine
|-damage|p2a: Mamoswine|42/100
|-status|p2a: Mamoswine|par
|move|p2a: Mamoswine|Earthquake|p1a: Jirachi
|-supereffective|p1a: Jirachi
|-damage|p1a: Jirachi|0 fnt
|-damage|p2a: Mamoswine|32/100 par|[from] item: Life Orb
|faint|p1a: Jirachi
|
|upkeep
|
|t:|1618918911
|switch|p1a: Conkeldurr|Conkeldurr, F|100/100
|-damage|p1a: Conkeldurr|95/100|[from] Stealth Rock
|turn|29
|
|t:|1618918919
|move|p2a: Mamoswine|Ice Shard|p1a: Conkeldurr
|-damage|p1a: Conkeldurr|62/100
|-damage|p2a: Mamoswine|22/100 par|[from] item: Life Orb
|move|p1a: Conkeldurr|Knock Off|p2a: Mamoswine
|-damage|p2a: Mamoswine|0 fnt
|-enditem|p2a: Mamoswine|Life Orb|[from] move: Knock Off|[of] p1a: Conkeldurr
|faint|p2a: Mamoswine
|
|-status|p1a: Conkeldurr|brn|[from] item: Flame Orb
|upkeep
|
|t:|1618918923
|switch|p2a: Buzzwole|Buzzwole|64/100
|-damage|p2a: Buzzwole|51/100|[from] Stealth Rock
|turn|30
|
|t:|1618918938
|move|p1a: Conkeldurr|Mach Punch|p2a: Buzzwole
|-resisted|p2a: Buzzwole
|-damage|p2a: Buzzwole|38/100
|move|p2a: Buzzwole|Close Combat|p1a: Conkeldurr
|-damage|p1a: Conkeldurr|0 fnt
|-unboost|p2a: Buzzwole|def|1
|-unboost|p2a: Buzzwole|spd|1
|faint|p1a: Conkeldurr
|-ability|p2a: Buzzwole|Beast Boost|boost
|-boost|p2a: Buzzwole|atk|1
|
|upkeep
|
|t:|1618918950
|switch|p1a: Barraskewda|Barraskewda, M|46/100
|-damage|p1a: Barraskewda|34/100|[from] Stealth Rock
|turn|31
|
|t:|1618918965
|switch|p2a: Noivern|Noivern, F|100/100
|move|p1a: Barraskewda|Flip Turn|p2a: Noivern
|-resisted|p2a: Noivern
|-damage|p2a: Noivern|65/100
|
|t:|1618918969
|switch|p1a: Nihilego|Nihilego|100/100|[from]move: Flip Turn
|-damage|p1a: Nihilego|88/100|[from] Stealth Rock
|
|upkeep
|turn|32
|
|t:|1618918979
|switch|p2a: Jirachi|Jirachi|55/100
|-damage|p2a: Jirachi|49/100|[from] Stealth Rock
|move|p1a: Nihilego|Meteor Beam||[still]
|-prepare|p1a: Nihilego|Meteor Beam
|-boost|p1a: Nihilego|spa|1
|-enditem|p1a: Nihilego|Power Herb
|-anim|p1a: Nihilego|Meteor Beam|p2a: Jirachi
|-resisted|p2a: Jirachi
|-damage|p2a: Jirachi|2/100
|
|-heal|p2a: Jirachi|8/100|[from] item: Leftovers
|upkeep
|turn|33
|
|t:|1618918989
|move|p1a: Nihilego|Thunderbolt|p2a: Jirachi
|-damage|p2a: Jirachi|0 fnt
|faint|p2a: Jirachi
|-ability|p1a: Nihilego|Beast Boost|boost
|-boost|p1a: Nihilego|spe|1
|
|upkeep
|-message|Truffles360 forfeited.
|
|win|ViablyChallenged
|raw|ViablyChallenged's rating: 1325 &rarr; <strong>1350</strong><br />(+25 for winning)
|raw|Truffles360's rating: 1423 &rarr; <strong>1398</strong><br />(-25 for losing)
|l|☆Truffles360
