|raw|<div class="broadcast-blue"><strong>This battle is required to be public due to a player having a name starting with 'uult92q'.</div>
|j|☆chiharu haru
|j|☆uult92q lyss
|t:|1652299243
|gametype|singles
|player|p1|chiharu haru|yellow|1563
|player|p2|uult92q lyss|picnicker|1592
|teamsize|p1|6
|teamsize|p2|6
|gen|8
|tier|[Gen 8] UU
|rated|
|rule|Sleep Clause Mod: Limit one foe put to sleep
|rule|Species Clause: Limit one of each Pokémon
|rule|OHKO Clause: OHKO moves are banned
|rule|Evasion Moves Clause: Evasion moves are banned
|rule|Endless Battle Clause: Forcing endless battles is banned
|rule|HP Percentage Mod: HP is shown in percentages
|rule|Dynamax Clause: You cannot dynamax
|clearpoke
|poke|p1|Scizor, M|
|poke|p1|Rotom-Wash|
|poke|p1|Hippowdon, F|
|poke|p1|Zarude|
|poke|p1|Moltres|
|poke|p1|Zygarde-10%|
|poke|p2|Aegislash, M|
|poke|p2|Rotom-Wash|
|poke|p2|Cobalion|
|poke|p2|Nihilego|
|poke|p2|Diggersby, F|
|poke|p2|Tangrowth, M|
|teampreview
|inactive|Battle timer is ON: inactive players will automatically lose when time's up. (requested by chiharu haru)
|
|t:|1652299265
|start
|switch|p1a: command the sand|Hippowdon, F|100/100
|switch|p2a: Nihilego|Nihilego|100/100
|-weather|Sandstorm|[from] ability: Sand Stream|[of] p1a: command the sand
|turn|1
|j| umbry
|inactive|uult92q lyss has 120 seconds left.
|
|t:|1652299301
|switch|p2a: Rotom|Rotom-Wash|100/100
|move|p1a: command the sand|Stealth Rock|p2a: Rotom
|-sidestart|p2: uult92q lyss|move: Stealth Rock
|
|-weather|Sandstorm|[upkeep]
|-damage|p2a: Rotom|94/100|[from] Sandstorm
|-heal|p2a: Rotom|100/100|[from] item: Leftovers
|upkeep
|turn|2
|
|t:|1652299306
|move|p2a: Rotom|Will-O-Wisp|p1a: command the sand
|-status|p1a: command the sand|brn
|move|p1a: command the sand|Toxic|p2a: Rotom
|-status|p2a: Rotom|tox
|
|-weather|Sandstorm|[upkeep]
|-damage|p2a: Rotom|94/100 tox|[from] Sandstorm
|-heal|p2a: Rotom|100/100 tox|[from] item: Leftovers
|-damage|p2a: Rotom|94/100 tox|[from] psn
|-damage|p1a: command the sand|94/100 brn|[from] brn
|upkeep
|turn|3
|j| UULT92q Ace
|l| UULT92q Ace
|inactive|chiharu haru has 120 seconds left.
|inactive|uult92q lyss has 120 seconds left.
|inactive|chiharu haru has 90 seconds left.
|
|t:|1652299376
|switch|p2a: Tangrowth|Tangrowth, M|100/100
|-damage|p2a: Tangrowth|88/100|[from] Stealth Rock
|switch|p1a: zapolite|Zarude|100/100
|
|-weather|Sandstorm|[upkeep]
|-damage|p1a: zapolite|95/100|[from] Sandstorm
|-damage|p2a: Tangrowth|82/100|[from] Sandstorm
|upkeep
|turn|4
|
|t:|1652299383
|move|p1a: zapolite|U-turn|p2a: Tangrowth
|-supereffective|p2a: Tangrowth
|-damage|p2a: Tangrowth|39/100
|
|t:|1652299388
|switch|p1a: cutter butter|Scizor, M|100/100|[from]move: U-turn
|move|p2a: Tangrowth|Knock Off|p1a: cutter butter
|-damage|p1a: cutter butter|82/100
|-enditem|p1a: cutter butter|Heavy-Duty Boots|[from] move: Knock Off|[of] p2a: Tangrowth
|
|-weather|Sandstorm|[upkeep]
|-damage|p2a: Tangrowth|33/100|[from] Sandstorm
|upkeep
|turn|5
|
|t:|1652299395
|switch|p2a: Cobalion|Cobalion|100/100
|-damage|p2a: Cobalion|97/100|[from] Stealth Rock
|move|p1a: cutter butter|U-turn|p2a: Cobalion
|-resisted|p2a: Cobalion
|-damage|p2a: Cobalion|91/100
|
|t:|1652299406
|switch|p1a: Zygarde-10% off|Zygarde-10%|100/100|[from]move: U-turn
|-ability|p1a: Zygarde-10% off|Aura Break
|
|-weather|none
|upkeep
|turn|6
|inactive|uult92q lyss has 120 seconds left.
|
|t:|1652299422
|switch|p2a: Tangrowth|Tangrowth, M|66/100
|-damage|p2a: Tangrowth|54/100|[from] Stealth Rock
|move|p1a: Zygarde-10% off|Thousand Arrows|p2a: Tangrowth
|-resisted|p2a: Tangrowth
|-damage|p2a: Tangrowth|37/100
|
|upkeep
|turn|7
|inactive|uult92q lyss has 120 seconds left.
|
|t:|1652299436
|switch|p2a: Rotom|Rotom-Wash|94/100 tox
|-damage|p2a: Rotom|82/100 tox|[from] Stealth Rock
|move|p1a: Zygarde-10% off|Thousand Arrows|p2a: Rotom
|-supereffective|p2a: Rotom
|-damage|p2a: Rotom|0 fnt
|faint|p2a: Rotom
|
|upkeep
|inactive|uult92q lyss has 120 seconds left.
|
|t:|1652299443
|switch|p2a: Diggersby|Diggersby, F|100/100
|-damage|p2a: Diggersby|94/100|[from] Stealth Rock
|turn|8
|
|t:|1652299453
|switch|p1a: cutter butter|Scizor, M|82/100
|move|p2a: Diggersby|Body Slam|p1a: cutter butter
|-resisted|p1a: cutter butter
|-damage|p1a: cutter butter|60/100
|
|upkeep
|turn|9
|
|t:|1652299463
|switch|p2a: Cobalion|Cobalion|91/100
|-damage|p2a: Cobalion|87/100|[from] Stealth Rock
|move|p1a: cutter butter|U-turn|p2a: Cobalion
|-resisted|p2a: Cobalion
|-damage|p2a: Cobalion|80/100
|
|t:|1652299469
|switch|p1a: Zygarde-10% off|Zygarde-10%|100/100|[from]move: U-turn
|-ability|p1a: Zygarde-10% off|Aura Break
|
|upkeep
|turn|10
|inactive|chiharu haru has 120 seconds left.
|
|t:|1652299478
|switch|p2a: Tangrowth|Tangrowth, M|71/100
|-damage|p2a: Tangrowth|58/100|[from] Stealth Rock
|move|p1a: Zygarde-10% off|Thousand Arrows|p2a: Tangrowth
|-resisted|p2a: Tangrowth
|-damage|p2a: Tangrowth|41/100
|
|upkeep
|turn|11
|
|t:|1652299485
|switch|p1a: cutter butter|Scizor, M|60/100
|move|p2a: Tangrowth|Focus Blast|p1a: cutter butter|[miss]
|-miss|p2a: Tangrowth|p1a: cutter butter
|
|upkeep
|turn|12
|
|t:|1652299497
|switch|p2a: Cobalion|Cobalion|80/100
|-damage|p2a: Cobalion|77/100|[from] Stealth Rock
|move|p1a: cutter butter|U-turn|p2a: Cobalion
|-resisted|p2a: Cobalion
|-damage|p2a: Cobalion|70/100
|
|t:|1652299499
|switch|p1a: Zygarde-10% off|Zygarde-10%|100/100|[from]move: U-turn
|-ability|p1a: Zygarde-10% off|Aura Break
|
|upkeep
|turn|13
|
|t:|1652299505
|switch|p2a: Tangrowth|Tangrowth, M|74/100
|-damage|p2a: Tangrowth|62/100|[from] Stealth Rock
|move|p1a: Zygarde-10% off|Thousand Arrows|p2a: Tangrowth
|-resisted|p2a: Tangrowth
|-damage|p2a: Tangrowth|44/100
|
|upkeep
|turn|14
|
|t:|1652299511
|switch|p1a: moltres leches|Moltres|100/100
|move|p2a: Tangrowth|Power Whip|p1a: moltres leches
|-resisted|p1a: moltres leches
|-damage|p1a: moltres leches|90/100
|
|upkeep
|turn|15
|
|t:|1652299515
|switch|p2a: Nihilego|Nihilego|100/100
|-damage|p2a: Nihilego|88/100|[from] Stealth Rock
|move|p1a: moltres leches|U-turn|p2a: Nihilego
|-resisted|p2a: Nihilego
|-damage|p2a: Nihilego|76/100
|
|t:|1652299531
|switch|p1a: Zygarde-10% off|Zygarde-10%|100/100|[from]move: U-turn
|-ability|p1a: Zygarde-10% off|Aura Break
|
|upkeep
|turn|16
|
|t:|1652299546
|switch|p2a: Tangrowth|Tangrowth, M|77/100
|-damage|p2a: Tangrowth|65/100|[from] Stealth Rock
|move|p1a: Zygarde-10% off|Toxic|p2a: Tangrowth
|-status|p2a: Tangrowth|tox
|
|-damage|p2a: Tangrowth|58/100 tox|[from] psn
|upkeep
|turn|17
|
|t:|1652299560
|switch|p1a: wishy washy|Rotom-Wash|100/100
|switch|p2a: Nihilego|Nihilego|76/100
|-damage|p2a: Nihilego|63/100|[from] Stealth Rock
|
|upkeep
|turn|18
|
|t:|1652299567
|move|p2a: Nihilego|Sludge Bomb|p1a: wishy washy
|-crit|p1a: wishy washy
|-damage|p1a: wishy washy|0 fnt
|faint|p1a: wishy washy
|-ability|p2a: Nihilego|Beast Boost|boost
|-boost|p2a: Nihilego|spe|1
|
|upkeep
|
|t:|1652299575
|switch|p1a: zapolite|Zarude|95/100
|turn|19
|
|t:|1652299591
|switch|p2a: Aegislash|Aegislash, M|100/100
|-damage|p2a: Aegislash|94/100|[from] Stealth Rock
|switch|p1a: command the sand|Hippowdon, F|94/100 brn
|-weather|Sandstorm|[from] ability: Sand Stream|[of] p1a: command the sand
|
|-weather|Sandstorm|[upkeep]
|-heal|p2a: Aegislash|100/100|[from] item: Leftovers
|-heal|p1a: command the sand|100/100 brn|[from] item: Leftovers
|-damage|p1a: command the sand|94/100 brn|[from] brn
|upkeep
|turn|20
|
|t:|1652299600
|move|p2a: Aegislash|Swords Dance|p2a: Aegislash
|-boost|p2a: Aegislash|atk|2
|move|p1a: command the sand|Earthquake|p2a: Aegislash
|-supereffective|p2a: Aegislash
|-damage|p2a: Aegislash|68/100
|
|-weather|Sandstorm|[upkeep]
|-heal|p2a: Aegislash|74/100|[from] item: Leftovers
|-heal|p1a: command the sand|100/100 brn|[from] item: Leftovers
|-damage|p1a: command the sand|94/100 brn|[from] brn
|upkeep
|turn|21
|
|t:|1652299606
|move|p2a: Aegislash|Swords Dance|p2a: Aegislash
|-boost|p2a: Aegislash|atk|2
|move|p1a: command the sand|Earthquake|p2a: Aegislash
|-supereffective|p2a: Aegislash
|-damage|p2a: Aegislash|45/100
|
|-weather|Sandstorm|[upkeep]
|-heal|p2a: Aegislash|51/100|[from] item: Leftovers
|-heal|p1a: command the sand|100/100 brn|[from] item: Leftovers
|-damage|p1a: command the sand|94/100 brn|[from] brn
|upkeep
|turn|22
|
|t:|1652299608
|move|p2a: Aegislash|King's Shield|p2a: Aegislash
|-singleturn|p2a: Aegislash|Protect
|move|p1a: command the sand|Earthquake|p2a: Aegislash
|-activate|p2a: Aegislash|move: Protect
|
|-weather|Sandstorm|[upkeep]
|-heal|p2a: Aegislash|57/100|[from] item: Leftovers
|-heal|p1a: command the sand|100/100 brn|[from] item: Leftovers
|-damage|p1a: command the sand|94/100 brn|[from] brn
|upkeep
|turn|23
|
|t:|1652299628
|move|p2a: Aegislash|Swords Dance|p2a: Aegislash
|-boost|p2a: Aegislash|atk|2
|move|p1a: command the sand|Earthquake|p2a: Aegislash
|-supereffective|p2a: Aegislash
|-damage|p2a: Aegislash|27/100
|
|-weather|none
|-heal|p2a: Aegislash|33/100|[from] item: Leftovers
|-heal|p1a: command the sand|100/100 brn|[from] item: Leftovers
|-damage|p1a: command the sand|94/100 brn|[from] brn
|upkeep
|turn|24
|
|t:|1652299630
|move|p2a: Aegislash|King's Shield|p2a: Aegislash
|-singleturn|p2a: Aegislash|Protect
|move|p1a: command the sand|Earthquake|p2a: Aegislash
|-activate|p2a: Aegislash|move: Protect
|
|-heal|p2a: Aegislash|39/100|[from] item: Leftovers
|-heal|p1a: command the sand|100/100 brn|[from] item: Leftovers
|-damage|p1a: command the sand|94/100 brn|[from] brn
|upkeep
|turn|25
|
|t:|1652299634
|-formechange|p2a: Aegislash|Aegislash-Blade||[from] ability: Stance Change
|move|p2a: Aegislash|Close Combat|p1a: command the sand
|-damage|p1a: command the sand|0 fnt
|-unboost|p2a: Aegislash|def|1
|-unboost|p2a: Aegislash|spd|1
|faint|p1a: command the sand
|
|-heal|p2a: Aegislash|45/100|[from] item: Leftovers
|upkeep
|
|t:|1652299637
|switch|p1a: zapolite|Zarude|95/100
|turn|26
|
|t:|1652299641
|-formechange|p2a: Aegislash|Aegislash||[from] ability: Stance Change
|move|p2a: Aegislash|King's Shield|p2a: Aegislash
|-singleturn|p2a: Aegislash|Protect
|move|p1a: zapolite|Darkest Lariat|p2a: Aegislash
|-activate|p2a: Aegislash|move: Protect
|-unboost|p1a: zapolite|atk|1
|
|-heal|p2a: Aegislash|52/100|[from] item: Leftovers
|upkeep
|turn|27
|inactive|uult92q lyss has 120 seconds left.
|
|t:|1652299679
|switch|p1a: Zygarde-10% off|Zygarde-10%|100/100
|-ability|p1a: Zygarde-10% off|Aura Break
|switch|p2a: Cobalion|Cobalion|70/100
|-damage|p2a: Cobalion|67/100|[from] Stealth Rock
|
|upkeep
|turn|28
|inactive|uult92q lyss has 120 seconds left.
|inactive|chiharu haru has 120 seconds left.
|
|t:|1652299714
|switch|p2a: Tangrowth|Tangrowth, M|92/100 tox
|-damage|p2a: Tangrowth|79/100 tox|[from] Stealth Rock
|move|p1a: Zygarde-10% off|Outrage|p2a: Tangrowth
|-damage|p2a: Tangrowth|35/100 tox
|
|-damage|p2a: Tangrowth|29/100 tox|[from] psn
|upkeep
|turn|29
|
|t:|1652299718
|switch|p2a: Cobalion|Cobalion|67/100
|-damage|p2a: Cobalion|64/100|[from] Stealth Rock
|move|p1a: Zygarde-10% off|Outrage|p2a: Cobalion|[from]lockedmove
|-resisted|p2a: Cobalion
|-damage|p2a: Cobalion|30/100
|-start|p1a: Zygarde-10% off|confusion|[fatigue]
|
|upkeep
|turn|30
|
|t:|1652299724
|-activate|p1a: Zygarde-10% off|confusion
|move|p1a: Zygarde-10% off|Outrage|p2a: Cobalion
|-resisted|p2a: Cobalion
|-damage|p2a: Cobalion|0 fnt
|faint|p2a: Cobalion
|
|upkeep
|
|t:|1652299730
|switch|p2a: Aegislash|Aegislash, M|52/100
|-damage|p2a: Aegislash|45/100|[from] Stealth Rock
|turn|31
|j| Boulicrok
|inactive|uult92q lyss has 90 seconds left.
|
|t:|1652299778
|-activate|p1a: Zygarde-10% off|confusion
|-damage|p1a: Zygarde-10% off|80/100|[from] confusion
|-formechange|p2a: Aegislash|Aegislash-Blade||[from] ability: Stance Change
|move|p2a: Aegislash|Close Combat|p1a: Zygarde-10% off
|-damage|p1a: Zygarde-10% off|0 fnt
|-unboost|p2a: Aegislash|def|1
|-unboost|p2a: Aegislash|spd|1
|faint|p1a: Zygarde-10% off
|
|-heal|p2a: Aegislash|52/100|[from] item: Leftovers
|upkeep
|
|t:|1652299785
|switch|p1a: zapolite|Zarude|95/100
|turn|32
|
|t:|1652299795
|-formechange|p2a: Aegislash|Aegislash||[from] ability: Stance Change
|move|p2a: Aegislash|King's Shield|p2a: Aegislash
|-singleturn|p2a: Aegislash|Protect
|move|p1a: zapolite|Darkest Lariat|p2a: Aegislash
|-activate|p2a: Aegislash|move: Protect
|-unboost|p1a: zapolite|atk|1
|
|-heal|p2a: Aegislash|58/100|[from] item: Leftovers
|upkeep
|turn|33
|inactive|uult92q lyss has 90 seconds left.
|
|t:|1652299808
|switch|p2a: Tangrowth|Tangrowth, M|62/100 tox
|-damage|p2a: Tangrowth|50/100 tox|[from] Stealth Rock
|move|p1a: zapolite|Darkest Lariat|p2a: Tangrowth
|-damage|p2a: Tangrowth|23/100 tox
|
|-damage|p2a: Tangrowth|17/100 tox|[from] psn
|upkeep
|turn|34
|
|t:|1652299810
|move|p1a: zapolite|Darkest Lariat|p2a: Tangrowth
|-crit|p2a: Tangrowth
|-damage|p2a: Tangrowth|0 fnt
|faint|p2a: Tangrowth
|
|upkeep
|
|t:|1652299814
|switch|p2a: Diggersby|Diggersby, F|94/100
|-damage|p2a: Diggersby|88/100|[from] Stealth Rock
|turn|35
|
|t:|1652299831
|switch|p1a: cutter butter|Scizor, M|60/100
|move|p2a: Diggersby|Fire Punch|p1a: cutter butter
|-supereffective|p1a: cutter butter
|-damage|p1a: cutter butter|0 fnt
|faint|p1a: cutter butter
|
|upkeep
|
|t:|1652299836
|switch|p1a: moltres leches|Moltres|90/100
|turn|36
|
|t:|1652299861
|switch|p2a: Aegislash|Aegislash, M|58/100
|-damage|p2a: Aegislash|52/100|[from] Stealth Rock
|move|p1a: moltres leches|U-turn|p2a: Aegislash
|-resisted|p2a: Aegislash
|-damage|p2a: Aegislash|49/100
|
|t:|1652299863
|switch|p1a: zapolite|Zarude|95/100|[from]move: U-turn
|
|-heal|p2a: Aegislash|55/100|[from] item: Leftovers
|upkeep
|turn|37
|
|t:|1652299868
|move|p2a: Aegislash|King's Shield|p2a: Aegislash
|-singleturn|p2a: Aegislash|Protect
|move|p1a: zapolite|Darkest Lariat|p2a: Aegislash
|-activate|p2a: Aegislash|move: Protect
|-unboost|p1a: zapolite|atk|1
|
|-heal|p2a: Aegislash|61/100|[from] item: Leftovers
|upkeep
|turn|38
|inactive|uult92q lyss has 120 seconds left.
|inactive|chiharu haru has 120 seconds left.
|inactive|uult92q lyss has 90 seconds left.
|inactive|uult92q lyss has 60 seconds left.
|
|t:|1652299959
|move|p1a: zapolite|Darkest Lariat|p2a: Aegislash
|-supereffective|p2a: Aegislash
|-damage|p2a: Aegislash|0 fnt
|faint|p2a: Aegislash
|
|upkeep
|
|t:|1652299963
|switch|p2a: Diggersby|Diggersby, F|88/100
|-damage|p2a: Diggersby|82/100|[from] Stealth Rock
|turn|39
|
|t:|1652299973
|switch|p1a: moltres leches|Moltres|90/100
|move|p2a: Diggersby|U-turn|p1a: moltres leches
|-resisted|p1a: moltres leches
|-damage|p1a: moltres leches|82/100
|-status|p2a: Diggersby|brn|[from] ability: Flame Body|[of] p1a: moltres leches
|
|t:|1652299980
|switch|p2a: Nihilego|Nihilego|63/100|[from]move: U-turn
|-damage|p2a: Nihilego|51/100|[from] Stealth Rock
|
|upkeep
|turn|40
|inactive|uult92q lyss has 60 seconds left.
|inactive|uult92q lyss has 30 seconds left.
|
|t:|1652300018
|move|p2a: Nihilego|Sludge Bomb|p1a: moltres leches
|-damage|p1a: moltres leches|14/100
|move|p1a: moltres leches|U-turn|p2a: Nihilego
|-resisted|p2a: Nihilego
|-damage|p2a: Nihilego|40/100
|
|t:|1652300021
|switch|p1a: zapolite|Zarude|95/100|[from]move: U-turn
|
|upkeep
|turn|41
|inactive|uult92q lyss has 30 seconds left.
|c|☆uult92q lyss|that's so annoying
|inactive|chiharu haru has 120 seconds left.
|inactive|uult92q lyss has 20 seconds left.
|inactive|uult92q lyss has 15 seconds left.
|
|t:|1652300057
|move|p1a: zapolite|Darkest Lariat|p2a: Nihilego
|-damage|p2a: Nihilego|0 fnt
|faint|p2a: Nihilego
|
|upkeep
|inactive|uult92q lyss has 20 seconds left this turn.
|
|t:|1652300061
|switch|p2a: Diggersby|Diggersby, F|82/100 brn
|-damage|p2a: Diggersby|76/100 brn|[from] Stealth Rock
|turn|42
|inactive|uult92q lyss has 30 seconds left this turn.
|inactive|uult92q lyss has 20 seconds left.
|
|t:|1652300076
|move|p2a: Diggersby|Body Slam|p1a: zapolite
|-damage|p1a: zapolite|68/100
|move|p1a: zapolite|Darkest Lariat|p2a: Diggersby
|-damage|p2a: Diggersby|0 fnt
|faint|p2a: Diggersby
|
|win|chiharu haru
|inactive|uult92q lyss has 25 seconds left this turn.
|raw|chiharu haru's rating: 1563 &rarr; <strong>1585</strong><br />(+22 for winning)
|raw|uult92q lyss's rating: 1592 &rarr; <strong>1570</strong><br />(-22 for losing)
|c|☆chiharu haru|gg
|c|☆uult92q lyss|lol
|l|☆uult92q lyss
||Ladder isn't responding, score probably updated but might not have (Request timeout).
