|j|☆jkegal
|j|☆ninjadouche
|t:|1663708680
|gametype|singles
|player|p1|jkegal|170|1486
|player|p2|ninjadouche|burglar|1377
|teamsize|p1|6
|teamsize|p2|6
|gen|8
|tier|[Gen 8] UU
|rated|
|rule|Sleep Clause Mod: Limit one foe put to sleep
|rule|Species Clause: Limit one of each Pokémon
|rule|OHKO Clause: OHKO moves are banned
|rule|Evasion Items Clause: Evasion items are banned
|rule|Evasion Moves Clause: Evasion moves are banned
|rule|Endless Battle Clause: Forcing endless battles is banned
|rule|HP Percentage Mod: HP is shown in percentages
|rule|Dynamax Clause: You cannot dynamax
|clearpoke
|poke|p1|Politoed, M|
|poke|p1|Keldeo-Resolute|
|poke|p1|Chansey, F|
|poke|p1|Cobalion|
|poke|p1|Mantine, M|
|poke|p1|Hippowdon, F|
|poke|p2|Marowak-Alola, M|
|poke|p2|Ninetales, F|
|poke|p2|Rotom-Wash|
|poke|p2|Snorlax, M|
|poke|p2|Shiftry, M|
|poke|p2|Aggron, M|
|teampreview
|inactive|Battle timer is ON: inactive players will automatically lose when time's up. (requested by ninjadouche)
|c|☆ninjadouche|gl hf
|c|☆jkegal|U2
|
|t:|1663708728
|start
|switch|p1a: Politoed|Politoed, M|100/100
|switch|p2a: Rotom|Rotom-Wash|100/100
|-weather|RainDance|[from] ability: Drizzle|[of] p1a: Politoed
|turn|1
|j| Zephyyyr
|
|t:|1663708750
|switch|p1a: Chansey|Chansey, F|100/100
|move|p2a: Rotom|Volt Switch|p1a: Chansey
|-damage|p1a: Chansey|92/100
|l| Zephyyyr
|
|t:|1663708759
|switch|p2a: Marowak|Marowak-Alola, M|100/100|[from]move: Volt Switch
|
|-weather|RainDance|[upkeep]
|upkeep
|turn|2
|
|t:|1663708766
|switch|p1a: Hippowdon|Hippowdon, F|100/100
|move|p2a: Marowak|Substitute|p2a: Marowak
|-start|p2a: Marowak|Substitute
|-damage|p2a: Marowak|76/100
|
|-weather|RainDance|[upkeep]
|upkeep
|turn|3
|c|☆ninjadouche|woa thats cool
|c|☆ninjadouche|thought it would of had sandstorm
|
|t:|1663708790
|move|p2a: Marowak|Poltergeist|p1a: Hippowdon
|-activate|p1a: Hippowdon|move: Poltergeist|Rocky Helmet
|-damage|p1a: Hippowdon|40/100
|move|p1a: Hippowdon|Earthquake|p2a: Marowak
|-supereffective|p2a: Marowak
|-crit|p2a: Marowak
|-end|p2a: Marowak|Substitute
|
|-weather|RainDance|[upkeep]
|upkeep
|turn|4
|
|t:|1663708805
|move|p2a: Marowak|Poltergeist|p1a: Hippowdon
|-activate|p1a: Hippowdon|move: Poltergeist|Rocky Helmet
|-damage|p1a: Hippowdon|0 fnt
|faint|p1a: Hippowdon
|
|-weather|RainDance|[upkeep]
|upkeep
|
|t:|1663708809
|switch|p1a: Keldeo|Keldeo-Resolute|100/100
|turn|5
|inactive|ninjadouche has 120 seconds left.
|
|t:|1663708844
|switch|p2a: Shiftry|Shiftry, M|100/100
|move|p1a: Keldeo|Hydro Pump|p2a: Shiftry|[miss]
|-miss|p1a: Keldeo|p2a: Shiftry
|
|-weather|RainDance|[upkeep]
|upkeep
|turn|6
|
|t:|1663708849
|move|p1a: Keldeo|Hydro Pump|p2a: Shiftry
|-resisted|p2a: Shiftry
|-damage|p2a: Shiftry|4/100
|move|p2a: Shiftry|Explosion|p1a: Keldeo
|-damage|p1a: Keldeo|0 fnt
|faint|p2a: Shiftry
|faint|p1a: Keldeo
|
|-weather|RainDance|[upkeep]
|upkeep
|c|☆ninjadouche|wow
|c|☆ninjadouche|that was unjust tbh
|inactive|ninjadouche has 120 seconds left.
|
|t:|1663708870
|switch|p1a: Mantine|Mantine, M|100/100
|switch|p2a: Ninetales|Ninetales, F, shiny|100/100
|-weather|SunnyDay|[from] ability: Drought|[of] p2a: Ninetales
|turn|7
|c|☆jkegal|Lol nah it's always a gamble
|
|t:|1663708880
|switch|p2a: Rotom|Rotom-Wash|100/100
|switch|p1a: Chansey|Chansey, F|92/100
|
|-weather|SunnyDay|[upkeep]
|upkeep
|turn|8
|
|t:|1663708885
|move|p2a: Rotom|Volt Switch|p1a: Chansey
|-damage|p1a: Chansey|85/100
|
|t:|1663708889
|switch|p2a: Snorlax|Snorlax, M|100/100|[from]move: Volt Switch
|move|p1a: Chansey|Teleport|p1a: Chansey
|
|t:|1663708892
|switch|p1a: Cobalion|Cobalion|100/100|[from]move: Teleport
|
|-weather|SunnyDay|[upkeep]
|upkeep
|turn|9
|
|t:|1663708905
|switch|p2a: Aggron|Aggron, M|100/100
|move|p1a: Cobalion|Volt Switch|p2a: Aggron
|-damage|p2a: Aggron|74/100
|
|t:|1663708908
|switch|p1a: Politoed|Politoed, M|100/100|[from]move: Volt Switch
|-weather|RainDance|[from] ability: Drizzle|[of] p1a: Politoed
|
|-weather|RainDance|[upkeep]
|upkeep
|turn|10
|
|t:|1663708916
|switch|p2a: Ninetales|Ninetales, F, shiny|100/100
|-weather|SunnyDay|[from] ability: Drought|[of] p2a: Ninetales
|move|p1a: Politoed|Scald|p2a: Ninetales
|-supereffective|p2a: Ninetales
|-damage|p2a: Ninetales|73/100
|
|-weather|SunnyDay|[upkeep]
|upkeep
|turn|11
|
|t:|1663708922
|switch|p2a: Marowak|Marowak-Alola, M|76/100
|switch|p1a: Chansey|Chansey, F|85/100
|
|-weather|SunnyDay|[upkeep]
|upkeep
|turn|12
|
|t:|1663708928
|switch|p1a: Politoed|Politoed, M|100/100
|-weather|RainDance|[from] ability: Drizzle|[of] p1a: Politoed
|move|p2a: Marowak|Substitute|p2a: Marowak
|-start|p2a: Marowak|Substitute
|-damage|p2a: Marowak|51/100
|
|-weather|RainDance|[upkeep]
|upkeep
|turn|13
|
|t:|1663708931
|switch|p1a: Chansey|Chansey, F|85/100
|move|p2a: Marowak|Poltergeist|p1a: Chansey
|-immune|p1a: Chansey
|
|-weather|RainDance|[upkeep]
|upkeep
|turn|14
|
|t:|1663708933
|-singleturn|p2a: Marowak|move: Focus Punch
|move|p2a: Marowak|Focus Punch|p1a: Chansey
|-supereffective|p1a: Chansey
|-damage|p1a: Chansey|0 fnt
|faint|p1a: Chansey
|
|-weather|RainDance|[upkeep]
|upkeep
|
|t:|1663708939
|switch|p1a: Mantine|Mantine, M|100/100
|turn|15
|
|t:|1663708944
|move|p1a: Mantine|Hurricane|p2a: Marowak
|-end|p2a: Marowak|Substitute
|move|p2a: Marowak|Poltergeist|p1a: Mantine|[miss]
|-miss|p2a: Marowak|p1a: Mantine
|
|-weather|RainDance|[upkeep]
|upkeep
|turn|16
|c|☆ninjadouche|eek
|
|t:|1663708961
|switch|p2a: Rotom|Rotom-Wash|100/100
|move|p1a: Mantine|Hydro Pump|p2a: Rotom|[miss]
|-miss|p1a: Mantine|p2a: Rotom
|
|-weather|RainDance|[upkeep]
|upkeep
|turn|17
|
|t:|1663708969
|move|p1a: Mantine|Hydro Pump|p2a: Rotom
|-resisted|p2a: Rotom
|-damage|p2a: Rotom|63/100
|move|p2a: Rotom|Volt Switch|p1a: Mantine
|-supereffective|p1a: Mantine
|-damage|p1a: Mantine|16/100
|-message|jkegal forfeited.
|
|win|ninjadouche
|raw|jkegal's rating: 1486 &rarr; <strong>1460</strong><br />(-26 for losing)
|raw|ninjadouche's rating: 1377 &rarr; <strong>1403</strong><br />(+26 for winning)
|l|☆jkegal
||Ladder isn't responding, score probably updated but might not have (Request timeout).
