|html|<div class="broadcast-blue"><strong>[Gen 8] UU is currently suspecting Thundurus! For information on how to participate check out the <a href="https://www.smogon.com/forums/threads/np-ss-uu-stage-9-1-king-of-the-clouds.3689570/">suspect thread</a>.</strong></div>
|j|☆EliotEnRetar
|j|☆Neutralist
|t:|1630402008
|gametype|singles
|player|p1|EliotEnRetar|falkner|1490
|player|p2|Neutralist|2|1527
|teamsize|p1|6
|teamsize|p2|6
|gen|8
|tier|[Gen 8] UU
|rated|
|rule|Sleep Clause Mod: Limit one foe put to sleep
|rule|Species Clause: Limit one of each Pokémon
|rule|OHKO Clause: OHKO moves are banned
|rule|Evasion Moves Clause: Evasion moves are banned
|rule|Endless Battle Clause: Forcing endless battles is banned
|rule|HP Percentage Mod: HP is shown in percentages
|rule|Dynamax Clause: You cannot dynamax
|clearpoke
|poke|p1|Drapion, F|
|poke|p1|Talonflame, M|
|poke|p1|Rotom-Wash|
|poke|p1|Ribombee, M|
|poke|p1|Zygarde-10%|
|poke|p1|Conkeldurr, M|
|poke|p2|Politoed, M|
|poke|p2|Kingdra, M|
|poke|p2|Celesteela|
|poke|p2|Moltres-Galar|
|poke|p2|Azumarill, M|
|poke|p2|Seismitoad, M|
|teampreview
|
|t:|1630402017
|start
|switch|p1a: BeeMovie|Ribombee, M|100/100
|switch|p2a: Pepega|Seismitoad, M|100/100
|turn|1
|
|t:|1630402021
|move|p1a: BeeMovie|Energy Ball|p2a: Pepega
|-supereffective|p2a: Pepega
|-damage|p2a: Pepega|0 fnt
|faint|p2a: Pepega
|
|upkeep
|
|t:|1630402024
|switch|p2a: Celesteela|Celesteela|100/100
|turn|2
|
|t:|1630402026
|move|p1a: BeeMovie|Sticky Web|p2a: Celesteela
|-sidestart|p2: Neutralist|move: Sticky Web
|move|p2a: Celesteela|Heavy Slam|p1a: BeeMovie
|-supereffective|p1a: BeeMovie
|-enditem|p1a: BeeMovie|Focus Sash
|-damage|p1a: BeeMovie|1/100
|
|upkeep
|turn|3
|c|☆Neutralist|Ded
|c|☆Neutralist|F
|
|t:|1630402032
|switch|p1a: CauetBurger|Rotom-Wash|100/100
|move|p2a: Celesteela|Heavy Slam|p1a: CauetBurger
|-resisted|p1a: CauetBurger
|-damage|p1a: CauetBurger|92/100
|
|-heal|p1a: CauetBurger|99/100|[from] item: Leftovers
|upkeep
|turn|4
|
|t:|1630402035
|move|p1a: CauetBurger|Volt Switch|p2a: Celesteela
|-supereffective|p2a: Celesteela
|-damage|p2a: Celesteela|64/100
|
|t:|1630402039
|switch|p1a: Etchebest|Conkeldurr, M|100/100|[from]move: Volt Switch
|move|p2a: Celesteela|Energy Ball|p1a: Etchebest
|-damage|p1a: Etchebest|72/100
|
|-heal|p2a: Celesteela|70/100|[from] item: Leftovers
|-status|p1a: Etchebest|brn|[from] item: Flame Orb
|upkeep
|turn|5
|
|t:|1630402046
|switch|p1a: BizouJeManvol|Talonflame, M|100/100
|move|p2a: Celesteela|Leech Seed|p1a: BizouJeManvol|[miss]
|-miss|p2a: Celesteela|p1a: BizouJeManvol
|
|-heal|p2a: Celesteela|76/100|[from] item: Leftovers
|upkeep
|turn|6
|
|t:|1630402050
|switch|p2a: Pepe|Politoed, M|100/100
|-activate|p2a: Pepe|move: Sticky Web
|-unboost|p2a: Pepe|spe|1
|-weather|RainDance|[from] ability: Drizzle|[of] p2a: Pepe
|move|p1a: BizouJeManvol|Flare Blitz|p2a: Pepe
|-resisted|p2a: Pepe
|-damage|p2a: Pepe|88/100
|-status|p2a: Pepe|brn
|-damage|p1a: BizouJeManvol|95/100|[from] Recoil
|
|-weather|RainDance|[upkeep]
|-damage|p2a: Pepe|82/100 brn|[from] brn
|upkeep
|turn|7
|
|t:|1630402058
|move|p1a: BizouJeManvol|U-turn|p2a: Pepe
|-damage|p2a: Pepe|63/100 brn
|
|t:|1630402061
|switch|p1a: CauetBurger|Rotom-Wash|99/100|[from]move: U-turn
|move|p2a: Pepe|Toxic|p1a: CauetBurger
|-status|p1a: CauetBurger|tox
|
|-weather|RainDance|[upkeep]
|-heal|p1a: CauetBurger|100/100 tox|[from] item: Leftovers
|-damage|p1a: CauetBurger|94/100 tox|[from] psn
|-damage|p2a: Pepe|57/100 brn|[from] brn
|upkeep
|turn|8
|
|t:|1630402067
|switch|p2a: Kingdra|Kingdra, M|100/100
|-activate|p2a: Kingdra|move: Sticky Web
|-unboost|p2a: Kingdra|spe|1
|move|p1a: CauetBurger|Volt Switch|p2a: Kingdra
|-damage|p2a: Kingdra|68/100
|
|t:|1630402091
|switch|p1a: En Brrrrrr|Zygarde-10%|100/100|[from]move: Volt Switch
|-ability|p1a: En Brrrrrr|Aura Break
|
|-weather|RainDance|[upkeep]
|upkeep
|turn|9
|
|t:|1630402095
|switch|p2a: Gun|Azumarill, M|100/100
|-activate|p2a: Gun|move: Sticky Web
|-unboost|p2a: Gun|spe|1
|move|p1a: En Brrrrrr|Extreme Speed|p2a: Gun
|-damage|p2a: Gun|65/100
|
|-weather|RainDance|[upkeep]
|upkeep
|turn|10
|
|t:|1630402099
|switch|p1a: CauetBurger|Rotom-Wash|94/100 tox
|move|p2a: Gun|Play Rough|p1a: CauetBurger|[miss]
|-miss|p2a: Gun|p1a: CauetBurger
|
|-weather|RainDance|[upkeep]
|-heal|p1a: CauetBurger|100/100 tox|[from] item: Leftovers
|-damage|p1a: CauetBurger|94/100 tox|[from] psn
|upkeep
|turn|11
|
|t:|1630402104
|switch|p2a: Celesteela|Celesteela|76/100
|move|p1a: CauetBurger|Volt Switch|p2a: Celesteela
|-supereffective|p2a: Celesteela
|-damage|p2a: Celesteela|43/100
|
|t:|1630402107
|switch|p1a: En Brrrrrr|Zygarde-10%|100/100|[from]move: Volt Switch
|-ability|p1a: En Brrrrrr|Aura Break
|
|-weather|RainDance|[upkeep]
|-heal|p2a: Celesteela|49/100|[from] item: Leftovers
|upkeep
|turn|12
|c|☆Neutralist|My RNG so bad
|c|☆Neutralist|reee
|
|t:|1630402116
|move|p1a: En Brrrrrr|Thousand Arrows|p2a: Celesteela
|-damage|p2a: Celesteela|0 fnt
|faint|p2a: Celesteela
|
|-weather|RainDance|[upkeep]
|upkeep
|
|t:|1630402121
|switch|p2a: Gun|Azumarill, M|65/100
|-activate|p2a: Gun|move: Sticky Web
|-unboost|p2a: Gun|spe|1
|turn|13
|
|t:|1630402124
|move|p1a: En Brrrrrr|Thousand Arrows|p2a: Gun
|-damage|p2a: Gun|10/100
|-enditem|p2a: Gun|Sitrus Berry|[eat]
|-heal|p2a: Gun|35/100|[from] item: Sitrus Berry
|move|p2a: Gun|Play Rough|p1a: En Brrrrrr
|-supereffective|p1a: En Brrrrrr
|-damage|p1a: En Brrrrrr|0 fnt
|faint|p1a: En Brrrrrr
|
|-weather|none
|upkeep
|
|t:|1630402130
|switch|p1a: CauetBurger|Rotom-Wash|94/100 tox
|turn|14
|
|t:|1630402133
|switch|p2a: Pepe|Politoed, M|57/100 brn
|-activate|p2a: Pepe|move: Sticky Web
|-unboost|p2a: Pepe|spe|1
|-weather|RainDance|[from] ability: Drizzle|[of] p2a: Pepe
|move|p1a: CauetBurger|Volt Switch|p2a: Pepe
|-supereffective|p2a: Pepe
|-damage|p2a: Pepe|16/100 brn
|
|t:|1630402148
|switch|p1a: Drrrrrrrascore|Drapion, F|100/100|[from]move: Volt Switch
|
|-weather|RainDance|[upkeep]
|-damage|p2a: Pepe|10/100 brn|[from] brn
|upkeep
|turn|15
|
|t:|1630402152
|move|p1a: Drrrrrrrascore|Knock Off|p2a: Pepe
|-damage|p2a: Pepe|0 fnt
|-enditem|p2a: Pepe|Damp Rock|[from] move: Knock Off|[of] p1a: Drrrrrrrascore
|faint|p2a: Pepe
|-damage|p1a: Drrrrrrrascore|91/100|[from] item: Life Orb
|
|-weather|RainDance|[upkeep]
|upkeep
|
|t:|1630402155
|switch|p2a: Kingdra|Kingdra, M|68/100
|-activate|p2a: Kingdra|move: Sticky Web
|-unboost|p2a: Kingdra|spe|1
|turn|16
|
|t:|1630402159
|move|p2a: Kingdra|Surf|p1a: Drrrrrrrascore
|-damage|p1a: Drrrrrrrascore|0 fnt
|faint|p1a: Drrrrrrrascore
|-damage|p2a: Kingdra|58/100|[from] item: Life Orb
|
|-weather|RainDance|[upkeep]
|upkeep
|
|t:|1630402165
|switch|p1a: CauetBurger|Rotom-Wash|94/100 tox
|turn|17
|
|t:|1630402168
|move|p2a: Kingdra|Draco Meteor|p1a: CauetBurger
|-damage|p1a: CauetBurger|4/100 tox
|-unboost|p2a: Kingdra|spa|2
|-damage|p2a: Kingdra|48/100|[from] item: Life Orb
|move|p1a: CauetBurger|Volt Switch|p2a: Kingdra
|-crit|p2a: Kingdra
|-damage|p2a: Kingdra|0 fnt
|faint|p2a: Kingdra
|
|t:|1630402184
|switch|p1a: Etchebest|Conkeldurr, M|72/100 brn|[from]move: Volt Switch
|
|-weather|RainDance|[upkeep]
|-damage|p1a: Etchebest|66/100 brn|[from] brn
|upkeep
|
|t:|1630402186
|switch|p2a: Ibushi|Moltres-Galar|100/100
|turn|18
|
|t:|1630402190
|switch|p1a: BeeMovie|Ribombee, M|1/100
|move|p2a: Ibushi|Agility|p2a: Ibushi
|-boost|p2a: Ibushi|spe|2
|
|-weather|RainDance|[upkeep]
|upkeep
|turn|19
|
|t:|1630402193
|move|p2a: Ibushi|Hurricane|p1a: BeeMovie
|-supereffective|p1a: BeeMovie
|-damage|p1a: BeeMovie|0 fnt
|faint|p1a: BeeMovie
|
|-weather|RainDance|[upkeep]
|upkeep
|
|t:|1630402200
|switch|p1a: BizouJeManvol|Talonflame, M|95/100
|turn|20
|
|t:|1630402204
|move|p2a: Ibushi|Fiery Wrath|p1a: BizouJeManvol
|-damage|p1a: BizouJeManvol|33/100
|move|p1a: BizouJeManvol|U-turn|p2a: Ibushi
|-damage|p2a: Ibushi|79/100
|
|t:|1630402209
|switch|p1a: Etchebest|Conkeldurr, M|66/100 brn|[from]move: U-turn
|
|-weather|RainDance|[upkeep]
|-heal|p2a: Ibushi|85/100|[from] item: Leftovers
|-damage|p1a: Etchebest|60/100 brn|[from] brn
|upkeep
|turn|21
|
|t:|1630402212
|switch|p1a: CauetBurger|Rotom-Wash|4/100 tox
|move|p2a: Ibushi|Hurricane|p1a: CauetBurger
|-resisted|p1a: CauetBurger
|-damage|p1a: CauetBurger|0 fnt
|faint|p1a: CauetBurger
|
|-weather|none
|-heal|p2a: Ibushi|91/100|[from] item: Leftovers
|upkeep
|
|t:|1630402215
|switch|p1a: Etchebest|Conkeldurr, M|60/100 brn
|turn|22
|
|t:|1630402217
|move|p2a: Ibushi|Hurricane|p1a: Etchebest
|-supereffective|p1a: Etchebest
|-damage|p1a: Etchebest|0 fnt
|faint|p1a: Etchebest
|
|-heal|p2a: Ibushi|97/100|[from] item: Leftovers
|upkeep
|-message|EliotEnRetar forfeited.
|
|win|Neutralist
|raw|EliotEnRetar's rating: 1490 &rarr; <strong>1472</strong><br />(-18 for losing)
|raw|Neutralist's rating: 1527 &rarr; <strong>1545</strong><br />(+18 for winning)
|l|☆EliotEnRetar
