|j|☆Shades438
|j|☆zabalad2
|t:|1662767966
|gametype|singles
|player|p1|Shades438|brendan-gen3rs|1460
|player|p2|zabalad2|101|1357
|teamsize|p1|6
|teamsize|p2|6
|gen|8
|tier|[Gen 8] UU
|rated|
|rule|Sleep Clause Mod: Limit one foe put to sleep
|rule|Species Clause: Limit one of each Pokémon
|rule|OHKO Clause: OHKO moves are banned
|rule|Evasion Items Clause: Evasion items are banned
|rule|Evasion Moves Clause: Evasion moves are banned
|rule|Endless Battle Clause: Forcing endless battles is banned
|rule|HP Percentage Mod: HP is shown in percentages
|rule|Dynamax Clause: You cannot dynamax
|clearpoke
|poke|p1|Registeel|
|poke|p1|Zygarde-10%|
|poke|p1|Chansey, F|
|poke|p1|Amoonguss, F|
|poke|p1|Conkeldurr, F|
|poke|p1|Salamence, F|
|poke|p2|Torkoal, M|
|poke|p2|Darmanitan, M|
|poke|p2|Galvantula, F|
|poke|p2|Venusaur, M|
|poke|p2|Charizard, M|
|poke|p2|Nihilego|
|teampreview
|
|t:|1662767979
|start
|switch|p1a: Zygarde|Zygarde-10%|100/100
|switch|p2a: Torkoal|Torkoal, M|100/100
|-ability|p1a: Zygarde|Aura Break
|-weather|SunnyDay|[from] ability: Drought|[of] p2a: Torkoal
|turn|1
|
|t:|1662767991
|switch|p2a: Venusaur|Venusaur, M|100/100
|move|p1a: Zygarde|Thousand Arrows|p2a: Venusaur
|-damage|p2a: Venusaur|23/100
|
|-weather|SunnyDay|[upkeep]
|upkeep
|turn|2
|
|t:|1662767997
|move|p2a: Venusaur|Giga Drain|p1a: Zygarde
|-damage|p1a: Zygarde|33/100
|-heal|p2a: Venusaur|51/100|[from] drain|[of] p1a: Zygarde
|-damage|p2a: Venusaur|41/100|[from] item: Life Orb
|move|p1a: Zygarde|Thousand Arrows|p2a: Venusaur
|-damage|p2a: Venusaur|0 fnt
|faint|p2a: Venusaur
|
|-weather|SunnyDay|[upkeep]
|upkeep
|
|t:|1662768008
|switch|p2a: Nihilego|Nihilego|100/100
|turn|3
|
|t:|1662768011
|move|p1a: Zygarde|Thousand Arrows|p2a: Nihilego
|-supereffective|p2a: Nihilego
|-damage|p2a: Nihilego|0 fnt
|faint|p2a: Nihilego
|
|-weather|SunnyDay|[upkeep]
|upkeep
|
|t:|1662768021
|switch|p2a: Torkoal|Torkoal, M|100/100
|turn|4
|
|t:|1662768031
|switch|p1a: Chansey|Chansey, F|100/100
|move|p2a: Torkoal|Lava Plume|p1a: Chansey
|-damage|p1a: Chansey|89/100
|-status|p1a: Chansey|brn
|
|-weather|SunnyDay|[upkeep]
|-damage|p1a: Chansey|83/100 brn|[from] brn
|upkeep
|turn|5
|
|t:|1662768047
|switch|p2a: Darmanitan|Darmanitan, M|100/100
|move|p1a: Chansey|Thunder Wave|p2a: Darmanitan
|-status|p2a: Darmanitan|par
|
|-weather|SunnyDay|[upkeep]
|-damage|p1a: Chansey|77/100 brn|[from] brn
|upkeep
|turn|6
|
|t:|1662768064
|-curestatus|p1a: Chansey|brn|[from] ability: Natural Cure
|switch|p1a: Registeel|Registeel|100/100
|move|p2a: Darmanitan|Flare Blitz|p1a: Registeel
|-supereffective|p1a: Registeel
|-damage|p1a: Registeel|0 fnt
|faint|p1a: Registeel
|-damage|p2a: Darmanitan|66/100 par|[from] Recoil
|
|-weather|SunnyDay|[upkeep]
|upkeep
|
|t:|1662768068
|switch|p1a: Zygarde|Zygarde-10%|33/100
|-ability|p1a: Zygarde|Aura Break
|turn|7
|
|t:|1662768076
|move|p1a: Zygarde|Thousand Arrows|p2a: Darmanitan
|-supereffective|p2a: Darmanitan
|-damage|p2a: Darmanitan|0 fnt
|faint|p2a: Darmanitan
|
|-weather|SunnyDay|[upkeep]
|upkeep
|
|t:|1662768082
|switch|p2a: Torkoal|Torkoal, M|100/100
|turn|8
|
|t:|1662768087
|switch|p1a: Chansey|Chansey, F|77/100
|move|p2a: Torkoal|Lava Plume|p1a: Chansey
|-damage|p1a: Chansey|66/100
|
|-weather|none
|upkeep
|turn|9
|
|t:|1662768097
|move|p1a: Chansey|Soft-Boiled|p1a: Chansey
|-heal|p1a: Chansey|100/100
|move|p2a: Torkoal|Toxic|p1a: Chansey
|-status|p1a: Chansey|tox
|
|-damage|p1a: Chansey|94/100 tox|[from] psn
|upkeep
|turn|10
|
|t:|1662768112
|switch|p2a: Galvantula|Galvantula, F|100/100
|move|p1a: Chansey|Thunder Wave|p2a: Galvantula
|-immune|p2a: Galvantula
|
|-damage|p1a: Chansey|82/100 tox|[from] psn
|upkeep
|turn|11
|
|t:|1662768124
|-curestatus|p1a: Chansey|tox|[from] ability: Natural Cure
|switch|p1a: Amoonguss|Amoonguss, F|100/100
|move|p2a: Galvantula|Sticky Web|p1a: Amoonguss
|-sidestart|p1: Shades438|move: Sticky Web
|
|upkeep
|turn|12
|
|t:|1662768138
|move|p2a: Galvantula|Thunder Wave|p1a: Amoonguss
|-status|p1a: Amoonguss|par
|move|p1a: Amoonguss|Spore|p2a: Galvantula
|-status|p2a: Galvantula|slp|[from] move: Spore
|
|upkeep
|turn|13
|
|t:|1662768144
|switch|p2a: Torkoal|Torkoal, M|100/100
|-weather|SunnyDay|[from] ability: Drought|[of] p2a: Torkoal
|switch|p1a: Salamence|Salamence, F|100/100
|-ability|p1a: Salamence|Intimidate|boost
|-unboost|p2a: Torkoal|atk|1
|
|-weather|SunnyDay|[upkeep]
|upkeep
|turn|14
|
|t:|1662768153
|move|p1a: Salamence|Defog|p2a: Torkoal
|-unboost|p2a: Torkoal|evasion|1
|-sideend|p1: Shades438|Sticky Web|[from] move: Defog|[of] p1a: Salamence
|move|p2a: Torkoal|Lava Plume|p1a: Salamence
|-resisted|p1a: Salamence
|-damage|p1a: Salamence|81/100
|-status|p1a: Salamence|brn
|
|-weather|SunnyDay|[upkeep]
|-damage|p1a: Salamence|75/100 brn|[from] brn
|upkeep
|turn|15
|
|t:|1662768163
|switch|p1a: Chansey|Chansey, F|82/100
|switch|p2a: Galvantula|Galvantula, F|100/100 slp
|
|-weather|SunnyDay|[upkeep]
|upkeep
|turn|16
|
|t:|1662768172
|cant|p2a: Galvantula|slp
|move|p1a: Chansey|Seismic Toss|p2a: Galvantula
|-damage|p2a: Galvantula|65/100 slp
|
|-weather|SunnyDay|[upkeep]
|upkeep
|turn|17
|
|t:|1662768177
|-curestatus|p2a: Galvantula|slp|[msg]
|move|p2a: Galvantula|Sticky Web|p1a: Chansey
|-sidestart|p1: Shades438|move: Sticky Web
|move|p1a: Chansey|Teleport|p1a: Chansey
|
|t:|1662768187
|switch|p1a: Amoonguss|Amoonguss, F|100/100 par|[from]move: Teleport
|-activate|p1a: Amoonguss|move: Sticky Web
|-unboost|p1a: Amoonguss|spe|1
|
|-weather|SunnyDay|[upkeep]
|upkeep
|turn|18
|
|t:|1662768193
|move|p2a: Galvantula|Discharge|p1a: Amoonguss
|-resisted|p1a: Amoonguss
|-damage|p1a: Amoonguss|84/100 par
|move|p1a: Amoonguss|Spore|p2a: Galvantula
|-status|p2a: Galvantula|slp|[from] move: Spore
|
|-weather|SunnyDay|[upkeep]
|upkeep
|turn|19
|
|t:|1662768204
|switch|p2a: Torkoal|Torkoal, M|100/100
|switch|p1a: Salamence|Salamence, F|75/100 brn
|-ability|p1a: Salamence|Intimidate|boost
|-unboost|p2a: Torkoal|atk|1
|
|-weather|SunnyDay|[upkeep]
|-damage|p1a: Salamence|68/100 brn|[from] brn
|upkeep
|turn|20
|
|t:|1662768215
|move|p1a: Salamence|Defog|p2a: Torkoal
|-unboost|p2a: Torkoal|evasion|1
|-sideend|p1: Shades438|Sticky Web|[from] move: Defog|[of] p1a: Salamence
|move|p2a: Torkoal|Lava Plume|p1a: Salamence
|-resisted|p1a: Salamence
|-damage|p1a: Salamence|49/100 brn
|
|-weather|none
|-damage|p1a: Salamence|43/100 brn|[from] brn
|upkeep
|turn|21
|
|t:|1662768223
|switch|p2a: Galvantula|Galvantula, F|65/100 slp
|move|p1a: Salamence|Roost|p1a: Salamence
|-heal|p1a: Salamence|93/100 brn
|-singleturn|p1a: Salamence|move: Roost
|
|-damage|p1a: Salamence|87/100 brn|[from] brn
|upkeep
|turn|22
|
|t:|1662768231
|cant|p2a: Galvantula|slp
|move|p1a: Salamence|Flamethrower|p2a: Galvantula
|-supereffective|p2a: Galvantula
|-damage|p2a: Galvantula|0 fnt
|faint|p2a: Galvantula
|
|-damage|p1a: Salamence|81/100 brn|[from] brn
|upkeep
|
|t:|1662768239
|switch|p2a: Torkoal|Torkoal, M|100/100
|-weather|SunnyDay|[from] ability: Drought|[of] p2a: Torkoal
|turn|23
|
|t:|1662768246
|switch|p1a: Chansey|Chansey, F|82/100
|move|p2a: Torkoal|Lava Plume|p1a: Chansey
|-damage|p1a: Chansey|71/100
|
|-weather|SunnyDay|[upkeep]
|upkeep
|turn|24
|
|t:|1662768253
|switch|p2a: Charizard|Charizard, M|100/100
|move|p1a: Chansey|Seismic Toss|p2a: Charizard
|-damage|p2a: Charizard|67/100
|
|-weather|SunnyDay|[upkeep]
|-damage|p2a: Charizard|54/100|[from] ability: Solar Power|[of] p2a: Charizard
|upkeep
|turn|25
|
|t:|1662768263
|move|p2a: Charizard|Weather Ball|p1a: Chansey
|-damage|p1a: Chansey|24/100
|move|p1a: Chansey|Soft-Boiled|p1a: Chansey
|-heal|p1a: Chansey|74/100
|
|-weather|SunnyDay|[upkeep]
|-damage|p2a: Charizard|42/100|[from] ability: Solar Power|[of] p2a: Charizard
|upkeep
|turn|26
|
|t:|1662768271
|move|p2a: Charizard|Weather Ball|p1a: Chansey
|-damage|p1a: Chansey|25/100
|move|p1a: Chansey|Soft-Boiled|p1a: Chansey
|-heal|p1a: Chansey|75/100
|
|-weather|SunnyDay|[upkeep]
|-damage|p2a: Charizard|29/100|[from] ability: Solar Power|[of] p2a: Charizard
|upkeep
|turn|27
|-message|zabalad2 forfeited.
|
|win|Shades438
|raw|Shades438's rating: 1460 &rarr; <strong>1474</strong><br />(+14 for winning)
|raw|zabalad2's rating: 1357 &rarr; <strong>1343</strong><br />(-14 for losing)
|l|☆zabalad2
