|j|☆yovan33321
|j|☆haxlolo
|t:|1667674205
|gametype|singles
|player|p1|yovan33321|ghetsis-gen5bw|
|player|p2|haxlolo|lillie-masters|
|teamsize|p1|6
|teamsize|p2|6
|gen|8
|tier|[Gen 8] UU
|rule|Sleep Clause Mod: Limit one foe put to sleep
|rule|Species Clause: Limit one of each Pokémon
|rule|OHKO Clause: OHKO moves are banned
|rule|Evasion Items Clause: Evasion items are banned
|rule|Evasion Moves Clause: Evasion moves are banned
|rule|Endless Battle Clause: Forcing endless battles is banned
|rule|HP Percentage Mod: HP is shown in percentages
|rule|Dynamax Clause: You cannot dynamax
|clearpoke
|poke|p1|Cofagrigus, F|
|poke|p1|Skarmory, F|
|poke|p1|Suicune|
|poke|p1|Chansey, F|
|poke|p1|Tangrowth, M|
|poke|p1|Hatterene, F|
|poke|p2|Seismitoad, F|
|poke|p2|Amoonguss, F|
|poke|p2|Toxtricity, M|
|poke|p2|Scizor, M|
|poke|p2|Zygarde-10%|
|poke|p2|Mandibuzz, F|
|teampreview
|c|☆haxlolo|gl
|j| Flo2699
|c|☆yovan33321|hf
|j| PoussPouss
|j| Remi25
|j| ZaraSensei
|c| PoussPouss|go lolo !
|
|t:|1667674310
|start
|switch|p1a: Chansey|Chansey, F|100/100
|switch|p2a: Seismitoad|Seismitoad, F|100/100
|turn|1
|
|t:|1667674330
|switch|p1a: Cofagrigus|Cofagrigus, F|100/100
|move|p2a: Seismitoad|Knock Off|p1a: Cofagrigus
|-supereffective|p1a: Cofagrigus
|-enditem|p1a: Cofagrigus|Colbur Berry|[eat]
|-enditem|p1a: Cofagrigus|Colbur Berry|[weaken]
|-damage|p1a: Cofagrigus|89/100
|-activate|p1a: Cofagrigus|ability: Mummy|Water Absorb|[of] p2a: Seismitoad
|
|upkeep
|turn|2
|
|t:|1667674334
|move|p2a: Seismitoad|Toxic|p1a: Cofagrigus
|-status|p1a: Cofagrigus|tox
|move|p1a: Cofagrigus|Toxic|p2a: Seismitoad
|-status|p2a: Seismitoad|tox
|
|-damage|p2a: Seismitoad|94/100 tox|[from] psn
|-damage|p1a: Cofagrigus|83/100 tox|[from] psn
|upkeep
|turn|3
|
|t:|1667674341
|switch|p2a: Mandibuzz|Mandibuzz, F|100/100
|switch|p1a: Hatterene|Hatterene, F|100/100
|
|upkeep
|turn|4
|
|t:|1667674348
|move|p2a: Mandibuzz|U-turn|p1a: Hatterene
|-damage|p1a: Hatterene|90/100
|
|t:|1667674356
|switch|p2a: Scizor|Scizor, M|100/100|[from]move: U-turn
|move|p1a: Hatterene|Calm Mind|p1a: Hatterene
|-boost|p1a: Hatterene|spa|1
|-boost|p1a: Hatterene|spd|1
|
|-heal|p1a: Hatterene|96/100|[from] item: Leftovers
|upkeep
|turn|5
|
|t:|1667674366
|switch|p1a: Skarmory|Skarmory, F|100/100
|move|p2a: Scizor|U-turn|p1a: Skarmory
|-resisted|p1a: Skarmory
|-damage|p1a: Skarmory|95/100
|-damage|p2a: Scizor|84/100|[from] item: Rocky Helmet|[of] p1a: Skarmory
|
|t:|1667674368
|switch|p2a: Toxtricity|Toxtricity, M|100/100|[from]move: U-turn
|
|upkeep
|turn|6
|
|t:|1667674381
|switch|p1a: Chansey|Chansey, F|100/100
|move|p2a: Toxtricity|Volt Switch|p1a: Chansey
|-damage|p1a: Chansey|83/100
|
|t:|1667674389
|switch|p2a: Seismitoad|Seismitoad, F|94/100 tox|[from]move: Volt Switch
|
|-heal|p2a: Seismitoad|100/100 tox|[from] item: Leftovers
|-damage|p2a: Seismitoad|94/100 tox|[from] psn
|upkeep
|turn|7
|
|t:|1667674417
|move|p2a: Seismitoad|Stealth Rock|p1a: Chansey
|-sidestart|p1: yovan33321|move: Stealth Rock
|move|p1a: Chansey|Stealth Rock|p2a: Seismitoad
|-sidestart|p2: haxlolo|move: Stealth Rock
|
|-heal|p2a: Seismitoad|100/100 tox|[from] item: Leftovers
|-damage|p2a: Seismitoad|88/100 tox|[from] psn
|upkeep
|turn|8
|
|t:|1667674427
|switch|p2a: Mandibuzz|Mandibuzz, F|100/100
|switch|p1a: Suicune|Suicune|100/100
|-damage|p1a: Suicune|88/100|[from] Stealth Rock
|-ability|p1a: Suicune|Pressure
|
|-heal|p1a: Suicune|94/100|[from] item: Leftovers
|upkeep
|turn|9
|
|t:|1667674430
|move|p2a: Mandibuzz|U-turn|p1a: Suicune
|-damage|p1a: Suicune|88/100
|
|t:|1667674433
|switch|p2a: Amoonguss|Amoonguss, F|100/100|[from]move: U-turn
|-damage|p2a: Amoonguss|88/100|[from] Stealth Rock
|move|p1a: Suicune|Scald|p2a: Amoonguss
|-resisted|p2a: Amoonguss
|-damage|p2a: Amoonguss|77/100
|-status|p2a: Amoonguss|brn
|
|-heal|p1a: Suicune|94/100|[from] item: Leftovers
|-damage|p2a: Amoonguss|71/100 brn|[from] brn
|upkeep
|turn|10
|
|t:|1667674437
|move|p1a: Suicune|Calm Mind|p1a: Suicune
|-boost|p1a: Suicune|spa|1
|-boost|p1a: Suicune|spd|1
|move|p2a: Amoonguss|Seed Bomb|p1a: Suicune
|-supereffective|p1a: Suicune
|-damage|p1a: Suicune|82/100
|
|-heal|p1a: Suicune|88/100|[from] item: Leftovers
|-damage|p2a: Amoonguss|64/100 brn|[from] brn
|upkeep
|turn|11
|
|t:|1667674445
|move|p1a: Suicune|Scald|p2a: Amoonguss
|-resisted|p2a: Amoonguss
|-damage|p2a: Amoonguss|47/100 brn
|move|p2a: Amoonguss|Spore|p1a: Suicune
|-status|p1a: Suicune|slp|[from] move: Spore
|
|-heal|p1a: Suicune|94/100 slp|[from] item: Leftovers
|-damage|p2a: Amoonguss|41/100 brn|[from] brn
|upkeep
|turn|12
|
|t:|1667674450
|switch|p2a: Toxtricity|Toxtricity, M|100/100
|-damage|p2a: Toxtricity|88/100|[from] Stealth Rock
|cant|p1a: Suicune|slp
|move|p1a: Suicune|Sleep Talk|p1a: Suicune
|move|p1a: Suicune|Scald|p2a: Toxtricity|[from]move: Sleep Talk
|-damage|p2a: Toxtricity|31/100
|
|-heal|p1a: Suicune|99/100 slp|[from] item: Leftovers
|upkeep
|turn|13
|
|t:|1667674481
|switch|p1a: Tangrowth|Tangrowth, M|100/100
|-damage|p1a: Tangrowth|88/100|[from] Stealth Rock
|move|p2a: Toxtricity|Volt Switch|p1a: Tangrowth
|-resisted|p1a: Tangrowth
|-damage|p1a: Tangrowth|50/100
|
|t:|1667674487
|switch|p2a: Scizor|Scizor, M|84/100|[from]move: Volt Switch
|
|upkeep
|turn|14
|
|t:|1667674492
|switch|p1a: Skarmory|Skarmory, F|95/100
|-damage|p1a: Skarmory|83/100|[from] Stealth Rock
|move|p2a: Scizor|U-turn|p1a: Skarmory
|-resisted|p1a: Skarmory
|-damage|p1a: Skarmory|78/100
|-damage|p2a: Scizor|67/100|[from] item: Rocky Helmet|[of] p1a: Skarmory
|
|t:|1667674503
|switch|p2a: Mandibuzz|Mandibuzz, F|100/100|[from]move: U-turn
|
|upkeep
|turn|15
|
|t:|1667674512
|move|p2a: Mandibuzz|Defog|p1a: Skarmory
|-unboost|p1a: Skarmory|evasion|1
|-sideend|p1: yovan33321|Stealth Rock|[from] move: Defog|[of] p2a: Mandibuzz
|-sideend|p2: haxlolo|Stealth Rock|[from] move: Defog|[of] p2a: Mandibuzz
|move|p1a: Skarmory|Spikes|p2a: Mandibuzz
|-sidestart|p2: haxlolo|Spikes
|
|upkeep
|turn|16
|
|t:|1667674516
|move|p2a: Mandibuzz|Defog|p1a: Skarmory
|-unboost|p1a: Skarmory|evasion|1
|-sideend|p2: haxlolo|Spikes|[from] move: Defog|[of] p2a: Mandibuzz
|move|p1a: Skarmory|Spikes|p2a: Mandibuzz
|-sidestart|p2: haxlolo|Spikes
|
|upkeep
|turn|17
|
|t:|1667674524
|switch|p1a: Tangrowth|Tangrowth, M|83/100
|move|p2a: Mandibuzz|Defog|p1a: Tangrowth
|-unboost|p1a: Tangrowth|evasion|1
|-sideend|p2: haxlolo|Spikes|[from] move: Defog|[of] p2a: Mandibuzz
|
|upkeep
|turn|18
|
|t:|1667674530
|move|p2a: Mandibuzz|U-turn|p1a: Tangrowth
|-supereffective|p1a: Tangrowth
|-damage|p1a: Tangrowth|72/100
|-damage|p2a: Mandibuzz|84/100|[from] item: Rocky Helmet|[of] p1a: Tangrowth
|
|t:|1667674538
|switch|p2a: Amoonguss|Amoonguss, F|74/100 brn|[from]move: U-turn
|move|p1a: Tangrowth|Knock Off|p2a: Amoonguss
|-damage|p2a: Amoonguss|60/100 brn
|-damage|p1a: Tangrowth|55/100|[from] item: Rocky Helmet|[of] p2a: Amoonguss
|-enditem|p2a: Amoonguss|Rocky Helmet|[from] move: Knock Off|[of] p1a: Tangrowth
|
|-damage|p2a: Amoonguss|53/100 brn|[from] brn
|upkeep
|turn|19
|
|t:|1667674547
|switch|p1a: Chansey|Chansey, F|83/100
|switch|p2a: Toxtricity|Toxtricity, M|31/100
|
|upkeep
|turn|20
|
|t:|1667674554
|move|p2a: Toxtricity|Volt Switch|p1a: Chansey
|-damage|p1a: Chansey|65/100
|
|t:|1667674564
|switch|p2a: Scizor|Scizor, M|67/100|[from]move: Volt Switch
|move|p1a: Chansey|Soft-Boiled|p1a: Chansey
|-heal|p1a: Chansey|100/100
|
|upkeep
|turn|21
|
|t:|1667674581
|switch|p2a: Seismitoad|Seismitoad, F|88/100 tox
|move|p1a: Chansey|Stealth Rock|p2a: Seismitoad
|-sidestart|p2: haxlolo|move: Stealth Rock
|
|-heal|p2a: Seismitoad|94/100 tox|[from] item: Leftovers
|-damage|p2a: Seismitoad|88/100 tox|[from] psn
|upkeep
|turn|22
|
|t:|1667674593
|switch|p2a: Mandibuzz|Mandibuzz, F|84/100
|switch|p1a: Suicune|Suicune|99/100 slp
|-ability|p1a: Suicune|Pressure
|
|-heal|p1a: Suicune|100/100 slp|[from] item: Leftovers
|upkeep
|turn|23
|
|t:|1667674599
|move|p2a: Mandibuzz|Defog|p1a: Suicune
|-unboost|p1a: Suicune|evasion|1
|-sideend|p2: haxlolo|Stealth Rock|[from] move: Defog|[of] p2a: Mandibuzz
|cant|p1a: Suicune|slp
|
|upkeep
|turn|24
|
|t:|1667674603
|move|p2a: Mandibuzz|U-turn|p1a: Suicune
|-damage|p1a: Suicune|94/100 slp
|l| PoussPouss
|
|t:|1667674606
|switch|p2a: Seismitoad|Seismitoad, F|88/100 tox|[from]move: U-turn
|cant|p1a: Suicune|slp
|
|-heal|p1a: Suicune|99/100 slp|[from] item: Leftovers
|-heal|p2a: Seismitoad|94/100 tox|[from] item: Leftovers
|-damage|p2a: Seismitoad|88/100 tox|[from] psn
|upkeep
|turn|25
|
|t:|1667674612
|switch|p1a: Hatterene|Hatterene, F|96/100
|move|p2a: Seismitoad|Knock Off|p1a: Hatterene
|-damage|p1a: Hatterene|82/100
|-enditem|p1a: Hatterene|Leftovers|[from] move: Knock Off|[of] p2a: Seismitoad
|
|-heal|p2a: Seismitoad|94/100 tox|[from] item: Leftovers
|-damage|p2a: Seismitoad|82/100 tox|[from] psn
|upkeep
|turn|26
|
|t:|1667674622
|switch|p2a: Scizor|Scizor, M|67/100
|move|p1a: Hatterene|Mystical Fire|p2a: Scizor
|-supereffective|p2a: Scizor
|-damage|p2a: Scizor|0 fnt
|faint|p2a: Scizor
|
|upkeep
|
|t:|1667674623
|switch|p2a: Toxtricity|Toxtricity, M|31/100
|turn|27
|
|t:|1667674628
|switch|p1a: Chansey|Chansey, F|100/100
|move|p2a: Toxtricity|Volt Switch|p1a: Chansey
|-damage|p1a: Chansey|84/100
|
|t:|1667674634
|switch|p2a: Zygarde|Zygarde-10%|100/100|[from]move: Volt Switch
|-ability|p2a: Zygarde|Aura Break
|
|upkeep
|turn|28
|
|t:|1667674644
|switch|p2a: Toxtricity|Toxtricity, M|31/100
|move|p1a: Chansey|Soft-Boiled|p1a: Chansey
|-heal|p1a: Chansey|100/100
|
|upkeep
|turn|29
|
|t:|1667674649
|move|p2a: Toxtricity|Volt Switch|p1a: Chansey
|-damage|p1a: Chansey|82/100
|
|t:|1667674653
|switch|p2a: Mandibuzz|Mandibuzz, F|84/100|[from]move: Volt Switch
|move|p1a: Chansey|Stealth Rock|p2a: Mandibuzz
|-sidestart|p2: haxlolo|move: Stealth Rock
|
|upkeep
|turn|30
|j| PoussPouss
|
|t:|1667674658
|move|p2a: Mandibuzz|Defog|p1a: Chansey
|-unboost|p1a: Chansey|evasion|1
|-sideend|p2: haxlolo|Stealth Rock|[from] move: Defog|[of] p2a: Mandibuzz
|move|p1a: Chansey|Thunder Wave|p2a: Mandibuzz
|-status|p2a: Mandibuzz|par
|
|upkeep
|turn|31
|
|t:|1667674665
|switch|p1a: Tangrowth|Tangrowth, M|89/100
|move|p2a: Mandibuzz|U-turn|p1a: Tangrowth
|-supereffective|p1a: Tangrowth
|-damage|p1a: Tangrowth|77/100
|-damage|p2a: Mandibuzz|67/100 par|[from] item: Rocky Helmet|[of] p1a: Tangrowth
|
|t:|1667674668
|switch|p2a: Toxtricity|Toxtricity, M|31/100|[from]move: U-turn
|
|upkeep
|turn|32
|
|t:|1667674678
|switch|p1a: Chansey|Chansey, F|82/100
|move|p2a: Toxtricity|Volt Switch|p1a: Chansey
|-damage|p1a: Chansey|66/100
|
|t:|1667674680
|switch|p2a: Zygarde|Zygarde-10%|100/100|[from]move: Volt Switch
|-ability|p2a: Zygarde|Aura Break
|
|upkeep
|turn|33
|
|t:|1667674689
|switch|p1a: Tangrowth|Tangrowth, M|100/100
|move|p2a: Zygarde|Thousand Arrows|p1a: Tangrowth
|-resisted|p1a: Tangrowth
|-damage|p1a: Tangrowth|84/100
|
|upkeep
|turn|34
|
|t:|1667674698
|switch|p2a: Mandibuzz|Mandibuzz, F|67/100 par
|switch|p1a: Skarmory|Skarmory, F|78/100
|
|upkeep
|turn|35
|
|t:|1667674701
|move|p1a: Skarmory|Spikes|p2a: Mandibuzz
|-sidestart|p2: haxlolo|Spikes
|cant|p2a: Mandibuzz|par
|
|upkeep
|turn|36
|
|t:|1667674708
|switch|p1a: Chansey|Chansey, F|66/100
|move|p2a: Mandibuzz|Defog|p1a: Chansey
|-unboost|p1a: Chansey|evasion|1
|-sideend|p2: haxlolo|Spikes|[from] move: Defog|[of] p2a: Mandibuzz
|
|upkeep
|turn|37
|
|t:|1667674711
|move|p1a: Chansey|Stealth Rock|p2a: Mandibuzz
|-sidestart|p2: haxlolo|move: Stealth Rock
|move|p2a: Mandibuzz|U-turn|p1a: Chansey
|-damage|p1a: Chansey|58/100
|j| ARN32 Nowelle
|
|t:|1667674714
|switch|p2a: Zygarde|Zygarde-10%|100/100|[from]move: U-turn
|-damage|p2a: Zygarde|94/100|[from] Stealth Rock
|-ability|p2a: Zygarde|Aura Break
|
|upkeep
|turn|38
|
|t:|1667674731
|switch|p1a: Suicune|Suicune|99/100 slp
|-ability|p1a: Suicune|Pressure
|move|p2a: Zygarde|Thousand Arrows|p1a: Suicune
|-damage|p1a: Suicune|66/100 slp
|
|-heal|p1a: Suicune|72/100 slp|[from] item: Leftovers
|upkeep
|turn|39
|
|t:|1667674742
|switch|p2a: Seismitoad|Seismitoad, F|82/100 tox
|-damage|p2a: Seismitoad|76/100 tox|[from] Stealth Rock
|switch|p1a: Tangrowth|Tangrowth, M|100/100
|
|-heal|p2a: Seismitoad|82/100 tox|[from] item: Leftovers
|-damage|p2a: Seismitoad|76/100 tox|[from] psn
|upkeep
|turn|40
|n| Nowelle|arn32nowelle
|
|t:|1667674745
|switch|p2a: Mandibuzz|Mandibuzz, F|67/100 par
|move|p1a: Tangrowth|Giga Drain|p2a: Mandibuzz
|-resisted|p2a: Mandibuzz
|-damage|p2a: Mandibuzz|55/100 par
|
|upkeep
|turn|41
|c| Nowelle|ALLEZ YOVAN
|
|t:|1667674749
|move|p1a: Tangrowth|Knock Off|p2a: Mandibuzz
|-resisted|p2a: Mandibuzz
|-damage|p2a: Mandibuzz|49/100 par
|-enditem|p2a: Mandibuzz|Heavy-Duty Boots|[from] move: Knock Off|[of] p1a: Tangrowth
|move|p2a: Mandibuzz|Defog|p1a: Tangrowth
|-unboost|p1a: Tangrowth|evasion|1
|-sideend|p2: haxlolo|Stealth Rock|[from] move: Defog|[of] p2a: Mandibuzz
|
|upkeep
|turn|42
|
|t:|1667674755
|switch|p1a: Chansey|Chansey, F|58/100
|move|p2a: Mandibuzz|U-turn|p1a: Chansey
|-damage|p1a: Chansey|51/100
|
|t:|1667674757
|switch|p2a: Zygarde|Zygarde-10%|94/100|[from]move: U-turn
|-ability|p2a: Zygarde|Aura Break
|
|upkeep
|turn|43
|c| Nowelle|TIRETIRE
|c| Nowelle|TIRETIRE
|
|t:|1667674769
|switch|p2a: Toxtricity|Toxtricity, M|31/100
|switch|p1a: Tangrowth|Tangrowth, M|100/100
|
|upkeep
|turn|44
|
|t:|1667674778
|switch|p1a: Cofagrigus|Cofagrigus, F|83/100 tox
|move|p2a: Toxtricity|Sludge Wave|p1a: Cofagrigus
|-resisted|p1a: Cofagrigus
|-damage|p1a: Cofagrigus|48/100 tox
|
|-damage|p1a: Cofagrigus|42/100 tox|[from] psn
|upkeep
|turn|45
|
|t:|1667674792
|switch|p2a: Mandibuzz|Mandibuzz, F|49/100 par
|switch|p1a: Skarmory|Skarmory, F|78/100
|
|upkeep
|turn|46
|
|t:|1667674797
|switch|p2a: Toxtricity|Toxtricity, M|31/100
|move|p1a: Skarmory|Spikes|p2a: Toxtricity
|-sidestart|p2: haxlolo|Spikes
|
|upkeep
|turn|47
|
|t:|1667674802
|switch|p1a: Tangrowth|Tangrowth, M|100/100
|move|p2a: Toxtricity|Overdrive|p1a: Tangrowth
|-resisted|p1a: Tangrowth
|-damage|p1a: Tangrowth|44/100
|
|upkeep
|turn|48
|
|t:|1667674810
|switch|p1a: Cofagrigus|Cofagrigus, F|42/100 tox
|move|p2a: Toxtricity|Overdrive|p1a: Cofagrigus
|-damage|p1a: Cofagrigus|0 fnt
|faint|p1a: Cofagrigus
|
|upkeep
|
|t:|1667674813
|switch|p1a: Chansey|Chansey, F|51/100
|turn|49
|
|t:|1667674817
|move|p2a: Toxtricity|Overdrive|p1a: Chansey
|-damage|p1a: Chansey|26/100
|move|p1a: Chansey|Seismic Toss|p2a: Toxtricity
|-damage|p2a: Toxtricity|0 fnt
|faint|p2a: Toxtricity
|
|upkeep
|
|t:|1667674820
|switch|p2a: Zygarde|Zygarde-10%|94/100
|-damage|p2a: Zygarde|82/100|[from] Spikes
|-ability|p2a: Zygarde|Aura Break
|turn|50
|
|t:|1667674827
|switch|p1a: Tangrowth|Tangrowth, M|77/100
|move|p2a: Zygarde|Outrage|p1a: Tangrowth
|-damage|p1a: Tangrowth|38/100
|-damage|p2a: Zygarde|66/100|[from] item: Rocky Helmet|[of] p1a: Tangrowth
|
|upkeep
|turn|51
|
|t:|1667674833
|switch|p1a: Hatterene|Hatterene, F|82/100
|move|p2a: Zygarde|Outrage|p1a: Hatterene|[from]lockedmove
|-immune|p1a: Hatterene
|
|upkeep
|turn|52
|inactive|Battle timer is ON: inactive players will automatically lose when time's up. (requested by yovan33321)
|
|t:|1667674872
|switch|p2a: Amoonguss|Amoonguss, F|87/100 brn
|-damage|p2a: Amoonguss|74/100 brn|[from] Spikes
|move|p1a: Hatterene|Calm Mind|p1a: Hatterene
|-boost|p1a: Hatterene|spa|1
|-boost|p1a: Hatterene|spd|1
|
|-damage|p2a: Amoonguss|68/100 brn|[from] brn
|upkeep
|turn|53
|c|☆haxlolo|yeah i lose to this already
|-message|haxlolo forfeited.
|
|win|yovan33321
|l|☆haxlolo
|c|☆yovan33321|gg
|l| Flo2699
