|j|☆Bamarah
|j|☆kamranshah
|player|p1|Bamarah|eusine-gen2|1397
|player|p2|kamranshah|koga|1425
|teamsize|p1|6
|teamsize|p2|6
|gametype|singles
|gen|8
|tier|[Gen 8] UU
|rated|
|clearpoke
|poke|p1|Noivern, M|
|poke|p1|Keldeo-Resolute|
|poke|p1|Darmanitan, M|
|poke|p1|Chandelure, M|
|poke|p1|Skarmory, M|
|poke|p1|Blissey, F|
|poke|p2|Porygon-Z|
|poke|p2|Tyranitar, M|
|poke|p2|Lycanroc-Dusk, F|
|poke|p2|Grimmsnarl, M|
|poke|p2|Dhelmise|
|poke|p2|Blastoise, M|
|rule|Sleep Clause Mod: Limit one foe put to sleep
|rule|Species Clause: Limit one of each Pokémon
|rule|OHKO Clause: OHKO moves are banned
|rule|Evasion Moves Clause: Evasion moves are banned
|rule|Endless Battle Clause: Forcing endless battles is banned
|rule|HP Percentage Mod: HP is shown in percentages
|rule|Dynamax Clause: You cannot dynamax
|teampreview
|j| Dark Lord Ansem
|inactive|Battle timer is ON: inactive players will automatically lose when time's up. (requested by Bamarah)
|inactive|kamranshah also wants the timer to be on.
|c|☆kamranshah|hf
|c|☆Bamarah|fuck off
|
|start
|switch|p1a: Darmanitan|Darmanitan, M, shiny|100/100
|switch|p2a: Dhelmise|Dhelmise|100/100
|turn|1
|
|switch|p2a: Blastoise|Blastoise, M|100/100
|move|p1a: Darmanitan|U-turn|p2a: Blastoise
|-damage|p2a: Blastoise|71/100
|c|☆kamranshah|?
|
|switch|p1a: Chandelure|Chandelure, M, shiny|100/100|[from]move: U-turn
|
|upkeep
|turn|2
|
|switch|p2a: Grimmsnarl|Grimmsnarl, M|100/100
|move|p1a: Chandelure|Shadow Ball|p2a: Grimmsnarl
|-resisted|p2a: Grimmsnarl
|-damage|p2a: Grimmsnarl|81/100
|
|upkeep
|turn|3
|
|switch|p1a: Darmanitan|Darmanitan, M, shiny|100/100
|move|p2a: Grimmsnarl|Light Screen|p2a: Grimmsnarl
|-sidestart|p2: kamranshah|move: Light Screen
|
|upkeep
|turn|4
|
|move|p2a: Grimmsnarl|Reflect|p2a: Grimmsnarl
|-sidestart|p2: kamranshah|Reflect
|move|p1a: Darmanitan|Flare Blitz|p2a: Grimmsnarl
|-damage|p2a: Grimmsnarl|40/100
|-damage|p1a: Darmanitan|86/100|[from] Recoil
|
|upkeep
|turn|5
|
|move|p2a: Grimmsnarl|Thunder Wave|p1a: Darmanitan
|-status|p1a: Darmanitan|par
|move|p1a: Darmanitan|Flare Blitz|p2a: Grimmsnarl
|-damage|p2a: Grimmsnarl|3/100
|-damage|p1a: Darmanitan|72/100 par|[from] Recoil
|
|upkeep
|turn|6
|
|switch|p1a: Keldeo|Keldeo-Resolute|100/100
|switch|p2a: Tyranitar|Tyranitar, M|100/100
|-weather|Sandstorm|[from] ability: Sand Stream|[of] p2a: Tyranitar
|
|-weather|Sandstorm|[upkeep]
|-damage|p1a: Keldeo|94/100|[from] Sandstorm
|upkeep
|turn|7
|
|switch|p2a: Dhelmise|Dhelmise|100/100
|move|p1a: Keldeo|Secret Sword|p2a: Dhelmise
|-immune|p2a: Dhelmise
|
|-weather|Sandstorm|[upkeep]
|-damage|p1a: Keldeo|88/100|[from] Sandstorm
|-damage|p2a: Dhelmise|94/100|[from] Sandstorm
|-heal|p2a: Dhelmise|100/100|[from] item: Leftovers
|upkeep
|turn|8
|
|switch|p1a: Skarmory|Skarmory, M, shiny|100/100
|move|p2a: Dhelmise|Poltergeist|p1a: Skarmory
|-activate|p1a: Skarmory|move: Poltergeist|Leftovers
|-damage|p1a: Skarmory|57/100
|
|-weather|Sandstorm|[upkeep]
|-damage|p2a: Dhelmise|94/100|[from] Sandstorm
|-heal|p1a: Skarmory|63/100|[from] item: Leftovers
|-heal|p2a: Dhelmise|100/100|[from] item: Leftovers
|upkeep
|turn|9
|
|move|p1a: Skarmory|Iron Defense|p1a: Skarmory
|-boost|p1a: Skarmory|def|2
|move|p2a: Dhelmise|Swords Dance|p2a: Dhelmise
|-boost|p2a: Dhelmise|atk|2
|
|-weather|Sandstorm|[upkeep]
|-damage|p2a: Dhelmise|94/100|[from] Sandstorm
|-heal|p1a: Skarmory|69/100|[from] item: Leftovers
|-heal|p2a: Dhelmise|100/100|[from] item: Leftovers
|upkeep
|turn|10
|
|move|p1a: Skarmory|Iron Defense|p1a: Skarmory
|-boost|p1a: Skarmory|def|2
|move|p2a: Dhelmise|Poltergeist|p1a: Skarmory
|-activate|p1a: Skarmory|move: Poltergeist|Leftovers
|-damage|p1a: Skarmory|41/100
|
|-weather|none
|-heal|p1a: Skarmory|47/100|[from] item: Leftovers
|-sideend|p2: kamranshah|move: Light Screen
|upkeep
|turn|11
|
|switch|p2a: Porygon-Z|Porygon-Z|100/100
|move|p1a: Skarmory|Roost|p1a: Skarmory
|-heal|p1a: Skarmory|97/100
|-singleturn|p1a: Skarmory|move: Roost
|
|-heal|p1a: Skarmory|100/100|[from] item: Leftovers
|-sideend|p2: kamranshah|Reflect
|upkeep
|turn|12
|
|switch|p1a: Blissey|Blissey, F, shiny|100/100
|move|p2a: Porygon-Z|Thunderbolt|p1a: Blissey
|-damage|p1a: Blissey|92/100
|
|-heal|p1a: Blissey|98/100|[from] item: Leftovers
|upkeep
|turn|13
|
|switch|p2a: Dhelmise|Dhelmise|100/100
|move|p1a: Blissey|Thunder Wave|p2a: Dhelmise
|-status|p2a: Dhelmise|par
|
|-heal|p1a: Blissey|100/100|[from] item: Leftovers
|upkeep
|turn|14
|
|switch|p1a: Skarmory|Skarmory, M, shiny|100/100
|cant|p2a: Dhelmise|par
|
|upkeep
|turn|15
|
|move|p1a: Skarmory|Iron Defense|p1a: Skarmory
|-boost|p1a: Skarmory|def|2
|move|p2a: Dhelmise|Poltergeist|p1a: Skarmory|[miss]
|-miss|p2a: Dhelmise|p1a: Skarmory
|
|upkeep
|turn|16
|
|switch|p2a: Grimmsnarl|Grimmsnarl, M|3/100
|move|p1a: Skarmory|Iron Defense|p1a: Skarmory
|-boost|p1a: Skarmory|def|2
|
|upkeep
|turn|17
|
|move|p2a: Grimmsnarl|Thunder Wave|p1a: Skarmory
|-status|p1a: Skarmory|par
|move|p1a: Skarmory|Body Press|p2a: Grimmsnarl
|-damage|p2a: Grimmsnarl|0 fnt
|faint|p2a: Grimmsnarl
|
|upkeep
|
|switch|p2a: Porygon-Z|Porygon-Z|100/100
|turn|18
|
|switch|p1a: Blissey|Blissey, F, shiny|100/100
|move|p2a: Porygon-Z|Thunderbolt|p1a: Blissey
|-damage|p1a: Blissey|92/100
|
|-heal|p1a: Blissey|98/100|[from] item: Leftovers
|upkeep
|turn|19
|
|move|p2a: Porygon-Z|Nasty Plot|p2a: Porygon-Z
|-boost|p2a: Porygon-Z|spa|2
|move|p1a: Blissey|Heal Bell|p1a: Blissey
|-activate|p1a: Blissey|move: Heal Bell
|-curestatus|p1: Darmanitan|par|[msg]
|-curestatus|p1: Skarmory|par|[msg]
|
|-heal|p1a: Blissey|100/100|[from] item: Leftovers
|upkeep
|turn|20
|
|move|p2a: Porygon-Z|Tri Attack|p1a: Blissey
|-damage|p1a: Blissey|67/100
|move|p1a: Blissey|Thunder Wave|p2a: Porygon-Z
|-status|p2a: Porygon-Z|par
|
|-heal|p1a: Blissey|73/100|[from] item: Leftovers
|upkeep
|turn|21
|
|move|p2a: Porygon-Z|Thunderbolt|p1a: Blissey
|-damage|p1a: Blissey|56/100
|move|p1a: Blissey|Wish|p1a: Blissey
|
|-heal|p1a: Blissey|62/100|[from] item: Leftovers
|upkeep
|turn|22
|
|move|p2a: Porygon-Z|Tri Attack|p1a: Blissey
|-damage|p1a: Blissey|31/100
|-status|p1a: Blissey|par
|move|p1a: Blissey|Seismic Toss|p2a: Porygon-Z
|-damage|p2a: Porygon-Z|68/100 par
|
|-heal|p1a: Blissey|81/100 par|[from] move: Wish|[wisher] Blissey
|-heal|p1a: Blissey|87/100 par|[from] item: Leftovers
|upkeep
|turn|23
|
|cant|p2a: Porygon-Z|par
|move|p1a: Blissey|Seismic Toss|p2a: Porygon-Z
|-damage|p2a: Porygon-Z|36/100 par
|
|-heal|p1a: Blissey|93/100 par|[from] item: Leftovers
|upkeep
|turn|24
|
|move|p2a: Porygon-Z|Nasty Plot|p2a: Porygon-Z
|-boost|p2a: Porygon-Z|spa|2
|move|p1a: Blissey|Seismic Toss|p2a: Porygon-Z
|-damage|p2a: Porygon-Z|4/100 par
|
|-heal|p1a: Blissey|99/100 par|[from] item: Leftovers
|upkeep
|turn|25
|
|move|p2a: Porygon-Z|Tri Attack|p1a: Blissey
|-damage|p1a: Blissey|49/100 par
|move|p1a: Blissey|Seismic Toss|p2a: Porygon-Z
|-damage|p2a: Porygon-Z|0 fnt
|faint|p2a: Porygon-Z
|
|-heal|p1a: Blissey|55/100 par|[from] item: Leftovers
|upkeep
|
|switch|p2a: Lycanroc|Lycanroc-Dusk, F|100/100
|turn|26
|
|switch|p1a: Skarmory|Skarmory, M, shiny|100/100
|move|p2a: Lycanroc|Close Combat|p1a: Skarmory
|-damage|p1a: Skarmory|63/100
|-unboost|p2a: Lycanroc|def|1
|-unboost|p2a: Lycanroc|spd|1
|
|-heal|p1a: Skarmory|69/100|[from] item: Leftovers
|upkeep
|turn|27
|
|switch|p2a: Blastoise|Blastoise, M|71/100
|move|p1a: Skarmory|Iron Defense|p1a: Skarmory
|-boost|p1a: Skarmory|def|2
|
|-heal|p1a: Skarmory|75/100|[from] item: Leftovers
|upkeep
|turn|28
|
|switch|p1a: Blissey|Blissey, F, shiny|55/100
|move|p2a: Blastoise|Shell Smash|p2a: Blastoise
|-unboost|p2a: Blastoise|def|1
|-unboost|p2a: Blastoise|spd|1
|-boost|p2a: Blastoise|atk|2
|-boost|p2a: Blastoise|spa|2
|-boost|p2a: Blastoise|spe|2
|-enditem|p2a: Blastoise|White Herb
|-clearnegativeboost|p2a: Blastoise|[silent]
|
|-heal|p1a: Blissey|61/100|[from] item: Leftovers
|upkeep
|turn|29
|
|move|p2a: Blastoise|Surf|p1a: Blissey
|-damage|p1a: Blissey|41/100
|move|p1a: Blissey|Thunder Wave|p2a: Blastoise
|-status|p2a: Blastoise|par
|
|-heal|p1a: Blissey|47/100|[from] item: Leftovers
|upkeep
|turn|30
|-message|kamranshah forfeited.
|
|win|Bamarah
|l|☆kamranshah
