|j|☆ramolost
|j|☆BewearHugger
|player|p1|ramolost|guzma|1461
|player|p2|BewearHugger|pokemaniac-gen3rs|1554
|teamsize|p1|6
|teamsize|p2|6
|gametype|singles
|gen|8
|tier|[Gen 8] UU
|rated|
|clearpoke
|poke|p1|Krookodile, M|
|poke|p1|Grimmsnarl, M|
|poke|p1|Jirachi|
|poke|p1|Noivern, M|
|poke|p1|Slowking, M|
|poke|p1|Roserade, M|
|poke|p2|Bewear, F|
|poke|p2|Grimmsnarl, M|
|poke|p2|Krookodile, F|
|poke|p2|Scolipede, F|
|poke|p2|Porygon-Z|
|poke|p2|Necrozma|
|rule|Sleep Clause Mod: Limit one foe put to sleep
|rule|Species Clause: Limit one of each Pokémon
|rule|OHKO Clause: OHKO moves are banned
|rule|Evasion Moves Clause: Evasion moves are banned
|rule|Endless Battle Clause: Forcing endless battles is banned
|rule|HP Percentage Mod: HP is shown in percentages
|rule|Dynamax Clause: You cannot dynamax
|teampreview
|inactive|Battle timer is ON: inactive players will automatically lose when time's up. (requested by BewearHugger)
|j| colbur gabin
|c|☆ramolost|wuhoo.
|c|☆BewearHugger|ramo
|
|start
|switch|p1a: Noivern|Noivern, M|100/100
|switch|p2a: Krookodile|Krookodile, F|100/100
|-ability|p2a: Krookodile|Intimidate|boost
|-unboost|p1a: Noivern|atk|1
|turn|1
|
|move|p1a: Noivern|Draco Meteor|p2a: Krookodile
|-damage|p2a: Krookodile|28/100
|-unboost|p1a: Noivern|spa|2
|move|p2a: Krookodile|Knock Off|p1a: Noivern
|-damage|p1a: Noivern|41/100
|-enditem|p1a: Noivern|Heavy-Duty Boots|[from] move: Knock Off|[of] p2a: Krookodile
|
|upkeep
|turn|2
|
|switch|p2a: Grimmsnarl|Grimmsnarl, M|100/100
|move|p1a: Noivern|Draco Meteor|p2a: Grimmsnarl
|-immune|p2a: Grimmsnarl
|
|upkeep
|turn|3
|
|switch|p1a: Roserade|Roserade, M|100/100
|move|p2a: Grimmsnarl|Spirit Break|p1a: Roserade
|-resisted|p1a: Roserade
|-damage|p1a: Roserade|60/100
|-unboost|p1a: Roserade|spa|1
|
|-heal|p1a: Roserade|66/100|[from] item: Leftovers
|upkeep
|turn|4
|
|move|p2a: Grimmsnarl|Taunt|p1a: Roserade
|-start|p1a: Roserade|move: Taunt
|cant|p1a: Roserade|move: Taunt|Spikes
|
|-heal|p1a: Roserade|73/100|[from] item: Leftovers
|upkeep
|turn|5
|
|move|p2a: Grimmsnarl|Light Screen|p2a: Grimmsnarl
|-sidestart|p2: BewearHugger|move: Light Screen
|move|p1a: Roserade|Sludge Bomb|p2a: Grimmsnarl
|-supereffective|p2a: Grimmsnarl
|-damage|p2a: Grimmsnarl|62/100
|
|-heal|p1a: Roserade|79/100|[from] item: Leftovers
|upkeep
|turn|6
|
|move|p2a: Grimmsnarl|Reflect|p2a: Grimmsnarl
|-sidestart|p2: BewearHugger|Reflect
|move|p1a: Roserade|Sludge Bomb|p2a: Grimmsnarl
|-supereffective|p2a: Grimmsnarl
|-damage|p2a: Grimmsnarl|28/100
|
|-heal|p1a: Roserade|85/100|[from] item: Leftovers
|-end|p1a: Roserade|move: Taunt
|upkeep
|turn|7
|
|switch|p2a: Scolipede|Scolipede, F|100/100
|move|p1a: Roserade|Sludge Bomb|p2a: Scolipede
|-resisted|p2a: Scolipede
|-damage|p2a: Scolipede|87/100
|
|-heal|p1a: Roserade|91/100|[from] item: Leftovers
|upkeep
|turn|8
|
|switch|p1a: Krookodile|Krookodile, M|100/100
|-ability|p1a: Krookodile|Intimidate|boost
|-unboost|p2a: Scolipede|atk|1
|move|p2a: Scolipede|Swords Dance|p2a: Scolipede
|-boost|p2a: Scolipede|atk|2
|
|-ability|p2a: Scolipede|Speed Boost|boost
|-boost|p2a: Scolipede|spe|1
|upkeep
|turn|9
|c| colbur gabin|c'est perdu
|j| Claydolla
|c|☆ramolost|oui
|c|☆ramolost|c'est broken
|c|☆ramolost|jsp pk c pas ban
|c|☆BewearHugger|indeed
|l| Claydolla
|
|move|p2a: Scolipede|Megahorn|p1a: Krookodile
|-supereffective|p1a: Krookodile
|-damage|p1a: Krookodile|0 fnt
|-damage|p2a: Scolipede|78/100|[from] item: Life Orb
|faint|p1a: Krookodile
|
|-ability|p2a: Scolipede|Speed Boost|boost
|-boost|p2a: Scolipede|spe|1
|upkeep
|
|switch|p1a: Jirachi|Jirachi|100/100
|turn|10
|
|move|p2a: Scolipede|Earthquake|p1a: Jirachi
|-supereffective|p1a: Jirachi
|-damage|p1a: Jirachi|0 fnt
|-damage|p2a: Scolipede|68/100|[from] item: Life Orb
|faint|p1a: Jirachi
|
|-ability|p2a: Scolipede|Speed Boost|boost
|-boost|p2a: Scolipede|spe|1
|upkeep
|
|switch|p1a: Slowking|Slowking, M|100/100
|turn|11
|
|move|p2a: Scolipede|Megahorn|p1a: Slowking
|-supereffective|p1a: Slowking
|-damage|p1a: Slowking|0 fnt
|-damage|p2a: Scolipede|58/100|[from] item: Life Orb
|faint|p1a: Slowking
|
|-ability|p2a: Scolipede|Speed Boost|boost
|-boost|p2a: Scolipede|spe|1
|upkeep
|-message|ramolost forfeited.
|
|win|BewearHugger
|l|☆ramolost
|c| colbur gabin|il a meme pas de truc pour toucher noivern
|l| colbur gabin
