|raw|<div class="broadcast-blue"><strong>This battle is required to be public due to a player having a name starting with 'uult91w'.</div>
|j|☆UULT91w TT
|j|☆pokemonisfun
|t:|1652059032
|gametype|singles
|player|p1|UULT91w TT|cynthia|1587
|player|p2|pokemonisfun|#uutrio2ladder|1715
|teamsize|p1|6
|teamsize|p2|6
|gen|8
|tier|[Gen 8] UU
|rated|
|rule|Sleep Clause Mod: Limit one foe put to sleep
|rule|Species Clause: Limit one of each Pokémon
|rule|OHKO Clause: OHKO moves are banned
|rule|Evasion Moves Clause: Evasion moves are banned
|rule|Endless Battle Clause: Forcing endless battles is banned
|rule|HP Percentage Mod: HP is shown in percentages
|rule|Dynamax Clause: You cannot dynamax
|clearpoke
|poke|p1|Primarina, F|
|poke|p1|Zarude|
|poke|p1|Nihilego|
|poke|p1|Zygarde-10%|
|poke|p1|Moltres|
|poke|p1|Jirachi|
|poke|p2|Zygarde-10%|
|poke|p2|Primarina, M|
|poke|p2|Scizor, M|
|poke|p2|Slowking, M|
|poke|p2|Krookodile, F|
|poke|p2|Rotom-Heat|
|teampreview
|j| youke
|j| Juno
|j| Michielleus
|j|+avarice
|
|t:|1652059064
|start
|switch|p1a: Moltres|Moltres|100/100
|switch|p2a: think PINK|Slowking, M|100/100
|turn|1
|
|t:|1652059072
|move|p1a: Moltres|U-turn|p2a: think PINK
|-supereffective|p2a: think PINK
|-damage|p2a: think PINK|80/100
|
|t:|1652059086
|switch|p1a: Zarude|Zarude|100/100|[from]move: U-turn
|move|p2a: think PINK|Future Sight|p1a: Zarude
|-start|p2a: think PINK|move: Future Sight
|
|upkeep
|turn|2
|inactive|Battle timer is ON: inactive players will automatically lose when time's up. (requested by UULT91w TT)
|
|t:|1652059104
|switch|p2a: shakey bakey|Rotom-Heat|100/100
|move|p1a: Zarude|U-turn|p2a: shakey bakey
|-resisted|p2a: shakey bakey
|-damage|p2a: shakey bakey|88/100
|
|t:|1652059112
|switch|p1a: Jirachi|Jirachi|100/100|[from]move: U-turn
|
|upkeep
|turn|3
|
|t:|1652059117
|move|p1a: Jirachi|U-turn|p2a: shakey bakey
|-resisted|p2a: shakey bakey
|-damage|p2a: shakey bakey|76/100
|
|t:|1652059121
|switch|p1a: Primarina|Primarina, F|100/100|[from]move: U-turn
|move|p2a: shakey bakey|Overheat|p1a: Primarina|[miss]
|-miss|p2a: shakey bakey|p1a: Primarina
|
|-end|p1a: Primarina|move: Future Sight
|-damage|p1a: Primarina|76/100
|-heal|p1a: Primarina|82/100|[from] item: Leftovers
|upkeep
|turn|4
|
|t:|1652059127
|switch|p1a: Zygarde|Zygarde-10%|100/100
|-ability|p1a: Zygarde|Aura Break
|move|p2a: shakey bakey|Volt Switch|p1a: Zygarde
|-immune|p1a: Zygarde
|
|upkeep
|turn|5
|
|t:|1652059137
|switch|p1a: Nihilego|Nihilego|100/100
|switch|p2a: think PINK|Slowking, M|100/100
|
|upkeep
|turn|6
|j| MegaTotomon
|
|t:|1652059145
|move|p1a: Nihilego|Stealth Rock|p2a: think PINK
|-sidestart|p2: pokemonisfun|move: Stealth Rock
|move|p2a: think PINK|Scald|p1a: Nihilego
|-supereffective|p1a: Nihilego
|-damage|p1a: Nihilego|60/100
|-status|p1a: Nihilego|brn
|
|-heal|p1a: Nihilego|67/100 brn|[from] item: Black Sludge
|-damage|p1a: Nihilego|60/100 brn|[from] brn
|upkeep
|turn|7
|
|t:|1652059151
|move|p1a: Nihilego|Knock Off|p2a: think PINK
|-supereffective|p2a: think PINK
|-enditem|p2a: think PINK|Colbur Berry|[eat]
|-enditem|p2a: think PINK|Colbur Berry|[weaken]
|-damage|p2a: think PINK|96/100
|move|p2a: think PINK|Future Sight|p1a: Nihilego
|-start|p2a: think PINK|move: Future Sight
|
|-heal|p1a: Nihilego|67/100 brn|[from] item: Black Sludge
|-damage|p1a: Nihilego|60/100 brn|[from] brn
|upkeep
|turn|8
|c| MegaTotomon|omg...not pif sabotaging the competition
|
|t:|1652059159
|switch|p1a: Zarude|Zarude|100/100
|move|p2a: think PINK|Teleport|p2a: think PINK
|c|☆pokemonisfun|im thinking if i should ladder more
|c|☆pokemonisfun|to secure bye
|j| UULT91w Luirro
|j| Shneakyninja2
|c| MegaTotomon|:worrywhirl:
|inactive|pokemonisfun has 120 seconds left.
|c| MegaTotomon|ur actually insane
|
|t:|1652059201
|switch|p2a: chuggy buggy|Scizor, M|100/100|[from]move: Teleport
|
|upkeep
|turn|9
|c|☆pokemonisfun|well no
|c|☆pokemonisfun|a bye is important
|
|t:|1652059229
|move|p1a: Zarude|U-turn|p2a: chuggy buggy
|-resisted|p2a: chuggy buggy
|-damage|p2a: chuggy buggy|92/100
|
|t:|1652059232
|switch|p1a: Moltres|Moltres|100/100|[from]move: U-turn
|move|p2a: chuggy buggy|Knock Off|p1a: Moltres
|-damage|p1a: Moltres|68/100
|-enditem|p1a: Moltres|Heavy-Duty Boots|[from] move: Knock Off|[of] p2a: chuggy buggy
|
|-end|p1a: Moltres|move: Future Sight
|-damage|p1a: Moltres|21/100
|upkeep
|turn|10
|c| Juno|1744 is def enough for a bye
|c| Juno|thats literally number 1 on the ladder LOL
|c|☆pokemonisfun|also i want first seed
|inactive|pokemonisfun has 90 seconds left.
|c| MegaTotomon|no way u do not get 1st seed
|j| Gen8ishard
|c|☆pokemonisfun|theres a few people close
|
|t:|1652059273
|switch|p2a: mitey bitey|Krookodile, F|100/100
|-damage|p2a: mitey bitey|94/100|[from] Stealth Rock
|-ability|p2a: mitey bitey|Intimidate|boost
|-unboost|p1a: Moltres|atk|1
|move|p1a: Moltres|Roost|p1a: Moltres
|-heal|p1a: Moltres|71/100
|-singleturn|p1a: Moltres|move: Roost
|
|-heal|p2a: mitey bitey|100/100|[from] item: Leftovers
|upkeep
|turn|11
|l| UULT91w Luirro
|
|t:|1652059283
|switch|p1a: Zarude|Zarude|100/100
|move|p2a: mitey bitey|Stealth Rock|p1a: Zarude
|-sidestart|p1: UULT91w TT|move: Stealth Rock
|
|upkeep
|turn|12
|
|t:|1652059289
|switch|p2a: chuggy buggy|Scizor, M|92/100
|move|p1a: Zarude|U-turn|p2a: chuggy buggy
|-resisted|p2a: chuggy buggy
|-crit|p2a: chuggy buggy
|-damage|p2a: chuggy buggy|78/100
|
|t:|1652059297
|switch|p1a: Jirachi|Jirachi|100/100|[from]move: U-turn
|-damage|p1a: Jirachi|94/100|[from] Stealth Rock
|
|upkeep
|turn|13
|
|t:|1652059301
|switch|p2a: think PINK|Slowking, M|100/100
|-damage|p2a: think PINK|88/100|[from] Stealth Rock
|move|p1a: Jirachi|Trick|p2a: think PINK
|-activate|p1a: Jirachi|move: Trick|[of] p2a: think PINK
|-item|p2a: think PINK|Choice Scarf|[from] move: Trick
|-enditem|p1a: Jirachi|Choice Scarf|[silent]|[from] move: Trick
|
|upkeep
|turn|14
|
|t:|1652059306
|move|p1a: Jirachi|Iron Head|p2a: think PINK
|-resisted|p2a: think PINK
|-damage|p2a: think PINK|76/100
|cant|p2a: think PINK|flinch
|
|upkeep
|turn|15
|c|☆pokemonisfun|society
|
|t:|1652059313
|move|p1a: Jirachi|Iron Head|p2a: think PINK
|-resisted|p2a: think PINK
|-damage|p2a: think PINK|63/100
|cant|p2a: think PINK|flinch
|
|upkeep
|turn|16
|
|t:|1652059317
|move|p1a: Jirachi|U-turn|p2a: think PINK
|-supereffective|p2a: think PINK
|-damage|p2a: think PINK|33/100
|
|t:|1652059319
|switch|p1a: Zarude|Zarude|100/100|[from]move: U-turn
|move|p2a: think PINK|Teleport|p2a: think PINK
|l| MegaTotomon
|
|t:|1652059325
|switch|p2a: chuggy buggy|Scizor, M|78/100|[from]move: Teleport
|
|upkeep
|turn|17
|
|t:|1652059330
|move|p1a: Zarude|U-turn|p2a: chuggy buggy
|-resisted|p2a: chuggy buggy
|-damage|p2a: chuggy buggy|69/100
|
|t:|1652059332
|switch|p1a: Primarina|Primarina, F|82/100|[from]move: U-turn
|-damage|p1a: Primarina|70/100|[from] Stealth Rock
|move|p2a: chuggy buggy|Roost|p2a: chuggy buggy
|-heal|p2a: chuggy buggy|100/100
|-singleturn|p2a: chuggy buggy|move: Roost
|
|-heal|p1a: Primarina|76/100|[from] item: Leftovers
|upkeep
|turn|18
|
|t:|1652059338
|switch|p2a: seal that squeals|Primarina, M|100/100
|-damage|p2a: seal that squeals|88/100|[from] Stealth Rock
|move|p1a: Primarina|Scald|p2a: seal that squeals
|-resisted|p2a: seal that squeals
|-damage|p2a: seal that squeals|71/100
|
|-heal|p1a: Primarina|82/100|[from] item: Leftovers
|upkeep
|turn|19
|
|t:|1652059344
|move|p2a: seal that squeals|Moonblast|p1a: Primarina
|-damage|p1a: Primarina|32/100
|move|p1a: Primarina|Moonblast|p2a: seal that squeals
|-damage|p2a: seal that squeals|29/100
|
|-heal|p1a: Primarina|38/100|[from] item: Leftovers
|upkeep
|turn|20
|
|t:|1652059350
|switch|p1a: Nihilego|Nihilego|60/100 brn
|-damage|p1a: Nihilego|48/100 brn|[from] Stealth Rock
|move|p2a: seal that squeals|Moonblast|p1a: Nihilego
|-resisted|p1a: Nihilego
|-damage|p1a: Nihilego|18/100 brn
|
|-heal|p1a: Nihilego|24/100 brn|[from] item: Black Sludge
|-damage|p1a: Nihilego|18/100 brn|[from] brn
|upkeep
|turn|21
|
|t:|1652059362
|switch|p2a: mitey bitey|Krookodile, F|100/100
|-damage|p2a: mitey bitey|94/100|[from] Stealth Rock
|-ability|p2a: mitey bitey|Intimidate|boost
|-unboost|p1a: Nihilego|atk|1
|move|p1a: Nihilego|Power Gem|p2a: mitey bitey
|-resisted|p2a: mitey bitey
|-damage|p2a: mitey bitey|67/100
|
|-heal|p1a: Nihilego|24/100 brn|[from] item: Black Sludge
|-heal|p2a: mitey bitey|73/100|[from] item: Leftovers
|-damage|p1a: Nihilego|18/100 brn|[from] brn
|upkeep
|turn|22
|
|t:|1652059367
|move|p1a: Nihilego|Knock Off|p2a: mitey bitey
|-resisted|p2a: mitey bitey
|-damage|p2a: mitey bitey|70/100
|-enditem|p2a: mitey bitey|Leftovers|[from] move: Knock Off|[of] p1a: Nihilego
|move|p2a: mitey bitey|Knock Off|p1a: Nihilego
|-damage|p1a: Nihilego|0 fnt
|-enditem|p1a: Nihilego|Black Sludge|[from] move: Knock Off|[of] p2a: mitey bitey
|faint|p1a: Nihilego
|
|upkeep
|
|t:|1652059370
|switch|p1a: Zarude|Zarude|100/100
|turn|23
|
|t:|1652059379
|move|p1a: Zarude|U-turn|p2a: mitey bitey
|-supereffective|p2a: mitey bitey
|-damage|p2a: mitey bitey|9/100
|
|t:|1652059382
|switch|p1a: Jirachi|Jirachi|94/100|[from]move: U-turn
|-damage|p1a: Jirachi|88/100|[from] Stealth Rock
|move|p2a: mitey bitey|Knock Off|p1a: Jirachi
|-supereffective|p1a: Jirachi
|-damage|p1a: Jirachi|23/100
|
|upkeep
|turn|24
|
|t:|1652059391
|switch|p2a: chuggy buggy|Scizor, M|100/100
|move|p1a: Jirachi|U-turn|p2a: chuggy buggy
|-resisted|p2a: chuggy buggy
|-damage|p2a: chuggy buggy|92/100
|
|t:|1652059397
|switch|p1a: Moltres|Moltres|71/100|[from]move: U-turn
|-damage|p1a: Moltres|21/100|[from] Stealth Rock
|
|upkeep
|turn|25
|
|t:|1652059405
|switch|p2a: mitey bitey|Krookodile, F|9/100
|-damage|p2a: mitey bitey|3/100|[from] Stealth Rock
|-ability|p2a: mitey bitey|Intimidate|boost
|-unboost|p1a: Moltres|atk|1
|move|p1a: Moltres|Roost|p1a: Moltres
|-heal|p1a: Moltres|71/100
|-singleturn|p1a: Moltres|move: Roost
|
|upkeep
|turn|26
|
|t:|1652059415
|move|p2a: mitey bitey|Knock Off|p1a: Moltres
|-damage|p1a: Moltres|38/100
|move|p1a: Moltres|Flamethrower|p2a: mitey bitey
|-damage|p2a: mitey bitey|0 fnt
|faint|p2a: mitey bitey
|
|upkeep
|
|t:|1652059420
|switch|p2a: Zygarde-10% off|Zygarde-10%|100/100
|-damage|p2a: Zygarde-10% off|94/100|[from] Stealth Rock
|-ability|p2a: Zygarde-10% off|Aura Break
|turn|27
|
|t:|1652059425
|switch|p1a: Zarude|Zarude|100/100
|move|p2a: Zygarde-10% off|Thousand Arrows|p1a: Zarude
|-resisted|p1a: Zarude
|-damage|p1a: Zarude|73/100
|
|upkeep
|turn|28
|j| UULT91w Luirro
|j| UULT91wdragonitenb
|l| UULT91w Luirro
|inactive|pokemonisfun has 120 seconds left.
|
|t:|1652059461
|move|p2a: Zygarde-10% off|Thousand Arrows|p1a: Zarude
|-resisted|p1a: Zarude
|-damage|p1a: Zarude|48/100
|move|p1a: Zarude|U-turn|p2a: Zygarde-10% off
|-damage|p2a: Zygarde-10% off|56/100
|
|t:|1652059466
|switch|p1a: Zygarde|Zygarde-10%|100/100|[from]move: U-turn
|-damage|p1a: Zygarde|94/100|[from] Stealth Rock
|-ability|p1a: Zygarde|Aura Break
|
|upkeep
|turn|29
|
|t:|1652059474
|move|p2a: Zygarde-10% off|Thousand Arrows|p1a: Zygarde
|-damage|p1a: Zygarde|0 fnt
|faint|p1a: Zygarde
|
|upkeep
|
|t:|1652059483
|switch|p1a: Zarude|Zarude|48/100
|turn|30
|
|t:|1652059486
|move|p2a: Zygarde-10% off|Thousand Arrows|p1a: Zarude
|-resisted|p1a: Zarude
|-damage|p1a: Zarude|19/100
|move|p1a: Zarude|Jungle Healing|p1a: Zarude
|-heal|p1a: Zarude|44/100
|
|upkeep
|turn|31
|
|t:|1652059489
|move|p2a: Zygarde-10% off|Thousand Arrows|p1a: Zarude
|-resisted|p1a: Zarude
|-crit|p1a: Zarude
|-damage|p1a: Zarude|2/100
|move|p1a: Zarude|Darkest Lariat|p2a: Zygarde-10% off
|-damage|p2a: Zygarde-10% off|0 fnt
|faint|p2a: Zygarde-10% off
|
|upkeep
|
|t:|1652059491
|switch|p2a: chuggy buggy|Scizor, M|92/100
|turn|32
|
|t:|1652059495
|switch|p1a: Moltres|Moltres|38/100
|-damage|p1a: Moltres|0 fnt|[from] Stealth Rock
|faint|p1a: Moltres
|move|p2a: chuggy buggy|Swords Dance|p2a: chuggy buggy
|-boost|p2a: chuggy buggy|atk|2
|
|upkeep
|
|t:|1652059496
|switch|p1a: Jirachi|Jirachi|23/100
|-damage|p1a: Jirachi|17/100|[from] Stealth Rock
|turn|33
|
|t:|1652059499
|move|p2a: chuggy buggy|Bullet Punch|p1a: Jirachi
|-resisted|p1a: Jirachi
|-damage|p1a: Jirachi|0 fnt
|faint|p1a: Jirachi
|
|upkeep
|c|☆UULT91w TT|:forfeit
|c|☆pokemonisfun|gg
|c| Juno|i love scizor
|c|☆pokemonisfun|sciziety
|inactive|UULT91w TT has 120 seconds left.
|-message|UULT91w TT forfeited.
|
|win|pokemonisfun
|raw|UULT91w TT's rating: 1595 &rarr; <strong>1582</strong><br />(-13 for losing)
|raw|pokemonisfun's rating: 1715 &rarr; <strong>1728</strong><br />(+13 for winning)
|l|☆UULT91w TT
|l|☆pokemonisfun
|l| Juno
||Ladder isn't responding, score probably updated but might not have (Request timeout).
|l| Gen8ishard
|l| UULT91wdragonitenb
|l| Michielleus
