|html|<div class="broadcast-blue"><strong>[Gen 8] UU is currently suspecting Moltres-Galar! For information on how to participate check out the <a href="https://www.smogon.com/forums/threads/np-ss-uu-stage-12-get-lucky.3700621/">suspect thread</a>.</strong></div>
|j|☆eruza02
|j|☆woodey
|t:|1650370525
|gametype|singles
|player|p1|eruza02|2|1253
|player|p2|woodey|gambler|1499
|teamsize|p1|6
|teamsize|p2|6
|gen|8
|tier|[Gen 8] UU
|rated|
|rule|Sleep Clause Mod: Limit one foe put to sleep
|rule|Species Clause: Limit one of each Pokémon
|rule|OHKO Clause: OHKO moves are banned
|rule|Evasion Moves Clause: Evasion moves are banned
|rule|Endless Battle Clause: Forcing endless battles is banned
|rule|HP Percentage Mod: HP is shown in percentages
|rule|Dynamax Clause: You cannot dynamax
|clearpoke
|poke|p1|Grimmsnarl, M|
|poke|p1|Sirfetch’d, F|
|poke|p1|Arcanine, M|
|poke|p1|Dusclops, M|
|poke|p1|Registeel|
|poke|p1|Whimsicott, F|
|poke|p2|Aegislash, M|
|poke|p2|Mandibuzz, F|
|poke|p2|Salamence, F|
|poke|p2|Scizor, M|
|poke|p2|Krookodile, F|
|poke|p2|Cloyster, M|
|teampreview
|inactive|Battle timer is ON: inactive players will automatically lose when time's up. (requested by woodey)
|inactive|eruza02 has 120 seconds left.
|
|t:|1650370566
|start
|switch|p1a: Sirfetch’d|Sirfetch’d, F|100/100
|switch|p2a: Krookodile|Krookodile, F|100/100
|-ability|p2a: Krookodile|Intimidate|boost
|-fail|p1a: Sirfetch’d|unboost|Attack|[from] ability: Scrappy|[of] p1a: Sirfetch’d
|turn|1
|
|t:|1650370590
|switch|p2a: Salamence|Salamence, F|100/100
|-ability|p2a: Salamence|Intimidate|boost
|-fail|p1a: Sirfetch’d|unboost|Attack|[from] ability: Scrappy|[of] p1a: Sirfetch’d
|move|p1a: Sirfetch’d|Close Combat|p2a: Salamence
|-resisted|p2a: Salamence
|-damage|p2a: Salamence|74/100
|-unboost|p1a: Sirfetch’d|def|1
|-unboost|p1a: Sirfetch’d|spd|1
|
|upkeep
|turn|2
|
|t:|1650370599
|switch|p1a: Dusclops|Dusclops, M|100/100
|-ability|p1a: Dusclops|Pressure
|move|p2a: Salamence|Hurricane|p1a: Dusclops
|-damage|p1a: Dusclops|71/100
|
|upkeep
|turn|3
|
|t:|1650370606
|switch|p2a: Mandibuzz|Mandibuzz, F|100/100
|move|p1a: Dusclops|Mean Look|p2a: Mandibuzz
|-activate|p2a: Mandibuzz|trapped
|
|upkeep
|turn|4
|
|t:|1650370610
|move|p2a: Mandibuzz|Toxic|p1a: Dusclops
|-status|p1a: Dusclops|tox
|move|p1a: Dusclops|Calm Mind|p1a: Dusclops
|-boost|p1a: Dusclops|spa|1
|-boost|p1a: Dusclops|spd|1
|
|-damage|p1a: Dusclops|65/100 tox|[from] psn
|upkeep
|turn|5
|
|t:|1650370613
|move|p2a: Mandibuzz|Brave Bird|p1a: Dusclops
|-damage|p1a: Dusclops|48/100 tox
|-damage|p2a: Mandibuzz|97/100|[from] Recoil
|move|p1a: Dusclops|Calm Mind|p1a: Dusclops
|-boost|p1a: Dusclops|spa|1
|-boost|p1a: Dusclops|spd|1
|
|-heal|p2a: Mandibuzz|100/100|[from] item: Leftovers
|-damage|p1a: Dusclops|36/100 tox|[from] psn
|upkeep
|turn|6
|
|t:|1650370618
|move|p2a: Mandibuzz|Foul Play|p1a: Dusclops
|-supereffective|p1a: Dusclops
|-damage|p1a: Dusclops|16/100 tox
|move|p1a: Dusclops|Rest|p1a: Dusclops
|-status|p1a: Dusclops|slp|[from] move: Rest
|-heal|p1a: Dusclops|100/100 slp|[silent]
|
|upkeep
|turn|7
|
|t:|1650370622
|move|p2a: Mandibuzz|Foul Play|p1a: Dusclops
|-supereffective|p1a: Dusclops
|-damage|p1a: Dusclops|77/100 slp
|cant|p1a: Dusclops|slp
|
|upkeep
|turn|8
|
|t:|1650370629
|move|p2a: Mandibuzz|Foul Play|p1a: Dusclops
|-supereffective|p1a: Dusclops
|-damage|p1a: Dusclops|55/100 slp
|cant|p1a: Dusclops|slp
|
|upkeep
|turn|9
|
|t:|1650370633
|move|p2a: Mandibuzz|Foul Play|p1a: Dusclops
|-supereffective|p1a: Dusclops
|-damage|p1a: Dusclops|34/100 slp
|-curestatus|p1a: Dusclops|slp|[msg]
|move|p1a: Dusclops|Rest|p1a: Dusclops
|-status|p1a: Dusclops|slp|[from] move: Rest
|-heal|p1a: Dusclops|100/100 slp|[silent]
|
|upkeep
|turn|10
|
|t:|1650370639
|move|p2a: Mandibuzz|Foul Play|p1a: Dusclops
|-supereffective|p1a: Dusclops
|-damage|p1a: Dusclops|81/100 slp
|cant|p1a: Dusclops|slp
|
|upkeep
|turn|11
|
|t:|1650370651
|move|p2a: Mandibuzz|Foul Play|p1a: Dusclops
|-supereffective|p1a: Dusclops
|-damage|p1a: Dusclops|61/100 slp
|cant|p1a: Dusclops|slp
|
|upkeep
|turn|12
|
|t:|1650370659
|move|p2a: Mandibuzz|Foul Play|p1a: Dusclops
|-supereffective|p1a: Dusclops
|-damage|p1a: Dusclops|39/100 slp
|-curestatus|p1a: Dusclops|slp|[msg]
|move|p1a: Dusclops|Rest|p1a: Dusclops
|-status|p1a: Dusclops|slp|[from] move: Rest
|-heal|p1a: Dusclops|100/100 slp|[silent]
|
|upkeep
|turn|13
|-message|woodey forfeited.
|
|win|eruza02
|raw|eruza02's rating: 1253 &rarr; <strong>1293</strong><br />(+40 for winning)
|raw|woodey's rating: 1499 &rarr; <strong>1467</strong><br />(-32 for losing)
|l|☆woodey
