|j|☆Rvp4president
|j|☆sansmateriel
|t:|1661445703
|gametype|singles
|player|p1|Rvp4president|1|1447
|player|p2|sansmateriel|ltsurge|1427
|teamsize|p1|6
|teamsize|p2|6
|gen|8
|tier|[Gen 8] UU
|rated|
|rule|Sleep Clause Mod: Limit one foe put to sleep
|rule|Species Clause: Limit one of each Pokémon
|rule|OHKO Clause: OHKO moves are banned
|rule|Evasion Items Clause: Evasion items are banned
|rule|Evasion Moves Clause: Evasion moves are banned
|rule|Endless Battle Clause: Forcing endless battles is banned
|rule|HP Percentage Mod: HP is shown in percentages
|rule|Dynamax Clause: You cannot dynamax
|clearpoke
|poke|p1|Politoed, M|
|poke|p1|Amoonguss, M|
|poke|p1|Ludicolo, F|
|poke|p1|Jirachi|
|poke|p1|Keldeo-Resolute|
|poke|p1|Kabutops, F|
|poke|p2|Gyarados, F|
|poke|p2|Chansey, F|
|poke|p2|Thundurus-Therian, M|
|poke|p2|Tangrowth, M|
|poke|p2|Darmanitan, M|
|poke|p2|Rotom-Wash|
|teampreview
|inactive|Battle timer is ON: inactive players will automatically lose when time's up. (requested by Rvp4president)
|
|t:|1661445710
|start
|switch|p1a: Keldeo|Keldeo-Resolute|100/100
|switch|p2a: Rotom|Rotom-Wash|100/100
|turn|1
|
|t:|1661445715
|move|p2a: Rotom|Volt Switch|p1a: Keldeo
|-supereffective|p1a: Keldeo
|-damage|p1a: Keldeo|39/100
|
|t:|1661445720
|switch|p2a: Chansey|Chansey, F|100/100|[from]move: Volt Switch
|move|p1a: Keldeo|Focus Blast|p2a: Chansey
|-supereffective|p2a: Chansey
|-damage|p2a: Chansey|38/100
|
|upkeep
|turn|2
|
|t:|1661445733
|switch|p2a: Tangrowth|Tangrowth, M|100/100
|move|p1a: Keldeo|Focus Blast|p2a: Tangrowth
|-damage|p2a: Tangrowth|0 fnt
|faint|p2a: Tangrowth
|
|upkeep
|
|t:|1661445742
|switch|p2a: Rotom|Rotom-Wash|100/100
|turn|3
|
|t:|1661445748
|switch|p1a: Jirachi|Jirachi|100/100
|move|p2a: Rotom|Volt Switch|p1a: Jirachi
|-damage|p1a: Jirachi|84/100
|
|t:|1661445756
|switch|p2a: Darmanitan|Darmanitan, M|100/100|[from]move: Volt Switch
|
|-heal|p1a: Jirachi|90/100|[from] item: Leftovers
|upkeep
|turn|4
|
|t:|1661445764
|move|p1a: Jirachi|Protect|p1a: Jirachi
|-singleturn|p1a: Jirachi|Protect
|move|p2a: Darmanitan|U-turn|p1a: Jirachi
|-activate|p1a: Jirachi|move: Protect
|
|-heal|p1a: Jirachi|96/100|[from] item: Leftovers
|upkeep
|turn|5
|
|t:|1661445770
|move|p2a: Darmanitan|U-turn|p1a: Jirachi
|-damage|p1a: Jirachi|73/100
|
|t:|1661445776
|switch|p2a: Rotom|Rotom-Wash|100/100|[from]move: U-turn
|move|p1a: Jirachi|Stealth Rock|p2a: Rotom
|-sidestart|p2: sansmateriel|move: Stealth Rock
|
|-heal|p1a: Jirachi|79/100|[from] item: Leftovers
|upkeep
|turn|6
|
|t:|1661445781
|move|p1a: Jirachi|Protect|p1a: Jirachi
|-singleturn|p1a: Jirachi|Protect
|move|p2a: Rotom|Defog|p1a: Jirachi
|-activate|p1a: Jirachi|move: Protect
|
|-heal|p1a: Jirachi|85/100|[from] item: Leftovers
|upkeep
|turn|7
|
|t:|1661445789
|move|p2a: Rotom|Defog|p1a: Jirachi
|-unboost|p1a: Jirachi|evasion|1
|-sideend|p2: sansmateriel|Stealth Rock|[from] move: Defog|[of] p2a: Rotom
|move|p1a: Jirachi|Body Slam|p2a: Rotom
|-damage|p2a: Rotom|79/100
|
|-heal|p1a: Jirachi|92/100|[from] item: Leftovers
|upkeep
|turn|8
|
|t:|1661445812
|switch|p2a: Chansey|Chansey, F|38/100
|move|p1a: Jirachi|Stealth Rock|p2a: Chansey
|-sidestart|p2: sansmateriel|move: Stealth Rock
|
|-heal|p1a: Jirachi|98/100|[from] item: Leftovers
|upkeep
|turn|9
|
|t:|1661445826
|switch|p1a: Keldeo|Keldeo-Resolute|39/100
|move|p2a: Chansey|Soft-Boiled|p2a: Chansey
|-heal|p2a: Chansey|88/100
|
|upkeep
|turn|10
|
|t:|1661445835
|move|p1a: Keldeo|Secret Sword|p2a: Chansey
|-supereffective|p2a: Chansey
|-damage|p2a: Chansey|0 fnt
|faint|p2a: Chansey
|
|upkeep
|
|t:|1661445855
|switch|p2a: Rotom|Rotom-Wash|79/100
|-damage|p2a: Rotom|67/100|[from] Stealth Rock
|turn|11
|
|t:|1661445862
|switch|p1a: Jirachi|Jirachi|98/100
|move|p2a: Rotom|Volt Switch|p1a: Jirachi
|-damage|p1a: Jirachi|83/100
|
|t:|1661445867
|switch|p2a: Thundurus|Thundurus-Therian, M|100/100|[from]move: Volt Switch
|
|-heal|p1a: Jirachi|89/100|[from] item: Leftovers
|upkeep
|turn|12
|
|t:|1661445890
|move|p2a: Thundurus|Knock Off|p1a: Jirachi
|-supereffective|p1a: Jirachi
|-damage|p1a: Jirachi|51/100
|-enditem|p1a: Jirachi|Leftovers|[from] move: Knock Off|[of] p2a: Thundurus
|move|p1a: Jirachi|Wish|p1a: Jirachi
|
|upkeep
|turn|13
|
|t:|1661445908
|switch|p2a: Rotom|Rotom-Wash|67/100
|-damage|p2a: Rotom|54/100|[from] Stealth Rock
|switch|p1a: Politoed|Politoed, M, shiny|100/100
|-weather|RainDance|[from] ability: Drizzle|[of] p1a: Politoed
|
|-weather|RainDance|[upkeep]
|upkeep
|turn|14
|
|t:|1661445922
|switch|p1a: Jirachi|Jirachi|51/100
|move|p2a: Rotom|Defog|p1a: Jirachi
|-unboost|p1a: Jirachi|evasion|1
|-sideend|p2: sansmateriel|Stealth Rock|[from] move: Defog|[of] p2a: Rotom
|
|-weather|RainDance|[upkeep]
|upkeep
|turn|15
|
|t:|1661445936
|switch|p2a: Darmanitan|Darmanitan, M|100/100
|move|p1a: Jirachi|Stealth Rock|p2a: Darmanitan
|-sidestart|p2: sansmateriel|move: Stealth Rock
|
|-weather|RainDance|[upkeep]
|upkeep
|turn|16
|
|t:|1661445946
|move|p2a: Darmanitan|Earthquake|p1a: Jirachi
|-supereffective|p1a: Jirachi
|-damage|p1a: Jirachi|0 fnt
|faint|p1a: Jirachi
|
|-weather|RainDance|[upkeep]
|upkeep
|
|t:|1661445953
|switch|p1a: Kabutops|Kabutops, F, shiny|100/100
|turn|17
|
|t:|1661445981
|move|p1a: Kabutops|Liquidation|p2a: Darmanitan
|-supereffective|p2a: Darmanitan
|-damage|p2a: Darmanitan|0 fnt
|faint|p2a: Darmanitan
|-damage|p1a: Kabutops|91/100|[from] item: Life Orb
|
|-weather|RainDance|[upkeep]
|upkeep
|
|t:|1661445988
|switch|p2a: Thundurus|Thundurus-Therian, M|100/100
|turn|18
|
|t:|1661445991
|move|p1a: Kabutops|Stone Edge|p2a: Thundurus
|-supereffective|p2a: Thundurus
|-damage|p2a: Thundurus|0 fnt
|faint|p2a: Thundurus
|-damage|p1a: Kabutops|81/100|[from] item: Life Orb
|
|-weather|RainDance|[upkeep]
|upkeep
|
|t:|1661445997
|switch|p2a: Gyarados|Gyarados, F|100/100
|-damage|p2a: Gyarados|76/100|[from] Stealth Rock
|turn|19
|
|t:|1661446003
|switch|p2a: Rotom|Rotom-Wash|54/100
|-damage|p2a: Rotom|42/100|[from] Stealth Rock
|move|p1a: Kabutops|Stone Edge|p2a: Rotom
|-damage|p2a: Rotom|0 fnt
|faint|p2a: Rotom
|-damage|p1a: Kabutops|71/100|[from] item: Life Orb
|
|-weather|RainDance|[upkeep]
|upkeep
|
|t:|1661446011
|switch|p2a: Gyarados|Gyarados, F|76/100
|-damage|p2a: Gyarados|51/100|[from] Stealth Rock
|turn|20
|
|t:|1661446015
|move|p1a: Kabutops|Liquidation|p2a: Gyarados
|-resisted|p2a: Gyarados
|-damage|p2a: Gyarados|1/100
|-damage|p1a: Kabutops|61/100|[from] item: Life Orb
|move|p2a: Gyarados|Dragon Dance|p2a: Gyarados
|-boost|p2a: Gyarados|atk|1
|-boost|p2a: Gyarados|spe|1
|
|-weather|none
|upkeep
|turn|21
|
|t:|1661446026
|move|p2a: Gyarados|Waterfall|p1a: Kabutops
|-damage|p1a: Kabutops|0 fnt
|faint|p1a: Kabutops
|-ability|p2a: Gyarados|Moxie|boost
|-boost|p2a: Gyarados|atk|1
|
|upkeep
|
|t:|1661446029
|switch|p1a: Amoonguss|Amoonguss, M, shiny|100/100
|turn|22
|
|t:|1661446034
|move|p2a: Gyarados|Ice Fang|p1a: Amoonguss
|-supereffective|p1a: Amoonguss
|-damage|p1a: Amoonguss|37/100
|-status|p1a: Amoonguss|frz
|cant|p1a: Amoonguss|frz
|
|-heal|p1a: Amoonguss|43/100 frz|[from] item: Black Sludge
|upkeep
|turn|23
|
|t:|1661446043
|move|p2a: Gyarados|Dragon Dance|p2a: Gyarados
|-boost|p2a: Gyarados|atk|1
|-boost|p2a: Gyarados|spe|1
|cant|p1a: Amoonguss|frz
|
|-heal|p1a: Amoonguss|49/100 frz|[from] item: Black Sludge
|upkeep
|turn|24
|
|t:|1661446050
|switch|p1a: Politoed|Politoed, M, shiny|100/100
|-weather|RainDance|[from] ability: Drizzle|[of] p1a: Politoed
|move|p2a: Gyarados|Dragon Dance|p2a: Gyarados
|-boost|p2a: Gyarados|atk|1
|-boost|p2a: Gyarados|spe|1
|
|-weather|RainDance|[upkeep]
|upkeep
|turn|25
|inactive|sansmateriel has 120 seconds left.
|
|t:|1661446090
|move|p2a: Gyarados|Waterfall|p1a: Politoed
|-resisted|p1a: Politoed
|-damage|p1a: Politoed|0 fnt
|faint|p1a: Politoed
|-ability|p2a: Gyarados|Moxie|boost
|-boost|p2a: Gyarados|atk|1
|
|-weather|RainDance|[upkeep]
|upkeep
|
|t:|1661446094
|switch|p1a: Amoonguss|Amoonguss, M, shiny|82/100 frz
|turn|26
|inactive|sansmateriel has 120 seconds left.
|
|t:|1661446100
|move|p2a: Gyarados|Ice Fang|p1a: Amoonguss
|-supereffective|p1a: Amoonguss
|-damage|p1a: Amoonguss|0 fnt
|faint|p1a: Amoonguss
|-ability|p2a: Gyarados|Moxie|boost
|-boost|p2a: Gyarados|atk|1
|
|-weather|RainDance|[upkeep]
|upkeep
|
|t:|1661446102
|switch|p1a: Ludicolo|Ludicolo, F, shiny|100/100
|turn|27
|
|t:|1661446110
|move|p2a: Gyarados|Ice Fang|p1a: Ludicolo
|-damage|p1a: Ludicolo|0 fnt
|faint|p1a: Ludicolo
|
|-weather|RainDance|[upkeep]
|upkeep
|-message|Rvp4president forfeited.
|
|win|sansmateriel
|raw|Rvp4president's rating: 1447 &rarr; <strong>1426</strong><br />(-21 for losing)
|raw|sansmateriel's rating: 1427 &rarr; <strong>1448</strong><br />(+21 for winning)
|l|☆Rvp4president
||Ladder isn't responding, score probably updated but might not have (Request timeout).
|l|☆sansmateriel
|j|☆sansmateriel
|player|p2|sansmateriel|ltsurge
