|j|☆MegaTotomon
|j|☆DugZaッ
|t:|1666455501
|gametype|singles
|player|p1|MegaTotomon|fantina|
|player|p2|DugZaッ|#scl2machines|
|teamsize|p1|6
|teamsize|p2|6
|gen|8
|tier|[Gen 8] UU
|rule|Sleep Clause Mod: Limit one foe put to sleep
|rule|Species Clause: Limit one of each Pokémon
|rule|OHKO Clause: OHKO moves are banned
|rule|Evasion Items Clause: Evasion items are banned
|rule|Evasion Moves Clause: Evasion moves are banned
|rule|Endless Battle Clause: Forcing endless battles is banned
|rule|HP Percentage Mod: HP is shown in percentages
|rule|Dynamax Clause: You cannot dynamax
|clearpoke
|poke|p1|Hippowdon, F|
|poke|p1|Amoonguss, F|
|poke|p1|Lycanroc-Dusk, F|
|poke|p1|Scizor, F|
|poke|p1|Hatterene, F|
|poke|p1|Thundurus-Therian, M|
|poke|p2|Crobat, M|
|poke|p2|Hydreigon, M|
|poke|p2|Tangrowth, F|
|poke|p2|Cobalion|
|poke|p2|Diancie|
|poke|p2|Starmie|
|teampreview
|c|☆DugZaッ|hf
|c|☆MegaTotomon|u2
|l|☆DugZaッ
|player|p2|
|j|☆DugZaッ
|player|p2|DugZaッ|#scl2machines
|j|+Floss
|
|t:|1666455571
|start
|switch|p1a: Scizor|Scizor, F|100/100
|switch|p2a: Crobat|Crobat, M|100/100
|turn|1
|
|t:|1666455581
|move|p2a: Crobat|U-turn|p1a: Scizor
|-resisted|p1a: Scizor
|-damage|p1a: Scizor|92/100
|
|t:|1666455583
|switch|p2a: Cobalion|Cobalion|100/100|[from]move: U-turn
|move|p1a: Scizor|Knock Off|p2a: Cobalion
|-resisted|p2a: Cobalion
|-damage|p2a: Cobalion|88/100
|-damage|p1a: Scizor|76/100|[from] item: Rocky Helmet|[of] p2a: Cobalion
|-ability|p2a: Cobalion|Justified|boost
|-boost|p2a: Cobalion|atk|1
|-enditem|p2a: Cobalion|Rocky Helmet|[from] move: Knock Off|[of] p1a: Scizor
|
|upkeep
|turn|2
|
|t:|1666455589
|switch|p1a: Hippowdon|Hippowdon, F|100/100
|-weather|Sandstorm|[from] ability: Sand Stream|[of] p1a: Hippowdon
|move|p2a: Cobalion|Close Combat|p1a: Hippowdon
|-damage|p1a: Hippowdon|57/100
|-unboost|p2a: Cobalion|def|1
|-unboost|p2a: Cobalion|spd|1
|
|-weather|Sandstorm|[upkeep]
|-heal|p1a: Hippowdon|63/100|[from] item: Leftovers
|upkeep
|turn|3
|
|t:|1666455600
|move|p2a: Cobalion|Stealth Rock|p1a: Hippowdon
|-sidestart|p1: MegaTotomon|move: Stealth Rock
|move|p1a: Hippowdon|Earthquake|p2a: Cobalion
|-supereffective|p2a: Cobalion
|-damage|p2a: Cobalion|0 fnt
|faint|p2a: Cobalion
|
|-weather|Sandstorm|[upkeep]
|-heal|p1a: Hippowdon|69/100|[from] item: Leftovers
|upkeep
|
|t:|1666455617
|switch|p2a: Starmie|Starmie|100/100
|turn|4
|
|t:|1666455626
|switch|p1a: Amoonguss|Amoonguss, F|100/100
|-damage|p1a: Amoonguss|88/100|[from] Stealth Rock
|move|p2a: Starmie|Scald|p1a: Amoonguss
|-resisted|p1a: Amoonguss
|-damage|p1a: Amoonguss|75/100
|
|-weather|Sandstorm|[upkeep]
|-damage|p2a: Starmie|94/100|[from] Sandstorm
|-damage|p1a: Amoonguss|69/100|[from] Sandstorm
|upkeep
|turn|5
|
|t:|1666455637
|switch|p2a: Crobat|Crobat, M|100/100
|move|p1a: Amoonguss|Spore|p2a: Crobat
|-status|p2a: Crobat|slp|[from] move: Spore
|
|-weather|Sandstorm|[upkeep]
|-damage|p2a: Crobat|94/100 slp|[from] Sandstorm
|-damage|p1a: Amoonguss|63/100|[from] Sandstorm
|upkeep
|turn|6
|
|t:|1666455651
|switch|p2a: Tangrowth|Tangrowth, F|100/100
|switch|p1a: Thundurus|Thundurus-Therian, M|100/100
|
|-weather|none
|upkeep
|turn|7
|
|t:|1666455656
|move|p1a: Thundurus|Volt Switch|p2a: Tangrowth
|-resisted|p2a: Tangrowth
|-damage|p2a: Tangrowth|89/100
|
|t:|1666455660
|switch|p1a: Amoonguss|Amoonguss, F|96/100|[from]move: Volt Switch
|-damage|p1a: Amoonguss|84/100|[from] Stealth Rock
|move|p2a: Tangrowth|Knock Off|p1a: Amoonguss
|-damage|p1a: Amoonguss|68/100
|-damage|p2a: Tangrowth|72/100|[from] item: Rocky Helmet|[of] p1a: Amoonguss
|-enditem|p1a: Amoonguss|Rocky Helmet|[from] move: Knock Off|[of] p2a: Tangrowth
|
|upkeep
|turn|8
|
|t:|1666455668
|switch|p2a: Crobat|Crobat, M|94/100 slp
|move|p1a: Amoonguss|Foul Play|p2a: Crobat
|-damage|p2a: Crobat|63/100 slp
|
|upkeep
|turn|9
|
|t:|1666455678
|switch|p2a: Hydreigon|Hydreigon, M|100/100
|switch|p1a: Lycanroc|Lycanroc-Dusk, F|100/100
|-damage|p1a: Lycanroc|88/100|[from] Stealth Rock
|
|upkeep
|turn|10
|
|t:|1666455703
|switch|p1a: Amoonguss|Amoonguss, F|100/100
|-damage|p1a: Amoonguss|88/100|[from] Stealth Rock
|move|p2a: Hydreigon|Dark Pulse|p1a: Amoonguss
|-damage|p1a: Amoonguss|52/100
|
|upkeep
|turn|11
|
|t:|1666455710
|move|p2a: Hydreigon|Flamethrower|p1a: Amoonguss
|-supereffective|p1a: Amoonguss
|-damage|p1a: Amoonguss|0 fnt
|faint|p1a: Amoonguss
|
|upkeep
|
|t:|1666455720
|switch|p1a: Lycanroc|Lycanroc-Dusk, F|88/100
|-damage|p1a: Lycanroc|76/100|[from] Stealth Rock
|turn|12
|
|t:|1666455729
|switch|p2a: Crobat|Crobat, M|63/100 slp
|move|p1a: Lycanroc|Close Combat|p2a: Crobat
|-resisted|p2a: Crobat
|-damage|p2a: Crobat|37/100 slp
|-unboost|p1a: Lycanroc|def|1
|-unboost|p1a: Lycanroc|spd|1
|
|upkeep
|turn|13
|
|t:|1666455739
|switch|p2a: Tangrowth|Tangrowth, F|100/100
|switch|p1a: Thundurus|Thundurus-Therian, M|100/100
|
|upkeep
|turn|14
|
|t:|1666455744
|move|p1a: Thundurus|Volt Switch|p2a: Tangrowth
|-resisted|p2a: Tangrowth
|-damage|p2a: Tangrowth|89/100
|
|t:|1666455747
|switch|p1a: Scizor|Scizor, F|76/100|[from]move: Volt Switch
|move|p2a: Tangrowth|Knock Off|p1a: Scizor
|-damage|p1a: Scizor|56/100
|-enditem|p1a: Scizor|Heavy-Duty Boots|[from] move: Knock Off|[of] p2a: Tangrowth
|
|upkeep
|turn|15
|
|t:|1666455751
|switch|p2a: Hydreigon|Hydreigon, M|100/100
|move|p1a: Scizor|U-turn|p2a: Hydreigon
|-supereffective|p2a: Hydreigon
|-damage|p2a: Hydreigon|27/100
|
|t:|1666455766
|switch|p1a: Thundurus|Thundurus-Therian, M|100/100|[from]move: U-turn
|
|-heal|p2a: Hydreigon|33/100|[from] item: Leftovers
|upkeep
|turn|16
|
|t:|1666455770
|switch|p2a: Tangrowth|Tangrowth, F|100/100
|move|p1a: Thundurus|Volt Switch|p2a: Tangrowth
|-resisted|p2a: Tangrowth
|-damage|p2a: Tangrowth|89/100
|
|t:|1666455776
|switch|p1a: Scizor|Scizor, F|56/100|[from]move: Volt Switch
|-damage|p1a: Scizor|44/100|[from] Stealth Rock
|
|upkeep
|turn|17
|
|t:|1666455780
|switch|p2a: Hydreigon|Hydreigon, M|33/100
|move|p1a: Scizor|Roost|p1a: Scizor
|-heal|p1a: Scizor|94/100
|-singleturn|p1a: Scizor|move: Roost
|
|-heal|p2a: Hydreigon|39/100|[from] item: Leftovers
|upkeep
|turn|18
|
|t:|1666455784
|switch|p1a: Thundurus|Thundurus-Therian, M|100/100
|move|p2a: Hydreigon|Flamethrower|p1a: Thundurus
|-damage|p1a: Thundurus|57/100
|
|-heal|p2a: Hydreigon|45/100|[from] item: Leftovers
|upkeep
|turn|19
|
|t:|1666455791
|switch|p2a: Tangrowth|Tangrowth, F|100/100
|move|p1a: Thundurus|Focus Blast|p2a: Tangrowth
|-damage|p2a: Tangrowth|75/100
|
|upkeep
|turn|20
|
|t:|1666455802
|move|p1a: Thundurus|Volt Switch|p2a: Tangrowth
|-resisted|p2a: Tangrowth
|-damage|p2a: Tangrowth|62/100
|
|t:|1666455805
|switch|p1a: Scizor|Scizor, F|94/100|[from]move: Volt Switch
|-damage|p1a: Scizor|82/100|[from] Stealth Rock
|move|p2a: Tangrowth|Earthquake|p1a: Scizor
|-damage|p1a: Scizor|63/100
|
|upkeep
|turn|21
|
|t:|1666455810
|switch|p2a: Diancie|Diancie|100/100
|move|p1a: Scizor|Knock Off|p2a: Diancie
|-resisted|p2a: Diancie
|-damage|p2a: Diancie|91/100
|-enditem|p2a: Diancie|Leftovers|[from] move: Knock Off|[of] p1a: Scizor
|
|upkeep
|turn|22
|
|t:|1666455834
|move|p1a: Scizor|U-turn|p2a: Diancie
|-resisted|p2a: Diancie
|-damage|p2a: Diancie|79/100
|
|t:|1666455836
|switch|p1a: Hippowdon|Hippowdon, F|69/100|[from]move: U-turn
|-damage|p1a: Hippowdon|63/100|[from] Stealth Rock
|-weather|Sandstorm|[from] ability: Sand Stream|[of] p1a: Hippowdon
|move|p2a: Diancie|Diamond Storm|p1a: Hippowdon
|-resisted|p1a: Hippowdon
|-damage|p1a: Hippowdon|53/100
|
|-weather|Sandstorm|[upkeep]
|-heal|p1a: Hippowdon|59/100|[from] item: Leftovers
|upkeep
|turn|23
|
|t:|1666455843
|move|p1a: Hippowdon|Stealth Rock|p2a: Diancie
|-sidestart|p2: DugZaッ|move: Stealth Rock
|move|p2a: Diancie|Diamond Storm|p1a: Hippowdon
|-resisted|p1a: Hippowdon
|-damage|p1a: Hippowdon|48/100
|
|-weather|Sandstorm|[upkeep]
|-heal|p1a: Hippowdon|54/100|[from] item: Leftovers
|upkeep
|turn|24
|
|t:|1666455849
|switch|p2a: Starmie|Starmie|94/100
|move|p1a: Hippowdon|Toxic|p2a: Starmie
|-status|p2a: Starmie|tox
|
|-weather|Sandstorm|[upkeep]
|-damage|p2a: Starmie|88/100 tox|[from] Sandstorm
|-heal|p1a: Hippowdon|60/100|[from] item: Leftovers
|-damage|p2a: Starmie|82/100 tox|[from] psn
|upkeep
|turn|25
|
|t:|1666455861
|move|p2a: Starmie|Rapid Spin|p1a: Hippowdon
|-damage|p1a: Hippowdon|55/100
|-boost|p2a: Starmie|spe|1
|-sideend|p2: DugZaッ|Stealth Rock|[from] move: Rapid Spin|[of] p2a: Starmie
|move|p1a: Hippowdon|Stealth Rock|p2a: Starmie
|-sidestart|p2: DugZaッ|move: Stealth Rock
|
|-weather|Sandstorm|[upkeep]
|-damage|p2a: Starmie|76/100 tox|[from] Sandstorm
|-heal|p1a: Hippowdon|61/100|[from] item: Leftovers
|-damage|p2a: Starmie|63/100 tox|[from] psn
|upkeep
|turn|26
|
|t:|1666455869
|switch|p1a: Hatterene|Hatterene, F|100/100
|-damage|p1a: Hatterene|88/100|[from] Stealth Rock
|move|p2a: Starmie|Recover|p2a: Starmie
|-heal|p2a: Starmie|100/100 tox
|
|-weather|none
|-heal|p1a: Hatterene|94/100|[from] item: Leftovers
|-damage|p2a: Starmie|82/100 tox|[from] psn
|upkeep
|turn|27
|
|t:|1666455873
|-curestatus|p2a: Starmie|tox|[from] ability: Natural Cure
|switch|p2a: Tangrowth|Tangrowth, F|96/100
|-damage|p2a: Tangrowth|83/100|[from] Stealth Rock
|move|p1a: Hatterene|Calm Mind|p1a: Hatterene
|-boost|p1a: Hatterene|spa|1
|-boost|p1a: Hatterene|spd|1
|
|-heal|p1a: Hatterene|99/100|[from] item: Leftovers
|upkeep
|turn|28
|
|t:|1666455884
|move|p2a: Tangrowth|Sludge Bomb|p1a: Hatterene
|-supereffective|p1a: Hatterene
|-damage|p1a: Hatterene|69/100
|move|p1a: Hatterene|Mystical Fire|p2a: Tangrowth
|-supereffective|p2a: Tangrowth
|-damage|p2a: Tangrowth|45/100
|-unboost|p2a: Tangrowth|spa|1
|
|-heal|p1a: Hatterene|75/100|[from] item: Leftovers
|upkeep
|turn|29
|
|t:|1666455900
|move|p2a: Tangrowth|Sludge Bomb|p1a: Hatterene
|-supereffective|p1a: Hatterene
|-damage|p1a: Hatterene|52/100
|move|p1a: Hatterene|Calm Mind|p1a: Hatterene
|-boost|p1a: Hatterene|spa|1
|-boost|p1a: Hatterene|spd|1
|
|-heal|p1a: Hatterene|58/100|[from] item: Leftovers
|upkeep
|turn|30
|
|t:|1666455905
|move|p2a: Tangrowth|Sludge Bomb|p1a: Hatterene
|-supereffective|p1a: Hatterene
|-damage|p1a: Hatterene|43/100
|-status|p1a: Hatterene|psn
|move|p1a: Hatterene|Draining Kiss|p2a: Tangrowth
|-damage|p2a: Tangrowth|15/100
|-heal|p1a: Hatterene|72/100 psn|[from] drain|[of] p2a: Tangrowth
|
|-heal|p1a: Hatterene|78/100 psn|[from] item: Leftovers
|-damage|p1a: Hatterene|65/100 psn|[from] psn
|upkeep
|turn|31
|
|t:|1666455913
|move|p2a: Tangrowth|Power Whip|p1a: Hatterene
|-damage|p1a: Hatterene|29/100 psn
|move|p1a: Hatterene|Draining Kiss|p2a: Tangrowth
|-damage|p2a: Tangrowth|0 fnt
|-heal|p1a: Hatterene|43/100 psn|[from] drain|[of] p2a: Tangrowth
|faint|p2a: Tangrowth
|
|-heal|p1a: Hatterene|49/100 psn|[from] item: Leftovers
|-damage|p1a: Hatterene|37/100 psn|[from] psn
|upkeep
|
|t:|1666455916
|switch|p2a: Diancie|Diancie|79/100
|-damage|p2a: Diancie|67/100|[from] Stealth Rock
|turn|32
|
|t:|1666455921
|move|p2a: Diancie|Diamond Storm|p1a: Hatterene
|-damage|p1a: Hatterene|9/100 psn
|move|p1a: Hatterene|Psyshock|p2a: Diancie
|-damage|p2a: Diancie|20/100
|
|-heal|p1a: Hatterene|15/100 psn|[from] item: Leftovers
|-damage|p1a: Hatterene|3/100 psn|[from] psn
|upkeep
|turn|33
|
|t:|1666455937
|move|p2a: Diancie|Heal Bell|p2a: Diancie
|-activate|p2a: Diancie|move: Heal Bell
|-curestatus|p2: Crobat|slp|[msg]
|move|p1a: Hatterene|Draining Kiss|p2a: Diancie
|-damage|p2a: Diancie|0 fnt
|-heal|p1a: Hatterene|17/100 psn|[from] drain|[of] p2a: Diancie
|faint|p2a: Diancie
|
|-heal|p1a: Hatterene|23/100 psn|[from] item: Leftovers
|-damage|p1a: Hatterene|11/100 psn|[from] psn
|upkeep
|
|t:|1666455947
|switch|p2a: Crobat|Crobat, M|37/100
|turn|34
|
|t:|1666455964
|move|p2a: Crobat|U-turn|p1a: Hatterene
|-damage|p1a: Hatterene|0 fnt
|faint|p1a: Hatterene
|
|t:|1666455966
|switch|p2a: Starmie|Starmie|82/100|[from]move: U-turn
|
|upkeep
|
|t:|1666455988
|switch|p1a: Thundurus|Thundurus-Therian, M|57/100
|turn|35
|
|t:|1666456002
|switch|p2a: Hydreigon|Hydreigon, M|45/100
|-damage|p2a: Hydreigon|33/100|[from] Stealth Rock
|move|p1a: Thundurus|Volt Switch|p2a: Hydreigon
|-resisted|p2a: Hydreigon
|-damage|p2a: Hydreigon|11/100
|
|t:|1666456010
|switch|p1a: Scizor|Scizor, F|63/100|[from]move: Volt Switch
|-damage|p1a: Scizor|51/100|[from] Stealth Rock
|
|-heal|p2a: Hydreigon|17/100|[from] item: Leftovers
|upkeep
|turn|36
|
|t:|1666456015
|switch|p2a: Starmie|Starmie|82/100
|move|p1a: Scizor|Bullet Punch|p2a: Starmie
|-resisted|p2a: Starmie
|-crit|p2a: Starmie
|-damage|p2a: Starmie|56/100
|
|upkeep
|turn|37
|
|t:|1666456018
|move|p2a: Starmie|Scald|p1a: Scizor
|-damage|p1a: Scizor|17/100
|-status|p1a: Scizor|brn
|move|p1a: Scizor|U-turn|p2a: Starmie
|-supereffective|p2a: Starmie
|-damage|p2a: Starmie|14/100
|
|t:|1666456024
|switch|p1a: Lycanroc|Lycanroc-Dusk, F|76/100|[from]move: U-turn
|-damage|p1a: Lycanroc|63/100|[from] Stealth Rock
|
|upkeep
|turn|38
|c|☆DugZaッ|ggs
|-message|DugZaッ forfeited.
|
|win|MegaTotomon
|l|☆DugZaッ
|c|☆MegaTotomon|ggs
