|j|☆above the j
|j|☆Fathiryxi
|t:|1599670490
|player|p1|above the j|kimonogirl|
|player|p2|Fathiryxi|preschoolers|
|teamsize|p1|6
|teamsize|p2|6
|gametype|singles
|gen|8
|tier|[Gen 8] UU
|clearpoke
|poke|p1|Noivern, F|
|poke|p1|Slowking, F|
|poke|p1|Zarude|
|poke|p1|Marowak-Alola, F|
|poke|p1|Weezing-Galar, M|
|poke|p1|Cobalion|
|poke|p2|Indeedee, M|
|poke|p2|Slurpuff, M|
|poke|p2|Dugtrio-Alola, M|
|poke|p2|Polteageist|
|poke|p2|Slowbro, F|
|poke|p2|Pangoro, M|
|rule|Sleep Clause Mod: Limit one foe put to sleep
|rule|Species Clause: Limit one of each Pokémon
|rule|OHKO Clause: OHKO moves are banned
|rule|Evasion Moves Clause: Evasion moves are banned
|rule|Endless Battle Clause: Forcing endless battles is banned
|rule|HP Percentage Mod: HP is shown in percentages
|rule|Dynamax Clause: You cannot dynamax
|teampreview
|c|☆above the j|glhf
|inactive|Battle timer is ON: inactive players will automatically lose when time's up. (requested by above the j)
|c|☆Fathiryxi|u2
|j| ChinchiIsNotGood
|inactive|above the j has 270 seconds left.
|
|t:|1599670553
|start
|switch|p1a: Cobalion|Cobalion|100/100
|switch|p2a: Dugtrio|Dugtrio-Alola, M|100/100
|turn|1
|inactive|above the j has 270 seconds left.
|l| ChinchiIsNotGood
|
|t:|1599670604
|switch|p1a: Slowking|Slowking, F|100/100
|move|p2a: Dugtrio|Earthquake|p1a: Slowking
|-damage|p1a: Slowking|59/100
|
|upkeep
|turn|2
|
|t:|1599670618
|move|p2a: Dugtrio|Stealth Rock|p1a: Slowking
|-sidestart|p1: above the j|move: Stealth Rock
|move|p1a: Slowking|Scald|p2a: Dugtrio
|-supereffective|p2a: Dugtrio
|-enditem|p2a: Dugtrio|Focus Sash
|-damage|p2a: Dugtrio|1/100
|
|upkeep
|turn|3
|
|t:|1599670638
|switch|p1a: Noivern|Noivern, F|100/100
|move|p2a: Dugtrio|Earthquake|p1a: Noivern
|-immune|p1a: Noivern
|
|upkeep
|turn|4
|
|t:|1599670643
|move|p1a: Noivern|Defog|p2a: Dugtrio
|-unboost|p2a: Dugtrio|evasion|1
|-sideend|p1: above the j|Stealth Rock|[from] move: Defog|[of] p1a: Noivern
|move|p2a: Dugtrio|Memento|p1a: Noivern
|-unboost|p1a: Noivern|atk|2
|-unboost|p1a: Noivern|spa|2
|faint|p2a: Dugtrio
|
|upkeep
|
|t:|1599670648
|switch|p2a: Indeedee|Indeedee, M|100/100
|-fieldstart|move: Psychic Terrain|[from] ability: Psychic Surge|[of] p2a: Indeedee
|turn|5
|inactive|Fathiryxi has 270 seconds left.
|
|t:|1599670690
|move|p1a: Noivern|Toxic|p2a: Indeedee
|-status|p2a: Indeedee|tox
|move|p2a: Indeedee|Mystical Fire|p1a: Noivern
|-resisted|p1a: Noivern
|-damage|p1a: Noivern|86/100
|-unboost|p1a: Noivern|spa|1
|
|-damage|p2a: Indeedee|94/100 tox|[from] psn
|upkeep
|turn|6
|j| banito13
|
|t:|1599670704
|switch|p1a: Slowking|Slowking, F|92/100
|switch|p2a: Slurpuff|Slurpuff, M|100/100
|
|upkeep
|turn|7
|c| banito13|glhf
|
|t:|1599670722
|switch|p2a: Slowbro|Slowbro, F|100/100
|move|p1a: Slowking|Scald|p2a: Slowbro
|-resisted|p2a: Slowbro
|-damage|p2a: Slowbro|86/100
|-status|p2a: Slowbro|brn
|
|-heal|p2a: Slowbro|92/100 brn|[from] item: Leftovers
|-damage|p2a: Slowbro|86/100 brn|[from] brn
|upkeep
|turn|8
|
|t:|1599670746
|switch|p2a: Pangoro|Pangoro, M|100/100
|move|p1a: Slowking|Teleport|p1a: Slowking
|
|t:|1599670751
|switch|p1a: Cobalion|Cobalion|100/100|[from]move: Teleport
|
|upkeep
|turn|9
|
|t:|1599670759
|switch|p2a: Slowbro|Slowbro, F|100/100 brn
|move|p1a: Cobalion|Stealth Rock|p2a: Slowbro
|-sidestart|p2: Fathiryxi|move: Stealth Rock
|
|-damage|p2a: Slowbro|94/100 brn|[from] brn
|upkeep
|turn|10
|
|t:|1599670769
|switch|p2a: Pangoro|Pangoro, M|100/100
|-damage|p2a: Pangoro|94/100|[from] Stealth Rock
|move|p1a: Cobalion|Volt Switch|p2a: Pangoro
|-damage|p2a: Pangoro|75/100
|
|t:|1599670786
|switch|p1a: Weezing|Weezing-Galar, M|100/100|[from]move: Volt Switch
|
|upkeep
|turn|11
|inactive|Fathiryxi has 270 seconds left.
|
|t:|1599670792
|move|p2a: Pangoro|Iron Head|p1a: Weezing
|-supereffective|p1a: Weezing
|-damage|p1a: Weezing|45/100
|-damage|p2a: Pangoro|58/100|[from] item: Rocky Helmet|[of] p1a: Weezing
|-damage|p2a: Pangoro|48/100|[from] item: Life Orb
|move|p1a: Weezing|Strange Steam|p2a: Pangoro
|-supereffective|p2a: Pangoro
|-damage|p2a: Pangoro|0 fnt
|faint|p2a: Pangoro
|
|upkeep
|inactive|Fathiryxi has 270 seconds left.
|
|t:|1599670825
|switch|p2a: Polteageist|Polteageist|100/100
|-damage|p2a: Polteageist|88/100|[from] Stealth Rock
|turn|12
|
|t:|1599670832
|switch|p1a: Zarude|Zarude|100/100
|move|p2a: Polteageist|Shadow Ball|p1a: Zarude
|-resisted|p1a: Zarude
|-damage|p1a: Zarude|78/100
|
|-fieldend|move: Psychic Terrain
|upkeep
|turn|13
|inactive|Fathiryxi has 240 seconds left.
|
|t:|1599670866
|switch|p2a: Indeedee|Indeedee, M|94/100 tox
|-damage|p2a: Indeedee|82/100 tox|[from] Stealth Rock
|-fieldstart|move: Psychic Terrain|[from] ability: Psychic Surge|[of] p2a: Indeedee
|move|p1a: Zarude|U-turn|p2a: Indeedee
|-supereffective|p2a: Indeedee
|-damage|p2a: Indeedee|0 fnt
|faint|p2a: Indeedee
|inactive|above the j has 270 seconds left.
|
|t:|1599670882
|switch|p1a: Marowak|Marowak-Alola, F|100/100|[from]move: U-turn
|
|upkeep
|
|t:|1599670889
|switch|p2a: Polteageist|Polteageist|88/100
|-damage|p2a: Polteageist|76/100|[from] Stealth Rock
|turn|14
|inactive|Fathiryxi has 240 seconds left.
|inactive|above the j has 270 seconds left.
|
|t:|1599670915
|move|p2a: Polteageist|Shadow Ball|p1a: Marowak
|-supereffective|p1a: Marowak
|-damage|p1a: Marowak|0 fnt
|faint|p1a: Marowak
|
|upkeep
|
|t:|1599670932
|switch|p1a: Cobalion|Cobalion|100/100
|turn|15
|inactive|Fathiryxi has 240 seconds left.
|
|t:|1599670962
|move|p1a: Cobalion|Volt Switch|p2a: Polteageist
|-damage|p2a: Polteageist|60/100
|
|t:|1599670965
|switch|p1a: Zarude|Zarude|78/100|[from]move: Volt Switch
|move|p2a: Polteageist|Shadow Ball|p1a: Zarude
|-resisted|p1a: Zarude
|-damage|p1a: Zarude|57/100
|-unboost|p1a: Zarude|spd|1
|
|upkeep
|turn|16
|c| banito13|a propos fathi, on va dire que c'est un oubli, mais t'as pas mis ta phrase en début de match
|c| banito13|t'as plus de joker mtn
|inactive|Fathiryxi has 210 seconds left.
|inactive|above the j has 240 seconds left.
|c|☆Fathiryxi|hanw
|
|t:|1599671020
|move|p1a: Zarude|U-turn|p2a: Polteageist
|-resisted|p2a: Polteageist
|-damage|p2a: Polteageist|38/100
|-ability|p2a: Polteageist|Weak Armor|boost
|-unboost|p2a: Polteageist|def|1
|-boost|p2a: Polteageist|spe|2
|
|t:|1599671034
|switch|p1a: Weezing|Weezing-Galar, M|45/100|[from]move: U-turn
|move|p2a: Polteageist|Shadow Ball|p1a: Weezing
|-damage|p1a: Weezing|0 fnt
|faint|p1a: Weezing
|
|upkeep
|
|t:|1599671039
|switch|p1a: Cobalion|Cobalion|100/100
|turn|17
|inactive|Fathiryxi has 210 seconds left.
|
|t:|1599671047
|move|p2a: Polteageist|Shadow Ball|p1a: Cobalion
|-crit|p1a: Cobalion
|-damage|p1a: Cobalion|14/100
|move|p1a: Cobalion|Iron Head|p2a: Polteageist
|-damage|p2a: Polteageist|0 fnt
|faint|p2a: Polteageist
|
|upkeep
|inactive|Fathiryxi has 210 seconds left.
|
|t:|1599671055
|switch|p2a: Slowbro|Slowbro, F|100/100 brn
|-damage|p2a: Slowbro|88/100 brn|[from] Stealth Rock
|turn|18
|
|t:|1599671063
|move|p1a: Cobalion|Volt Switch|p2a: Slowbro
|-supereffective|p2a: Slowbro
|-damage|p2a: Slowbro|61/100 brn
|
|t:|1599671069
|switch|p1a: Noivern|Noivern, F|86/100|[from]move: Volt Switch
|move|p2a: Slowbro|Iron Defense|p2a: Slowbro
|-boost|p2a: Slowbro|def|2
|
|-heal|p2a: Slowbro|67/100 brn|[from] item: Leftovers
|-damage|p2a: Slowbro|61/100 brn|[from] brn
|upkeep
|turn|19
|
|t:|1599671082
|move|p1a: Noivern|Hurricane|p2a: Slowbro
|-damage|p2a: Slowbro|16/100 brn
|-start|p2a: Slowbro|confusion
|-activate|p2a: Slowbro|confusion
|move|p2a: Slowbro|Calm Mind|p2a: Slowbro
|-boost|p2a: Slowbro|spa|1
|-boost|p2a: Slowbro|spd|1
|
|-heal|p2a: Slowbro|22/100 brn|[from] item: Leftovers
|-damage|p2a: Slowbro|16/100 brn|[from] brn
|upkeep
|turn|20
|inactive|above the j has 240 seconds left.
|
|t:|1599671099
|move|p1a: Noivern|Hurricane|p2a: Slowbro|[miss]
|-miss|p1a: Noivern|p2a: Slowbro
|-activate|p2a: Slowbro|confusion
|move|p2a: Slowbro|Psyshock|p1a: Noivern
|-damage|p1a: Noivern|0 fnt
|faint|p1a: Noivern
|
|-heal|p2a: Slowbro|22/100 brn|[from] item: Leftovers
|-damage|p2a: Slowbro|16/100 brn|[from] brn
|-fieldend|move: Psychic Terrain
|upkeep
|inactive|above the j has 240 seconds left.
|c|☆Fathiryxi|sry je haxx
|c| banito13|ouh ct chaud
|j| Lizardu
|inactive|above the j has 210 seconds left.
|c| banito13|maintenant pour check le slurpuff… ça va être chaud
|c| banito13|mm en 3-1
|c|☆above the j|att j'réfléchis
|inactive|above the j has 180 seconds left.
|inactive|above the j has 150 seconds left.
|inactive|above the j has 120 seconds left.
|c| banito13|ça part sur une win timer ?
|inactive|above the j has 90 seconds left.
|j| LT74PF ayk
|l| LT74PF ayk
|c| Lizardu|si t'avais taunt coba
|inactive|above the j has 60 seconds left.
|c| Lizardu|tu pouvais kill u turn
|c|☆above the j|oe
|c|☆above the j|jss
|c|☆Fathiryxi|yep
|c| banito13|1 min
|c| banito13|ça chauffe
|c|☆above the j|bon
|inactive|above the j has 30 seconds left.
|c|☆above the j|jvois pas d'autre soluce
|c|☆above the j|que rely
|c|☆above the j|sur un
|c|☆above the j|miss
|c|☆above the j|ou burn
|inactive|above the j has 20 seconds left.
|inactive|above the j has 15 seconds left.
|
|t:|1599671330
|switch|p1a: Cobalion|Cobalion|14/100
|turn|21
|inactive|above the j has 25 seconds left this turn.
|inactive|Fathiryxi has 240 seconds left.
|c|☆above the j|ptn
|
|t:|1599671363
|move|p1a: Cobalion|Volt Switch|p2a: Slowbro
|-supereffective|p2a: Slowbro
|-damage|p2a: Slowbro|0 fnt
|faint|p2a: Slowbro
|inactive|above the j has 30 seconds left this turn.
|inactive|above the j has 20 seconds left.
|inactive|above the j has 15 seconds left.
|c| Lizardu|zarude peut pas kill ?
|c|☆above the j|nn
|inactive|above the j has 10 seconds left.
|c|☆Fathiryxi|nn
|
|t:|1599671386
|switch|p1a: Slowking|Slowking, F|100/100|[from]move: Volt Switch
|
|upkeep
|inactive|above the j has 15 seconds left this turn.
|
|t:|1599671390
|switch|p2a: Slurpuff|Slurpuff, M|100/100
|-damage|p2a: Slurpuff|88/100|[from] Stealth Rock
|turn|22
|inactive|above the j has 25 seconds left this turn.
|inactive|above the j has 20 seconds left.
|
|t:|1599671399
|move|p2a: Slurpuff|Belly Drum|p2a: Slurpuff
|-damage|p2a: Slurpuff|38/100
|-setboost|p2a: Slurpuff|atk|6|[from] move: Belly Drum
|-enditem|p2a: Slurpuff|Sitrus Berry|[eat]
|-heal|p2a: Slurpuff|63/100|[from] item: Sitrus Berry
|move|p1a: Slowking|Scald|p2a: Slurpuff
|-damage|p2a: Slurpuff|24/100
|
|upkeep
|turn|23
|inactive|above the j has 30 seconds left this turn.
|c| Lizardu|t'as pas wood hammer ?
|c| Lizardu|power whip putt
|c| Lizardu|plutot*
|
|t:|1599671413
|move|p2a: Slurpuff|Play Rough|p1a: Slowking
|-damage|p1a: Slowking|0 fnt
|faint|p1a: Slowking
|
|upkeep
|inactive|above the j has 30 seconds left this turn.
|
|t:|1599671419
|switch|p1a: Zarude|Zarude|57/100
|turn|24
|inactive|above the j has 30 seconds left.
|inactive|above the j has 20 seconds left.
|inactive|above the j has 15 seconds left.
|
|t:|1599671442
|move|p1a: Zarude|Power Whip|p2a: Slurpuff
|-damage|p2a: Slurpuff|0 fnt
|faint|p2a: Slurpuff
|
|win|above the j
|inactive|above the j has 20 seconds left this turn.
|c|☆above the j|dieu merci
|c|☆above the j|Gg
|c|☆Fathiryxi|anw scarf gg
