|j|☆Savannah Vibes
|j|☆PurplePete15
|t:|1645132400
|gametype|singles
|player|p1|Savannah Vibes|phoebe-gen3|1597
|player|p2|PurplePete15|cilan|1537
|teamsize|p1|6
|teamsize|p2|6
|gen|8
|tier|[Gen 8] UU
|rated|
|rule|Sleep Clause Mod: Limit one foe put to sleep
|rule|Species Clause: Limit one of each Pokémon
|rule|OHKO Clause: OHKO moves are banned
|rule|Evasion Moves Clause: Evasion moves are banned
|rule|Endless Battle Clause: Forcing endless battles is banned
|rule|HP Percentage Mod: HP is shown in percentages
|rule|Dynamax Clause: You cannot dynamax
|clearpoke
|poke|p1|Azelf|
|poke|p1|Scolipede, F|
|poke|p1|Krookodile, F|
|poke|p1|Aegislash, F|
|poke|p1|Nihilego|
|poke|p1|Celesteela|
|poke|p2|Keldeo-Resolute|
|poke|p2|Thundurus-Therian, M|
|poke|p2|Tangrowth, M|
|poke|p2|Excadrill, M|
|poke|p2|Celesteela|
|poke|p2|Hydreigon, F|
|teampreview
|
|t:|1645132411
|start
|switch|p1a: Charging the Void|Scolipede, F|100/100
|switch|p2a: Thundurus|Thundurus-Therian, M|100/100
|turn|1
|
|t:|1645132418
|move|p1a: Charging the Void|Spikes|p2a: Thundurus
|-sidestart|p2: PurplePete15|Spikes
|move|p2a: Thundurus|Psychic|p1a: Charging the Void
|-supereffective|p1a: Charging the Void
|-enditem|p1a: Charging the Void|Focus Sash
|-damage|p1a: Charging the Void|1/100
|
|-ability|p1a: Charging the Void|Speed Boost|boost
|-boost|p1a: Charging the Void|spe|1
|upkeep
|turn|2
|
|t:|1645132434
|move|p1a: Charging the Void|Endeavor|p2a: Thundurus
|-damage|p2a: Thundurus|1/100
|move|p2a: Thundurus|Volt Switch|p1a: Charging the Void
|-damage|p1a: Charging the Void|0 fnt
|faint|p1a: Charging the Void
|
|t:|1645132449
|switch|p2a: Hydreigon|Hydreigon, F|100/100|[from]move: Volt Switch
|
|upkeep
|
|t:|1645132467
|switch|p1a: Ultimate Artificer|Aegislash, F|100/100
|turn|3
|
|t:|1645132476
|move|p2a: Hydreigon|U-turn|p1a: Ultimate Artificer
|-resisted|p1a: Ultimate Artificer
|-damage|p1a: Ultimate Artificer|98/100
|
|t:|1645132478
|switch|p2a: Tangrowth|Tangrowth, M|100/100|[from]move: U-turn
|-damage|p2a: Tangrowth|88/100|[from] Spikes
|-formechange|p1a: Ultimate Artificer|Aegislash-Blade||[from] ability: Stance Change
|move|p1a: Ultimate Artificer|Close Combat|p2a: Tangrowth
|-damage|p2a: Tangrowth|64/100
|-unboost|p1a: Ultimate Artificer|def|1
|-unboost|p1a: Ultimate Artificer|spd|1
|-damage|p1a: Ultimate Artificer|81/100|[from] item: Rocky Helmet|[of] p2a: Tangrowth
|
|upkeep
|turn|4
|
|t:|1645132483
|switch|p1a: Psychotropia|Nihilego|100/100
|move|p2a: Tangrowth|Knock Off|p1a: Psychotropia
|-damage|p1a: Psychotropia|64/100
|-enditem|p1a: Psychotropia|Power Herb|[from] move: Knock Off|[of] p2a: Tangrowth
|
|upkeep
|turn|5
|
|t:|1645132490
|switch|p2a: Celesteela|Celesteela|100/100
|move|p1a: Psychotropia|Sludge Bomb|p2a: Celesteela
|-immune|p2a: Celesteela
|
|upkeep
|turn|6
|
|t:|1645132496
|switch|p1a: Ultimate Artificer|Aegislash, F|81/100
|move|p2a: Celesteela|Leech Seed|p1a: Ultimate Artificer
|-start|p1a: Ultimate Artificer|move: Leech Seed
|
|-damage|p1a: Ultimate Artificer|69/100|[from] Leech Seed|[of] p2a: Celesteela
|upkeep
|turn|7
|
|t:|1645132506
|switch|p2a: Tangrowth|Tangrowth, M|97/100
|-damage|p2a: Tangrowth|84/100|[from] Spikes
|move|p1a: Ultimate Artificer|Swords Dance|p1a: Ultimate Artificer
|-boost|p1a: Ultimate Artificer|atk|2
|
|-damage|p1a: Ultimate Artificer|57/100|[from] Leech Seed|[of] p2a: Tangrowth
|-heal|p2a: Tangrowth|94/100|[silent]
|upkeep
|turn|8
|
|t:|1645132510
|move|p1a: Ultimate Artificer|Swords Dance|p1a: Ultimate Artificer
|-boost|p1a: Ultimate Artificer|atk|2
|move|p2a: Tangrowth|Knock Off|p1a: Ultimate Artificer
|-supereffective|p1a: Ultimate Artificer
|-damage|p1a: Ultimate Artificer|19/100
|-enditem|p1a: Ultimate Artificer|Weakness Policy
|-boost|p1a: Ultimate Artificer|atk|2|[from] item: Weakness Policy
|-boost|p1a: Ultimate Artificer|spa|2|[from] item: Weakness Policy
|
|-damage|p1a: Ultimate Artificer|6/100|[from] Leech Seed|[of] p2a: Tangrowth
|-heal|p2a: Tangrowth|100/100|[silent]
|upkeep
|turn|9
|
|t:|1645132533
|-formechange|p1a: Ultimate Artificer|Aegislash-Blade||[from] ability: Stance Change
|move|p1a: Ultimate Artificer|Close Combat|p2a: Tangrowth
|-damage|p2a: Tangrowth|14/100
|-unboost|p1a: Ultimate Artificer|def|1
|-unboost|p1a: Ultimate Artificer|spd|1
|-damage|p1a: Ultimate Artificer|0 fnt|[from] item: Rocky Helmet|[of] p2a: Tangrowth
|faint|p1a: Ultimate Artificer
|move|p2a: Tangrowth|Giga Drain|p1: Ultimate Artificer|[notarget]
|-fail|p2a: Tangrowth
|
|upkeep
|
|t:|1645132539
|switch|p1a: Collapse|Krookodile, F|100/100
|-ability|p1a: Collapse|Intimidate|boost
|-unboost|p2a: Tangrowth|atk|1
|turn|10
|
|t:|1645132544
|move|p1a: Collapse|Knock Off|p2a: Tangrowth
|-damage|p2a: Tangrowth|0 fnt
|-damage|p1a: Collapse|84/100|[from] item: Rocky Helmet|[of] p2a: Tangrowth
|-enditem|p2a: Tangrowth|Rocky Helmet|[from] move: Knock Off|[of] p1a: Collapse
|faint|p2a: Tangrowth
|
|upkeep
|
|t:|1645132546
|switch|p2a: Keldeo|Keldeo-Resolute|100/100
|-damage|p2a: Keldeo|88/100|[from] Spikes
|turn|11
|
|t:|1645132552
|move|p2a: Keldeo|Scald|p1a: Collapse
|-supereffective|p1a: Collapse
|-damage|p1a: Collapse|0 fnt
|faint|p1a: Collapse
|
|-heal|p2a: Keldeo|94/100|[from] item: Leftovers
|upkeep
|
|t:|1645132555
|switch|p1a: Pteropticon|Azelf|100/100
|turn|12
|
|t:|1645132560
|switch|p2a: Thundurus|Thundurus-Therian, M|1/100
|move|p1a: Pteropticon|Nasty Plot|p1a: Pteropticon
|-boost|p1a: Pteropticon|spa|2
|
|upkeep
|turn|13
|
|t:|1645132569
|move|p1a: Pteropticon|Dazzling Gleam|p2a: Thundurus
|-damage|p2a: Thundurus|0 fnt
|faint|p2a: Thundurus
|
|upkeep
|
|t:|1645132571
|switch|p2a: Hydreigon|Hydreigon, F|100/100
|turn|14
|
|t:|1645132577
|move|p2a: Hydreigon|U-turn|p1a: Pteropticon
|-supereffective|p1a: Pteropticon
|-damage|p1a: Pteropticon|51/100
|
|t:|1645132578
|switch|p2a: Excadrill|Excadrill, M|100/100|[from]move: U-turn
|-damage|p2a: Excadrill|88/100|[from] Spikes
|-ability|p2a: Excadrill|Mold Breaker
|move|p1a: Pteropticon|Dazzling Gleam|p2a: Excadrill
|-resisted|p2a: Excadrill
|-damage|p2a: Excadrill|61/100
|
|-heal|p2a: Excadrill|68/100|[from] item: Leftovers
|upkeep
|turn|15
|
|t:|1645132582
|move|p1a: Pteropticon|Fire Blast|p2a: Excadrill
|-supereffective|p2a: Excadrill
|-damage|p2a: Excadrill|0 fnt
|faint|p2a: Excadrill
|
|upkeep
|
|t:|1645132584
|switch|p2a: Hydreigon|Hydreigon, F|100/100
|turn|16
|
|t:|1645132587
|move|p2a: Hydreigon|Dark Pulse|p1a: Pteropticon
|-supereffective|p1a: Pteropticon
|-damage|p1a: Pteropticon|0 fnt
|faint|p1a: Pteropticon
|
|upkeep
|
|t:|1645132592
|switch|p1a: Cygnus Terminal|Celesteela|100/100
|turn|17
|
|t:|1645132596
|move|p2a: Hydreigon|Dark Pulse|p1a: Cygnus Terminal
|-damage|p1a: Cygnus Terminal|57/100
|move|p1a: Cygnus Terminal|Meteor Beam||[still]
|-prepare|p1a: Cygnus Terminal|Meteor Beam
|-boost|p1a: Cygnus Terminal|spa|1
|-enditem|p1a: Cygnus Terminal|Power Herb
|-anim|p1a: Cygnus Terminal|Meteor Beam|p2a: Hydreigon|[miss]
|-miss|p1a: Cygnus Terminal|p2a: Hydreigon
|
|upkeep
|turn|18
|-message|Savannah Vibes forfeited.
|
|win|PurplePete15
|raw|Savannah Vibes's rating: 1597 &rarr; <strong>1574</strong><br />(-23 for losing)
|raw|PurplePete15's rating: 1537 &rarr; <strong>1560</strong><br />(+23 for winning)
|l|☆Savannah Vibes
||Ladder isn't responding, score probably updated but might not have (Request timeout).
