|j|☆Mister Magnus
|j|☆Zephyyyr
|t:|1662568169
|gametype|singles
|player|p1|Mister Magnus|biker-gen4|1358
|player|p2|Zephyyyr|richboy|1455
|teamsize|p1|6
|teamsize|p2|6
|gen|8
|tier|[Gen 8] UU
|rated|
|rule|Sleep Clause Mod: Limit one foe put to sleep
|rule|Species Clause: Limit one of each Pokémon
|rule|OHKO Clause: OHKO moves are banned
|rule|Evasion Items Clause: Evasion items are banned
|rule|Evasion Moves Clause: Evasion moves are banned
|rule|Endless Battle Clause: Forcing endless battles is banned
|rule|HP Percentage Mod: HP is shown in percentages
|rule|Dynamax Clause: You cannot dynamax
|clearpoke
|poke|p1|Slowbro-Galar, M|
|poke|p1|Skarmory, F|
|poke|p1|Hippowdon, M|
|poke|p1|Zarude|
|poke|p1|Rotom-Wash|
|poke|p1|Noivern, M|
|poke|p2|Cloyster, F|
|poke|p2|Zygarde-10%|
|poke|p2|Cobalion|
|poke|p2|Slowking, F|
|poke|p2|Salamence, F|
|poke|p2|Zarude|
|teampreview
|
|t:|1662568177
|start
|switch|p1a: Rotom|Rotom-Wash|100/100
|switch|p2a: Cloyster|Cloyster, F|100/100
|turn|1
|
|t:|1662568182
|switch|p2a: Zarude|Zarude|100/100
|move|p1a: Rotom|Trick|p2a: Zarude
|-activate|p1a: Rotom|move: Trick|[of] p2a: Zarude
|-item|p2a: Zarude|Choice Scarf|[from] move: Trick
|-item|p1a: Rotom|Choice Scarf|[from] move: Trick
|
|upkeep
|turn|2
|
|t:|1662568189
|switch|p1a: Skarmory|Skarmory, F|100/100
|move|p2a: Zarude|U-turn|p1a: Skarmory
|-resisted|p1a: Skarmory
|-damage|p1a: Skarmory|97/100
|-damage|p2a: Zarude|84/100|[from] item: Rocky Helmet|[of] p1a: Skarmory
|
|t:|1662568202
|switch|p2a: Cloyster|Cloyster, F|100/100|[from]move: U-turn
|
|upkeep
|turn|3
|
|t:|1662568211
|move|p2a: Cloyster|Icicle Spear|p1a: Skarmory
|-damage|p1a: Skarmory|86/100
|-damage|p1a: Skarmory|74/100
|-damage|p1a: Skarmory|63/100
|-damage|p1a: Skarmory|51/100
|-damage|p1a: Skarmory|41/100
|-hitcount|p1a: Skarmory|5
|move|p1a: Skarmory|Body Press|p2a: Cloyster
|-supereffective|p2a: Cloyster
|-damage|p2a: Cloyster|50/100
|
|upkeep
|turn|4
|
|t:|1662568220
|switch|p1a: Rotom|Rotom-Wash|100/100
|move|p2a: Cloyster|Icicle Spear|p1a: Rotom
|-resisted|p1a: Rotom
|-crit|p1a: Rotom
|-damage|p1a: Rotom|87/100
|-resisted|p1a: Rotom
|-damage|p1a: Rotom|77/100
|-resisted|p1a: Rotom
|-damage|p1a: Rotom|68/100
|-resisted|p1a: Rotom
|-damage|p1a: Rotom|59/100
|-resisted|p1a: Rotom
|-damage|p1a: Rotom|50/100
|-hitcount|p1a: Rotom|5
|
|upkeep
|turn|5
|
|t:|1662568227
|switch|p2a: Zygarde|Zygarde-10%|100/100
|-ability|p2a: Zygarde|Aura Break
|move|p1a: Rotom|Volt Switch|p2a: Zygarde
|-immune|p2a: Zygarde
|
|upkeep
|turn|6
|
|t:|1662568235
|switch|p1a: Hippowdon|Hippowdon, M|100/100
|-weather|Sandstorm|[from] ability: Sand Stream|[of] p1a: Hippowdon
|switch|p2a: Cloyster|Cloyster, F|50/100
|
|-weather|Sandstorm|[upkeep]
|-damage|p2a: Cloyster|44/100|[from] Sandstorm
|upkeep
|turn|7
|
|t:|1662568244
|switch|p1a: Slowbro|Slowbro-Galar, M|100/100
|move|p2a: Cloyster|Icicle Spear|p1a: Slowbro
|-damage|p1a: Slowbro|87/100
|-damage|p1a: Slowbro|73/100
|-damage|p1a: Slowbro|60/100
|-damage|p1a: Slowbro|47/100
|-damage|p1a: Slowbro|34/100
|-hitcount|p1a: Slowbro|5
|
|-weather|Sandstorm|[upkeep]
|-damage|p2a: Cloyster|37/100|[from] Sandstorm
|-damage|p1a: Slowbro|28/100|[from] Sandstorm
|upkeep
|turn|8
|
|t:|1662568248
|move|p2a: Cloyster|Icicle Spear|p1a: Slowbro
|-damage|p1a: Slowbro|16/100
|-damage|p1a: Slowbro|4/100
|-damage|p1a: Slowbro|0 fnt
|faint|p1a: Slowbro
|-hitcount|p1: Slowbro|3
|
|-weather|Sandstorm|[upkeep]
|-damage|p2a: Cloyster|31/100|[from] Sandstorm
|upkeep
|
|t:|1662568251
|switch|p1a: Zarude|Zarude|100/100
|turn|9
|
|t:|1662568255
|switch|p2a: Cobalion|Cobalion, shiny|100/100
|move|p1a: Zarude|U-turn|p2a: Cobalion
|-resisted|p2a: Cobalion
|-damage|p2a: Cobalion|93/100
|-damage|p1a: Zarude|84/100|[from] item: Rocky Helmet|[of] p2a: Cobalion
|
|t:|1662568261
|switch|p1a: Hippowdon|Hippowdon, M|100/100|[from]move: U-turn
|
|-weather|Sandstorm|[upkeep]
|upkeep
|turn|10
|
|t:|1662568285
|switch|p2a: Zarude|Zarude|84/100
|move|p1a: Hippowdon|Stealth Rock|p2a: Zarude
|-sidestart|p2: Zephyyyr|move: Stealth Rock
|
|-weather|none
|upkeep
|turn|11
|
|t:|1662568291
|switch|p1a: Noivern|Noivern, M|100/100
|move|p2a: Zarude|U-turn|p1a: Noivern
|-resisted|p1a: Noivern
|-damage|p1a: Noivern|86/100
|
|t:|1662568296
|switch|p2a: Slowking|Slowking, F|100/100|[from]move: U-turn
|-damage|p2a: Slowking|88/100|[from] Stealth Rock
|
|upkeep
|turn|12
|
|t:|1662568301
|move|p1a: Noivern|U-turn|p2a: Slowking
|-supereffective|p2a: Slowking
|-damage|p2a: Slowking|72/100
|
|t:|1662568306
|switch|p1a: Zarude|Zarude|84/100|[from]move: U-turn
|move|p2a: Slowking|Teleport|p2a: Slowking
|
|t:|1662568309
|switch|p2a: Salamence|Salamence, F|100/100|[from]move: Teleport
|-ability|p2a: Salamence|Intimidate|boost
|-unboost|p1a: Zarude|atk|1
|
|upkeep
|turn|13
|
|t:|1662568317
|move|p1a: Zarude|U-turn|p2a: Salamence
|-resisted|p2a: Salamence
|-damage|p2a: Salamence|91/100
|
|t:|1662568324
|switch|p1a: Rotom|Rotom-Wash|50/100|[from]move: U-turn
|move|p2a: Salamence|Defog|p1a: Rotom
|-unboost|p1a: Rotom|evasion|1
|-sideend|p2: Zephyyyr|Stealth Rock|[from] move: Defog|[of] p2a: Salamence
|
|upkeep
|turn|14
|
|t:|1662568330
|switch|p2a: Zarude|Zarude|84/100
|move|p1a: Rotom|Volt Switch|p2a: Zarude
|-resisted|p2a: Zarude
|-damage|p2a: Zarude|72/100
|
|t:|1662568336
|switch|p1a: Skarmory|Skarmory, F|41/100|[from]move: Volt Switch
|
|upkeep
|turn|15
|
|t:|1662568342
|switch|p2a: Salamence|Salamence, F|91/100
|-ability|p2a: Salamence|Intimidate|boost
|-unboost|p1a: Skarmory|atk|1
|move|p1a: Skarmory|Roost|p1a: Skarmory
|-heal|p1a: Skarmory|91/100
|-singleturn|p1a: Skarmory|move: Roost
|
|upkeep
|turn|16
|
|t:|1662568352
|switch|p2a: Cloyster|Cloyster, F|31/100
|switch|p1a: Hippowdon|Hippowdon, M|100/100
|-weather|Sandstorm|[from] ability: Sand Stream|[of] p1a: Hippowdon
|
|-weather|Sandstorm|[upkeep]
|-damage|p2a: Cloyster|25/100|[from] Sandstorm
|upkeep
|turn|17
|
|t:|1662568358
|switch|p1a: Rotom|Rotom-Wash|50/100
|move|p2a: Cloyster|Icicle Spear|p1a: Rotom
|-resisted|p1a: Rotom
|-damage|p1a: Rotom|41/100
|-resisted|p1a: Rotom
|-damage|p1a: Rotom|32/100
|-resisted|p1a: Rotom
|-damage|p1a: Rotom|23/100
|-resisted|p1a: Rotom
|-damage|p1a: Rotom|14/100
|-resisted|p1a: Rotom
|-damage|p1a: Rotom|5/100
|-hitcount|p1a: Rotom|5
|
|-weather|Sandstorm|[upkeep]
|-damage|p1a: Rotom|0 fnt|[from] Sandstorm
|-damage|p2a: Cloyster|19/100|[from] Sandstorm
|faint|p1a: Rotom
|upkeep
|
|t:|1662568367
|switch|p1a: Noivern|Noivern, M|86/100
|turn|18
|
|t:|1662568371
|switch|p2a: Slowking|Slowking, F|100/100
|move|p1a: Noivern|Flamethrower|p2a: Slowking
|-resisted|p2a: Slowking
|-damage|p2a: Slowking|90/100
|
|-weather|Sandstorm|[upkeep]
|-damage|p1a: Noivern|80/100|[from] Sandstorm
|-damage|p2a: Slowking|84/100|[from] Sandstorm
|upkeep
|turn|19
|
|t:|1662568376
|move|p1a: Noivern|U-turn|p2a: Slowking
|-supereffective|p2a: Slowking
|-damage|p2a: Slowking|69/100
|
|t:|1662568379
|switch|p1a: Zarude|Zarude|84/100|[from]move: U-turn
|move|p2a: Slowking|Teleport|p2a: Slowking
|
|t:|1662568386
|switch|p2a: Salamence|Salamence, F|91/100|[from]move: Teleport
|-ability|p2a: Salamence|Intimidate|boost
|-unboost|p1a: Zarude|atk|1
|
|-weather|Sandstorm|[upkeep]
|-damage|p1a: Zarude|78/100|[from] Sandstorm
|-damage|p2a: Salamence|85/100|[from] Sandstorm
|upkeep
|turn|20
|
|t:|1662568389
|switch|p1a: Noivern|Noivern, M|80/100
|move|p2a: Salamence|Toxic|p1a: Noivern
|-status|p1a: Noivern|tox
|
|-weather|none
|-damage|p1a: Noivern|74/100 tox|[from] psn
|upkeep
|turn|21
|
|t:|1662568398
|switch|p2a: Slowking|Slowking, F|100/100
|move|p1a: Noivern|U-turn|p2a: Slowking
|-supereffective|p2a: Slowking
|-damage|p2a: Slowking|85/100
|
|t:|1662568401
|switch|p1a: Hippowdon|Hippowdon, M|100/100|[from]move: U-turn
|-weather|Sandstorm|[from] ability: Sand Stream|[of] p1a: Hippowdon
|
|-weather|Sandstorm|[upkeep]
|-damage|p2a: Slowking|79/100|[from] Sandstorm
|upkeep
|turn|22
|
|t:|1662568408
|move|p1a: Hippowdon|Stealth Rock|p2a: Slowking
|-sidestart|p2: Zephyyyr|move: Stealth Rock
|move|p2a: Slowking|Scald|p1a: Hippowdon
|-supereffective|p1a: Hippowdon
|-damage|p1a: Hippowdon|57/100
|
|-weather|Sandstorm|[upkeep]
|-damage|p2a: Slowking|73/100|[from] Sandstorm
|-heal|p1a: Hippowdon|63/100|[from] item: Leftovers
|upkeep
|turn|23
|
|t:|1662568415
|switch|p2a: Cobalion|Cobalion, shiny|93/100
|-damage|p2a: Cobalion|90/100|[from] Stealth Rock
|move|p1a: Hippowdon|Toxic|p2a: Cobalion|[miss]
|-miss|p1a: Hippowdon|p2a: Cobalion
|
|-weather|Sandstorm|[upkeep]
|-heal|p1a: Hippowdon|70/100|[from] item: Leftovers
|upkeep
|turn|24
|
|t:|1662568420
|switch|p2a: Zarude|Zarude|72/100
|-damage|p2a: Zarude|60/100|[from] Stealth Rock
|move|p1a: Hippowdon|Earthquake|p2a: Zarude
|-resisted|p2a: Zarude
|-damage|p2a: Zarude|41/100
|
|-weather|Sandstorm|[upkeep]
|-damage|p2a: Zarude|35/100|[from] Sandstorm
|-heal|p1a: Hippowdon|76/100|[from] item: Leftovers
|upkeep
|turn|25
|
|t:|1662568425
|switch|p2a: Salamence|Salamence, F|85/100
|-ability|p2a: Salamence|Intimidate|boost
|-unboost|p1a: Hippowdon|atk|1
|move|p1a: Hippowdon|Toxic|p2a: Salamence
|-status|p2a: Salamence|tox
|
|-weather|none
|-heal|p1a: Hippowdon|82/100|[from] item: Leftovers
|-damage|p2a: Salamence|79/100 tox|[from] psn
|upkeep
|turn|26
|
|t:|1662568432
|move|p2a: Salamence|Toxic|p1a: Hippowdon|[miss]
|-miss|p2a: Salamence|p1a: Hippowdon
|move|p1a: Hippowdon|Stealth Rock||[still]
|-fail|p1a: Hippowdon
|
|-heal|p1a: Hippowdon|88/100|[from] item: Leftovers
|-damage|p2a: Salamence|67/100 tox|[from] psn
|upkeep
|turn|27
|
|t:|1662568442
|switch|p1a: Noivern|Noivern, M|74/100 tox
|move|p2a: Salamence|Defog|p1a: Noivern
|-unboost|p1a: Noivern|evasion|1
|-sideend|p2: Zephyyyr|Stealth Rock|[from] move: Defog|[of] p2a: Salamence
|
|-damage|p1a: Noivern|68/100 tox|[from] psn
|-damage|p2a: Salamence|48/100 tox|[from] psn
|upkeep
|turn|28
|
|t:|1662568462
|switch|p2a: Zarude|Zarude|35/100
|move|p1a: Noivern|U-turn|p2a: Zarude
|-supereffective|p2a: Zarude
|-damage|p2a: Zarude|0 fnt
|faint|p2a: Zarude
|
|t:|1662568467
|switch|p1a: Zarude|Zarude|78/100|[from]move: U-turn
|
|upkeep
|
|t:|1662568475
|switch|p2a: Cobalion|Cobalion, shiny|90/100
|turn|29
|c|☆Mister Magnus|go shawty
|c|☆Mister Magnus|its your birthday
|
|t:|1662568487
|switch|p1a: Hippowdon|Hippowdon, M|88/100
|-weather|Sandstorm|[from] ability: Sand Stream|[of] p1a: Hippowdon
|move|p2a: Cobalion|Close Combat|p1a: Hippowdon
|-damage|p1a: Hippowdon|53/100
|-unboost|p2a: Cobalion|def|1
|-unboost|p2a: Cobalion|spd|1
|
|-weather|Sandstorm|[upkeep]
|-heal|p1a: Hippowdon|59/100|[from] item: Leftovers
|upkeep
|turn|30
|
|t:|1662568502
|switch|p2a: Cloyster|Cloyster, F|19/100
|move|p1a: Hippowdon|Stealth Rock|p2a: Cloyster
|-sidestart|p2: Zephyyyr|move: Stealth Rock
|
|-weather|Sandstorm|[upkeep]
|-damage|p2a: Cloyster|13/100|[from] Sandstorm
|-heal|p1a: Hippowdon|65/100|[from] item: Leftovers
|upkeep
|turn|31
|
|t:|1662568519
|switch|p1a: Skarmory|Skarmory, F|91/100
|move|p2a: Cloyster|Icicle Spear|p1a: Skarmory
|-damage|p1a: Skarmory|80/100
|-damage|p1a: Skarmory|69/100
|-damage|p1a: Skarmory|57/100
|-damage|p1a: Skarmory|46/100
|-damage|p1a: Skarmory|35/100
|-hitcount|p1a: Skarmory|5
|
|-weather|Sandstorm|[upkeep]
|-damage|p2a: Cloyster|6/100|[from] Sandstorm
|upkeep
|turn|32
|
|t:|1662568531
|move|p2a: Cloyster|Icicle Spear|p1a: Skarmory
|-damage|p1a: Skarmory|23/100
|-damage|p1a: Skarmory|11/100
|-damage|p1a: Skarmory|1/100
|-crit|p1a: Skarmory
|-damage|p1a: Skarmory|0 fnt
|faint|p1a: Skarmory
|-hitcount|p1: Skarmory|4
|
|-weather|Sandstorm|[upkeep]
|-damage|p2a: Cloyster|0 fnt|[from] Sandstorm
|faint|p2a: Cloyster
|upkeep
|
|t:|1662568537
|switch|p2a: Slowking|Slowking, F|100/100
|switch|p1a: Zarude|Zarude|78/100
|-damage|p2a: Slowking|88/100|[from] Stealth Rock
|turn|33
|
|t:|1662568547
|switch|p2a: Cobalion|Cobalion, shiny|90/100
|-damage|p2a: Cobalion|87/100|[from] Stealth Rock
|move|p1a: Zarude|U-turn|p2a: Cobalion
|-resisted|p2a: Cobalion
|-damage|p2a: Cobalion|79/100
|-damage|p1a: Zarude|61/100|[from] item: Rocky Helmet|[of] p2a: Cobalion
|
|t:|1662568550
|switch|p1a: Hippowdon|Hippowdon, M|65/100|[from]move: U-turn
|
|-weather|none
|-heal|p1a: Hippowdon|72/100|[from] item: Leftovers
|upkeep
|turn|34
|
|t:|1662568561
|switch|p2a: Salamence|Salamence, F|48/100 tox
|-ability|p2a: Salamence|Intimidate|boost
|-unboost|p1a: Hippowdon|atk|1
|move|p1a: Hippowdon|Slack Off|p1a: Hippowdon
|-heal|p1a: Hippowdon|100/100
|
|-damage|p2a: Salamence|42/100 tox|[from] psn
|upkeep
|turn|35
|
|t:|1662568565
|switch|p1a: Noivern|Noivern, M|68/100 tox
|move|p2a: Salamence|Roost|p2a: Salamence
|-heal|p2a: Salamence|92/100 tox
|-singleturn|p2a: Salamence|move: Roost
|
|-damage|p1a: Noivern|62/100 tox|[from] psn
|-damage|p2a: Salamence|80/100 tox|[from] psn
|upkeep
|turn|36
|
|t:|1662568570
|switch|p2a: Slowking|Slowking, F|100/100
|-damage|p2a: Slowking|88/100|[from] Stealth Rock
|move|p1a: Noivern|Draco Meteor|p2a: Slowking
|-damage|p2a: Slowking|41/100
|-unboost|p1a: Noivern|spa|2
|
|-damage|p1a: Noivern|49/100 tox|[from] psn
|upkeep
|turn|37
|
|t:|1662568580
|move|p1a: Noivern|U-turn|p2a: Slowking
|-supereffective|p2a: Slowking
|-damage|p2a: Slowking|24/100
|
|t:|1662568584
|switch|p1a: Zarude|Zarude|61/100|[from]move: U-turn
|move|p2a: Slowking|Teleport|p2a: Slowking
|
|t:|1662568597
|switch|p2a: Cobalion|Cobalion, shiny|79/100|[from]move: Teleport
|-damage|p2a: Cobalion|76/100|[from] Stealth Rock
|
|upkeep
|turn|38
|
|t:|1662568607
|switch|p1a: Hippowdon|Hippowdon, M|100/100
|-weather|Sandstorm|[from] ability: Sand Stream|[of] p1a: Hippowdon
|move|p2a: Cobalion|Stealth Rock|p1a: Hippowdon
|-sidestart|p1: Mister Magnus|move: Stealth Rock
|
|-weather|Sandstorm|[upkeep]
|upkeep
|turn|39
|j| PLT41 mimilimi ♫☯
|
|t:|1662568616
|switch|p2a: Salamence|Salamence, F|80/100 tox
|-ability|p2a: Salamence|Intimidate|boost
|-unboost|p1a: Hippowdon|atk|1
|switch|p1a: Noivern|Noivern, M|49/100 tox
|
|-weather|Sandstorm|[upkeep]
|-damage|p1a: Noivern|43/100 tox|[from] Sandstorm
|-damage|p2a: Salamence|74/100 tox|[from] Sandstorm
|-damage|p1a: Noivern|37/100 tox|[from] psn
|-damage|p2a: Salamence|68/100 tox|[from] psn
|upkeep
|turn|40
|l| PLT41 mimilimi ♫☯
|
|t:|1662568629
|switch|p2a: Slowking|Slowking, F|58/100
|-damage|p2a: Slowking|45/100|[from] Stealth Rock
|move|p1a: Noivern|Roost|p1a: Noivern
|-heal|p1a: Noivern|87/100 tox
|-singleturn|p1a: Noivern|move: Roost
|
|-weather|Sandstorm|[upkeep]
|-damage|p1a: Noivern|81/100 tox|[from] Sandstorm
|-damage|p2a: Slowking|39/100|[from] Sandstorm
|-damage|p1a: Noivern|69/100 tox|[from] psn
|upkeep
|turn|41
|
|t:|1662568643
|switch|p2a: Zygarde|Zygarde-10%|100/100
|-damage|p2a: Zygarde|94/100|[from] Stealth Rock
|-ability|p2a: Zygarde|Aura Break
|move|p1a: Noivern|Draco Meteor|p2a: Zygarde|[miss]
|-miss|p1a: Noivern|p2a: Zygarde
|
|-weather|Sandstorm|[upkeep]
|-damage|p1a: Noivern|63/100 tox|[from] Sandstorm
|-damage|p1a: Noivern|45/100 tox|[from] psn
|upkeep
|turn|42
|
|t:|1662568655
|switch|p1a: Hippowdon|Hippowdon, M|100/100
|-damage|p1a: Hippowdon|94/100|[from] Stealth Rock
|move|p2a: Zygarde|Extreme Speed|p1a: Hippowdon
|-damage|p1a: Hippowdon|71/100
|
|-weather|none
|-heal|p1a: Hippowdon|78/100|[from] item: Leftovers
|upkeep
|turn|43
|
|t:|1662568673
|switch|p2a: Salamence|Salamence, F|68/100 tox
|-ability|p2a: Salamence|Intimidate|boost
|-unboost|p1a: Hippowdon|atk|1
|move|p1a: Hippowdon|Slack Off|p1a: Hippowdon
|-heal|p1a: Hippowdon|100/100
|
|-damage|p2a: Salamence|62/100 tox|[from] psn
|upkeep
|turn|44
|
|t:|1662568682
|switch|p1a: Noivern|Noivern, M|45/100 tox
|move|p2a: Salamence|Defog|p1a: Noivern
|-unboost|p1a: Noivern|evasion|1
|-sideend|p1: Mister Magnus|Stealth Rock|[from] move: Defog|[of] p2a: Salamence
|-sideend|p2: Zephyyyr|Stealth Rock|[from] move: Defog|[of] p2a: Salamence
|
|-damage|p1a: Noivern|38/100 tox|[from] psn
|-damage|p2a: Salamence|50/100 tox|[from] psn
|upkeep
|turn|45
|
|t:|1662568685
|switch|p2a: Slowking|Slowking, F|73/100
|move|p1a: Noivern|Roost|p1a: Noivern
|-heal|p1a: Noivern|89/100 tox
|-singleturn|p1a: Noivern|move: Roost
|
|-damage|p1a: Noivern|76/100 tox|[from] psn
|upkeep
|turn|46
|
|t:|1662568694
|move|p1a: Noivern|U-turn|p2a: Slowking
|-supereffective|p2a: Slowking
|-damage|p2a: Slowking|55/100
|
|t:|1662568697
|switch|p1a: Hippowdon|Hippowdon, M|100/100|[from]move: U-turn
|-weather|Sandstorm|[from] ability: Sand Stream|[of] p1a: Hippowdon
|move|p2a: Slowking|Teleport|p2a: Slowking
|j| UncleSly
|
|t:|1662568717
|switch|p2a: Salamence|Salamence, F|50/100 tox|[from]move: Teleport
|-ability|p2a: Salamence|Intimidate|boost
|-unboost|p1a: Hippowdon|atk|1
|
|-weather|Sandstorm|[upkeep]
|-damage|p2a: Salamence|44/100 tox|[from] Sandstorm
|-damage|p2a: Salamence|38/100 tox|[from] psn
|upkeep
|turn|47
|l| UncleSly
|
|t:|1662568725
|switch|p1a: Noivern|Noivern, M|76/100 tox
|move|p2a: Salamence|Roost|p2a: Salamence
|-heal|p2a: Salamence|88/100 tox
|-singleturn|p2a: Salamence|move: Roost
|
|-weather|Sandstorm|[upkeep]
|-damage|p1a: Noivern|70/100 tox|[from] Sandstorm
|-damage|p2a: Salamence|81/100 tox|[from] Sandstorm
|-damage|p1a: Noivern|64/100 tox|[from] psn
|-damage|p2a: Salamence|69/100 tox|[from] psn
|upkeep
|turn|48
|
|t:|1662568733
|switch|p2a: Slowking|Slowking, F|89/100
|move|p1a: Noivern|U-turn|p2a: Slowking
|-supereffective|p2a: Slowking
|-damage|p2a: Slowking|73/100
|
|t:|1662568736
|switch|p1a: Hippowdon|Hippowdon, M|100/100|[from]move: U-turn
|
|-weather|Sandstorm|[upkeep]
|-damage|p2a: Slowking|67/100|[from] Sandstorm
|upkeep
|turn|49
|
|t:|1662568746
|switch|p2a: Salamence|Salamence, F|69/100 tox
|-ability|p2a: Salamence|Intimidate|boost
|-unboost|p1a: Hippowdon|atk|1
|move|p1a: Hippowdon|Stealth Rock|p2a: Salamence
|-sidestart|p2: Zephyyyr|move: Stealth Rock
|
|-weather|Sandstorm|[upkeep]
|-damage|p2a: Salamence|63/100 tox|[from] Sandstorm
|-damage|p2a: Salamence|57/100 tox|[from] psn
|upkeep
|turn|50
|
|t:|1662568755
|switch|p1a: Noivern|Noivern, M|64/100 tox
|move|p2a: Salamence|Defog|p1a: Noivern
|-unboost|p1a: Noivern|evasion|1
|-sideend|p2: Zephyyyr|Stealth Rock|[from] move: Defog|[of] p2a: Salamence
|
|-weather|none
|-damage|p1a: Noivern|58/100 tox|[from] psn
|-damage|p2a: Salamence|45/100 tox|[from] psn
|upkeep
|turn|51
|
|t:|1662568777
|switch|p1a: Hippowdon|Hippowdon, M|100/100
|-weather|Sandstorm|[from] ability: Sand Stream|[of] p1a: Hippowdon
|switch|p2a: Slowking|Slowking, F|100/100
|
|-weather|Sandstorm|[upkeep]
|-damage|p2a: Slowking|94/100|[from] Sandstorm
|upkeep
|turn|52
|
|t:|1662568782
|move|p1a: Hippowdon|Stealth Rock|p2a: Slowking
|-sidestart|p2: Zephyyyr|move: Stealth Rock
|move|p2a: Slowking|Scald|p1a: Hippowdon
|-supereffective|p1a: Hippowdon
|-damage|p1a: Hippowdon|63/100
|-status|p1a: Hippowdon|brn
|
|-weather|Sandstorm|[upkeep]
|-damage|p2a: Slowking|88/100|[from] Sandstorm
|-heal|p1a: Hippowdon|70/100 brn|[from] item: Leftovers
|-damage|p1a: Hippowdon|63/100 brn|[from] brn
|upkeep
|turn|53
|
|t:|1662568792
|switch|p2a: Salamence|Salamence, F|45/100 tox
|-ability|p2a: Salamence|Intimidate|boost
|-unboost|p1a: Hippowdon|atk|1
|move|p1a: Hippowdon|Slack Off|p1a: Hippowdon
|-heal|p1a: Hippowdon|100/100 brn
|
|-weather|Sandstorm|[upkeep]
|-damage|p2a: Salamence|39/100 tox|[from] Sandstorm
|-damage|p2a: Salamence|33/100 tox|[from] psn
|-damage|p1a: Hippowdon|94/100 brn|[from] brn
|upkeep
|turn|54
|
|t:|1662568796
|switch|p1a: Zarude|Zarude|61/100
|move|p2a: Salamence|Roost|p2a: Salamence
|-heal|p2a: Salamence|83/100 tox
|-singleturn|p2a: Salamence|move: Roost
|
|-weather|Sandstorm|[upkeep]
|-damage|p1a: Zarude|55/100|[from] Sandstorm
|-damage|p2a: Salamence|77/100 tox|[from] Sandstorm
|-damage|p2a: Salamence|64/100 tox|[from] psn
|upkeep
|turn|55
|
|t:|1662568841
|switch|p1a: Hippowdon|Hippowdon, M|94/100 brn
|switch|p2a: Cobalion|Cobalion, shiny|76/100
|-damage|p2a: Cobalion|73/100|[from] Stealth Rock
|
|-weather|none
|-heal|p1a: Hippowdon|100/100 brn|[from] item: Leftovers
|-damage|p1a: Hippowdon|94/100 brn|[from] brn
|upkeep
|turn|56
|
|t:|1662568882
|switch|p2a: Salamence|Salamence, F|64/100 tox
|-ability|p2a: Salamence|Intimidate|boost
|-unboost|p1a: Hippowdon|atk|1
|move|p1a: Hippowdon|Earthquake|p2a: Salamence
|-immune|p2a: Salamence
|
|-heal|p1a: Hippowdon|100/100 brn|[from] item: Leftovers
|-damage|p2a: Salamence|58/100 tox|[from] psn
|-damage|p1a: Hippowdon|94/100 brn|[from] brn
|upkeep
|turn|57
|
|t:|1662568891
|switch|p2a: Zygarde|Zygarde-10%|94/100
|-damage|p2a: Zygarde|88/100|[from] Stealth Rock
|-ability|p2a: Zygarde|Aura Break
|move|p1a: Hippowdon|Toxic|p2a: Zygarde
|-status|p2a: Zygarde|tox
|
|-heal|p1a: Hippowdon|100/100 brn|[from] item: Leftovers
|-damage|p2a: Zygarde|82/100 tox|[from] psn
|-damage|p1a: Hippowdon|94/100 brn|[from] brn
|upkeep
|turn|58
|
|t:|1662568903
|switch|p2a: Salamence|Salamence, F|58/100 tox
|-ability|p2a: Salamence|Intimidate|boost
|-unboost|p1a: Hippowdon|atk|1
|switch|p1a: Zarude|Zarude|55/100
|
|-damage|p2a: Salamence|52/100 tox|[from] psn
|upkeep
|turn|59
|
|t:|1662568920
|switch|p2a: Cobalion|Cobalion, shiny|73/100
|-damage|p2a: Cobalion|70/100|[from] Stealth Rock
|move|p1a: Zarude|U-turn|p2a: Cobalion
|-resisted|p2a: Cobalion
|-damage|p2a: Cobalion|63/100
|-damage|p1a: Zarude|39/100|[from] item: Rocky Helmet|[of] p2a: Cobalion
|
|t:|1662568928
|switch|p1a: Hippowdon|Hippowdon, M|94/100 brn|[from]move: U-turn
|-weather|Sandstorm|[from] ability: Sand Stream|[of] p1a: Hippowdon
|
|-weather|Sandstorm|[upkeep]
|-heal|p1a: Hippowdon|100/100 brn|[from] item: Leftovers
|-damage|p1a: Hippowdon|94/100 brn|[from] brn
|upkeep
|turn|60
|
|t:|1662568958
|move|p2a: Cobalion|Iron Head|p1a: Hippowdon
|-damage|p1a: Hippowdon|70/100 brn
|move|p1a: Hippowdon|Earthquake|p2a: Cobalion
|-supereffective|p2a: Cobalion
|-damage|p2a: Cobalion|32/100
|
|-weather|Sandstorm|[upkeep]
|-heal|p1a: Hippowdon|77/100 brn|[from] item: Leftovers
|-damage|p1a: Hippowdon|70/100 brn|[from] brn
|upkeep
|turn|61
|
|t:|1662568966
|switch|p2a: Slowking|Slowking, F|100/100
|-damage|p2a: Slowking|88/100|[from] Stealth Rock
|move|p1a: Hippowdon|Earthquake|p2a: Slowking
|-damage|p2a: Slowking|74/100
|
|-weather|Sandstorm|[upkeep]
|-damage|p2a: Slowking|67/100|[from] Sandstorm
|-heal|p1a: Hippowdon|77/100 brn|[from] item: Leftovers
|-damage|p1a: Hippowdon|70/100 brn|[from] brn
|upkeep
|turn|62
|
|t:|1662568979
|move|p1a: Hippowdon|Toxic|p2a: Slowking
|-status|p2a: Slowking|tox
|move|p2a: Slowking|Scald|p1a: Hippowdon
|-supereffective|p1a: Hippowdon
|-damage|p1a: Hippowdon|27/100 brn
|
|-weather|Sandstorm|[upkeep]
|-damage|p2a: Slowking|61/100 tox|[from] Sandstorm
|-heal|p1a: Hippowdon|33/100 brn|[from] item: Leftovers
|-damage|p2a: Slowking|55/100 tox|[from] psn
|-damage|p1a: Hippowdon|27/100 brn|[from] brn
|upkeep
|turn|63
|
|t:|1662568984
|move|p1a: Hippowdon|Slack Off|p1a: Hippowdon
|-heal|p1a: Hippowdon|77/100 brn
|move|p2a: Slowking|Scald|p1a: Hippowdon
|-supereffective|p1a: Hippowdon
|-crit|p1a: Hippowdon
|-damage|p1a: Hippowdon|17/100 brn
|
|-weather|none
|-heal|p1a: Hippowdon|23/100 brn|[from] item: Leftovers
|-damage|p2a: Slowking|43/100 tox|[from] psn
|-damage|p1a: Hippowdon|17/100 brn|[from] brn
|upkeep
|turn|64
|
|t:|1662568990
|move|p1a: Hippowdon|Slack Off|p1a: Hippowdon
|-heal|p1a: Hippowdon|67/100 brn
|move|p2a: Slowking|Scald|p1a: Hippowdon
|-supereffective|p1a: Hippowdon
|-damage|p1a: Hippowdon|28/100 brn
|
|-heal|p1a: Hippowdon|34/100 brn|[from] item: Leftovers
|-damage|p2a: Slowking|25/100 tox|[from] psn
|-damage|p1a: Hippowdon|28/100 brn|[from] brn
|upkeep
|turn|65
|
|t:|1662568995
|move|p1a: Hippowdon|Slack Off|p1a: Hippowdon
|-heal|p1a: Hippowdon|78/100 brn
|move|p2a: Slowking|Scald|p1a: Hippowdon
|-supereffective|p1a: Hippowdon
|-damage|p1a: Hippowdon|40/100 brn
|
|-heal|p1a: Hippowdon|46/100 brn|[from] item: Leftovers
|-damage|p2a: Slowking|0 fnt|[from] psn
|faint|p2a: Slowking
|-damage|p1a: Hippowdon|40/100 brn|[from] brn
|upkeep
|
|t:|1662568998
|switch|p2a: Zygarde|Zygarde-10%|82/100 tox
|-damage|p2a: Zygarde|76/100 tox|[from] Stealth Rock
|-ability|p2a: Zygarde|Aura Break
|turn|66
|
|t:|1662569010
|switch|p1a: Zarude|Zarude|39/100
|move|p2a: Zygarde|Outrage|p1a: Zarude
|-damage|p1a: Zarude|0 fnt
|faint|p1a: Zarude
|
|-damage|p2a: Zygarde|70/100 tox|[from] psn
|upkeep
|
|t:|1662569017
|switch|p1a: Noivern|Noivern, M|58/100 tox
|turn|67
|
|t:|1662569021
|move|p1a: Noivern|Draco Meteor|p2a: Zygarde|[miss]
|-miss|p1a: Noivern|p2a: Zygarde
|move|p2a: Zygarde|Outrage|p1a: Noivern|[from]lockedmove
|-supereffective|p1a: Noivern
|-damage|p1a: Noivern|0 fnt
|faint|p1a: Noivern
|-start|p2a: Zygarde|confusion|[fatigue]
|
|-damage|p2a: Zygarde|58/100 tox|[from] psn
|upkeep
|c|☆Mister Magnus|really
|
|t:|1662569031
|switch|p1a: Hippowdon|Hippowdon, M|40/100 brn
|-weather|Sandstorm|[from] ability: Sand Stream|[of] p1a: Hippowdon
|turn|68
|
|t:|1662569035
|-activate|p2a: Zygarde|confusion
|-damage|p2a: Zygarde|37/100 tox|[from] confusion
|move|p1a: Hippowdon|Slack Off|p1a: Hippowdon
|-heal|p1a: Hippowdon|90/100 brn
|
|-weather|Sandstorm|[upkeep]
|-heal|p1a: Hippowdon|96/100 brn|[from] item: Leftovers
|-damage|p2a: Zygarde|19/100 tox|[from] psn
|-damage|p1a: Hippowdon|90/100 brn|[from] brn
|upkeep
|turn|69
|-message|Zephyyyr forfeited.
|
|win|Mister Magnus
|raw|Mister Magnus's rating: 1358 &rarr; <strong>1383</strong><br />(+25 for winning)
|raw|Zephyyyr's rating: 1455 &rarr; <strong>1430</strong><br />(-25 for losing)
|l|☆Zephyyyr
||Ladder isn't responding, score probably updated but might not have (Request timeout).
