|j|☆ok now i see ya
|j|☆yellowhead
|t:|1602134175
|player|p1|ok now i see ya|brendan-gen3rs|1664
|player|p2|yellowhead|marlon|1369
|teamsize|p1|6
|teamsize|p2|6
|gametype|singles
|gen|8
|tier|[Gen 8] UU
|rated|
|clearpoke
|poke|p1|Mamoswine, M|
|poke|p1|Slowbro, M|
|poke|p1|Cobalion|
|poke|p1|Chandelure, F|
|poke|p1|Weezing-Galar, M|
|poke|p1|Zarude|
|poke|p2|Slowking, F|
|poke|p2|Sylveon, F|
|poke|p2|Rotom-Mow|
|poke|p2|Mamoswine, F|
|poke|p2|Indeedee, M|
|poke|p2|Cobalion|
|rule|Sleep Clause Mod: Limit one foe put to sleep
|rule|Species Clause: Limit one of each Pokémon
|rule|OHKO Clause: OHKO moves are banned
|rule|Evasion Moves Clause: Evasion moves are banned
|rule|Endless Battle Clause: Forcing endless battles is banned
|rule|HP Percentage Mod: HP is shown in percentages
|rule|Dynamax Clause: You cannot dynamax
|teampreview
|inactive|Battle timer is ON: inactive players will automatically lose when time's up. (requested by ok now i see ya)
|j| cnino
|j| Totem skarm
|inactive|ok now i see ya has 120 seconds left.
|
|t:|1602134210
|start
|switch|p1a: Mojo Jojo|Zarude|100/100
|switch|p2a: Rotom|Rotom-Mow|100/100
|turn|1
|
|t:|1602134219
|move|p2a: Rotom|Volt Switch|p1a: Mojo Jojo
|-resisted|p1a: Mojo Jojo
|-damage|p1a: Mojo Jojo|84/100
|
|t:|1602134225
|switch|p2a: Cobalion|Cobalion|100/100|[from]move: Volt Switch
|move|p1a: Mojo Jojo|U-turn|p2a: Cobalion
|-resisted|p2a: Cobalion
|-damage|p2a: Cobalion|96/100
|
|t:|1602134228
|switch|p1a: Swing from the|Chandelure, F|100/100|[from]move: U-turn
|
|-heal|p2a: Cobalion|100/100|[from] item: Leftovers
|upkeep
|turn|2
|
|t:|1602134236
|switch|p2a: Sylveon|Sylveon, F|100/100
|move|p1a: Swing from the|Shadow Ball|p2a: Sylveon
|-damage|p2a: Sylveon|71/100
|
|-heal|p2a: Sylveon|77/100|[from] item: Leftovers
|upkeep
|turn|3
|
|t:|1602134251
|switch|p1a: Dope|Slowbro, M|100/100
|move|p2a: Sylveon|Hyper Voice|p1a: Dope
|-crit|p1a: Dope
|-damage|p1a: Dope|39/100
|
|-heal|p2a: Sylveon|83/100|[from] item: Leftovers
|upkeep
|turn|4
|c|☆ok now i see ya|lol
|
|t:|1602134262
|switch|p1a: Bong|Weezing-Galar, M|100/100
|move|p2a: Sylveon|Hyper Voice|p1a: Bong
|-resisted|p1a: Bong
|-damage|p1a: Bong|74/100
|
|-heal|p1a: Bong|80/100|[from] item: Black Sludge
|-heal|p2a: Sylveon|89/100|[from] item: Leftovers
|upkeep
|turn|5
|
|t:|1602134275
|switch|p2a: Cobalion|Cobalion|100/100
|move|p1a: Bong|Corrosive Gas|p2a: Cobalion
|-enditem|p2a: Cobalion|Leftovers|[from] move: Corrosive Gas|[of] p1a: Bong
|
|-heal|p1a: Bong|86/100|[from] item: Black Sludge
|upkeep
|turn|6
|
|t:|1602134283
|move|p2a: Cobalion|Stealth Rock|p1a: Bong
|-sidestart|p1: ok now i see ya|move: Stealth Rock
|move|p1a: Bong|Strange Steam|p2a: Cobalion
|-damage|p2a: Cobalion|61/100
|
|-heal|p1a: Bong|92/100|[from] item: Black Sludge
|upkeep
|turn|7
|
|t:|1602134290
|switch|p1a: Dope|Slowbro, M|72/100
|move|p2a: Cobalion|Iron Head|p1a: Dope
|-resisted|p1a: Dope
|-damage|p1a: Dope|62/100
|
|upkeep
|turn|8
|
|t:|1602134298
|switch|p2a: Rotom|Rotom-Mow|100/100
|move|p1a: Dope|Teleport|p1a: Dope
|
|t:|1602134301
|switch|p1a: Mojo Jojo|Zarude|84/100|[from]move: Teleport
|
|upkeep
|turn|9
|
|t:|1602134306
|move|p2a: Rotom|Volt Switch|p1a: Mojo Jojo
|-resisted|p1a: Mojo Jojo
|-damage|p1a: Mojo Jojo|69/100
|
|t:|1602134310
|switch|p2a: Cobalion|Cobalion|61/100|[from]move: Volt Switch
|move|p1a: Mojo Jojo|U-turn|p2a: Cobalion
|-resisted|p2a: Cobalion
|-damage|p2a: Cobalion|57/100
|
|t:|1602134315
|switch|p1a: Dope|Slowbro, M|95/100|[from]move: U-turn
|
|upkeep
|turn|10
|c|☆yellowhead|oh
|inactive|yellowhead has 120 seconds left.
|c|☆yellowhead|my leftover is gone gone
|
|t:|1602134355
|switch|p2a: Rotom|Rotom-Mow|100/100
|move|p1a: Dope|Teleport|p1a: Dope
|
|t:|1602134357
|switch|p1a: Mojo Jojo|Zarude|69/100|[from]move: Teleport
|
|upkeep
|turn|11
|inactive|yellowhead has 120 seconds left.
|
|t:|1602134366
|move|p2a: Rotom|Volt Switch|p1a: Mojo Jojo
|-resisted|p1a: Mojo Jojo
|-damage|p1a: Mojo Jojo|53/100
|c| Totem skarm|remember when coba ran chople lol
|inactive|yellowhead has 120 seconds left.
|c|☆ok now i see ya|true
|
|t:|1602134377
|switch|p2a: Sylveon|Sylveon, F|89/100|[from]move: Volt Switch
|move|p1a: Mojo Jojo|Synthesis|p1a: Mojo Jojo
|-heal|p1a: Mojo Jojo|100/100
|
|-heal|p2a: Sylveon|95/100|[from] item: Leftovers
|upkeep
|turn|12
|inactive|yellowhead has 120 seconds left.
|
|t:|1602134396
|switch|p2a: Indeedee|Indeedee, M|100/100
|-fieldstart|move: Psychic Terrain|[from] ability: Psychic Surge|[of] p2a: Indeedee
|move|p1a: Mojo Jojo|U-turn|p2a: Indeedee
|-supereffective|p2a: Indeedee
|-damage|p2a: Indeedee|8/100
|
|t:|1602134407
|switch|p1a: Dope|Slowbro, M|100/100|[from]move: U-turn
|
|upkeep
|turn|13
|inactive|yellowhead has 120 seconds left.
|
|t:|1602134413
|move|p2a: Indeedee|Trick|p1a: Dope
|-activate|p2a: Indeedee|move: Trick|[of] p1a: Dope
|-item|p1a: Dope|Choice Specs|[from] move: Trick
|-item|p2a: Indeedee|Heavy-Duty Boots|[from] move: Trick
|move|p1a: Dope|Teleport|p1a: Dope
|c| Totem skarm|wow
|
|t:|1602134425
|switch|p1a: Mojo Jojo|Zarude|100/100|[from]move: Teleport
|
|upkeep
|turn|14
|c| Totem skarm|that could actually help
|
|t:|1602134433
|switch|p2a: Cobalion|Cobalion|57/100
|move|p1a: Mojo Jojo|U-turn|p2a: Cobalion
|-resisted|p2a: Cobalion
|-damage|p2a: Cobalion|52/100
|
|t:|1602134436
|switch|p1a: Dope|Slowbro, M|100/100|[from]move: U-turn
|-damage|p1a: Dope|88/100|[from] Stealth Rock
|
|upkeep
|turn|15
|
|t:|1602134443
|switch|p2a: Slowking|Slowking, F|100/100
|move|p1a: Dope|Teleport|p1a: Dope
|
|t:|1602134453
|switch|p1a: Mojo Jojo|Zarude|100/100|[from]move: Teleport
|
|upkeep
|turn|16
|
|t:|1602134460
|move|p1a: Mojo Jojo|Power Whip|p2a: Slowking
|-supereffective|p2a: Slowking
|-damage|p2a: Slowking|18/100
|move|p2a: Slowking|Teleport|p2a: Slowking
|
|t:|1602134478
|switch|p2a: Cobalion|Cobalion|52/100|[from]move: Teleport
|
|-fieldend|move: Psychic Terrain
|upkeep
|turn|17
|c|☆ok now i see ya|!calc
|c| ok now i see ya|/raw <div class="infobox">Pok&eacute;mon Showdown! damage calculator. (Courtesy of Honko &amp; Austin)<br />- <a href="https://calc.pokemonshowdown.com/index.html">Damage Calculator</a></div>
|
|t:|1602134502
|switch|p2a: Mamoswine|Mamoswine, F|100/100
|switch|p1a: Dope|Slowbro, M|100/100
|-damage|p1a: Dope|88/100|[from] Stealth Rock
|
|upkeep
|turn|18
|
|t:|1602134515
|move|p2a: Mamoswine|Knock Off|p1a: Dope
|-supereffective|p1a: Dope
|-damage|p1a: Dope|29/100
|-enditem|p1a: Dope|Choice Specs|[from] move: Knock Off|[of] p2a: Mamoswine
|-damage|p2a: Mamoswine|91/100|[from] item: Life Orb
|move|p1a: Dope|Teleport|p1a: Dope
|
|t:|1602134522
|switch|p1a: Koba Leon|Cobalion|100/100|[from]move: Teleport
|-damage|p1a: Koba Leon|97/100|[from] Stealth Rock
|
|upkeep
|turn|19
|
|t:|1602134534
|move|p1a: Koba Leon|Volt Switch|p2a: Mamoswine
|-immune|p2a: Mamoswine
|move|p2a: Mamoswine|Earthquake|p1a: Koba Leon
|-supereffective|p1a: Koba Leon
|-damage|p1a: Koba Leon|0 fnt
|-damage|p2a: Mamoswine|81/100|[from] item: Life Orb
|faint|p1a: Koba Leon
|
|upkeep
|c|☆ok now i see ya|LOL
|
|t:|1602134539
|switch|p1a: Mojo Jojo|Zarude|100/100
|turn|20
|
|t:|1602134552
|switch|p2a: Cobalion|Cobalion|52/100
|move|p1a: Mojo Jojo|Power Whip|p2a: Cobalion
|-resisted|p2a: Cobalion
|-damage|p2a: Cobalion|25/100
|
|upkeep
|turn|21
|c| Totem skarm|mf wasnt even trying there lmao
|
|t:|1602134567
|switch|p1a: Dope|Slowbro, M|62/100
|-damage|p1a: Dope|49/100|[from] Stealth Rock
|move|p2a: Cobalion|Close Combat|p1a: Dope
|-resisted|p1a: Dope
|-damage|p1a: Dope|33/100
|-unboost|p2a: Cobalion|def|1
|-unboost|p2a: Cobalion|spd|1
|
|upkeep
|turn|22
|c|☆ok now i see ya|u get too
|c| Totem skarm|alright here it comes
|c| Totem skarm|specs scald
|c|☆ok now i see ya|into the momentum spam train
|
|t:|1602134588
|move|p2a: Cobalion|Stone Edge|p1a: Dope
|-damage|p1a: Dope|17/100
|move|p1a: Dope|Teleport|p1a: Dope
|
|t:|1602134593
|switch|p1a: Mojo Jojo|Zarude|100/100|[from]move: Teleport
|
|upkeep
|turn|23
|
|t:|1602134600
|switch|p2a: Rotom|Rotom-Mow|100/100
|switch|p1a: Bong|Weezing-Galar, M|92/100
|-damage|p1a: Bong|80/100|[from] Stealth Rock
|
|-heal|p1a: Bong|86/100|[from] item: Black Sludge
|upkeep
|turn|24
|
|t:|1602134614
|move|p2a: Rotom|Volt Switch|p1a: Bong
|-crit|p1a: Bong
|-damage|p1a: Bong|22/100
|c|☆ok now i see ya|lol
|c| Totem skarm|dude im playing pokemon ultra moon
|
|t:|1602134622
|switch|p2a: Cobalion|Cobalion|25/100|[from]move: Volt Switch
|move|p1a: Bong|Defog|p2a: Cobalion
|-unboost|p2a: Cobalion|evasion|1
|-sideend|p1: ok now i see ya|Stealth Rock|[from] move: Defog|[of] p1a: Bong
|
|-heal|p1a: Bong|28/100|[from] item: Black Sludge
|upkeep
|turn|25
|c| Totem skarm|and every time i encoutner a wild pokemon
|c| Totem skarm|the most fucking intense theme plays
|
|t:|1602134635
|switch|p1a: Dope|Slowbro, M|50/100
|move|p2a: Cobalion|Iron Head|p1a: Dope
|-resisted|p1a: Dope
|-damage|p1a: Dope|41/100
|
|upkeep
|turn|26
|
|t:|1602134642
|move|p2a: Cobalion|Stealth Rock|p1a: Dope
|-sidestart|p1: ok now i see ya|move: Stealth Rock
|move|p1a: Dope|Scald|p2a: Cobalion
|-damage|p2a: Cobalion|0 fnt
|faint|p2a: Cobalion
|
|upkeep
|c| Totem skarm|like its just a caterpie man
|
|t:|1602134649
|switch|p2a: Rotom|Rotom-Mow|100/100
|turn|27
|
|t:|1602134652
|switch|p1a: Mojo Jojo|Zarude|100/100
|move|p2a: Rotom|Leaf Storm|p1a: Mojo Jojo
|-resisted|p1a: Mojo Jojo
|-damage|p1a: Mojo Jojo|70/100
|-unboost|p2a: Rotom|spa|2
|
|upkeep
|turn|28
|
|t:|1602134670
|move|p2a: Rotom|Leaf Storm|p1a: Mojo Jojo
|-resisted|p1a: Mojo Jojo
|-damage|p1a: Mojo Jojo|56/100
|-unboost|p2a: Rotom|spa|2
|move|p1a: Mojo Jojo|Synthesis|p1a: Mojo Jojo
|-heal|p1a: Mojo Jojo|100/100
|
|upkeep
|turn|29
|
|t:|1602134690
|switch|p2a: Indeedee|Indeedee, M|8/100
|-fieldstart|move: Psychic Terrain|[from] ability: Psychic Surge|[of] p2a: Indeedee
|move|p1a: Mojo Jojo|Power Whip|p2a: Indeedee|[miss]
|-miss|p1a: Mojo Jojo|p2a: Indeedee
|
|upkeep
|turn|30
|
|t:|1602134700
|move|p1a: Mojo Jojo|Throat Chop|p2a: Indeedee
|-supereffective|p2a: Indeedee
|-damage|p2a: Indeedee|0 fnt
|faint|p2a: Indeedee
|
|upkeep
|c|☆ok now i see ya|did not wanna reveal
|c|☆ok now i see ya|t chop
|c| Totem skarm|the chop
|inactive|yellowhead has 120 seconds left.
|c|☆yellowhead|i cant do anything to him
|c|☆ok now i see ya|yea
|c|☆ok now i see ya|xd
|c| Totem skarm|oh would u look at that
|
|t:|1602134739
|switch|p2a: Sylveon|Sylveon, F|95/100
|turn|31
|c| Totem skarm|another wild caterpie
|
|t:|1602134745
|move|p2a: Sylveon|Protect|p2a: Sylveon
|-singleturn|p2a: Sylveon|Protect
|move|p1a: Mojo Jojo|Throat Chop|p2a: Sylveon
|-activate|p2a: Sylveon|move: Protect
|
|-heal|p2a: Sylveon|100/100|[from] item: Leftovers
|upkeep
|turn|32
|
|t:|1602134753
|move|p1a: Mojo Jojo|Throat Chop|p2a: Sylveon
|-resisted|p2a: Sylveon
|-damage|p2a: Sylveon|83/100
|-start|p2a: Sylveon|Throat Chop|[silent]
|move|p2a: Sylveon|Wish|p2a: Sylveon
|
|-heal|p2a: Sylveon|89/100|[from] item: Leftovers
|upkeep
|turn|33
|
|t:|1602134765
|switch|p2a: Rotom|Rotom-Mow|100/100
|move|p1a: Mojo Jojo|Power Whip|p2a: Rotom
|-resisted|p2a: Rotom
|-damage|p2a: Rotom|64/100
|
|-heal|p2a: Rotom|100/100|[from] move: Wish|[wisher] Sylveon
|-fieldend|move: Psychic Terrain
|upkeep
|turn|34
|
|t:|1602134785
|switch|p1a: Dope|Slowbro, M|74/100
|-damage|p1a: Dope|61/100|[from] Stealth Rock
|move|p2a: Rotom|Trick|p1a: Dope
|-activate|p2a: Rotom|move: Trick|[of] p1a: Dope
|-item|p1a: Dope|Choice Scarf|[from] move: Trick
|-enditem|p2a: Rotom|Choice Scarf|[silent]|[from] move: Trick
|
|upkeep
|turn|35
|c|☆ok now i see ya|ty
|c| Totem skarm|lmfao
|c| Totem skarm|dude pokemon is so fun
|
|t:|1602134799
|switch|p1a: Mojo Jojo|Zarude|100/100
|move|p2a: Rotom|Trick|p1a: Mojo Jojo
|-activate|p2a: Rotom|move: Trick|[of] p1a: Mojo Jojo
|-enditem|p1a: Mojo Jojo|Heavy-Duty Boots|[silent]|[from] move: Trick
|-item|p2a: Rotom|Heavy-Duty Boots|[from] move: Trick
|
|upkeep
|turn|36
|c|☆ok now i see ya|tell me
|c|☆ok now i see ya|how good i a,
|c|☆ok now i see ya|xD
|c| Totem skarm|dude i just realized
|c| Totem skarm|woah what the fuck
|
|t:|1602134821
|switch|p2a: Sylveon|Sylveon, F|89/100
|move|p1a: Mojo Jojo|U-turn|p2a: Sylveon
|-resisted|p2a: Sylveon
|-crit|p2a: Sylveon
|-damage|p2a: Sylveon|76/100
|c| Totem skarm|we didnt play one alolawak today
|
|t:|1602134824
|switch|p1a: Bong|Weezing-Galar, M|28/100|[from]move: U-turn
|-damage|p1a: Bong|16/100|[from] Stealth Rock
|
|-heal|p1a: Bong|22/100|[from] item: Black Sludge
|-heal|p2a: Sylveon|82/100|[from] item: Leftovers
|upkeep
|turn|37
|
|t:|1602134832
|move|p1a: Bong|Defog|p2a: Sylveon
|-unboost|p2a: Sylveon|evasion|1
|-sideend|p1: ok now i see ya|Stealth Rock|[from] move: Defog|[of] p1a: Bong
|move|p2a: Sylveon|Hyper Voice|p1a: Bong
|-resisted|p1a: Bong
|-damage|p1a: Bong|0 fnt
|faint|p1a: Bong
|
|-heal|p2a: Sylveon|88/100|[from] item: Leftovers
|upkeep
|c|☆ok now i see ya|true
|
|t:|1602134848
|switch|p1a: Dope|Slowbro, M|95/100
|turn|38
|inactive|yellowhead has 120 seconds left.
|
|t:|1602134872
|move|p2a: Sylveon|Wish|p2a: Sylveon
|move|p1a: Dope|Teleport|p1a: Dope
|
|t:|1602134876
|switch|p1a: Mojo Jojo|Zarude|100/100|[from]move: Teleport
|
|-heal|p2a: Sylveon|94/100|[from] item: Leftovers
|upkeep
|turn|39
|
|t:|1602134882
|switch|p2a: Rotom|Rotom-Mow|100/100
|move|p1a: Mojo Jojo|Throat Chop|p2a: Rotom
|-damage|p2a: Rotom|47/100
|-start|p2a: Rotom|Throat Chop|[silent]
|
|-heal|p2a: Rotom|100/100|[from] move: Wish|[wisher] Sylveon
|upkeep
|turn|40
|inactive|yellowhead has 120 seconds left.
|
|t:|1602134893
|switch|p2a: Sylveon|Sylveon, F|94/100
|move|p1a: Mojo Jojo|Throat Chop|p2a: Sylveon
|-resisted|p2a: Sylveon
|-damage|p2a: Sylveon|78/100
|-start|p2a: Sylveon|Throat Chop|[silent]
|
|-heal|p2a: Sylveon|85/100|[from] item: Leftovers
|upkeep
|turn|41
|inactive|yellowhead has 120 seconds left.
|
|t:|1602134901
|move|p2a: Sylveon|Protect|p2a: Sylveon
|-singleturn|p2a: Sylveon|Protect
|move|p1a: Mojo Jojo|Power Whip|p2a: Sylveon
|-activate|p2a: Sylveon|move: Protect
|
|-heal|p2a: Sylveon|91/100|[from] item: Leftovers
|-end|p2a: Sylveon|Throat Chop|[silent]
|upkeep
|turn|42
|
|t:|1602134908
|move|p1a: Mojo Jojo|Throat Chop|p2a: Sylveon
|-resisted|p2a: Sylveon
|-damage|p2a: Sylveon|75/100
|-start|p2a: Sylveon|Throat Chop|[silent]
|move|p2a: Sylveon|Wish|p2a: Sylveon
|
|-heal|p2a: Sylveon|81/100|[from] item: Leftovers
|upkeep
|turn|43
|c| Totem skarm|i know what yellowhead is trying to do
|c| Totem skarm|or i think i do
|c|☆ok now i see ya|pp stall
|c|☆yellowhead|i have no choice
|inactive|yellowhead has 120 seconds left.
|
|t:|1602134928
|move|p1a: Mojo Jojo|U-turn|p2a: Sylveon
|-resisted|p2a: Sylveon
|-damage|p2a: Sylveon|72/100
|
|t:|1602134931
|switch|p1a: Icy Boi|Mamoswine, M|100/100|[from]move: U-turn
|move|p2a: Sylveon|Wish||[still]
|-fail|p2a: Sylveon
|
|-heal|p2a: Sylveon|100/100|[from] move: Wish|[wisher] Sylveon
|-end|p2a: Sylveon|Throat Chop|[silent]
|upkeep
|turn|44
|inactive|yellowhead has 120 seconds left.
|
|t:|1602134942
|move|p1a: Icy Boi|Earthquake|p2a: Sylveon
|-damage|p2a: Sylveon|35/100
|-damage|p1a: Icy Boi|91/100|[from] item: Life Orb
|move|p2a: Sylveon|Wish|p2a: Sylveon
|
|-heal|p2a: Sylveon|41/100|[from] item: Leftovers
|upkeep
|turn|45
|
|t:|1602134950
|switch|p2a: Slowking|Slowking, F|51/100
|move|p1a: Icy Boi|Icicle Crash|p2a: Slowking
|-resisted|p2a: Slowking
|-damage|p2a: Slowking|30/100
|-damage|p1a: Icy Boi|81/100|[from] item: Life Orb
|
|-heal|p2a: Slowking|80/100|[from] move: Wish|[wisher] Sylveon
|upkeep
|turn|46
|inactive|yellowhead has 120 seconds left.
|
|t:|1602134971
|switch|p1a: Dope|Slowbro, M|100/100
|move|p2a: Slowking|Teleport|p2a: Slowking
|
|t:|1602134975
|switch|p2a: Rotom|Rotom-Mow|100/100|[from]move: Teleport
|
|upkeep
|turn|47
|
|t:|1602134980
|switch|p1a: Mojo Jojo|Zarude|100/100
|move|p2a: Rotom|Volt Switch|p1a: Mojo Jojo
|-resisted|p1a: Mojo Jojo
|-crit|p1a: Mojo Jojo
|-damage|p1a: Mojo Jojo|76/100
|
|t:|1602134987
|switch|p2a: Mamoswine|Mamoswine, F|81/100|[from]move: Volt Switch
|
|upkeep
|turn|48
|c|☆ok now i see ya|no way
|c|☆ok now i see ya|i sie
|c|☆ok now i see ya|die
|
|t:|1602134998
|move|p2a: Mamoswine|Ice Shard|p1a: Mojo Jojo
|-supereffective|p1a: Mojo Jojo
|-damage|p1a: Mojo Jojo|24/100
|-damage|p2a: Mamoswine|71/100|[from] item: Life Orb
|move|p1a: Mojo Jojo|Power Whip|p2a: Mamoswine|[miss]
|-miss|p1a: Mojo Jojo|p2a: Mamoswine
|
|upkeep
|turn|49
|c|☆ok now i see ya|hahah
|c|☆yellowhead|yrd
|
|t:|1602135019
|switch|p1a: Dope|Slowbro, M|100/100
|move|p2a: Mamoswine|Earthquake|p1a: Dope
|-damage|p1a: Dope|52/100
|-damage|p2a: Mamoswine|61/100|[from] item: Life Orb
|
|upkeep
|turn|50
|j| spy to 300
|
|t:|1602135037
|switch|p1a: Icy Boi|Mamoswine, M|81/100
|move|p2a: Mamoswine|Icicle Crash|p1a: Icy Boi
|-damage|p1a: Icy Boi|42/100
|-damage|p2a: Mamoswine|51/100|[from] item: Life Orb
|
|upkeep
|turn|51
|c|☆ok now i see ya|thick fat
|c|☆ok now i see ya|LOLOL
|c| Totem skarm|FHEDWNSMKQ
|c| Totem skarm|dude
|c| Totem skarm|U WERE JUST SAYING
|c| Totem skarm|oblivious is the
|
|t:|1602135058
|switch|p2a: Slowking|Slowking, F|100/100
|move|p1a: Icy Boi|Knock Off|p2a: Slowking
|-supereffective|p2a: Slowking
|-damage|p2a: Slowking|33/100
|-enditem|p2a: Slowking|Heavy-Duty Boots|[from] move: Knock Off|[of] p1a: Icy Boi
|-damage|p1a: Icy Boi|32/100|[from] item: Life Orb
|
|upkeep
|turn|52
|c| Totem skarm|fucking
|c| Totem skarm|"standard ability" head ass
|
|t:|1602135067
|move|p1a: Icy Boi|Knock Off|p2a: Slowking
|-supereffective|p2a: Slowking
|-damage|p2a: Slowking|0 fnt
|-damage|p1a: Icy Boi|22/100|[from] item: Life Orb
|faint|p2a: Slowking
|
|upkeep
|inactive|yellowhead has 120 seconds left.
|c|☆ok now i see ya|he a thicc boi
|c|☆ok now i see ya|with a stubby scruffy tail
|c|☆ok now i see ya|xD
|c| Totem skarm|lmfao
|inactive|yellowhead has 90 seconds left.
|l| spy to 300
|
|t:|1602135117
|switch|p2a: Mamoswine|Mamoswine, F|51/100
|turn|53
|c| Totem skarm|this dude is really hanging in there man
|inactive|yellowhead has 90 seconds left.
|c| Totem skarm|i fuck with that
|
|t:|1602135133
|move|p1a: Icy Boi|Ice Shard|p2a: Mamoswine
|-damage|p2a: Mamoswine|33/100
|-damage|p1a: Icy Boi|12/100|[from] item: Life Orb
|move|p2a: Mamoswine|Knock Off|p1a: Icy Boi
|-damage|p1a: Icy Boi|0 fnt
|-enditem|p1a: Icy Boi|Life Orb|[from] move: Knock Off|[of] p2a: Mamoswine
|-damage|p2a: Mamoswine|23/100|[from] item: Life Orb
|faint|p1a: Icy Boi
|
|upkeep
|
|t:|1602135139
|switch|p1a: Dope|Slowbro, M|85/100
|turn|54
|inactive|yellowhead has 90 seconds left.
|inactive|yellowhead has 60 seconds left.
|
|t:|1602135175
|switch|p2a: Rotom|Rotom-Mow|100/100
|move|p1a: Dope|Teleport|p1a: Dope
|
|t:|1602135185
|switch|p1a: Swing from the|Chandelure, F|100/100|[from]move: Teleport
|
|upkeep
|turn|55
|
|t:|1602135191
|move|p1a: Swing from the|Fire Blast|p2a: Rotom
|-supereffective|p2a: Rotom
|-damage|p2a: Rotom|0 fnt
|faint|p2a: Rotom
|
|upkeep
|c|☆yellowhead|gg
|c|☆ok now i see ya|gg
|
|t:|1602135203
|switch|p2a: Sylveon|Sylveon, F|41/100
|turn|56
|
|t:|1602135209
|switch|p1a: Dope|Slowbro, M|100/100
|move|p2a: Sylveon|Wish|p2a: Sylveon
|
|-heal|p2a: Sylveon|47/100|[from] item: Leftovers
|upkeep
|turn|57
|
|t:|1602135218
|move|p2a: Sylveon|Hyper Voice|p1a: Dope
|-damage|p1a: Dope|64/100
|move|p1a: Dope|Teleport|p1a: Dope
|
|t:|1602135221
|switch|p1a: Mojo Jojo|Zarude|24/100|[from]move: Teleport
|
|-heal|p2a: Sylveon|97/100|[from] move: Wish|[wisher] Sylveon
|-heal|p2a: Sylveon|100/100|[from] item: Leftovers
|upkeep
|turn|58
|
|t:|1602135228
|move|p1a: Mojo Jojo|Throat Chop|p2a: Sylveon
|-resisted|p2a: Sylveon
|-damage|p2a: Sylveon|83/100
|-start|p2a: Sylveon|Throat Chop|[silent]
|cant|p2a: Sylveon|move: Throat Chop
|
|-heal|p2a: Sylveon|90/100|[from] item: Leftovers
|upkeep
|turn|59
|c| Totem skarm|lmfao
|inactive|yellowhead has 90 seconds left.
|
|t:|1602135238
|switch|p2a: Mamoswine|Mamoswine, F|23/100
|move|p1a: Mojo Jojo|Synthesis|p1a: Mojo Jojo
|-heal|p1a: Mojo Jojo|74/100
|
|upkeep
|turn|60
|inactive|yellowhead has 90 seconds left.
|-message|yellowhead forfeited.
|
|win|ok now i see ya
|l|☆yellowhead
|raw|ok now i see ya's rating: 1664 &rarr; <strong>1670</strong><br />(+6 for winning)
|raw|yellowhead's rating: 1369 &rarr; <strong>1363</strong><br />(-6 for losing)
|l| cnino
|c|☆ok now i see ya|why does
|c|☆ok now i see ya|this 5-0 his team
|c|☆ok now i see ya|LOL
|c| Totem skarm|lmfao
|c| Totem skarm|alright bud
|c| Totem skarm|im gonna ge toff
|c| Totem skarm|get off
|c| Totem skarm|ill catch u tomorrow
|c|☆ok now i see ya|alright
|c|☆ok now i see ya|later
|l| Totem skarm
