|raw|<div class="broadcast-blue"><strong>This battle is required to be public due to a player having a name starting with 'UULT82n'.</div>
|j|☆Buster118
|j|☆UULT82n Snow
|t:|1621997519
|gametype|singles
|player|p1|Buster118|blaine|1360
|player|p2|UULT82n Snow|richboy-gen4|1432
|teamsize|p1|6
|teamsize|p2|6
|gen|8
|tier|[Gen 8] UU
|rated|
|rule|Sleep Clause Mod: Limit one foe put to sleep
|rule|Species Clause: Limit one of each Pokémon
|rule|OHKO Clause: OHKO moves are banned
|rule|Evasion Moves Clause: Evasion moves are banned
|rule|Endless Battle Clause: Forcing endless battles is banned
|rule|HP Percentage Mod: HP is shown in percentages
|rule|Dynamax Clause: You cannot dynamax
|clearpoke
|poke|p1|Rotom-Heat|
|poke|p1|Amoonguss, F|
|poke|p1|Lycanroc-Dusk, F|
|poke|p1|Scizor, M|
|poke|p1|Kommo-o, M|
|poke|p1|Celesteela|
|poke|p2|Salamence, M|
|poke|p2|Keldeo-Resolute|
|poke|p2|Jirachi|
|poke|p2|Nidoqueen, F|
|poke|p2|Incineroar, M|
|poke|p2|Rotom-Wash|
|teampreview
|inactive|Battle timer is ON: inactive players will automatically lose when time's up. (requested by UULT82n Snow)
|inactive|Buster118 has 120 seconds left.
|
|t:|1621997567
|start
|switch|p1a: Lycanroc|Lycanroc-Dusk, F|100/100
|switch|p2a: Keldeo|Keldeo-Resolute|100/100
|turn|1
|
|t:|1621997576
|switch|p2a: Rotom|Rotom-Wash|100/100
|move|p1a: Lycanroc|Psychic Fangs|p2a: Rotom
|-damage|p2a: Rotom|63/100
|-damage|p1a: Lycanroc|91/100|[from] item: Life Orb
|
|-heal|p2a: Rotom|69/100|[from] item: Leftovers
|upkeep
|turn|2
|
|t:|1621997582
|switch|p1a: Amoonguss|Amoonguss, F|100/100
|move|p2a: Rotom|Hydro Pump|p1a: Amoonguss
|-resisted|p1a: Amoonguss
|-damage|p1a: Amoonguss|87/100
|
|-heal|p2a: Rotom|75/100|[from] item: Leftovers
|upkeep
|turn|3
|
|t:|1621997592
|move|p2a: Rotom|Hydro Pump|p1a: Amoonguss|[miss]
|-miss|p2a: Rotom|p1a: Amoonguss
|move|p1a: Amoonguss|Spore|p2a: Rotom
|-status|p2a: Rotom|slp|[from] move: Spore
|
|-heal|p2a: Rotom|81/100 slp|[from] item: Leftovers
|upkeep
|turn|4
|
|t:|1621997606
|switch|p2a: Incineroar|Incineroar, M|100/100
|-ability|p2a: Incineroar|Intimidate|boost
|-unboost|p1a: Amoonguss|atk|1
|switch|p1a: Rotom|Rotom-Heat|100/100
|
|upkeep
|turn|5
|
|t:|1621997611
|move|p1a: Rotom|Toxic|p2a: Incineroar
|-status|p2a: Incineroar|tox
|move|p2a: Incineroar|Knock Off|p1a: Rotom
|-damage|p1a: Rotom|46/100
|-enditem|p1a: Rotom|Heavy-Duty Boots|[from] move: Knock Off|[of] p2a: Incineroar
|
|-damage|p2a: Incineroar|94/100 tox|[from] psn
|upkeep
|turn|6
|
|t:|1621997618
|move|p1a: Rotom|Volt Switch|p2a: Incineroar
|-damage|p2a: Incineroar|74/100 tox
|
|t:|1621997624
|switch|p1a: Kommo-o|Kommo-o, M|100/100|[from]move: Volt Switch
|move|p2a: Incineroar|Parting Shot|p1a: Kommo-o
|-immune|p1a: Kommo-o|[from] ability: Soundproof
|
|-damage|p2a: Incineroar|62/100 tox|[from] psn
|upkeep
|turn|7
|
|t:|1621997634
|switch|p2a: Nidoqueen|Nidoqueen, F|100/100
|move|p1a: Kommo-o|Stealth Rock|p2a: Nidoqueen
|-sidestart|p2: UULT82n Snow|move: Stealth Rock
|
|upkeep
|turn|8
|
|t:|1621997639
|move|p2a: Nidoqueen|Stealth Rock|p1a: Kommo-o
|-sidestart|p1: Buster118|move: Stealth Rock
|move|p1a: Kommo-o|Body Press|p2a: Nidoqueen
|-resisted|p2a: Nidoqueen
|-damage|p2a: Nidoqueen|82/100
|
|-heal|p2a: Nidoqueen|88/100|[from] item: Black Sludge
|upkeep
|turn|9
|
|t:|1621997649
|switch|p1a: Amoonguss|Amoonguss, F|100/100
|-damage|p1a: Amoonguss|88/100|[from] Stealth Rock
|move|p2a: Nidoqueen|Sludge Wave|p1a: Amoonguss
|-damage|p1a: Amoonguss|66/100
|
|-heal|p2a: Nidoqueen|94/100|[from] item: Black Sludge
|upkeep
|turn|10
|
|t:|1621997656
|move|p2a: Nidoqueen|Sludge Wave|p1a: Amoonguss
|-damage|p1a: Amoonguss|42/100
|move|p1a: Amoonguss|Seed Bomb|p2a: Nidoqueen
|-damage|p2a: Nidoqueen|74/100
|
|-heal|p2a: Nidoqueen|80/100|[from] item: Black Sludge
|upkeep
|turn|11
|
|t:|1621997671
|move|p2a: Nidoqueen|Sludge Wave|p1a: Amoonguss
|-damage|p1a: Amoonguss|19/100
|move|p1a: Amoonguss|Seed Bomb|p2a: Nidoqueen
|-damage|p2a: Nidoqueen|61/100
|
|-heal|p2a: Nidoqueen|67/100|[from] item: Black Sludge
|upkeep
|turn|12
|
|t:|1621997680
|switch|p1a: Scizor|Scizor, M|100/100
|move|p2a: Nidoqueen|Thunderbolt|p1a: Scizor
|-damage|p1a: Scizor|75/100
|
|-heal|p2a: Nidoqueen|73/100|[from] item: Black Sludge
|upkeep
|turn|13
|
|t:|1621997684
|move|p2a: Nidoqueen|Earth Power|p1a: Scizor
|-damage|p1a: Scizor|35/100
|move|p1a: Scizor|Knock Off|p2a: Nidoqueen
|-damage|p2a: Nidoqueen|42/100
|-enditem|p2a: Nidoqueen|Black Sludge|[from] move: Knock Off|[of] p1a: Scizor
|
|upkeep
|turn|14
|inactive|Buster118 has 120 seconds left.
|
|t:|1621997737
|switch|p1a: Rotom|Rotom-Heat|46/100
|-damage|p1a: Rotom|21/100|[from] Stealth Rock
|move|p2a: Nidoqueen|Earth Power|p1a: Rotom
|-immune|p1a: Rotom|[from] ability: Levitate
|
|upkeep
|turn|15
|inactive|UULT82n Snow has 120 seconds left.
|inactive|UULT82n Snow has 90 seconds left.
|inactive|UULT82n Snow has 60 seconds left.
|
|t:|1621997849
|move|p1a: Rotom|Pain Split|p2a: Nidoqueen
|-sethp|p2a: Nidoqueen|27/100|[from] move: Pain Split|[silent]
|-sethp|p1a: Rotom|43/100|[from] move: Pain Split
|move|p2a: Nidoqueen|Sludge Wave|p1a: Rotom
|-damage|p1a: Rotom|0 fnt
|faint|p1a: Rotom
|
|upkeep
|
|t:|1621997857
|switch|p1a: Celesteela|Celesteela|100/100
|-damage|p1a: Celesteela|88/100|[from] Stealth Rock
|turn|16
|
|t:|1621997860
|move|p2a: Nidoqueen|Thunderbolt|p1a: Celesteela
|-supereffective|p1a: Celesteela
|-damage|p1a: Celesteela|49/100
|move|p1a: Celesteela|Autotomize|p1a: Celesteela
|-boost|p1a: Celesteela|spe|2
|-start|p1a: Celesteela|Autotomize
|
|upkeep
|turn|17
|inactive|UULT82n Snow has 60 seconds left.
|
|t:|1621997871
|move|p1a: Celesteela|Air Slash|p2a: Nidoqueen
|-damage|p2a: Nidoqueen|0 fnt
|faint|p2a: Nidoqueen
|-ability|p1a: Celesteela|Beast Boost|boost
|-boost|p1a: Celesteela|spa|1
|
|upkeep
|
|t:|1621997880
|switch|p2a: Jirachi|Jirachi|100/100
|-damage|p2a: Jirachi|94/100|[from] Stealth Rock
|turn|18
|
|t:|1621997885
|move|p2a: Jirachi|Fire Punch|p1a: Celesteela
|-supereffective|p1a: Celesteela
|-damage|p1a: Celesteela|13/100
|-status|p1a: Celesteela|brn
|move|p1a: Celesteela|Flamethrower|p2a: Jirachi
|-supereffective|p2a: Jirachi
|-damage|p2a: Jirachi|5/100
|
|-damage|p1a: Celesteela|7/100 brn|[from] brn
|upkeep
|turn|19
|
|t:|1621997901
|move|p2a: Jirachi|Fire Punch|p1a: Celesteela
|-supereffective|p1a: Celesteela
|-damage|p1a: Celesteela|0 fnt
|faint|p1a: Celesteela
|
|upkeep
|inactive|Buster118 has 120 seconds left.
|
|t:|1621997912
|switch|p1a: Scizor|Scizor, M|35/100
|turn|20
|
|t:|1621997918
|switch|p2a: Incineroar|Incineroar, M|62/100 tox
|-ability|p2a: Incineroar|Intimidate|boost
|-unboost|p1a: Scizor|atk|1
|move|p1a: Scizor|Bullet Punch|p2a: Incineroar
|-resisted|p2a: Incineroar
|-damage|p2a: Incineroar|50/100 tox
|
|-damage|p2a: Incineroar|44/100 tox|[from] psn
|upkeep
|turn|21
|
|t:|1621997928
|switch|p1a: Kommo-o|Kommo-o, M|100/100
|-damage|p1a: Kommo-o|94/100|[from] Stealth Rock
|move|p2a: Incineroar|Knock Off|p1a: Kommo-o
|-resisted|p1a: Kommo-o
|-damage|p1a: Kommo-o|83/100
|-enditem|p1a: Kommo-o|Leftovers|[from] move: Knock Off|[of] p2a: Incineroar
|
|-damage|p2a: Incineroar|32/100 tox|[from] psn
|upkeep
|turn|22
|
|t:|1621997937
|switch|p2a: Jirachi|Jirachi|5/100
|-damage|p2a: Jirachi|0 fnt|[from] Stealth Rock
|faint|p2a: Jirachi
|move|p1a: Kommo-o|Body Press|p2: Jirachi|[notarget]
|-fail|p1a: Kommo-o
|
|upkeep
|inactive|UULT82n Snow has 90 seconds left.
|
|t:|1621997961
|switch|p2a: Salamence|Salamence, M|100/100
|turn|23
|
|t:|1621997975
|move|p2a: Salamence|Outrage|p1a: Kommo-o
|-supereffective|p1a: Kommo-o
|-crit|p1a: Kommo-o
|-damage|p1a: Kommo-o|0 fnt
|faint|p1a: Kommo-o
|-ability|p2a: Salamence|Moxie|boost
|-boost|p2a: Salamence|atk|1
|
|upkeep
|j| Tommaconda
|
|t:|1621997984
|switch|p1a: Amoonguss|Amoonguss, F|52/100
|-damage|p1a: Amoonguss|40/100|[from] Stealth Rock
|turn|24
|
|t:|1621997987
|switch|p1a: Scizor|Scizor, M|35/100
|move|p2a: Salamence|Outrage|p1a: Scizor|[from]lockedmove
|-resisted|p1a: Scizor
|-damage|p1a: Scizor|0 fnt
|faint|p1a: Scizor
|-ability|p2a: Salamence|Moxie|boost
|-boost|p2a: Salamence|atk|1
|
|upkeep
|
|t:|1621997992
|switch|p1a: Amoonguss|Amoonguss, F|73/100
|-damage|p1a: Amoonguss|61/100|[from] Stealth Rock
|turn|25
|
|t:|1621997995
|move|p2a: Salamence|Outrage|p1a: Amoonguss|[from]lockedmove
|-damage|p1a: Amoonguss|0 fnt
|-damage|p2a: Salamence|84/100|[from] item: Rocky Helmet|[of] p1a: Amoonguss
|faint|p1a: Amoonguss
|-ability|p2a: Salamence|Moxie|boost
|-boost|p2a: Salamence|atk|1
|-start|p2a: Salamence|confusion|[fatigue]
|
|upkeep
|
|t:|1621997998
|switch|p1a: Lycanroc|Lycanroc-Dusk, F|91/100
|-damage|p1a: Lycanroc|78/100|[from] Stealth Rock
|turn|26
|
|t:|1621998006
|move|p1a: Lycanroc|Accelerock|p2a: Salamence
|-supereffective|p2a: Salamence
|-damage|p2a: Salamence|8/100
|-damage|p1a: Lycanroc|68/100|[from] item: Life Orb
|-activate|p2a: Salamence|confusion
|-damage|p2a: Salamence|0 fnt|[from] confusion
|faint|p2a: Salamence
|
|upkeep
|
|t:|1621998009
|switch|p2a: Incineroar|Incineroar, M|32/100 tox
|-ability|p2a: Incineroar|Intimidate|boost
|-unboost|p1a: Lycanroc|atk|1
|turn|27
|
|t:|1621998019
|switch|p2a: Rotom|Rotom-Wash|81/100 slp
|-damage|p2a: Rotom|68/100 slp|[from] Stealth Rock
|move|p1a: Lycanroc|Accelerock|p2a: Rotom
|-damage|p2a: Rotom|50/100 slp
|-damage|p1a: Lycanroc|58/100|[from] item: Life Orb
|
|-heal|p2a: Rotom|56/100 slp|[from] item: Leftovers
|upkeep
|turn|28
|
|t:|1621998026
|switch|p2a: Incineroar|Incineroar, M|32/100 tox
|-ability|p2a: Incineroar|Intimidate|boost
|-unboost|p1a: Lycanroc|atk|1
|move|p1a: Lycanroc|Close Combat|p2a: Incineroar
|-supereffective|p2a: Incineroar
|-damage|p2a: Incineroar|0 fnt
|-unboost|p1a: Lycanroc|def|1
|-unboost|p1a: Lycanroc|spd|1
|faint|p2a: Incineroar
|-damage|p1a: Lycanroc|48/100|[from] item: Life Orb
|
|upkeep
|
|t:|1621998031
|switch|p2a: Keldeo|Keldeo-Resolute|100/100
|-damage|p2a: Keldeo|94/100|[from] Stealth Rock
|turn|29
|
|t:|1621998035
|move|p1a: Lycanroc|Psychic Fangs|p2a: Keldeo
|-supereffective|p2a: Keldeo
|-crit|p2a: Keldeo
|-damage|p2a: Keldeo|0 fnt
|faint|p2a: Keldeo
|-damage|p1a: Lycanroc|38/100|[from] item: Life Orb
|
|upkeep
|
|t:|1621998043
|switch|p2a: Rotom|Rotom-Wash|56/100 slp
|-damage|p2a: Rotom|44/100 slp|[from] Stealth Rock
|turn|30
|
|t:|1621998048
|move|p1a: Lycanroc|Close Combat|p2a: Rotom
|-damage|p2a: Rotom|17/100 slp
|-unboost|p1a: Lycanroc|def|1
|-unboost|p1a: Lycanroc|spd|1
|-damage|p1a: Lycanroc|28/100|[from] item: Life Orb
|cant|p2a: Rotom|slp
|
|-heal|p2a: Rotom|23/100 slp|[from] item: Leftovers
|upkeep
|turn|31
|-message|UULT82n Snow forfeited.
|
|win|Buster118
|raw|Buster118's rating: 1360 &rarr; <strong>1384</strong><br />(+24 for winning)
|raw|UULT82n Snow's rating: 1432 &rarr; <strong>1408</strong><br />(-24 for losing)
|l|☆UULT82n Snow
