|j|☆bioche80
|j|☆Spicer1209
|t:|1612730690
|player|p1|bioche80|red|1356
|player|p2|Spicer1209|170|1180
|teamsize|p1|6
|teamsize|p2|6
|gametype|singles
|gen|8
|tier|[Gen 8] UU
|rated|
|clearpoke
|poke|p1|Ditto|
|poke|p1|Slowking, M|
|poke|p1|Scizor, M|
|poke|p1|Nihilego|
|poke|p1|Chansey, F|
|poke|p1|Keldeo-Resolute|
|poke|p2|Crobat, M|
|poke|p2|Zeraora|
|poke|p2|Chansey, F|
|poke|p2|Froslass, F|
|poke|p2|Victini|
|poke|p2|Amoonguss, F|
|rule|Sleep Clause Mod: Limit one foe put to sleep
|rule|Species Clause: Limit one of each Pokémon
|rule|OHKO Clause: OHKO moves are banned
|rule|Evasion Moves Clause: Evasion moves are banned
|rule|Endless Battle Clause: Forcing endless battles is banned
|rule|HP Percentage Mod: HP is shown in percentages
|rule|Dynamax Clause: You cannot dynamax
|teampreview
|
|t:|1612730699
|start
|switch|p1a: Scizor|Scizor, M|100/100
|switch|p2a: Froslass|Froslass, F|100/100
|turn|1
|inactive|Battle timer is ON: inactive players will automatically lose when time's up. (requested by Spicer1209)
|
|t:|1612730718
|move|p2a: Froslass|Destiny Bond|p2a: Froslass
|-singlemove|p2a: Froslass|Destiny Bond
|move|p1a: Scizor|Knock Off|p2a: Froslass
|-supereffective|p2a: Froslass
|-enditem|p2a: Froslass|Focus Sash
|-damage|p2a: Froslass|1/100
|-damage|p1a: Scizor|91/100|[from] item: Life Orb
|
|upkeep
|turn|2
|
|t:|1612730732
|switch|p1a: Ditto|Ditto|100/100
|-transform|p1a: Ditto|p2a: Froslass|[from] ability: Imposter
|move|p2a: Froslass|Spikes|p1a: Ditto
|-sidestart|p1: bioche80|Spikes
|
|upkeep
|turn|3
|
|t:|1612730744
|move|p1a: Ditto|Ice Beam|p2a: Froslass
|-resisted|p2a: Froslass
|-damage|p2a: Froslass|0 fnt
|faint|p2a: Froslass
|
|upkeep
|
|t:|1612730748
|switch|p2a: Victini|Victini|100/100
|turn|4
|
|t:|1612730755
|switch|p1a: Slowking|Slowking, M|100/100
|move|p2a: Victini|V-create|p1a: Slowking
|-resisted|p1a: Slowking
|-damage|p1a: Slowking|75/100
|-unboost|p2a: Victini|spe|1
|-unboost|p2a: Victini|def|1
|-unboost|p2a: Victini|spd|1
|
|upkeep
|turn|5
|
|t:|1612730764
|switch|p2a: Amoonguss|Amoonguss, F|100/100
|move|p1a: Slowking|Future Sight|p2a: Amoonguss
|-start|p1a: Slowking|move: Future Sight
|
|upkeep
|turn|6
|
|t:|1612730771
|switch|p2a: Chansey|Chansey, F|100/100
|switch|p1a: Chansey|Chansey, F|100/100
|-damage|p1a: Chansey|88/100|[from] Spikes
|
|upkeep
|turn|7
|
|t:|1612730779
|switch|p1a: Scizor|Scizor, M|91/100
|-damage|p1a: Scizor|78/100|[from] Spikes
|move|p2a: Chansey|Seismic Toss|p1a: Scizor
|-damage|p1a: Scizor|49/100
|
|-end|p2a: Chansey|move: Future Sight
|-damage|p2a: Chansey|88/100
|upkeep
|turn|8
|
|t:|1612730790
|move|p1a: Scizor|Knock Off|p2a: Chansey
|-damage|p2a: Chansey|60/100
|-enditem|p2a: Chansey|Eviolite|[from] move: Knock Off|[of] p1a: Scizor
|-damage|p1a: Scizor|39/100|[from] item: Life Orb
|move|p2a: Chansey|Teleport|p2a: Chansey
|
|t:|1612730795
|switch|p2a: Crobat|Crobat, M|100/100|[from]move: Teleport
|
|upkeep
|turn|9
|
|t:|1612730800
|move|p2a: Crobat|Brave Bird|p1a: Scizor
|-damage|p1a: Scizor|0 fnt
|-damage|p2a: Crobat|86/100|[from] Recoil
|faint|p1a: Scizor
|
|upkeep
|
|t:|1612730806
|switch|p1a: Nihilego|Nihilego|100/100
|-damage|p1a: Nihilego|88/100|[from] Spikes
|turn|10
|
|t:|1612730811
|switch|p2a: Chansey|Chansey, F|60/100
|move|p1a: Nihilego|Stealth Rock|p2a: Chansey
|-sidestart|p2: Spicer1209|move: Stealth Rock
|
|upkeep
|turn|11
|
|t:|1612730819
|switch|p1a: Keldeo|Keldeo-Resolute|100/100
|-damage|p1a: Keldeo|88/100|[from] Spikes
|move|p2a: Chansey|Soft-Boiled|p2a: Chansey
|-heal|p2a: Chansey|100/100
|
|-heal|p1a: Keldeo|94/100|[from] item: Leftovers
|upkeep
|turn|12
|
|t:|1612730829
|switch|p2a: Amoonguss|Amoonguss, F|100/100
|-damage|p2a: Amoonguss|88/100|[from] Stealth Rock
|move|p1a: Keldeo|Substitute|p1a: Keldeo
|-start|p1a: Keldeo|Substitute
|-damage|p1a: Keldeo|69/100
|
|-heal|p1a: Keldeo|75/100|[from] item: Leftovers
|upkeep
|turn|13
|
|t:|1612730838
|switch|p1a: Chansey|Chansey, F|88/100
|-damage|p1a: Chansey|76/100|[from] Spikes
|move|p2a: Amoonguss|Giga Drain|p1a: Chansey
|-crit|p1a: Chansey
|-damage|p1a: Chansey|63/100
|-heal|p2a: Amoonguss|98/100|[from] drain|[of] p1a: Chansey
|
|upkeep
|turn|14
|
|t:|1612730847
|switch|p2a: Crobat|Crobat, M|86/100
|-damage|p2a: Crobat|62/100|[from] Stealth Rock
|move|p1a: Chansey|Seismic Toss|p2a: Crobat
|-damage|p2a: Crobat|29/100
|
|upkeep
|turn|15
|
|t:|1612730856
|move|p2a: Crobat|Roost|p2a: Crobat
|-heal|p2a: Crobat|80/100
|-singleturn|p2a: Crobat|move: Roost
|move|p1a: Chansey|Seismic Toss|p2a: Crobat
|-damage|p2a: Crobat|47/100
|
|upkeep
|turn|16
|
|t:|1612730864
|switch|p1a: Slowking|Slowking, M|100/100
|move|p2a: Crobat|Super Fang|p1a: Slowking
|-damage|p1a: Slowking|51/100
|
|upkeep
|turn|17
|
|t:|1612730872
|switch|p2a: Zeraora|Zeraora|100/100
|move|p1a: Slowking|Psyshock|p2a: Zeraora
|-damage|p2a: Zeraora|62/100
|
|upkeep
|turn|18
|
|t:|1612730885
|switch|p1a: Ditto|Ditto|100/100
|-damage|p1a: Ditto|88/100|[from] Spikes
|-transform|p1a: Ditto|p2a: Zeraora|[from] ability: Imposter
|move|p2a: Zeraora|Knock Off|p1a: Ditto
|-damage|p1a: Ditto|37/100
|-enditem|p1a: Ditto|Choice Scarf|[from] move: Knock Off|[of] p2a: Zeraora
|
|upkeep
|turn|19
|
|t:|1612730896
|move|p1a: Ditto|Knock Off|p2a: Zeraora
|-damage|p2a: Zeraora|19/100
|-enditem|p2a: Zeraora|Heavy-Duty Boots|[from] move: Knock Off|[of] p1a: Ditto
|move|p2a: Zeraora|Close Combat|p1a: Ditto
|-damage|p1a: Ditto|0 fnt
|-unboost|p2a: Zeraora|def|1
|-unboost|p2a: Zeraora|spd|1
|faint|p1a: Ditto
|
|upkeep
|
|t:|1612730916
|switch|p1a: Chansey|Chansey, F|63/100
|-damage|p1a: Chansey|51/100|[from] Spikes
|turn|20
|
|t:|1612730921
|move|p2a: Zeraora|Close Combat|p1a: Chansey
|-supereffective|p1a: Chansey
|-damage|p1a: Chansey|1/100
|-unboost|p2a: Zeraora|def|1
|-unboost|p2a: Zeraora|spd|1
|move|p1a: Chansey|Seismic Toss|p2a: Zeraora
|-damage|p2a: Zeraora|0 fnt
|faint|p2a: Zeraora
|
|upkeep
|
|t:|1612730936
|switch|p2a: Victini|Victini|100/100
|-damage|p2a: Victini|76/100|[from] Stealth Rock
|turn|21
|
|t:|1612730949
|move|p2a: Victini|Zen Headbutt|p1a: Chansey
|-damage|p1a: Chansey|0 fnt
|faint|p1a: Chansey
|
|upkeep
|
|t:|1612730954
|switch|p1a: Keldeo|Keldeo-Resolute|75/100
|-damage|p1a: Keldeo|63/100|[from] Spikes
|turn|22
|
|t:|1612730959
|move|p2a: Victini|Zen Headbutt|p1a: Keldeo
|-supereffective|p1a: Keldeo
|-damage|p1a: Keldeo|0 fnt
|faint|p1a: Keldeo
|
|upkeep
|
|t:|1612730964
|switch|p1a: Slowking|Slowking, M|84/100
|turn|23
|
|t:|1612730970
|switch|p2a: Crobat|Crobat, M|47/100
|-damage|p2a: Crobat|23/100|[from] Stealth Rock
|move|p1a: Slowking|Scald|p2a: Crobat
|-damage|p2a: Crobat|0 fnt
|faint|p2a: Crobat
|
|upkeep
|
|t:|1612730976
|switch|p2a: Amoonguss|Amoonguss, F|100/100
|-damage|p2a: Amoonguss|88/100|[from] Stealth Rock
|turn|24
|inactiveoff|Battle timer is now OFF.
|
|t:|1612730984
|move|p2a: Amoonguss|Giga Drain|p1a: Slowking
|-supereffective|p1a: Slowking
|-damage|p1a: Slowking|44/100
|-heal|p2a: Amoonguss|100/100|[from] drain|[of] p1a: Slowking
|move|p1a: Slowking|Future Sight|p2a: Amoonguss
|-start|p1a: Slowking|move: Future Sight
|
|upkeep
|turn|25
|inactive|Battle timer is ON: inactive players will automatically lose when time's up. (requested by bioche80)
|l|☆Spicer1209
|inactive|Spicer1209 disconnected and has a minute to reconnect!
|player|p2|
|inactive|Spicer1209 has 30 seconds to reconnect!
|inactive|Spicer1209 has 20 seconds to reconnect!
|inactive|Spicer1209 has 15 seconds to reconnect!
|inactive|Spicer1209 has 10 seconds to reconnect!
|inactive|Spicer1209 has 5 seconds to reconnect!
|-message|Spicer1209 lost due to inactivity.
|
|win|bioche80
|raw|bioche80's rating: 1357 &rarr; <strong>1367</strong><br />(+10 for winning)
|raw|Spicer1209's rating: 1181 &rarr; <strong>1168</strong><br />(-13 for losing)
