|j|☆Adrift and Alone
|j|☆Big fat Babu
|t:|1640580602
|gametype|singles
|player|p1|Adrift and Alone|psychic-gen3|1456
|player|p2|Big fat Babu|collector|1390
|teamsize|p1|6
|teamsize|p2|6
|gen|8
|tier|[Gen 8] UU
|rated|
|rule|Sleep Clause Mod: Limit one foe put to sleep
|rule|Species Clause: Limit one of each Pokémon
|rule|OHKO Clause: OHKO moves are banned
|rule|Evasion Moves Clause: Evasion moves are banned
|rule|Endless Battle Clause: Forcing endless battles is banned
|rule|HP Percentage Mod: HP is shown in percentages
|rule|Dynamax Clause: You cannot dynamax
|clearpoke
|poke|p1|Grimmsnarl, M|
|poke|p1|Sudowoodo, M|
|poke|p1|Combusken, M|
|poke|p1|Regieleki|
|poke|p1|Polteageist-Antique|
|poke|p1|Gyarados, M|
|poke|p2|Venusaur, F|
|poke|p2|Torkoal, F|
|poke|p2|Charizard, F|
|poke|p2|Darmanitan, M|
|poke|p2|Chansey, F|
|poke|p2|Mamoswine, F|
|teampreview
|
|t:|1640580616
|start
|switch|p1a: Sudowoodo|Sudowoodo, M|100/100
|switch|p2a: Darmanitan|Darmanitan, M|100/100
|turn|1
|
|t:|1640580624
|move|p2a: Darmanitan|U-turn|p1a: Sudowoodo
|-damage|p1a: Sudowoodo|70/100
|
|t:|1640580629
|switch|p2a: Torkoal|Torkoal, F|100/100|[from]move: U-turn
|-weather|SunnyDay|[from] ability: Drought|[of] p2a: Torkoal
|move|p1a: Sudowoodo|Stealth Rock|p2a: Torkoal
|-sidestart|p2: Big fat Babu|move: Stealth Rock
|
|-weather|SunnyDay|[upkeep]
|upkeep
|turn|2
|
|t:|1640580638
|move|p1a: Sudowoodo|Explosion|p2a: Torkoal
|-damage|p2a: Torkoal|54/100
|faint|p1a: Sudowoodo
|move|p2a: Torkoal|Rapid Spin|p1: Sudowoodo|[notarget]
|-fail|p2a: Torkoal
|
|-weather|SunnyDay|[upkeep]
|upkeep
|
|t:|1640580643
|switch|p1a: Polteageist|Polteageist-Antique|100/100
|turn|3
|
|t:|1640580646
|move|p1a: Polteageist|Shell Smash|p1a: Polteageist
|-unboost|p1a: Polteageist|def|1
|-unboost|p1a: Polteageist|spd|1
|-boost|p1a: Polteageist|atk|2
|-boost|p1a: Polteageist|spa|2
|-boost|p1a: Polteageist|spe|2
|move|p2a: Torkoal|Yawn|p1a: Polteageist
|-start|p1a: Polteageist|move: Yawn|[of] p2a: Torkoal
|
|-weather|SunnyDay|[upkeep]
|upkeep
|turn|4
|
|t:|1640580655
|switch|p2a: Chansey|Chansey, F|100/100
|-damage|p2a: Chansey|88/100|[from] Stealth Rock
|move|p1a: Polteageist|Stored Power|p2a: Chansey
|-damage|p2a: Chansey|52/100
|
|-weather|SunnyDay|[upkeep]
|-end|p1a: Polteageist|move: Yawn|[silent]
|-status|p1a: Polteageist|slp
|upkeep
|turn|5
|
|t:|1640580663
|cant|p1a: Polteageist|slp
|move|p2a: Chansey|Teleport|p2a: Chansey
|
|t:|1640580670
|switch|p2a: Darmanitan|Darmanitan, M|100/100|[from]move: Teleport
|-damage|p2a: Darmanitan|75/100|[from] Stealth Rock
|
|-weather|SunnyDay|[upkeep]
|upkeep
|turn|6
|
|t:|1640580676
|cant|p1a: Polteageist|slp
|move|p2a: Darmanitan|Flare Blitz|p1a: Polteageist
|-enditem|p1a: Polteageist|Focus Sash
|-damage|p1a: Polteageist|1/100 slp
|-ability|p1a: Polteageist|Weak Armor|boost
|-unboost|p1a: Polteageist|def|1
|-boost|p1a: Polteageist|spe|2
|-damage|p2a: Darmanitan|51/100|[from] Recoil
|
|-weather|SunnyDay|[upkeep]
|upkeep
|turn|7
|
|t:|1640580686
|-curestatus|p1a: Polteageist|slp|[msg]
|move|p1a: Polteageist|Stored Power|p2a: Darmanitan
|-damage|p2a: Darmanitan|0 fnt
|faint|p2a: Darmanitan
|
|-weather|SunnyDay|[upkeep]
|upkeep
|
|t:|1640580692
|switch|p2a: Mamoswine|Mamoswine, F|100/100
|-damage|p2a: Mamoswine|88/100|[from] Stealth Rock
|turn|8
|
|t:|1640580696
|switch|p1a: Grimmsnarl|Grimmsnarl, M|100/100
|move|p2a: Mamoswine|Ice Shard|p1a: Grimmsnarl
|-damage|p1a: Grimmsnarl|58/100
|
|-weather|none
|upkeep
|turn|9
|
|t:|1640580704
|switch|p2a: Chansey|Chansey, F|52/100
|-damage|p2a: Chansey|40/100|[from] Stealth Rock
|move|p1a: Grimmsnarl|Trick|p2a: Chansey
|-activate|p1a: Grimmsnarl|move: Trick|[of] p2a: Chansey
|-item|p2a: Chansey|Choice Specs|[from] move: Trick
|-item|p1a: Grimmsnarl|Eviolite|[from] move: Trick
|
|upkeep
|turn|10
|
|t:|1640580710
|move|p1a: Grimmsnarl|Spirit Break|p2a: Chansey
|-damage|p2a: Chansey|10/100
|-unboost|p2a: Chansey|spa|1
|move|p2a: Chansey|Teleport|p2a: Chansey
|
|t:|1640580721
|switch|p2a: Mamoswine|Mamoswine, F|88/100|[from]move: Teleport
|-damage|p2a: Mamoswine|76/100|[from] Stealth Rock
|
|upkeep
|turn|11
|
|t:|1640580729
|move|p1a: Grimmsnarl|Reflect|p1a: Grimmsnarl
|-sidestart|p1: Adrift and Alone|Reflect
|move|p2a: Mamoswine|Icicle Crash|p1a: Grimmsnarl
|-damage|p1a: Grimmsnarl|17/100
|
|upkeep
|turn|12
|
|t:|1640580734
|move|p1a: Grimmsnarl|Light Screen|p1a: Grimmsnarl
|-sidestart|p1: Adrift and Alone|move: Light Screen
|move|p2a: Mamoswine|Icicle Crash|p1a: Grimmsnarl
|-damage|p1a: Grimmsnarl|0 fnt
|faint|p1a: Grimmsnarl
|
|upkeep
|
|t:|1640580739
|switch|p1a: Combusken|Combusken, M, shiny|100/100
|turn|13
|
|t:|1640580745
|switch|p2a: Chansey|Chansey, F|10/100
|-damage|p2a: Chansey|0 fnt|[from] Stealth Rock
|faint|p2a: Chansey
|move|p1a: Combusken|Swords Dance|p1a: Combusken
|-boost|p1a: Combusken|atk|2
|
|-ability|p1a: Combusken|Speed Boost|boost
|-boost|p1a: Combusken|spe|1
|upkeep
|
|t:|1640580758
|switch|p2a: Torkoal|Torkoal, F|54/100
|-damage|p2a: Torkoal|29/100|[from] Stealth Rock
|-weather|SunnyDay|[from] ability: Drought|[of] p2a: Torkoal
|turn|14
|
|t:|1640580763
|move|p1a: Combusken|Brick Break|p2a: Torkoal
|-damage|p2a: Torkoal|0 fnt
|faint|p2a: Torkoal
|
|-weather|SunnyDay|[upkeep]
|-ability|p1a: Combusken|Speed Boost|boost
|-boost|p1a: Combusken|spe|1
|upkeep
|
|t:|1640580770
|switch|p2a: Venusaur|Venusaur, F, shiny|100/100
|-damage|p2a: Venusaur|88/100|[from] Stealth Rock
|turn|15
|
|t:|1640580775
|move|p2a: Venusaur|Sludge Bomb|p1a: Combusken
|-damage|p1a: Combusken|66/100
|-damage|p2a: Venusaur|78/100|[from] item: Life Orb
|move|p1a: Combusken|Blaze Kick|p2a: Venusaur
|-supereffective|p2a: Venusaur
|-damage|p2a: Venusaur|0 fnt
|faint|p2a: Venusaur
|
|-weather|SunnyDay|[upkeep]
|-sideend|p1: Adrift and Alone|Reflect
|-ability|p1a: Combusken|Speed Boost|boost
|-boost|p1a: Combusken|spe|1
|upkeep
|-message|Big fat Babu forfeited.
|
|win|Adrift and Alone
|raw|Adrift and Alone's rating: 1456 &rarr; <strong>1472</strong><br />(+16 for winning)
|raw|Big fat Babu's rating: 1390 &rarr; <strong>1374</strong><br />(-16 for losing)
|l|☆Big fat Babu
