|j|☆Queen of Bean ✿
|j|☆Rolerola
|t:|1666419083
|gametype|singles
|player|p1|Queen of Bean ✿|hexmaniac-gen6|1456
|player|p2|Rolerola|iris|1607
|teamsize|p1|6
|teamsize|p2|6
|gen|8
|tier|[Gen 8] UU
|rated|
|rule|Sleep Clause Mod: Limit one foe put to sleep
|rule|Species Clause: Limit one of each Pokémon
|rule|OHKO Clause: OHKO moves are banned
|rule|Evasion Items Clause: Evasion items are banned
|rule|Evasion Moves Clause: Evasion moves are banned
|rule|Endless Battle Clause: Forcing endless battles is banned
|rule|HP Percentage Mod: HP is shown in percentages
|rule|Dynamax Clause: You cannot dynamax
|clearpoke
|poke|p1|Keldeo-Resolute|
|poke|p1|Nidoking, M|
|poke|p1|Zarude-Dada|
|poke|p1|Jirachi|
|poke|p1|Chansey, F|
|poke|p1|Salamence, M|
|poke|p2|Keldeo-Resolute|
|poke|p2|Chansey, F|
|poke|p2|Nidoqueen, F|
|poke|p2|Scizor, F|
|poke|p2|Hatterene, F|
|poke|p2|Salamence, F|
|teampreview
|inactive|Battle timer is ON: inactive players will automatically lose when time's up. (requested by Rolerola)
|c|☆Queen of Bean ✿|hiya :>
|c|☆Rolerola|Hello
|c|☆Rolerola|Glhf
|j|+Goro Yagami
|c|☆Queen of Bean ✿|glhf :)
|
|t:|1666419106
|start
|switch|p1a: Nidoking|Nidoking, M|100/100
|switch|p2a: Keldeo|Keldeo-Resolute|100/100
|turn|1
|
|t:|1666419113
|switch|p1a: Chansey|Chansey, F|100/100
|move|p2a: Keldeo|Icy Wind|p1a: Chansey
|-damage|p1a: Chansey|91/100
|-unboost|p1a: Chansey|spe|1
|
|upkeep
|turn|2
|
|t:|1666419117
|switch|p2a: Scizor|Scizor, F|100/100
|move|p1a: Chansey|Teleport|p1a: Chansey
|
|t:|1666419124
|switch|p1a: Nidoking|Nidoking, M|100/100|[from]move: Teleport
|
|upkeep
|turn|3
|
|t:|1666419132
|switch|p2a: Chansey|Chansey, F|100/100
|move|p1a: Nidoking|Stealth Rock|p2a: Chansey
|-sidestart|p2: Rolerola|move: Stealth Rock
|
|upkeep
|turn|4
|j| CyborgCrafter
|
|t:|1666419152
|move|p1a: Nidoking|Sludge Wave|p2a: Chansey
|-damage|p2a: Chansey|82/100
|move|p2a: Chansey|Teleport|p2a: Chansey
|
|t:|1666419154
|switch|p2a: Keldeo|Keldeo-Resolute|100/100|[from]move: Teleport
|-damage|p2a: Keldeo|94/100|[from] Stealth Rock
|
|upkeep
|turn|5
|
|t:|1666419163
|switch|p1a: Salamence|Salamence, M|100/100
|-ability|p1a: Salamence|Intimidate|boost
|-unboost|p2a: Keldeo|atk|1
|move|p2a: Keldeo|Surf|p1a: Salamence
|-resisted|p1a: Salamence
|-damage|p1a: Salamence|64/100
|
|upkeep
|turn|6
|
|t:|1666419173
|switch|p2a: Salamence|Salamence, F|100/100
|-ability|p2a: Salamence|Intimidate|boost
|-unboost|p1a: Salamence|atk|1
|switch|p1a: Keldeo|Keldeo-Resolute|100/100
|
|upkeep
|turn|7
|
|t:|1666419186
|switch|p2a: Hatterene|Hatterene, F|100/100
|-damage|p2a: Hatterene|88/100|[from] Stealth Rock
|move|p1a: Keldeo|Flip Turn|p2a: Hatterene
|-damage|p2a: Hatterene|76/100
|c| CyborgCrafter|these teams are very similar
|c|☆Queen of Bean ✿|not that much
|
|t:|1666419202
|switch|p1a: Jirachi|Jirachi|100/100|[from]move: Flip Turn
|
|-heal|p2a: Hatterene|82/100|[from] item: Leftovers
|upkeep
|turn|8
|c| CyborgCrafter|well
|c| CyborgCrafter|uve both got 3 of the same mons
|c| CyborgCrafter|and a nido
|
|t:|1666419218
|switch|p2a: Salamence|Salamence, F|100/100
|-ability|p2a: Salamence|Intimidate|boost
|-unboost|p1a: Jirachi|atk|1
|move|p1a: Jirachi|Iron Head|p2a: Salamence
|-damage|p2a: Salamence|88/100
|
|upkeep
|turn|9
|c|☆Queen of Bean ✿|but the sets are different
|c| CyborgCrafter|ok
|
|t:|1666419233
|move|p1a: Jirachi|U-turn|p2a: Salamence
|-resisted|p2a: Salamence
|-damage|p2a: Salamence|84/100
|c| CyborgCrafter|but the team comp is similar
|
|t:|1666419237
|switch|p1a: Chansey|Chansey, F|91/100|[from]move: U-turn
|move|p2a: Salamence|Defog|p1a: Chansey
|-unboost|p1a: Chansey|evasion|1
|-sideend|p2: Rolerola|Stealth Rock|[from] move: Defog|[of] p2a: Salamence
|
|upkeep
|turn|10
|
|t:|1666419242
|switch|p2a: Hatterene|Hatterene, F|82/100
|move|p1a: Chansey|Teleport|p1a: Chansey
|
|t:|1666419248
|switch|p1a: Nidoking|Nidoking, M|100/100|[from]move: Teleport
|
|-heal|p2a: Hatterene|88/100|[from] item: Leftovers
|upkeep
|turn|11
|
|t:|1666419253
|switch|p2a: Chansey|Chansey, F|82/100
|move|p1a: Nidoking|Sludge Wave|p2a: Chansey
|-damage|p2a: Chansey|62/100
|
|upkeep
|turn|12
|
|t:|1666419257
|move|p1a: Nidoking|Stealth Rock|p2a: Chansey
|-sidestart|p2: Rolerola|move: Stealth Rock
|move|p2a: Chansey|Soft-Boiled|p2a: Chansey
|-heal|p2a: Chansey|100/100
|
|upkeep
|turn|13
|
|t:|1666419269
|move|p1a: Nidoking|Sludge Wave|p2a: Chansey
|-damage|p2a: Chansey|83/100
|move|p2a: Chansey|Seismic Toss|p1a: Nidoking
|-damage|p1a: Nidoking|67/100
|
|upkeep
|turn|14
|c|+Goro Yagami|because you guys need to be bold
|c|+Goro Yagami|run HO
|c|+Goro Yagami|join the light
|c|☆Queen of Bean ✿|naurrr
|
|t:|1666419283
|switch|p1a: Jirachi|Jirachi|100/100
|move|p2a: Chansey|Teleport|p2a: Chansey
|c|☆Rolerola|Stalamence for life
|
|t:|1666419301
|switch|p2a: Salamence|Salamence, F|84/100|[from]move: Teleport
|-ability|p2a: Salamence|Intimidate|boost
|-unboost|p1a: Jirachi|atk|1
|
|upkeep
|turn|15
|c|+Goro Yagami|//ban
|
|t:|1666419309
|move|p1a: Jirachi|Wish|p1a: Jirachi
|move|p2a: Salamence|Defog|p1a: Jirachi
|-unboost|p1a: Jirachi|evasion|1
|-sideend|p2: Rolerola|Stealth Rock|[from] move: Defog|[of] p2a: Salamence
|
|upkeep
|turn|16
|
|t:|1666419320
|switch|p2a: Keldeo|Keldeo-Resolute|94/100
|move|p1a: Jirachi|U-turn|p2a: Keldeo
|-resisted|p2a: Keldeo
|-damage|p2a: Keldeo|88/100
|
|t:|1666419326
|switch|p1a: Salamence|Salamence, M|64/100|[from]move: U-turn
|-ability|p1a: Salamence|Intimidate|boost
|-unboost|p2a: Keldeo|atk|1
|
|-heal|p1a: Salamence|100/100|[from] move: Wish|[wisher] Jirachi
|upkeep
|turn|17
|
|t:|1666419333
|switch|p1a: Jirachi|Jirachi|100/100
|move|p2a: Keldeo|Secret Sword|p1a: Jirachi
|-damage|p1a: Jirachi|52/100
|
|-heal|p1a: Jirachi|58/100|[from] item: Leftovers
|upkeep
|turn|18
|
|t:|1666419340
|switch|p1a: Salamence|Salamence, M|100/100
|-ability|p1a: Salamence|Intimidate|boost
|-unboost|p2a: Keldeo|atk|1
|move|p2a: Keldeo|Secret Sword|p1a: Salamence
|-resisted|p1a: Salamence
|-damage|p1a: Salamence|73/100
|
|upkeep
|turn|19
|
|t:|1666419347
|switch|p2a: Hatterene|Hatterene, F|88/100
|move|p1a: Salamence|Dual Wingbeat|p2a: Hatterene
|-damage|p2a: Hatterene|71/100
|-damage|p2a: Hatterene|54/100
|-hitcount|p2a: Hatterene|2
|
|-heal|p2a: Hatterene|60/100|[from] item: Leftovers
|upkeep
|turn|20
|
|t:|1666419353
|switch|p1a: Jirachi|Jirachi|58/100
|move|p2a: Hatterene|Draining Kiss|p1a: Jirachi
|-resisted|p1a: Jirachi
|-damage|p1a: Jirachi|49/100
|-heal|p2a: Hatterene|70/100|[from] drain|[of] p1a: Jirachi
|
|-heal|p1a: Jirachi|55/100|[from] item: Leftovers
|-heal|p2a: Hatterene|76/100|[from] item: Leftovers
|upkeep
|turn|21
|
|t:|1666419359
|move|p1a: Jirachi|Wish|p1a: Jirachi
|move|p2a: Hatterene|Nuzzle|p1a: Jirachi
|-damage|p1a: Jirachi|51/100
|-status|p1a: Jirachi|par
|
|-heal|p1a: Jirachi|58/100 par|[from] item: Leftovers
|-heal|p2a: Hatterene|82/100|[from] item: Leftovers
|upkeep
|turn|22
|c|☆Queen of Bean ✿|nice
|
|t:|1666419366
|switch|p2a: Nidoqueen|Nidoqueen, F|100/100
|cant|p1a: Jirachi|par
|
|-heal|p1a: Jirachi|100/100 par|[from] move: Wish|[wisher] Jirachi
|upkeep
|turn|23
|
|t:|1666419377
|switch|p1a: Keldeo|Keldeo-Resolute|100/100
|move|p2a: Nidoqueen|Stealth Rock|p1a: Keldeo
|-sidestart|p1: Queen of Bean ✿|move: Stealth Rock
|
|upkeep
|turn|24
|
|t:|1666419387
|switch|p2a: Salamence|Salamence, F|84/100
|-ability|p2a: Salamence|Intimidate|boost
|-unboost|p1a: Keldeo|atk|1
|move|p1a: Keldeo|Toxic|p2a: Salamence
|-status|p2a: Salamence|tox
|
|-damage|p2a: Salamence|78/100 tox|[from] psn
|upkeep
|turn|25
|c|☆Queen of Bean ✿|dont mind me
|
|t:|1666419399
|move|p1a: Keldeo|Flip Turn|p2a: Salamence
|-resisted|p2a: Salamence
|-damage|p2a: Salamence|74/100 tox
|c|☆Queen of Bean ✿|just toxic flip turn keldeo
|
|t:|1666419406
|switch|p1a: Chansey|Chansey, F|91/100|[from]move: Flip Turn
|-damage|p1a: Chansey|79/100|[from] Stealth Rock
|move|p2a: Salamence|Wish|p2a: Salamence
|
|-damage|p2a: Salamence|62/100 tox|[from] psn
|upkeep
|turn|26
|
|t:|1666419412
|switch|p2a: Scizor|Scizor, F|100/100
|move|p1a: Chansey|Teleport|p1a: Chansey
|
|t:|1666419417
|switch|p1a: Salamence|Salamence, M|73/100|[from]move: Teleport
|-ability|p1a: Salamence|Intimidate|boost
|-unboost|p2a: Scizor|atk|1
|
|upkeep
|turn|27
|
|t:|1666419422
|move|p1a: Salamence|Defog|p2a: Scizor
|-unboost|p2a: Scizor|evasion|1
|-sideend|p1: Queen of Bean ✿|Stealth Rock|[from] move: Defog|[of] p1a: Salamence
|move|p2a: Scizor|Dual Wingbeat|p1a: Salamence
|-damage|p1a: Salamence|54/100
|-damage|p1a: Salamence|35/100
|-hitcount|p1a: Salamence|2
|
|upkeep
|turn|28
|
|t:|1666419425
|switch|p2a: Keldeo|Keldeo-Resolute|88/100
|move|p1a: Salamence|Roost|p1a: Salamence
|-heal|p1a: Salamence|85/100
|-singleturn|p1a: Salamence|move: Roost
|
|upkeep
|turn|29
|
|t:|1666419439
|move|p2a: Keldeo|Icy Wind|p1a: Salamence
|-supereffective|p1a: Salamence
|-damage|p1a: Salamence|0 fnt
|faint|p1a: Salamence
|
|upkeep
|c|☆Queen of Bean ✿|NOOO
|c|☆Queen of Bean ✿|now i lose to sciz
|c|☆Queen of Bean ✿|im bad
|
|t:|1666419455
|switch|p1a: Keldeo|Keldeo-Resolute|100/100
|turn|30
|
|t:|1666419465
|switch|p2a: Hatterene|Hatterene, F|82/100
|move|p1a: Keldeo|Flip Turn|p2a: Hatterene
|-damage|p2a: Hatterene|69/100
|
|t:|1666419474
|switch|p1a: Nidoking|Nidoking, M|67/100|[from]move: Flip Turn
|
|-heal|p2a: Hatterene|75/100|[from] item: Leftovers
|upkeep
|turn|31
|
|t:|1666419481
|move|p1a: Nidoking|Sludge Wave|p2a: Hatterene
|-supereffective|p2a: Hatterene
|-damage|p2a: Hatterene|0 fnt
|faint|p2a: Hatterene
|
|upkeep
|
|t:|1666419483
|switch|p2a: Keldeo|Keldeo-Resolute|88/100
|turn|32
|
|t:|1666419495
|switch|p1a: Chansey|Chansey, F|79/100
|move|p2a: Keldeo|Surf|p1a: Chansey
|-damage|p1a: Chansey|58/100
|
|upkeep
|turn|33
|
|t:|1666419509
|switch|p2a: Chansey|Chansey, F|83/100
|move|p1a: Chansey|Teleport|p1a: Chansey
|j| Brie_Cheesee
|
|t:|1666419513
|switch|p1a: Keldeo|Keldeo-Resolute|100/100|[from]move: Teleport
|
|upkeep
|turn|34
|
|t:|1666419518
|move|p1a: Keldeo|Secret Sword|p2a: Chansey
|-supereffective|p2a: Chansey
|-damage|p2a: Chansey|25/100
|move|p2a: Chansey|Teleport|p2a: Chansey
|
|t:|1666419523
|switch|p2a: Keldeo|Keldeo-Resolute|88/100|[from]move: Teleport
|
|upkeep
|turn|35
|
|t:|1666419537
|switch|p1a: Jirachi|Jirachi|100/100 par
|move|p2a: Keldeo|Air Slash|p1a: Jirachi
|-resisted|p1a: Jirachi
|-damage|p1a: Jirachi|83/100 par
|
|-heal|p1a: Jirachi|90/100 par|[from] item: Leftovers
|upkeep
|turn|36
|
|t:|1666419542
|switch|p2a: Salamence|Salamence, F|62/100 tox
|-ability|p2a: Salamence|Intimidate|boost
|-unboost|p1a: Jirachi|atk|1
|move|p1a: Jirachi|U-turn|p2a: Salamence
|-resisted|p2a: Salamence
|-damage|p2a: Salamence|59/100 tox
|
|t:|1666419549
|switch|p1a: Nidoking|Nidoking, M|67/100|[from]move: U-turn
|
|-damage|p2a: Salamence|53/100 tox|[from] psn
|upkeep
|turn|37
|
|t:|1666419557
|move|p1a: Nidoking|Sludge Wave|p2a: Salamence
|-damage|p2a: Salamence|0 fnt
|faint|p2a: Salamence
|
|upkeep
|
|t:|1666419558
|switch|p2a: Chansey|Chansey, F|25/100
|turn|38
|
|t:|1666419560
|move|p1a: Nidoking|Sludge Wave|p2a: Chansey
|-damage|p2a: Chansey|6/100
|move|p2a: Chansey|Soft-Boiled|p2a: Chansey
|-heal|p2a: Chansey|56/100
|
|upkeep
|turn|39
|
|t:|1666419564
|switch|p1a: Keldeo|Keldeo-Resolute|100/100
|move|p2a: Chansey|Soft-Boiled|p2a: Chansey
|-heal|p2a: Chansey|100/100
|
|upkeep
|turn|40
|c|☆Queen of Bean ✿|or not
|c|☆Queen of Bean ✿|still in this
|
|t:|1666419581
|move|p1a: Keldeo|Secret Sword|p2a: Chansey
|-supereffective|p2a: Chansey
|-damage|p2a: Chansey|38/100
|move|p2a: Chansey|Seismic Toss|p1a: Keldeo
|-damage|p1a: Keldeo|70/100
|
|-heal|p1a: Keldeo|76/100|[from] item: Leftovers
|upkeep
|turn|41
|l| Brie_Cheesee
|
|t:|1666419586
|move|p1a: Keldeo|Secret Sword|p2a: Chansey
|-supereffective|p2a: Chansey
|-damage|p2a: Chansey|0 fnt
|faint|p2a: Chansey
|
|-heal|p1a: Keldeo|82/100|[from] item: Leftovers
|upkeep
|
|t:|1666419595
|switch|p2a: Keldeo|Keldeo-Resolute|88/100
|turn|42
|c|☆Rolerola|I may be stupid
|
|t:|1666419605
|switch|p1a: Jirachi|Jirachi|90/100 par
|move|p2a: Keldeo|Secret Sword|p1a: Jirachi
|-damage|p1a: Jirachi|41/100 par
|
|-heal|p1a: Jirachi|48/100 par|[from] item: Leftovers
|upkeep
|turn|43
|c|☆Queen of Bean ✿|same tbh
|
|t:|1666419618
|move|p2a: Keldeo|Secret Sword|p1a: Jirachi
|-damage|p1a: Jirachi|0 fnt
|faint|p1a: Jirachi
|
|upkeep
|
|t:|1666419621
|switch|p1a: Zarude|Zarude-Dada|100/100
|turn|44
|
|t:|1666419629
|move|p1a: Zarude|Darkest Lariat|p2a: Keldeo
|-resisted|p2a: Keldeo
|-damage|p2a: Keldeo|64/100
|-ability|p2a: Keldeo|Justified|boost
|-boost|p2a: Keldeo|atk|1
|move|p2a: Keldeo|Secret Sword|p1a: Zarude
|-supereffective|p1a: Zarude
|-damage|p1a: Zarude|0 fnt
|faint|p1a: Zarude
|
|upkeep
|c|☆Queen of Bean ✿|AAAAAAAAAAAa
|c|☆Queen of Bean ✿|I SUCK
|
|t:|1666419640
|switch|p1a: Nidoking|Nidoking, M|67/100
|turn|45
|c|☆Queen of Bean ✿|lol
|
|t:|1666419647
|switch|p2a: Nidoqueen|Nidoqueen, F|100/100
|move|p1a: Nidoking|Earth Power|p2a: Nidoqueen
|-supereffective|p2a: Nidoqueen
|-damage|p2a: Nidoqueen|0 fnt
|faint|p2a: Nidoqueen
|
|upkeep
|
|t:|1666419650
|switch|p2a: Keldeo|Keldeo-Resolute|64/100
|turn|46
|
|t:|1666419655
|switch|p1a: Chansey|Chansey, F|58/100
|move|p2a: Keldeo|Secret Sword|p1a: Chansey
|-supereffective|p1a: Chansey
|-damage|p1a: Chansey|0 fnt
|faint|p1a: Chansey
|
|upkeep
|
|t:|1666419660
|switch|p1a: Nidoking|Nidoking, M|67/100
|turn|47
|
|t:|1666419662
|move|p2a: Keldeo|Secret Sword|p1a: Nidoking
|-resisted|p1a: Nidoking
|-damage|p1a: Nidoking|21/100
|move|p1a: Nidoking|Earth Power|p2a: Keldeo
|-damage|p2a: Keldeo|0 fnt
|faint|p2a: Keldeo
|
|upkeep
|
|t:|1666419665
|switch|p2a: Scizor|Scizor, F|100/100
|turn|48
|
|t:|1666419670
|move|p2a: Scizor|Bullet Punch|p1a: Nidoking
|-damage|p1a: Nidoking|0 fnt
|faint|p1a: Nidoking
|
|upkeep
|
|t:|1666419673
|switch|p1a: Keldeo|Keldeo-Resolute|82/100
|turn|49
|c|☆Queen of Bean ✿|hmm
|c|☆Queen of Bean ✿|who wins this
|c|☆Queen of Bean ✿|your banded no?
|c|☆Rolerola|Yep
|
|t:|1666419689
|move|p2a: Scizor|Bullet Punch|p1a: Keldeo
|-resisted|p1a: Keldeo
|-damage|p1a: Keldeo|53/100
|move|p1a: Keldeo|Scald|p2a: Scizor
|-damage|p2a: Scizor|51/100
|
|-heal|p1a: Keldeo|59/100|[from] item: Leftovers
|upkeep
|turn|50
|c|☆Queen of Bean ✿|nice!
|c|☆Queen of Bean ✿|close game
|c|☆Queen of Bean ✿|fun one too
|c|☆Queen of Bean ✿|gg wp
|
|t:|1666419703
|move|p2a: Scizor|Bullet Punch|p1a: Keldeo
|-resisted|p1a: Keldeo
|-crit|p1a: Keldeo
|-damage|p1a: Keldeo|14/100
|move|p1a: Keldeo|Scald|p2a: Scizor
|-damage|p2a: Scizor|3/100
|
|-heal|p1a: Keldeo|20/100|[from] item: Leftovers
|upkeep
|turn|51
|c|☆Rolerola|Sure was
|c|☆Queen of Bean ✿|NOOOO
|c|☆Rolerola|Gg!
|c|☆Queen of Bean ✿|THE CRIT
|c|☆Rolerola|Oh
|c|☆Rolerola|Uh
|c|☆Rolerola|Hm
|c|☆Queen of Bean ✿|that
|c|☆Queen of Bean ✿|was so sad
|inactive|Queen of Bean ✿ has 120 seconds left.
|c|☆Queen of Bean ✿|forfeit perchance?
|c|☆Queen of Bean ✿|you dont have to]
|c|☆Queen of Bean ✿|but maybe??
|c|☆Rolerola|Flipping a coin
|c|☆Queen of Bean ✿|uwu
|inactive|Rolerola has 120 seconds left.
|c|☆Rolerola|Have no coin at hand, just threw my phone instead
|inactive|Rolerola has 90 seconds left.
|c|☆Queen of Bean ✿|lolll
|c|☆Rolerola|And the result is...
|-message|Rolerola forfeited.
|
|win|Queen of Bean ✿
|raw|Queen of Bean ✿'s rating: 1456 &rarr; <strong>1484</strong><br />(+28 for winning)
|raw|Rolerola's rating: 1607 &rarr; <strong>1579</strong><br />(-28 for losing)
|c|☆Queen of Bean ✿|<3
|c|☆Rolerola|Congratulations!
|c|☆Queen of Bean ✿|tysm
|l|☆Rolerola
|c|☆Queen of Bean ✿|cya :>
|l|☆Queen of Bean ✿
|l|+Goro Yagami
|j|☆Rolerola
|player|p2|Rolerola|iris
