|j|☆n8maxima
|j|☆Springerk
|t:|1648574732
|gametype|singles
|player|p1|n8maxima|gambler|1335
|player|p2|Springerk|psychic|1377
|teamsize|p1|6
|teamsize|p2|6
|gen|8
|tier|[Gen 8] UU
|rated|
|rule|Sleep Clause Mod: Limit one foe put to sleep
|rule|Species Clause: Limit one of each Pokémon
|rule|OHKO Clause: OHKO moves are banned
|rule|Evasion Moves Clause: Evasion moves are banned
|rule|Endless Battle Clause: Forcing endless battles is banned
|rule|HP Percentage Mod: HP is shown in percentages
|rule|Dynamax Clause: You cannot dynamax
|clearpoke
|poke|p1|Polteageist|
|poke|p1|Cloyster, F|
|poke|p1|Excadrill, F|
|poke|p1|Raikou|
|poke|p1|Celesteela|
|poke|p1|Scolipede, M|
|poke|p2|Nidoqueen, F|
|poke|p2|Starmie|
|poke|p2|Cobalion|
|poke|p2|Moltres-Galar|
|poke|p2|Tapu Bulu|
|poke|p2|Thundurus-Therian, M|
|teampreview
|
|t:|1648574774
|start
|switch|p1a: Excadrill|Excadrill, F|100/100
|switch|p2a: Starmie|Starmie|100/100
|-ability|p1a: Excadrill|Mold Breaker
|turn|1
|inactive|Battle timer is ON: inactive players will automatically lose when time's up. (requested by n8maxima)
|
|t:|1648574783
|move|p2a: Starmie|Scald|p1a: Excadrill
|-supereffective|p1a: Excadrill
|-crit|p1a: Excadrill
|-enditem|p1a: Excadrill|Focus Sash
|-damage|p1a: Excadrill|1/100
|move|p1a: Excadrill|Rapid Spin|p2a: Starmie
|-damage|p2a: Starmie|79/100
|-boost|p1a: Excadrill|spe|1
|
|upkeep
|turn|2
|
|t:|1648574791
|move|p1a: Excadrill|Earthquake|p2a: Starmie
|-damage|p2a: Starmie|13/100
|move|p2a: Starmie|Rapid Spin|p1a: Excadrill
|-resisted|p1a: Excadrill
|-damage|p1a: Excadrill|0 fnt
|-boost|p2a: Starmie|spe|1
|faint|p1a: Excadrill
|
|upkeep
|
|t:|1648574811
|switch|p1a: Raikou|Raikou, shiny|100/100
|turn|3
|
|t:|1648574820
|move|p2a: Starmie|Psyshock|p1a: Raikou
|-damage|p1a: Raikou|60/100
|move|p1a: Raikou|Calm Mind|p1a: Raikou
|-boost|p1a: Raikou|spa|1
|-boost|p1a: Raikou|spd|1
|
|upkeep
|turn|4
|
|t:|1648574835
|move|p2a: Starmie|Psyshock|p1a: Raikou
|-damage|p1a: Raikou|23/100
|move|p1a: Raikou|Thunderbolt|p2a: Starmie
|-supereffective|p2a: Starmie
|-damage|p2a: Starmie|0 fnt
|faint|p2a: Starmie
|-damage|p1a: Raikou|13/100|[from] item: Life Orb
|
|upkeep
|inactive|Springerk has 120 seconds left.
|
|t:|1648574875
|switch|p2a: Tapu Bulu|Tapu Bulu|100/100
|-fieldstart|move: Grassy Terrain|[from] ability: Grassy Surge|[of] p2a: Tapu Bulu
|turn|5
|inactive|n8maxima has 120 seconds left.
|
|t:|1648574916
|move|p2a: Tapu Bulu|Stone Edge|p1a: Raikou
|-damage|p1a: Raikou|0 fnt
|faint|p1a: Raikou
|
|upkeep
|
|t:|1648574922
|switch|p1a: Cloyster|Cloyster, F, shiny|100/100
|turn|6
|
|t:|1648574926
|move|p2a: Tapu Bulu|Stone Edge|p1a: Cloyster|[miss]
|-miss|p2a: Tapu Bulu|p1a: Cloyster
|move|p1a: Cloyster|Shell Smash|p1a: Cloyster
|-unboost|p1a: Cloyster|def|1
|-unboost|p1a: Cloyster|spd|1
|-boost|p1a: Cloyster|atk|2
|-boost|p1a: Cloyster|spa|2
|-boost|p1a: Cloyster|spe|2
|-enditem|p1a: Cloyster|White Herb
|-clearnegativeboost|p1a: Cloyster|[silent]
|
|upkeep
|turn|7
|inactive|n8maxima has 120 seconds left.
|
|t:|1648574938
|move|p1a: Cloyster|Shell Smash|p1a: Cloyster
|-unboost|p1a: Cloyster|def|1
|-unboost|p1a: Cloyster|spd|1
|-boost|p1a: Cloyster|atk|2
|-boost|p1a: Cloyster|spa|2
|-boost|p1a: Cloyster|spe|2
|move|p2a: Tapu Bulu|Stone Edge|p1a: Cloyster|[miss]
|-miss|p2a: Tapu Bulu|p1a: Cloyster
|
|upkeep
|turn|8
|
|t:|1648574947
|move|p1a: Cloyster|Icicle Spear|p2a: Tapu Bulu
|-supereffective|p2a: Tapu Bulu
|-damage|p2a: Tapu Bulu|29/100
|-supereffective|p2a: Tapu Bulu
|-damage|p2a: Tapu Bulu|0 fnt
|faint|p2a: Tapu Bulu
|-hitcount|p2: Tapu Bulu|2
|
|upkeep
|
|t:|1648574951
|switch|p2a: Cobalion|Cobalion|100/100
|turn|9
|
|t:|1648574955
|move|p1a: Cloyster|Icicle Spear|p2a: Cobalion
|-resisted|p2a: Cobalion
|-damage|p2a: Cobalion|87/100
|-resisted|p2a: Cobalion
|-damage|p2a: Cobalion|75/100
|-resisted|p2a: Cobalion
|-damage|p2a: Cobalion|61/100
|-resisted|p2a: Cobalion
|-damage|p2a: Cobalion|47/100
|-resisted|p2a: Cobalion
|-damage|p2a: Cobalion|35/100
|-hitcount|p2a: Cobalion|5
|move|p2a: Cobalion|Close Combat|p1a: Cloyster
|-supereffective|p1a: Cloyster
|-damage|p1a: Cloyster|0 fnt
|-unboost|p2a: Cobalion|def|1
|-unboost|p2a: Cobalion|spd|1
|faint|p1a: Cloyster
|
|-heal|p2a: Cobalion|41/100|[from] Grassy Terrain
|-fieldend|move: Grassy Terrain
|upkeep
|
|t:|1648574971
|switch|p1a: Polteageist|Polteageist, shiny|100/100
|turn|10
|
|t:|1648574974
|move|p2a: Cobalion|Iron Head|p1a: Polteageist
|-damage|p1a: Polteageist|43/100
|-ability|p1a: Polteageist|Weak Armor|boost
|-unboost|p1a: Polteageist|def|1
|-boost|p1a: Polteageist|spe|2
|cant|p1a: Polteageist|flinch
|
|upkeep
|turn|11
|
|t:|1648574985
|move|p1a: Polteageist|Shadow Ball|p2a: Cobalion
|-damage|p2a: Cobalion|0 fnt
|faint|p2a: Cobalion
|
|upkeep
|
|t:|1648574991
|switch|p2a: Moltres|Moltres-Galar|100/100
|turn|12
|
|t:|1648574996
|move|p1a: Polteageist|Shell Smash|p1a: Polteageist
|-unboost|p1a: Polteageist|def|1
|-unboost|p1a: Polteageist|spd|1
|-boost|p1a: Polteageist|atk|2
|-boost|p1a: Polteageist|spa|2
|-boost|p1a: Polteageist|spe|2
|move|p2a: Moltres|Nasty Plot|p2a: Moltres
|-boost|p2a: Moltres|spa|2
|
|upkeep
|turn|13
|
|t:|1648575004
|move|p1a: Polteageist|Shadow Ball|p2a: Moltres
|-resisted|p2a: Moltres
|-damage|p2a: Moltres|57/100
|move|p2a: Moltres|Nasty Plot|p2a: Moltres
|-boost|p2a: Moltres|spa|2
|
|upkeep
|turn|14
|
|t:|1648575013
|move|p1a: Polteageist|Shadow Ball|p2a: Moltres
|-resisted|p2a: Moltres
|-damage|p2a: Moltres|16/100
|-unboost|p2a: Moltres|spd|1
|-ability|p2a: Moltres|Berserk|boost
|-boost|p2a: Moltres|spa|1
|-enditem|p2a: Moltres|Sitrus Berry|[eat]
|-heal|p2a: Moltres|41/100|[from] item: Sitrus Berry
|move|p2a: Moltres|Fiery Wrath|p1a: Polteageist
|-supereffective|p1a: Polteageist
|-damage|p1a: Polteageist|0 fnt
|faint|p1a: Polteageist
|
|upkeep
|
|t:|1648575024
|switch|p1a: Celesteela|Celesteela, shiny|100/100
|turn|15
|
|t:|1648575039
|move|p2a: Moltres|Fiery Wrath|p1a: Celesteela
|-damage|p1a: Celesteela|0 fnt
|faint|p1a: Celesteela
|
|upkeep
|
|t:|1648575043
|switch|p1a: Scolipede|Scolipede, M, shiny|100/100
|turn|16
|
|t:|1648575046
|move|p1a: Scolipede|Rock Slide|p2a: Moltres|[miss]
|-miss|p1a: Scolipede|p2a: Moltres
|move|p2a: Moltres|Fiery Wrath|p1a: Scolipede
|-damage|p1a: Scolipede|0 fnt
|faint|p1a: Scolipede
|
|win|Springerk
|raw|n8maxima's rating: 1335 &rarr; <strong>1317</strong><br />(-18 for losing)
|raw|Springerk's rating: 1377 &rarr; <strong>1395</strong><br />(+18 for winning)
|c|☆n8maxima|lol
|c|☆Springerk|wtf?
|c|☆n8maxima|flinch on me then miss
|c|☆Springerk|hhaha
|c|☆n8maxima|thats the game
|l|☆n8maxima
|c|☆Springerk|yeah and the two misses?
|c|☆Springerk|ouais c'est bien ce qui me semblait
||Ladder isn't responding, score probably updated but might not have (Request timeout).
