|j|☆Shades438
|j|☆ninjadouche
|t:|1662391764
|gametype|singles
|player|p1|Shades438|brendan-gen3rs|1380
|player|p2|ninjadouche|burglar|1405
|teamsize|p1|6
|teamsize|p2|6
|gen|8
|tier|[Gen 8] UU
|rated|
|rule|Sleep Clause Mod: Limit one foe put to sleep
|rule|Species Clause: Limit one of each Pokémon
|rule|OHKO Clause: OHKO moves are banned
|rule|Evasion Items Clause: Evasion items are banned
|rule|Evasion Moves Clause: Evasion moves are banned
|rule|Endless Battle Clause: Forcing endless battles is banned
|rule|HP Percentage Mod: HP is shown in percentages
|rule|Dynamax Clause: You cannot dynamax
|clearpoke
|poke|p1|Politoed, M|
|poke|p1|Kingdra, M|
|poke|p1|Salamence, F|
|poke|p1|Amoonguss, M|
|poke|p1|Kabutops, M|
|poke|p1|Thundurus-Therian, M|
|poke|p2|Aggron, M|
|poke|p2|Marowak-Alola, M|
|poke|p2|Ninetales, F|
|poke|p2|Diggersby, F|
|poke|p2|Rotom-Wash|
|poke|p2|Shiftry, F|
|teampreview
|inactive|Battle timer is ON: inactive players will automatically lose when time's up. (requested by Shades438)
|c|☆ninjadouche|gl bro
|
|t:|1662391781
|start
|switch|p1a: Politoed|Politoed, M|100/100
|switch|p2a: Rotom|Rotom-Wash|100/100
|-weather|RainDance|[from] ability: Drizzle|[of] p1a: Politoed
|turn|1
|c|☆Shades438|you too
|
|t:|1662391792
|switch|p1a: Amoonguss|Amoonguss, M|100/100
|move|p2a: Rotom|Hydro Pump|p1a: Amoonguss
|-resisted|p1a: Amoonguss
|-damage|p1a: Amoonguss|74/100
|-enditem|p1a: Amoonguss|Eject Button
|
|t:|1662391813
|switch|p1a: Thundurus|Thundurus-Therian, M|100/100
|
|-weather|RainDance|[upkeep]
|upkeep
|turn|2
|
|t:|1662391831
|switch|p2a: Marowak|Marowak-Alola, M|100/100
|move|p1a: Thundurus|Nasty Plot|p1a: Thundurus
|-boost|p1a: Thundurus|spa|2
|
|-weather|RainDance|[upkeep]
|upkeep
|turn|3
|inactive|ninjadouche has 120 seconds left.
|
|t:|1662391860
|move|p1a: Thundurus|Weather Ball|p2a: Marowak
|-supereffective|p2a: Marowak
|-damage|p2a: Marowak|0 fnt
|faint|p2a: Marowak
|
|-weather|RainDance|[upkeep]
|upkeep
|
|t:|1662391862
|switch|p2a: Aggron|Aggron, M|100/100
|turn|4
|
|t:|1662391867
|move|p1a: Thundurus|Weather Ball|p2a: Aggron
|-supereffective|p2a: Aggron
|-ability|p2a: Aggron|Sturdy
|-damage|p2a: Aggron|1/100
|move|p2a: Aggron|Metal Burst|p1a: Thundurus
|-damage|p1a: Thundurus|0 fnt
|faint|p1a: Thundurus
|
|-weather|RainDance|[upkeep]
|upkeep
|
|t:|1662391871
|switch|p1a: Kingdra|Kingdra, M|100/100
|turn|5
|c|☆ninjadouche|such power
|-enditem|p2a: Aggron|Custap Berry|[eat]
|-activate|p2a: Aggron|item: Custap Berry|[consumed]
|
|t:|1662391882
|move|p2a: Aggron|Head Smash|p1a: Kingdra
|-damage|p1a: Kingdra|8/100
|-damage|p2a: Aggron|0 fnt|[from] Recoil
|faint|p2a: Aggron
|move|p1a: Kingdra|Flip Turn|p2: Aggron|[notarget]
|-fail|p1a: Kingdra
|
|-weather|RainDance|[upkeep]
|upkeep
|
|t:|1662391888
|switch|p2a: Ninetales|Ninetales, F|100/100
|-weather|SunnyDay|[from] ability: Drought|[of] p2a: Ninetales
|turn|6
|
|t:|1662391892
|switch|p1a: Politoed|Politoed, M|100/100
|-weather|RainDance|[from] ability: Drizzle|[of] p1a: Politoed
|move|p2a: Ninetales|Energy Ball|p1a: Politoed
|-supereffective|p1a: Politoed
|-damage|p1a: Politoed|38/100
|-unboost|p1a: Politoed|spd|1
|
|-weather|RainDance|[upkeep]
|upkeep
|turn|7
|
|t:|1662391912
|switch|p2a: Shiftry|Shiftry, F|100/100
|switch|p1a: Salamence|Salamence, F|100/100
|-ability|p1a: Salamence|Intimidate|boost
|-unboost|p2a: Shiftry|atk|1
|
|-weather|RainDance|[upkeep]
|upkeep
|turn|8
|
|t:|1662391920
|switch|p2a: Diggersby|Diggersby, F|100/100
|move|p1a: Salamence|Draco Meteor|p2a: Diggersby|[miss]
|-miss|p1a: Salamence|p2a: Diggersby
|
|-weather|RainDance|[upkeep]
|upkeep
|turn|9
|
|t:|1662391927
|move|p1a: Salamence|Draco Meteor|p2a: Diggersby
|-damage|p2a: Diggersby|65/100
|-unboost|p1a: Salamence|spa|2
|move|p2a: Diggersby|Ice Punch|p1a: Salamence
|-supereffective|p1a: Salamence
|-damage|p1a: Salamence|0 fnt
|faint|p1a: Salamence
|
|-weather|RainDance|[upkeep]
|upkeep
|
|t:|1662391931
|switch|p1a: Kabutops|Kabutops, M|100/100
|turn|10
|
|t:|1662391939
|switch|p2a: Rotom|Rotom-Wash|100/100
|move|p1a: Kabutops|Liquidation|p2a: Rotom
|-resisted|p2a: Rotom
|-damage|p2a: Rotom|64/100
|-unboost|p2a: Rotom|def|1
|-damage|p1a: Kabutops|91/100|[from] item: Life Orb
|
|-weather|RainDance|[upkeep]
|-heal|p2a: Rotom|70/100|[from] item: Leftovers
|upkeep
|turn|11
|
|t:|1662391957
|switch|p2a: Diggersby|Diggersby, F|65/100
|move|p1a: Kabutops|Stone Edge|p2a: Diggersby
|-resisted|p2a: Diggersby
|-damage|p2a: Diggersby|24/100
|-damage|p1a: Kabutops|81/100|[from] item: Life Orb
|
|-weather|RainDance|[upkeep]
|upkeep
|turn|12
|
|t:|1662391963
|move|p1a: Kabutops|Liquidation|p2a: Diggersby
|-supereffective|p2a: Diggersby
|-damage|p2a: Diggersby|0 fnt
|faint|p2a: Diggersby
|-damage|p1a: Kabutops|71/100|[from] item: Life Orb
|
|-weather|RainDance|[upkeep]
|upkeep
|
|t:|1662391967
|switch|p2a: Rotom|Rotom-Wash|70/100
|turn|13
|
|t:|1662391973
|switch|p1a: Amoonguss|Amoonguss, M|100/100
|move|p2a: Rotom|Volt Switch|p1a: Amoonguss
|-resisted|p1a: Amoonguss
|-damage|p1a: Amoonguss|89/100
|
|t:|1662391976
|switch|p2a: Ninetales|Ninetales, F|100/100|[from]move: Volt Switch
|-weather|SunnyDay|[from] ability: Drought|[of] p2a: Ninetales
|
|-weather|SunnyDay|[upkeep]
|upkeep
|turn|14
|
|t:|1662391986
|move|p2a: Ninetales|Overheat|p1a: Amoonguss
|-supereffective|p1a: Amoonguss
|-damage|p1a: Amoonguss|0 fnt
|-unboost|p2a: Ninetales|spa|2
|faint|p1a: Amoonguss
|
|-weather|SunnyDay|[upkeep]
|upkeep
|
|t:|1662391989
|switch|p1a: Politoed|Politoed, M|38/100
|-weather|RainDance|[from] ability: Drizzle|[of] p1a: Politoed
|turn|15
|
|t:|1662391998
|switch|p2a: Rotom|Rotom-Wash|70/100
|switch|p1a: Kingdra|Kingdra, M|8/100
|
|-weather|RainDance|[upkeep]
|-heal|p2a: Rotom|76/100|[from] item: Leftovers
|upkeep
|turn|16
|
|t:|1662392010
|move|p1a: Kingdra|Draco Meteor|p2a: Rotom
|-damage|p2a: Rotom|0 fnt
|-unboost|p1a: Kingdra|spa|2
|faint|p2a: Rotom
|
|-weather|RainDance|[upkeep]
|upkeep
|
|t:|1662392012
|switch|p2a: Ninetales|Ninetales, F|100/100
|-weather|SunnyDay|[from] ability: Drought|[of] p2a: Ninetales
|turn|17
|
|t:|1662392021
|switch|p1a: Politoed|Politoed, M|38/100
|-weather|RainDance|[from] ability: Drizzle|[of] p1a: Politoed
|move|p2a: Ninetales|Energy Ball|p1a: Politoed
|-supereffective|p1a: Politoed
|-damage|p1a: Politoed|0 fnt
|faint|p1a: Politoed
|
|-weather|RainDance|[upkeep]
|upkeep
|
|t:|1662392037
|switch|p1a: Kabutops|Kabutops, M|71/100
|turn|18
|
|t:|1662392040
|switch|p2a: Shiftry|Shiftry, F|100/100
|move|p1a: Kabutops|Stone Edge|p2a: Shiftry
|-crit|p2a: Shiftry
|-damage|p2a: Shiftry|0 fnt
|faint|p2a: Shiftry
|-damage|p1a: Kabutops|61/100|[from] item: Life Orb
|
|-weather|RainDance|[upkeep]
|upkeep
|
|t:|1662392041
|switch|p2a: Ninetales|Ninetales, F|100/100
|-weather|SunnyDay|[from] ability: Drought|[of] p2a: Ninetales
|turn|19
|
|t:|1662392048
|move|p2a: Ninetales|Solar Beam||[still]
|-prepare|p2a: Ninetales|Solar Beam
|-anim|p2a: Ninetales|Solar Beam|p1a: Kabutops
|-supereffective|p1a: Kabutops
|-damage|p1a: Kabutops|0 fnt
|faint|p1a: Kabutops
|
|-weather|SunnyDay|[upkeep]
|upkeep
|
|t:|1662392051
|switch|p1a: Kingdra|Kingdra, M|8/100
|turn|20
|c|☆ninjadouche|gg
|c|☆Shades438|gg!
|c|☆ninjadouche|i lucked out
|c|☆Shades438|nah it was good
|c|☆ninjadouche|my aggron put in work
|
|t:|1662392065
|move|p2a: Ninetales|Solar Beam||[still]
|-prepare|p2a: Ninetales|Solar Beam
|-anim|p2a: Ninetales|Solar Beam|p1a: Kingdra
|-damage|p1a: Kingdra|0 fnt
|faint|p1a: Kingdra
|
|win|ninjadouche
|raw|Shades438's rating: 1380 &rarr; <strong>1361</strong><br />(-19 for losing)
|raw|ninjadouche's rating: 1405 &rarr; <strong>1424</strong><br />(+19 for winning)
|l|☆Shades438
||Ladder isn't responding, score probably updated but might not have (Request timeout).
