|j|☆Blizz'Art33
|j|☆XGRE3N
|t:|1663504398
|gametype|singles
|player|p1|Blizz'Art33|brycen|1307
|player|p2|XGRE3N|gentleman-gen4|1324
|teamsize|p1|6
|teamsize|p2|6
|gen|8
|tier|[Gen 8] UU
|rated|
|rule|Sleep Clause Mod: Limit one foe put to sleep
|rule|Species Clause: Limit one of each Pokémon
|rule|OHKO Clause: OHKO moves are banned
|rule|Evasion Items Clause: Evasion items are banned
|rule|Evasion Moves Clause: Evasion moves are banned
|rule|Endless Battle Clause: Forcing endless battles is banned
|rule|HP Percentage Mod: HP is shown in percentages
|rule|Dynamax Clause: You cannot dynamax
|clearpoke
|poke|p1|Hydreigon, F|
|poke|p1|Rotom-Heat|
|poke|p1|Swampert, F|
|poke|p1|Cobalion|
|poke|p1|Tangrowth, F|
|poke|p1|Crobat, F|
|poke|p2|Kingler, M|
|poke|p2|Krabby, M|
|poke|p2|Crawdaunt, M|
|poke|p2|Crustle, M|
|poke|p2|Aerodactyl, F|
|poke|p2|Whimsicott, F|
|teampreview
|
|t:|1663504408
|start
|switch|p1a: Swampert|Swampert, F|100/100
|switch|p2a: Aerodactyl|Aerodactyl, F|100/100
|-ability|p2a: Aerodactyl|Unnerve
|turn|1
|inactive|Battle timer is ON: inactive players will automatically lose when time's up. (requested by Blizz'Art33)
|
|t:|1663504415
|move|p2a: Aerodactyl|Taunt|p1a: Swampert
|-start|p1a: Swampert|move: Taunt
|move|p1a: Swampert|Flip Turn|p2a: Aerodactyl
|-supereffective|p2a: Aerodactyl
|-damage|p2a: Aerodactyl|27/100
|
|t:|1663504421
|switch|p1a: Hydreigon|Hydreigon, F|100/100|[from]move: Flip Turn
|
|upkeep
|turn|2
|
|t:|1663504428
|switch|p2a: Whimsicott|Whimsicott, F|100/100
|move|p1a: Hydreigon|Flamethrower|p2a: Whimsicott
|-supereffective|p2a: Whimsicott
|-damage|p2a: Whimsicott|15/100
|
|upkeep
|turn|3
|
|t:|1663504434
|move|p2a: Whimsicott|Tailwind|p2a: Whimsicott
|-sidestart|p2: XGRE3N|move: Tailwind
|move|p1a: Hydreigon|Flamethrower|p2a: Whimsicott
|-supereffective|p2a: Whimsicott
|-damage|p2a: Whimsicott|0 fnt
|faint|p2a: Whimsicott
|
|upkeep
|
|t:|1663504445
|switch|p2a: Crustle|Crustle, M|100/100
|turn|4
|
|t:|1663504449
|move|p1a: Hydreigon|Flamethrower|p2a: Crustle
|-damage|p2a: Crustle|54/100
|move|p2a: Crustle|Shell Smash|p2a: Crustle
|-unboost|p2a: Crustle|def|1
|-unboost|p2a: Crustle|spd|1
|-boost|p2a: Crustle|atk|2
|-boost|p2a: Crustle|spa|2
|-boost|p2a: Crustle|spe|2
|
|upkeep
|turn|5
|
|t:|1663504457
|move|p2a: Crustle|X-Scissor|p1a: Hydreigon
|-supereffective|p1a: Hydreigon
|-damage|p1a: Hydreigon|0 fnt
|faint|p1a: Hydreigon
|
|upkeep
|
|t:|1663504466
|switch|p1a: Cobalion|Cobalion|100/100
|turn|6
|
|t:|1663504471
|move|p2a: Crustle|Earthquake|p1a: Cobalion
|-supereffective|p1a: Cobalion
|-damage|p1a: Cobalion|0 fnt
|faint|p1a: Cobalion
|
|-sideend|p2: XGRE3N|move: Tailwind
|upkeep
|
|t:|1663504480
|switch|p1a: Swampert|Swampert, F|100/100
|turn|7
|
|t:|1663504484
|move|p2a: Crustle|X-Scissor|p1a: Swampert
|-damage|p1a: Swampert|42/100
|move|p1a: Swampert|Flip Turn|p2a: Crustle
|-supereffective|p2a: Crustle
|-damage|p2a: Crustle|0 fnt
|faint|p2a: Crustle
|
|t:|1663504492
|switch|p1a: Rotom|Rotom-Heat|100/100|[from]move: Flip Turn
|
|upkeep
|
|t:|1663504500
|switch|p2a: Aerodactyl|Aerodactyl, F|27/100
|-ability|p2a: Aerodactyl|Unnerve
|turn|8
|
|t:|1663504510
|switch|p1a: Swampert|Swampert, F|42/100
|move|p2a: Aerodactyl|Tailwind|p2a: Aerodactyl
|-sidestart|p2: XGRE3N|move: Tailwind
|
|-heal|p1a: Swampert|48/100|[from] item: Leftovers
|upkeep
|turn|9
|
|t:|1663504516
|move|p2a: Aerodactyl|Stealth Rock|p1a: Swampert
|-sidestart|p1: Blizz'Art33|move: Stealth Rock
|move|p1a: Swampert|Flip Turn|p2a: Aerodactyl
|-supereffective|p2a: Aerodactyl
|-damage|p2a: Aerodactyl|0 fnt
|faint|p2a: Aerodactyl
|
|t:|1663504527
|switch|p1a: Rotom|Rotom-Heat|100/100|[from]move: Flip Turn
|
|upkeep
|
|t:|1663504532
|switch|p2a: Kingler|Kingler, M|100/100
|turn|10
|
|t:|1663504535
|move|p2a: Kingler|Liquidation|p1a: Rotom
|-supereffective|p1a: Rotom
|-damage|p1a: Rotom|0 fnt
|faint|p1a: Rotom
|
|upkeep
|
|t:|1663504540
|switch|p1a: Tangrowth|Tangrowth, F|100/100
|-damage|p1a: Tangrowth|88/100|[from] Stealth Rock
|turn|11
|
|t:|1663504554
|move|p2a: Kingler|Superpower|p1a: Tangrowth
|-damage|p1a: Tangrowth|53/100
|-unboost|p2a: Kingler|atk|1
|-unboost|p2a: Kingler|def|1
|-damage|p2a: Kingler|91/100|[from] item: Life Orb
|move|p1a: Tangrowth|Energy Ball|p2a: Kingler
|-supereffective|p2a: Kingler
|-damage|p2a: Kingler|0 fnt
|faint|p2a: Kingler
|
|-sideend|p2: XGRE3N|move: Tailwind
|upkeep
|
|t:|1663504562
|switch|p2a: Krabby|Krabby, M|100/100
|turn|12
|
|t:|1663504568
|switch|p1a: Swampert|Swampert, F|48/100
|-damage|p1a: Swampert|42/100|[from] Stealth Rock
|move|p2a: Krabby|Body Slam|p1a: Swampert
|-damage|p1a: Swampert|3/100
|
|-heal|p1a: Swampert|10/100|[from] item: Leftovers
|upkeep
|turn|13
|
|t:|1663504582
|move|p2a: Krabby|Body Slam|p1a: Swampert
|-damage|p1a: Swampert|0 fnt
|faint|p1a: Swampert
|
|upkeep
|
|t:|1663504591
|switch|p1a: Crobat|Crobat, F|100/100
|turn|14
|
|t:|1663504594
|move|p1a: Crobat|Brave Bird|p2a: Krabby
|-damage|p2a: Krabby|11/100
|-damage|p1a: Crobat|82/100|[from] Recoil
|move|p2a: Krabby|Liquidation|p1a: Crobat
|-damage|p1a: Crobat|0 fnt
|faint|p1a: Crobat
|
|upkeep
|
|t:|1663504601
|switch|p1a: Tangrowth|Tangrowth, F|87/100
|-damage|p1a: Tangrowth|74/100|[from] Stealth Rock
|turn|15
|
|t:|1663504606
|move|p2a: Krabby|Body Slam|p1a: Tangrowth
|-damage|p1a: Tangrowth|43/100
|move|p1a: Tangrowth|Energy Ball|p2a: Krabby
|-supereffective|p2a: Krabby
|-damage|p2a: Krabby|0 fnt
|faint|p2a: Krabby
|
|upkeep
|
|t:|1663504611
|switch|p2a: Crawdaunt|Crawdaunt, M|100/100
|turn|16
|
|t:|1663504613
|move|p2a: Crawdaunt|Knock Off|p1a: Tangrowth
|-damage|p1a: Tangrowth|0 fnt
|-enditem|p1a: Tangrowth|Assault Vest|[from] move: Knock Off|[of] p2a: Crawdaunt
|faint|p1a: Tangrowth
|-damage|p2a: Crawdaunt|91/100|[from] item: Life Orb
|
|win|XGRE3N
|raw|Blizz&apos;Art33's rating: 1307 &rarr; <strong>1288</strong><br />(-19 for losing)
|raw|XGRE3N's rating: 1324 &rarr; <strong>1343</strong><br />(+19 for winning)
|l|☆Blizz'Art33
||Ladder isn't responding, score probably updated but might not have (Request timeout).
