|j|☆KevinGR
|j|☆bioche80
|t:|1640804743
|gametype|singles
|player|p1|KevinGR|palmer|1281
|player|p2|bioche80|hugh|1488
|teamsize|p1|6
|teamsize|p2|6
|gen|8
|tier|[Gen 8] UU
|rated|
|rule|Sleep Clause Mod: Limit one foe put to sleep
|rule|Species Clause: Limit one of each Pokémon
|rule|OHKO Clause: OHKO moves are banned
|rule|Evasion Moves Clause: Evasion moves are banned
|rule|Endless Battle Clause: Forcing endless battles is banned
|rule|HP Percentage Mod: HP is shown in percentages
|rule|Dynamax Clause: You cannot dynamax
|clearpoke
|poke|p1|Torkoal, M|
|poke|p1|Venusaur, M|
|poke|p1|Lycanroc, M|
|poke|p1|Conkeldurr, M|
|poke|p1|Cloyster, M|
|poke|p1|Darmanitan, M|
|poke|p2|Swampert, M|
|poke|p2|Darmanitan, F|
|poke|p2|Tapu Bulu|
|poke|p2|Hydreigon, F|
|poke|p2|Nihilego|
|poke|p2|Aegislash, M|
|teampreview
|
|t:|1640804761
|start
|switch|p1a: Torkoal|Torkoal, M|100/100
|switch|p2a: Nihilego|Nihilego|100/100
|-weather|SunnyDay|[from] ability: Drought|[of] p1a: Torkoal
|turn|1
|
|t:|1640804767
|move|p2a: Nihilego|Power Gem|p1a: Torkoal
|-supereffective|p1a: Torkoal
|-damage|p1a: Torkoal|0 fnt
|faint|p1a: Torkoal
|-ability|p2a: Nihilego|Beast Boost|boost
|-boost|p2a: Nihilego|spa|1
|
|-weather|SunnyDay|[upkeep]
|upkeep
|
|t:|1640804776
|switch|p1a: Darmanitan|Darmanitan, M|100/100
|turn|2
|
|t:|1640804782
|switch|p2a: Swampert|Swampert, M|100/100
|move|p1a: Darmanitan|Earthquake|p2a: Swampert
|-damage|p2a: Swampert|63/100
|
|-weather|SunnyDay|[upkeep]
|-heal|p2a: Swampert|70/100|[from] item: Leftovers
|upkeep
|turn|3
|
|t:|1640804791
|switch|p1a: Venusaur|Venusaur, M|100/100
|move|p2a: Swampert|Flip Turn|p1a: Venusaur
|-resisted|p1a: Venusaur
|-damage|p1a: Venusaur|93/100
|
|t:|1640804797
|switch|p2a: Nihilego|Nihilego|100/100|[from]move: Flip Turn
|
|-weather|SunnyDay|[upkeep]
|-heal|p1a: Venusaur|99/100|[from] item: Leftovers
|upkeep
|turn|4
|
|t:|1640804806
|move|p1a: Venusaur|Growth|p1a: Venusaur
|-boost|p1a: Venusaur|atk|2
|-boost|p1a: Venusaur|spa|2
|move|p2a: Nihilego|Sludge Wave|p1a: Venusaur
|-damage|p1a: Venusaur|22/100
|
|-weather|SunnyDay|[upkeep]
|-heal|p1a: Venusaur|28/100|[from] item: Leftovers
|upkeep
|turn|5
|
|t:|1640804814
|move|p1a: Venusaur|Giga Drain|p2a: Nihilego
|-damage|p2a: Nihilego|45/100
|-heal|p1a: Venusaur|60/100|[from] drain|[of] p2a: Nihilego
|move|p2a: Nihilego|Sludge Wave|p1a: Venusaur
|-damage|p1a: Venusaur|0 fnt
|faint|p1a: Venusaur
|-ability|p2a: Nihilego|Beast Boost|boost
|-boost|p2a: Nihilego|spa|1
|
|-weather|SunnyDay|[upkeep]
|upkeep
|
|t:|1640804821
|switch|p1a: Conkeldurr|Conkeldurr, M|100/100
|turn|6
|
|t:|1640804829
|move|p2a: Nihilego|Sludge Wave|p1a: Conkeldurr
|-damage|p1a: Conkeldurr|0 fnt
|faint|p1a: Conkeldurr
|-ability|p2a: Nihilego|Beast Boost|boost
|-boost|p2a: Nihilego|spa|1
|
|-weather|SunnyDay|[upkeep]
|upkeep
|
|t:|1640804833
|switch|p1a: Lycanroc|Lycanroc, M|100/100
|turn|7
|
|t:|1640804838
|switch|p2a: Tapu Bulu|Tapu Bulu|100/100
|-fieldstart|move: Grassy Terrain|[from] ability: Grassy Surge|[of] p2a: Tapu Bulu
|move|p1a: Lycanroc|Accelerock|p2a: Tapu Bulu
|-damage|p2a: Tapu Bulu|80/100
|-damage|p1a: Lycanroc|84/100|[from] item: Rocky Helmet|[of] p2a: Tapu Bulu
|-damage|p1a: Lycanroc|74/100|[from] item: Life Orb
|
|-weather|SunnyDay|[upkeep]
|-heal|p1a: Lycanroc|80/100|[from] Grassy Terrain
|-heal|p2a: Tapu Bulu|86/100|[from] Grassy Terrain
|upkeep
|turn|8
|
|t:|1640804851
|switch|p1a: Darmanitan|Darmanitan, M|100/100
|move|p2a: Tapu Bulu|Horn Leech|p1a: Darmanitan
|-resisted|p1a: Darmanitan
|-damage|p1a: Darmanitan|66/100
|-heal|p2a: Tapu Bulu|100/100|[from] drain|[of] p1a: Darmanitan
|
|-weather|none
|-heal|p1a: Darmanitan|73/100|[from] Grassy Terrain
|upkeep
|turn|9
|inactive|Battle timer is ON: inactive players will automatically lose when time's up. (requested by KevinGR)
|
|t:|1640804860
|switch|p2a: Swampert|Swampert, M|70/100
|move|p1a: Darmanitan|Flare Blitz|p2a: Swampert
|-resisted|p2a: Swampert
|-damage|p2a: Swampert|28/100
|-damage|p1a: Darmanitan|57/100|[from] Recoil
|
|-heal|p1a: Darmanitan|63/100|[from] Grassy Terrain
|-heal|p2a: Swampert|34/100|[from] Grassy Terrain
|-heal|p2a: Swampert|40/100|[from] item: Leftovers
|upkeep
|turn|10
|-message|KevinGR forfeited.
|
|win|bioche80
|raw|KevinGR's rating: 1281 &rarr; <strong>1269</strong><br />(-12 for losing)
|raw|bioche80's rating: 1488 &rarr; <strong>1497</strong><br />(+9 for winning)
|l|☆KevinGR
