|j|☆big baz
|j|☆SSTapuHak
|player|p1|big baz|ltsurge|1533
|player|p2|SSTapuHak|hilbert-dueldisk|1380
|teamsize|p1|6
|teamsize|p2|6
|gametype|singles
|gen|8
|tier|[Gen 8] UU
|rated|
|clearpoke
|poke|p1|Salazzle, F|
|poke|p1|Diggersby, M|
|poke|p1|Morpeko, F|
|poke|p1|Sirfetch'd, M|
|poke|p1|Haxorus, M|
|poke|p1|Gardevoir, F|
|poke|p2|Silvally-*|
|poke|p2|Umbreon, M|
|poke|p2|Noivern, F|
|poke|p2|Gastrodon, F|
|poke|p2|Gardevoir, M|
|poke|p2|Golisopod, F|
|rule|Sleep Clause Mod: Limit one foe put to sleep
|rule|Species Clause: Limit one of each Pokémon
|rule|OHKO Clause: OHKO moves are banned
|rule|Evasion Moves Clause: Evasion moves are banned
|rule|Endless Battle Clause: Forcing endless battles is banned
|rule|HP Percentage Mod: HP is shown in percentages
|rule|Dynamax Clause: You cannot dynamax
|teampreview
|
|start
|switch|p1a: Gardevoir|Gardevoir, F|100/100
|switch|p2a: Golisopod|Golisopod, F|100/100
|-ability|p1a: Gardevoir|Emergency Exit|[from] ability: Trace|[of] p2a: Golisopod
|turn|1
|
|switch|p1a: Sirfetch'd|Sirfetch'd, M|100/100
|move|p2a: Golisopod|Knock Off|p1a: Sirfetch'd
|-resisted|p1a: Sirfetch'd
|-damage|p1a: Sirfetch'd|78/100
|-enditem|p1a: Sirfetch'd|Choice Band|[from] move: Knock Off|[of] p2a: Golisopod
|
|upkeep
|turn|2
|
|move|p1a: Sirfetch'd|Brave Bird|p2a: Golisopod
|-supereffective|p2a: Golisopod
|-damage|p2a: Golisopod|26/100
|-damage|p1a: Sirfetch'd|50/100|[from] Recoil
|-activate|p2a: Golisopod|ability: Emergency Exit
|
|switch|p2a: Gardevoir|Gardevoir, M|100/100
|-ability|p2a: Gardevoir|Scrappy|[from] ability: Trace|[of] p1a: Sirfetch'd
|
|upkeep
|turn|3
|
|move|p2a: Gardevoir|Psychic|p1a: Sirfetch'd
|-supereffective|p1a: Sirfetch'd
|-damage|p1a: Sirfetch'd|0 fnt
|faint|p1a: Sirfetch'd
|
|upkeep
|
|switch|p1a: Morpeko|Morpeko, F|100/100
|turn|4
|
|switch|p2a: Silvally|Silvally-Steel|100/100
|move|p1a: Morpeko|Parting Shot|p2a: Silvally
|-unboost|p2a: Silvally|atk|1
|-unboost|p2a: Silvally|spa|1
|
|switch|p1a: Salazzle|Salazzle, F|100/100|[from]move: Parting Shot
|
|upkeep
|turn|5
|
|switch|p2a: Gastrodon|Gastrodon, F|100/100
|move|p1a: Salazzle|Toxic|p2a: Gastrodon
|-status|p2a: Gastrodon|tox
|
|-damage|p2a: Gastrodon|94/100 tox|[from] psn
|upkeep
|turn|6
|
|move|p1a: Salazzle|Protect|p1a: Salazzle
|-singleturn|p1a: Salazzle|Protect
|move|p2a: Gastrodon|Earthquake|p1a: Salazzle
|-activate|p1a: Salazzle|move: Protect
|
|-heal|p2a: Gastrodon|100/100 tox|[from] item: Leftovers
|-damage|p2a: Gastrodon|88/100 tox|[from] psn
|upkeep
|turn|7
|
|move|p1a: Salazzle|Disable|p2a: Gastrodon
|-start|p2a: Gastrodon|Disable|Earthquake
|cant|p2a: Gastrodon|Disable|Earthquake
|
|-heal|p2a: Gastrodon|94/100 tox|[from] item: Leftovers
|-damage|p2a: Gastrodon|76/100 tox|[from] psn
|upkeep
|turn|8
|
|move|p1a: Salazzle|Protect|p1a: Salazzle
|-singleturn|p1a: Salazzle|Protect
|move|p2a: Gastrodon|Scald|p1a: Salazzle
|-activate|p1a: Salazzle|move: Protect
|
|-heal|p2a: Gastrodon|82/100 tox|[from] item: Leftovers
|-damage|p2a: Gastrodon|58/100 tox|[from] psn
|upkeep
|turn|9
|
|switch|p2a: Umbreon|Umbreon, M|100/100
|move|p1a: Salazzle|Substitute|p1a: Salazzle
|-start|p1a: Salazzle|Substitute
|-damage|p1a: Salazzle|76/100
|
|-heal|p1a: Salazzle|82/100|[from] item: Black Sludge
|upkeep
|turn|10
|
|move|p1a: Salazzle|Toxic|p2a: Umbreon
|-status|p2a: Umbreon|tox
|-activate|p2a: Umbreon|ability: Synchronize
|-immune|p1a: Salazzle
|move|p2a: Umbreon|Foul Play|p1a: Salazzle
|-activate|p1a: Salazzle|move: Substitute|[damage]
|
|-heal|p1a: Salazzle|88/100|[from] item: Black Sludge
|-damage|p2a: Umbreon|94/100 tox|[from] psn
|upkeep
|turn|11
|
|move|p1a: Salazzle|Disable|p2a: Umbreon
|-start|p2a: Umbreon|Disable|Foul Play
|move|p2a: Umbreon|Heal Bell|p2a: Umbreon
|-activate|p2a: Umbreon|move: Heal Bell
|-curestatus|p2a: Umbreon|tox|[msg]
|-curestatus|p2: Gastrodon|tox|[msg]
|
|-heal|p1a: Salazzle|94/100|[from] item: Black Sludge
|-heal|p2a: Umbreon|100/100|[from] item: Leftovers
|upkeep
|turn|12
|
|switch|p2a: Silvally|Silvally-Steel|100/100
|move|p1a: Salazzle|Toxic|p2a: Silvally
|-status|p2a: Silvally|tox
|
|-heal|p1a: Salazzle|100/100|[from] item: Black Sludge
|-damage|p2a: Silvally|94/100 tox|[from] psn
|upkeep
|turn|13
|
|move|p1a: Salazzle|Protect|p1a: Salazzle
|-singleturn|p1a: Salazzle|Protect
|move|p2a: Silvally|Multi-Attack|p1a: Salazzle
|-activate|p1a: Salazzle|move: Protect
|
|-damage|p2a: Silvally|82/100 tox|[from] psn
|upkeep
|turn|14
|
|move|p1a: Salazzle|Disable|p2a: Silvally
|-start|p2a: Silvally|Disable|Multi-Attack
|cant|p2a: Silvally|Disable|Multi-Attack
|
|-damage|p2a: Silvally|64/100 tox|[from] psn
|upkeep
|turn|15
|-message|SSTapuHak forfeited.
|
|win|big baz
|l|☆SSTapuHak
|raw|big baz's rating: 1533 &rarr; <strong>1545</strong><br />(+12 for winning)
|raw|SSTapuHak's rating: 1380 &rarr; <strong>1368</strong><br />(-12 for losing)
