|j|☆Niso204720
|j|☆kerorek
|t:|1666949728
|gametype|singles
|player|p1|Niso204720|bugcatcher-gen4dp|1283
|player|p2|kerorek|lass-gen4dp|1481
|teamsize|p1|6
|teamsize|p2|6
|gen|8
|tier|[Gen 8] UU
|rated|
|rule|Sleep Clause Mod: Limit one foe put to sleep
|rule|Species Clause: Limit one of each Pokémon
|rule|OHKO Clause: OHKO moves are banned
|rule|Evasion Items Clause: Evasion items are banned
|rule|Evasion Moves Clause: Evasion moves are banned
|rule|Endless Battle Clause: Forcing endless battles is banned
|rule|HP Percentage Mod: HP is shown in percentages
|rule|Dynamax Clause: You cannot dynamax
|clearpoke
|poke|p1|Umbreon, F|
|poke|p1|Azumarill, M|
|poke|p1|Claydol|
|poke|p1|Chandelure, M|
|poke|p1|Tangrowth, M|
|poke|p1|Incineroar, M|
|poke|p2|Hitmontop, M|
|poke|p2|Goodra, F|
|poke|p2|Heliolisk, M|
|poke|p2|Qwilfish, F|
|poke|p2|Avalugg, M|
|poke|p2|Seaking, M|
|teampreview
|
|t:|1666949740
|start
|switch|p1a: Claydol|Claydol, shiny|100/100
|switch|p2a: Hitmontop|Hitmontop, M|100/100
|turn|1
|
|t:|1666949745
|move|p2a: Hitmontop|Triple Axel|p1a: Claydol
|-supereffective|p1a: Claydol
|-damage|p1a: Claydol|78/100
|-hitcount|p1a: Claydol|1
|move|p1a: Claydol|Toxic|p2a: Hitmontop
|-status|p2a: Hitmontop|tox
|
|-heal|p1a: Claydol|84/100|[from] item: Leftovers
|-damage|p2a: Hitmontop|94/100 tox|[from] psn
|upkeep
|turn|2
|
|t:|1666949752
|switch|p1a: Tangrowth|Tangrowth, M|100/100
|move|p2a: Hitmontop|Triple Axel|p1a: Tangrowth|[miss]
|-miss|p2a: Hitmontop|p1a: Tangrowth
|
|-damage|p2a: Hitmontop|82/100 tox|[from] psn
|upkeep
|turn|3
|
|t:|1666949766
|switch|p2a: Seaking|Seaking, M, shiny|100/100
|move|p1a: Tangrowth|Leech Seed|p2a: Seaking
|-start|p2a: Seaking|move: Leech Seed
|
|-damage|p2a: Seaking|88/100|[from] Leech Seed|[of] p1a: Tangrowth
|upkeep
|turn|4
|
|t:|1666949776
|move|p2a: Seaking|Knock Off|p1a: Tangrowth
|-damage|p1a: Tangrowth|89/100
|-damage|p2a: Seaking|72/100|[from] item: Rocky Helmet|[of] p1a: Tangrowth
|-enditem|p1a: Tangrowth|Rocky Helmet|[from] move: Knock Off|[of] p2a: Seaking
|move|p1a: Tangrowth|Giga Drain|p2a: Seaking
|-supereffective|p2a: Seaking
|-damage|p2a: Seaking|30/100
|-heal|p1a: Tangrowth|100/100|[from] drain|[of] p2a: Seaking
|
|-heal|p2a: Seaking|36/100|[from] item: Leftovers
|-damage|p2a: Seaking|24/100|[from] Leech Seed|[of] p1a: Tangrowth
|upkeep
|turn|5
|
|t:|1666949783
|move|p2a: Seaking|Flip Turn|p1a: Tangrowth
|-resisted|p1a: Tangrowth
|-damage|p1a: Tangrowth|95/100
|
|t:|1666949785
|switch|p2a: Goodra|Goodra, F|100/100|[from]move: Flip Turn
|move|p1a: Tangrowth|Giga Drain|p2a: Goodra
|-ability|p2a: Goodra|Sap Sipper|boost
|-boost|p2a: Goodra|atk|1
|
|upkeep
|turn|6
|
|t:|1666949796
|switch|p2a: Qwilfish|Qwilfish, F|100/100
|-ability|p2a: Qwilfish|Intimidate|boost
|-unboost|p1a: Tangrowth|atk|1
|switch|p1a: Umbreon|Umbreon, F, shiny|100/100
|
|upkeep
|turn|7
|
|t:|1666949810
|move|p2a: Qwilfish|Spikes|p1a: Umbreon
|-sidestart|p1: Niso204720|Spikes
|move|p1a: Umbreon|Wish|p1a: Umbreon
|
|upkeep
|turn|8
|
|t:|1666949841
|switch|p2a: Hitmontop|Hitmontop, M|82/100 tox
|switch|p1a: Tangrowth|Tangrowth, M|100/100
|-damage|p1a: Tangrowth|88/100|[from] Spikes
|
|-heal|p1a: Tangrowth|100/100|[from] move: Wish|[wisher] Umbreon
|-damage|p2a: Hitmontop|76/100 tox|[from] psn
|upkeep
|turn|9
|
|t:|1666949850
|switch|p2a: Goodra|Goodra, F|100/100
|switch|p1a: Claydol|Claydol, shiny|84/100
|
|-heal|p1a: Claydol|91/100|[from] item: Leftovers
|upkeep
|turn|10
|
|t:|1666949858
|move|p2a: Goodra|Draco Meteor|p1a: Claydol
|-damage|p1a: Claydol|41/100
|-unboost|p2a: Goodra|spa|2
|move|p1a: Claydol|Stealth Rock|p2a: Goodra
|-sidestart|p2: kerorek|move: Stealth Rock
|
|-heal|p1a: Claydol|47/100|[from] item: Leftovers
|upkeep
|turn|11
|
|t:|1666949864
|move|p2a: Goodra|Draco Meteor|p1a: Claydol
|-damage|p1a: Claydol|20/100
|-unboost|p2a: Goodra|spa|2
|move|p1a: Claydol|Teleport|p1a: Claydol
|
|t:|1666949874
|switch|p1a: Umbreon|Umbreon, F, shiny|100/100|[from]move: Teleport
|-damage|p1a: Umbreon|88/100|[from] Spikes
|
|-heal|p1a: Umbreon|94/100|[from] item: Leftovers
|upkeep
|turn|12
|
|t:|1666949879
|switch|p2a: Avalugg|Avalugg, M|100/100
|move|p1a: Umbreon|Wish|p1a: Umbreon
|
|-heal|p1a: Umbreon|99/100|[from] item: Leftovers
|upkeep
|turn|13
|
|t:|1666949895
|switch|p1a: Claydol|Claydol, shiny|20/100
|move|p2a: Avalugg|Body Press|p1a: Claydol
|-resisted|p1a: Claydol
|-damage|p1a: Claydol|5/100
|
|-heal|p1a: Claydol|66/100|[from] move: Wish|[wisher] Umbreon
|-heal|p1a: Claydol|72/100|[from] item: Leftovers
|upkeep
|turn|14
|
|t:|1666949917
|switch|p2a: Qwilfish|Qwilfish, F|100/100
|-damage|p2a: Qwilfish|88/100|[from] Stealth Rock
|-ability|p2a: Qwilfish|Intimidate|boost
|-unboost|p1a: Claydol|atk|1
|move|p1a: Claydol|Toxic|p2a: Qwilfish
|-immune|p2a: Qwilfish
|
|-heal|p1a: Claydol|78/100|[from] item: Leftovers
|upkeep
|turn|15
|
|t:|1666949931
|switch|p2a: Goodra|Goodra, F|100/100
|-damage|p2a: Goodra|88/100|[from] Stealth Rock
|move|p1a: Claydol|Rapid Spin|p2a: Goodra
|-damage|p2a: Goodra|80/100
|-boost|p1a: Claydol|spe|1
|-sideend|p1: Niso204720|Spikes|[from] move: Rapid Spin|[of] p1a: Claydol
|
|-heal|p1a: Claydol|84/100|[from] item: Leftovers
|upkeep
|turn|16
|
|t:|1666949940
|switch|p1a: Azumarill|Azumarill, M, shiny|100/100
|move|p2a: Goodra|Draco Meteor|p1a: Azumarill
|-immune|p1a: Azumarill
|
|upkeep
|turn|17
|
|t:|1666949958
|switch|p2a: Qwilfish|Qwilfish, F|88/100
|-damage|p2a: Qwilfish|76/100|[from] Stealth Rock
|-ability|p2a: Qwilfish|Intimidate|boost
|-unboost|p1a: Azumarill|atk|1
|move|p1a: Azumarill|Play Rough|p2a: Qwilfish
|-resisted|p2a: Qwilfish
|-damage|p2a: Qwilfish|54/100
|-unboost|p2a: Qwilfish|atk|1
|-damage|p1a: Azumarill|84/100|[from] item: Rocky Helmet|[of] p2a: Qwilfish
|
|upkeep
|turn|18
|
|t:|1666949972
|switch|p1a: Claydol|Claydol, shiny|84/100
|move|p2a: Qwilfish|Spikes|p1a: Claydol
|-sidestart|p1: Niso204720|Spikes
|
|-heal|p1a: Claydol|91/100|[from] item: Leftovers
|upkeep
|turn|19
|
|t:|1666949981
|move|p2a: Qwilfish|Spikes|p1a: Claydol
|-sidestart|p1: Niso204720|Spikes
|move|p1a: Claydol|Rapid Spin|p2a: Qwilfish
|-damage|p2a: Qwilfish|47/100
|-boost|p1a: Claydol|spe|1
|-damage|p1a: Claydol|74/100|[from] item: Rocky Helmet|[of] p2a: Qwilfish
|-sideend|p1: Niso204720|Spikes|[from] move: Rapid Spin|[of] p1a: Claydol
|
|-heal|p1a: Claydol|80/100|[from] item: Leftovers
|upkeep
|turn|20
|
|t:|1666949988
|move|p2a: Qwilfish|Spikes|p1a: Claydol
|-sidestart|p1: Niso204720|Spikes
|move|p1a: Claydol|Teleport|p1a: Claydol
|
|t:|1666950011
|switch|p1a: Incineroar|Incineroar, M|100/100|[from]move: Teleport
|-ability|p1a: Incineroar|Intimidate|boost
|-unboost|p2a: Qwilfish|atk|1
|
|upkeep
|turn|21
|
|t:|1666950038
|move|p2a: Qwilfish|Scald|p1a: Incineroar
|-supereffective|p1a: Incineroar
|-damage|p1a: Incineroar|67/100
|move|p1a: Incineroar|Knock Off|p2a: Qwilfish
|-damage|p2a: Qwilfish|15/100
|-damage|p1a: Incineroar|50/100|[from] item: Rocky Helmet|[of] p2a: Qwilfish
|-enditem|p2a: Qwilfish|Rocky Helmet|[from] move: Knock Off|[of] p1a: Incineroar
|
|upkeep
|turn|22
|
|t:|1666950052
|switch|p1a: Umbreon|Umbreon, F, shiny|99/100
|-damage|p1a: Umbreon|88/100|[from] Spikes
|move|p2a: Qwilfish|Scald|p1a: Umbreon
|-damage|p1a: Umbreon|79/100
|-status|p1a: Umbreon|brn
|-activate|p1a: Umbreon|ability: Synchronize
|-status|p2a: Qwilfish|brn
|
|-heal|p1a: Umbreon|86/100 brn|[from] item: Leftovers
|-damage|p2a: Qwilfish|9/100 brn|[from] brn
|-damage|p1a: Umbreon|79/100 brn|[from] brn
|upkeep
|turn|23
|
|t:|1666950060
|move|p2a: Qwilfish|Taunt|p1a: Umbreon
|-start|p1a: Umbreon|move: Taunt
|cant|p1a: Umbreon|move: Taunt|Wish
|
|-heal|p1a: Umbreon|86/100 brn|[from] item: Leftovers
|-damage|p2a: Qwilfish|3/100 brn|[from] brn
|-damage|p1a: Umbreon|79/100 brn|[from] brn
|upkeep
|turn|24
|
|t:|1666950075
|switch|p1a: Tangrowth|Tangrowth, M|100/100
|-damage|p1a: Tangrowth|88/100|[from] Spikes
|move|p2a: Qwilfish|Spikes|p1a: Tangrowth
|-sidestart|p1: Niso204720|Spikes
|
|-damage|p2a: Qwilfish|0 fnt|[from] brn
|faint|p2a: Qwilfish
|upkeep
|
|t:|1666950084
|switch|p2a: Goodra|Goodra, F|80/100
|-damage|p2a: Goodra|67/100|[from] Stealth Rock
|turn|25
|
|t:|1666950092
|switch|p1a: Azumarill|Azumarill, M, shiny|84/100
|-damage|p1a: Azumarill|68/100|[from] Spikes
|move|p2a: Goodra|Thunderbolt|p1a: Azumarill
|-supereffective|p1a: Azumarill
|-damage|p1a: Azumarill|0 fnt
|faint|p1a: Azumarill
|
|upkeep
|
|t:|1666950098
|switch|p1a: Claydol|Claydol, shiny|80/100
|turn|26
|
|t:|1666950109
|switch|p2a: Seaking|Seaking, M, shiny|24/100
|-damage|p2a: Seaking|12/100|[from] Stealth Rock
|move|p1a: Claydol|Rapid Spin|p2a: Seaking
|-damage|p2a: Seaking|1/100
|-boost|p1a: Claydol|spe|1
|-sideend|p1: Niso204720|Spikes|[from] move: Rapid Spin|[of] p1a: Claydol
|
|-heal|p1a: Claydol|86/100|[from] item: Leftovers
|-heal|p2a: Seaking|7/100|[from] item: Leftovers
|upkeep
|turn|27
|
|t:|1666950132
|switch|p1a: Umbreon|Umbreon, F, shiny|79/100 brn
|move|p2a: Seaking|Rest|p2a: Seaking
|-status|p2a: Seaking|slp|[from] move: Rest
|-heal|p2a: Seaking|100/100 slp|[silent]
|
|-heal|p1a: Umbreon|86/100 brn|[from] item: Leftovers
|-damage|p1a: Umbreon|79/100 brn|[from] brn
|upkeep
|turn|28
|
|t:|1666950144
|switch|p2a: Avalugg|Avalugg, M|100/100
|switch|p1a: Tangrowth|Tangrowth, M|100/100
|
|upkeep
|turn|29
|
|t:|1666950149
|move|p1a: Tangrowth|Leech Seed|p2a: Avalugg
|-start|p2a: Avalugg|move: Leech Seed
|move|p2a: Avalugg|Rapid Spin|p1a: Tangrowth
|-damage|p1a: Tangrowth|94/100
|-boost|p2a: Avalugg|spe|1
|-end|p2a: Avalugg|Leech Seed|[from] move: Rapid Spin|[of] p2a: Avalugg
|-sideend|p2: kerorek|Stealth Rock|[from] move: Rapid Spin|[of] p2a: Avalugg
|
|upkeep
|turn|30
|
|t:|1666950165
|switch|p2a: Goodra|Goodra, F|67/100
|move|p1a: Tangrowth|Toxic|p2a: Goodra
|-status|p2a: Goodra|tox
|
|-damage|p2a: Goodra|61/100 tox|[from] psn
|upkeep
|turn|31
|
|t:|1666950178
|switch|p2a: Hitmontop|Hitmontop, M|76/100 tox
|switch|p1a: Umbreon|Umbreon, F, shiny|79/100 brn
|
|-heal|p1a: Umbreon|86/100 brn|[from] item: Leftovers
|-damage|p2a: Hitmontop|70/100 tox|[from] psn
|-damage|p1a: Umbreon|79/100 brn|[from] brn
|upkeep
|turn|32
|
|t:|1666950190
|switch|p1a: Tangrowth|Tangrowth, M|100/100
|move|p2a: Hitmontop|Thief|p1a: Tangrowth
|-damage|p1a: Tangrowth|80/100
|
|-damage|p2a: Hitmontop|58/100 tox|[from] psn
|upkeep
|turn|33
|
|t:|1666950199
|switch|p2a: Goodra|Goodra, F|61/100 tox
|move|p1a: Tangrowth|Leech Seed|p2a: Goodra
|-ability|p2a: Goodra|Sap Sipper|boost
|-boost|p2a: Goodra|atk|1
|
|-damage|p2a: Goodra|55/100 tox|[from] psn
|upkeep
|turn|34
|
|t:|1666950206
|switch|p1a: Umbreon|Umbreon, F, shiny|79/100 brn
|move|p2a: Goodra|Draco Meteor|p1a: Umbreon
|-damage|p1a: Umbreon|46/100 brn
|-unboost|p2a: Goodra|spa|2
|
|-heal|p1a: Umbreon|53/100 brn|[from] item: Leftovers
|-damage|p2a: Goodra|43/100 tox|[from] psn
|-damage|p1a: Umbreon|46/100 brn|[from] brn
|upkeep
|turn|35
|
|t:|1666950217
|switch|p2a: Avalugg|Avalugg, M|100/100
|move|p1a: Umbreon|Wish|p1a: Umbreon
|
|-heal|p1a: Umbreon|53/100 brn|[from] item: Leftovers
|-damage|p1a: Umbreon|46/100 brn|[from] brn
|upkeep
|turn|36
|
|t:|1666950224
|move|p1a: Umbreon|Protect|p1a: Umbreon
|-singleturn|p1a: Umbreon|Protect
|move|p2a: Avalugg|Body Press|p1a: Umbreon
|-activate|p1a: Umbreon|move: Protect
|
|-heal|p1a: Umbreon|96/100 brn|[from] move: Wish|[wisher] Umbreon
|-heal|p1a: Umbreon|100/100 brn|[from] item: Leftovers
|-damage|p1a: Umbreon|94/100 brn|[from] brn
|upkeep
|turn|37
|
|t:|1666950231
|switch|p1a: Tangrowth|Tangrowth, M|100/100
|move|p2a: Avalugg|Body Press|p1a: Tangrowth
|-damage|p1a: Tangrowth|79/100
|
|upkeep
|turn|38
|
|t:|1666950241
|switch|p2a: Goodra|Goodra, F|43/100 tox
|move|p1a: Tangrowth|Leech Seed|p2a: Goodra
|-ability|p2a: Goodra|Sap Sipper|boost
|-boost|p2a: Goodra|atk|1
|
|-damage|p2a: Goodra|36/100 tox|[from] psn
|upkeep
|turn|39
|j| LootReward
|
|t:|1666950254
|switch|p2a: Heliolisk|Heliolisk, M|100/100
|switch|p1a: Umbreon|Umbreon, F, shiny|94/100 brn
|
|-heal|p1a: Umbreon|100/100 brn|[from] item: Leftovers
|-damage|p1a: Umbreon|94/100 brn|[from] brn
|upkeep
|turn|40
|
|t:|1666950262
|move|p2a: Heliolisk|Volt Switch|p1a: Umbreon
|-damage|p1a: Umbreon|70/100 brn
|
|t:|1666950265
|switch|p2a: Seaking|Seaking, M, shiny|100/100 slp|[from]move: Volt Switch
|move|p1a: Umbreon|Wish|p1a: Umbreon
|
|-heal|p1a: Umbreon|76/100 brn|[from] item: Leftovers
|-damage|p1a: Umbreon|70/100 brn|[from] brn
|upkeep
|turn|41
|
|t:|1666950275
|switch|p1a: Incineroar|Incineroar, M|50/100
|-ability|p1a: Incineroar|Intimidate|boost
|-unboost|p2a: Seaking|atk|1
|cant|p2a: Seaking|slp
|move|p2a: Seaking|Sleep Talk|p2a: Seaking
|move|p2a: Seaking|Knock Off|p1a: Incineroar|[from]move: Sleep Talk
|-resisted|p1a: Incineroar
|-damage|p1a: Incineroar|46/100
|-enditem|p1a: Incineroar|Heavy-Duty Boots|[from] move: Knock Off|[of] p2a: Seaking
|
|-heal|p1a: Incineroar|96/100|[from] move: Wish|[wisher] Umbreon
|upkeep
|turn|42
|
|t:|1666950293
|switch|p2a: Avalugg|Avalugg, M|100/100
|switch|p1a: Tangrowth|Tangrowth, M|100/100
|
|upkeep
|turn|43
|
|t:|1666950305
|switch|p2a: Goodra|Goodra, F|36/100 tox
|move|p1a: Tangrowth|Sludge Bomb|p2a: Goodra
|-damage|p2a: Goodra|19/100 tox
|
|-damage|p2a: Goodra|12/100 tox|[from] psn
|upkeep
|turn|44
|
|t:|1666950313
|switch|p2a: Seaking|Seaking, M, shiny|100/100 slp
|switch|p1a: Umbreon|Umbreon, F, shiny|70/100 brn
|
|-heal|p1a: Umbreon|76/100 brn|[from] item: Leftovers
|-damage|p1a: Umbreon|70/100 brn|[from] brn
|upkeep
|turn|45
|
|t:|1666950316
|cant|p2a: Seaking|slp
|move|p1a: Umbreon|Wish|p1a: Umbreon
|
|-heal|p1a: Umbreon|76/100 brn|[from] item: Leftovers
|-damage|p1a: Umbreon|70/100 brn|[from] brn
|upkeep
|turn|46
|
|t:|1666950324
|move|p1a: Umbreon|Protect|p1a: Umbreon
|-singleturn|p1a: Umbreon|Protect
|-curestatus|p2a: Seaking|slp|[msg]
|move|p2a: Seaking|Knock Off|p1a: Umbreon
|-activate|p1a: Umbreon|move: Protect
|
|-heal|p1a: Umbreon|100/100 brn|[from] move: Wish|[wisher] Umbreon
|-damage|p1a: Umbreon|94/100 brn|[from] brn
|upkeep
|turn|47
|
|t:|1666950332
|switch|p1a: Tangrowth|Tangrowth, M|100/100
|move|p2a: Seaking|Flip Turn|p1a: Tangrowth
|-resisted|p1a: Tangrowth
|-damage|p1a: Tangrowth|95/100
|
|t:|1666950345
|switch|p2a: Heliolisk|Heliolisk, M|100/100|[from]move: Flip Turn
|
|upkeep
|turn|48
|
|t:|1666950350
|switch|p1a: Claydol|Claydol, shiny|86/100
|move|p2a: Heliolisk|Hyper Voice|p1a: Claydol
|-damage|p1a: Claydol|26/100
|
|-heal|p1a: Claydol|32/100|[from] item: Leftovers
|upkeep
|turn|49
|
|t:|1666950355
|switch|p1a: Umbreon|Umbreon, F, shiny|94/100 brn
|move|p2a: Heliolisk|Hyper Voice|p1a: Umbreon
|-damage|p1a: Umbreon|64/100 brn
|
|-heal|p1a: Umbreon|71/100 brn|[from] item: Leftovers
|-damage|p1a: Umbreon|64/100 brn|[from] brn
|upkeep
|turn|50
|
|t:|1666950364
|switch|p2a: Seaking|Seaking, M, shiny|100/100
|move|p1a: Umbreon|Wish|p1a: Umbreon
|
|-heal|p1a: Umbreon|71/100 brn|[from] item: Leftovers
|-damage|p1a: Umbreon|64/100 brn|[from] brn
|upkeep
|turn|51
|
|t:|1666950372
|switch|p1a: Tangrowth|Tangrowth, M|100/100
|move|p2a: Seaking|Flip Turn|p1a: Tangrowth
|-resisted|p1a: Tangrowth
|-damage|p1a: Tangrowth|96/100
|
|t:|1666950374
|switch|p2a: Heliolisk|Heliolisk, M|100/100|[from]move: Flip Turn
|
|-heal|p1a: Tangrowth|100/100|[from] move: Wish|[wisher] Umbreon
|upkeep
|turn|52
|
|t:|1666950384
|switch|p1a: Chandelure|Chandelure, M, shiny|100/100
|move|p2a: Heliolisk|Hyper Voice|p1a: Chandelure
|-immune|p1a: Chandelure
|
|upkeep
|turn|53
|
|t:|1666950399
|switch|p2a: Seaking|Seaking, M, shiny|100/100
|move|p1a: Chandelure|Energy Ball|p2a: Seaking
|-supereffective|p2a: Seaking
|-crit|p2a: Seaking
|-damage|p2a: Seaking|17/100
|
|-heal|p2a: Seaking|23/100|[from] item: Leftovers
|upkeep
|turn|54
|
|t:|1666950405
|switch|p2a: Goodra|Goodra, F|12/100 tox
|move|p1a: Chandelure|Energy Ball|p2a: Goodra
|-ability|p2a: Goodra|Sap Sipper|boost
|-boost|p2a: Goodra|atk|1
|
|-damage|p2a: Goodra|6/100 tox|[from] psn
|upkeep
|turn|55
|
|t:|1666950418
|switch|p1a: Umbreon|Umbreon, F, shiny|64/100 brn
|switch|p2a: Seaking|Seaking, M, shiny|23/100
|
|-heal|p2a: Seaking|29/100|[from] item: Leftovers
|-heal|p1a: Umbreon|71/100 brn|[from] item: Leftovers
|-damage|p1a: Umbreon|64/100 brn|[from] brn
|upkeep
|turn|56
|
|t:|1666950426
|move|p2a: Seaking|Rest|p2a: Seaking
|-status|p2a: Seaking|slp|[from] move: Rest
|-heal|p2a: Seaking|100/100 slp|[silent]
|move|p1a: Umbreon|Wish|p1a: Umbreon
|
|-heal|p1a: Umbreon|71/100 brn|[from] item: Leftovers
|-damage|p1a: Umbreon|64/100 brn|[from] brn
|upkeep
|turn|57
|
|t:|1666950438
|cant|p2a: Seaking|slp
|move|p2a: Seaking|Sleep Talk|p2a: Seaking
|move|p2a: Seaking|Rest||[from]move: Sleep Talk|[still]
|-fail|p2a: Seaking
|move|p1a: Umbreon|Foul Play|p2a: Seaking
|-damage|p2a: Seaking|79/100 slp
|
|-heal|p1a: Umbreon|100/100 brn|[from] move: Wish|[wisher] Umbreon
|-heal|p2a: Seaking|85/100 slp|[from] item: Leftovers
|-damage|p1a: Umbreon|94/100 brn|[from] brn
|upkeep
|turn|58
|
|t:|1666950445
|cant|p2a: Seaking|slp
|move|p2a: Seaking|Sleep Talk|p2a: Seaking
|move|p2a: Seaking|Knock Off|p1a: Umbreon|[from]move: Sleep Talk
|-resisted|p1a: Umbreon
|-damage|p1a: Umbreon|86/100 brn
|-enditem|p1a: Umbreon|Leftovers|[from] move: Knock Off|[of] p2a: Seaking
|move|p1a: Umbreon|Wish|p1a: Umbreon
|
|-heal|p2a: Seaking|91/100 slp|[from] item: Leftovers
|-damage|p1a: Umbreon|80/100 brn|[from] brn
|upkeep
|turn|59
|
|t:|1666950453
|switch|p1a: Claydol|Claydol, shiny|32/100
|-curestatus|p2a: Seaking|slp|[msg]
|move|p2a: Seaking|Flip Turn|p1a: Claydol
|-supereffective|p1a: Claydol
|-damage|p1a: Claydol|6/100
|
|t:|1666950465
|switch|p2a: Heliolisk|Heliolisk, M|100/100|[from]move: Flip Turn
|
|-heal|p1a: Claydol|67/100|[from] move: Wish|[wisher] Umbreon
|-heal|p1a: Claydol|73/100|[from] item: Leftovers
|upkeep
|turn|60
|
|t:|1666950470
|move|p2a: Heliolisk|Grass Knot|p1a: Claydol
|-supereffective|p1a: Claydol
|-damage|p1a: Claydol|0 fnt
|faint|p1a: Claydol
|
|upkeep
|
|t:|1666950481
|switch|p1a: Chandelure|Chandelure, M, shiny|100/100
|turn|61
|
|t:|1666950509
|switch|p2a: Goodra|Goodra, F|6/100 tox
|move|p1a: Chandelure|Energy Ball|p2a: Goodra
|-ability|p2a: Goodra|Sap Sipper|boost
|-boost|p2a: Goodra|atk|1
|
|-damage|p2a: Goodra|0 fnt|[from] psn
|faint|p2a: Goodra
|upkeep
|
|t:|1666950518
|switch|p2a: Hitmontop|Hitmontop, M|58/100 tox
|turn|62
|
|t:|1666950524
|switch|p1a: Tangrowth|Tangrowth, M|100/100
|switch|p2a: Heliolisk|Heliolisk, M|100/100
|
|upkeep
|turn|63
|
|t:|1666950533
|switch|p1a: Umbreon|Umbreon, F, shiny|80/100 brn
|move|p2a: Heliolisk|Volt Switch|p1a: Umbreon
|-damage|p1a: Umbreon|55/100 brn
|
|t:|1666950543
|switch|p2a: Avalugg|Avalugg, M|100/100|[from]move: Volt Switch
|
|-damage|p1a: Umbreon|49/100 brn|[from] brn
|upkeep
|turn|64
|c| LootReward|jesus
|c| LootReward|63 turns of stall
|c| LootReward|what a nightmare
|c|☆kerorek|:(
|
|t:|1666950565
|switch|p2a: Heliolisk|Heliolisk, M|100/100
|move|p1a: Umbreon|Wish|p1a: Umbreon
|
|-damage|p1a: Umbreon|43/100 brn|[from] brn
|upkeep
|turn|65
|c|☆Niso204720|your team is also stall
|c| LootReward|thats why i hate umbreon
|
|t:|1666950579
|move|p1a: Umbreon|Protect|p1a: Umbreon
|-singleturn|p1a: Umbreon|Protect
|move|p2a: Heliolisk|Thunderbolt|p1a: Umbreon
|-activate|p1a: Umbreon|move: Protect
|
|-heal|p1a: Umbreon|93/100 brn|[from] move: Wish|[wisher] Umbreon
|-damage|p1a: Umbreon|87/100 brn|[from] brn
|upkeep
|turn|66
|c| LootReward|please push to OU
|c| LootReward|or UUBL :)
|c|☆Niso204720|and you killed my azumarril
|
|t:|1666950601
|move|p2a: Heliolisk|Thunderbolt|p1a: Umbreon
|-damage|p1a: Umbreon|56/100 brn
|move|p1a: Umbreon|Wish|p1a: Umbreon
|
|-damage|p1a: Umbreon|50/100 brn|[from] brn
|upkeep
|turn|67
|l| LootReward
|
|t:|1666950613
|move|p2a: Heliolisk|Thunderbolt|p1a: Umbreon
|-damage|p1a: Umbreon|16/100 brn
|move|p1a: Umbreon|Foul Play|p2a: Heliolisk
|-damage|p2a: Heliolisk|85/100
|
|-heal|p1a: Umbreon|66/100 brn|[from] move: Wish|[wisher] Umbreon
|-damage|p1a: Umbreon|60/100 brn|[from] brn
|upkeep
|turn|68
|
|t:|1666950626
|move|p1a: Umbreon|Protect|p1a: Umbreon
|-singleturn|p1a: Umbreon|Protect
|move|p2a: Heliolisk|Thunderbolt|p1a: Umbreon
|-activate|p1a: Umbreon|move: Protect
|
|-damage|p1a: Umbreon|54/100 brn|[from] brn
|upkeep
|turn|69
|
|t:|1666950639
|move|p2a: Heliolisk|Thunderbolt|p1a: Umbreon
|-damage|p1a: Umbreon|19/100 brn
|move|p1a: Umbreon|Wish|p1a: Umbreon
|
|-damage|p1a: Umbreon|13/100 brn|[from] brn
|upkeep
|turn|70
|
|t:|1666950645
|move|p1a: Umbreon|Protect|p1a: Umbreon
|-singleturn|p1a: Umbreon|Protect
|move|p2a: Heliolisk|Thunderbolt|p1a: Umbreon
|-activate|p1a: Umbreon|move: Protect
|
|-heal|p1a: Umbreon|63/100 brn|[from] move: Wish|[wisher] Umbreon
|-damage|p1a: Umbreon|57/100 brn|[from] brn
|upkeep
|turn|71
|
|t:|1666950657
|switch|p1a: Tangrowth|Tangrowth, M|100/100
|move|p2a: Heliolisk|Thunderbolt|p1a: Tangrowth
|-resisted|p1a: Tangrowth
|-crit|p1a: Tangrowth
|-damage|p1a: Tangrowth|36/100
|
|upkeep
|turn|72
|
|t:|1666950673
|move|p2a: Heliolisk|Thunderbolt|p1a: Tangrowth
|-resisted|p1a: Tangrowth
|-damage|p1a: Tangrowth|0 fnt
|faint|p1a: Tangrowth
|
|upkeep
|
|t:|1666950679
|switch|p1a: Chandelure|Chandelure, M, shiny|100/100
|turn|73
|
|t:|1666950686
|switch|p2a: Seaking|Seaking, M, shiny|91/100
|move|p1a: Chandelure|Overheat|p2a: Seaking
|-resisted|p2a: Seaking
|-damage|p2a: Seaking|63/100
|-unboost|p1a: Chandelure|spa|2
|
|-heal|p2a: Seaking|69/100|[from] item: Leftovers
|upkeep
|turn|74
|
|t:|1666950690
|switch|p1a: Umbreon|Umbreon, F, shiny|57/100 brn
|move|p2a: Seaking|Flip Turn|p1a: Umbreon
|-crit|p1a: Umbreon
|-damage|p1a: Umbreon|32/100 brn
|
|t:|1666950693
|switch|p2a: Heliolisk|Heliolisk, M|85/100|[from]move: Flip Turn
|
|-damage|p1a: Umbreon|26/100 brn|[from] brn
|upkeep
|turn|75
|c|☆Niso204720|2 critics
|c|☆Niso204720|consecutives :(
|c|☆kerorek|:(
|
|t:|1666950727
|move|p2a: Heliolisk|Thunderbolt|p1a: Umbreon
|-crit|p1a: Umbreon
|-damage|p1a: Umbreon|0 fnt
|faint|p1a: Umbreon
|
|upkeep
|c|☆Niso204720|3
|
|t:|1666950738
|switch|p1a: Chandelure|Chandelure, M, shiny|100/100
|turn|76
|
|t:|1666950767
|switch|p2a: Hitmontop|Hitmontop, M|58/100 tox
|move|p1a: Chandelure|Overheat|p2a: Hitmontop
|-damage|p2a: Hitmontop|0 fnt
|-unboost|p1a: Chandelure|spa|2
|faint|p2a: Hitmontop
|
|upkeep
|
|t:|1666950773
|switch|p2a: Seaking|Seaking, M, shiny|69/100
|turn|77
|
|t:|1666950778
|switch|p1a: Incineroar|Incineroar, M|96/100
|-ability|p1a: Incineroar|Intimidate|boost
|-unboost|p2a: Seaking|atk|1
|move|p2a: Seaking|Flip Turn|p1a: Incineroar
|-supereffective|p1a: Incineroar
|-damage|p1a: Incineroar|77/100
|
|t:|1666950788
|switch|p2a: Heliolisk|Heliolisk, M|85/100|[from]move: Flip Turn
|
|upkeep
|turn|78
|l|☆Niso204720
|player|p1|
|j|☆Niso204720
|player|p1|Niso204720|bugcatcher-gen4dp
|
|t:|1666950818
|move|p2a: Heliolisk|Volt Switch|p1a: Incineroar
|-damage|p1a: Incineroar|29/100
|
|t:|1666950821
|switch|p2a: Avalugg|Avalugg, M|100/100|[from]move: Volt Switch
|move|p1a: Incineroar|Parting Shot|p2a: Avalugg
|-unboost|p2a: Avalugg|atk|1
|-unboost|p2a: Avalugg|spa|1
|
|t:|1666950824
|switch|p1a: Chandelure|Chandelure, M, shiny|100/100|[from]move: Parting Shot
|
|upkeep
|turn|79
|
|t:|1666950831
|move|p1a: Chandelure|Energy Ball|p2a: Avalugg
|-crit|p2a: Avalugg
|-damage|p2a: Avalugg|20/100
|move|p2a: Avalugg|Body Press|p1a: Chandelure
|-immune|p1a: Chandelure
|
|upkeep
|turn|80
|
|t:|1666950837
|move|p1a: Chandelure|Energy Ball|p2a: Avalugg
|-damage|p2a: Avalugg|0 fnt
|faint|p2a: Avalugg
|
|upkeep
|c|☆Niso204720|thanks god
|
|t:|1666950843
|switch|p2a: Heliolisk|Heliolisk, M|85/100
|turn|81
|
|t:|1666950858
|move|p1a: Chandelure|Energy Ball|p2a: Heliolisk
|-damage|p2a: Heliolisk|36/100
|move|p2a: Heliolisk|Volt Switch|p1a: Chandelure
|-damage|p1a: Chandelure|27/100
|
|t:|1666950863
|switch|p2a: Seaking|Seaking, M, shiny|69/100|[from]move: Volt Switch
|
|-heal|p2a: Seaking|75/100|[from] item: Leftovers
|upkeep
|turn|82
|
|t:|1666950873
|move|p1a: Chandelure|Energy Ball|p2a: Seaking
|-supereffective|p2a: Seaking
|-crit|p2a: Seaking
|-damage|p2a: Seaking|2/100
|move|p2a: Seaking|Flip Turn|p1a: Chandelure
|-supereffective|p1a: Chandelure
|-damage|p1a: Chandelure|0 fnt
|faint|p1a: Chandelure
|
|t:|1666950876
|switch|p2a: Heliolisk|Heliolisk, M|36/100|[from]move: Flip Turn
|
|upkeep
|
|t:|1666950889
|switch|p1a: Incineroar|Incineroar, M|29/100
|-ability|p1a: Incineroar|Intimidate|boost
|-unboost|p2a: Heliolisk|atk|1
|turn|83
|
|t:|1666950892
|move|p2a: Heliolisk|Thunderbolt|p1a: Incineroar
|-damage|p1a: Incineroar|0 fnt
|faint|p1a: Incineroar
|
|win|kerorek
|raw|Niso204720's rating: 1283 &rarr; <strong>1271</strong><br />(-12 for losing)
|raw|kerorek's rating: 1481 &rarr; <strong>1491</strong><br />(+10 for winning)
|c|☆Niso204720|GG
|c|☆kerorek|gg
|l|☆Niso204720
|l|☆kerorek
||Ladder isn't responding, score probably updated but might not have (Request timeout).
|j|☆kerorek
|player|p2|kerorek|lass-gen4dp
