|j|☆DarkHorse384
|j|☆pif
|t:|1662345794
|gametype|singles
|player|p1|DarkHorse384|brendan-gen3rs|1421
|player|p2|pif|#uutrio2ladder|1798
|teamsize|p1|6
|teamsize|p2|6
|gen|8
|tier|[Gen 8] UU
|rated|
|rule|Sleep Clause Mod: Limit one foe put to sleep
|rule|Species Clause: Limit one of each Pokémon
|rule|OHKO Clause: OHKO moves are banned
|rule|Evasion Items Clause: Evasion items are banned
|rule|Evasion Moves Clause: Evasion moves are banned
|rule|Endless Battle Clause: Forcing endless battles is banned
|rule|HP Percentage Mod: HP is shown in percentages
|rule|Dynamax Clause: You cannot dynamax
|clearpoke
|poke|p1|Politoed, M|
|poke|p1|Kingdra, F|
|poke|p1|Azumarill, F|
|poke|p1|Tornadus, M|
|poke|p1|Salamence, M|
|poke|p1|Chansey, F|
|poke|p2|Sylveon, F|
|poke|p2|Skarmory, M|
|poke|p2|Tentacruel, F|
|poke|p2|Hippowdon, M|
|poke|p2|Noivern, M|
|poke|p2|Crawdaunt, F|
|teampreview
|j| Harvey Games
|j| Adrift & Rising
|j| TotoMexico
|
|t:|1662345826
|start
|switch|p1a: Azumarill|Azumarill, F|100/100
|switch|p2a: Crawdaunt|Crawdaunt, F|100/100
|turn|1
|
|t:|1662345837
|switch|p2a: Skarmory|Skarmory, M|100/100
|move|p1a: Azumarill|Knock Off|p2a: Skarmory
|-damage|p2a: Skarmory|63/100
|-damage|p1a: Azumarill|84/100|[from] item: Rocky Helmet|[of] p2a: Skarmory
|-enditem|p2a: Skarmory|Rocky Helmet|[from] move: Knock Off|[of] p1a: Azumarill
|
|upkeep
|turn|2
|c| TotoMexico|can you play dr elite 6 fairies team or thelump team
|
|t:|1662345847
|switch|p1a: Politoed|Politoed, M|100/100
|-weather|RainDance|[from] ability: Drizzle|[of] p1a: Politoed
|move|p2a: Skarmory|Roost|p2a: Skarmory
|-heal|p2a: Skarmory|100/100
|-singleturn|p2a: Skarmory|move: Roost
|
|-weather|RainDance|[upkeep]
|upkeep
|turn|3
|c|☆pif|can you suk my -
|c|☆pif|jk
|
|t:|1662345870
|switch|p2a: Tentacruel|Tentacruel, F|100/100
|switch|p1a: Kingdra|Kingdra, F|100/100
|
|-weather|RainDance|[upkeep]
|upkeep
|turn|4
|
|t:|1662345881
|move|p1a: Kingdra|Flip Turn|p2a: Tentacruel
|-resisted|p2a: Tentacruel
|-damage|p2a: Tentacruel|83/100
|
|t:|1662345892
|switch|p1a: Tornadus|Tornadus, M|100/100|[from]move: Flip Turn
|move|p2a: Tentacruel|Knock Off|p1a: Tornadus
|-damage|p1a: Tornadus|77/100
|-enditem|p1a: Tornadus|Choice Specs|[from] move: Knock Off|[of] p2a: Tentacruel
|
|-weather|RainDance|[upkeep]
|-heal|p2a: Tentacruel|89/100|[from] item: Black Sludge
|upkeep
|turn|5
|
|t:|1662345901
|move|p1a: Tornadus|Hurricane|p2a: Tentacruel
|-damage|p2a: Tentacruel|49/100
|move|p2a: Tentacruel|Scald|p1a: Tornadus
|-damage|p1a: Tornadus|33/100
|-status|p1a: Tornadus|brn
|
|-weather|RainDance|[upkeep]
|-heal|p2a: Tentacruel|55/100|[from] item: Black Sludge
|-damage|p1a: Tornadus|27/100 brn|[from] brn
|upkeep
|turn|6
|
|t:|1662345918
|switch|p1a: Kingdra|Kingdra, F|100/100
|switch|p2a: Hippowdon|Hippowdon, M|100/100
|-weather|Sandstorm|[from] ability: Sand Stream|[of] p2a: Hippowdon
|
|-weather|Sandstorm|[upkeep]
|-damage|p1a: Kingdra|94/100|[from] Sandstorm
|upkeep
|turn|7
|c| TotoMexico|there is adrift spectating
|
|t:|1662345929
|switch|p2a: Sylveon|Sylveon, F|100/100
|move|p1a: Kingdra|Surf|p2a: Sylveon
|-damage|p2a: Sylveon|64/100
|
|-weather|Sandstorm|[upkeep]
|-damage|p1a: Kingdra|88/100|[from] Sandstorm
|-damage|p2a: Sylveon|58/100|[from] Sandstorm
|-heal|p2a: Sylveon|64/100|[from] item: Leftovers
|upkeep
|turn|8
|
|t:|1662345951
|switch|p1a: Tornadus|Tornadus, M|27/100 brn
|move|p2a: Sylveon|Wish|p2a: Sylveon
|
|-weather|Sandstorm|[upkeep]
|-damage|p1a: Tornadus|21/100 brn|[from] Sandstorm
|-damage|p2a: Sylveon|58/100|[from] Sandstorm
|-heal|p2a: Sylveon|64/100|[from] item: Leftovers
|-damage|p1a: Tornadus|15/100 brn|[from] brn
|upkeep
|turn|9
|c| TotoMexico|he was good in gen 7 iirc
|c| TotoMexico|but not a snake draft winner ;)
|
|t:|1662345991
|move|p1a: Tornadus|U-turn|p2a: Sylveon
|-resisted|p2a: Sylveon
|-damage|p2a: Sylveon|60/100
|
|t:|1662345995
|switch|p1a: Chansey|Chansey, F|100/100|[from]move: U-turn
|move|p2a: Sylveon|Hyper Voice|p1a: Chansey
|-damage|p1a: Chansey|88/100
|
|-weather|Sandstorm|[upkeep]
|-damage|p2a: Sylveon|54/100|[from] Sandstorm
|-damage|p1a: Chansey|82/100|[from] Sandstorm
|-heal|p2a: Sylveon|100/100|[from] move: Wish|[wisher] Sylveon
|upkeep
|turn|10
|c| TotoMexico|for me dark horse
|c| TotoMexico|chansey rain is cringe
|
|t:|1662346014
|move|p2a: Sylveon|Wish|p2a: Sylveon
|move|p1a: Chansey|Teleport|p1a: Chansey
|c|☆DarkHorse384|:(
|c|☆DarkHorse384|haha
|c|☆pif|well
|c|☆DarkHorse384|switching over from sun, think rain's better
|c|☆pif|i do love chansey
|c|☆pif|and rain
|c|☆DarkHorse384|chansey is the best
|c|☆pif|idk about them together
|l| Harvey Games
|c|☆DarkHorse384|im innovating haha
|c|☆DarkHorse384|works for sun, why not rain
|c| TotoMexico|rain's better but rain needs to have some proper counters to prim, tang and slowking
|c|☆DarkHorse384|fair, any suggestions?
|
|t:|1662346090
|switch|p1a: Azumarill|Azumarill, F|84/100|[from]move: Teleport
|
|-weather|none
|upkeep
|turn|11
|
|t:|1662346103
|switch|p2a: Skarmory|Skarmory, M|100/100
|move|p1a: Azumarill|Liquidation|p2a: Skarmory
|-damage|p2a: Skarmory|48/100
|
|-heal|p2a: Skarmory|100/100|[from] move: Wish|[wisher] Sylveon
|upkeep
|turn|12
|c| TotoMexico|i just dont like azumarill in rain
|
|t:|1662346118
|move|p2a: Skarmory|Spikes|p1a: Azumarill
|-sidestart|p1: DarkHorse384|Spikes
|move|p1a: Azumarill|Liquidation|p2a: Skarmory
|-damage|p2a: Skarmory|54/100
|-unboost|p2a: Skarmory|def|1
|
|upkeep
|turn|13
|c| TotoMexico|momentum sink imo
|
|t:|1662346123
|move|p2a: Skarmory|Iron Defense|p2a: Skarmory
|-boost|p2a: Skarmory|def|2
|move|p1a: Azumarill|Liquidation|p2a: Skarmory
|-damage|p2a: Skarmory|20/100
|
|upkeep
|turn|14
|
|t:|1662346129
|switch|p1a: Kingdra|Kingdra, F|88/100
|-damage|p1a: Kingdra|76/100|[from] Spikes
|move|p2a: Skarmory|Roost|p2a: Skarmory
|-heal|p2a: Skarmory|70/100
|-singleturn|p2a: Skarmory|move: Roost
|
|upkeep
|turn|15
|
|t:|1662346134
|switch|p2a: Sylveon|Sylveon, F|100/100
|move|p1a: Kingdra|Surf|p2a: Sylveon
|-damage|p2a: Sylveon|63/100
|
|-heal|p2a: Sylveon|69/100|[from] item: Leftovers
|upkeep
|turn|16
|c|☆DarkHorse384|what would you suggest to replace?
|c|☆DarkHorse384|sort of just scrapped this one together
|c| TotoMexico|heliolisk, sub toxic mantine, kabutops, and you choose really really have an eject button mon (amoonguss is amazing pivot in rain)
|
|t:|1662346171
|switch|p1a: Politoed|Politoed, M|100/100
|-damage|p1a: Politoed|88/100|[from] Spikes
|-weather|RainDance|[from] ability: Drizzle|[of] p1a: Politoed
|move|p2a: Sylveon|Wish|p2a: Sylveon
|
|-weather|RainDance|[upkeep]
|-heal|p2a: Sylveon|75/100|[from] item: Leftovers
|upkeep
|turn|17
|c|☆pif|i like mantine a lot
|c|☆pif|btw if youre interested in more uu things, feel free to join pia, a uu focused discord here - focus is to help people get into uu and we have tours with prizes and other fun stuff like building sessions https://www.smogon.com/forums/members/pokemonisfun.56643/#about
|c|☆DarkHorse384|gotcha!
|
|t:|1662346203
|switch|p1a: Chansey|Chansey, F|82/100
|-damage|p1a: Chansey|69/100|[from] Spikes
|switch|p2a: Tentacruel|Tentacruel, F|55/100
|
|-weather|RainDance|[upkeep]
|-heal|p2a: Tentacruel|100/100|[from] move: Wish|[wisher] Sylveon
|upkeep
|turn|18
|c| TotoMexico|i'm not a fan of heliolisk but it gets the job done, the water immunity can be cool because rains always have weird match up against opposing keldeos
|c| TotoMexico|mantine is indeed a secret powerhouse in rain
|
|t:|1662346223
|move|p2a: Tentacruel|Knock Off|p1a: Chansey
|-damage|p1a: Chansey|59/100
|-enditem|p1a: Chansey|Eviolite|[from] move: Knock Off|[of] p2a: Tentacruel
|move|p1a: Chansey|Soft-Boiled|p1a: Chansey
|-heal|p1a: Chansey|100/100
|
|-weather|RainDance|[upkeep]
|upkeep
|turn|19
|c| TotoMexico|and i really mean it
|c| TotoMexico|its so so so anti meta
|
|t:|1662346238
|switch|p1a: Salamence|Salamence, M|100/100
|-ability|p1a: Salamence|Intimidate|boost
|-unboost|p2a: Tentacruel|atk|1
|move|p2a: Tentacruel|Sludge Bomb|p1a: Salamence
|-damage|p1a: Salamence|76/100
|
|-weather|RainDance|[upkeep]
|upkeep
|turn|20
|
|t:|1662346244
|switch|p2a: Sylveon|Sylveon, F|75/100
|move|p1a: Salamence|Defog|p2a: Sylveon
|-unboost|p2a: Sylveon|evasion|1
|-sideend|p1: DarkHorse384|Spikes|[from] move: Defog|[of] p1a: Salamence
|
|-weather|RainDance|[upkeep]
|-heal|p2a: Sylveon|81/100|[from] item: Leftovers
|upkeep
|turn|21
|
|t:|1662346255
|switch|p1a: Azumarill|Azumarill, F|84/100
|switch|p2a: Crawdaunt|Crawdaunt, F|100/100
|
|-weather|RainDance|[upkeep]
|upkeep
|turn|22
|
|t:|1662346275
|move|p2a: Crawdaunt|Knock Off|p1a: Azumarill
|-resisted|p1a: Azumarill
|-damage|p1a: Azumarill|21/100
|-enditem|p1a: Azumarill|Choice Band|[from] move: Knock Off|[of] p2a: Crawdaunt
|move|p1a: Azumarill|Liquidation|p2a: Crawdaunt
|-resisted|p2a: Crawdaunt
|-damage|p2a: Crawdaunt|45/100
|
|-weather|RainDance|[upkeep]
|upkeep
|turn|23
|c| TotoMexico|like here you dont have rocks + you just struggle to get in position
|c|☆DarkHorse384|true!
|c|☆pif|sr chansey
|c|☆pif|?
|
|t:|1662346293
|switch|p1a: Tornadus|Tornadus, M|15/100 brn
|move|p2a: Crawdaunt|Knock Off|p1a: Tornadus
|-damage|p1a: Tornadus|0 fnt
|faint|p1a: Tornadus
|
|-weather|none
|upkeep
|
|t:|1662346319
|switch|p1a: Salamence|Salamence, M|76/100
|-ability|p1a: Salamence|Intimidate|boost
|-unboost|p2a: Crawdaunt|atk|1
|turn|24
|c| TotoMexico|sr chansey means you're 6-0d by sub cm primarina
|
|t:|1662346324
|switch|p1a: Politoed|Politoed, M|88/100
|-weather|RainDance|[from] ability: Drizzle|[of] p1a: Politoed
|switch|p2a: Sylveon|Sylveon, F|81/100
|
|-weather|RainDance|[upkeep]
|-heal|p2a: Sylveon|88/100|[from] item: Leftovers
|upkeep
|turn|25
|c|☆pif|nobody runs that anymore
|c| TotoMexico|i run it a lot personnaly
|
|t:|1662346344
|switch|p1a: Azumarill|Azumarill, F|21/100
|move|p2a: Sylveon|Wish|p2a: Sylveon
|
|-weather|RainDance|[upkeep]
|-heal|p2a: Sylveon|94/100|[from] item: Leftovers
|upkeep
|turn|26
|c| TotoMexico|no one runs seed bomb on amoonguss
|
|t:|1662346357
|switch|p2a: Tentacruel|Tentacruel, F|100/100
|move|p1a: Azumarill|Knock Off|p2a: Tentacruel
|-crit|p2a: Tentacruel
|-damage|p2a: Tentacruel|18/100
|-enditem|p2a: Tentacruel|Black Sludge|[from] move: Knock Off|[of] p1a: Azumarill
|
|-weather|RainDance|[upkeep]
|-heal|p2a: Tentacruel|72/100|[from] move: Wish|[wisher] Sylveon
|upkeep
|turn|27
|j| amogusroxyrrrr
|c| TotoMexico|coz they are all lazy
|c| TotoMexico|at teambuilding
|
|t:|1662346372
|switch|p1a: Kingdra|Kingdra, F|76/100
|move|p2a: Tentacruel|Sludge Bomb|p1a: Kingdra
|-damage|p1a: Kingdra|46/100
|
|-weather|RainDance|[upkeep]
|upkeep
|turn|28
|c| TotoMexico|how many times have i told udon
|c| TotoMexico|go seed bomb
|
|t:|1662346388
|switch|p2a: Hippowdon|Hippowdon, M|100/100
|-weather|Sandstorm|[from] ability: Sand Stream|[of] p2a: Hippowdon
|move|p1a: Kingdra|Surf|p2a: Hippowdon
|-supereffective|p2a: Hippowdon
|-crit|p2a: Hippowdon
|-damage|p2a: Hippowdon|0 fnt
|faint|p2a: Hippowdon
|
|-weather|Sandstorm|[upkeep]
|-damage|p1a: Kingdra|40/100|[from] Sandstorm
|upkeep
|
|t:|1662346397
|switch|p2a: Tentacruel|Tentacruel, F|72/100
|turn|29
|c| TotoMexico|why did we lose hippo
|
|t:|1662346433
|switch|p1a: Politoed|Politoed, M|88/100
|-weather|RainDance|[from] ability: Drizzle|[of] p1a: Politoed
|move|p2a: Tentacruel|Sludge Bomb|p1a: Politoed
|-damage|p1a: Politoed|65/100
|
|-weather|RainDance|[upkeep]
|upkeep
|turn|30
|c|☆pif|im dum
|
|t:|1662346462
|switch|p1a: Salamence|Salamence, M|76/100
|-ability|p1a: Salamence|Intimidate|boost
|-unboost|p2a: Tentacruel|atk|1
|move|p2a: Tentacruel|Sludge Bomb|p1a: Salamence
|-damage|p1a: Salamence|49/100
|-status|p1a: Salamence|psn
|
|-weather|RainDance|[upkeep]
|-damage|p1a: Salamence|37/100 psn|[from] psn
|upkeep
|turn|31
|
|t:|1662346469
|switch|p2a: Sylveon|Sylveon, F|94/100
|move|p1a: Salamence|Roost|p1a: Salamence
|-heal|p1a: Salamence|87/100 psn
|-singleturn|p1a: Salamence|move: Roost
|
|-weather|RainDance|[upkeep]
|-heal|p2a: Sylveon|99/100|[from] item: Leftovers
|-damage|p1a: Salamence|74/100 psn|[from] psn
|upkeep
|turn|32
|
|t:|1662346485
|switch|p1a: Chansey|Chansey, F|100/100
|move|p2a: Sylveon|Wish|p2a: Sylveon
|
|-weather|RainDance|[upkeep]
|-heal|p2a: Sylveon|100/100|[from] item: Leftovers
|upkeep
|turn|33
|
|t:|1662346494
|switch|p2a: Crawdaunt|Crawdaunt, F|45/100
|move|p1a: Chansey|Thunder Wave|p2a: Crawdaunt
|-status|p2a: Crawdaunt|par
|
|-weather|RainDance|[upkeep]
|-heal|p2a: Crawdaunt|100/100 par|[from] move: Wish|[wisher] Sylveon
|upkeep
|turn|34
|
|t:|1662346507
|switch|p1a: Salamence|Salamence, M|74/100 psn
|-ability|p1a: Salamence|Intimidate|boost
|-unboost|p2a: Crawdaunt|atk|1
|cant|p2a: Crawdaunt|par
|
|-weather|RainDance|[upkeep]
|-damage|p1a: Salamence|62/100 psn|[from] psn
|upkeep
|turn|35
|
|t:|1662346517
|switch|p2a: Sylveon|Sylveon, F|100/100
|move|p1a: Salamence|Roost|p1a: Salamence
|-heal|p1a: Salamence|100/100 psn
|-singleturn|p1a: Salamence|move: Roost
|
|-weather|RainDance|[upkeep]
|-damage|p1a: Salamence|88/100 psn|[from] psn
|upkeep
|turn|36
|
|t:|1662346524
|switch|p1a: Chansey|Chansey, F|100/100
|move|p2a: Sylveon|Heal Bell|p2a: Sylveon
|-activate|p2a: Sylveon|move: Heal Bell
|-curestatus|p2: Crawdaunt|par|[msg]
|
|-weather|none
|upkeep
|turn|37
|
|t:|1662346532
|switch|p2a: Crawdaunt|Crawdaunt, F|100/100
|move|p1a: Chansey|Thunder Wave|p2a: Crawdaunt
|-status|p2a: Crawdaunt|par
|
|upkeep
|turn|38
|
|t:|1662346546
|switch|p1a: Salamence|Salamence, M|88/100 psn
|-ability|p1a: Salamence|Intimidate|boost
|-unboost|p2a: Crawdaunt|atk|1
|move|p2a: Crawdaunt|Knock Off|p1a: Salamence
|-damage|p1a: Salamence|9/100 psn
|-enditem|p1a: Salamence|Heavy-Duty Boots|[from] move: Knock Off|[of] p2a: Crawdaunt
|
|-damage|p1a: Salamence|0 fnt|[from] psn
|faint|p1a: Salamence
|upkeep
|c|☆DarkHorse384|haha no use
|
|t:|1662346578
|switch|p1a: Azumarill|Azumarill, F|21/100
|turn|39
|
|t:|1662346587
|switch|p2a: Skarmory|Skarmory, M|70/100
|move|p1a: Azumarill|Play Rough|p2a: Skarmory
|-resisted|p2a: Skarmory
|-damage|p2a: Skarmory|52/100
|
|upkeep
|turn|40
|
|t:|1662346594
|switch|p1a: Kingdra|Kingdra, F|40/100
|move|p2a: Skarmory|Spikes|p1a: Kingdra
|-sidestart|p1: DarkHorse384|Spikes
|
|upkeep
|turn|41
|
|t:|1662346604
|switch|p2a: Sylveon|Sylveon, F|100/100
|move|p1a: Kingdra|Flip Turn|p2a: Sylveon
|-damage|p2a: Sylveon|82/100
|
|t:|1662346612
|switch|p1a: Azumarill|Azumarill, F|21/100|[from]move: Flip Turn
|-damage|p1a: Azumarill|9/100|[from] Spikes
|
|-heal|p2a: Sylveon|88/100|[from] item: Leftovers
|upkeep
|turn|42
|
|t:|1662346617
|move|p2a: Sylveon|Protect|p2a: Sylveon
|-singleturn|p2a: Sylveon|Protect
|move|p1a: Azumarill|Liquidation|p2a: Sylveon
|-activate|p2a: Sylveon|move: Protect
|
|-heal|p2a: Sylveon|94/100|[from] item: Leftovers
|upkeep
|turn|43
|
|t:|1662346625
|switch|p2a: Noivern|Noivern, M|100/100
|move|p1a: Azumarill|Liquidation|p2a: Noivern
|-resisted|p2a: Noivern
|-damage|p2a: Noivern|66/100
|
|upkeep
|turn|44
|
|t:|1662346632
|move|p1a: Azumarill|Aqua Jet|p2a: Noivern
|-resisted|p2a: Noivern
|-damage|p2a: Noivern|48/100
|move|p2a: Noivern|Flamethrower|p1a: Azumarill
|-resisted|p1a: Azumarill
|-damage|p1a: Azumarill|0 fnt
|faint|p1a: Azumarill
|
|upkeep
|
|t:|1662346636
|switch|p1a: Politoed|Politoed, M|65/100
|-damage|p1a: Politoed|53/100|[from] Spikes
|-weather|RainDance|[from] ability: Drizzle|[of] p1a: Politoed
|turn|45
|
|t:|1662346655
|switch|p1a: Chansey|Chansey, F|100/100
|-damage|p1a: Chansey|88/100|[from] Spikes
|move|p2a: Noivern|U-turn|p1a: Chansey
|-damage|p1a: Chansey|77/100
|
|t:|1662346663
|switch|p2a: Sylveon|Sylveon, F|94/100|[from]move: U-turn
|
|-weather|RainDance|[upkeep]
|-heal|p2a: Sylveon|99/100|[from] item: Leftovers
|upkeep
|turn|46
|
|t:|1662346670
|move|p2a: Sylveon|Heal Bell|p2a: Sylveon
|-activate|p2a: Sylveon|move: Heal Bell
|-curestatus|p2: Crawdaunt|par|[msg]
|move|p1a: Chansey|Teleport|p1a: Chansey
|
|t:|1662346672
|switch|p1a: Kingdra|Kingdra, F|40/100|[from]move: Teleport
|-damage|p1a: Kingdra|27/100|[from] Spikes
|
|-weather|RainDance|[upkeep]
|-heal|p2a: Sylveon|100/100|[from] item: Leftovers
|upkeep
|turn|47
|
|t:|1662346683
|move|p1a: Kingdra|Surf|p2a: Sylveon
|-damage|p2a: Sylveon|48/100
|move|p2a: Sylveon|Hyper Voice|p1a: Kingdra
|-supereffective|p1a: Kingdra
|-damage|p1a: Kingdra|0 fnt
|faint|p1a: Kingdra
|
|-weather|RainDance|[upkeep]
|-heal|p2a: Sylveon|55/100|[from] item: Leftovers
|upkeep
|
|t:|1662346690
|switch|p1a: Politoed|Politoed, M|53/100
|-damage|p1a: Politoed|41/100|[from] Spikes
|turn|48
|
|t:|1662346697
|move|p1a: Politoed|Scald|p2a: Sylveon
|-damage|p2a: Sylveon|32/100
|move|p2a: Sylveon|Hyper Voice|p1a: Politoed
|-damage|p1a: Politoed|6/100
|
|-weather|RainDance|[upkeep]
|-heal|p2a: Sylveon|38/100|[from] item: Leftovers
|upkeep
|turn|49
|
|t:|1662346708
|move|p1a: Politoed|Scald|p2a: Sylveon
|-damage|p2a: Sylveon|15/100
|-status|p2a: Sylveon|brn
|move|p2a: Sylveon|Hyper Voice|p1a: Politoed
|-damage|p1a: Politoed|0 fnt
|faint|p1a: Politoed
|
|-weather|RainDance|[upkeep]
|-heal|p2a: Sylveon|22/100 brn|[from] item: Leftovers
|-damage|p2a: Sylveon|15/100 brn|[from] brn
|upkeep
|
|t:|1662346710
|switch|p1a: Chansey|Chansey, F|77/100
|-damage|p1a: Chansey|65/100|[from] Spikes
|turn|50
|
|t:|1662346713
|move|p2a: Sylveon|Wish|p2a: Sylveon
|move|p1a: Chansey|Seismic Toss|p2a: Sylveon
|-damage|p2a: Sylveon|0 fnt
|faint|p2a: Sylveon
|
|-weather|RainDance|[upkeep]
|upkeep
|
|t:|1662346714
|switch|p2a: Crawdaunt|Crawdaunt, F|100/100
|turn|51
|
|t:|1662346718
|move|p2a: Crawdaunt|Knock Off|p1a: Chansey
|-damage|p1a: Chansey|0 fnt
|faint|p1a: Chansey
|
|win|pif
|raw|DarkHorse384's rating: 1421 &rarr; <strong>1417</strong><br />(-4 for losing)
|raw|pif's rating: 1798 &rarr; <strong>1802</strong><br />(+4 for winning)
|c| TotoMexico|gl hf
|c|☆pif|gg
|c|☆DarkHorse384|gg
|l| TotoMexico
|l| amogusroxyrrrr
||Ladder isn't responding, score probably updated but might not have (Request timeout).
