|j|☆Kla0Trixx
|j|☆ton president
|t:|1627244013
|gametype|singles
|player|p1|Kla0Trixx|102|1459
|player|p2|ton president|2|1467
|teamsize|p1|6
|teamsize|p2|6
|gen|8
|tier|[Gen 8] UU
|rated|
|rule|Sleep Clause Mod: Limit one foe put to sleep
|rule|Species Clause: Limit one of each Pokémon
|rule|OHKO Clause: OHKO moves are banned
|rule|Evasion Moves Clause: Evasion moves are banned
|rule|Endless Battle Clause: Forcing endless battles is banned
|rule|HP Percentage Mod: HP is shown in percentages
|rule|Dynamax Clause: You cannot dynamax
|clearpoke
|poke|p1|Gastrodon, M|
|poke|p1|Rotom-Heat|
|poke|p1|Primarina, F|
|poke|p1|Jirachi|
|poke|p1|Mamoswine, M|
|poke|p1|Obstagoon, F|
|poke|p2|Tapu Bulu|
|poke|p2|Keldeo-Resolute|
|poke|p2|Jirachi|
|poke|p2|Nidoking, M|
|poke|p2|Conkeldurr, F|
|poke|p2|Rotom-Wash|
|teampreview
|
|t:|1627244032
|start
|switch|p1a: Primarina|Primarina, F|100/100
|switch|p2a: Conkeldurr|Conkeldurr, F|100/100
|turn|1
|
|t:|1627244040
|switch|p2a: Tapu Bulu|Tapu Bulu|100/100
|-fieldstart|move: Grassy Terrain|[from] ability: Grassy Surge|[of] p2a: Tapu Bulu
|move|p1a: Primarina|Moonblast|p2a: Tapu Bulu
|-damage|p2a: Tapu Bulu|17/100
|
|-heal|p2a: Tapu Bulu|23/100|[from] Grassy Terrain
|upkeep
|turn|2
|
|t:|1627244049
|switch|p1a: Rotom|Rotom-Heat|100/100
|move|p2a: Tapu Bulu|Horn Leech|p1a: Rotom
|-resisted|p1a: Rotom
|-damage|p1a: Rotom|84/100
|-heal|p2a: Tapu Bulu|31/100|[from] drain|[of] p1a: Rotom
|
|-heal|p2a: Tapu Bulu|37/100|[from] Grassy Terrain
|upkeep
|turn|3
|
|t:|1627244060
|switch|p2a: Rotom|Rotom-Wash|100/100
|move|p1a: Rotom|Overheat|p2a: Rotom
|-resisted|p2a: Rotom
|-damage|p2a: Rotom|78/100
|-unboost|p1a: Rotom|spa|2
|
|-heal|p2a: Rotom|84/100|[from] item: Leftovers
|upkeep
|turn|4
|
|t:|1627244073
|switch|p2a: Nidoking|Nidoking, M|100/100
|switch|p1a: Gastrodon|Gastrodon, M|100/100
|
|upkeep
|turn|5
|
|t:|1627244080
|switch|p2a: Tapu Bulu|Tapu Bulu|37/100
|move|p1a: Gastrodon|Scald|p2a: Tapu Bulu
|-resisted|p2a: Tapu Bulu
|-damage|p2a: Tapu Bulu|24/100
|-status|p2a: Tapu Bulu|brn
|
|-heal|p2a: Tapu Bulu|31/100 brn|[from] Grassy Terrain
|-damage|p2a: Tapu Bulu|24/100 brn|[from] brn
|-fieldend|move: Grassy Terrain
|upkeep
|turn|6
|
|t:|1627244090
|switch|p1a: Rotom|Rotom-Heat|84/100
|move|p2a: Tapu Bulu|Toxic|p1a: Rotom
|-status|p1a: Rotom|tox
|
|-damage|p1a: Rotom|78/100 tox|[from] psn
|-damage|p2a: Tapu Bulu|18/100 brn|[from] brn
|upkeep
|turn|7
|
|t:|1627244138
|move|p1a: Rotom|Volt Switch|p2a: Tapu Bulu
|-resisted|p2a: Tapu Bulu
|-damage|p2a: Tapu Bulu|4/100 brn
|
|t:|1627244141
|switch|p1a: Jirachi|Jirachi|100/100|[from]move: Volt Switch
|move|p2a: Tapu Bulu|Close Combat|p1a: Jirachi
|-damage|p1a: Jirachi|86/100
|-unboost|p2a: Tapu Bulu|def|1
|-unboost|p2a: Tapu Bulu|spd|1
|
|-heal|p1a: Jirachi|92/100|[from] item: Leftovers
|-damage|p2a: Tapu Bulu|0 fnt|[from] brn
|faint|p2a: Tapu Bulu
|upkeep
|
|t:|1627244153
|switch|p2a: Nidoking|Nidoking, M|100/100
|turn|8
|inactive|Battle timer is ON: inactive players will automatically lose when time's up. (requested by ton president)
|inactive|Kla0Trixx has 120 seconds left.
|inactive|Kla0Trixx has 90 seconds left.
|inactive|Kla0Trixx has 60 seconds left.
|inactive|Kla0Trixx has 30 seconds left.
|inactive|Kla0Trixx has 20 seconds left.
|
|t:|1627244330
|switch|p1a: Gastrodon|Gastrodon, M|100/100
|move|p2a: Nidoking|Earth Power|p1a: Gastrodon
|-damage|p1a: Gastrodon|48/100
|
|-heal|p1a: Gastrodon|54/100|[from] item: Leftovers
|upkeep
|turn|9
|
|t:|1627244339
|move|p2a: Nidoking|Earth Power|p1a: Gastrodon
|-damage|p1a: Gastrodon|0 fnt
|faint|p1a: Gastrodon
|
|upkeep
|inactive|Kla0Trixx has 90 seconds left.
|
|t:|1627244345
|switch|p1a: Mamoswine|Mamoswine, M|100/100
|turn|10
|
|t:|1627244355
|switch|p2a: Rotom|Rotom-Wash|84/100
|move|p1a: Mamoswine|Superpower|p2a: Rotom
|-damage|p2a: Rotom|13/100
|-unboost|p1a: Mamoswine|atk|1
|-unboost|p1a: Mamoswine|def|1
|
|-heal|p2a: Rotom|19/100|[from] item: Leftovers
|upkeep
|turn|11
|
|t:|1627244365
|move|p2a: Rotom|Hydro Pump|p1a: Mamoswine
|-supereffective|p1a: Mamoswine
|-damage|p1a: Mamoswine|0 fnt
|faint|p1a: Mamoswine
|
|-heal|p2a: Rotom|25/100|[from] item: Leftovers
|upkeep
|
|t:|1627244370
|switch|p1a: Obstagoon|Obstagoon, F|100/100
|turn|12
|
|t:|1627244378
|move|p1a: Obstagoon|Knock Off|p2a: Rotom
|-damage|p2a: Rotom|0 fnt
|-enditem|p2a: Rotom|Leftovers|[from] move: Knock Off|[of] p1a: Obstagoon
|faint|p2a: Rotom
|
|-status|p1a: Obstagoon|brn|[from] item: Flame Orb
|upkeep
|
|t:|1627244394
|switch|p2a: Conkeldurr|Conkeldurr, F|100/100
|turn|13
|
|t:|1627244402
|switch|p1a: Primarina|Primarina, F|100/100
|move|p2a: Conkeldurr|Mach Punch|p1a: Primarina
|-resisted|p1a: Primarina
|-damage|p1a: Primarina|81/100
|
|upkeep
|turn|14
|
|t:|1627244413
|move|p1a: Primarina|Moonblast|p2a: Conkeldurr
|-supereffective|p2a: Conkeldurr
|-damage|p2a: Conkeldurr|0 fnt
|faint|p2a: Conkeldurr
|
|upkeep
|
|t:|1627244418
|switch|p2a: Jirachi|Jirachi|100/100
|turn|15
|
|t:|1627244422
|switch|p1a: Rotom|Rotom-Heat|78/100 tox
|move|p2a: Jirachi|Iron Head|p1a: Rotom
|-resisted|p1a: Rotom
|-damage|p1a: Rotom|72/100 tox
|
|-damage|p1a: Rotom|66/100 tox|[from] psn
|upkeep
|turn|16
|
|t:|1627244429
|move|p2a: Jirachi|Iron Head|p1a: Rotom
|-resisted|p1a: Rotom
|-damage|p1a: Rotom|60/100 tox
|cant|p1a: Rotom|flinch
|
|-damage|p1a: Rotom|48/100 tox|[from] psn
|upkeep
|turn|17
|
|t:|1627244435
|move|p2a: Jirachi|Iron Head|p1a: Rotom
|-resisted|p1a: Rotom
|-damage|p1a: Rotom|42/100 tox
|cant|p1a: Rotom|flinch
|
|-damage|p1a: Rotom|24/100 tox|[from] psn
|upkeep
|turn|18
|
|t:|1627244442
|move|p2a: Jirachi|Iron Head|p1a: Rotom
|-resisted|p1a: Rotom
|-damage|p1a: Rotom|18/100 tox
|cant|p1a: Rotom|flinch
|
|-damage|p1a: Rotom|0 fnt|[from] psn
|faint|p1a: Rotom
|upkeep
|
|t:|1627244449
|switch|p1a: Jirachi|Jirachi|92/100
|turn|19
|
|t:|1627244456
|move|p2a: Jirachi|Iron Head|p1a: Jirachi
|-resisted|p1a: Jirachi
|-damage|p1a: Jirachi|76/100
|cant|p1a: Jirachi|flinch
|
|-heal|p1a: Jirachi|82/100|[from] item: Leftovers
|upkeep
|turn|20
|
|t:|1627244463
|switch|p2a: Nidoking|Nidoking, M|100/100
|move|p1a: Jirachi|Protect||[still]
|-fail|p1a: Jirachi
|
|-heal|p1a: Jirachi|89/100|[from] item: Leftovers
|upkeep
|turn|21
|
|t:|1627244471
|move|p1a: Jirachi|Protect|p1a: Jirachi
|-singleturn|p1a: Jirachi|Protect
|move|p2a: Nidoking|Earth Power|p1a: Jirachi
|-activate|p1a: Jirachi|move: Protect
|
|-heal|p1a: Jirachi|95/100|[from] item: Leftovers
|upkeep
|turn|22
|
|t:|1627244478
|move|p2a: Nidoking|Earth Power|p1a: Jirachi
|-supereffective|p1a: Jirachi
|-damage|p1a: Jirachi|19/100
|move|p1a: Jirachi|Wish|p1a: Jirachi
|
|-heal|p1a: Jirachi|26/100|[from] item: Leftovers
|upkeep
|turn|23
|
|t:|1627244485
|switch|p1a: Obstagoon|Obstagoon, F|100/100 brn
|move|p2a: Nidoking|Earth Power|p1a: Obstagoon
|-crit|p1a: Obstagoon
|-damage|p1a: Obstagoon|0 fnt
|faint|p1a: Obstagoon
|
|upkeep
|
|t:|1627244492
|switch|p1a: Primarina|Primarina, F|81/100
|turn|24
|
|t:|1627244496
|move|p2a: Nidoking|Sludge Wave|p1a: Primarina
|-supereffective|p1a: Primarina
|-damage|p1a: Primarina|0 fnt
|faint|p1a: Primarina
|
|upkeep
|
|t:|1627244498
|switch|p1a: Jirachi|Jirachi|26/100
|turn|25
|
|t:|1627244506
|move|p2a: Nidoking|Earth Power|p1a: Jirachi
|-supereffective|p1a: Jirachi
|-crit|p1a: Jirachi
|-damage|p1a: Jirachi|0 fnt
|faint|p1a: Jirachi
|
|win|ton president
|raw|Kla0Trixx's rating: 1459 &rarr; <strong>1439</strong><br />(-20 for losing)
|raw|ton president's rating: 1467 &rarr; <strong>1487</strong><br />(+20 for winning)
|l|☆Kla0Trixx
