|j|☆BaKerguelen
|j|☆bioche80
|t:|1607289882
|player|p1|BaKerguelen|1|1153
|player|p2|bioche80|palmer|1169
|teamsize|p1|6
|teamsize|p2|6
|gametype|singles
|gen|8
|tier|[Gen 8] UU
|rated|
|clearpoke
|poke|p1|Keldeo-Resolute|
|poke|p1|Azumarill, F|
|poke|p1|Nidoqueen, F|
|poke|p1|Zeraora|
|poke|p1|Skarmory, M|
|poke|p1|Obstagoon, M|
|poke|p2|Mew|
|poke|p2|Ditto|
|poke|p2|Zapdos-Galar|
|poke|p2|Amoonguss, M|
|poke|p2|Rotom-Heat|
|poke|p2|Diancie|
|rule|Sleep Clause Mod: Limit one foe put to sleep
|rule|Species Clause: Limit one of each Pokémon
|rule|OHKO Clause: OHKO moves are banned
|rule|Evasion Moves Clause: Evasion moves are banned
|rule|Endless Battle Clause: Forcing endless battles is banned
|rule|HP Percentage Mod: HP is shown in percentages
|rule|Dynamax Clause: You cannot dynamax
|teampreview
|inactive|Battle timer is ON: inactive players will automatically lose when time's up. (requested by bioche80)
|
|t:|1607289932
|start
|switch|p1a: Obstagoon|Obstagoon, M|100/100
|switch|p2a: Rotom|Rotom-Heat|100/100
|turn|1
|
|t:|1607289957
|switch|p2a: Diancie|Diancie|100/100
|move|p1a: Obstagoon|Knock Off|p2a: Diancie
|-resisted|p2a: Diancie
|-damage|p2a: Diancie|83/100
|-enditem|p2a: Diancie|Leftovers|[from] move: Knock Off|[of] p1a: Obstagoon
|
|-status|p1a: Obstagoon|brn|[from] item: Flame Orb
|upkeep
|turn|2
|
|t:|1607289973
|switch|p1a: Skarmory|Skarmory, M|100/100
|move|p2a: Diancie|Stealth Rock|p1a: Skarmory
|-sidestart|p1: BaKerguelen|move: Stealth Rock
|
|upkeep
|turn|3
|
|t:|1607289983
|switch|p2a: Rotom|Rotom-Heat|100/100
|move|p1a: Skarmory|Toxic|p2a: Rotom|[miss]
|-miss|p1a: Skarmory|p2a: Rotom
|
|upkeep
|turn|4
|
|t:|1607289999
|switch|p1a: Nidoqueen|Nidoqueen, F|100/100
|-damage|p1a: Nidoqueen|94/100|[from] Stealth Rock
|move|p2a: Rotom|Overheat|p1a: Nidoqueen
|-damage|p1a: Nidoqueen|36/100
|-unboost|p2a: Rotom|spa|2
|
|-heal|p1a: Nidoqueen|43/100|[from] item: Leftovers
|upkeep
|turn|5
|
|t:|1607290012
|switch|p2a: Zapdos|Zapdos-Galar|100/100
|move|p1a: Nidoqueen|Earthquake|p2a: Zapdos
|-immune|p2a: Zapdos
|
|-heal|p1a: Nidoqueen|49/100|[from] item: Leftovers
|upkeep
|turn|6
|
|t:|1607290024
|move|p2a: Zapdos|Brave Bird|p1a: Nidoqueen
|-damage|p1a: Nidoqueen|0 fnt
|-damage|p2a: Zapdos|85/100|[from] Recoil
|faint|p1a: Nidoqueen
|
|upkeep
|
|t:|1607290033
|switch|p1a: Obstagoon|Obstagoon, M|100/100 brn
|-damage|p1a: Obstagoon|88/100 brn|[from] Stealth Rock
|turn|7
|
|t:|1607290037
|move|p2a: Zapdos|Brave Bird|p1a: Obstagoon
|-damage|p1a: Obstagoon|2/100 brn
|-damage|p2a: Zapdos|56/100|[from] Recoil
|move|p1a: Obstagoon|Switcheroo|p2a: Zapdos
|-activate|p1a: Obstagoon|move: Trick|[of] p2a: Zapdos
|-item|p2a: Zapdos|Flame Orb|[from] move: Switcheroo
|-item|p1a: Obstagoon|Choice Band|[from] move: Switcheroo
|
|-damage|p1a: Obstagoon|0 fnt|[from] brn
|faint|p1a: Obstagoon
|-status|p2a: Zapdos|brn|[from] item: Flame Orb
|upkeep
|
|t:|1607290055
|switch|p1a: Keldeo|Keldeo-Resolute|100/100
|-damage|p1a: Keldeo|94/100|[from] Stealth Rock
|turn|8
|
|t:|1607290064
|switch|p2a: Amoonguss|Amoonguss, M|100/100
|move|p1a: Keldeo|Air Slash|p2a: Amoonguss
|-supereffective|p2a: Amoonguss
|-damage|p2a: Amoonguss|56/100
|
|-heal|p1a: Keldeo|100/100|[from] item: Leftovers
|upkeep
|turn|9
|
|t:|1607290077
|move|p1a: Keldeo|Secret Sword|p2a: Amoonguss
|-resisted|p2a: Amoonguss
|-damage|p2a: Amoonguss|39/100
|move|p2a: Amoonguss|Spore|p1a: Keldeo
|-status|p1a: Keldeo|slp|[from] move: Spore
|
|upkeep
|turn|10
|j| Gab's team
|
|t:|1607290087
|switch|p1a: Skarmory|Skarmory, M|100/100
|-damage|p1a: Skarmory|88/100|[from] Stealth Rock
|switch|p2a: Rotom|Rotom-Heat|100/100
|
|upkeep
|turn|11
|
|t:|1607290096
|switch|p1a: Keldeo|Keldeo-Resolute|100/100 slp
|-damage|p1a: Keldeo|94/100 slp|[from] Stealth Rock
|move|p2a: Rotom|Overheat|p1a: Keldeo
|-resisted|p1a: Keldeo
|-damage|p1a: Keldeo|66/100 slp
|-unboost|p2a: Rotom|spa|2
|
|-heal|p1a: Keldeo|72/100 slp|[from] item: Leftovers
|upkeep
|turn|12
|l| Gab's team
|
|t:|1607290113
|switch|p2a: Mew|Mew|100/100
|cant|p1a: Keldeo|slp
|
|-heal|p1a: Keldeo|78/100 slp|[from] item: Leftovers
|upkeep
|turn|13
|
|t:|1607290122
|-curestatus|p1a: Keldeo|slp|[msg]
|move|p1a: Keldeo|Scald|p2a: Mew
|-damage|p2a: Mew|53/100
|move|p2a: Mew|Work Up|p2a: Mew
|-boost|p2a: Mew|atk|1
|-boost|p2a: Mew|spa|1
|
|-heal|p1a: Keldeo|84/100|[from] item: Leftovers
|upkeep
|turn|14
|
|t:|1607290132
|move|p1a: Keldeo|Scald|p2a: Mew
|-damage|p2a: Mew|4/100
|move|p2a: Mew|Giga Drain|p1a: Keldeo
|-supereffective|p1a: Keldeo
|-damage|p1a: Keldeo|0 fnt
|-heal|p2a: Mew|44/100|[from] drain|[of] p1a: Keldeo
|-damage|p2a: Mew|34/100|[from] item: Life Orb
|faint|p1a: Keldeo
|
|upkeep
|
|t:|1607290145
|switch|p1a: Zeraora|Zeraora|100/100
|-damage|p1a: Zeraora|88/100|[from] Stealth Rock
|turn|15
|
|t:|1607290151
|switch|p2a: Amoonguss|Amoonguss, M|72/100
|move|p1a: Zeraora|Plasma Fists|p2a: Amoonguss
|-resisted|p2a: Amoonguss
|-damage|p2a: Amoonguss|47/100
|-fieldactivate|move: Ion Deluge
|-damage|p1a: Zeraora|72/100|[from] item: Rocky Helmet|[of] p2a: Amoonguss
|-damage|p1a: Zeraora|62/100|[from] item: Life Orb
|
|upkeep
|turn|16
|c|☆BaKerguelen|team full canc
|
|t:|1607290168
|move|p1a: Zeraora|Blaze Kick|p2a: Amoonguss
|-supereffective|p2a: Amoonguss
|-damage|p2a: Amoonguss|0 fnt
|-damage|p1a: Zeraora|46/100|[from] item: Rocky Helmet|[of] p2a: Amoonguss
|-damage|p1a: Zeraora|36/100|[from] item: Life Orb
|faint|p2a: Amoonguss
|
|upkeep
|c|☆bioche80|is not defensive
|inactive|bioche80 has 120 seconds left.
|
|t:|1607290192
|switch|p2a: Diancie|Diancie|83/100
|turn|17
|
|t:|1607290207
|move|p1a: Zeraora|Plasma Fists|p2a: Diancie
|-damage|p2a: Diancie|26/100
|-fieldactivate|move: Ion Deluge
|-damage|p1a: Zeraora|26/100|[from] item: Life Orb
|move|p2a: Diancie|Diamond Storm|p1a: Zeraora
|-damage|p1a: Zeraora|0 fnt
|faint|p1a: Zeraora
|
|upkeep
|
|t:|1607290218
|switch|p1a: Skarmory|Skarmory, M|88/100
|-damage|p1a: Skarmory|76/100|[from] Stealth Rock
|turn|18
|
|t:|1607290228
|switch|p2a: Rotom|Rotom-Heat|100/100
|move|p1a: Skarmory|Toxic|p2a: Rotom
|-status|p2a: Rotom|tox
|
|-damage|p2a: Rotom|94/100 tox|[from] psn
|upkeep
|turn|19
|-message|BaKerguelen forfeited.
|
|win|bioche80
|l|☆BaKerguelen
||Ladder (probably) updated, but score could not be retrieved (Request timeout).
