|raw|<div class="broadcast-blue"><strong>This battle is required to be public due to a player having a name starting with 'uult93j'.</div>
|j|☆UULT93J Glomerule
|j|☆UULT93J pif
|t:|1653296152
|gametype|singles
|player|p1|UULT93J Glomerule|scientist-gen4dp|1646
|player|p2|UULT93J pif|#uutrio2ladder|1698
|teamsize|p1|6
|teamsize|p2|6
|gen|8
|tier|[Gen 8] UU
|rated|
|rule|Sleep Clause Mod: Limit one foe put to sleep
|rule|Species Clause: Limit one of each Pokémon
|rule|OHKO Clause: OHKO moves are banned
|rule|Evasion Moves Clause: Evasion moves are banned
|rule|Endless Battle Clause: Forcing endless battles is banned
|rule|HP Percentage Mod: HP is shown in percentages
|rule|Dynamax Clause: You cannot dynamax
|clearpoke
|poke|p1|Hippowdon, M|
|poke|p1|Amoonguss, M|
|poke|p1|Chandelure, F|
|poke|p1|Rotom-Wash|
|poke|p1|Hatterene, F|
|poke|p1|Excadrill, M|
|poke|p2|Scizor, F|
|poke|p2|Rotom-Wash|
|poke|p2|Hippowdon, M|
|poke|p2|Zarude|
|poke|p2|Moltres|
|poke|p2|Zygarde-10%|
|teampreview
|j| UULT93J Akame
|inactive|Battle timer is ON: inactive players will automatically lose when time's up. (requested by UULT93J Glomerule)
|j| uult93j tt
|
|t:|1653296188
|start
|switch|p1a: Rotom|Rotom-Wash|100/100
|switch|p2a: wishy washy|Rotom-Wash|100/100
|turn|1
|
|t:|1653296192
|move|p1a: Rotom|Volt Switch|p2a: wishy washy
|-damage|p2a: wishy washy|73/100
|
|t:|1653296198
|switch|p1a: Hippowdon|Hippowdon, M|100/100|[from]move: Volt Switch
|-weather|Sandstorm|[from] ability: Sand Stream|[of] p1a: Hippowdon
|move|p2a: wishy washy|Volt Switch|p1a: Hippowdon
|-immune|p1a: Hippowdon
|
|-weather|Sandstorm|[upkeep]
|-damage|p2a: wishy washy|66/100|[from] Sandstorm
|-heal|p2a: wishy washy|73/100|[from] item: Leftovers
|upkeep
|turn|2
|
|t:|1653296208
|move|p2a: wishy washy|Hydro Pump|p1a: Hippowdon|[miss]
|-miss|p2a: wishy washy|p1a: Hippowdon
|move|p1a: Hippowdon|Toxic|p2a: wishy washy
|-status|p2a: wishy washy|tox
|
|-weather|Sandstorm|[upkeep]
|-damage|p2a: wishy washy|66/100 tox|[from] Sandstorm
|-heal|p2a: wishy washy|73/100 tox|[from] item: Leftovers
|-damage|p2a: wishy washy|66/100 tox|[from] psn
|upkeep
|turn|3
|
|t:|1653296218
|move|p2a: wishy washy|Hydro Pump|p1a: Hippowdon
|-supereffective|p1a: Hippowdon
|-damage|p1a: Hippowdon|36/100
|move|p1a: Hippowdon|Slack Off|p1a: Hippowdon
|-heal|p1a: Hippowdon|86/100
|
|-weather|Sandstorm|[upkeep]
|-damage|p2a: wishy washy|60/100 tox|[from] Sandstorm
|-heal|p2a: wishy washy|66/100 tox|[from] item: Leftovers
|-damage|p2a: wishy washy|54/100 tox|[from] psn
|upkeep
|turn|4
|
|t:|1653296233
|switch|p1a: Rotom|Rotom-Wash|100/100
|move|p2a: wishy washy|Pain Split|p1a: Rotom
|-sethp|p1a: Rotom|78/100|[from] move: Pain Split|[silent]
|-sethp|p2a: wishy washy|75/100 tox|[from] move: Pain Split
|
|-weather|Sandstorm|[upkeep]
|-damage|p2a: wishy washy|69/100 tox|[from] Sandstorm
|-damage|p1a: Rotom|72/100|[from] Sandstorm
|-heal|p2a: wishy washy|75/100 tox|[from] item: Leftovers
|-heal|p1a: Rotom|78/100|[from] item: Leftovers
|-damage|p2a: wishy washy|57/100 tox|[from] psn
|upkeep
|turn|5
|
|t:|1653296241
|move|p2a: wishy washy|Volt Switch|p1a: Rotom
|-damage|p1a: Rotom|51/100
|
|t:|1653296248
|switch|p2a: Zygarde-10% off|Zygarde-10%|100/100|[from]move: Volt Switch
|-ability|p2a: Zygarde-10% off|Aura Break
|move|p1a: Rotom|Volt Switch|p2a: Zygarde-10% off
|-immune|p2a: Zygarde-10% off
|
|-weather|Sandstorm|[upkeep]
|-damage|p1a: Rotom|45/100|[from] Sandstorm
|-heal|p1a: Rotom|51/100|[from] item: Leftovers
|upkeep
|turn|6
|
|t:|1653296257
|switch|p1a: Amoonguss|Amoonguss, M|100/100
|move|p2a: Zygarde-10% off|Thousand Arrows|p1a: Amoonguss
|-damage|p1a: Amoonguss|55/100
|
|-weather|Sandstorm|[upkeep]
|-damage|p1a: Amoonguss|48/100|[from] Sandstorm
|upkeep
|turn|7
|j| xujing691691
|
|t:|1653296267
|switch|p2a: zapolite|Zarude|100/100
|switch|p1a: Chandelure|Chandelure, F|100/100
|
|-weather|Sandstorm|[upkeep]
|-damage|p1a: Chandelure|94/100|[from] Sandstorm
|-damage|p2a: zapolite|95/100|[from] Sandstorm
|upkeep
|turn|8
|j| An¤nym¤u5
|
|t:|1653296276
|switch|p2a: moltres leches|Moltres|100/100
|move|p1a: Chandelure|Fire Blast|p2a: moltres leches|[miss]
|-miss|p1a: Chandelure|p2a: moltres leches
|
|-weather|none
|upkeep
|turn|9
|l| An¤nym¤u5
|c| xujing691691|pif why you dont need to sleep
|c|☆UULT93J Glomerule|pif why you hax
|c|☆UULT93J pif|i slept
|c|☆UULT93J pif|from 11 to 4
|c| xujing691691|holy
|j| An¤nym¤u5
|l| An¤nym¤u5
|inactive|UULT93J Glomerule has 120 seconds left.
|
|t:|1653296306
|switch|p1a: Amoonguss|Amoonguss, M|82/100
|move|p2a: moltres leches|U-turn|p1a: Amoonguss
|-damage|p1a: Amoonguss|72/100
|-damage|p2a: moltres leches|84/100|[from] item: Rocky Helmet|[of] p1a: Amoonguss
|
|t:|1653296318
|switch|p2a: cutter butter|Scizor, F|100/100|[from]move: U-turn
|
|upkeep
|turn|10
|
|t:|1653296329
|switch|p1a: Hippowdon|Hippowdon, M|86/100
|-weather|Sandstorm|[from] ability: Sand Stream|[of] p1a: Hippowdon
|move|p2a: cutter butter|U-turn|p1a: Hippowdon
|-damage|p1a: Hippowdon|64/100
|
|t:|1653296346
|switch|p2a: zapolite|Zarude|95/100|[from]move: U-turn
|
|-weather|Sandstorm|[upkeep]
|-damage|p2a: zapolite|89/100|[from] Sandstorm
|upkeep
|turn|11
|
|t:|1653296359
|move|p2a: zapolite|U-turn|p1a: Hippowdon
|-damage|p1a: Hippowdon|41/100
|
|t:|1653296369
|switch|p2a: wishy washy|Rotom-Wash|57/100 tox|[from]move: U-turn
|move|p1a: Hippowdon|Slack Off|p1a: Hippowdon
|-heal|p1a: Hippowdon|91/100
|
|-weather|Sandstorm|[upkeep]
|-damage|p2a: wishy washy|50/100 tox|[from] Sandstorm
|-heal|p2a: wishy washy|57/100 tox|[from] item: Leftovers
|-damage|p2a: wishy washy|50/100 tox|[from] psn
|upkeep
|turn|12
|j| UULT93j Mantiss
|
|t:|1653296380
|move|p2a: wishy washy|Volt Switch|p1a: Hippowdon
|-immune|p1a: Hippowdon
|move|p1a: Hippowdon|Slack Off|p1a: Hippowdon
|-heal|p1a: Hippowdon|100/100
|
|-weather|Sandstorm|[upkeep]
|-damage|p2a: wishy washy|44/100 tox|[from] Sandstorm
|-heal|p2a: wishy washy|50/100 tox|[from] item: Leftovers
|-damage|p2a: wishy washy|38/100 tox|[from] psn
|upkeep
|turn|13
|j| ULT9NS Rune
|
|t:|1653296386
|move|p2a: wishy washy|Pain Split|p1a: Hippowdon
|-sethp|p1a: Hippowdon|64/100|[from] move: Pain Split|[silent]
|-sethp|p2a: wishy washy|88/100 tox|[from] move: Pain Split
|move|p1a: Hippowdon|Slack Off|p1a: Hippowdon
|-heal|p1a: Hippowdon|100/100
|
|-weather|Sandstorm|[upkeep]
|-damage|p2a: wishy washy|82/100 tox|[from] Sandstorm
|-heal|p2a: wishy washy|88/100 tox|[from] item: Leftovers
|-damage|p2a: wishy washy|69/100 tox|[from] psn
|upkeep
|turn|14
|
|t:|1653296400
|switch|p2a: zapolite|Zarude|89/100
|move|p1a: Hippowdon|Stealth Rock|p2a: zapolite
|-sidestart|p2: UULT93J pif|move: Stealth Rock
|
|-weather|Sandstorm|[upkeep]
|-damage|p2a: zapolite|83/100|[from] Sandstorm
|upkeep
|turn|15
|
|t:|1653296413
|move|p2a: zapolite|U-turn|p1a: Hippowdon
|-damage|p1a: Hippowdon|77/100
|
|t:|1653296419
|switch|p2a: cutter butter|Scizor, F|100/100|[from]move: U-turn
|-damage|p2a: cutter butter|88/100|[from] Stealth Rock
|move|p1a: Hippowdon|Earthquake|p2a: cutter butter
|-damage|p2a: cutter butter|56/100
|
|-weather|Sandstorm|[upkeep]
|upkeep
|turn|16
|l| UULT93j Mantiss
|inactive|UULT93J Glomerule has 120 seconds left.
|
|t:|1653296479
|switch|p1a: Hatterene|Hatterene, F|100/100
|move|p2a: cutter butter|U-turn|p1a: Hatterene
|-damage|p1a: Hatterene|72/100
|j| uult93jmich
|inactive|UULT93J pif has 120 seconds left.
|
|t:|1653296496
|switch|p2a: moltres leches|Moltres|84/100|[from]move: U-turn
|
|-weather|Sandstorm|[upkeep]
|-damage|p2a: moltres leches|78/100|[from] Sandstorm
|-damage|p1a: Hatterene|66/100|[from] Sandstorm
|-heal|p1a: Hatterene|72/100|[from] item: Leftovers
|upkeep
|turn|17
|inactive|UULT93J pif has 120 seconds left.
|
|t:|1653296516
|switch|p1a: Chandelure|Chandelure, F|94/100
|move|p2a: moltres leches|Flamethrower|p1a: Chandelure
|-resisted|p1a: Chandelure
|-damage|p1a: Chandelure|68/100
|
|-weather|none
|upkeep
|turn|18
|inactive|UULT93J pif has 120 seconds left.
|inactive|UULT93J Glomerule has 90 seconds left.
|
|t:|1653296553
|move|p1a: Chandelure|Trick|p2a: moltres leches
|-activate|p1a: Chandelure|move: Trick|[of] p2a: moltres leches
|-item|p2a: moltres leches|Choice Scarf|[from] move: Trick
|-item|p1a: Chandelure|Heavy-Duty Boots|[from] move: Trick
|move|p2a: moltres leches|U-turn|p1a: Chandelure
|-resisted|p1a: Chandelure
|-damage|p1a: Chandelure|63/100
|inactive|UULT93J pif has 90 seconds left.
|j| sergent fantoche
|inactive|UULT93J pif has 60 seconds left.
|l| xujing691691
|
|t:|1653296599
|switch|p2a: Zygarde-10% off|Zygarde-10%|100/100|[from]move: U-turn
|-damage|p2a: Zygarde-10% off|94/100|[from] Stealth Rock
|-ability|p2a: Zygarde-10% off|Aura Break
|
|upkeep
|turn|19
|inactive|UULT93J pif has 60 seconds left.
|
|t:|1653296606
|switch|p1a: Amoonguss|Amoonguss, M|100/100
|move|p2a: Zygarde-10% off|Thousand Arrows|p1a: Amoonguss
|-damage|p1a: Amoonguss|61/100
|
|upkeep
|turn|20
|inactive|UULT93J Glomerule has 90 seconds left.
|inactive|UULT93J pif has 60 seconds left.
|
|t:|1653296628
|switch|p2a: command the sand|Hippowdon, M|100/100
|-damage|p2a: command the sand|94/100|[from] Stealth Rock
|-weather|Sandstorm|[from] ability: Sand Stream|[of] p2a: command the sand
|move|p1a: Amoonguss|Spore|p2a: command the sand
|-status|p2a: command the sand|slp|[from] move: Spore
|
|-weather|Sandstorm|[upkeep]
|-damage|p1a: Amoonguss|55/100|[from] Sandstorm
|-heal|p2a: command the sand|100/100 slp|[from] item: Leftovers
|upkeep
|turn|21
|j| xujing691691
|
|t:|1653296655
|switch|p2a: Zygarde-10% off|Zygarde-10%|94/100
|-damage|p2a: Zygarde-10% off|88/100|[from] Stealth Rock
|-ability|p2a: Zygarde-10% off|Aura Break
|switch|p1a: Rotom|Rotom-Wash|51/100
|
|-weather|Sandstorm|[upkeep]
|-damage|p1a: Rotom|45/100|[from] Sandstorm
|-heal|p1a: Rotom|51/100|[from] item: Leftovers
|upkeep
|turn|22
|inactive|UULT93J Glomerule has 60 seconds left.
|
|t:|1653296697
|switch|p1a: Hippowdon|Hippowdon, M|77/100
|move|p2a: Zygarde-10% off|Thousand Arrows|p1a: Hippowdon
|-damage|p1a: Hippowdon|39/100
|
|-weather|Sandstorm|[upkeep]
|upkeep
|turn|23
|l| xujing691691
|
|t:|1653296720
|move|p2a: Zygarde-10% off|Thousand Arrows|p1a: Hippowdon
|-damage|p1a: Hippowdon|0 fnt
|faint|p1a: Hippowdon
|
|-weather|Sandstorm|[upkeep]
|upkeep
|
|t:|1653296727
|switch|p1a: Excadrill|Excadrill, M|100/100
|turn|24
|
|t:|1653296748
|switch|p1a: Hatterene|Hatterene, F|72/100
|switch|p2a: wishy washy|Rotom-Wash|69/100 tox
|-damage|p2a: wishy washy|57/100 tox|[from] Stealth Rock
|
|-weather|none
|-heal|p2a: wishy washy|63/100 tox|[from] item: Leftovers
|-heal|p1a: Hatterene|78/100|[from] item: Leftovers
|-damage|p2a: wishy washy|57/100 tox|[from] psn
|upkeep
|turn|25
|inactive|UULT93J Glomerule has 30 seconds left.
|
|t:|1653296771
|switch|p1a: Amoonguss|Amoonguss, M|88/100
|move|p2a: wishy washy|Defog|p1a: Amoonguss
|-unboost|p1a: Amoonguss|evasion|1
|-sideend|p2: UULT93J pif|Stealth Rock|[from] move: Defog|[of] p2a: wishy washy
|
|-heal|p2a: wishy washy|63/100 tox|[from] item: Leftovers
|-damage|p2a: wishy washy|50/100 tox|[from] psn
|upkeep
|turn|26
|inactive|UULT93J Glomerule has 30 seconds left.
|inactive|UULT93J pif has 30 seconds left.
|
|t:|1653296795
|switch|p2a: cutter butter|Scizor, F|56/100
|switch|p1a: Excadrill|Excadrill, M|100/100
|
|upkeep
|turn|27
|inactive|UULT93J Glomerule has 30 seconds left.
|inactive|UULT93J pif has 30 seconds left.
|inactive|UULT93J Glomerule has 20 seconds left.
|inactive|UULT93J Glomerule has 15 seconds left.
|
|t:|1653296821
|switch|p2a: wishy washy|Rotom-Wash|50/100 tox
|move|p1a: Excadrill|Rock Slide|p2a: wishy washy
|-damage|p2a: wishy washy|15/100 tox
|
|-heal|p2a: wishy washy|21/100 tox|[from] item: Leftovers
|-damage|p2a: wishy washy|15/100 tox|[from] psn
|upkeep
|turn|28
|inactive|UULT93J Glomerule has 25 seconds left this turn.
|inactive|UULT93J Glomerule has 20 seconds left.
|inactive|UULT93J pif has 30 seconds left.
|
|t:|1653296832
|move|p2a: wishy washy|Pain Split|p1a: Excadrill
|-sethp|p1a: Excadrill|56/100|[from] move: Pain Split|[silent]
|-sethp|p2a: wishy washy|67/100 tox|[from] move: Pain Split
|move|p1a: Excadrill|Rock Slide|p2a: wishy washy
|-damage|p2a: wishy washy|34/100 tox
|
|-heal|p2a: wishy washy|40/100 tox|[from] item: Leftovers
|-damage|p2a: wishy washy|28/100 tox|[from] psn
|upkeep
|turn|29
|inactive|UULT93J Glomerule has 30 seconds left this turn.
|inactive|UULT93J pif has 30 seconds left.
|inactive|UULT93J Glomerule has 20 seconds left.
|inactive|UULT93J pif has 20 seconds left.
|
|t:|1653296848
|move|p2a: wishy washy|Pain Split|p1a: Excadrill
|-sethp|p1a: Excadrill|40/100|[from] move: Pain Split|[silent]
|-sethp|p2a: wishy washy|47/100 tox|[from] move: Pain Split
|move|p1a: Excadrill|Earthquake|p2a: wishy washy
|-immune|p2a: wishy washy|[from] ability: Levitate
|
|-heal|p2a: wishy washy|53/100 tox|[from] item: Leftovers
|-damage|p2a: wishy washy|35/100 tox|[from] psn
|upkeep
|turn|30
|inactive|UULT93J Glomerule has 30 seconds left this turn.
|inactive|UULT93J pif has 30 seconds left this turn.
|inactive|UULT93J pif has 20 seconds left.
|inactive|UULT93J pif has 15 seconds left.
|
|t:|1653296867
|move|p2a: wishy washy|Hydro Pump|p1a: Excadrill
|-supereffective|p1a: Excadrill
|-crit|p1a: Excadrill
|-damage|p1a: Excadrill|0 fnt
|faint|p1a: Excadrill
|
|-heal|p2a: wishy washy|41/100 tox|[from] item: Leftovers
|-damage|p2a: wishy washy|16/100 tox|[from] psn
|upkeep
|inactive|UULT93J Glomerule has 30 seconds left this turn.
|inactive|UULT93J pif has 20 seconds left this turn.
|
|t:|1653296872
|switch|p1a: Rotom|Rotom-Wash|51/100
|turn|31
|inactive|UULT93J pif has 30 seconds left this turn.
|inactive|UULT93J pif has 20 seconds left.
|inactive|UULT93J pif has 15 seconds left.
|
|t:|1653296889
|switch|p2a: zapolite|Zarude|83/100
|move|p1a: Rotom|Hydro Pump|p2a: zapolite|[miss]
|-miss|p1a: Rotom|p2a: zapolite
|
|-heal|p1a: Rotom|57/100|[from] item: Leftovers
|upkeep
|turn|32
|inactive|UULT93J pif has 25 seconds left this turn.
|inactive|UULT93J pif has 20 seconds left.
|
|t:|1653296900
|move|p2a: zapolite|U-turn|p1a: Rotom
|-damage|p1a: Rotom|18/100
|inactive|UULT93J pif has 25 seconds left this turn.
|inactive|UULT93J pif has 20 seconds left.
|
|t:|1653296910
|switch|p2a: Zygarde-10% off|Zygarde-10%|88/100|[from]move: U-turn
|-ability|p2a: Zygarde-10% off|Aura Break
|move|p1a: Rotom|Pain Split|p2a: Zygarde-10% off
|-sethp|p2a: Zygarde-10% off|55/100|[from] move: Pain Split|[silent]
|-sethp|p1a: Rotom|46/100|[from] move: Pain Split
|
|-heal|p1a: Rotom|52/100|[from] item: Leftovers
|upkeep
|turn|33
|inactive|UULT93J pif has 30 seconds left this turn.
|
|t:|1653296917
|switch|p1a: Amoonguss|Amoonguss, M|100/100
|move|p2a: Zygarde-10% off|Thousand Arrows|p1a: Amoonguss
|-damage|p1a: Amoonguss|59/100
|
|upkeep
|turn|34
|inactive|UULT93J pif has 30 seconds left.
|
|t:|1653296923
|switch|p1a: Hatterene|Hatterene, F|78/100
|move|p2a: Zygarde-10% off|Thousand Arrows|p1a: Hatterene
|-damage|p1a: Hatterene|29/100
|
|-heal|p1a: Hatterene|35/100|[from] item: Leftovers
|upkeep
|turn|35
|
|t:|1653296927
|switch|p1a: Amoonguss|Amoonguss, M|92/100
|move|p2a: Zygarde-10% off|Thousand Arrows|p1a: Amoonguss
|-damage|p1a: Amoonguss|50/100
|
|upkeep
|turn|36
|
|t:|1653296939
|move|p2a: Zygarde-10% off|Thousand Arrows|p1a: Amoonguss
|-damage|p1a: Amoonguss|10/100
|move|p1a: Amoonguss|Giga Drain|p2a: Zygarde-10% off
|-damage|p2a: Zygarde-10% off|17/100
|-heal|p1a: Amoonguss|20/100|[from] drain|[of] p2a: Zygarde-10% off
|
|upkeep
|turn|37
|
|t:|1653296943
|switch|p1a: Rotom|Rotom-Wash|52/100
|move|p2a: Zygarde-10% off|Thousand Arrows|p1a: Rotom
|-supereffective|p1a: Rotom
|-damage|p1a: Rotom|0 fnt
|faint|p1a: Rotom
|
|upkeep
|
|t:|1653296948
|switch|p1a: Amoonguss|Amoonguss, M|54/100
|turn|38
|
|t:|1653296950
|move|p2a: Zygarde-10% off|Thousand Arrows|p1a: Amoonguss
|-damage|p1a: Amoonguss|10/100
|move|p1a: Amoonguss|Foul Play|p2a: Zygarde-10% off
|-damage|p2a: Zygarde-10% off|0 fnt
|faint|p2a: Zygarde-10% off
|
|upkeep
|
|t:|1653296954
|switch|p2a: zapolite|Zarude|83/100
|turn|39
|inactive|UULT93J Glomerule has 120 seconds left.
|c|☆UULT93J Glomerule|pia sucks
|-message|UULT93J Glomerule forfeited.
|
|win|UULT93J pif
|raw|UULT93J Glomerule's rating: 1646 &rarr; <strong>1629</strong><br />(-17 for losing)
|raw|UULT93J pif's rating: 1698 &rarr; <strong>1715</strong><br />(+17 for winning)
|l|☆UULT93J Glomerule
