|j|☆DDD951
|j|☆gxdlessexorcist
|t:|1655229774
|gametype|singles
|player|p1|DDD951|101|1489
|player|p2|gxdlessexorcist|170|1336
|teamsize|p1|6
|teamsize|p2|6
|gen|8
|tier|[Gen 8] UU
|rated|
|rule|Sleep Clause Mod: Limit one foe put to sleep
|rule|Species Clause: Limit one of each Pokémon
|rule|OHKO Clause: OHKO moves are banned
|rule|Evasion Moves Clause: Evasion moves are banned
|rule|Endless Battle Clause: Forcing endless battles is banned
|rule|HP Percentage Mod: HP is shown in percentages
|rule|Dynamax Clause: You cannot dynamax
|clearpoke
|poke|p1|Scizor, M|
|poke|p1|Gyarados, F|
|poke|p1|Starmie|
|poke|p1|Nihilego|
|poke|p1|Tangrowth, F|
|poke|p1|Darmanitan, M|
|poke|p2|Gyarados, F|
|poke|p2|Excadrill, M|
|poke|p2|Roserade, M|
|poke|p2|Thundurus-Therian, M|
|poke|p2|Nidoking, M|
|poke|p2|Conkeldurr, M|
|teampreview
|
|t:|1655229798
|start
|switch|p1a: Darmanitan|Darmanitan, M|100/100
|switch|p2a: Conkeldurr|Conkeldurr, M|100/100
|turn|1
|
|t:|1655229809
|move|p1a: Darmanitan|Flare Blitz|p2a: Conkeldurr
|-damage|p2a: Conkeldurr|18/100
|-damage|p1a: Darmanitan|73/100|[from] Recoil
|move|p2a: Conkeldurr|Drain Punch|p1a: Darmanitan
|-damage|p1a: Darmanitan|5/100
|-heal|p2a: Conkeldurr|53/100|[from] drain|[of] p1a: Darmanitan
|
|-status|p2a: Conkeldurr|brn|[from] item: Flame Orb
|upkeep
|turn|2
|
|t:|1655229818
|switch|p1a: Starmie|Starmie|100/100
|move|p2a: Conkeldurr|Mach Punch|p1a: Starmie
|-resisted|p1a: Starmie
|-damage|p1a: Starmie|74/100
|
|-damage|p2a: Conkeldurr|47/100 brn|[from] brn
|upkeep
|turn|3
|
|t:|1655229827
|move|p1a: Starmie|Psyshock|p2a: Conkeldurr
|-supereffective|p2a: Conkeldurr
|-damage|p2a: Conkeldurr|0 fnt
|faint|p2a: Conkeldurr
|-damage|p1a: Starmie|64/100|[from] item: Life Orb
|
|upkeep
|
|t:|1655229834
|switch|p2a: Thundurus|Thundurus-Therian, M|100/100
|turn|4
|
|t:|1655229837
|switch|p1a: Tangrowth|Tangrowth, F|100/100
|move|p2a: Thundurus|Thunderbolt|p1a: Tangrowth
|-resisted|p1a: Tangrowth
|-damage|p1a: Tangrowth|82/100
|-damage|p2a: Thundurus|91/100|[from] item: Life Orb
|
|upkeep
|turn|5
|
|t:|1655229844
|switch|p2a: Roserade|Roserade, M|100/100
|move|p1a: Tangrowth|Knock Off|p2a: Roserade
|-damage|p2a: Roserade|67/100
|-enditem|p2a: Roserade|Black Sludge|[from] move: Knock Off|[of] p1a: Tangrowth
|
|upkeep
|turn|6
|inactive|Battle timer is ON: inactive players will automatically lose when time's up. (requested by gxdlessexorcist)
|
|t:|1655229850
|switch|p1a: Nihilego|Nihilego|100/100
|move|p2a: Roserade|Spikes|p1a: Nihilego
|-sidestart|p1: DDD951|Spikes
|
|upkeep
|turn|7
|
|t:|1655229855
|switch|p2a: Excadrill|Excadrill, M|100/100
|-ability|p2a: Excadrill|Mold Breaker
|move|p1a: Nihilego|Stealth Rock|p2a: Excadrill
|-sidestart|p2: gxdlessexorcist|move: Stealth Rock
|
|upkeep
|turn|8
|
|t:|1655229862
|switch|p1a: Gyarados|Gyarados, F|100/100
|-ability|p1a: Gyarados|Intimidate|boost
|-unboost|p2a: Excadrill|atk|1
|move|p2a: Excadrill|Rapid Spin|p1a: Gyarados
|-damage|p1a: Gyarados|88/100
|-boost|p2a: Excadrill|spe|1
|-sideend|p2: gxdlessexorcist|Stealth Rock|[from] move: Rapid Spin|[of] p2a: Excadrill
|
|-heal|p1a: Gyarados|94/100|[from] item: Leftovers
|upkeep
|turn|9
|
|t:|1655229871
|switch|p2a: Thundurus|Thundurus-Therian, M|91/100
|move|p1a: Gyarados|Dragon Dance|p1a: Gyarados
|-boost|p1a: Gyarados|atk|1
|-boost|p1a: Gyarados|spe|1
|
|-heal|p1a: Gyarados|99/100|[from] item: Leftovers
|upkeep
|turn|10
|
|t:|1655229878
|switch|p1a: Tangrowth|Tangrowth, F|100/100
|-damage|p1a: Tangrowth|88/100|[from] Spikes
|move|p2a: Thundurus|Thunderbolt|p1a: Tangrowth
|-resisted|p1a: Tangrowth
|-damage|p1a: Tangrowth|66/100
|-damage|p2a: Thundurus|81/100|[from] item: Life Orb
|
|upkeep
|turn|11
|
|t:|1655229888
|switch|p2a: Roserade|Roserade, M|67/100
|move|p1a: Tangrowth|Earthquake|p2a: Roserade
|-damage|p2a: Roserade|34/100
|
|upkeep
|turn|12
|
|t:|1655229896
|switch|p1a: Scizor|Scizor, M|100/100
|-damage|p1a: Scizor|88/100|[from] Spikes
|move|p2a: Roserade|Spikes|p1a: Scizor
|-sidestart|p1: DDD951|Spikes
|
|-heal|p1a: Scizor|94/100|[from] item: Leftovers
|upkeep
|turn|13
|
|t:|1655229905
|move|p2a: Roserade|Sleep Powder|p1a: Scizor
|-status|p1a: Scizor|slp|[from] move: Sleep Powder
|cant|p1a: Scizor|slp
|
|-heal|p1a: Scizor|100/100 slp|[from] item: Leftovers
|upkeep
|turn|14
|
|t:|1655229912
|switch|p2a: Gyarados|Gyarados, F|100/100
|switch|p1a: Starmie|Starmie|64/100
|-damage|p1a: Starmie|48/100|[from] Spikes
|
|upkeep
|turn|15
|
|t:|1655229919
|move|p1a: Starmie|Rapid Spin|p2a: Gyarados
|-damage|p2a: Gyarados|88/100
|-boost|p1a: Starmie|spe|1
|-sideend|p1: DDD951|Spikes|[from] move: Rapid Spin|[of] p1a: Starmie
|-damage|p1a: Starmie|38/100|[from] item: Life Orb
|move|p2a: Gyarados|Dragon Dance|p2a: Gyarados
|-boost|p2a: Gyarados|atk|1
|-boost|p2a: Gyarados|spe|1
|
|upkeep
|turn|16
|
|t:|1655229928
|move|p1a: Starmie|Psyshock|p2a: Gyarados
|-damage|p2a: Gyarados|31/100
|-damage|p1a: Starmie|28/100|[from] item: Life Orb
|move|p2a: Gyarados|Dragon Dance|p2a: Gyarados
|-boost|p2a: Gyarados|atk|1
|-boost|p2a: Gyarados|spe|1
|
|upkeep
|turn|17
|
|t:|1655229936
|switch|p1a: Gyarados|Gyarados, F|99/100
|-ability|p1a: Gyarados|Intimidate|boost
|-unboost|p2a: Gyarados|atk|1
|move|p2a: Gyarados|Waterfall|p1a: Gyarados
|-resisted|p1a: Gyarados
|-damage|p1a: Gyarados|61/100
|
|-heal|p1a: Gyarados|67/100|[from] item: Leftovers
|upkeep
|turn|18
|
|t:|1655229944
|switch|p1a: Tangrowth|Tangrowth, F|99/100
|move|p2a: Gyarados|Power Whip|p1a: Tangrowth
|-resisted|p1a: Tangrowth
|-damage|p1a: Tangrowth|74/100
|
|upkeep
|turn|19
|
|t:|1655229951
|switch|p1a: Gyarados|Gyarados, F|67/100
|-ability|p1a: Gyarados|Intimidate|boost
|-unboost|p2a: Gyarados|atk|1
|move|p2a: Gyarados|Ice Fang|p1a: Gyarados
|-damage|p1a: Gyarados|40/100
|
|-heal|p1a: Gyarados|47/100|[from] item: Leftovers
|upkeep
|turn|20
|
|t:|1655229959
|switch|p1a: Tangrowth|Tangrowth, F|100/100
|move|p2a: Gyarados|Ice Fang|p1a: Tangrowth
|-supereffective|p1a: Tangrowth
|-damage|p1a: Tangrowth|66/100
|
|upkeep
|turn|21
|
|t:|1655229965
|move|p2a: Gyarados|Dragon Dance|p2a: Gyarados
|-boost|p2a: Gyarados|atk|1
|-boost|p2a: Gyarados|spe|1
|move|p1a: Tangrowth|Giga Drain|p2a: Gyarados
|-damage|p2a: Gyarados|3/100
|-heal|p1a: Tangrowth|78/100|[from] drain|[of] p2a: Gyarados
|
|upkeep
|turn|22
|
|t:|1655229972
|move|p2a: Gyarados|Ice Fang|p1a: Tangrowth
|-supereffective|p1a: Tangrowth
|-damage|p1a: Tangrowth|30/100
|move|p1a: Tangrowth|Giga Drain|p2a: Gyarados
|-crit|p2a: Gyarados
|-damage|p2a: Gyarados|0 fnt
|-heal|p1a: Tangrowth|31/100|[from] drain|[of] p2a: Gyarados
|faint|p2a: Gyarados
|
|upkeep
|
|t:|1655229984
|switch|p2a: Roserade|Roserade, M|34/100
|turn|23
|
|t:|1655229988
|switch|p1a: Nihilego|Nihilego|100/100
|move|p2a: Roserade|Spikes|p1a: Nihilego
|-sidestart|p1: DDD951|Spikes
|
|upkeep
|turn|24
|
|t:|1655229994
|switch|p2a: Excadrill|Excadrill, M|100/100
|-ability|p2a: Excadrill|Mold Breaker
|move|p1a: Nihilego|Knock Off|p2a: Excadrill
|-damage|p2a: Excadrill|82/100
|-enditem|p2a: Excadrill|Leftovers|[from] move: Knock Off|[of] p1a: Nihilego
|
|upkeep
|turn|25
|
|t:|1655230001
|switch|p1a: Gyarados|Gyarados, F|47/100
|-ability|p1a: Gyarados|Intimidate|boost
|-unboost|p2a: Excadrill|atk|1
|move|p2a: Excadrill|Stealth Rock|p1a: Gyarados
|-sidestart|p1: DDD951|move: Stealth Rock
|
|-heal|p1a: Gyarados|53/100|[from] item: Leftovers
|upkeep
|turn|26
|
|t:|1655230010
|switch|p2a: Roserade|Roserade, M|34/100
|move|p1a: Gyarados|Dragon Dance|p1a: Gyarados
|-boost|p1a: Gyarados|atk|1
|-boost|p1a: Gyarados|spe|1
|
|-heal|p1a: Gyarados|59/100|[from] item: Leftovers
|upkeep
|turn|27
|
|t:|1655230017
|move|p1a: Gyarados|Waterfall|p2a: Roserade
|-resisted|p2a: Roserade
|-damage|p2a: Roserade|0 fnt
|faint|p2a: Roserade
|
|-heal|p1a: Gyarados|65/100|[from] item: Leftovers
|upkeep
|
|t:|1655230021
|switch|p2a: Thundurus|Thundurus-Therian, M|81/100
|turn|28
|
|t:|1655230024
|move|p1a: Gyarados|Waterfall|p2a: Thundurus
|-damage|p2a: Thundurus|0 fnt
|faint|p2a: Thundurus
|
|-heal|p1a: Gyarados|71/100|[from] item: Leftovers
|upkeep
|-message|gxdlessexorcist forfeited.
|
|win|DDD951
|raw|DDD951's rating: 1489 &rarr; <strong>1501</strong><br />(+12 for winning)
|raw|gxdlessexorcist's rating: 1336 &rarr; <strong>1324</strong><br />(-12 for losing)
|l|☆gxdlessexorcist
||Ladder isn't responding, score probably updated but might not have (Request timeout).
