|j|☆n8maxima
|j|☆joliemome
|t:|1641499033
|gametype|singles
|player|p1|n8maxima|gambler|1385
|player|p2|joliemome|beauty-gen4dp|1386
|teamsize|p1|6
|teamsize|p2|6
|gen|8
|tier|[Gen 8] UU
|rated|
|rule|Sleep Clause Mod: Limit one foe put to sleep
|rule|Species Clause: Limit one of each Pokémon
|rule|OHKO Clause: OHKO moves are banned
|rule|Evasion Moves Clause: Evasion moves are banned
|rule|Endless Battle Clause: Forcing endless battles is banned
|rule|HP Percentage Mod: HP is shown in percentages
|rule|Dynamax Clause: You cannot dynamax
|clearpoke
|poke|p1|Krookodile, F|
|poke|p1|Chansey, F|
|poke|p1|Conkeldurr, F|
|poke|p1|Gyarados, M|
|poke|p1|Moltres|
|poke|p1|Nihilego|
|poke|p2|Swampert, F|
|poke|p2|Nihilego|
|poke|p2|Darmanitan, M|
|poke|p2|Keldeo-Resolute|
|poke|p2|Tapu Bulu|
|poke|p2|Mandibuzz, F|
|teampreview
|inactive|Battle timer is ON: inactive players will automatically lose when time's up. (requested by joliemome)
|
|t:|1641499076
|start
|switch|p1a: Chansey|Chansey, F, shiny|100/100
|switch|p2a: Keldeo|Keldeo-Resolute|100/100
|turn|1
|
|t:|1641499083
|move|p2a: Keldeo|Taunt|p1a: Chansey
|-start|p1a: Chansey|move: Taunt
|cant|p1a: Chansey|move: Taunt|Stealth Rock
|
|upkeep
|turn|2
|
|t:|1641499089
|move|p2a: Keldeo|Calm Mind|p2a: Keldeo
|-boost|p2a: Keldeo|spa|1
|-boost|p2a: Keldeo|spd|1
|move|p1a: Chansey|Seismic Toss|p2a: Keldeo
|-damage|p2a: Keldeo|70/100
|
|-heal|p2a: Keldeo|76/100|[from] item: Leftovers
|upkeep
|turn|3
|
|t:|1641499110
|move|p2a: Keldeo|Secret Sword|p1a: Chansey
|-supereffective|p1a: Chansey
|-damage|p1a: Chansey|11/100
|move|p1a: Chansey|Seismic Toss|p2a: Keldeo
|-damage|p2a: Keldeo|45/100
|
|-heal|p2a: Keldeo|52/100|[from] item: Leftovers
|-end|p1a: Chansey|move: Taunt
|upkeep
|turn|4
|
|t:|1641499125
|move|p2a: Keldeo|Scald|p1a: Chansey
|-damage|p1a: Chansey|0 fnt
|faint|p1a: Chansey
|
|-heal|p2a: Keldeo|58/100|[from] item: Leftovers
|upkeep
|
|t:|1641499134
|switch|p1a: Krookodile|Krookodile, F|100/100
|turn|5
|
|t:|1641499142
|switch|p2a: Tapu Bulu|Tapu Bulu|100/100
|-fieldstart|move: Grassy Terrain|[from] ability: Grassy Surge|[of] p2a: Tapu Bulu
|move|p1a: Krookodile|Earthquake|p2a: Tapu Bulu
|-resisted|p2a: Tapu Bulu
|-damage|p2a: Tapu Bulu|92/100
|
|-heal|p2a: Tapu Bulu|98/100|[from] Grassy Terrain
|upkeep
|turn|6
|
|t:|1641499154
|switch|p1a: Moltres|Moltres, shiny|100/100
|switch|p2a: Keldeo|Keldeo-Resolute|58/100
|
|-heal|p2a: Keldeo|64/100|[from] Grassy Terrain
|-heal|p2a: Keldeo|70/100|[from] item: Leftovers
|upkeep
|turn|7
|
|t:|1641499165
|move|p2a: Keldeo|Scald|p1a: Moltres
|-supereffective|p1a: Moltres
|-damage|p1a: Moltres|9/100
|move|p1a: Moltres|Hurricane|p2a: Keldeo
|-supereffective|p2a: Keldeo
|-damage|p2a: Keldeo|0 fnt
|faint|p2a: Keldeo
|
|upkeep
|
|t:|1641499184
|switch|p2a: Nihilego|Nihilego|100/100
|turn|8
|
|t:|1641499190
|switch|p1a: Conkeldurr|Conkeldurr, F, shiny|100/100
|move|p2a: Nihilego|Knock Off|p1a: Conkeldurr
|-resisted|p1a: Conkeldurr
|-damage|p1a: Conkeldurr|95/100
|-enditem|p1a: Conkeldurr|Flame Orb|[from] move: Knock Off|[of] p2a: Nihilego
|
|-heal|p1a: Conkeldurr|100/100|[from] Grassy Terrain
|upkeep
|turn|9
|
|t:|1641499201
|switch|p2a: Tapu Bulu|Tapu Bulu|98/100
|move|p1a: Conkeldurr|Knock Off|p2a: Tapu Bulu
|-resisted|p2a: Tapu Bulu
|-damage|p2a: Tapu Bulu|84/100
|-damage|p1a: Conkeldurr|84/100|[from] item: Rocky Helmet|[of] p2a: Tapu Bulu
|-enditem|p2a: Tapu Bulu|Rocky Helmet|[from] move: Knock Off|[of] p1a: Conkeldurr
|
|-heal|p2a: Tapu Bulu|90/100|[from] Grassy Terrain
|-heal|p1a: Conkeldurr|90/100|[from] Grassy Terrain
|-fieldend|move: Grassy Terrain
|upkeep
|turn|10
|
|t:|1641499220
|switch|p2a: Darmanitan|Darmanitan, M|100/100
|switch|p1a: Nihilego|Nihilego, shiny|100/100
|
|upkeep
|turn|11
|
|t:|1641499244
|move|p2a: Darmanitan|Flare Blitz|p1a: Nihilego
|-resisted|p1a: Nihilego
|-damage|p1a: Nihilego|29/100
|-damage|p2a: Darmanitan|76/100|[from] Recoil
|move|p1a: Nihilego|Power Gem|p2a: Darmanitan
|-supereffective|p2a: Darmanitan
|-damage|p2a: Darmanitan|0 fnt
|faint|p2a: Darmanitan
|-ability|p1a: Nihilego|Beast Boost|boost
|-boost|p1a: Nihilego|spa|1
|
|-heal|p1a: Nihilego|35/100|[from] item: Black Sludge
|upkeep
|inactive|joliemome has 120 seconds left.
|
|t:|1641499262
|switch|p2a: Nihilego|Nihilego|100/100
|turn|12
|
|t:|1641499267
|move|p1a: Nihilego|Psyshock|p2a: Nihilego
|-supereffective|p2a: Nihilego
|-damage|p2a: Nihilego|0 fnt
|faint|p2a: Nihilego
|-ability|p1a: Nihilego|Beast Boost|boost
|-boost|p1a: Nihilego|spa|1
|
|-heal|p1a: Nihilego|41/100|[from] item: Black Sludge
|upkeep
|
|t:|1641499277
|switch|p2a: Swampert|Swampert, F|100/100
|turn|13
|
|t:|1641499294
|move|p1a: Nihilego|Sludge Wave|p2a: Swampert
|-resisted|p2a: Swampert
|-damage|p2a: Swampert|67/100
|move|p2a: Swampert|Flip Turn|p1a: Nihilego
|-supereffective|p1a: Nihilego
|-damage|p1a: Nihilego|0 fnt
|faint|p1a: Nihilego
|
|t:|1641499306
|switch|p2a: Mandibuzz|Mandibuzz, F|100/100|[from]move: Flip Turn
|
|upkeep
|
|t:|1641499313
|switch|p1a: Krookodile|Krookodile, F|100/100
|turn|14
|
|t:|1641499320
|switch|p2a: Tapu Bulu|Tapu Bulu|90/100
|-fieldstart|move: Grassy Terrain|[from] ability: Grassy Surge|[of] p2a: Tapu Bulu
|move|p1a: Krookodile|Stone Edge|p2a: Tapu Bulu
|-damage|p2a: Tapu Bulu|68/100
|
|-heal|p2a: Tapu Bulu|74/100|[from] Grassy Terrain
|upkeep
|turn|15
|
|t:|1641499336
|switch|p1a: Conkeldurr|Conkeldurr, F, shiny|90/100
|move|p2a: Tapu Bulu|Toxic|p1a: Conkeldurr
|-status|p1a: Conkeldurr|tox
|
|-heal|p2a: Tapu Bulu|80/100|[from] Grassy Terrain
|-heal|p1a: Conkeldurr|96/100 tox|[from] Grassy Terrain
|-damage|p1a: Conkeldurr|90/100 tox|[from] psn
|upkeep
|turn|16
|
|t:|1641499346
|move|p2a: Tapu Bulu|Bulk Up|p2a: Tapu Bulu
|-boost|p2a: Tapu Bulu|atk|1
|-boost|p2a: Tapu Bulu|def|1
|move|p1a: Conkeldurr|Facade|p2a: Tapu Bulu
|-damage|p2a: Tapu Bulu|42/100
|
|-heal|p2a: Tapu Bulu|48/100|[from] Grassy Terrain
|-heal|p1a: Conkeldurr|96/100 tox|[from] Grassy Terrain
|-damage|p1a: Conkeldurr|84/100 tox|[from] psn
|upkeep
|turn|17
|
|t:|1641499359
|move|p2a: Tapu Bulu|Horn Leech|p1a: Conkeldurr
|-damage|p1a: Conkeldurr|32/100 tox
|-heal|p2a: Tapu Bulu|79/100|[from] drain|[of] p1a: Conkeldurr
|move|p1a: Conkeldurr|Facade|p2a: Tapu Bulu
|-damage|p2a: Tapu Bulu|44/100
|
|-heal|p2a: Tapu Bulu|50/100|[from] Grassy Terrain
|-heal|p1a: Conkeldurr|38/100 tox|[from] Grassy Terrain
|-damage|p1a: Conkeldurr|20/100 tox|[from] psn
|upkeep
|turn|18
|
|t:|1641499372
|switch|p1a: Moltres|Moltres, shiny|9/100
|move|p2a: Tapu Bulu|Horn Leech|p1a: Moltres
|-resisted|p1a: Moltres
|-damage|p1a: Moltres|0 fnt
|-heal|p2a: Tapu Bulu|55/100|[from] drain|[of] p1a: Moltres
|faint|p1a: Moltres
|
|-heal|p2a: Tapu Bulu|61/100|[from] Grassy Terrain
|-fieldend|move: Grassy Terrain
|upkeep
|
|t:|1641499382
|switch|p1a: Gyarados|Gyarados, M, shiny|100/100
|turn|19
|
|t:|1641499386
|move|p1a: Gyarados|Ice Fang|p2a: Tapu Bulu
|-supereffective|p2a: Tapu Bulu
|-damage|p2a: Tapu Bulu|40/100
|move|p2a: Tapu Bulu|Horn Leech|p1a: Gyarados
|-damage|p1a: Gyarados|36/100
|-heal|p2a: Tapu Bulu|71/100|[from] drain|[of] p1a: Gyarados
|
|upkeep
|turn|20
|
|t:|1641499395
|move|p1a: Gyarados|Ice Fang|p2a: Tapu Bulu
|-supereffective|p2a: Tapu Bulu
|-damage|p2a: Tapu Bulu|52/100
|move|p2a: Tapu Bulu|Horn Leech|p1a: Gyarados
|-damage|p1a: Gyarados|0 fnt
|-heal|p2a: Tapu Bulu|69/100|[from] drain|[of] p1a: Gyarados
|faint|p1a: Gyarados
|
|upkeep
|c|☆joliemome|gg
|
|t:|1641499407
|switch|p1a: Krookodile|Krookodile, F|100/100
|turn|21
|
|t:|1641499411
|move|p1a: Krookodile|Stone Edge|p2a: Tapu Bulu
|-damage|p2a: Tapu Bulu|55/100
|move|p2a: Tapu Bulu|Horn Leech|p1a: Krookodile
|-supereffective|p1a: Krookodile
|-damage|p1a: Krookodile|0 fnt
|-heal|p2a: Tapu Bulu|100/100|[from] drain|[of] p1a: Krookodile
|faint|p1a: Krookodile
|
|upkeep
|-message|n8maxima forfeited.
|
|win|joliemome
|raw|n8maxima's rating: 1385 &rarr; <strong>1365</strong><br />(-20 for losing)
|raw|joliemome's rating: 1386 &rarr; <strong>1406</strong><br />(+20 for winning)
|l|☆n8maxima
||Ladder isn't responding, score probably updated but might not have (Request timeout).
