|j|☆IamSwitch
|j|☆Fousfull
|t:|1665873036
|gametype|singles
|player|p1|IamSwitch|169|1404
|player|p2|Fousfull|blackbelt-gen4|1619
|teamsize|p1|6
|teamsize|p2|6
|gen|8
|tier|[Gen 8] UU
|rated|
|rule|Sleep Clause Mod: Limit one foe put to sleep
|rule|Species Clause: Limit one of each Pokémon
|rule|OHKO Clause: OHKO moves are banned
|rule|Evasion Items Clause: Evasion items are banned
|rule|Evasion Moves Clause: Evasion moves are banned
|rule|Endless Battle Clause: Forcing endless battles is banned
|rule|HP Percentage Mod: HP is shown in percentages
|rule|Dynamax Clause: You cannot dynamax
|clearpoke
|poke|p1|Necrozma|
|poke|p1|Cobalion|
|poke|p1|Obstagoon, F|
|poke|p1|Salamence, M|
|poke|p1|Seismitoad, F|
|poke|p1|Regidrago|
|poke|p2|Hydreigon, M|
|poke|p2|Keldeo-Resolute|
|poke|p2|Scizor, F|
|poke|p2|Hippowdon, M|
|poke|p2|Tangrowth, M|
|poke|p2|Skarmory, F|
|teampreview
|
|t:|1665873069
|start
|switch|p1a: Regidrago|Regidrago|100/100
|switch|p2a: Hydreigon|Hydreigon, M|100/100
|turn|1
|
|t:|1665873088
|switch|p1a: Cobalion|Cobalion|100/100
|move|p2a: Hydreigon|Draco Meteor|p1a: Cobalion|[miss]
|-miss|p2a: Hydreigon|p1a: Cobalion
|
|upkeep
|turn|2
|
|t:|1665873123
|switch|p2a: Hippowdon|Hippowdon, M|100/100
|-weather|Sandstorm|[from] ability: Sand Stream|[of] p2a: Hippowdon
|move|p1a: Cobalion|Stealth Rock|p2a: Hippowdon
|-sidestart|p2: Fousfull|move: Stealth Rock
|
|-weather|Sandstorm|[upkeep]
|upkeep
|turn|3
|
|t:|1665873132
|switch|p1a: Seismitoad|Seismitoad, F|100/100
|move|p2a: Hippowdon|Stealth Rock|p1a: Seismitoad
|-sidestart|p1: IamSwitch|move: Stealth Rock
|
|-weather|Sandstorm|[upkeep]
|upkeep
|turn|4
|
|t:|1665873135
|move|p1a: Seismitoad|Rain Dance|p1a: Seismitoad
|-weather|RainDance
|move|p2a: Hippowdon|Toxic|p1a: Seismitoad
|-status|p1a: Seismitoad|tox
|
|-weather|RainDance|[upkeep]
|-damage|p1a: Seismitoad|95/100 tox|[from] psn
|upkeep
|turn|5
|
|t:|1665873138
|switch|p2a: Tangrowth|Tangrowth, M|100/100
|-damage|p2a: Tangrowth|88/100|[from] Stealth Rock
|move|p1a: Seismitoad|Sludge Wave|p2a: Tangrowth
|-supereffective|p2a: Tangrowth
|-damage|p2a: Tangrowth|39/100
|-damage|p1a: Seismitoad|85/100 tox|[from] item: Life Orb
|
|-weather|RainDance|[upkeep]
|-damage|p1a: Seismitoad|73/100 tox|[from] psn
|upkeep
|turn|6
|
|t:|1665873144
|switch|p2a: Hippowdon|Hippowdon, M|100/100
|-damage|p2a: Hippowdon|94/100|[from] Stealth Rock
|-weather|Sandstorm|[from] ability: Sand Stream|[of] p2a: Hippowdon
|move|p1a: Seismitoad|Rain Dance|p1a: Seismitoad
|-weather|RainDance
|
|-weather|RainDance|[upkeep]
|-heal|p2a: Hippowdon|100/100|[from] item: Leftovers
|-damage|p1a: Seismitoad|55/100 tox|[from] psn
|upkeep
|turn|7
|
|t:|1665873148
|switch|p2a: Skarmory|Skarmory, F|100/100
|-damage|p2a: Skarmory|88/100|[from] Stealth Rock
|move|p1a: Seismitoad|Weather Ball|p2a: Skarmory
|-damage|p2a: Skarmory|0 fnt
|faint|p2a: Skarmory
|-damage|p1a: Seismitoad|45/100 tox|[from] item: Life Orb
|
|-weather|RainDance|[upkeep]
|-damage|p1a: Seismitoad|21/100 tox|[from] psn
|upkeep
|
|t:|1665873164
|switch|p2a: Hippowdon|Hippowdon, M|100/100
|-damage|p2a: Hippowdon|94/100|[from] Stealth Rock
|-weather|Sandstorm|[from] ability: Sand Stream|[of] p2a: Hippowdon
|turn|8
|
|t:|1665873170
|switch|p1a: Obstagoon|Obstagoon, F|100/100
|-damage|p1a: Obstagoon|88/100|[from] Stealth Rock
|move|p2a: Hippowdon|Slack Off|p2a: Hippowdon
|-heal|p2a: Hippowdon|100/100
|
|-weather|Sandstorm|[upkeep]
|-damage|p1a: Obstagoon|82/100|[from] Sandstorm
|-status|p1a: Obstagoon|brn|[from] item: Flame Orb
|upkeep
|turn|9
|
|t:|1665873174
|move|p1a: Obstagoon|Switcheroo|p2a: Hippowdon
|-activate|p1a: Obstagoon|move: Trick|[of] p2a: Hippowdon
|-item|p2a: Hippowdon|Flame Orb|[from] move: Switcheroo
|-item|p1a: Obstagoon|Leftovers|[from] move: Switcheroo
|move|p2a: Hippowdon|Earthquake|p1a: Obstagoon
|-damage|p1a: Obstagoon|40/100 brn
|
|-weather|Sandstorm|[upkeep]
|-damage|p1a: Obstagoon|34/100 brn|[from] Sandstorm
|-heal|p1a: Obstagoon|40/100 brn|[from] item: Leftovers
|-damage|p1a: Obstagoon|34/100 brn|[from] brn
|-status|p2a: Hippowdon|brn|[from] item: Flame Orb
|upkeep
|turn|10
|
|t:|1665873180
|move|p1a: Obstagoon|Facade|p2a: Hippowdon
|-damage|p2a: Hippowdon|50/100 brn
|move|p2a: Hippowdon|Slack Off|p2a: Hippowdon
|-heal|p2a: Hippowdon|100/100 brn
|
|-weather|Sandstorm|[upkeep]
|-damage|p1a: Obstagoon|28/100 brn|[from] Sandstorm
|-heal|p1a: Obstagoon|34/100 brn|[from] item: Leftovers
|-damage|p1a: Obstagoon|28/100 brn|[from] brn
|-damage|p2a: Hippowdon|94/100 brn|[from] brn
|upkeep
|turn|11
|
|t:|1665873186
|switch|p2a: Tangrowth|Tangrowth, M|72/100
|-damage|p2a: Tangrowth|59/100|[from] Stealth Rock
|move|p1a: Obstagoon|Facade|p2a: Tangrowth
|-damage|p2a: Tangrowth|6/100
|
|-weather|Sandstorm|[upkeep]
|-damage|p1a: Obstagoon|22/100 brn|[from] Sandstorm
|-damage|p2a: Tangrowth|0 fnt|[from] Sandstorm
|faint|p2a: Tangrowth
|-heal|p1a: Obstagoon|28/100 brn|[from] item: Leftovers
|-damage|p1a: Obstagoon|22/100 brn|[from] brn
|upkeep
|
|t:|1665873189
|switch|p2a: Keldeo|Keldeo-Resolute|100/100
|-damage|p2a: Keldeo|94/100|[from] Stealth Rock
|turn|12
|
|t:|1665873194
|switch|p1a: Seismitoad|Seismitoad, F|21/100 tox
|-damage|p1a: Seismitoad|15/100 tox|[from] Stealth Rock
|move|p2a: Keldeo|Scald|p1a: Seismitoad
|-damage|p1a: Seismitoad|0 fnt
|faint|p1a: Seismitoad
|
|-weather|none
|upkeep
|
|t:|1665873197
|switch|p1a: Regidrago|Regidrago|100/100
|-damage|p1a: Regidrago|88/100|[from] Stealth Rock
|turn|13
|
|t:|1665873199
|move|p1a: Regidrago|Dragon Energy|p2a: Keldeo
|-damage|p2a: Keldeo|0 fnt
|faint|p2a: Keldeo
|
|upkeep
|
|t:|1665873201
|switch|p2a: Scizor|Scizor, F|100/100
|-damage|p2a: Scizor|88/100|[from] Stealth Rock
|turn|14
|
|t:|1665873212
|switch|p1a: Salamence|Salamence, M|100/100
|-ability|p1a: Salamence|Intimidate|boost
|-unboost|p2a: Scizor|atk|1
|move|p2a: Scizor|Dual Wingbeat|p1a: Salamence
|-damage|p1a: Salamence|77/100
|-damage|p1a: Salamence|53/100
|-hitcount|p1a: Salamence|2
|
|upkeep
|turn|15
|
|t:|1665873218
|switch|p2a: Hippowdon|Hippowdon, M|94/100 brn
|-damage|p2a: Hippowdon|88/100 brn|[from] Stealth Rock
|-weather|Sandstorm|[from] ability: Sand Stream|[of] p2a: Hippowdon
|move|p1a: Salamence|Hurricane|p2a: Hippowdon|[miss]
|-miss|p1a: Salamence|p2a: Hippowdon
|
|-weather|Sandstorm|[upkeep]
|-damage|p1a: Salamence|46/100|[from] Sandstorm
|-damage|p2a: Hippowdon|82/100 brn|[from] brn
|upkeep
|turn|16
|
|t:|1665873222
|move|p1a: Salamence|Roost|p1a: Salamence
|-heal|p1a: Salamence|96/100
|-singleturn|p1a: Salamence|move: Roost
|move|p2a: Hippowdon|Slack Off|p2a: Hippowdon
|-heal|p2a: Hippowdon|100/100 brn
|
|-weather|Sandstorm|[upkeep]
|-damage|p1a: Salamence|90/100|[from] Sandstorm
|-damage|p2a: Hippowdon|94/100 brn|[from] brn
|upkeep
|turn|17
|
|t:|1665873225
|switch|p1a: Obstagoon|Obstagoon, F|22/100 brn
|-damage|p1a: Obstagoon|9/100 brn|[from] Stealth Rock
|move|p2a: Hippowdon|Toxic||[still]
|-fail|p2a: Hippowdon
|
|-weather|Sandstorm|[upkeep]
|-damage|p1a: Obstagoon|3/100 brn|[from] Sandstorm
|-heal|p1a: Obstagoon|9/100 brn|[from] item: Leftovers
|-damage|p1a: Obstagoon|3/100 brn|[from] brn
|-damage|p2a: Hippowdon|88/100 brn|[from] brn
|upkeep
|turn|18
|
|t:|1665873228
|move|p1a: Obstagoon|Parting Shot|p2a: Hippowdon
|-unboost|p2a: Hippowdon|atk|1
|-unboost|p2a: Hippowdon|spa|1
|
|t:|1665873233
|switch|p1a: Necrozma|Necrozma|100/100|[from]move: Parting Shot
|-damage|p1a: Necrozma|88/100|[from] Stealth Rock
|move|p2a: Hippowdon|Slack Off|p2a: Hippowdon
|-heal|p2a: Hippowdon|100/100 brn
|
|-weather|Sandstorm|[upkeep]
|-damage|p1a: Necrozma|82/100|[from] Sandstorm
|-damage|p2a: Hippowdon|94/100 brn|[from] brn
|upkeep
|turn|19
|
|t:|1665873237
|move|p1a: Necrozma|Dragon Dance|p1a: Necrozma
|-boost|p1a: Necrozma|atk|1
|-boost|p1a: Necrozma|spe|1
|move|p2a: Hippowdon|Toxic|p1a: Necrozma
|-status|p1a: Necrozma|tox
|
|-weather|none
|-damage|p1a: Necrozma|75/100 tox|[from] psn
|-damage|p2a: Hippowdon|88/100 brn|[from] brn
|upkeep
|turn|20
|
|t:|1665873242
|move|p1a: Necrozma|Dragon Dance|p1a: Necrozma
|-boost|p1a: Necrozma|atk|1
|-boost|p1a: Necrozma|spe|1
|move|p2a: Hippowdon|Slack Off|p2a: Hippowdon
|-heal|p2a: Hippowdon|100/100 brn
|
|-damage|p1a: Necrozma|63/100 tox|[from] psn
|-damage|p2a: Hippowdon|94/100 brn|[from] brn
|upkeep
|turn|21
|
|t:|1665873244
|move|p1a: Necrozma|Photon Geyser|p2a: Hippowdon
|-damage|p2a: Hippowdon|38/100 brn
|move|p2a: Hippowdon|Earthquake|p1a: Necrozma
|-damage|p1a: Necrozma|51/100 tox
|
|-damage|p1a: Necrozma|32/100 tox|[from] psn
|-damage|p2a: Hippowdon|31/100 brn|[from] brn
|upkeep
|turn|22
|-message|Fousfull forfeited.
|
|win|IamSwitch
|raw|IamSwitch's rating: 1404 &rarr; <strong>1434</strong><br />(+30 for winning)
|raw|Fousfull's rating: 1588 &rarr; <strong>1558</strong><br />(-30 for losing)
|l|☆Fousfull
||Ladder isn't responding, score probably updated but might not have (Request timeout).
