|j|☆Solobigbagalert
|j|☆2 headed boy
|t:|1604938727
|player|p1|Solobigbagalert|lyra|1603
|player|p2|2 headed boy|erika-gen2|1661
|teamsize|p1|6
|teamsize|p2|6
|gametype|singles
|gen|8
|tier|[Gen 8] UU
|rated|
|clearpoke
|poke|p1|Tapu Bulu|
|poke|p1|Suicune|
|poke|p1|Volcarona, F|
|poke|p1|Hippowdon, F|
|poke|p1|Celesteela|
|poke|p1|Hydreigon, M|
|poke|p2|Shuckle, M|
|poke|p2|Blacephalon|
|poke|p2|Bisharp, F|
|poke|p2|Azumarill, M|
|poke|p2|Scizor, M|
|poke|p2|Latias, F|
|rule|Sleep Clause Mod: Limit one foe put to sleep
|rule|Species Clause: Limit one of each Pokémon
|rule|OHKO Clause: OHKO moves are banned
|rule|Evasion Moves Clause: Evasion moves are banned
|rule|Endless Battle Clause: Forcing endless battles is banned
|rule|HP Percentage Mod: HP is shown in percentages
|rule|Dynamax Clause: You cannot dynamax
|teampreview
|
|t:|1604938748
|start
|switch|p1a: Tapu Bulu|Tapu Bulu|100/100
|switch|p2a: Shuckle|Shuckle, M|100/100
|-fieldstart|move: Grassy Terrain|[from] ability: Grassy Surge|[of] p1a: Tapu Bulu
|turn|1
|
|t:|1604938754
|move|p1a: Tapu Bulu|Wood Hammer|p2a: Shuckle
|-damage|p2a: Shuckle|55/100
|-damage|p1a: Tapu Bulu|89/100|[from] Recoil
|move|p2a: Shuckle|Stealth Rock|p1a: Tapu Bulu
|-sidestart|p1: Solobigbagalert|move: Stealth Rock
|
|-heal|p1a: Tapu Bulu|95/100|[from] Grassy Terrain
|-heal|p2a: Shuckle|61/100|[from] Grassy Terrain
|upkeep
|turn|2
|
|t:|1604938762
|move|p1a: Tapu Bulu|Close Combat|p2a: Shuckle
|-damage|p2a: Shuckle|37/100
|-unboost|p1a: Tapu Bulu|def|1
|-unboost|p1a: Tapu Bulu|spd|1
|move|p2a: Shuckle|Sticky Web|p1a: Tapu Bulu
|-sidestart|p1: Solobigbagalert|move: Sticky Web
|
|-heal|p1a: Tapu Bulu|100/100|[from] Grassy Terrain
|-heal|p2a: Shuckle|44/100|[from] Grassy Terrain
|upkeep
|turn|3
|
|t:|1604938769
|switch|p2a: Scizor|Scizor, M|100/100
|move|p1a: Tapu Bulu|Wood Hammer|p2a: Scizor
|-resisted|p2a: Scizor
|-damage|p2a: Scizor|72/100
|-damage|p1a: Tapu Bulu|92/100|[from] Recoil
|
|-heal|p2a: Scizor|78/100|[from] Grassy Terrain
|-heal|p1a: Tapu Bulu|98/100|[from] Grassy Terrain
|upkeep
|turn|4
|
|t:|1604938775
|switch|p1a: Celesteela|Celesteela|100/100
|-damage|p1a: Celesteela|88/100|[from] Stealth Rock
|move|p2a: Scizor|Swords Dance|p2a: Scizor
|-boost|p2a: Scizor|atk|2
|
|-heal|p2a: Scizor|84/100|[from] Grassy Terrain
|-heal|p1a: Celesteela|94/100|[from] item: Leftovers
|upkeep
|turn|5
|
|t:|1604938783
|move|p2a: Scizor|Knock Off|p1a: Celesteela
|-damage|p1a: Celesteela|10/100
|-enditem|p1a: Celesteela|Leftovers|[from] move: Knock Off|[of] p2a: Scizor
|-damage|p2a: Scizor|75/100|[from] item: Life Orb
|move|p1a: Celesteela|Flamethrower|p2a: Scizor
|-supereffective|p2a: Scizor
|-damage|p2a: Scizor|0 fnt
|faint|p2a: Scizor
|-ability|p1a: Celesteela|Beast Boost|boost
|-boost|p1a: Celesteela|spd|1
|
|-fieldend|move: Grassy Terrain
|upkeep
|
|t:|1604938789
|switch|p2a: Latias|Latias, F|100/100
|turn|6
|
|t:|1604938803
|move|p2a: Latias|Psyshock|p1a: Celesteela
|-resisted|p1a: Celesteela
|-damage|p1a: Celesteela|0 fnt
|faint|p1a: Celesteela
|
|upkeep
|
|t:|1604938806
|switch|p1a: Hydreigon|Hydreigon, M|100/100
|-damage|p1a: Hydreigon|88/100|[from] Stealth Rock
|turn|7
|
|t:|1604938809
|move|p1a: Hydreigon|Defog|p2a: Latias
|-unboost|p2a: Latias|evasion|1
|-sideend|p1: Solobigbagalert|Stealth Rock|[from] move: Defog|[of] p1a: Hydreigon
|-sideend|p1: Solobigbagalert|Sticky Web|[from] move: Defog|[of] p1a: Hydreigon
|move|p2a: Latias|Draco Meteor|p1a: Hydreigon
|-supereffective|p1a: Hydreigon
|-damage|p1a: Hydreigon|0 fnt
|-unboost|p2a: Latias|spa|2
|faint|p1a: Hydreigon
|
|upkeep
|
|t:|1604938821
|switch|p1a: Volcarona|Volcarona, F|100/100
|turn|8
|
|t:|1604938827
|switch|p2a: Blacephalon|Blacephalon|100/100
|switch|p1a: Tapu Bulu|Tapu Bulu|98/100
|-fieldstart|move: Grassy Terrain|[from] ability: Grassy Surge|[of] p1a: Tapu Bulu
|
|-heal|p1a: Tapu Bulu|100/100|[from] Grassy Terrain
|upkeep
|turn|9
|
|t:|1604938835
|move|p2a: Blacephalon|Flamethrower|p1a: Tapu Bulu
|-supereffective|p1a: Tapu Bulu
|-damage|p1a: Tapu Bulu|0 fnt
|faint|p1a: Tapu Bulu
|-ability|p2a: Blacephalon|Beast Boost|boost
|-boost|p2a: Blacephalon|spa|1
|
|upkeep
|
|t:|1604938842
|switch|p1a: Suicune|Suicune|100/100
|-ability|p1a: Suicune|Pressure
|turn|10
|
|t:|1604938848
|switch|p2a: Shuckle|Shuckle, M|44/100
|move|p1a: Suicune|Calm Mind|p1a: Suicune
|-boost|p1a: Suicune|spa|1
|-boost|p1a: Suicune|spd|1
|
|-heal|p2a: Shuckle|50/100|[from] Grassy Terrain
|upkeep
|turn|11
|
|t:|1604938855
|move|p1a: Suicune|Scald|p2a: Shuckle
|-supereffective|p2a: Shuckle
|-damage|p2a: Shuckle|3/100
|move|p2a: Shuckle|Encore|p1a: Suicune
|-start|p1a: Suicune|Encore
|
|-heal|p2a: Shuckle|9/100|[from] Grassy Terrain
|upkeep
|turn|12
|-enditem|p2a: Shuckle|Custap Berry|[eat]
|-activate|p2a: Shuckle|item: Custap Berry|[consumed]
|
|t:|1604938862
|move|p2a: Shuckle|Sticky Web|p1a: Suicune
|-sidestart|p1: Solobigbagalert|move: Sticky Web
|move|p1a: Suicune|Scald|p2a: Shuckle
|-supereffective|p2a: Shuckle
|-damage|p2a: Shuckle|0 fnt
|faint|p2a: Shuckle
|
|-fieldend|move: Grassy Terrain
|upkeep
|
|t:|1604938865
|switch|p2a: Latias|Latias, F|100/100
|turn|13
|
|t:|1604938871
|switch|p1a: Volcarona|Volcarona, F|100/100
|move|p2a: Latias|Calm Mind|p2a: Latias
|-boost|p2a: Latias|spa|1
|-boost|p2a: Latias|spd|1
|
|upkeep
|turn|14
|
|t:|1604938877
|move|p2a: Latias|Psyshock|p1a: Volcarona
|-damage|p1a: Volcarona|31/100
|move|p1a: Volcarona|Quiver Dance|p1a: Volcarona
|-boost|p1a: Volcarona|spa|1
|-boost|p1a: Volcarona|spd|1
|-boost|p1a: Volcarona|spe|1
|
|upkeep
|turn|15
|
|t:|1604938884
|switch|p2a: Bisharp|Bisharp, F|100/100
|move|p1a: Volcarona|Roost|p1a: Volcarona
|-heal|p1a: Volcarona|81/100
|-singleturn|p1a: Volcarona|move: Roost
|
|upkeep
|turn|16
|
|t:|1604938904
|move|p1a: Volcarona|Fiery Dance|p2a: Bisharp
|-supereffective|p2a: Bisharp
|-damage|p2a: Bisharp|0 fnt
|-boost|p1a: Volcarona|spa|1
|faint|p2a: Bisharp
|
|upkeep
|
|t:|1604938912
|switch|p2a: Blacephalon|Blacephalon|100/100
|turn|17
|
|t:|1604938921
|move|p1a: Volcarona|Fiery Dance|p2a: Blacephalon
|-resisted|p2a: Blacephalon
|-damage|p2a: Blacephalon|41/100
|move|p2a: Blacephalon|Psyshock|p1a: Volcarona
|-damage|p1a: Volcarona|16/100
|
|upkeep
|turn|18
|
|t:|1604938928
|move|p1a: Volcarona|Fiery Dance|p2a: Blacephalon
|-resisted|p2a: Blacephalon
|-damage|p2a: Blacephalon|0 fnt
|-boost|p1a: Volcarona|spa|1
|faint|p2a: Blacephalon
|
|upkeep
|
|t:|1604938931
|switch|p2a: Azumarill|Azumarill, M|100/100
|turn|19
|
|t:|1604938938
|move|p2a: Azumarill|Aqua Jet|p1a: Volcarona
|-supereffective|p1a: Volcarona
|-damage|p1a: Volcarona|0 fnt
|faint|p1a: Volcarona
|
|upkeep
|
|t:|1604938942
|switch|p1a: Hippowdon|Hippowdon, F|100/100
|-activate|p1a: Hippowdon|move: Sticky Web
|-unboost|p1a: Hippowdon|spe|1
|-weather|Sandstorm|[from] ability: Sand Stream|[of] p1a: Hippowdon
|turn|20
|j| ivaan s
|
|t:|1604938948
|move|p2a: Azumarill|Knock Off|p1a: Hippowdon
|-damage|p1a: Hippowdon|74/100
|-enditem|p1a: Hippowdon|Leftovers|[from] move: Knock Off|[of] p2a: Azumarill
|move|p1a: Hippowdon|High Horsepower|p2a: Azumarill
|-damage|p2a: Azumarill|61/100
|
|-weather|Sandstorm|[upkeep]
|-damage|p2a: Azumarill|55/100|[from] Sandstorm
|upkeep
|turn|21
|
|t:|1604938955
|move|p2a: Azumarill|Play Rough|p1a: Hippowdon
|-damage|p1a: Hippowdon|38/100
|move|p1a: Hippowdon|High Horsepower|p2a: Azumarill
|-crit|p2a: Azumarill
|-damage|p2a: Azumarill|0 fnt
|faint|p2a: Azumarill
|
|-weather|Sandstorm|[upkeep]
|upkeep
|
|t:|1604938961
|switch|p2a: Latias|Latias, F|100/100
|turn|22
|
|t:|1604938965
|switch|p1a: Suicune|Suicune|100/100
|-activate|p1a: Suicune|move: Sticky Web
|-unboost|p1a: Suicune|spe|1
|-ability|p1a: Suicune|Pressure
|move|p2a: Latias|Calm Mind|p2a: Latias
|-boost|p2a: Latias|spa|1
|-boost|p2a: Latias|spd|1
|
|-weather|Sandstorm|[upkeep]
|-damage|p2a: Latias|95/100|[from] Sandstorm
|-damage|p1a: Suicune|94/100|[from] Sandstorm
|-heal|p1a: Suicune|100/100|[from] item: Leftovers
|upkeep
|turn|23
|
|t:|1604938971
|move|p2a: Latias|Calm Mind|p2a: Latias
|-boost|p2a: Latias|spa|1
|-boost|p2a: Latias|spd|1
|move|p1a: Suicune|Calm Mind|p1a: Suicune
|-boost|p1a: Suicune|spa|1
|-boost|p1a: Suicune|spd|1
|
|-weather|Sandstorm|[upkeep]
|-damage|p2a: Latias|89/100|[from] Sandstorm
|-damage|p1a: Suicune|94/100|[from] Sandstorm
|-heal|p1a: Suicune|100/100|[from] item: Leftovers
|upkeep
|turn|24
|
|t:|1604938974
|move|p2a: Latias|Psyshock|p1a: Suicune
|-damage|p1a: Suicune|50/100
|move|p1a: Suicune|Calm Mind|p1a: Suicune
|-boost|p1a: Suicune|spa|1
|-boost|p1a: Suicune|spd|1
|
|-weather|none
|-heal|p1a: Suicune|56/100|[from] item: Leftovers
|upkeep
|turn|25
|
|t:|1604938980
|move|p2a: Latias|Psyshock|p1a: Suicune
|-damage|p1a: Suicune|7/100
|move|p1a: Suicune|Scald|p2a: Latias
|-resisted|p2a: Latias
|-damage|p2a: Latias|77/100
|
|-heal|p1a: Suicune|13/100|[from] item: Leftovers
|upkeep
|turn|26
|c|☆Solobigbagalert|gg
|-message|Solobigbagalert forfeited.
|
|win|2 headed boy
|c|☆2 headed boy|gg
|l| ivaan s
|l|☆Solobigbagalert
||Ladder (probably) updated, but score could not be retrieved (Request timeout).
