|j|☆Meracx
|j|☆haxlolo
|t:|1664733731
|gametype|singles
|player|p1|Meracx|thorton|
|player|p2|haxlolo|giovanni-masters|
|teamsize|p1|6
|teamsize|p2|6
|gen|8
|tier|[Gen 8] UU
|rule|Sleep Clause Mod: Limit one foe put to sleep
|rule|Species Clause: Limit one of each Pokémon
|rule|OHKO Clause: OHKO moves are banned
|rule|Evasion Items Clause: Evasion items are banned
|rule|Evasion Moves Clause: Evasion moves are banned
|rule|Endless Battle Clause: Forcing endless battles is banned
|rule|HP Percentage Mod: HP is shown in percentages
|rule|Dynamax Clause: You cannot dynamax
|clearpoke
|poke|p1|Azelf|
|poke|p1|Primarina, F|
|poke|p1|Cobalion|
|poke|p1|Swampert, M|
|poke|p1|Zarude|
|poke|p1|Salamence, M|
|poke|p2|Chansey, F|
|poke|p2|Salamence, M|
|poke|p2|Rotom-Wash|
|poke|p2|Golurk|
|poke|p2|Cobalion|
|poke|p2|Zarude|
|teampreview
|c|☆Meracx|hf
|c|☆haxlolo|gl
|
|t:|1664733782
|start
|switch|p1a: Swampert|Swampert, M|100/100
|switch|p2a: Rotom|Rotom-Wash|100/100
|turn|1
|j| Jeza.p
|
|t:|1664733807
|switch|p2a: Zarude|Zarude|100/100
|move|p1a: Swampert|Stealth Rock|p2a: Zarude
|-sidestart|p2: haxlolo|move: Stealth Rock
|
|upkeep
|turn|2
|j| FC MIKU
|c| Jeza.p|allez lolo
|
|t:|1664733817
|switch|p1a: Salamence|Salamence, M|100/100
|-ability|p1a: Salamence|Intimidate|boost
|-unboost|p2a: Zarude|atk|1
|move|p2a: Zarude|U-turn|p1a: Salamence
|-resisted|p1a: Salamence
|-damage|p1a: Salamence|95/100
|c| Jeza.p|:pouss:
|
|t:|1664733822
|switch|p2a: Chansey|Chansey, F|100/100|[from]move: U-turn
|-damage|p2a: Chansey|88/100|[from] Stealth Rock
|
|upkeep
|turn|3
|c| FC MIKU|ALLEZ MERACX
|
|t:|1664733834
|switch|p1a: Cobalion|Cobalion|100/100
|move|p2a: Chansey|Stealth Rock|p1a: Cobalion
|-sidestart|p1: Meracx|move: Stealth Rock
|
|upkeep
|turn|4
|
|t:|1664733839
|switch|p2a: Golurk|Golurk|100/100
|-damage|p2a: Golurk|95/100|[from] Stealth Rock
|move|p1a: Cobalion|Swords Dance|p1a: Cobalion
|-boost|p1a: Cobalion|atk|2
|
|upkeep
|turn|5
|
|t:|1664733848
|switch|p1a: Salamence|Salamence, M|95/100
|-ability|p1a: Salamence|Intimidate|boost
|-unboost|p2a: Golurk|atk|1
|move|p2a: Golurk|Close Combat|p1a: Salamence
|-resisted|p1a: Salamence
|-damage|p1a: Salamence|78/100
|-unboost|p2a: Golurk|def|1
|-unboost|p2a: Golurk|spd|1
|
|upkeep
|turn|6
|
|t:|1664733854
|switch|p1a: Primarina|Primarina, F|100/100
|-damage|p1a: Primarina|88/100|[from] Stealth Rock
|switch|p2a: Rotom|Rotom-Wash|100/100
|-damage|p2a: Rotom|88/100|[from] Stealth Rock
|
|-heal|p2a: Rotom|94/100|[from] item: Leftovers
|-heal|p1a: Primarina|94/100|[from] item: Leftovers
|upkeep
|turn|7
|
|t:|1664733860
|switch|p1a: Swampert|Swampert, M|100/100
|-damage|p1a: Swampert|94/100|[from] Stealth Rock
|move|p2a: Rotom|Volt Switch|p1a: Swampert
|-immune|p1a: Swampert
|
|-heal|p2a: Rotom|99/100|[from] item: Leftovers
|-heal|p1a: Swampert|100/100|[from] item: Leftovers
|upkeep
|turn|8
|
|t:|1664733864
|switch|p2a: Zarude|Zarude|100/100
|-damage|p2a: Zarude|88/100|[from] Stealth Rock
|move|p1a: Swampert|Toxic|p2a: Zarude
|-status|p2a: Zarude|tox
|
|-damage|p2a: Zarude|82/100 tox|[from] psn
|upkeep
|turn|9
|
|t:|1664733870
|switch|p1a: Salamence|Salamence, M|78/100
|-ability|p1a: Salamence|Intimidate|boost
|-unboost|p2a: Zarude|atk|1
|move|p2a: Zarude|U-turn|p1a: Salamence
|-resisted|p1a: Salamence
|-damage|p1a: Salamence|72/100
|
|t:|1664733876
|switch|p2a: Chansey|Chansey, F|88/100|[from]move: U-turn
|-damage|p2a: Chansey|75/100|[from] Stealth Rock
|
|upkeep
|turn|10
|
|t:|1664733885
|switch|p1a: Cobalion|Cobalion|100/100
|-damage|p1a: Cobalion|97/100|[from] Stealth Rock
|move|p2a: Chansey|Toxic|p1a: Cobalion
|-immune|p1a: Cobalion
|
|-heal|p1a: Cobalion|100/100|[from] item: Leftovers
|upkeep
|turn|11
|
|t:|1664733890
|switch|p2a: Golurk|Golurk|95/100
|-damage|p2a: Golurk|89/100|[from] Stealth Rock
|move|p1a: Cobalion|Stone Edge|p2a: Golurk
|-resisted|p2a: Golurk
|-damage|p2a: Golurk|70/100
|
|upkeep
|turn|12
|
|t:|1664733898
|switch|p1a: Primarina|Primarina, F|94/100
|-damage|p1a: Primarina|82/100|[from] Stealth Rock
|move|p2a: Golurk|Ice Punch|p1a: Primarina
|-resisted|p1a: Primarina
|-damage|p1a: Primarina|50/100
|
|-heal|p1a: Primarina|57/100|[from] item: Leftovers
|upkeep
|turn|13
|
|t:|1664733905
|switch|p2a: Chansey|Chansey, F|75/100
|-damage|p2a: Chansey|63/100|[from] Stealth Rock
|move|p1a: Primarina|Scald|p2a: Chansey
|-damage|p2a: Chansey|53/100
|
|-heal|p1a: Primarina|63/100|[from] item: Leftovers
|upkeep
|turn|14
|
|t:|1664733914
|switch|p1a: Cobalion|Cobalion|100/100
|-damage|p1a: Cobalion|97/100|[from] Stealth Rock
|move|p2a: Chansey|Soft-Boiled|p2a: Chansey
|-heal|p2a: Chansey|100/100
|
|-heal|p1a: Cobalion|100/100|[from] item: Leftovers
|upkeep
|turn|15
|
|t:|1664733923
|switch|p2a: Golurk|Golurk|70/100
|-damage|p2a: Golurk|64/100|[from] Stealth Rock
|move|p1a: Cobalion|Stone Edge|p2a: Golurk
|-resisted|p2a: Golurk
|-crit|p2a: Golurk
|-damage|p2a: Golurk|38/100
|
|upkeep
|turn|16
|
|t:|1664733943
|switch|p1a: Zarude|Zarude|100/100
|-damage|p1a: Zarude|88/100|[from] Stealth Rock
|move|p2a: Golurk|Poltergeist|p1a: Zarude
|-activate|p1a: Zarude|move: Poltergeist|Choice Scarf
|-resisted|p1a: Zarude
|-damage|p1a: Zarude|48/100
|
|upkeep
|turn|17
|
|t:|1664733957
|move|p1a: Zarude|U-turn|p2a: Golurk
|-resisted|p2a: Golurk
|-damage|p2a: Golurk|24/100
|
|t:|1664733962
|switch|p1a: Salamence|Salamence, M|72/100|[from]move: U-turn
|-ability|p1a: Salamence|Intimidate|boost
|-unboost|p2a: Golurk|atk|1
|move|p2a: Golurk|Poltergeist|p1a: Salamence
|-activate|p1a: Salamence|move: Poltergeist|Heavy-Duty Boots
|-damage|p1a: Salamence|23/100
|
|upkeep
|turn|18
|
|t:|1664733980
|switch|p2a: Chansey|Chansey, F|100/100
|-damage|p2a: Chansey|88/100|[from] Stealth Rock
|move|p1a: Salamence|Roost|p1a: Salamence
|-heal|p1a: Salamence|73/100
|-singleturn|p1a: Salamence|move: Roost
|
|upkeep
|turn|19
|
|t:|1664733983
|switch|p1a: Primarina|Primarina, F|63/100
|-damage|p1a: Primarina|50/100|[from] Stealth Rock
|switch|p2a: Salamence|Salamence, M|100/100
|-ability|p2a: Salamence|Intimidate|boost
|-unboost|p1a: Primarina|atk|1
|
|-heal|p1a: Primarina|56/100|[from] item: Leftovers
|upkeep
|turn|20
|
|t:|1664733986
|switch|p2a: Chansey|Chansey, F|88/100
|-damage|p2a: Chansey|75/100|[from] Stealth Rock
|move|p1a: Primarina|Moonblast|p2a: Chansey
|-damage|p2a: Chansey|62/100
|
|-heal|p1a: Primarina|62/100|[from] item: Leftovers
|upkeep
|turn|21
|
|t:|1664733990
|switch|p1a: Cobalion|Cobalion|100/100
|-damage|p1a: Cobalion|97/100|[from] Stealth Rock
|move|p2a: Chansey|Soft-Boiled|p2a: Chansey
|-heal|p2a: Chansey|100/100
|
|-heal|p1a: Cobalion|100/100|[from] item: Leftovers
|upkeep
|turn|22
|
|t:|1664733995
|switch|p2a: Salamence|Salamence, M|100/100
|-ability|p2a: Salamence|Intimidate|boost
|-unboost|p1a: Cobalion|atk|1
|move|p1a: Cobalion|Swords Dance|p1a: Cobalion
|-boost|p1a: Cobalion|atk|2
|
|upkeep
|turn|23
|
|t:|1664733998
|move|p1a: Cobalion|Stone Edge|p2a: Salamence|[miss]
|-miss|p1a: Cobalion|p2a: Salamence
|move|p2a: Salamence|Flamethrower|p1a: Cobalion
|-supereffective|p1a: Cobalion
|-damage|p1a: Cobalion|44/100
|
|-heal|p1a: Cobalion|50/100|[from] item: Leftovers
|upkeep
|turn|24
|
|t:|1664734001
|move|p1a: Cobalion|Stone Edge|p2a: Salamence
|-supereffective|p2a: Salamence
|-damage|p2a: Salamence|31/100
|move|p2a: Salamence|Flamethrower|p1a: Cobalion
|-supereffective|p1a: Cobalion
|-damage|p1a: Cobalion|0 fnt
|faint|p1a: Cobalion
|
|upkeep
|
|t:|1664734013
|switch|p1a: Azelf|Azelf|100/100
|-damage|p1a: Azelf|88/100|[from] Stealth Rock
|turn|25
|
|t:|1664734017
|switch|p2a: Rotom|Rotom-Wash|99/100
|-damage|p2a: Rotom|88/100|[from] Stealth Rock
|move|p1a: Azelf|Psyshock|p2a: Rotom
|-damage|p2a: Rotom|51/100
|
|-heal|p2a: Rotom|57/100|[from] item: Leftovers
|upkeep
|turn|26
|
|t:|1664734020
|move|p1a: Azelf|Energy Ball|p2a: Rotom
|-supereffective|p2a: Rotom
|-damage|p2a: Rotom|0 fnt
|faint|p2a: Rotom
|
|upkeep
|
|t:|1664734022
|switch|p2a: Zarude|Zarude|82/100 tox
|-damage|p2a: Zarude|70/100 tox|[from] Stealth Rock
|turn|27
|
|t:|1664734030
|switch|p1a: Salamence|Salamence, M|73/100
|-ability|p1a: Salamence|Intimidate|boost
|-unboost|p2a: Zarude|atk|1
|move|p2a: Zarude|U-turn|p1a: Salamence
|-resisted|p1a: Salamence
|-damage|p1a: Salamence|67/100
|
|t:|1664734033
|switch|p2a: Chansey|Chansey, F|100/100|[from]move: U-turn
|-damage|p2a: Chansey|88/100|[from] Stealth Rock
|
|upkeep
|turn|28
|
|t:|1664734043
|switch|p1a: Primarina|Primarina, F|62/100
|-damage|p1a: Primarina|50/100|[from] Stealth Rock
|move|p2a: Chansey|Toxic|p1a: Primarina
|-status|p1a: Primarina|tox
|
|-heal|p1a: Primarina|56/100 tox|[from] item: Leftovers
|-damage|p1a: Primarina|50/100 tox|[from] psn
|upkeep
|turn|29
|
|t:|1664734047
|move|p1a: Primarina|Rest|p1a: Primarina
|-status|p1a: Primarina|slp|[from] move: Rest
|-heal|p1a: Primarina|100/100 slp|[silent]
|move|p2a: Chansey|Seismic Toss|p1a: Primarina
|-damage|p1a: Primarina|73/100 slp
|
|-heal|p1a: Primarina|79/100 slp|[from] item: Leftovers
|upkeep
|turn|30
|
|t:|1664734052
|cant|p1a: Primarina|slp
|move|p1a: Primarina|Sleep Talk|p1a: Primarina
|move|p1a: Primarina|Rest||[from]move: Sleep Talk|[still]
|-fail|p1a: Primarina
|move|p2a: Chansey|Seismic Toss|p1a: Primarina
|-damage|p1a: Primarina|52/100 slp
|
|-heal|p1a: Primarina|58/100 slp|[from] item: Leftovers
|upkeep
|turn|31
|
|t:|1664734058
|cant|p1a: Primarina|slp
|move|p1a: Primarina|Sleep Talk|p1a: Primarina
|move|p1a: Primarina|Rest||[from]move: Sleep Talk|[still]
|-fail|p1a: Primarina
|move|p2a: Chansey|Seismic Toss|p1a: Primarina
|-damage|p1a: Primarina|30/100 slp
|
|-heal|p1a: Primarina|36/100 slp|[from] item: Leftovers
|upkeep
|turn|32
|
|t:|1664734064
|switch|p2a: Golurk|Golurk|24/100
|-damage|p2a: Golurk|18/100|[from] Stealth Rock
|-curestatus|p1a: Primarina|slp|[msg]
|move|p1a: Primarina|Scald|p2a: Golurk
|-supereffective|p2a: Golurk
|-damage|p2a: Golurk|0 fnt
|faint|p2a: Golurk
|
|-heal|p1a: Primarina|42/100|[from] item: Leftovers
|upkeep
|
|t:|1664734068
|switch|p2a: Zarude|Zarude|70/100 tox
|-damage|p2a: Zarude|58/100 tox|[from] Stealth Rock
|turn|33
|
|t:|1664734074
|switch|p1a: Salamence|Salamence, M|67/100
|-ability|p1a: Salamence|Intimidate|boost
|-unboost|p2a: Zarude|atk|1
|move|p2a: Zarude|U-turn|p1a: Salamence
|-resisted|p1a: Salamence
|-damage|p1a: Salamence|61/100
|
|t:|1664734077
|switch|p2a: Chansey|Chansey, F|88/100|[from]move: U-turn
|-damage|p2a: Chansey|75/100|[from] Stealth Rock
|
|upkeep
|turn|34
|
|t:|1664734085
|switch|p1a: Primarina|Primarina, F|42/100
|-damage|p1a: Primarina|30/100|[from] Stealth Rock
|move|p2a: Chansey|Toxic|p1a: Primarina
|-status|p1a: Primarina|tox
|
|-heal|p1a: Primarina|36/100 tox|[from] item: Leftovers
|-damage|p1a: Primarina|30/100 tox|[from] psn
|upkeep
|turn|35
|
|t:|1664734098
|move|p1a: Primarina|Rest|p1a: Primarina
|-status|p1a: Primarina|slp|[from] move: Rest
|-heal|p1a: Primarina|100/100 slp|[silent]
|move|p2a: Chansey|Stealth Rock||[still]
|-fail|p2a: Chansey
|
|upkeep
|turn|36
|
|t:|1664734102
|cant|p1a: Primarina|slp
|move|p1a: Primarina|Sleep Talk|p1a: Primarina
|move|p1a: Primarina|Rest||[from]move: Sleep Talk|[still]
|-fail|p1a: Primarina
|move|p2a: Chansey|Stealth Rock||[still]
|-fail|p2a: Chansey
|
|upkeep
|turn|37
|j| Oreotrague★✿
|
|t:|1664734107
|cant|p1a: Primarina|slp
|move|p1a: Primarina|Sleep Talk|p1a: Primarina
|move|p1a: Primarina|Scald|p2a: Chansey|[from]move: Sleep Talk
|-damage|p2a: Chansey|65/100
|move|p2a: Chansey|Stealth Rock||[still]
|-fail|p2a: Chansey
|
|upkeep
|turn|38
|
|t:|1664734116
|-curestatus|p1a: Primarina|slp|[msg]
|move|p1a: Primarina|Scald|p2a: Chansey
|-damage|p2a: Chansey|55/100
|move|p2a: Chansey|Soft-Boiled|p2a: Chansey
|-heal|p2a: Chansey|100/100
|
|upkeep
|turn|39
|
|t:|1664734122
|move|p1a: Primarina|Scald|p2a: Chansey
|-damage|p2a: Chansey|90/100
|move|p2a: Chansey|Stealth Rock||[still]
|-fail|p2a: Chansey
|
|upkeep
|turn|40
|
|t:|1664734125
|move|p1a: Primarina|Scald|p2a: Chansey
|-damage|p2a: Chansey|80/100
|-status|p2a: Chansey|brn
|move|p2a: Chansey|Stealth Rock||[still]
|-fail|p2a: Chansey
|
|-damage|p2a: Chansey|74/100 brn|[from] brn
|upkeep
|turn|41
|
|t:|1664734131
|move|p1a: Primarina|Moonblast|p2a: Chansey
|-damage|p2a: Chansey|62/100 brn
|-unboost|p2a: Chansey|spa|1
|move|p2a: Chansey|Stealth Rock||[still]
|-fail|p2a: Chansey
|
|-damage|p2a: Chansey|55/100 brn|[from] brn
|upkeep
|turn|42
|
|t:|1664734139
|switch|p1a: Azelf|Azelf|88/100
|-damage|p1a: Azelf|76/100|[from] Stealth Rock
|move|p2a: Chansey|Soft-Boiled|p2a: Chansey
|-heal|p2a: Chansey|100/100 brn
|
|-damage|p2a: Chansey|94/100 brn|[from] brn
|upkeep
|turn|43
|
|t:|1664734148
|move|p1a: Azelf|Nasty Plot|p1a: Azelf
|-boost|p1a: Azelf|spa|2
|move|p2a: Chansey|Toxic|p1a: Azelf
|-status|p1a: Azelf|tox
|
|-damage|p1a: Azelf|70/100 tox|[from] psn
|-damage|p2a: Chansey|88/100 brn|[from] brn
|upkeep
|turn|44
|
|t:|1664734155
|-curestatus|p2a: Chansey|brn|[from] ability: Natural Cure
|switch|p2a: Salamence|Salamence, M|31/100
|-ability|p2a: Salamence|Intimidate|boost
|-unboost|p1a: Azelf|atk|1
|move|p1a: Azelf|Psyshock|p2a: Salamence
|-damage|p2a: Salamence|0 fnt
|faint|p2a: Salamence
|
|-damage|p1a: Azelf|57/100 tox|[from] psn
|upkeep
|
|t:|1664734167
|switch|p2a: Zarude|Zarude|58/100 tox
|-damage|p2a: Zarude|46/100 tox|[from] Stealth Rock
|turn|45
|l| Jeza.p
|
|t:|1664734182
|switch|p1a: Salamence|Salamence, M|61/100
|-ability|p1a: Salamence|Intimidate|boost
|-unboost|p2a: Zarude|atk|1
|move|p2a: Zarude|U-turn|p1a: Salamence
|-resisted|p1a: Salamence
|-damage|p1a: Salamence|55/100
|
|t:|1664734188
|switch|p2a: Chansey|Chansey, F|88/100|[from]move: U-turn
|-damage|p2a: Chansey|75/100|[from] Stealth Rock
|
|upkeep
|turn|46
|
|t:|1664734198
|switch|p1a: Primarina|Primarina, F|100/100
|-damage|p1a: Primarina|88/100|[from] Stealth Rock
|move|p2a: Chansey|Toxic|p1a: Primarina
|-status|p1a: Primarina|tox
|
|-heal|p1a: Primarina|94/100 tox|[from] item: Leftovers
|-damage|p1a: Primarina|88/100 tox|[from] psn
|upkeep
|turn|47
|
|t:|1664734203
|move|p1a: Primarina|Rest|p1a: Primarina
|-status|p1a: Primarina|slp|[from] move: Rest
|-heal|p1a: Primarina|100/100 slp|[silent]
|move|p2a: Chansey|Stealth Rock||[still]
|-fail|p2a: Chansey
|
|upkeep
|turn|48
|
|t:|1664734205
|cant|p1a: Primarina|slp
|move|p1a: Primarina|Sleep Talk|p1a: Primarina
|move|p1a: Primarina|Rest||[from]move: Sleep Talk|[still]
|-fail|p1a: Primarina
|move|p2a: Chansey|Stealth Rock||[still]
|-fail|p2a: Chansey
|
|upkeep
|turn|49
|
|t:|1664734211
|cant|p1a: Primarina|slp
|move|p1a: Primarina|Sleep Talk|p1a: Primarina
|move|p1a: Primarina|Rest||[from]move: Sleep Talk|[still]
|-fail|p1a: Primarina
|move|p2a: Chansey|Stealth Rock||[still]
|-fail|p2a: Chansey
|
|upkeep
|turn|50
|
|t:|1664734216
|switch|p2a: Zarude|Zarude|46/100 tox
|-damage|p2a: Zarude|33/100 tox|[from] Stealth Rock
|-curestatus|p1a: Primarina|slp|[msg]
|move|p1a: Primarina|Scald|p2a: Zarude
|-resisted|p2a: Zarude
|-damage|p2a: Zarude|15/100 tox
|
|-damage|p2a: Zarude|9/100 tox|[from] psn
|upkeep
|turn|51
|j| Jeza.p
|
|t:|1664734259
|switch|p1a: Salamence|Salamence, M|55/100
|-ability|p1a: Salamence|Intimidate|boost
|-unboost|p2a: Zarude|atk|1
|move|p2a: Zarude|Jungle Healing|p2a: Zarude
|-heal|p2a: Zarude|34/100 tox
|-curestatus|p2a: Zarude|tox|[msg]
|
|upkeep
|turn|52
|
|t:|1664734272
|switch|p2a: Chansey|Chansey, F|75/100
|-damage|p2a: Chansey|63/100|[from] Stealth Rock
|move|p1a: Salamence|Dual Wingbeat|p2a: Chansey
|-damage|p2a: Chansey|51/100
|-damage|p2a: Chansey|38/100
|-hitcount|p2a: Chansey|2
|
|upkeep
|turn|53
|
|t:|1664734278
|switch|p1a: Swampert|Swampert, M|100/100
|-damage|p1a: Swampert|94/100|[from] Stealth Rock
|move|p2a: Chansey|Soft-Boiled|p2a: Chansey
|-heal|p2a: Chansey|88/100
|
|-heal|p1a: Swampert|100/100|[from] item: Leftovers
|upkeep
|turn|54
|
|t:|1664734282
|switch|p2a: Zarude|Zarude|34/100
|-damage|p2a: Zarude|22/100|[from] Stealth Rock
|move|p1a: Swampert|Toxic|p2a: Zarude
|-status|p2a: Zarude|tox
|
|-damage|p2a: Zarude|16/100 tox|[from] psn
|upkeep
|turn|55
|
|t:|1664734291
|switch|p1a: Zarude|Zarude|48/100
|-damage|p1a: Zarude|36/100|[from] Stealth Rock
|move|p2a: Zarude|Jungle Healing|p2a: Zarude
|-heal|p2a: Zarude|41/100 tox
|-curestatus|p2a: Zarude|tox|[msg]
|
|upkeep
|turn|56
|
|t:|1664734297
|switch|p2a: Cobalion|Cobalion|100/100
|-damage|p2a: Cobalion|97/100|[from] Stealth Rock
|move|p1a: Zarude|Close Combat|p2a: Cobalion
|-supereffective|p2a: Cobalion
|-damage|p2a: Cobalion|31/100
|-unboost|p1a: Zarude|def|1
|-unboost|p1a: Zarude|spd|1
|
|-heal|p2a: Cobalion|37/100|[from] item: Leftovers
|upkeep
|turn|57
|
|t:|1664734307
|move|p1a: Zarude|Close Combat|p2a: Cobalion
|-supereffective|p2a: Cobalion
|-damage|p2a: Cobalion|0 fnt
|-unboost|p1a: Zarude|def|1
|-unboost|p1a: Zarude|spd|1
|faint|p2a: Cobalion
|
|upkeep
|
|t:|1664734309
|switch|p2a: Zarude|Zarude|41/100
|-damage|p2a: Zarude|29/100|[from] Stealth Rock
|turn|58
|
|t:|1664734315
|switch|p1a: Salamence|Salamence, M|55/100
|-ability|p1a: Salamence|Intimidate|boost
|-unboost|p2a: Zarude|atk|1
|move|p2a: Zarude|U-turn|p1a: Salamence
|-resisted|p1a: Salamence
|-damage|p1a: Salamence|50/100
|
|t:|1664734317
|switch|p2a: Chansey|Chansey, F|88/100|[from]move: U-turn
|-damage|p2a: Chansey|76/100|[from] Stealth Rock
|
|upkeep
|turn|59
|
|t:|1664734321
|move|p1a: Salamence|Roost|p1a: Salamence
|-heal|p1a: Salamence|99/100
|-singleturn|p1a: Salamence|move: Roost
|move|p2a: Chansey|Toxic|p1a: Salamence
|-status|p1a: Salamence|tox
|
|-damage|p1a: Salamence|94/100 tox|[from] psn
|upkeep
|turn|60
|
|t:|1664734329
|switch|p1a: Swampert|Swampert, M|100/100
|-damage|p1a: Swampert|94/100|[from] Stealth Rock
|move|p2a: Chansey|Seismic Toss|p1a: Swampert
|-damage|p1a: Swampert|70/100
|
|-heal|p1a: Swampert|76/100|[from] item: Leftovers
|upkeep
|turn|61
|
|t:|1664734333
|switch|p2a: Zarude|Zarude|29/100
|-damage|p2a: Zarude|17/100|[from] Stealth Rock
|move|p1a: Swampert|Toxic|p2a: Zarude
|-status|p2a: Zarude|tox
|
|-heal|p1a: Swampert|82/100|[from] item: Leftovers
|-damage|p2a: Zarude|11/100 tox|[from] psn
|upkeep
|turn|62
|
|t:|1664734360
|switch|p1a: Azelf|Azelf|57/100 tox
|-damage|p1a: Azelf|45/100 tox|[from] Stealth Rock
|move|p2a: Zarude|Jungle Healing|p2a: Zarude
|-heal|p2a: Zarude|36/100 tox
|-curestatus|p2a: Zarude|tox|[msg]
|
|-damage|p1a: Azelf|39/100 tox|[from] psn
|upkeep
|turn|63
|
|t:|1664734376
|move|p2a: Zarude|Jungle Healing|p2a: Zarude
|-heal|p2a: Zarude|61/100
|move|p1a: Azelf|Nasty Plot|p1a: Azelf
|-boost|p1a: Azelf|spa|2
|
|-damage|p1a: Azelf|26/100 tox|[from] psn
|upkeep
|turn|64
|
|t:|1664734381
|switch|p2a: Chansey|Chansey, F|76/100
|-damage|p2a: Chansey|63/100|[from] Stealth Rock
|move|p1a: Azelf|Fire Blast|p2a: Chansey
|-damage|p2a: Chansey|39/100
|
|-damage|p1a: Azelf|8/100 tox|[from] psn
|upkeep
|turn|65
|
|t:|1664734387
|switch|p2a: Zarude|Zarude|61/100
|-damage|p2a: Zarude|49/100|[from] Stealth Rock
|move|p1a: Azelf|Psyshock|p2a: Zarude
|-immune|p2a: Zarude
|
|-damage|p1a: Azelf|0 fnt|[from] psn
|faint|p1a: Azelf
|upkeep
|
|t:|1664734392
|switch|p1a: Salamence|Salamence, M|94/100 tox
|-ability|p1a: Salamence|Intimidate|boost
|-unboost|p2a: Zarude|atk|1
|turn|66
|
|t:|1664734394
|move|p2a: Zarude|Darkest Lariat|p1a: Salamence
|-damage|p1a: Salamence|73/100 tox
|move|p1a: Salamence|Dual Wingbeat|p2a: Zarude
|-supereffective|p2a: Zarude
|-damage|p2a: Zarude|16/100
|-supereffective|p2a: Zarude
|-damage|p2a: Zarude|0 fnt
|faint|p2a: Zarude
|-hitcount|p2: Zarude|2
|
|-damage|p1a: Salamence|67/100 tox|[from] psn
|upkeep
|
|t:|1664734396
|switch|p2a: Chansey|Chansey, F|39/100
|-damage|p2a: Chansey|26/100|[from] Stealth Rock
|turn|67
|
|t:|1664734399
|switch|p1a: Swampert|Swampert, M|82/100
|-damage|p1a: Swampert|76/100|[from] Stealth Rock
|move|p2a: Chansey|Soft-Boiled|p2a: Chansey
|-heal|p2a: Chansey|76/100
|
|-heal|p1a: Swampert|82/100|[from] item: Leftovers
|upkeep
|turn|68
|
|t:|1664734402
|move|p1a: Swampert|Toxic|p2a: Chansey
|-status|p2a: Chansey|tox
|move|p2a: Chansey|Toxic|p1a: Swampert
|-status|p1a: Swampert|tox
|
|-heal|p1a: Swampert|88/100 tox|[from] item: Leftovers
|-damage|p1a: Swampert|82/100 tox|[from] psn
|-damage|p2a: Chansey|70/100 tox|[from] psn
|upkeep
|turn|69
|
|t:|1664734405
|move|p1a: Swampert|Earthquake|p2a: Chansey
|-damage|p2a: Chansey|45/100 tox
|move|p2a: Chansey|Seismic Toss|p1a: Swampert
|-damage|p1a: Swampert|57/100 tox
|
|-heal|p1a: Swampert|63/100 tox|[from] item: Leftovers
|-damage|p1a: Swampert|51/100 tox|[from] psn
|-damage|p2a: Chansey|33/100 tox|[from] psn
|upkeep
|turn|70
|c|☆Meracx|gg
|c|☆haxlolo|gg
|
|t:|1664734419
|move|p1a: Swampert|Earthquake|p2a: Chansey
|-damage|p2a: Chansey|9/100 tox
|move|p2a: Chansey|Seismic Toss|p1a: Swampert
|-damage|p1a: Swampert|26/100 tox
|
|-heal|p1a: Swampert|32/100 tox|[from] item: Leftovers
|-damage|p1a: Swampert|14/100 tox|[from] psn
|-damage|p2a: Chansey|0 fnt|[from] psn
|faint|p2a: Chansey
|
|win|Meracx
|upkeep
|l|☆haxlolo
