|j|☆akazel
|j|☆Corporate Donkey
|t:|1666109278
|gametype|singles
|player|p1|akazel|265|1268
|player|p2|Corporate Donkey|ingo|1476
|teamsize|p1|6
|teamsize|p2|6
|gen|8
|tier|[Gen 8] UU
|rated|
|rule|Sleep Clause Mod: Limit one foe put to sleep
|rule|Species Clause: Limit one of each Pokémon
|rule|OHKO Clause: OHKO moves are banned
|rule|Evasion Items Clause: Evasion items are banned
|rule|Evasion Moves Clause: Evasion moves are banned
|rule|Endless Battle Clause: Forcing endless battles is banned
|rule|HP Percentage Mod: HP is shown in percentages
|rule|Dynamax Clause: You cannot dynamax
|clearpoke
|poke|p1|Scizor, F|
|poke|p1|Crawdaunt, M|
|poke|p1|Amoonguss, M|
|poke|p1|Hippowdon, M|
|poke|p1|Nihilego|
|poke|p1|Thundurus-Therian, M|
|poke|p2|Nihilego|
|poke|p2|Excadrill, M|
|poke|p2|Hydreigon, M|
|poke|p2|Primarina, F|
|poke|p2|Scizor, M|
|poke|p2|Tangrowth, M|
|teampreview
|inactive|Battle timer is ON: inactive players will automatically lose when time's up. (requested by akazel)
|c|☆Corporate Donkey|gl hf
|
|t:|1666109301
|start
|switch|p1a: Amoonguss|Amoonguss, M|100/100
|switch|p2a: Noodle|Nihilego|100/100
|turn|1
|
|t:|1666109309
|move|p2a: Noodle|Stealth Rock|p1a: Amoonguss
|-sidestart|p1: akazel|move: Stealth Rock
|move|p1a: Amoonguss|Giga Drain|p2a: Noodle
|-damage|p2a: Noodle|85/100
|
|-heal|p2a: Noodle|92/100|[from] item: Black Sludge
|upkeep
|turn|2
|
|t:|1666109318
|switch|p2a: Boyardee|Tangrowth, M|100/100
|move|p1a: Amoonguss|Spore|p2a: Boyardee
|-immune|p2a: Boyardee
|
|upkeep
|turn|3
|
|t:|1666109321
|move|p2a: Boyardee|Knock Off|p1a: Amoonguss
|-crit|p1a: Amoonguss
|-damage|p1a: Amoonguss|75/100
|-damage|p2a: Boyardee|84/100|[from] item: Rocky Helmet|[of] p1a: Amoonguss
|-enditem|p1a: Amoonguss|Rocky Helmet|[from] move: Knock Off|[of] p2a: Boyardee
|move|p1a: Amoonguss|Sludge Bomb|p2a: Boyardee
|-supereffective|p2a: Boyardee
|-damage|p2a: Boyardee|40/100
|
|upkeep
|turn|4
|
|t:|1666109337
|switch|p2a: Slash|Scizor, M|100/100
|switch|p1a: Thundurus|Thundurus-Therian, M|100/100
|
|upkeep
|turn|5
|
|t:|1666109345
|switch|p2a: Noodle|Nihilego|92/100
|move|p1a: Thundurus|Defog|p2a: Noodle
|-unboost|p2a: Noodle|evasion|1
|-sideend|p1: akazel|Stealth Rock|[from] move: Defog|[of] p1a: Thundurus
|
|-heal|p2a: Noodle|98/100|[from] item: Black Sludge
|upkeep
|turn|6
|
|t:|1666109354
|switch|p1a: Hippowdon|Hippowdon, M|100/100
|-weather|Sandstorm|[from] ability: Sand Stream|[of] p1a: Hippowdon
|move|p2a: Noodle|Grass Knot|p1a: Hippowdon
|-supereffective|p1a: Hippowdon
|-damage|p1a: Hippowdon|36/100
|
|-weather|Sandstorm|[upkeep]
|-heal|p2a: Noodle|100/100|[from] item: Black Sludge
|-heal|p1a: Hippowdon|42/100|[from] item: Leftovers
|upkeep
|turn|7
|
|t:|1666109360
|switch|p1a: Scizor|Scizor, F, shiny|100/100
|move|p2a: Noodle|Grass Knot|p1a: Scizor
|-resisted|p1a: Scizor
|-damage|p1a: Scizor|90/100
|
|-weather|Sandstorm|[upkeep]
|upkeep
|turn|8
|
|t:|1666109367
|switch|p2a: Slash|Scizor, M|100/100
|move|p1a: Scizor|U-turn|p2a: Slash
|-resisted|p2a: Slash
|-damage|p2a: Slash|75/100
|
|t:|1666109377
|switch|p1a: Amoonguss|Amoonguss, M|100/100|[from]move: U-turn
|
|-weather|Sandstorm|[upkeep]
|-damage|p1a: Amoonguss|94/100|[from] Sandstorm
|upkeep
|turn|9
|
|t:|1666109384
|move|p2a: Slash|U-turn|p1a: Amoonguss
|-damage|p1a: Amoonguss|68/100
|
|t:|1666109386
|switch|p2a: Boyardee|Tangrowth, M|74/100|[from]move: U-turn
|move|p1a: Amoonguss|Foul Play|p2a: Boyardee
|-crit|p2a: Boyardee
|-damage|p2a: Boyardee|55/100
|
|-weather|Sandstorm|[upkeep]
|-damage|p2a: Boyardee|49/100|[from] Sandstorm
|-damage|p1a: Amoonguss|61/100|[from] Sandstorm
|upkeep
|turn|10
|
|t:|1666109394
|switch|p2a: Noodle|Nihilego|100/100
|move|p1a: Amoonguss|Sludge Bomb|p2a: Noodle
|-resisted|p2a: Noodle
|-damage|p2a: Noodle|98/100
|
|-weather|none
|-heal|p2a: Noodle|100/100|[from] item: Black Sludge
|upkeep
|turn|11
|
|t:|1666109403
|switch|p1a: Thundurus|Thundurus-Therian, M|100/100
|move|p2a: Noodle|Stealth Rock|p1a: Thundurus
|-sidestart|p1: akazel|move: Stealth Rock
|
|upkeep
|turn|12
|
|t:|1666109408
|move|p2a: Noodle|Power Gem|p1a: Thundurus
|-supereffective|p1a: Thundurus
|-damage|p1a: Thundurus|0 fnt
|faint|p1a: Thundurus
|-ability|p2a: Noodle|Beast Boost|boost
|-boost|p2a: Noodle|spe|1
|
|upkeep
|
|t:|1666109413
|switch|p1a: Scizor|Scizor, F, shiny|90/100
|-damage|p1a: Scizor|78/100|[from] Stealth Rock
|turn|13
|
|t:|1666109423
|switch|p2a: Rivet|Excadrill, M|100/100
|-ability|p2a: Rivet|Mold Breaker
|move|p1a: Scizor|Bullet Punch|p2a: Rivet
|-resisted|p2a: Rivet
|-damage|p2a: Rivet|66/100
|
|-heal|p2a: Rivet|73/100|[from] item: Leftovers
|upkeep
|turn|14
|
|t:|1666109432
|switch|p1a: Crawdaunt|Crawdaunt, M|100/100
|-damage|p1a: Crawdaunt|88/100|[from] Stealth Rock
|move|p2a: Rivet|Earthquake|p1a: Crawdaunt
|-damage|p1a: Crawdaunt|27/100
|
|-heal|p2a: Rivet|79/100|[from] item: Leftovers
|upkeep
|turn|15
|
|t:|1666109440
|switch|p2a: Ricardo|Hydreigon, M|100/100
|move|p1a: Crawdaunt|Aqua Jet|p2a: Ricardo
|-resisted|p2a: Ricardo
|-damage|p2a: Ricardo|76/100
|
|upkeep
|turn|16
|
|t:|1666109444
|move|p1a: Crawdaunt|Aqua Jet|p2a: Ricardo
|-resisted|p2a: Ricardo
|-damage|p2a: Ricardo|52/100
|move|p2a: Ricardo|U-turn|p1a: Crawdaunt
|-supereffective|p1a: Crawdaunt
|-damage|p1a: Crawdaunt|0 fnt
|faint|p1a: Crawdaunt
|
|t:|1666109449
|switch|p2a: Sirena|Primarina, F|100/100|[from]move: U-turn
|
|upkeep
|
|t:|1666109452
|switch|p1a: Nihilego|Nihilego|100/100
|-damage|p1a: Nihilego|88/100|[from] Stealth Rock
|turn|17
|
|t:|1666109459
|switch|p2a: Rivet|Excadrill, M|79/100
|-ability|p2a: Rivet|Mold Breaker
|move|p1a: Nihilego|Sludge Wave|p2a: Rivet
|-immune|p2a: Rivet
|
|-heal|p2a: Rivet|85/100|[from] item: Leftovers
|upkeep
|turn|18
|-message|akazel forfeited.
|
|win|Corporate Donkey
|raw|akazel's rating: 1268 &rarr; <strong>1256</strong><br />(-12 for losing)
|raw|Corporate Donkey's rating: 1476 &rarr; <strong>1485</strong><br />(+9 for winning)
|l|☆akazel
||Ladder isn't responding, score probably updated but might not have (Request timeout).
