|j|☆TheZilla07
|j|☆froy 18
|t:|1653069146
|gametype|singles
|player|p1|TheZilla07|brawly|1300
|player|p2|froy 18|169|1321
|teamsize|p1|6
|teamsize|p2|6
|gen|8
|tier|[Gen 8] UU
|rated|
|rule|Sleep Clause Mod: Limit one foe put to sleep
|rule|Species Clause: Limit one of each Pokémon
|rule|OHKO Clause: OHKO moves are banned
|rule|Evasion Moves Clause: Evasion moves are banned
|rule|Endless Battle Clause: Forcing endless battles is banned
|rule|HP Percentage Mod: HP is shown in percentages
|rule|Dynamax Clause: You cannot dynamax
|clearpoke
|poke|p1|Aegislash, M|
|poke|p1|Mamoswine, F|
|poke|p1|Slowking, F|
|poke|p1|Darmanitan, M|
|poke|p1|Conkeldurr, F|
|poke|p1|Hydreigon, M|
|poke|p2|Primarina, F|
|poke|p2|Hatterene, F|
|poke|p2|Zygarde-10%|
|poke|p2|Obstagoon, F|
|poke|p2|Celesteela|
|poke|p2|Mamoswine, M|
|teampreview
|c|☆TheZilla07|glhf
|
|t:|1653069157
|start
|switch|p1a: The GOAT|Mamoswine, F|100/100
|switch|p2a: Obstagoon|Obstagoon, F|100/100
|turn|1
|
|t:|1653069165
|move|p2a: Obstagoon|Switcheroo|p1a: The GOAT
|-activate|p2a: Obstagoon|move: Trick|[of] p1a: The GOAT
|-item|p1a: The GOAT|Flame Orb|[from] move: Switcheroo
|-item|p2a: Obstagoon|Focus Sash|[from] move: Switcheroo
|move|p1a: The GOAT|Stealth Rock|p2a: Obstagoon
|-sidestart|p2: froy 18|move: Stealth Rock
|
|-status|p1a: The GOAT|brn|[from] item: Flame Orb
|upkeep
|turn|2
|
|t:|1653069183
|switch|p1a: 🤡|Conkeldurr, F|100/100
|move|p2a: Obstagoon|Bulk Up|p2a: Obstagoon
|-boost|p2a: Obstagoon|atk|1
|-boost|p2a: Obstagoon|def|1
|
|-status|p1a: 🤡|brn|[from] item: Flame Orb
|upkeep
|turn|3
|
|t:|1653069191
|move|p2a: Obstagoon|Facade|p1a: 🤡
|-damage|p1a: 🤡|67/100 brn
|move|p1a: 🤡|Drain Punch|p2a: Obstagoon
|-supereffective|p2a: Obstagoon
|-enditem|p2a: Obstagoon|Focus Sash
|-damage|p2a: Obstagoon|1/100
|-heal|p1a: 🤡|100/100 brn|[from] drain|[of] p2a: Obstagoon
|
|-damage|p1a: 🤡|94/100 brn|[from] brn
|upkeep
|turn|4
|
|t:|1653069196
|move|p1a: 🤡|Mach Punch|p2a: Obstagoon
|-supereffective|p2a: Obstagoon
|-damage|p2a: Obstagoon|0 fnt
|faint|p2a: Obstagoon
|
|-damage|p1a: 🤡|88/100 brn|[from] brn
|upkeep
|
|t:|1653069203
|switch|p2a: Hatterene|Hatterene, F|100/100
|-damage|p2a: Hatterene|88/100|[from] Stealth Rock
|turn|5
|
|t:|1653069207
|switch|p1a: SS UU|Aegislash, M|100/100
|move|p2a: Hatterene|Draining Kiss|p1a: SS UU
|-resisted|p1a: SS UU
|-damage|p1a: SS UU|91/100
|-heal|p2a: Hatterene|95/100|[from] drain|[of] p1a: SS UU
|
|-heal|p1a: SS UU|97/100|[from] item: Leftovers
|-heal|p2a: Hatterene|100/100|[from] item: Leftovers
|upkeep
|turn|6
|
|t:|1653069214
|-formechange|p1a: SS UU|Aegislash-Blade||[from] ability: Stance Change
|move|p1a: SS UU|Flash Cannon|p2a: Hatterene
|-supereffective|p2a: Hatterene
|-damage|p2a: Hatterene|0 fnt
|faint|p2a: Hatterene
|
|-heal|p1a: SS UU|100/100|[from] item: Leftovers
|upkeep
|
|t:|1653069222
|switch|p2a: Zygarde|Zygarde-10%|100/100
|-damage|p2a: Zygarde|94/100|[from] Stealth Rock
|-ability|p2a: Zygarde|Aura Break
|turn|7
|
|t:|1653069227
|-formechange|p1a: SS UU|Aegislash||[from] ability: Stance Change
|move|p1a: SS UU|King's Shield|p1a: SS UU
|-singleturn|p1a: SS UU|Protect
|move|p2a: Zygarde|Glare|p1a: SS UU
|-status|p1a: SS UU|par
|
|upkeep
|turn|8
|
|t:|1653069232
|move|p2a: Zygarde|Dragon Dance|p2a: Zygarde
|-boost|p2a: Zygarde|atk|1
|-boost|p2a: Zygarde|spe|1
|-formechange|p1a: SS UU|Aegislash-Blade||[from] ability: Stance Change
|move|p1a: SS UU|Shadow Ball|p2a: Zygarde
|-damage|p2a: Zygarde|19/100
|
|upkeep
|turn|9
|
|t:|1653069236
|switch|p1a: The GOAT|Mamoswine, F|100/100 brn
|move|p2a: Zygarde|Thousand Arrows|p1a: The GOAT
|-damage|p1a: The GOAT|31/100 brn
|
|-damage|p1a: The GOAT|25/100 brn|[from] brn
|upkeep
|turn|10
|
|t:|1653069242
|move|p1a: The GOAT|Ice Shard|p2a: Zygarde
|-supereffective|p2a: Zygarde
|-damage|p2a: Zygarde|0 fnt
|faint|p2a: Zygarde
|
|-damage|p1a: The GOAT|19/100 brn|[from] brn
|upkeep
|
|t:|1653069246
|switch|p2a: Celesteela|Celesteela|100/100
|-damage|p2a: Celesteela|88/100|[from] Stealth Rock
|turn|11
|
|t:|1653069250
|switch|p1a: Duhhhhhhhh|Slowking, F|100/100
|move|p2a: Celesteela|Iron Defense|p2a: Celesteela
|-boost|p2a: Celesteela|def|2
|
|-heal|p2a: Celesteela|94/100|[from] item: Leftovers
|upkeep
|turn|12
|
|t:|1653069254
|move|p2a: Celesteela|Leech Seed|p1a: Duhhhhhhhh
|-start|p1a: Duhhhhhhhh|move: Leech Seed
|move|p1a: Duhhhhhhhh|Teleport|p1a: Duhhhhhhhh
|
|t:|1653069256
|switch|p1a: Muda Muda|Darmanitan, M|100/100|[from]move: Teleport
|
|-heal|p2a: Celesteela|99/100|[from] item: Leftovers
|upkeep
|turn|13
|
|t:|1653069260
|move|p1a: Muda Muda|Flare Blitz|p2a: Celesteela
|-supereffective|p2a: Celesteela
|-damage|p2a: Celesteela|26/100
|-damage|p1a: Muda Muda|73/100|[from] Recoil
|move|p2a: Celesteela|Leech Seed|p1a: Muda Muda
|-start|p1a: Muda Muda|move: Leech Seed
|
|-heal|p2a: Celesteela|32/100|[from] item: Leftovers
|-damage|p1a: Muda Muda|60/100|[from] Leech Seed|[of] p2a: Celesteela
|-heal|p2a: Celesteela|43/100|[silent]
|upkeep
|turn|14
|
|t:|1653069265
|switch|p2a: Primarina|Primarina, F|100/100
|-damage|p2a: Primarina|88/100|[from] Stealth Rock
|move|p1a: Muda Muda|Flare Blitz|p2a: Primarina
|-resisted|p2a: Primarina
|-damage|p2a: Primarina|42/100
|-damage|p1a: Muda Muda|45/100|[from] Recoil
|
|-heal|p2a: Primarina|48/100|[from] item: Leftovers
|-damage|p1a: Muda Muda|32/100|[from] Leech Seed|[of] p2a: Primarina
|-heal|p2a: Primarina|60/100|[silent]
|upkeep
|turn|15
|
|t:|1653069269
|switch|p1a: Duhhhhhhhh|Slowking, F|100/100
|move|p2a: Primarina|Calm Mind|p2a: Primarina
|-boost|p2a: Primarina|spa|1
|-boost|p2a: Primarina|spd|1
|
|-heal|p2a: Primarina|66/100|[from] item: Leftovers
|upkeep
|turn|16
|
|t:|1653069278
|move|p2a: Primarina|Moonblast|p1a: Duhhhhhhhh
|-damage|p1a: Duhhhhhhhh|55/100
|move|p1a: Duhhhhhhhh|Teleport|p1a: Duhhhhhhhh
|
|t:|1653069284
|switch|p1a: The GOAT|Mamoswine, F|19/100 brn|[from]move: Teleport
|
|-heal|p2a: Primarina|72/100|[from] item: Leftovers
|-damage|p1a: The GOAT|13/100 brn|[from] brn
|upkeep
|turn|17
|
|t:|1653069288
|move|p1a: The GOAT|Earthquake|p2a: Primarina
|-damage|p2a: Primarina|44/100
|move|p2a: Primarina|Calm Mind|p2a: Primarina
|-boost|p2a: Primarina|spa|1
|-boost|p2a: Primarina|spd|1
|
|-heal|p2a: Primarina|50/100|[from] item: Leftovers
|-damage|p1a: The GOAT|7/100 brn|[from] brn
|upkeep
|turn|18
|
|t:|1653069293
|move|p1a: The GOAT|Earthquake|p2a: Primarina
|-damage|p2a: Primarina|22/100
|move|p2a: Primarina|Moonblast|p1a: The GOAT
|-damage|p1a: The GOAT|0 fnt
|faint|p1a: The GOAT
|
|-heal|p2a: Primarina|28/100|[from] item: Leftovers
|upkeep
|
|t:|1653069301
|switch|p1a: Muda Muda|Darmanitan, M|32/100
|turn|19
|
|t:|1653069307
|move|p1a: Muda Muda|Earthquake|p2a: Primarina
|-damage|p2a: Primarina|0 fnt
|faint|p2a: Primarina
|
|upkeep
|
|t:|1653069313
|switch|p2a: Mamoswine|Mamoswine, M|100/100
|-damage|p2a: Mamoswine|88/100|[from] Stealth Rock
|turn|20
|
|t:|1653069323
|switch|p1a: SS UU|Aegislash, M|100/100 par
|move|p2a: Mamoswine|Icicle Crash|p1a: SS UU
|-resisted|p1a: SS UU
|-damage|p1a: SS UU|79/100 par
|-damage|p2a: Mamoswine|78/100|[from] item: Life Orb
|
|-heal|p1a: SS UU|85/100 par|[from] item: Leftovers
|upkeep
|turn|21
|
|t:|1653069326
|move|p2a: Mamoswine|Earthquake|p1a: SS UU
|-supereffective|p1a: SS UU
|-damage|p1a: SS UU|0 fnt
|faint|p1a: SS UU
|-damage|p2a: Mamoswine|68/100|[from] item: Life Orb
|
|upkeep
|
|t:|1653069329
|switch|p1a: 🤡|Conkeldurr, F|88/100 brn
|turn|22
|
|t:|1653069334
|move|p2a: Mamoswine|Icicle Crash|p1a: 🤡
|-damage|p1a: 🤡|40/100 brn
|-damage|p2a: Mamoswine|58/100|[from] item: Life Orb
|move|p1a: 🤡|Drain Punch|p2a: Mamoswine
|-supereffective|p2a: Mamoswine
|-damage|p2a: Mamoswine|0 fnt
|-heal|p1a: 🤡|65/100 brn|[from] drain|[of] p2a: Mamoswine
|faint|p2a: Mamoswine
|
|-damage|p1a: 🤡|59/100 brn|[from] brn
|upkeep
|
|t:|1653069337
|switch|p2a: Celesteela|Celesteela|43/100
|-damage|p2a: Celesteela|30/100|[from] Stealth Rock
|turn|23
|
|t:|1653069341
|move|p2a: Celesteela|Leech Seed|p1a: 🤡
|-start|p1a: 🤡|move: Leech Seed
|move|p1a: 🤡|Knock Off|p2a: Celesteela
|-damage|p2a: Celesteela|0 fnt
|-enditem|p2a: Celesteela|Leftovers|[from] move: Knock Off|[of] p1a: 🤡
|faint|p2a: Celesteela
|
|win|TheZilla07
|raw|TheZilla07's rating: 1300 &rarr; <strong>1327</strong><br />(+27 for winning)
|raw|froy 18's rating: 1321 &rarr; <strong>1300</strong><br />(-21 for losing)
|l|☆froy 18
|c|☆TheZilla07|gg
||Ladder isn't responding, score probably updated but might not have (Request timeout).
