|j|☆please do not die
|j|☆testPog
|player|p1|please do not die|riley|1582
|player|p2|testPog|cynthia-gen4|1419
|teamsize|p1|6
|teamsize|p2|6
|gametype|singles
|gen|8
|tier|[Gen 8] UU
|rated|
|clearpoke
|poke|p1|Sirfetch'd, F|
|poke|p1|Gengar, M|
|poke|p1|Silvally-*|
|poke|p1|Avalugg, M|
|poke|p1|Hippowdon, M|
|poke|p1|Mantine, F|
|poke|p2|Barraskewda, F|
|poke|p2|Weezing-Galar, F|
|poke|p2|Bronzong|
|poke|p2|Flygon, M|
|poke|p2|Heliolisk, F|
|poke|p2|Umbreon, F|
|rule|Sleep Clause Mod: Limit one foe put to sleep
|rule|Species Clause: Limit one of each Pokémon
|rule|OHKO Clause: OHKO moves are banned
|rule|Evasion Moves Clause: Evasion moves are banned
|rule|Endless Battle Clause: Forcing endless battles is banned
|rule|HP Percentage Mod: HP is shown in percentages
|rule|Dynamax Clause: You cannot dynamax
|teampreview
|j| bnkliuy
|
|start
|switch|p1a: Hippowdon|Hippowdon, M|100/100
|switch|p2a: Flygon|Flygon, M|100/100
|-weather|Sandstorm|[from] ability: Sand Stream|[of] p1a: Hippowdon
|turn|1
|
|move|p2a: Flygon|U-turn|p1a: Hippowdon
|-damage|p1a: Hippowdon|85/100
|
|switch|p2a: Weezing|Weezing-Galar, F|100/100|[from]move: U-turn
|move|p1a: Hippowdon|Stealth Rock|p2a: Weezing
|-sidestart|p2: testPog|move: Stealth Rock
|
|-weather|Sandstorm|[upkeep]
|-damage|p2a: Weezing|94/100|[from] Sandstorm
|-heal|p2a: Weezing|100/100|[from] item: Black Sludge
|-heal|p1a: Hippowdon|91/100|[from] item: Leftovers
|upkeep
|turn|2
|
|switch|p1a: Gengar|Gengar, M|100/100
|move|p2a: Weezing|Toxic Spikes|p1a: Gengar
|-sidestart|p1: please do not die|move: Toxic Spikes
|
|-weather|Sandstorm|[upkeep]
|-damage|p1a: Gengar|94/100|[from] Sandstorm
|-damage|p2a: Weezing|94/100|[from] Sandstorm
|-heal|p1a: Gengar|100/100|[from] item: Black Sludge
|-heal|p2a: Weezing|100/100|[from] item: Black Sludge
|upkeep
|turn|3
|
|switch|p2a: Umbreon|Umbreon, F|100/100
|-damage|p2a: Umbreon|88/100|[from] Stealth Rock
|move|p1a: Gengar|Sludge Wave|p2a: Umbreon
|-damage|p2a: Umbreon|63/100
|
|-weather|Sandstorm|[upkeep]
|-damage|p1a: Gengar|94/100|[from] Sandstorm
|-damage|p2a: Umbreon|57/100|[from] Sandstorm
|-heal|p1a: Gengar|100/100|[from] item: Black Sludge
|-heal|p2a: Umbreon|63/100|[from] item: Leftovers
|upkeep
|turn|4
|
|switch|p1a: Avalugg|Avalugg, M|100/100
|move|p2a: Umbreon|Yawn|p1a: Avalugg
|-start|p1a: Avalugg|move: Yawn|[of] p2a: Umbreon
|
|-weather|Sandstorm|[upkeep]
|-damage|p2a: Umbreon|57/100|[from] Sandstorm
|-damage|p1a: Avalugg|94/100|[from] Sandstorm
|-heal|p2a: Umbreon|63/100|[from] item: Leftovers
|upkeep
|turn|5
|
|switch|p1a: Mantine|Mantine, F|100/100
|move|p2a: Umbreon|Foul Play|p1a: Mantine
|-damage|p1a: Mantine|87/100
|
|-weather|none
|-heal|p2a: Umbreon|69/100|[from] item: Leftovers
|upkeep
|turn|6
|
|switch|p1a: Avalugg|Avalugg, M|94/100
|move|p2a: Umbreon|Yawn|p1a: Avalugg
|-start|p1a: Avalugg|move: Yawn|[of] p2a: Umbreon
|
|-heal|p2a: Umbreon|75/100|[from] item: Leftovers
|upkeep
|turn|7
|
|switch|p2a: Heliolisk|Heliolisk, F|100/100
|-damage|p2a: Heliolisk|88/100|[from] Stealth Rock
|switch|p1a: Mantine|Mantine, F|87/100
|
|upkeep
|turn|8
|
|move|p1a: Mantine|Protect|p1a: Mantine
|-singleturn|p1a: Mantine|Protect
|move|p2a: Heliolisk|Grass Knot|p1a: Mantine
|-activate|p1a: Mantine|move: Protect
|
|upkeep
|turn|9
|
|switch|p1a: Gengar|Gengar, M|100/100
|-sideend|p1: please do not die|move: Toxic Spikes|[of] p1a: Gengar
|move|p2a: Heliolisk|Thunderbolt|p1a: Gengar
|-damage|p1a: Gengar|12/100
|-damage|p2a: Heliolisk|78/100|[from] item: Life Orb
|
|-heal|p1a: Gengar|18/100|[from] item: Black Sludge
|upkeep
|turn|10
|
|switch|p2a: Umbreon|Umbreon, F|75/100
|-damage|p2a: Umbreon|62/100|[from] Stealth Rock
|move|p1a: Gengar|Sludge Wave|p2a: Umbreon
|-damage|p2a: Umbreon|35/100
|
|-heal|p1a: Gengar|24/100|[from] item: Black Sludge
|-heal|p2a: Umbreon|41/100|[from] item: Leftovers
|upkeep
|turn|11
|
|switch|p1a: Sirfetch'd|Sirfetch'd, F|100/100
|move|p2a: Umbreon|Wish|p2a: Umbreon
|
|-heal|p2a: Umbreon|47/100|[from] item: Leftovers
|upkeep
|turn|12
|
|move|p2a: Umbreon|Protect|p2a: Umbreon
|-singleturn|p2a: Umbreon|Protect
|move|p1a: Sirfetch'd|Close Combat|p2a: Umbreon
|-activate|p2a: Umbreon|move: Protect
|
|-heal|p2a: Umbreon|97/100|[from] move: Wish|[wisher] Umbreon
|-heal|p2a: Umbreon|100/100|[from] item: Leftovers
|upkeep
|turn|13
|
|switch|p1a: Gengar|Gengar, M|24/100
|switch|p2a: Weezing|Weezing-Galar, F|100/100
|-damage|p2a: Weezing|88/100|[from] Stealth Rock
|
|-heal|p1a: Gengar|30/100|[from] item: Black Sludge
|-heal|p2a: Weezing|94/100|[from] item: Black Sludge
|upkeep
|turn|14
|
|move|p1a: Gengar|Sludge Wave|p2a: Weezing
|-damage|p2a: Weezing|30/100
|move|p2a: Weezing|Fire Blast|p1a: Gengar
|-damage|p1a: Gengar|0 fnt
|faint|p1a: Gengar
|
|-heal|p2a: Weezing|36/100|[from] item: Black Sludge
|upkeep
|
|switch|p1a: Mantine|Mantine, F|87/100
|turn|15
|
|switch|p2a: Umbreon|Umbreon, F|100/100
|-damage|p2a: Umbreon|88/100|[from] Stealth Rock
|move|p1a: Mantine|Scald|p2a: Umbreon
|-damage|p2a: Umbreon|77/100
|-status|p2a: Umbreon|brn
|-activate|p2a: Umbreon|ability: Synchronize
|-status|p1a: Mantine|brn
|
|-heal|p2a: Umbreon|83/100 brn|[from] item: Leftovers
|-damage|p1a: Mantine|81/100 brn|[from] brn
|-damage|p2a: Umbreon|77/100 brn|[from] brn
|upkeep
|turn|16
|
|switch|p1a: Sirfetch'd|Sirfetch'd, F|100/100
|move|p2a: Umbreon|Wish|p2a: Umbreon
|
|-heal|p2a: Umbreon|83/100 brn|[from] item: Leftovers
|-damage|p2a: Umbreon|77/100 brn|[from] brn
|upkeep
|turn|17
|
|switch|p2a: Weezing|Weezing-Galar, F|36/100
|-damage|p2a: Weezing|24/100|[from] Stealth Rock
|move|p1a: Sirfetch'd|Steel Wing|p2a: Weezing
|-supereffective|p2a: Weezing
|-damage|p2a: Weezing|0 fnt
|faint|p2a: Weezing
|
|upkeep
|
|switch|p2a: Heliolisk|Heliolisk, F|78/100
|-damage|p2a: Heliolisk|66/100|[from] Stealth Rock
|turn|18
|
|switch|p1a: Silvally|Silvally-Dark|100/100
|move|p2a: Heliolisk|Grass Knot|p1a: Silvally
|-damage|p1a: Silvally|72/100
|-damage|p2a: Heliolisk|56/100|[from] item: Life Orb
|
|upkeep
|turn|19
|
|switch|p1a: Hippowdon|Hippowdon, M|91/100
|-weather|Sandstorm|[from] ability: Sand Stream|[of] p1a: Hippowdon
|move|p2a: Heliolisk|Volt Switch|p1a: Hippowdon
|-immune|p1a: Hippowdon
|
|-weather|Sandstorm|[upkeep]
|-damage|p2a: Heliolisk|50/100|[from] Sandstorm
|-heal|p1a: Hippowdon|97/100|[from] item: Leftovers
|upkeep
|turn|20
|
|switch|p1a: Silvally|Silvally-Dark|72/100
|move|p2a: Heliolisk|Grass Knot|p1a: Silvally
|-damage|p1a: Silvally|47/100
|-damage|p2a: Heliolisk|40/100|[from] item: Life Orb
|
|-weather|Sandstorm|[upkeep]
|-damage|p2a: Heliolisk|34/100|[from] Sandstorm
|-damage|p1a: Silvally|41/100|[from] Sandstorm
|upkeep
|turn|21
|
|move|p2a: Heliolisk|Volt Switch|p1a: Silvally
|-damage|p1a: Silvally|14/100
|-damage|p2a: Heliolisk|24/100|[from] item: Life Orb
|
|switch|p2a: Flygon|Flygon, M|100/100|[from]move: Volt Switch
|-damage|p2a: Flygon|95/100|[from] Stealth Rock
|move|p1a: Silvally|Multi-Attack|p2a: Flygon
|-damage|p2a: Flygon|36/100
|
|-weather|Sandstorm|[upkeep]
|-damage|p1a: Silvally|8/100|[from] Sandstorm
|upkeep
|turn|22
|
|switch|p1a: Hippowdon|Hippowdon, M|97/100
|move|p2a: Flygon|U-turn|p1a: Hippowdon
|-damage|p1a: Hippowdon|84/100
|
|switch|p2a: Barraskewda|Barraskewda, F|100/100|[from]move: U-turn
|-damage|p2a: Barraskewda|88/100|[from] Stealth Rock
|
|-weather|Sandstorm|[upkeep]
|-damage|p2a: Barraskewda|82/100|[from] Sandstorm
|-heal|p1a: Hippowdon|90/100|[from] item: Leftovers
|upkeep
|turn|23
|
|switch|p2a: Bronzong|Bronzong|100/100
|-damage|p2a: Bronzong|94/100|[from] Stealth Rock
|switch|p1a: Avalugg|Avalugg, M|94/100
|
|-weather|none
|-heal|p2a: Bronzong|100/100|[from] item: Leftovers
|upkeep
|turn|24
|
|move|p1a: Avalugg|Body Press|p2a: Bronzong
|-damage|p2a: Bronzong|71/100
|move|p2a: Bronzong|Stealth Rock|p1a: Avalugg
|-sidestart|p1: please do not die|move: Stealth Rock
|
|-heal|p2a: Bronzong|77/100|[from] item: Leftovers
|upkeep
|turn|25
|
|move|p2a: Bronzong|Protect|p2a: Bronzong
|-singleturn|p2a: Bronzong|Protect
|move|p1a: Avalugg|Rapid Spin|p2a: Bronzong
|-activate|p2a: Bronzong|move: Protect
|
|-heal|p2a: Bronzong|83/100|[from] item: Leftovers
|upkeep
|turn|26
|
|move|p1a: Avalugg|Rapid Spin|p2a: Bronzong
|-resisted|p2a: Bronzong
|-damage|p2a: Bronzong|79/100
|-sideend|p1: please do not die|Stealth Rock|[from] move: Rapid Spin|[of] p1a: Avalugg
|-boost|p1a: Avalugg|spe|1
|move|p2a: Bronzong|Psychic|p1a: Avalugg
|-crit|p1a: Avalugg
|-damage|p1a: Avalugg|39/100
|
|-heal|p2a: Bronzong|85/100|[from] item: Leftovers
|upkeep
|turn|27
|
|move|p1a: Avalugg|Recover|p1a: Avalugg
|-heal|p1a: Avalugg|89/100
|move|p2a: Bronzong|Psychic|p1a: Avalugg
|-damage|p1a: Avalugg|46/100
|
|-heal|p2a: Bronzong|91/100|[from] item: Leftovers
|upkeep
|turn|28
|
|move|p1a: Avalugg|Recover|p1a: Avalugg
|-heal|p1a: Avalugg|96/100
|move|p2a: Bronzong|Psychic|p1a: Avalugg
|-damage|p1a: Avalugg|58/100
|
|-heal|p2a: Bronzong|97/100|[from] item: Leftovers
|upkeep
|turn|29
|
|switch|p1a: Silvally|Silvally-Dark|8/100
|move|p2a: Bronzong|Earthquake|p1a: Silvally
|-damage|p1a: Silvally|0 fnt
|faint|p1a: Silvally
|
|-heal|p2a: Bronzong|100/100|[from] item: Leftovers
|upkeep
|
|switch|p1a: Sirfetch'd|Sirfetch'd, F|100/100
|turn|30
|
|move|p2a: Bronzong|Protect|p2a: Bronzong
|-singleturn|p2a: Bronzong|Protect
|move|p1a: Sirfetch'd|Knock Off|p2a: Bronzong
|-activate|p2a: Bronzong|move: Protect
|
|upkeep
|turn|31
|
|move|p1a: Sirfetch'd|Knock Off|p2a: Bronzong
|-supereffective|p2a: Bronzong
|-damage|p2a: Bronzong|12/100
|-enditem|p2a: Bronzong|Leftovers|[from] move: Knock Off|[of] p1a: Sirfetch'd
|move|p2a: Bronzong|Psychic|p1a: Sirfetch'd
|-supereffective|p1a: Sirfetch'd
|-damage|p1a: Sirfetch'd|28/100
|
|upkeep
|turn|32
|
|move|p2a: Bronzong|Protect|p2a: Bronzong
|-singleturn|p2a: Bronzong|Protect
|move|p1a: Sirfetch'd|Knock Off|p2a: Bronzong
|-activate|p2a: Bronzong|move: Protect
|
|upkeep
|turn|33
|
|move|p1a: Sirfetch'd|Knock Off|p2a: Bronzong
|-supereffective|p2a: Bronzong
|-damage|p2a: Bronzong|0 fnt
|faint|p2a: Bronzong
|
|upkeep
|
|switch|p2a: Umbreon|Umbreon, F|77/100 brn
|-damage|p2a: Umbreon|64/100 brn|[from] Stealth Rock
|turn|34
|
|switch|p1a: Hippowdon|Hippowdon, M|90/100
|-weather|Sandstorm|[from] ability: Sand Stream|[of] p1a: Hippowdon
|move|p2a: Umbreon|Wish|p2a: Umbreon
|
|-weather|Sandstorm|[upkeep]
|-damage|p2a: Umbreon|58/100 brn|[from] Sandstorm
|-heal|p2a: Umbreon|64/100 brn|[from] item: Leftovers
|-heal|p1a: Hippowdon|96/100|[from] item: Leftovers
|-damage|p2a: Umbreon|58/100 brn|[from] brn
|upkeep
|turn|35
|
|move|p2a: Umbreon|Yawn|p1a: Hippowdon
|-start|p1a: Hippowdon|move: Yawn|[of] p2a: Umbreon
|move|p1a: Hippowdon|Earthquake|p2a: Umbreon
|-damage|p2a: Umbreon|28/100 brn
|
|-weather|Sandstorm|[upkeep]
|-damage|p2a: Umbreon|22/100 brn|[from] Sandstorm
|-heal|p2a: Umbreon|72/100 brn|[from] move: Wish|[wisher] Umbreon
|-heal|p2a: Umbreon|78/100 brn|[from] item: Leftovers
|-heal|p1a: Hippowdon|100/100|[from] item: Leftovers
|-damage|p2a: Umbreon|72/100 brn|[from] brn
|upkeep
|turn|36
|
|switch|p1a: Avalugg|Avalugg, M|58/100
|move|p2a: Umbreon|Foul Play|p1a: Avalugg
|-damage|p1a: Avalugg|50/100
|
|-weather|Sandstorm|[upkeep]
|-damage|p2a: Umbreon|66/100 brn|[from] Sandstorm
|-damage|p1a: Avalugg|44/100|[from] Sandstorm
|-heal|p2a: Umbreon|72/100 brn|[from] item: Leftovers
|-damage|p2a: Umbreon|66/100 brn|[from] brn
|upkeep
|turn|37
|
|move|p2a: Umbreon|Yawn|p1a: Avalugg
|-start|p1a: Avalugg|move: Yawn|[of] p2a: Umbreon
|move|p1a: Avalugg|Recover|p1a: Avalugg
|-heal|p1a: Avalugg|94/100
|
|-weather|Sandstorm|[upkeep]
|-damage|p2a: Umbreon|60/100 brn|[from] Sandstorm
|-damage|p1a: Avalugg|88/100|[from] Sandstorm
|-heal|p2a: Umbreon|66/100 brn|[from] item: Leftovers
|-damage|p2a: Umbreon|60/100 brn|[from] brn
|upkeep
|turn|38
|
|switch|p1a: Hippowdon|Hippowdon, M|100/100
|move|p2a: Umbreon|Wish|p2a: Umbreon
|
|-weather|none
|-heal|p2a: Umbreon|66/100 brn|[from] item: Leftovers
|-damage|p2a: Umbreon|60/100 brn|[from] brn
|upkeep
|turn|39
|
|move|p2a: Umbreon|Yawn|p1a: Hippowdon
|-start|p1a: Hippowdon|move: Yawn|[of] p2a: Umbreon
|move|p1a: Hippowdon|Whirlwind|p2a: Umbreon
|drag|p2a: Heliolisk|Heliolisk, F|24/100
|-damage|p2a: Heliolisk|12/100|[from] Stealth Rock
|
|-heal|p2a: Heliolisk|86/100|[from] move: Wish|[wisher] Umbreon
|upkeep
|turn|40
|
|switch|p2a: Flygon|Flygon, M|36/100
|-damage|p2a: Flygon|30/100|[from] Stealth Rock
|switch|p1a: Mantine|Mantine, F|81/100 brn
|
|-damage|p1a: Mantine|75/100 brn|[from] brn
|upkeep
|turn|41
|
|switch|p1a: Hippowdon|Hippowdon, M|100/100
|-weather|Sandstorm|[from] ability: Sand Stream|[of] p1a: Hippowdon
|move|p2a: Flygon|U-turn|p1a: Hippowdon
|-damage|p1a: Hippowdon|86/100
|
|switch|p2a: Barraskewda|Barraskewda, F|82/100|[from]move: U-turn
|-damage|p2a: Barraskewda|70/100|[from] Stealth Rock
|
|-weather|Sandstorm|[upkeep]
|-damage|p2a: Barraskewda|64/100|[from] Sandstorm
|-heal|p1a: Hippowdon|92/100|[from] item: Leftovers
|upkeep
|turn|42
|
|switch|p2a: Heliolisk|Heliolisk, F|86/100
|-damage|p2a: Heliolisk|74/100|[from] Stealth Rock
|switch|p1a: Avalugg|Avalugg, M|88/100
|
|-weather|Sandstorm|[upkeep]
|-damage|p2a: Heliolisk|68/100|[from] Sandstorm
|-damage|p1a: Avalugg|82/100|[from] Sandstorm
|upkeep
|turn|43
|
|switch|p1a: Mantine|Mantine, F|75/100 brn
|move|p2a: Heliolisk|Thunderbolt|p1a: Mantine
|-supereffective|p1a: Mantine
|-damage|p1a: Mantine|0 fnt
|-damage|p2a: Heliolisk|58/100|[from] item: Life Orb
|faint|p1a: Mantine
|
|-weather|Sandstorm|[upkeep]
|-damage|p2a: Heliolisk|52/100|[from] Sandstorm
|upkeep
|
|switch|p1a: Sirfetch'd|Sirfetch'd, F|28/100
|turn|44
|
|switch|p2a: Flygon|Flygon, M|30/100
|-damage|p2a: Flygon|24/100|[from] Stealth Rock
|move|p1a: Sirfetch'd|First Impression|p2a: Flygon
|-damage|p2a: Flygon|0 fnt
|faint|p2a: Flygon
|
|-weather|Sandstorm|[upkeep]
|-damage|p1a: Sirfetch'd|22/100|[from] Sandstorm
|upkeep
|
|switch|p2a: Heliolisk|Heliolisk, F|52/100
|-damage|p2a: Heliolisk|39/100|[from] Stealth Rock
|turn|45
|
|switch|p1a: Hippowdon|Hippowdon, M|92/100
|move|p2a: Heliolisk|Grass Knot|p1a: Hippowdon
|-supereffective|p1a: Hippowdon
|-damage|p1a: Hippowdon|23/100
|-damage|p2a: Heliolisk|30/100|[from] item: Life Orb
|
|-weather|none
|-heal|p1a: Hippowdon|29/100|[from] item: Leftovers
|upkeep
|turn|46
|
|move|p2a: Heliolisk|Hyper Voice|p1a: Hippowdon
|-damage|p1a: Hippowdon|0 fnt
|-damage|p2a: Heliolisk|20/100|[from] item: Life Orb
|faint|p1a: Hippowdon
|
|upkeep
|
|switch|p1a: Sirfetch'd|Sirfetch'd, F|22/100
|turn|47
|
|switch|p2a: Umbreon|Umbreon, F|60/100 brn
|-damage|p2a: Umbreon|47/100 brn|[from] Stealth Rock
|move|p1a: Sirfetch'd|First Impression|p2a: Umbreon
|-supereffective|p2a: Umbreon
|-damage|p2a: Umbreon|0 fnt
|faint|p2a: Umbreon
|
|upkeep
|
|switch|p2a: Barraskewda|Barraskewda, F|64/100
|-damage|p2a: Barraskewda|52/100|[from] Stealth Rock
|turn|48
|
|switch|p1a: Avalugg|Avalugg, M|82/100
|move|p2a: Barraskewda|Close Combat|p1a: Avalugg
|-supereffective|p1a: Avalugg
|-damage|p1a: Avalugg|33/100
|-unboost|p2a: Barraskewda|def|1
|-unboost|p2a: Barraskewda|spd|1
|
|upkeep
|turn|49
|
|move|p2a: Barraskewda|Close Combat|p1a: Avalugg
|-supereffective|p1a: Avalugg
|-crit|p1a: Avalugg
|-damage|p1a: Avalugg|0 fnt
|-unboost|p2a: Barraskewda|def|1
|-unboost|p2a: Barraskewda|spd|1
|faint|p1a: Avalugg
|
|upkeep
|
|switch|p1a: Sirfetch'd|Sirfetch'd, F|22/100
|turn|50
|
|move|p1a: Sirfetch'd|First Impression|p2a: Barraskewda
|-damage|p2a: Barraskewda|0 fnt
|faint|p2a: Barraskewda
|
|upkeep
|
|switch|p2a: Heliolisk|Heliolisk, F|20/100
|-damage|p2a: Heliolisk|7/100|[from] Stealth Rock
|turn|51
|
|move|p1a: Sirfetch'd|First Impression||[still]
|-fail|p1a: Sirfetch'd
|-hint|First Impression only works on your first turn out.
|move|p2a: Heliolisk|Thunderbolt|p1a: Sirfetch'd
|-damage|p1a: Sirfetch'd|0 fnt
|-damage|p2a: Heliolisk|0 fnt|[from] item: Life Orb
|faint|p1a: Sirfetch'd
|faint|p2a: Heliolisk
|
|win|testPog
|raw|please do not die's rating: 1582 &rarr; <strong>1554</strong><br />(-28 for losing)
|raw|testPog's rating: 1419 &rarr; <strong>1448</strong><br />(+29 for winning)
|l|☆please do not die
