|j|☆Test B01
|j|☆NebbyGetInTheBag
|player|p1|Test B01|170|1173
|player|p2|NebbyGetInTheBag|lillie|1183
|teamsize|p1|6
|teamsize|p2|6
|gametype|singles
|gen|8
|tier|[Gen 8] UU
|rated|
|rule|Sleep Clause Mod: Limit one foe put to sleep
|rule|Species Clause: Limit one of each Pokémon
|rule|OHKO Clause: OHKO moves are banned
|rule|Evasion Moves Clause: Evasion moves are banned
|rule|Endless Battle Clause: Forcing endless battles is banned
|rule|HP Percentage Mod: HP is shown in percentages
|clearpoke
|poke|p1|Indeedee, M|
|poke|p1|Haxorus, F|
|poke|p1|Polteageist|
|poke|p1|Pyukumuku, M|
|poke|p1|Goodra, F|
|poke|p1|Weezing-Galar, F|
|poke|p2|Accelgor, M|
|poke|p2|Torkoal, F|
|poke|p2|Heliolisk, F|
|poke|p2|Shiftry, M|
|poke|p2|Hitmonchan, M|
|poke|p2|Jellicent, F|
|rule|Dynamax Clause: You cannot dynamax
|teampreview
|
|start
|switch|p1a: Upchuck|Pyukumuku, M|100/100
|switch|p2a: Heliolisk|Heliolisk, F|100/100
|turn|1
|
|move|p2a: Heliolisk|Volt Switch|p1a: Upchuck
|-supereffective|p1a: Upchuck
|-damage|p1a: Upchuck|58/100
|
|switch|p2a: Shiftry|Shiftry, M|100/100|[from]move: Volt Switch
|move|p1a: Upchuck|Toxic|p2a: Shiftry|[miss]
|-miss|p1a: Upchuck|p2a: Shiftry
|
|-heal|p1a: Upchuck|65/100|[from] item: Leftovers
|upkeep
|turn|2
|
|switch|p2a: Torkoal|Torkoal, F|100/100
|-weather|SunnyDay|[from] ability: Drought|[of] p2a: Torkoal
|switch|p1a: Weezing|Weezing-Galar, F|100/100
|
|-weather|SunnyDay|[upkeep]
|upkeep
|turn|3
|
|switch|p1a: The Boi|Goodra, F|100/100
|move|p2a: Torkoal|Lava Plume|p1a: The Boi
|-resisted|p1a: The Boi
|-damage|p1a: The Boi|93/100
|-status|p1a: The Boi|brn
|
|-weather|SunnyDay|[upkeep]
|-damage|p1a: The Boi|87/100 brn|[from] brn
|upkeep
|turn|4
|
|switch|p2a: Jellicent|Jellicent, F|100/100
|move|p1a: The Boi|Dragon Pulse|p2a: Jellicent
|-damage|p2a: Jellicent|74/100
|
|-weather|SunnyDay|[upkeep]
|-heal|p2a: Jellicent|80/100|[from] item: Leftovers
|-damage|p1a: The Boi|81/100 brn|[from] brn
|upkeep
|turn|5
|
|switch|p2a: Shiftry|Shiftry, M|100/100
|move|p1a: The Boi|Thunderbolt|p2a: Shiftry
|-resisted|p2a: Shiftry
|-damage|p2a: Shiftry|77/100
|-status|p2a: Shiftry|par
|
|-weather|SunnyDay|[upkeep]
|-damage|p1a: The Boi|75/100 brn|[from] brn
|upkeep
|turn|6
|
|switch|p1a: Weezing|Weezing-Galar, F|100/100
|cant|p2a: Shiftry|par
|
|-weather|SunnyDay|[upkeep]
|upkeep
|turn|7
|
|switch|p2a: Torkoal|Torkoal, F|100/100
|switch|p1a: Upchuck|Pyukumuku, M|65/100
|
|-weather|SunnyDay|[upkeep]
|-heal|p1a: Upchuck|71/100|[from] item: Leftovers
|upkeep
|turn|8
|
|switch|p1a: The Boi|Goodra, F|75/100 brn
|move|p2a: Torkoal|Stealth Rock|p1a: The Boi
|-sidestart|p1: Test B01|move: Stealth Rock
|
|-weather|SunnyDay|[upkeep]
|-damage|p1a: The Boi|69/100 brn|[from] brn
|upkeep
|turn|9
|
|switch|p2a: Jellicent|Jellicent, F|80/100
|move|p1a: The Boi|Thunderbolt|p2a: Jellicent
|-supereffective|p2a: Jellicent
|-damage|p2a: Jellicent|41/100
|
|-weather|none
|-heal|p2a: Jellicent|47/100|[from] item: Leftovers
|-damage|p1a: The Boi|63/100 brn|[from] brn
|upkeep
|turn|10
|
|move|p1a: The Boi|Dragon Pulse|p2a: Jellicent
|-damage|p2a: Jellicent|22/100
|move|p2a: Jellicent|Strength Sap|p1a: The Boi
|-ability|p1a: The Boi|Sap Sipper|boost
|-boost|p1a: The Boi|atk|1
|
|-heal|p2a: Jellicent|28/100|[from] item: Leftovers
|-damage|p1a: The Boi|57/100 brn|[from] brn
|upkeep
|turn|11
|
|switch|p2a: Roger|Hitmonchan, M|100/100
|move|p1a: The Boi|Dragon Pulse|p2a: Roger
|-damage|p2a: Roger|65/100
|
|-damage|p1a: The Boi|51/100 brn|[from] brn
|upkeep
|turn|12
|
|switch|p2a: Torkoal|Torkoal, F|100/100
|-weather|SunnyDay|[from] ability: Drought|[of] p2a: Torkoal
|switch|p1a: Weezing|Weezing-Galar, F|100/100
|-damage|p1a: Weezing|88/100|[from] Stealth Rock
|
|-weather|SunnyDay|[upkeep]
|-heal|p1a: Weezing|94/100|[from] item: Black Sludge
|upkeep
|turn|13
|
|move|p1a: Weezing|Defog|p2a: Torkoal
|-unboost|p2a: Torkoal|evasion|1
|-sideend|p1: Test B01|Stealth Rock|[from] move: Defog|[of] p1a: Weezing
|move|p2a: Torkoal|Lava Plume|p1a: Weezing
|-damage|p1a: Weezing|42/100
|
|-weather|SunnyDay|[upkeep]
|-heal|p1a: Weezing|48/100|[from] item: Black Sludge
|upkeep
|turn|14
|
|switch|p1a: Upchuck|Pyukumuku, M|71/100
|move|p2a: Torkoal|Stealth Rock|p1a: Upchuck
|-sidestart|p1: Test B01|move: Stealth Rock
|
|-weather|SunnyDay|[upkeep]
|-heal|p1a: Upchuck|77/100|[from] item: Leftovers
|upkeep
|turn|15
|
|switch|p2a: Shiftry|Shiftry, M|77/100 par
|move|p1a: Upchuck|Toxic||[still]
|-fail|p1a: Upchuck
|
|-weather|SunnyDay|[upkeep]
|-heal|p1a: Upchuck|83/100|[from] item: Leftovers
|upkeep
|turn|16
|
|switch|p1a: Weezing|Weezing-Galar, F|48/100
|-damage|p1a: Weezing|36/100|[from] Stealth Rock
|cant|p2a: Shiftry|par
|
|-weather|SunnyDay|[upkeep]
|-heal|p1a: Weezing|42/100|[from] item: Black Sludge
|upkeep
|turn|17
|
|switch|p2a: Heliolisk|Heliolisk, F|100/100
|move|p1a: Weezing|Pain Split|p2a: Heliolisk
|-sethp|p2a: Heliolisk|76/100|[from] move: Pain Split|[silent]
|-sethp|p1a: Weezing|61/100|[from] move: Pain Split
|
|-weather|SunnyDay|[upkeep]
|-damage|p2a: Heliolisk|64/100|[from] ability: Solar Power|[of] p2a: Heliolisk
|-heal|p1a: Weezing|67/100|[from] item: Black Sludge
|upkeep
|turn|18
|
|switch|p1a: The Boi|Goodra, F|51/100 brn
|-damage|p1a: The Boi|39/100 brn|[from] Stealth Rock
|move|p2a: Heliolisk|Hyper Voice|p1a: The Boi
|-damage|p1a: The Boi|12/100 brn
|
|-weather|SunnyDay|[upkeep]
|-damage|p2a: Heliolisk|51/100|[from] ability: Solar Power|[of] p2a: Heliolisk
|-damage|p1a: The Boi|6/100 brn|[from] brn
|upkeep
|turn|19
|
|switch|p2a: Roger|Hitmonchan, M|65/100
|move|p1a: The Boi|Flamethrower|p2a: Roger
|-damage|p2a: Roger|25/100
|
|-weather|none
|-damage|p1a: The Boi|0 fnt|[from] brn
|faint|p1a: The Boi
|upkeep
|
|switch|p1a: Weezing|Weezing-Galar, F|67/100
|-damage|p1a: Weezing|54/100|[from] Stealth Rock
|turn|20
|
|switch|p2a: Torkoal|Torkoal, F|100/100
|-weather|SunnyDay|[from] ability: Drought|[of] p2a: Torkoal
|move|p1a: Weezing|Defog|p2a: Torkoal
|-unboost|p2a: Torkoal|evasion|1
|-sideend|p1: Test B01|Stealth Rock|[from] move: Defog|[of] p1a: Weezing
|
|-weather|SunnyDay|[upkeep]
|-heal|p1a: Weezing|60/100|[from] item: Black Sludge
|upkeep
|turn|21
|
|switch|p1a: Darjeeling|Polteageist|100/100
|move|p2a: Torkoal|Lava Plume|p1a: Darjeeling
|-damage|p1a: Darjeeling|54/100
|
|-weather|SunnyDay|[upkeep]
|upkeep
|turn|22
|
|switch|p1a: Haxorus|Haxorus, F|100/100
|-ability|p1a: Haxorus|Mold Breaker
|move|p2a: Torkoal|Stealth Rock|p1a: Haxorus
|-sidestart|p1: Test B01|move: Stealth Rock
|
|-weather|SunnyDay|[upkeep]
|upkeep
|turn|23
|
|switch|p2a: Shiftry|Shiftry, M|77/100 par
|move|p1a: Haxorus|Dragon Dance|p1a: Haxorus
|-boost|p1a: Haxorus|atk|1
|-boost|p1a: Haxorus|spe|1
|
|-weather|SunnyDay|[upkeep]
|upkeep
|turn|24
|
|move|p1a: Haxorus|Dragon Claw|p2a: Shiftry
|-damage|p2a: Shiftry|0 fnt
|-damage|p1a: Haxorus|91/100|[from] item: Life Orb
|faint|p2a: Shiftry
|
|-weather|SunnyDay|[upkeep]
|upkeep
|
|switch|p2a: Heliolisk|Heliolisk, F|51/100
|turn|25
|
|move|p2a: Heliolisk|Volt Switch|p1a: Haxorus
|-resisted|p1a: Haxorus
|-damage|p1a: Haxorus|53/100
|
|switch|p2a: Jellicent|Jellicent, F|28/100|[from]move: Volt Switch
|move|p1a: Haxorus|Dragon Claw|p2a: Jellicent
|-damage|p2a: Jellicent|0 fnt
|-damage|p1a: Haxorus|43/100|[from] item: Life Orb
|faint|p2a: Jellicent
|
|-weather|SunnyDay|[upkeep]
|upkeep
|
|switch|p2a: Roger|Hitmonchan, M|25/100
|turn|26
|
|move|p2a: Roger|Mach Punch|p1a: Haxorus
|-crit|p1a: Haxorus
|-damage|p1a: Haxorus|0 fnt
|faint|p1a: Haxorus
|
|-weather|SunnyDay|[upkeep]
|upkeep
|
|switch|p1a: Audino-Galar|Indeedee, M|100/100
|-damage|p1a: Audino-Galar|88/100|[from] Stealth Rock
|-fieldstart|move: Psychic Terrain|[from] ability: Psychic Surge|[of] p1a: Audino-Galar
|turn|27
|
|move|p1a: Audino-Galar|Psychic|p2a: Roger
|-supereffective|p2a: Roger
|-damage|p2a: Roger|0 fnt
|faint|p2a: Roger
|
|-weather|none
|upkeep
|
|switch|p2a: Torkoal|Torkoal, F|100/100
|-weather|SunnyDay|[from] ability: Drought|[of] p2a: Torkoal
|turn|28
|
|move|p1a: Audino-Galar|Psychic|p2a: Torkoal
|-damage|p2a: Torkoal|28/100
|-unboost|p2a: Torkoal|spd|1
|move|p2a: Torkoal|Body Press|p1a: Audino-Galar
|-damage|p1a: Audino-Galar|18/100
|
|-weather|SunnyDay|[upkeep]
|upkeep
|turn|29
|
|move|p1a: Audino-Galar|Psychic|p2a: Torkoal
|-damage|p2a: Torkoal|0 fnt
|faint|p2a: Torkoal
|
|-weather|SunnyDay|[upkeep]
|upkeep
|
|switch|p2a: Heliolisk|Heliolisk, F|51/100
|turn|30
|
|move|p2a: Heliolisk|Volt Switch|p1a: Audino-Galar
|-damage|p1a: Audino-Galar|0 fnt
|faint|p1a: Audino-Galar
|
|switch|p2a: Accelgor|Accelgor, M|100/100|[from]move: Volt Switch
|
|-weather|SunnyDay|[upkeep]
|upkeep
|
|switch|p1a: Weezing|Weezing-Galar, F|60/100
|-damage|p1a: Weezing|48/100|[from] Stealth Rock
|turn|31
|
|switch|p2a: Heliolisk|Heliolisk, F|51/100
|move|p1a: Weezing|Pain Split|p2a: Heliolisk
|-sethp|p2a: Heliolisk|56/100|[from] move: Pain Split|[silent]
|-sethp|p1a: Weezing|45/100|[from] move: Pain Split
|
|-weather|SunnyDay|[upkeep]
|-damage|p2a: Heliolisk|44/100|[from] ability: Solar Power|[of] p2a: Heliolisk
|-heal|p1a: Weezing|50/100|[from] item: Black Sludge
|-fieldend|move: Psychic Terrain
|upkeep
|turn|32
|
|move|p2a: Heliolisk|Volt Switch|p1a: Weezing
|-damage|p1a: Weezing|0 fnt
|faint|p1a: Weezing
|
|switch|p2a: Accelgor|Accelgor, M|100/100|[from]move: Volt Switch
|
|-weather|SunnyDay|[upkeep]
|upkeep
|
|switch|p1a: Upchuck|Pyukumuku, M|83/100
|-damage|p1a: Upchuck|70/100|[from] Stealth Rock
|turn|33
|
|move|p2a: Accelgor|Giga Drain|p1a: Upchuck
|-supereffective|p1a: Upchuck
|-damage|p1a: Upchuck|38/100
|move|p1a: Upchuck|Toxic|p2a: Accelgor
|-status|p2a: Accelgor|tox
|
|-weather|SunnyDay|[upkeep]
|-heal|p1a: Upchuck|44/100|[from] item: Leftovers
|-damage|p2a: Accelgor|95/100 tox|[from] psn
|upkeep
|turn|34
|
|switch|p2a: Heliolisk|Heliolisk, F|44/100
|move|p1a: Upchuck|Recover|p1a: Upchuck
|-heal|p1a: Upchuck|94/100
|
|-weather|SunnyDay|[upkeep]
|-damage|p2a: Heliolisk|31/100|[from] ability: Solar Power|[of] p2a: Heliolisk
|-heal|p1a: Upchuck|100/100|[from] item: Leftovers
|upkeep
|turn|35
|
|move|p2a: Heliolisk|Solar Beam||[still]
|-prepare|p2a: Heliolisk|Solar Beam|p1a: Upchuck
|-anim|p2a: Heliolisk|Solar Beam|p1a: Upchuck
|-supereffective|p1a: Upchuck
|-damage|p1a: Upchuck|32/100
|move|p1a: Upchuck|Substitute|p1a: Upchuck
|-start|p1a: Upchuck|Substitute
|-damage|p1a: Upchuck|8/100
|
|-weather|none
|-heal|p1a: Upchuck|14/100|[from] item: Leftovers
|upkeep
|turn|36
|
|switch|p2a: Accelgor|Accelgor, M|95/100 tox
|move|p1a: Upchuck|Recover|p1a: Upchuck
|-heal|p1a: Upchuck|64/100
|
|-heal|p1a: Upchuck|70/100|[from] item: Leftovers
|-damage|p2a: Accelgor|89/100 tox|[from] psn
|upkeep
|turn|37
|
|switch|p2a: Heliolisk|Heliolisk, F|31/100
|move|p1a: Upchuck|Recover|p1a: Upchuck
|-heal|p1a: Upchuck|100/100
|
|upkeep
|turn|38
|
|move|p2a: Heliolisk|Volt Switch|p1a: Upchuck
|-supereffective|p1a: Upchuck
|-end|p1a: Upchuck|Substitute
|
|switch|p2a: Accelgor|Accelgor, M|89/100 tox|[from]move: Volt Switch
|move|p1a: Upchuck|Toxic|p2a: Accelgor
|-fail|p2a: Accelgor|tox
|
|-damage|p2a: Accelgor|83/100 tox|[from] psn
|upkeep
|turn|39
|
|move|p2a: Accelgor|Bug Buzz|p1a: Upchuck
|-damage|p1a: Upchuck|71/100
|-enditem|p2a: Accelgor|Throat Spray
|-boost|p2a: Accelgor|spa|1
|move|p1a: Upchuck|Substitute|p1a: Upchuck
|-start|p1a: Upchuck|Substitute
|-damage|p1a: Upchuck|46/100
|
|-heal|p1a: Upchuck|52/100|[from] item: Leftovers
|-damage|p2a: Accelgor|71/100 tox|[from] psn
|upkeep
|turn|40
|
|move|p2a: Accelgor|Bug Buzz|p1a: Upchuck
|-damage|p1a: Upchuck|26/100
|move|p1a: Upchuck|Recover|p1a: Upchuck
|-heal|p1a: Upchuck|76/100
|
|-heal|p1a: Upchuck|82/100|[from] item: Leftovers
|-damage|p2a: Accelgor|53/100 tox|[from] psn
|upkeep
|turn|41
|-message|NebbyGetInTheBag forfeited.
|
|win|Test B01
|l|☆NebbyGetInTheBag
|raw|Test B01's rating: 1173 &rarr; <strong>1200</strong><br />(+27 for winning)
|raw|NebbyGetInTheBag's rating: 1204 &rarr; <strong>1176</strong><br />(-28 for losing)
