|j|☆misplayin
|j|☆GryphonEx
|t:|1667266358
|gametype|singles
|player|p1|misplayin|bugsy|1512
|player|p2|GryphonEx|170|1541
|teamsize|p1|6
|teamsize|p2|6
|gen|8
|tier|[Gen 8] UU
|rated|
|rule|Sleep Clause Mod: Limit one foe put to sleep
|rule|Species Clause: Limit one of each Pokémon
|rule|OHKO Clause: OHKO moves are banned
|rule|Evasion Items Clause: Evasion items are banned
|rule|Evasion Moves Clause: Evasion moves are banned
|rule|Endless Battle Clause: Forcing endless battles is banned
|rule|HP Percentage Mod: HP is shown in percentages
|rule|Dynamax Clause: You cannot dynamax
|clearpoke
|poke|p1|Keldeo-Resolute|
|poke|p1|Tapu Bulu|
|poke|p1|Mamoswine, F|
|poke|p1|Jellicent, M|
|poke|p1|Regieleki|
|poke|p1|Arcanine, F|
|poke|p2|Hydreigon, F|
|poke|p2|Crawdaunt, F|
|poke|p2|Gyarados, F|
|poke|p2|Salamence, F|
|poke|p2|Chansey, F|
|poke|p2|Corsola-Galar, F|
|teampreview
|inactive|Battle timer is ON: inactive players will automatically lose when time's up. (requested by misplayin)
|c|☆GryphonEx|Good luck
|c|☆misplayin|ty friend
|
|t:|1667266373
|start
|switch|p1a: Jellicent|Jellicent, M|100/100
|switch|p2a: Corsola-Kanye|Chansey, F|100/100
|turn|1
|
|t:|1667266376
|move|p1a: Jellicent|Taunt|p2a: Corsola-Kanye
|-start|p2a: Corsola-Kanye|move: Taunt
|cant|p2a: Corsola-Kanye|move: Taunt|Thunder Wave
|
|upkeep
|turn|2
|
|t:|1667266383
|switch|p2a: Diggs W|Crawdaunt, F|100/100
|move|p1a: Jellicent|Will-O-Wisp|p2a: Diggs W
|-status|p2a: Diggs W|brn
|
|-damage|p2a: Diggs W|95/100 brn|[from] brn
|upkeep
|turn|3
|
|t:|1667266388
|switch|p1a: Tapu Bulu|Tapu Bulu|100/100
|-fieldstart|move: Grassy Terrain|[from] ability: Grassy Surge|[of] p1a: Tapu Bulu
|move|p2a: Diggs W|Knock Off|p1a: Tapu Bulu
|-resisted|p1a: Tapu Bulu
|-damage|p1a: Tapu Bulu|83/100
|-enditem|p1a: Tapu Bulu|Heavy-Duty Boots|[from] move: Knock Off|[of] p2a: Diggs W
|
|-heal|p1a: Tapu Bulu|89/100|[from] Grassy Terrain
|-heal|p2a: Diggs W|100/100 brn|[from] Grassy Terrain
|-damage|p2a: Diggs W|95/100 brn|[from] brn
|upkeep
|turn|4
|
|t:|1667266393
|switch|p2a: If you switch conk|Corsola-Galar, F|100/100
|move|p1a: Tapu Bulu|Toxic|p2a: If you switch conk
|-status|p2a: If you switch conk|tox
|
|-heal|p1a: Tapu Bulu|95/100|[from] Grassy Terrain
|-damage|p2a: If you switch conk|94/100 tox|[from] psn
|upkeep
|turn|5
|
|t:|1667266395
|move|p1a: Tapu Bulu|Taunt|p2a: If you switch conk
|-start|p2a: If you switch conk|move: Taunt
|cant|p2a: If you switch conk|move: Taunt|Stealth Rock
|
|-heal|p1a: Tapu Bulu|100/100|[from] Grassy Terrain
|-heal|p2a: If you switch conk|100/100 tox|[from] Grassy Terrain
|-damage|p2a: If you switch conk|88/100 tox|[from] psn
|upkeep
|turn|6
|
|t:|1667266397
|switch|p2a: Corsola-Kanye|Chansey, F|100/100
|move|p1a: Tapu Bulu|Horn Leech|p2a: Corsola-Kanye
|-damage|p2a: Corsola-Kanye|71/100
|
|-heal|p2a: Corsola-Kanye|77/100|[from] Grassy Terrain
|upkeep
|turn|7
|
|t:|1667266400
|move|p1a: Tapu Bulu|Taunt|p2a: Corsola-Kanye
|-start|p2a: Corsola-Kanye|move: Taunt
|move|p2a: Corsola-Kanye|Seismic Toss|p1a: Tapu Bulu
|-damage|p1a: Tapu Bulu|71/100
|
|-heal|p1a: Tapu Bulu|78/100|[from] Grassy Terrain
|-heal|p2a: Corsola-Kanye|83/100|[from] Grassy Terrain
|-fieldend|move: Grassy Terrain
|upkeep
|turn|8
|
|t:|1667266412
|move|p1a: Tapu Bulu|Toxic|p2a: Corsola-Kanye
|-status|p2a: Corsola-Kanye|tox
|move|p2a: Corsola-Kanye|Seismic Toss|p1a: Tapu Bulu
|-damage|p1a: Tapu Bulu|48/100
|
|-damage|p2a: Corsola-Kanye|77/100 tox|[from] psn
|upkeep
|turn|9
|
|t:|1667266419
|-curestatus|p2a: Corsola-Kanye|tox|[from] ability: Natural Cure
|switch|p2a: Diggs W|Crawdaunt, F|95/100 brn
|move|p1a: Tapu Bulu|Synthesis|p1a: Tapu Bulu
|-heal|p1a: Tapu Bulu|98/100
|
|-damage|p2a: Diggs W|89/100 brn|[from] brn
|upkeep
|turn|10
|
|t:|1667266426
|switch|p2a: Corsola-Kanye|Chansey, F|77/100
|move|p1a: Tapu Bulu|Toxic|p2a: Corsola-Kanye
|-status|p2a: Corsola-Kanye|tox
|
|-damage|p2a: Corsola-Kanye|71/100 tox|[from] psn
|upkeep
|turn|11
|
|t:|1667266429
|move|p1a: Tapu Bulu|Taunt|p2a: Corsola-Kanye
|-start|p2a: Corsola-Kanye|move: Taunt
|cant|p2a: Corsola-Kanye|move: Taunt|Thunder Wave
|
|-damage|p2a: Corsola-Kanye|59/100 tox|[from] psn
|upkeep
|turn|12
|
|t:|1667266445
|-curestatus|p2a: Corsola-Kanye|tox|[from] ability: Natural Cure
|switch|p2a: If you switch conk|Corsola-Galar, F|88/100 tox
|move|p1a: Tapu Bulu|Toxic|p2a: If you switch conk
|-fail|p2a: If you switch conk|tox
|
|-damage|p2a: If you switch conk|82/100 tox|[from] psn
|upkeep
|turn|13
|
|t:|1667266449
|switch|p2a: Gateskeeper|Hydreigon, F|100/100
|move|p1a: Tapu Bulu|Taunt|p2a: Gateskeeper
|-start|p2a: Gateskeeper|move: Taunt
|
|upkeep
|turn|14
|
|t:|1667266453
|switch|p1a: Keldeo|Keldeo-Resolute|100/100
|move|p2a: Gateskeeper|Flamethrower|p1a: Keldeo
|-resisted|p1a: Keldeo
|-damage|p1a: Keldeo|76/100
|
|upkeep
|turn|15
|
|t:|1667266457
|switch|p2a: r|Salamence, F|100/100
|-ability|p2a: r|Intimidate|boost
|-unboost|p1a: Keldeo|atk|1
|move|p1a: Keldeo|Surf|p2a: r
|-resisted|p2a: r
|-damage|p2a: r|67/100
|
|upkeep
|turn|16
|
|t:|1667266462
|switch|p1a: Arcanine|Arcanine, F|100/100
|-ability|p1a: Arcanine|Intimidate|boost
|-unboost|p2a: r|atk|1
|move|p2a: r|Toxic|p1a: Arcanine
|-status|p1a: Arcanine|tox
|
|-damage|p1a: Arcanine|94/100 tox|[from] psn
|upkeep
|turn|17
|
|t:|1667266465
|move|p2a: r|Roost|p2a: r
|-heal|p2a: r|100/100
|-singleturn|p2a: r|move: Roost
|move|p1a: Arcanine|Teleport|p1a: Arcanine
|
|t:|1667266468
|switch|p1a: Mamoswine|Mamoswine, F|100/100|[from]move: Teleport
|
|upkeep
|turn|18
|
|t:|1667266472
|switch|p2a: Diggs W|Crawdaunt, F|89/100 brn
|move|p1a: Mamoswine|Icicle Crash|p2a: Diggs W
|-resisted|p2a: Diggs W
|-damage|p2a: Diggs W|35/100 brn
|
|-damage|p2a: Diggs W|29/100 brn|[from] brn
|upkeep
|turn|19
|
|t:|1667266482
|switch|p1a: Tapu Bulu|Tapu Bulu|98/100
|-fieldstart|move: Grassy Terrain|[from] ability: Grassy Surge|[of] p1a: Tapu Bulu
|move|p2a: Diggs W|Knock Off|p1a: Tapu Bulu
|-resisted|p1a: Tapu Bulu
|-damage|p1a: Tapu Bulu|85/100
|
|-heal|p1a: Tapu Bulu|91/100|[from] Grassy Terrain
|-heal|p2a: Diggs W|35/100 brn|[from] Grassy Terrain
|-damage|p2a: Diggs W|29/100 brn|[from] brn
|upkeep
|turn|20
|
|t:|1667266492
|switch|p2a: Corsola-Kanye|Chansey, F|59/100
|move|p1a: Tapu Bulu|Horn Leech|p2a: Corsola-Kanye
|-damage|p2a: Corsola-Kanye|34/100
|-heal|p1a: Tapu Bulu|100/100|[from] drain|[of] p2a: Corsola-Kanye
|
|-heal|p2a: Corsola-Kanye|40/100|[from] Grassy Terrain
|upkeep
|turn|21
|
|t:|1667266498
|move|p1a: Tapu Bulu|Taunt|p2a: Corsola-Kanye
|-start|p2a: Corsola-Kanye|move: Taunt
|move|p2a: Corsola-Kanye|Seismic Toss|p1a: Tapu Bulu
|-damage|p1a: Tapu Bulu|71/100
|
|-heal|p1a: Tapu Bulu|78/100|[from] Grassy Terrain
|-heal|p2a: Corsola-Kanye|46/100|[from] Grassy Terrain
|upkeep
|turn|22
|
|t:|1667266501
|move|p1a: Tapu Bulu|Horn Leech|p2a: Corsola-Kanye
|-damage|p2a: Corsola-Kanye|19/100
|-heal|p1a: Tapu Bulu|100/100|[from] drain|[of] p2a: Corsola-Kanye
|move|p2a: Corsola-Kanye|Seismic Toss|p1a: Tapu Bulu
|-damage|p1a: Tapu Bulu|71/100
|
|-heal|p1a: Tapu Bulu|78/100|[from] Grassy Terrain
|-heal|p2a: Corsola-Kanye|25/100|[from] Grassy Terrain
|upkeep
|turn|23
|
|t:|1667266504
|switch|p2a: If you switch conk|Corsola-Galar, F|82/100 tox
|move|p1a: Tapu Bulu|Toxic|p2a: If you switch conk
|-fail|p2a: If you switch conk|tox
|
|-heal|p1a: Tapu Bulu|84/100|[from] Grassy Terrain
|-heal|p2a: If you switch conk|88/100 tox|[from] Grassy Terrain
|-damage|p2a: If you switch conk|82/100 tox|[from] psn
|-fieldend|move: Grassy Terrain
|upkeep
|turn|24
|
|t:|1667266509
|move|p1a: Tapu Bulu|Taunt|p2a: If you switch conk
|-start|p2a: If you switch conk|move: Taunt
|cant|p2a: If you switch conk|move: Taunt|Will-O-Wisp
|
|-damage|p2a: If you switch conk|70/100 tox|[from] psn
|upkeep
|turn|25
|
|t:|1667266511
|switch|p2a: r|Salamence, F|100/100
|-ability|p2a: r|Intimidate|boost
|-unboost|p1a: Tapu Bulu|atk|1
|move|p1a: Tapu Bulu|Horn Leech|p2a: r
|-resisted|p2a: r
|-damage|p2a: r|96/100
|-heal|p1a: Tapu Bulu|86/100|[from] drain|[of] p2a: r
|
|upkeep
|turn|26
|
|t:|1667266521
|switch|p1a: Arcanine|Arcanine, F|94/100 tox
|-ability|p1a: Arcanine|Intimidate|boost
|-unboost|p2a: r|atk|1
|move|p2a: r|Toxic|p1a: Arcanine
|-fail|p1a: Arcanine|tox
|
|-damage|p1a: Arcanine|88/100 tox|[from] psn
|upkeep
|turn|27
|
|t:|1667266527
|move|p2a: r|Flamethrower|p1a: Arcanine
|-resisted|p1a: Arcanine
|-damage|p1a: Arcanine|79/100 tox
|move|p1a: Arcanine|Teleport|p1a: Arcanine
|
|t:|1667266531
|switch|p1a: Regieleki|Regieleki|100/100|[from]move: Teleport
|
|upkeep
|turn|28
|
|t:|1667266536
|move|p1a: Regieleki|Volt Switch|p2a: r
|-damage|p2a: r|53/100
|
|t:|1667266541
|switch|p1a: Arcanine|Arcanine, F|79/100 tox|[from]move: Volt Switch
|-ability|p1a: Arcanine|Intimidate|boost
|-unboost|p2a: r|atk|1
|move|p2a: r|Roost|p2a: r
|-heal|p2a: r|100/100
|-singleturn|p2a: r|move: Roost
|
|-damage|p1a: Arcanine|73/100 tox|[from] psn
|upkeep
|turn|29
|
|t:|1667266546
|move|p1a: Arcanine|Toxic|p2a: r
|-status|p2a: r|tox
|move|p2a: r|Flamethrower|p1a: Arcanine
|-resisted|p1a: Arcanine
|-damage|p1a: Arcanine|63/100 tox
|
|-damage|p1a: Arcanine|51/100 tox|[from] psn
|-damage|p2a: r|94/100 tox|[from] psn
|upkeep
|turn|30
|
|t:|1667266548
|switch|p2a: If you switch conk|Corsola-Galar, F|70/100 tox
|move|p1a: Arcanine|Morning Sun|p1a: Arcanine
|-heal|p1a: Arcanine|100/100 tox
|
|-damage|p1a: Arcanine|82/100 tox|[from] psn
|-damage|p2a: If you switch conk|63/100 tox|[from] psn
|upkeep
|turn|31
|
|t:|1667266550
|move|p2a: If you switch conk|Stealth Rock|p1a: Arcanine
|-sidestart|p1: misplayin|move: Stealth Rock
|move|p1a: Arcanine|Teleport|p1a: Arcanine
|
|t:|1667266555
|switch|p1a: Jellicent|Jellicent, M|100/100|[from]move: Teleport
|
|-damage|p2a: If you switch conk|51/100 tox|[from] psn
|upkeep
|turn|32
|
|t:|1667266563
|switch|p2a: Gateskeeper|Hydreigon, F|100/100
|move|p1a: Jellicent|Will-O-Wisp|p2a: Gateskeeper
|-status|p2a: Gateskeeper|brn
|
|-damage|p2a: Gateskeeper|94/100 brn|[from] brn
|upkeep
|turn|33
|
|t:|1667266567
|switch|p1a: Tapu Bulu|Tapu Bulu|86/100
|-damage|p1a: Tapu Bulu|73/100|[from] Stealth Rock
|-fieldstart|move: Grassy Terrain|[from] ability: Grassy Surge|[of] p1a: Tapu Bulu
|move|p2a: Gateskeeper|Draco Meteor|p1a: Tapu Bulu
|-immune|p1a: Tapu Bulu
|
|-heal|p1a: Tapu Bulu|80/100|[from] Grassy Terrain
|-damage|p2a: Gateskeeper|88/100 brn|[from] brn
|upkeep
|turn|34
|
|t:|1667266576
|switch|p2a: r|Salamence, F|94/100 tox
|-ability|p2a: r|Intimidate|boost
|-unboost|p1a: Tapu Bulu|atk|1
|move|p1a: Tapu Bulu|Horn Leech|p2a: r
|-resisted|p2a: r
|-damage|p2a: r|90/100 tox
|-heal|p1a: Tapu Bulu|82/100|[from] drain|[of] p2a: r
|
|-heal|p1a: Tapu Bulu|89/100|[from] Grassy Terrain
|-damage|p2a: r|83/100 tox|[from] psn
|upkeep
|turn|35
|
|t:|1667266580
|switch|p1a: Arcanine|Arcanine, F|82/100 tox
|-ability|p1a: Arcanine|Intimidate|boost
|-unboost|p2a: r|atk|1
|move|p2a: r|Flamethrower|p1a: Arcanine
|-resisted|p1a: Arcanine
|-damage|p1a: Arcanine|74/100 tox
|
|-heal|p1a: Arcanine|80/100 tox|[from] Grassy Terrain
|-damage|p1a: Arcanine|74/100 tox|[from] psn
|-damage|p2a: r|71/100 tox|[from] psn
|upkeep
|turn|36
|
|t:|1667266583
|move|p2a: r|Roost|p2a: r
|-heal|p2a: r|100/100 tox
|-singleturn|p2a: r|move: Roost
|move|p1a: Arcanine|Teleport|p1a: Arcanine
|
|t:|1667266586
|switch|p1a: Keldeo|Keldeo-Resolute|76/100|[from]move: Teleport
|-damage|p1a: Keldeo|70/100|[from] Stealth Rock
|
|-heal|p1a: Keldeo|76/100|[from] Grassy Terrain
|-damage|p2a: r|82/100 tox|[from] psn
|upkeep
|turn|37
|
|t:|1667266589
|move|p1a: Keldeo|Flip Turn|p2a: r
|-resisted|p2a: r
|-damage|p2a: r|77/100 tox
|
|t:|1667266591
|switch|p1a: Arcanine|Arcanine, F|74/100 tox|[from]move: Flip Turn
|-ability|p1a: Arcanine|Intimidate|boost
|-unboost|p2a: r|atk|1
|move|p2a: r|Toxic|p1a: Arcanine
|-fail|p1a: Arcanine|tox
|
|-heal|p1a: Arcanine|80/100 tox|[from] Grassy Terrain
|-damage|p1a: Arcanine|74/100 tox|[from] psn
|-damage|p2a: r|53/100 tox|[from] psn
|-fieldend|move: Grassy Terrain
|upkeep
|turn|38
|
|t:|1667266596
|move|p2a: r|Roost|p2a: r
|-heal|p2a: r|100/100 tox
|-singleturn|p2a: r|move: Roost
|move|p1a: Arcanine|Teleport|p1a: Arcanine
|
|t:|1667266598
|switch|p1a: Regieleki|Regieleki|100/100|[from]move: Teleport
|
|-damage|p2a: r|70/100 tox|[from] psn
|upkeep
|turn|39
|
|t:|1667266604
|switch|p2a: Gateskeeper|Hydreigon, F|88/100 brn
|move|p1a: Regieleki|Volt Switch|p2a: Gateskeeper
|-resisted|p2a: Gateskeeper
|-damage|p2a: Gateskeeper|63/100 brn
|
|t:|1667266608
|switch|p1a: Keldeo|Keldeo-Resolute|76/100|[from]move: Volt Switch
|-damage|p1a: Keldeo|70/100|[from] Stealth Rock
|
|-damage|p2a: Gateskeeper|57/100 brn|[from] brn
|upkeep
|turn|40
|
|t:|1667266613
|switch|p1a: Tapu Bulu|Tapu Bulu|89/100
|-damage|p1a: Tapu Bulu|76/100|[from] Stealth Rock
|-fieldstart|move: Grassy Terrain|[from] ability: Grassy Surge|[of] p1a: Tapu Bulu
|move|p2a: Gateskeeper|Flamethrower|p1a: Tapu Bulu
|-supereffective|p1a: Tapu Bulu
|-damage|p1a: Tapu Bulu|0 fnt
|faint|p1a: Tapu Bulu
|
|-damage|p2a: Gateskeeper|51/100 brn|[from] brn
|upkeep
|
|t:|1667266618
|switch|p1a: Keldeo|Keldeo-Resolute|70/100
|-damage|p1a: Keldeo|64/100|[from] Stealth Rock
|turn|41
|
|t:|1667266625
|switch|p2a: Diggs W|Crawdaunt, F|29/100 brn
|move|p1a: Keldeo|Surf|p2a: Diggs W
|-resisted|p2a: Diggs W
|-damage|p2a: Diggs W|0 fnt
|faint|p2a: Diggs W
|
|-heal|p1a: Keldeo|70/100|[from] Grassy Terrain
|upkeep
|
|t:|1667266631
|switch|p2a: You Give an Inch…|Gyarados, F|100/100
|turn|42
|
|t:|1667266639
|move|p1a: Keldeo|Surf|p2a: You Give an Inch…
|-resisted|p2a: You Give an Inch…
|-damage|p2a: You Give an Inch…|67/100
|move|p2a: You Give an Inch…|Dragon Dance|p2a: You Give an Inch…
|-boost|p2a: You Give an Inch…|atk|1
|-boost|p2a: You Give an Inch…|spe|1
|
|-heal|p1a: Keldeo|76/100|[from] Grassy Terrain
|upkeep
|turn|43
|
|t:|1667266651
|move|p2a: You Give an Inch…|Dragon Dance|p2a: You Give an Inch…
|-boost|p2a: You Give an Inch…|atk|1
|-boost|p2a: You Give an Inch…|spe|1
|move|p1a: Keldeo|Surf|p2a: You Give an Inch…
|-resisted|p2a: You Give an Inch…
|-damage|p2a: You Give an Inch…|32/100
|
|-heal|p1a: Keldeo|83/100|[from] Grassy Terrain
|upkeep
|turn|44
|
|t:|1667266666
|switch|p1a: Arcanine|Arcanine, F|74/100 tox
|-ability|p1a: Arcanine|Intimidate|boost
|-unboost|p2a: You Give an Inch…|atk|1
|move|p2a: You Give an Inch…|Power Whip|p1a: Arcanine
|-resisted|p1a: Arcanine
|-damage|p1a: Arcanine|41/100 tox
|
|-heal|p1a: Arcanine|47/100 tox|[from] Grassy Terrain
|-damage|p1a: Arcanine|41/100 tox|[from] psn
|-fieldend|move: Grassy Terrain
|upkeep
|turn|45
|
|t:|1667266669
|move|p2a: You Give an Inch…|Waterfall|p1a: Arcanine
|-supereffective|p1a: Arcanine
|-damage|p1a: Arcanine|0 fnt
|faint|p1a: Arcanine
|-ability|p2a: You Give an Inch…|Moxie|boost
|-boost|p2a: You Give an Inch…|atk|1
|
|upkeep
|
|t:|1667266672
|switch|p1a: Mamoswine|Mamoswine, F|100/100
|-damage|p1a: Mamoswine|88/100|[from] Stealth Rock
|turn|46
|
|t:|1667266686
|move|p1a: Mamoswine|Ice Shard|p2a: You Give an Inch…
|-damage|p2a: You Give an Inch…|0 fnt
|faint|p2a: You Give an Inch…
|
|upkeep
|
|t:|1667266692
|switch|p2a: If you switch conk|Corsola-Galar, F|51/100 tox
|turn|47
|
|t:|1667266696
|switch|p1a: Jellicent|Jellicent, M|100/100
|move|p2a: If you switch conk|Strength Sap|p1a: Jellicent
|-unboost|p1a: Jellicent|atk|1
|-heal|p2a: If you switch conk|86/100 tox
|
|-damage|p2a: If you switch conk|80/100 tox|[from] psn
|upkeep
|turn|48
|
|t:|1667266701
|switch|p2a: Gateskeeper|Hydreigon, F|51/100 brn
|move|p1a: Jellicent|Hex|p2a: Gateskeeper
|-resisted|p2a: Gateskeeper
|-damage|p2a: Gateskeeper|30/100 brn
|
|-damage|p2a: Gateskeeper|24/100 brn|[from] brn
|upkeep
|turn|49
|
|t:|1667266710
|switch|p1a: Keldeo|Keldeo-Resolute|83/100
|-damage|p1a: Keldeo|76/100|[from] Stealth Rock
|move|p2a: Gateskeeper|Draco Meteor|p1a: Keldeo
|-damage|p1a: Keldeo|0 fnt
|-unboost|p2a: Gateskeeper|spa|2
|faint|p1a: Keldeo
|
|-damage|p2a: Gateskeeper|17/100 brn|[from] brn
|upkeep
|
|t:|1667266712
|switch|p1a: Regieleki|Regieleki|100/100
|turn|50
|
|t:|1667266720
|switch|p2a: Corsola-Kanye|Chansey, F|25/100
|move|p1a: Regieleki|Thunderbolt|p2a: Corsola-Kanye
|-damage|p2a: Corsola-Kanye|8/100
|
|upkeep
|turn|51
|
|t:|1667266726
|move|p1a: Regieleki|Electro Ball|p2a: Corsola-Kanye
|-crit|p2a: Corsola-Kanye
|-damage|p2a: Corsola-Kanye|0 fnt
|faint|p2a: Corsola-Kanye
|
|upkeep
|
|t:|1667266737
|switch|p2a: If you switch conk|Corsola-Galar, F|80/100 tox
|turn|52
|
|t:|1667266739
|move|p1a: Regieleki|Volt Switch|p2a: If you switch conk
|-damage|p2a: If you switch conk|55/100 tox
|-start|p1a: Regieleki|Disable|Volt Switch|[from] ability: Cursed Body|[of] p2a: If you switch conk
|
|t:|1667266741
|switch|p1a: Jellicent|Jellicent, M|100/100|[from]move: Volt Switch
|move|p2a: If you switch conk|Strength Sap|p1a: Jellicent
|-unboost|p1a: Jellicent|atk|1
|-heal|p2a: If you switch conk|89/100 tox
|
|-damage|p2a: If you switch conk|83/100 tox|[from] psn
|upkeep
|turn|53
|
|t:|1667266745
|switch|p2a: r|Salamence, F|70/100 tox
|-ability|p2a: r|Intimidate|boost
|-unboost|p1a: Jellicent|atk|1
|move|p1a: Jellicent|Hex|p2a: r
|-damage|p2a: r|32/100 tox
|
|-damage|p2a: r|26/100 tox|[from] psn
|upkeep
|turn|54
|
|t:|1667266748
|move|p2a: r|Roost|p2a: r
|-heal|p2a: r|76/100 tox
|-singleturn|p2a: r|move: Roost
|move|p1a: Jellicent|Hex|p2a: r
|-damage|p2a: r|38/100 tox
|
|-damage|p2a: r|26/100 tox|[from] psn
|upkeep
|turn|55
|
|t:|1667266750
|move|p2a: r|Toxic|p1a: Jellicent|[miss]
|-miss|p2a: r|p1a: Jellicent
|move|p1a: Jellicent|Hex|p2a: r
|-damage|p2a: r|0 fnt
|faint|p2a: r
|
|upkeep
|
|t:|1667266753
|switch|p2a: Gateskeeper|Hydreigon, F|17/100 brn
|turn|56
|
|t:|1667266763
|switch|p1a: Mamoswine|Mamoswine, F|88/100
|-damage|p1a: Mamoswine|76/100|[from] Stealth Rock
|move|p2a: Gateskeeper|Dark Pulse|p1a: Mamoswine
|-damage|p1a: Mamoswine|0 fnt
|faint|p1a: Mamoswine
|
|-damage|p2a: Gateskeeper|11/100 brn|[from] brn
|upkeep
|
|t:|1667266765
|switch|p1a: Regieleki|Regieleki|100/100
|turn|57
|
|t:|1667266771
|switch|p2a: If you switch conk|Corsola-Galar, F|83/100 tox
|move|p1a: Regieleki|Volt Switch|p2a: If you switch conk
|-damage|p2a: If you switch conk|59/100 tox
|
|t:|1667266782
|switch|p1a: Jellicent|Jellicent, M|100/100|[from]move: Volt Switch
|
|-damage|p2a: If you switch conk|52/100 tox|[from] psn
|upkeep
|turn|58
|
|t:|1667266788
|move|p1a: Jellicent|Hex|p2a: If you switch conk
|-supereffective|p2a: If you switch conk
|-damage|p2a: If you switch conk|11/100 tox
|move|p2a: If you switch conk|Strength Sap|p1a: Jellicent
|-unboost|p1a: Jellicent|atk|1
|-heal|p2a: If you switch conk|46/100 tox
|
|-damage|p2a: If you switch conk|33/100 tox|[from] psn
|upkeep
|turn|59
|
|t:|1667266802
|move|p1a: Jellicent|Hex|p2a: If you switch conk
|-supereffective|p2a: If you switch conk
|-damage|p2a: If you switch conk|0 fnt
|-start|p1a: Jellicent|Disable|Hex|[from] ability: Cursed Body|[of] p2a: If you switch conk
|faint|p2a: If you switch conk
|
|upkeep
|
|t:|1667266804
|switch|p2a: Gateskeeper|Hydreigon, F|11/100 brn
|turn|60
|
|t:|1667266807
|move|p2a: Gateskeeper|Dark Pulse|p1a: Jellicent
|-supereffective|p1a: Jellicent
|-damage|p1a: Jellicent|8/100
|move|p1a: Jellicent|Recover|p1a: Jellicent
|-heal|p1a: Jellicent|58/100
|
|-damage|p2a: Gateskeeper|5/100 brn|[from] brn
|upkeep
|turn|61
|c|☆GryphonEx|gg
|c|☆misplayin|gg
|
|t:|1667266814
|move|p2a: Gateskeeper|Dark Pulse|p1a: Jellicent
|-supereffective|p1a: Jellicent
|-damage|p1a: Jellicent|0 fnt
|faint|p1a: Jellicent
|
|-damage|p2a: Gateskeeper|0 fnt|[from] brn
|faint|p2a: Gateskeeper
|
|win|misplayin
|upkeep
|raw|misplayin's rating: 1512 &rarr; <strong>1534</strong><br />(+22 for winning)
|raw|GryphonEx's rating: 1541 &rarr; <strong>1519</strong><br />(-22 for losing)
|l|☆misplayin
||Ladder isn't responding, score probably updated but might not have (Request timeout).
