|j|☆esqimo589
|j|☆amogusroxyrrrr
|t:|1661557637
|gametype|singles
|player|p1|esqimo589|n|1314
|player|p2|amogusroxyrrrr|scientistf|1221
|teamsize|p1|6
|teamsize|p2|6
|gen|8
|tier|[Gen 8] UU
|rated|
|rule|Sleep Clause Mod: Limit one foe put to sleep
|rule|Species Clause: Limit one of each Pokémon
|rule|OHKO Clause: OHKO moves are banned
|rule|Evasion Items Clause: Evasion items are banned
|rule|Evasion Moves Clause: Evasion moves are banned
|rule|Endless Battle Clause: Forcing endless battles is banned
|rule|HP Percentage Mod: HP is shown in percentages
|rule|Dynamax Clause: You cannot dynamax
|clearpoke
|poke|p1|Slowbro-Galar, F|
|poke|p1|Diggersby, M|
|poke|p1|Cobalion|
|poke|p1|Tangrowth, F|
|poke|p1|Rotom-Wash|
|poke|p1|Salamence, F|
|poke|p2|Scolipede, M|
|poke|p2|Krookodile, M|
|poke|p2|Necrozma|
|poke|p2|Tentacruel, F|
|poke|p2|Gyarados, M|
|poke|p2|Jirachi|
|teampreview
|inactive|Battle timer is ON: inactive players will automatically lose when time's up. (requested by esqimo589)
|inactive|esqimo589 has 120 seconds left.
|inactive|amogusroxyrrrr has 120 seconds left.
|
|t:|1661557679
|start
|switch|p1a: whiteeyesbluedrag|Salamence, F|100/100
|switch|p2a: Jirachi|Jirachi|100/100
|-ability|p1a: whiteeyesbluedrag|Intimidate|boost
|-unboost|p2a: Jirachi|atk|1
|turn|1
|inactive|esqimo589 has 120 seconds left.
|
|t:|1661557711
|move|p2a: Jirachi|U-turn|p1a: whiteeyesbluedrag
|-resisted|p1a: whiteeyesbluedrag
|-damage|p1a: whiteeyesbluedrag|94/100
|
|t:|1661557714
|switch|p2a: Tentacruel|Tentacruel, F|100/100|[from]move: U-turn
|move|p1a: whiteeyesbluedrag|Flamethrower|p2a: Tentacruel
|-resisted|p2a: Tentacruel
|-damage|p2a: Tentacruel|91/100
|
|-heal|p2a: Tentacruel|97/100|[from] item: Black Sludge
|upkeep
|turn|2
|
|t:|1661557728
|switch|p1a: goat|Cobalion|100/100
|move|p2a: Tentacruel|Knock Off|p1a: goat
|-resisted|p1a: goat
|-damage|p1a: goat|94/100
|-damage|p2a: Tentacruel|80/100|[from] item: Rocky Helmet|[of] p1a: goat
|-ability|p1a: goat|Justified|boost
|-boost|p1a: goat|atk|1
|-enditem|p1a: goat|Rocky Helmet|[from] move: Knock Off|[of] p2a: Tentacruel
|
|-heal|p2a: Tentacruel|86/100|[from] item: Black Sludge
|upkeep
|turn|3
|
|t:|1661557738
|move|p1a: goat|Stone Edge|p2a: Tentacruel|[miss]
|-miss|p1a: goat|p2a: Tentacruel
|move|p2a: Tentacruel|Scald|p1a: goat
|-damage|p1a: goat|59/100
|-status|p1a: goat|brn
|
|-heal|p2a: Tentacruel|93/100|[from] item: Black Sludge
|-damage|p1a: goat|53/100 brn|[from] brn
|upkeep
|turn|4
|inactive|esqimo589 has 120 seconds left.
|
|t:|1661557767
|switch|p2a: Jirachi|Jirachi|100/100
|move|p1a: goat|Stealth Rock|p2a: Jirachi
|-sidestart|p2: amogusroxyrrrr|move: Stealth Rock
|
|-damage|p1a: goat|47/100 brn|[from] brn
|upkeep
|turn|5
|
|t:|1661557777
|switch|p1a: a washing machine|Rotom-Wash|100/100
|move|p2a: Jirachi|U-turn|p1a: a washing machine
|-damage|p1a: a washing machine|77/100
|inactive|amogusroxyrrrr has 120 seconds left.
|
|t:|1661557800
|switch|p2a: Necrozma|Necrozma|100/100|[from]move: U-turn
|-damage|p2a: Necrozma|88/100|[from] Stealth Rock
|
|-heal|p1a: a washing machine|83/100|[from] item: Leftovers
|upkeep
|turn|6
|inactive|amogusroxyrrrr has 120 seconds left.
|
|t:|1661557832
|move|p1a: a washing machine|Will-O-Wisp|p2a: Necrozma|[miss]
|-miss|p1a: a washing machine|p2a: Necrozma
|move|p2a: Necrozma|Autotomize|p2a: Necrozma
|-boost|p2a: Necrozma|spe|2
|-start|p2a: Necrozma|Autotomize
|
|-heal|p1a: a washing machine|90/100|[from] item: Leftovers
|upkeep
|turn|7
|inactive|amogusroxyrrrr has 90 seconds left.
|inactive|esqimo589 has 120 seconds left.
|
|t:|1661557857
|switch|p1a: goat|Cobalion|47/100 brn
|move|p2a: Necrozma|Photon Geyser|p1a: goat
|-damage|p1a: goat|0 fnt
|faint|p1a: goat
|
|upkeep
|inactive|esqimo589 has 120 seconds left.
|
|t:|1661557875
|switch|p1a: huuge|Diggersby, M|100/100
|turn|8
|
|t:|1661557888
|switch|p2a: Krookodile|Krookodile, M|100/100
|-damage|p2a: Krookodile|95/100|[from] Stealth Rock
|-ability|p2a: Krookodile|Intimidate|boost
|-unboost|p1a: huuge|atk|1
|move|p1a: huuge|Body Slam|p2a: Krookodile
|-damage|p2a: Krookodile|63/100
|
|-heal|p2a: Krookodile|69/100|[from] item: Leftovers
|upkeep
|turn|9
|c|☆amogusroxyrrrr|thank you for not naming that big chungus
|c|☆esqimo589|its huge
|c|☆esqimo589|but thanks for the idea i had no idea what the call th is
|
|t:|1661557912
|switch|p1a: whiteeyesbluedrag|Salamence, F|94/100
|-ability|p1a: whiteeyesbluedrag|Intimidate|boost
|-unboost|p2a: Krookodile|atk|1
|move|p2a: Krookodile|Stealth Rock|p1a: whiteeyesbluedrag
|-sidestart|p1: esqimo589|move: Stealth Rock
|
|-heal|p2a: Krookodile|75/100|[from] item: Leftovers
|upkeep
|turn|10
|inactive|amogusroxyrrrr has 90 seconds left.
|
|t:|1661557960
|move|p1a: whiteeyesbluedrag|Hurricane|p2a: Krookodile|[miss]
|-miss|p1a: whiteeyesbluedrag|p2a: Krookodile
|move|p2a: Krookodile|Knock Off|p1a: whiteeyesbluedrag
|-damage|p1a: whiteeyesbluedrag|65/100
|-enditem|p1a: whiteeyesbluedrag|Heavy-Duty Boots|[from] move: Knock Off|[of] p2a: Krookodile
|
|-heal|p2a: Krookodile|81/100|[from] item: Leftovers
|upkeep
|turn|11
|inactive|amogusroxyrrrr has 60 seconds left.
|
|t:|1661558002
|switch|p1a: huuge|Diggersby, M|100/100
|-damage|p1a: huuge|94/100|[from] Stealth Rock
|switch|p2a: Jirachi|Jirachi|100/100
|-damage|p2a: Jirachi|94/100|[from] Stealth Rock
|
|upkeep
|turn|12
|inactive|amogusroxyrrrr has 30 seconds left.
|
|t:|1661558027
|move|p2a: Jirachi|U-turn|p1a: huuge
|-damage|p1a: huuge|68/100
|
|t:|1661558031
|switch|p2a: Krookodile|Krookodile, M|81/100|[from]move: U-turn
|-damage|p2a: Krookodile|75/100|[from] Stealth Rock
|-ability|p2a: Krookodile|Intimidate|boost
|-unboost|p1a: huuge|atk|1
|move|p1a: huuge|U-turn|p2a: Krookodile
|-supereffective|p2a: Krookodile
|-damage|p2a: Krookodile|38/100
|inactive|esqimo589 has 90 seconds left.
|
|t:|1661558059
|switch|p1a: whiteeyesbluedrag|Salamence, F|65/100|[from]move: U-turn
|-damage|p1a: whiteeyesbluedrag|40/100|[from] Stealth Rock
|-ability|p1a: whiteeyesbluedrag|Intimidate|boost
|-unboost|p2a: Krookodile|atk|1
|
|-heal|p2a: Krookodile|44/100|[from] item: Leftovers
|upkeep
|turn|13
|j| StarFalcon555
|
|t:|1661558068
|move|p1a: whiteeyesbluedrag|Roost|p1a: whiteeyesbluedrag
|-heal|p1a: whiteeyesbluedrag|90/100
|-singleturn|p1a: whiteeyesbluedrag|move: Roost
|move|p2a: Krookodile|Knock Off|p1a: whiteeyesbluedrag
|-damage|p1a: whiteeyesbluedrag|71/100
|
|-heal|p2a: Krookodile|50/100|[from] item: Leftovers
|upkeep
|turn|14
|j| MegaTotomon
|
|t:|1661558093
|switch|p2a: Tentacruel|Tentacruel, F|93/100
|-damage|p2a: Tentacruel|80/100|[from] Stealth Rock
|move|p1a: whiteeyesbluedrag|Hurricane|p2a: Tentacruel
|-crit|p2a: Tentacruel
|-damage|p2a: Tentacruel|33/100
|
|-heal|p2a: Tentacruel|39/100|[from] item: Black Sludge
|upkeep
|turn|15
|l| MegaTotomon
|inactive|esqimo589 has 90 seconds left.
|
|t:|1661558118
|switch|p1a: huuge|Diggersby, M|68/100
|-damage|p1a: huuge|62/100|[from] Stealth Rock
|move|p2a: Tentacruel|Rapid Spin|p1a: huuge
|-damage|p1a: huuge|52/100
|-boost|p2a: Tentacruel|spe|1
|-sideend|p2: amogusroxyrrrr|Stealth Rock|[from] move: Rapid Spin|[of] p2a: Tentacruel
|
|-heal|p2a: Tentacruel|45/100|[from] item: Black Sludge
|upkeep
|turn|16
|inactive|esqimo589 has 90 seconds left.
|
|t:|1661558128
|switch|p1a: tangrussy|Tangrowth, F|100/100
|-damage|p1a: tangrussy|88/100|[from] Stealth Rock
|move|p2a: Tentacruel|Scald|p1a: tangrussy
|-resisted|p1a: tangrussy
|-damage|p1a: tangrussy|81/100
|
|-heal|p2a: Tentacruel|51/100|[from] item: Black Sludge
|upkeep
|turn|17
|
|t:|1661558137
|move|p2a: Tentacruel|Knock Off|p1a: tangrussy
|-damage|p1a: tangrussy|70/100
|-enditem|p1a: tangrussy|Assault Vest|[from] move: Knock Off|[of] p2a: Tentacruel
|move|p1a: tangrussy|Earthquake|p2a: Tentacruel
|-supereffective|p2a: Tentacruel
|-damage|p2a: Tentacruel|0 fnt
|faint|p2a: Tentacruel
|
|upkeep
|
|t:|1661558146
|switch|p2a: Necrozma|Necrozma|88/100
|turn|18
|
|t:|1661558154
|move|p2a: Necrozma|Autotomize|p2a: Necrozma
|-boost|p2a: Necrozma|spe|2
|-start|p2a: Necrozma|Autotomize
|move|p1a: tangrussy|Knock Off|p2a: Necrozma
|-supereffective|p2a: Necrozma
|-damage|p2a: Necrozma|53/100
|-enditem|p2a: Necrozma|Power Herb|[from] move: Knock Off|[of] p1a: tangrussy
|
|upkeep
|turn|19
|l| StarFalcon555
|inactive|amogusroxyrrrr has 60 seconds left.
|inactive|esqimo589 has 90 seconds left.
|
|t:|1661558199
|move|p2a: Necrozma|Heat Wave|p1a: tangrussy
|-supereffective|p1a: tangrussy
|-damage|p1a: tangrussy|5/100
|move|p1a: tangrussy|Power Whip|p2a: Necrozma
|-damage|p2a: Necrozma|11/100
|
|upkeep
|turn|20
|
|t:|1661558206
|move|p2a: Necrozma|Photon Geyser|p1a: tangrussy
|-damage|p1a: tangrussy|0 fnt
|faint|p1a: tangrussy
|
|upkeep
|
|t:|1661558231
|switch|p1a: a washing machine|Rotom-Wash|90/100
|-damage|p1a: a washing machine|77/100|[from] Stealth Rock
|turn|21
|
|t:|1661558233
|move|p2a: Necrozma|Photon Geyser|p1a: a washing machine
|-damage|p1a: a washing machine|22/100
|move|p1a: a washing machine|Volt Switch|p2a: Necrozma
|-damage|p2a: Necrozma|0 fnt
|faint|p2a: Necrozma
|
|t:|1661558246
|switch|p1a: headache|Slowbro-Galar, F|100/100|[from]move: Volt Switch
|-damage|p1a: headache|88/100|[from] Stealth Rock
|
|upkeep
|
|t:|1661558257
|switch|p2a: Krookodile|Krookodile, M|50/100
|-ability|p2a: Krookodile|Intimidate|boost
|-unboost|p1a: headache|atk|1
|turn|22
|
|t:|1661558277
|switch|p2a: Alaskan Bull Worm|Gyarados, M, shiny|100/100
|switch|p1a: whiteeyesbluedrag|Salamence, F|71/100
|-damage|p1a: whiteeyesbluedrag|46/100|[from] Stealth Rock
|-ability|p1a: whiteeyesbluedrag|Intimidate|boost
|-unboost|p2a: Alaskan Bull Worm|atk|1
|
|upkeep
|turn|23
|inactive|amogusroxyrrrr has 90 seconds left.
|
|t:|1661558284
|move|p1a: whiteeyesbluedrag|Roost|p1a: whiteeyesbluedrag
|-heal|p1a: whiteeyesbluedrag|96/100
|-singleturn|p1a: whiteeyesbluedrag|move: Roost
|move|p2a: Alaskan Bull Worm|Dragon Dance|p2a: Alaskan Bull Worm
|-boost|p2a: Alaskan Bull Worm|atk|1
|-boost|p2a: Alaskan Bull Worm|spe|1
|
|upkeep
|turn|24
|
|t:|1661558289
|move|p2a: Alaskan Bull Worm|Dragon Dance|p2a: Alaskan Bull Worm
|-boost|p2a: Alaskan Bull Worm|atk|1
|-boost|p2a: Alaskan Bull Worm|spe|1
|move|p1a: whiteeyesbluedrag|Hurricane|p2a: Alaskan Bull Worm|[miss]
|-miss|p1a: whiteeyesbluedrag|p2a: Alaskan Bull Worm
|
|upkeep
|turn|25
|
|t:|1661558293
|move|p2a: Alaskan Bull Worm|Ice Fang|p1a: whiteeyesbluedrag
|-supereffective|p1a: whiteeyesbluedrag
|-damage|p1a: whiteeyesbluedrag|0 fnt
|faint|p1a: whiteeyesbluedrag
|-ability|p2a: Alaskan Bull Worm|Moxie|boost
|-boost|p2a: Alaskan Bull Worm|atk|1
|
|upkeep
|c|☆esqimo589|a
|
|t:|1661558299
|switch|p1a: a washing machine|Rotom-Wash|22/100
|-damage|p1a: a washing machine|9/100|[from] Stealth Rock
|turn|26
|c|☆amogusroxyrrrr|im getting rng carried hard
|
|t:|1661558303
|move|p2a: Alaskan Bull Worm|Waterfall|p1a: a washing machine
|-resisted|p1a: a washing machine
|-damage|p1a: a washing machine|0 fnt
|faint|p1a: a washing machine
|-ability|p2a: Alaskan Bull Worm|Moxie|boost
|-boost|p2a: Alaskan Bull Worm|atk|1
|
|upkeep
|c|☆esqimo589|i mean i dont think it wouldve mattered
|
|t:|1661558310
|switch|p1a: headache|Slowbro-Galar, F|100/100
|-damage|p1a: headache|88/100|[from] Stealth Rock
|turn|27
|c|☆esqimo589|gg
|c|☆amogusroxyrrrr|well like
|c|☆amogusroxyrrrr|idt mence even hit a hurricane other than the crit one
|c|☆amogusroxyrrrr|gg
|
|t:|1661558325
|move|p2a: Alaskan Bull Worm|Waterfall|p1a: headache
|-damage|p1a: headache|14/100
|move|p1a: headache|Sludge Bomb|p2a: Alaskan Bull Worm
|-damage|p2a: Alaskan Bull Worm|68/100
|
|upkeep
|turn|28
|inactive|esqimo589 has 120 seconds left.
|
|t:|1661558333
|move|p2a: Alaskan Bull Worm|Waterfall|p1a: headache
|-damage|p1a: headache|0 fnt
|faint|p1a: headache
|-ability|p2a: Alaskan Bull Worm|Moxie|boost
|-boost|p2a: Alaskan Bull Worm|atk|1
|
|upkeep
|
|t:|1661558336
|switch|p1a: huuge|Diggersby, M|52/100
|-damage|p1a: huuge|46/100|[from] Stealth Rock
|turn|29
|
|t:|1661558341
|move|p2a: Alaskan Bull Worm|Waterfall|p1a: huuge
|-supereffective|p1a: huuge
|-damage|p1a: huuge|0 fnt
|faint|p1a: huuge
|
|win|amogusroxyrrrr
|raw|esqimo589's rating: 1314 &rarr; <strong>1289</strong><br />(-25 for losing)
|raw|amogusroxyrrrr's rating: 1221 &rarr; <strong>1253</strong><br />(+32 for winning)
|c|☆esqimo589|ho dumb?
|c|☆amogusroxyrrrr|yes
|c|☆amogusroxyrrrr|ho dumb
|c|☆esqimo589|braindead?
|c|☆amogusroxyrrrr|yes
|c|☆esqimo589|volatile?
||Ladder isn't responding, score probably updated but might not have (Request timeout).
|c|☆esqimo589|should we ban every set up sweeper?
|c|☆amogusroxyrrrr|just bann every attack move
|c|☆amogusroxyrrrr|only stall allowed
