|j|☆Osrhen
|j|☆MOSTPOWERFULJOJO
|t:|1599044315
|player|p1|Osrhen|hugh|
|player|p2|MOSTPOWERFULJOJO|silver|
|teamsize|p1|6
|teamsize|p2|6
|gametype|singles
|gen|8
|tier|[Gen 8] UU
|rated|Tournament battle
|clearpoke
|poke|p1|Mienshao, M|
|poke|p1|Slurpuff, M|
|poke|p1|Indeedee, M|
|poke|p1|Keldeo-Resolute|
|poke|p1|Incineroar, F|
|poke|p1|Rotom-Mow|
|poke|p2|Froslass, F|
|poke|p2|Krookodile, F|
|poke|p2|Mimikyu, F|
|poke|p2|Passimian, M|
|poke|p2|Rotom-Wash|
|poke|p2|Incineroar, F|
|rule|Sleep Clause Mod: Limit one foe put to sleep
|rule|Species Clause: Limit one of each Pokémon
|rule|OHKO Clause: OHKO moves are banned
|rule|Evasion Moves Clause: Evasion moves are banned
|rule|Endless Battle Clause: Forcing endless battles is banned
|rule|HP Percentage Mod: HP is shown in percentages
|rule|Dynamax Clause: You cannot dynamax
|teampreview
|j|*Lady Monita
|j| Link Loyan
|j| Bliksie
|c| Link Loyan|glhf
|
|t:|1599044333
|start
|switch|p1a: Slurpuff|Slurpuff, M|100/100
|switch|p2a: Froslass|Froslass, F|100/100
|turn|1
|
|t:|1599044337
|move|p2a: Froslass|Taunt|p1a: Slurpuff
|-start|p1a: Slurpuff|move: Taunt
|cant|p1a: Slurpuff|move: Taunt|Sticky Web
|
|upkeep
|turn|2
|
|t:|1599044343
|switch|p1a: Incineroar|Incineroar, F|100/100
|-ability|p1a: Incineroar|Intimidate|boost
|-unboost|p2a: Froslass|atk|1
|move|p2a: Froslass|Spikes|p1a: Incineroar
|-sidestart|p1: Osrhen|Spikes
|
|upkeep
|turn|3
|
|t:|1599044349
|move|p2a: Froslass|Spikes|p1a: Incineroar
|-sidestart|p1: Osrhen|Spikes
|move|p1a: Incineroar|Parting Shot|p2a: Froslass
|-unboost|p2a: Froslass|atk|1
|-unboost|p2a: Froslass|spa|1
|
|t:|1599044351
|switch|p1a: Rotom|Rotom-Mow|100/100|[from]move: Parting Shot
|
|upkeep
|turn|4
|j| Ignem12
|j| L4dder
|
|t:|1599044358
|move|p2a: Froslass|Taunt|p1a: Rotom
|-start|p1a: Rotom|move: Taunt
|cant|p1a: Rotom|move: Taunt|Toxic
|
|upkeep
|turn|5
|
|t:|1599044361
|move|p2a: Froslass|Spikes|p1a: Rotom
|-sidestart|p1: Osrhen|Spikes
|move|p1a: Rotom|Volt Switch|p2a: Froslass
|-crit|p2a: Froslass
|-damage|p2a: Froslass|46/100
|
|t:|1599044389
|switch|p1a: Indeedee|Indeedee, M|100/100|[from]move: Volt Switch
|-damage|p1a: Indeedee|76/100|[from] Spikes
|-fieldstart|move: Psychic Terrain|[from] ability: Psychic Surge|[of] p1a: Indeedee
|
|upkeep
|turn|6
|
|t:|1599044399
|move|p1a: Indeedee|Shadow Ball|p2a: Froslass
|-supereffective|p2a: Froslass
|-damage|p2a: Froslass|0 fnt
|faint|p2a: Froslass
|
|upkeep
|
|t:|1599044404
|switch|p2a: Krookodile|Krookodile, F|100/100
|-ability|p2a: Krookodile|Intimidate|boost
|-unboost|p1a: Indeedee|atk|1
|turn|7
|
|t:|1599044409
|switch|p1a: Rotom|Rotom-Mow|100/100
|move|p2a: Krookodile|Stealth Rock|p1a: Rotom
|-sidestart|p1: Osrhen|move: Stealth Rock
|
|upkeep
|turn|8
|j| Aditya 33 452
|
|t:|1599044412
|move|p2a: Krookodile|Taunt|p1a: Rotom
|-start|p1a: Rotom|move: Taunt
|cant|p1a: Rotom|move: Taunt|Defog
|
|upkeep
|turn|9
|
|t:|1599044417
|move|p2a: Krookodile|Knock Off|p1a: Rotom
|-crit|p1a: Rotom
|-damage|p1a: Rotom|21/100
|-enditem|p1a: Rotom|Heavy-Duty Boots|[from] move: Knock Off|[of] p2a: Krookodile
|move|p1a: Rotom|Leaf Storm|p2a: Krookodile
|-supereffective|p2a: Krookodile
|-damage|p2a: Krookodile|0 fnt
|-unboost|p1a: Rotom|spa|2
|faint|p2a: Krookodile
|
|-fieldend|move: Psychic Terrain
|upkeep
|l| Aditya 33 452
|
|t:|1599044425
|switch|p2a: Passimian|Passimian, M|100/100
|turn|10
|
|t:|1599044443
|switch|p1a: Incineroar|Incineroar, F|100/100
|-damage|p1a: Incineroar|76/100|[from] Spikes
|-damage|p1a: Incineroar|51/100|[from] Stealth Rock
|-ability|p1a: Incineroar|Intimidate|boost
|-unboost|p2a: Passimian|atk|1
|-ability|p2a: Passimian|Defiant
|-boost|p2a: Passimian|atk|2
|move|p2a: Passimian|U-turn|p1a: Incineroar
|-damage|p1a: Incineroar|18/100
|j| Aditya 33 452
|j| Hoopa590
|l| Aditya 33 452
|
|t:|1599044452
|switch|p2a: Rotom|Rotom-Wash|100/100|[from]move: U-turn
|
|-heal|p1a: Incineroar|24/100|[from] item: Leftovers
|upkeep
|turn|11
|
|t:|1599044460
|move|p2a: Rotom|Volt Switch|p1a: Incineroar
|-damage|p1a: Incineroar|0 fnt
|faint|p1a: Incineroar
|
|t:|1599044463
|switch|p2a: Passimian|Passimian, M|100/100|[from]move: Volt Switch
|
|upkeep
|
|t:|1599044481
|switch|p1a: Mienshao|Mienshao, M|100/100
|-damage|p1a: Mienshao|95/100|[from] Stealth Rock
|-damage|p1a: Mienshao|70/100|[from] Spikes
|turn|12
|
|t:|1599044493
|move|p1a: Mienshao|Fake Out|p2a: Passimian
|-damage|p2a: Passimian|80/100
|-damage|p1a: Mienshao|60/100|[from] item: Life Orb
|cant|p2a: Passimian|flinch
|
|upkeep
|turn|13
|
|t:|1599044500
|switch|p1a: Slurpuff|Slurpuff, M|100/100
|-damage|p1a: Slurpuff|76/100|[from] Spikes
|-damage|p1a: Slurpuff|63/100|[from] Stealth Rock
|move|p2a: Passimian|Close Combat|p1a: Slurpuff
|-resisted|p1a: Slurpuff
|-damage|p1a: Slurpuff|23/100
|-unboost|p2a: Passimian|def|1
|-unboost|p2a: Passimian|spd|1
|
|upkeep
|turn|14
|
|t:|1599044511
|move|p2a: Passimian|Close Combat|p1a: Slurpuff
|-resisted|p1a: Slurpuff
|-damage|p1a: Slurpuff|0 fnt
|-unboost|p2a: Passimian|def|1
|-unboost|p2a: Passimian|spd|1
|faint|p1a: Slurpuff
|
|upkeep
|
|t:|1599044527
|switch|p1a: Keldeo|Keldeo-Resolute|100/100
|-damage|p1a: Keldeo|76/100|[from] Spikes
|-damage|p1a: Keldeo|70/100|[from] Stealth Rock
|turn|15
|
|t:|1599044538
|move|p2a: Passimian|Close Combat|p1a: Keldeo
|-damage|p1a: Keldeo|5/100
|-unboost|p2a: Passimian|def|1
|-unboost|p2a: Passimian|spd|1
|move|p1a: Keldeo|Surf|p2a: Passimian
|-damage|p2a: Passimian|0 fnt
|faint|p2a: Passimian
|
|upkeep
|
|t:|1599044548
|switch|p2a: Mimikyu|Mimikyu, F|100/100
|turn|16
|c|☆Osrhen|gg
|
|t:|1599044552
|switch|p1a: Indeedee|Indeedee, M|76/100
|-damage|p1a: Indeedee|51/100|[from] Spikes
|-damage|p1a: Indeedee|38/100|[from] Stealth Rock
|-fieldstart|move: Psychic Terrain|[from] ability: Psychic Surge|[of] p1a: Indeedee
|move|p2a: Mimikyu|Shadow Sneak|p1a: Indeedee
|-activate|p1a: Indeedee|move: Psychic Terrain
|
|upkeep
|turn|17
|c|☆MOSTPOWERFULJOJO|gg
|
|t:|1599044560
|switch|p2a: Incineroar|Incineroar, F|100/100
|-ability|p2a: Incineroar|Intimidate|boost
|-unboost|p1a: Indeedee|atk|1
|move|p1a: Indeedee|Expanding Force|p2a: Incineroar
|-immune|p2a: Incineroar
|
|upkeep
|turn|18
|
|t:|1599044567
|switch|p1a: Keldeo|Keldeo-Resolute|5/100
|-damage|p1a: Keldeo|0 fnt|[from] Stealth Rock
|faint|p1a: Keldeo
|move|p2a: Incineroar|Flare Blitz|p1: Keldeo|[notarget]
|-fail|p2a: Incineroar
|
|upkeep
|
|t:|1599044569
|switch|p1a: Mienshao|Mienshao, M|93/100
|-damage|p1a: Mienshao|87/100|[from] Stealth Rock
|-damage|p1a: Mienshao|62/100|[from] Spikes
|turn|19
|
|t:|1599044577
|move|p1a: Mienshao|Knock Off|p2a: Incineroar
|-resisted|p2a: Incineroar
|-damage|p2a: Incineroar|75/100
|-enditem|p2a: Incineroar|Heavy-Duty Boots|[from] move: Knock Off|[of] p1a: Mienshao
|-damage|p1a: Mienshao|53/100|[from] item: Life Orb
|move|p2a: Incineroar|Flare Blitz|p1a: Mienshao
|-damage|p1a: Mienshao|0 fnt
|-damage|p2a: Incineroar|60/100|[from] Recoil
|faint|p1a: Mienshao
|
|upkeep
|
|t:|1599044588
|switch|p1a: Indeedee|Indeedee, M|38/100
|-damage|p1a: Indeedee|26/100|[from] Stealth Rock
|-damage|p1a: Indeedee|1/100|[from] Spikes
|turn|20
|
|t:|1599044591
|move|p1a: Indeedee|Dazzling Gleam|p2a: Incineroar
|-damage|p2a: Incineroar|35/100
|move|p2a: Incineroar|Flare Blitz|p1a: Indeedee
|-damage|p1a: Indeedee|0 fnt
|-damage|p2a: Incineroar|34/100|[from] Recoil
|faint|p1a: Indeedee
|
|-fieldend|move: Psychic Terrain
|upkeep
|j| Bomb21XD
|
|t:|1599044595
|switch|p1a: Rotom|Rotom-Mow|21/100
|-damage|p1a: Rotom|9/100|[from] Stealth Rock
|turn|21
|
|t:|1599044603
|move|p1a: Rotom|Leaf Storm|p2a: Incineroar
|-resisted|p2a: Incineroar
|-damage|p2a: Incineroar|10/100
|-unboost|p1a: Rotom|spa|2
|move|p2a: Incineroar|Flare Blitz|p1a: Rotom
|-supereffective|p1a: Rotom
|-damage|p1a: Rotom|0 fnt
|-damage|p2a: Incineroar|7/100|[from] Recoil
|faint|p1a: Rotom
|
|win|MOSTPOWERFULJOJO
