|j|☆Unax10 & Hydreigod
|j|☆EliotEnRetar
|t:|1627560454
|gametype|singles
|player|p1|Unax10 & Hydreigod|grimsley-gen7|1260
|player|p2|EliotEnRetar|falkner|1422
|teamsize|p1|6
|teamsize|p2|6
|gen|8
|tier|[Gen 8] UU
|rated|
|rule|Sleep Clause Mod: Limit one foe put to sleep
|rule|Species Clause: Limit one of each Pokémon
|rule|OHKO Clause: OHKO moves are banned
|rule|Evasion Moves Clause: Evasion moves are banned
|rule|Endless Battle Clause: Forcing endless battles is banned
|rule|HP Percentage Mod: HP is shown in percentages
|rule|Dynamax Clause: You cannot dynamax
|clearpoke
|poke|p1|Crawdaunt, M|
|poke|p1|Jirachi|
|poke|p1|Amoonguss, M|
|poke|p1|Salamence, F|
|poke|p1|Rotom-Wash|
|poke|p1|Thundurus-Therian, M|
|poke|p2|Drapion, M|
|poke|p2|Talonflame, F|
|poke|p2|Ribombee, F|
|poke|p2|Conkeldurr, M|
|poke|p2|Zygarde-10%|
|poke|p2|Rotom-Wash|
|teampreview
|inactive|Battle timer is ON: inactive players will automatically lose when time's up. (requested by Unax10 & Hydreigod)
|
|t:|1627560464
|start
|switch|p1a: Medeagod|Jirachi, shiny|100/100
|switch|p2a: Ribombee|Ribombee, F|100/100
|turn|1
|
|t:|1627560469
|move|p2a: Ribombee|Sticky Web|p1a: Medeagod
|-sidestart|p1: Unax10 & Hydreigod|move: Sticky Web
|move|p1a: Medeagod|Iron Head|p2a: Ribombee
|-supereffective|p2a: Ribombee
|-enditem|p2a: Ribombee|Focus Sash
|-damage|p2a: Ribombee|1/100
|
|upkeep
|turn|2
|
|t:|1627560474
|switch|p2a: Rotom|Rotom-Wash|100/100
|move|p1a: Medeagod|U-turn|p2a: Rotom
|-damage|p2a: Rotom|86/100
|
|t:|1627560480
|switch|p1a: Thor|Thundurus-Therian, M, shiny|100/100|[from]move: U-turn
|
|-heal|p2a: Rotom|92/100|[from] item: Leftovers
|upkeep
|turn|3
|
|t:|1627560483
|move|p1a: Thor|Nasty Plot|p1a: Thor
|-boost|p1a: Thor|spa|2
|move|p2a: Rotom|Hydro Pump|p1a: Thor|[miss]
|-miss|p2a: Rotom|p1a: Thor
|
|-heal|p2a: Rotom|99/100|[from] item: Leftovers
|upkeep
|turn|4
|
|t:|1627560494
|switch|p2a: Zygarde|Zygarde-10%|100/100
|-ability|p2a: Zygarde|Aura Break
|move|p1a: Thor|Thunderbolt|p2a: Zygarde
|-immune|p2a: Zygarde
|
|upkeep
|turn|5
|
|t:|1627560500
|move|p2a: Zygarde|Outrage|p1a: Thor
|-damage|p1a: Thor|0 fnt
|faint|p1a: Thor
|
|upkeep
|
|t:|1627560508
|switch|p1a: Medeagod|Jirachi, shiny|100/100
|-activate|p1a: Medeagod|move: Sticky Web
|-unboost|p1a: Medeagod|spe|1
|turn|6
|
|t:|1627560514
|move|p2a: Zygarde|Outrage|p1a: Medeagod|[from]lockedmove
|-resisted|p1a: Medeagod
|-damage|p1a: Medeagod|70/100
|-start|p2a: Zygarde|confusion|[fatigue]
|move|p1a: Medeagod|Iron Head|p2a: Zygarde
|-damage|p2a: Zygarde|54/100
|
|-heal|p1a: Medeagod|76/100|[from] item: Leftovers
|upkeep
|turn|7
|
|t:|1627560522
|switch|p2a: Rotom|Rotom-Wash|99/100
|move|p1a: Medeagod|U-turn|p2a: Rotom
|-damage|p2a: Rotom|85/100
|
|t:|1627560527
|switch|p1a: Balay|Rotom-Wash, shiny|100/100|[from]move: U-turn
|
|-heal|p2a: Rotom|91/100|[from] item: Leftovers
|upkeep
|turn|8
|
|t:|1627560530
|move|p1a: Balay|Defog|p2a: Rotom
|-unboost|p2a: Rotom|evasion|1
|-sideend|p1: Unax10 & Hydreigod|Sticky Web|[from] move: Defog|[of] p1a: Balay
|move|p2a: Rotom|Volt Switch|p1a: Balay
|-damage|p1a: Balay|71/100
|
|t:|1627560544
|switch|p2a: Conkeldurr|Conkeldurr, M|100/100|[from]move: Volt Switch
|
|-heal|p1a: Balay|77/100|[from] item: Leftovers
|-status|p2a: Conkeldurr|brn|[from] item: Flame Orb
|upkeep
|turn|9
|inactive|EliotEnRetar has 120 seconds left.
|inactive|EliotEnRetar has 90 seconds left.
|l|☆Unax10 & Hydreigod
|inactive|Unax10 & Hydreigod disconnected and has a minute to reconnect!
|player|p1|
|inactive|EliotEnRetar has 60 seconds left.
|j|☆Unax10 & Hydreigod
|inactive|Unax10 & Hydreigod reconnected.
|player|p1|Unax10 & Hydreigod|grimsley-gen7
|
|t:|1627560656
|move|p1a: Balay|Hydro Pump|p2a: Conkeldurr
|-damage|p2a: Conkeldurr|47/100 brn
|move|p2a: Conkeldurr|Close Combat|p1a: Balay
|-damage|p1a: Balay|0 fnt
|-unboost|p2a: Conkeldurr|def|1
|-unboost|p2a: Conkeldurr|spd|1
|faint|p1a: Balay
|
|-damage|p2a: Conkeldurr|41/100 brn|[from] brn
|upkeep
|
|t:|1627560661
|switch|p1a: Mari*|Salamence, F|100/100
|turn|10
|inactive|EliotEnRetar has 30 seconds left.
|inactive|EliotEnRetar has 20 seconds left.
|inactive|EliotEnRetar has 15 seconds left.
|
|t:|1627560705
|switch|p2a: Ribombee|Ribombee, F|1/100
|move|p1a: Mari*|Dual Wingbeat|p2a: Ribombee
|-supereffective|p2a: Ribombee
|-damage|p2a: Ribombee|0 fnt
|faint|p2a: Ribombee
|-ability|p1a: Mari*|Moxie|boost
|-boost|p1a: Mari*|atk|1
|-hitcount|p2: Ribombee|1
|
|upkeep
|inactive|EliotEnRetar has 20 seconds left this turn.
|
|t:|1627560709
|switch|p2a: Zygarde|Zygarde-10%|54/100
|-ability|p2a: Zygarde|Aura Break
|turn|11
|inactive|EliotEnRetar has 30 seconds left this turn.
|
|t:|1627560726
|switch|p1a: Medeagod|Jirachi, shiny|76/100
|move|p2a: Zygarde|Outrage|p1a: Medeagod
|-resisted|p1a: Medeagod
|-damage|p1a: Medeagod|43/100
|
|-heal|p1a: Medeagod|49/100|[from] item: Leftovers
|upkeep
|turn|12
|inactive|EliotEnRetar has 30 seconds left.
|inactive|EliotEnRetar has 20 seconds left.
|inactive|EliotEnRetar has 15 seconds left.
|inactive|EliotEnRetar has 10 seconds left.
|inactive|EliotEnRetar has 5 seconds left.
|
|t:|1627560763
|move|p2a: Zygarde|Outrage|p1a: Medeagod|[from]lockedmove
|-resisted|p1a: Medeagod
|-damage|p1a: Medeagod|18/100
|-start|p2a: Zygarde|confusion|[fatigue]
|move|p1a: Medeagod|Iron Head|p2a: Zygarde
|-damage|p2a: Zygarde|0 fnt
|faint|p2a: Zygarde
|
|-heal|p1a: Medeagod|25/100|[from] item: Leftovers
|upkeep
|inactive|EliotEnRetar has 10 seconds left this turn.
|inactive|EliotEnRetar has 5 seconds left.
|
|t:|1627560770
|switch|p2a: Rotom|Rotom-Wash|91/100
|turn|13
|inactive|EliotEnRetar has 15 seconds left this turn.
|
|t:|1627560779
|move|p1a: Medeagod|U-turn|p2a: Rotom
|-crit|p2a: Rotom
|-damage|p2a: Rotom|71/100
|inactive|EliotEnRetar has 20 seconds left this turn.
|
|t:|1627560782
|switch|p1a: SUS|Amoonguss, M, shiny|100/100|[from]move: U-turn
|move|p2a: Rotom|Volt Switch|p1a: SUS
|-resisted|p1a: SUS
|-damage|p1a: SUS|89/100
|inactive|EliotEnRetar has 25 seconds left this turn.
|inactive|EliotEnRetar has 20 seconds left.
|
|t:|1627560791
|switch|p2a: Conkeldurr|Conkeldurr, M|41/100 brn|[from]move: Volt Switch
|
|-heal|p1a: SUS|95/100|[from] item: Black Sludge
|-damage|p2a: Conkeldurr|35/100 brn|[from] brn
|upkeep
|turn|14
|inactive|EliotEnRetar has 30 seconds left this turn.
|inactive|EliotEnRetar has 20 seconds left.
|
|t:|1627560802
|move|p2a: Conkeldurr|Facade|p1a: SUS
|-crit|p1a: SUS
|-damage|p1a: SUS|0 fnt
|faint|p1a: SUS
|
|-damage|p2a: Conkeldurr|29/100 brn|[from] brn
|upkeep
|inactive|EliotEnRetar has 25 seconds left this turn.
|
|t:|1627560812
|switch|p1a: Mari*|Salamence, F|100/100
|turn|15
|inactive|EliotEnRetar has 30 seconds left.
|
|t:|1627560824
|switch|p2a: Rotom|Rotom-Wash|71/100
|move|p1a: Mari*|Dragon Dance|p1a: Mari*
|-boost|p1a: Mari*|atk|1
|-boost|p1a: Mari*|spe|1
|
|-heal|p2a: Rotom|77/100|[from] item: Leftovers
|upkeep
|turn|16
|
|t:|1627560830
|move|p1a: Mari*|Stone Edge|p2a: Rotom
|-damage|p2a: Rotom|35/100
|move|p2a: Rotom|Will-O-Wisp|p1a: Mari*
|-status|p1a: Mari*|brn
|
|-heal|p2a: Rotom|41/100|[from] item: Leftovers
|-damage|p1a: Mari*|94/100 brn|[from] brn
|upkeep
|turn|17
|
|t:|1627560835
|move|p1a: Mari*|Dragon Dance|p1a: Mari*
|-boost|p1a: Mari*|atk|1
|-boost|p1a: Mari*|spe|1
|move|p2a: Rotom|Volt Switch|p1a: Mari*
|-crit|p1a: Mari*
|-damage|p1a: Mari*|41/100 brn
|
|t:|1627560845
|switch|p2a: Talonflame|Talonflame, F|100/100|[from]move: Volt Switch
|
|-damage|p1a: Mari*|35/100 brn|[from] brn
|upkeep
|turn|18
|
|t:|1627560859
|move|p2a: Talonflame|Brave Bird|p1a: Mari*
|-damage|p1a: Mari*|0 fnt
|faint|p1a: Mari*
|-damage|p2a: Talonflame|88/100|[from] Recoil
|
|upkeep
|
|t:|1627560865
|switch|p1a: TOMA TUS 15!|Crawdaunt, M, shiny|100/100
|turn|19
|inactive|EliotEnRetar has 60 seconds left.
|
|t:|1627560883
|move|p1a: TOMA TUS 15!|Aqua Jet|p2a: Talonflame
|-supereffective|p2a: Talonflame
|-damage|p2a: Talonflame|0 fnt
|faint|p2a: Talonflame
|-damage|p1a: TOMA TUS 15!|91/100|[from] item: Life Orb
|
|upkeep
|
|t:|1627560887
|switch|p2a: Rotom|Rotom-Wash|41/100
|turn|20
|
|t:|1627560890
|switch|p1a: Medeagod|Jirachi, shiny|25/100
|move|p2a: Rotom|Volt Switch|p1a: Medeagod
|-damage|p1a: Medeagod|7/100
|
|t:|1627560894
|switch|p2a: Conkeldurr|Conkeldurr, M|29/100 brn|[from]move: Volt Switch
|
|-heal|p1a: Medeagod|14/100|[from] item: Leftovers
|-damage|p2a: Conkeldurr|23/100 brn|[from] brn
|upkeep
|turn|21
|
|t:|1627560899
|move|p2a: Conkeldurr|Mach Punch|p1a: Medeagod
|-damage|p1a: Medeagod|0 fnt
|faint|p1a: Medeagod
|
|-damage|p2a: Conkeldurr|17/100 brn|[from] brn
|upkeep
|
|t:|1627560902
|switch|p1a: TOMA TUS 15!|Crawdaunt, M, shiny|91/100
|turn|22
|
|t:|1627560905
|move|p1a: TOMA TUS 15!|Aqua Jet|p2a: Conkeldurr
|-crit|p2a: Conkeldurr
|-damage|p2a: Conkeldurr|0 fnt
|faint|p2a: Conkeldurr
|-damage|p1a: TOMA TUS 15!|81/100|[from] item: Life Orb
|
|upkeep
|
|t:|1627560908
|switch|p2a: Rotom|Rotom-Wash|41/100
|turn|23
|
|t:|1627560911
|move|p1a: TOMA TUS 15!|Knock Off|p2a: Rotom
|-damage|p2a: Rotom|0 fnt
|-enditem|p2a: Rotom|Leftovers|[from] move: Knock Off|[of] p1a: TOMA TUS 15!
|faint|p2a: Rotom
|-damage|p1a: TOMA TUS 15!|71/100|[from] item: Life Orb
|
|upkeep
|
|t:|1627560914
|switch|p2a: Drapion|Drapion, M|100/100
|turn|24
|
|t:|1627560917
|move|p2a: Drapion|Poison Jab|p1a: TOMA TUS 15!
|-damage|p1a: TOMA TUS 15!|10/100
|-status|p1a: TOMA TUS 15!|psn
|-damage|p2a: Drapion|91/100|[from] item: Life Orb
|move|p1a: TOMA TUS 15!|Crabhammer|p2a: Drapion
|-damage|p2a: Drapion|0 fnt
|faint|p2a: Drapion
|-damage|p1a: TOMA TUS 15!|0 fnt|[from] item: Life Orb
|faint|p1a: TOMA TUS 15!
|
|win|Unax10 & Hydreigod
|raw|Unax10 &amp; Hydreigod's rating: 1260 &rarr; <strong>1296</strong><br />(+36 for winning)
|raw|EliotEnRetar's rating: 1422 &rarr; <strong>1393</strong><br />(-29 for losing)
|l|☆EliotEnRetar
|c|☆Unax10 & Hydreigod|JAJAJJAJAJAJA
|c|☆Unax10 & Hydreigod|LOL
