|j|☆R3d_VGC
|j|☆gogole2021
|t:|1632150850
|gametype|singles
|player|p1|R3d_VGC|lance|1333
|player|p2|gogole2021|reporter|1418
|teamsize|p1|6
|teamsize|p2|6
|gen|8
|tier|[Gen 8] UU
|rated|
|rule|Sleep Clause Mod: Limit one foe put to sleep
|rule|Species Clause: Limit one of each Pokémon
|rule|OHKO Clause: OHKO moves are banned
|rule|Evasion Moves Clause: Evasion moves are banned
|rule|Endless Battle Clause: Forcing endless battles is banned
|rule|HP Percentage Mod: HP is shown in percentages
|rule|Dynamax Clause: You cannot dynamax
|clearpoke
|poke|p1|Zygarde-10%|
|poke|p1|Moltres|
|poke|p1|Aegislash, F|
|poke|p1|Lycanroc-Dusk, M|
|poke|p1|Rotom-Wash|
|poke|p1|Tapu Bulu|
|poke|p2|Zygarde-10%|
|poke|p2|Jirachi|
|poke|p2|Keldeo-Resolute|
|poke|p2|Uxie|
|poke|p2|Volcanion|
|poke|p2|Conkeldurr, M|
|teampreview
|
|t:|1632150878
|start
|switch|p1a: Artoria Pendragon|Aegislash, F|100/100
|switch|p2a: Uxie|Uxie|100/100
|turn|1
|
|t:|1632150885
|move|p1a: Artoria Pendragon|Swords Dance|p1a: Artoria Pendragon
|-boost|p1a: Artoria Pendragon|atk|2
|move|p2a: Uxie|Trick Room|p2a: Uxie
|-fieldstart|move: Trick Room|[of] p2a: Uxie
|
|upkeep
|turn|2
|
|t:|1632150889
|move|p1a: Artoria Pendragon|Swords Dance|p1a: Artoria Pendragon
|-boost|p1a: Artoria Pendragon|atk|2
|move|p2a: Uxie|U-turn|p1a: Artoria Pendragon
|-resisted|p1a: Artoria Pendragon
|-damage|p1a: Artoria Pendragon|98/100
|
|t:|1632150894
|switch|p2a: Volcanion|Volcanion|100/100|[from]move: U-turn
|
|-heal|p1a: Artoria Pendragon|100/100|[from] item: Leftovers
|upkeep
|turn|3
|
|t:|1632150904
|switch|p1a: Rotom|Rotom-Wash|100/100
|move|p2a: Volcanion|Flamethrower|p1a: Rotom
|-resisted|p1a: Rotom
|-damage|p1a: Rotom|67/100
|-status|p1a: Rotom|brn
|
|-damage|p1a: Rotom|60/100 brn|[from] brn
|upkeep
|turn|4
|
|t:|1632150914
|switch|p2a: Conkeldurr|Conkeldurr, M|100/100
|move|p1a: Rotom|Volt Switch|p2a: Conkeldurr
|-crit|p2a: Conkeldurr
|-damage|p2a: Conkeldurr|6/100
|inactive|Battle timer is ON: inactive players will automatically lose when time's up. (requested by gogole2021)
|inactive|R3d_VGC has 120 seconds left.
|
|t:|1632150996
|switch|p1a: Artoria Pendragon|Aegislash, F|100/100|[from]move: Volt Switch
|
|-status|p2a: Conkeldurr|brn|[from] item: Flame Orb
|upkeep
|turn|5
|
|t:|1632151002
|-formechange|p1a: Artoria Pendragon|Aegislash-Blade||[from] ability: Stance Change
|move|p1a: Artoria Pendragon|Shadow Sneak|p2a: Conkeldurr
|-damage|p2a: Conkeldurr|0 fnt
|faint|p2a: Conkeldurr
|
|-fieldend|move: Trick Room
|upkeep
|
|t:|1632151009
|switch|p2a: Zygarde|Zygarde-10%|100/100
|-ability|p2a: Zygarde|Aura Break
|turn|6
|
|t:|1632151021
|-formechange|p1a: Artoria Pendragon|Aegislash||[from] ability: Stance Change
|move|p1a: Artoria Pendragon|King's Shield|p1a: Artoria Pendragon
|-singleturn|p1a: Artoria Pendragon|Protect
|move|p2a: Zygarde|Thousand Arrows|p1a: Artoria Pendragon
|-activate|p1a: Artoria Pendragon|move: Protect
|
|upkeep
|turn|7
|
|t:|1632151031
|switch|p2a: Volcanion|Volcanion|100/100
|-formechange|p1a: Artoria Pendragon|Aegislash-Blade||[from] ability: Stance Change
|move|p1a: Artoria Pendragon|Iron Head|p2a: Volcanion
|-resisted|p2a: Volcanion
|-damage|p2a: Volcanion|91/100
|
|upkeep
|turn|8
|
|t:|1632151056
|-formechange|p1a: Artoria Pendragon|Aegislash||[from] ability: Stance Change
|move|p1a: Artoria Pendragon|King's Shield|p1a: Artoria Pendragon
|-singleturn|p1a: Artoria Pendragon|Protect
|move|p2a: Volcanion|Flamethrower|p1a: Artoria Pendragon
|-activate|p1a: Artoria Pendragon|move: Protect
|
|upkeep
|turn|9
|
|t:|1632151064
|switch|p1a: Moltres|Moltres|100/100
|move|p2a: Volcanion|Flamethrower|p1a: Moltres
|-resisted|p1a: Moltres
|-damage|p1a: Moltres|76/100
|
|upkeep
|turn|10
|
|t:|1632151070
|move|p1a: Moltres|U-turn|p2a: Volcanion
|-resisted|p2a: Volcanion
|-damage|p2a: Volcanion|85/100
|
|t:|1632151079
|switch|p1a: Tapu Bulu|Tapu Bulu|100/100|[from]move: U-turn
|-fieldstart|move: Grassy Terrain|[from] ability: Grassy Surge|[of] p1a: Tapu Bulu
|move|p2a: Volcanion|Steam Eruption|p1a: Tapu Bulu
|-resisted|p1a: Tapu Bulu
|-damage|p1a: Tapu Bulu|60/100
|
|-heal|p1a: Tapu Bulu|66/100|[from] Grassy Terrain
|-heal|p2a: Volcanion|91/100|[from] Grassy Terrain
|upkeep
|turn|11
|
|t:|1632151094
|move|p1a: Tapu Bulu|High Horsepower|p2a: Volcanion
|-supereffective|p2a: Volcanion
|-damage|p2a: Volcanion|35/100
|move|p2a: Volcanion|Sludge Wave|p1a: Tapu Bulu
|-supereffective|p1a: Tapu Bulu
|-damage|p1a: Tapu Bulu|0 fnt
|faint|p1a: Tapu Bulu
|
|-heal|p2a: Volcanion|41/100|[from] Grassy Terrain
|upkeep
|
|t:|1632151100
|switch|p1a: Zygarde|Zygarde-10%|100/100
|-ability|p1a: Zygarde|Aura Break
|turn|12
|
|t:|1632151108
|switch|p2a: Uxie|Uxie|100/100
|move|p1a: Zygarde|Thousand Arrows|p2a: Uxie
|-damage|p2a: Uxie|53/100
|-start|p2a: Uxie|Smack Down
|
|-heal|p2a: Uxie|59/100|[from] Grassy Terrain
|-heal|p2a: Uxie|65/100|[from] item: Leftovers
|upkeep
|turn|13
|
|t:|1632151118
|move|p1a: Zygarde|Thousand Arrows|p2a: Uxie
|-damage|p2a: Uxie|18/100
|move|p2a: Uxie|Trick Room|p2a: Uxie
|-fieldstart|move: Trick Room|[of] p2a: Uxie
|
|-heal|p2a: Uxie|25/100|[from] Grassy Terrain
|-heal|p2a: Uxie|31/100|[from] item: Leftovers
|upkeep
|turn|14
|j| Emptiorfa
|
|t:|1632151126
|move|p2a: Uxie|Stealth Rock|p1a: Zygarde
|-sidestart|p1: R3d_VGC|move: Stealth Rock
|move|p1a: Zygarde|Thousand Arrows|p2a: Uxie
|-damage|p2a: Uxie|0 fnt
|faint|p2a: Uxie
|
|-fieldend|move: Grassy Terrain
|upkeep
|
|t:|1632151133
|switch|p2a: Volcanion|Volcanion|41/100
|turn|15
|
|t:|1632151146
|switch|p1a: Artoria Pendragon|Aegislash, F|100/100
|-damage|p1a: Artoria Pendragon|94/100|[from] Stealth Rock
|move|p2a: Volcanion|Steam Eruption|p1a: Artoria Pendragon
|-damage|p1a: Artoria Pendragon|42/100
|
|-heal|p1a: Artoria Pendragon|49/100|[from] item: Leftovers
|upkeep
|turn|16
|
|t:|1632151154
|move|p1a: Artoria Pendragon|King's Shield|p1a: Artoria Pendragon
|-singleturn|p1a: Artoria Pendragon|Protect
|move|p2a: Volcanion|Flamethrower|p1a: Artoria Pendragon
|-activate|p1a: Artoria Pendragon|move: Protect
|
|-heal|p1a: Artoria Pendragon|55/100|[from] item: Leftovers
|upkeep
|turn|17
|
|t:|1632151161
|-formechange|p1a: Artoria Pendragon|Aegislash-Blade||[from] ability: Stance Change
|move|p1a: Artoria Pendragon|Shadow Sneak|p2a: Volcanion
|-damage|p2a: Volcanion|22/100
|move|p2a: Volcanion|Steam Eruption|p1a: Artoria Pendragon
|-damage|p1a: Artoria Pendragon|0 fnt
|faint|p1a: Artoria Pendragon
|
|-fieldend|move: Trick Room
|upkeep
|
|t:|1632151169
|switch|p1a: Moltres|Moltres|76/100
|turn|18
|
|t:|1632151173
|move|p1a: Moltres|Defog|p2a: Volcanion
|-unboost|p2a: Volcanion|evasion|1
|-sideend|p1: R3d_VGC|Stealth Rock|[from] move: Defog|[of] p1a: Moltres
|move|p2a: Volcanion|Steam Eruption|p1a: Moltres
|-supereffective|p1a: Moltres
|-damage|p1a: Moltres|0 fnt
|faint|p1a: Moltres
|
|upkeep
|
|t:|1632151180
|switch|p1a: Zygarde|Zygarde-10%|100/100
|-ability|p1a: Zygarde|Aura Break
|turn|19
|
|t:|1632151189
|move|p1a: Zygarde|Thousand Arrows|p2a: Volcanion
|-supereffective|p2a: Volcanion
|-damage|p2a: Volcanion|0 fnt
|faint|p2a: Volcanion
|
|upkeep
|
|t:|1632151197
|switch|p2a: Zygarde|Zygarde-10%|100/100
|-ability|p2a: Zygarde|Aura Break
|turn|20
|
|t:|1632151202
|move|p1a: Zygarde|Thousand Arrows|p2a: Zygarde
|-damage|p2a: Zygarde|0 fnt
|faint|p2a: Zygarde
|
|upkeep
|
|t:|1632151207
|switch|p2a: Keldeo|Keldeo-Resolute|100/100
|turn|21
|
|t:|1632151212
|move|p1a: Zygarde|Thousand Arrows|p2a: Keldeo
|-damage|p2a: Keldeo|30/100
|move|p2a: Keldeo|Scald|p1a: Zygarde
|-damage|p1a: Zygarde|10/100
|-damage|p2a: Keldeo|21/100|[from] item: Life Orb
|
|upkeep
|turn|22
|
|t:|1632151220
|move|p1a: Zygarde|Thousand Arrows|p2a: Keldeo
|-damage|p2a: Keldeo|0 fnt
|faint|p2a: Keldeo
|
|upkeep
|
|t:|1632151224
|switch|p2a: Jirachi|Jirachi|100/100
|turn|23
|
|t:|1632151227
|move|p1a: Zygarde|Thousand Arrows|p2a: Jirachi
|-supereffective|p2a: Jirachi
|-damage|p2a: Jirachi|3/100
|-enditem|p2a: Jirachi|Weakness Policy
|-boost|p2a: Jirachi|atk|2|[from] item: Weakness Policy
|-boost|p2a: Jirachi|spa|2|[from] item: Weakness Policy
|move|p2a: Jirachi|Iron Head|p1a: Zygarde
|-damage|p1a: Zygarde|0 fnt
|faint|p1a: Zygarde
|
|upkeep
|c|☆R3d_VGC|gg
|
|t:|1632151235
|switch|p1a: Lycanroc|Lycanroc-Dusk, M|100/100
|turn|24
|
|t:|1632151238
|move|p1a: Lycanroc|Accelerock|p2a: Jirachi
|-resisted|p2a: Jirachi
|-damage|p2a: Jirachi|0 fnt
|faint|p2a: Jirachi
|-damage|p1a: Lycanroc|91/100|[from] item: Life Orb
|
|win|R3d_VGC
|raw|R3d_VGC's rating: 1333 &rarr; <strong>1358</strong><br />(+25 for winning)
|raw|gogole2021's rating: 1418 &rarr; <strong>1393</strong><br />(-25 for losing)
