|j|☆EcruteakCityGeists
|j|☆Eltoras
|player|p1|EcruteakCityGeists|morty|1400
|player|p2|Eltoras|blue|1362
|teamsize|p1|6
|teamsize|p2|6
|gametype|singles
|gen|8
|tier|[Gen 8] UU
|rated|
|clearpoke
|poke|p1|Umbreon, F|
|poke|p1|Quagsire, M|
|poke|p1|Mantine, M|
|poke|p1|Bronzong|
|poke|p1|Weezing-Galar, M|
|poke|p1|Incineroar, M|
|poke|p2|Skarmory, M|
|poke|p2|Keldeo-Resolute|
|poke|p2|Weezing-Galar, F|
|poke|p2|Gengar, M|
|poke|p2|Tyranitar, F|
|poke|p2|Noivern, M|
|rule|Sleep Clause Mod: Limit one foe put to sleep
|rule|Species Clause: Limit one of each Pokémon
|rule|OHKO Clause: OHKO moves are banned
|rule|Evasion Moves Clause: Evasion moves are banned
|rule|Endless Battle Clause: Forcing endless battles is banned
|rule|HP Percentage Mod: HP is shown in percentages
|rule|Dynamax Clause: You cannot dynamax
|teampreview
|
|start
|switch|p1a: Weezing|Weezing-Galar, M|100/100
|switch|p2a: Gengar|Gengar, M|100/100
|-ability|p1a: Weezing|Neutralizing Gas
|turn|1
|
|switch|p1a: Incineroar|Incineroar, M|100/100
|-ability|p1a: Incineroar|Intimidate|boost
|-unboost|p2a: Gengar|atk|1
|move|p2a: Gengar|Trick|p1a: Incineroar
|-activate|p2a: Gengar|move: Trick|[of] p1a: Incineroar
|-item|p1a: Incineroar|Choice Specs|[from] move: Trick
|-item|p2a: Gengar|Heavy-Duty Boots|[from] move: Trick
|
|upkeep
|turn|2
|
|switch|p2a: Weezing|Weezing-Galar, F|100/100
|move|p1a: Incineroar|Knock Off|p2a: Weezing
|-resisted|p2a: Weezing
|-damage|p2a: Weezing|88/100
|-enditem|p2a: Weezing|Black Sludge|[from] move: Knock Off|[of] p1a: Incineroar
|
|upkeep
|turn|3
|
|switch|p1a: Bronzong|Bronzong|100/100
|move|p2a: Weezing|Toxic Spikes|p1a: Bronzong
|-sidestart|p1: EcruteakCityGeists|move: Toxic Spikes
|
|upkeep
|turn|4
|
|switch|p2a: Gengar|Gengar, M|100/100
|move|p1a: Bronzong|Stealth Rock|p2a: Gengar
|-sidestart|p2: Eltoras|move: Stealth Rock
|
|upkeep
|turn|5
|
|switch|p1a: Weezing|Weezing-Galar, M|100/100
|-ability|p1a: Weezing|Neutralizing Gas
|-sideend|p1: EcruteakCityGeists|move: Toxic Spikes|[of] p1a: Weezing
|move|p2a: Gengar|Shadow Ball|p1a: Weezing
|-damage|p1a: Weezing|43/100
|
|-heal|p1a: Weezing|49/100|[from] item: Black Sludge
|upkeep
|turn|6
|
|switch|p1a: Incineroar|Incineroar, M|100/100
|-ability|p1a: Incineroar|Intimidate|boost
|-unboost|p2a: Gengar|atk|1
|move|p2a: Gengar|Shadow Ball|p1a: Incineroar
|-resisted|p1a: Incineroar
|-damage|p1a: Incineroar|88/100
|
|upkeep
|turn|7
|
|switch|p2a: Tyranitar|Tyranitar, F|100/100
|-damage|p2a: Tyranitar|88/100|[from] Stealth Rock
|-weather|Sandstorm|[from] ability: Sand Stream|[of] p2a: Tyranitar
|move|p1a: Incineroar|Parting Shot|p2a: Tyranitar
|-unboost|p2a: Tyranitar|atk|1
|-unboost|p2a: Tyranitar|spa|1
|
|switch|p1a: Quagsire|Quagsire, M|100/100|[from]move: Parting Shot
|
|-weather|Sandstorm|[upkeep]
|-heal|p2a: Tyranitar|94/100|[from] item: Leftovers
|upkeep
|turn|8
|
|switch|p2a: Skarmory|Skarmory, M|100/100
|-damage|p2a: Skarmory|88/100|[from] Stealth Rock
|move|p1a: Quagsire|Toxic|p2a: Skarmory
|-immune|p2a: Skarmory
|
|-weather|Sandstorm|[upkeep]
|upkeep
|turn|9
|
|move|p2a: Skarmory|Spikes|p1a: Quagsire
|-sidestart|p1: EcruteakCityGeists|Spikes
|move|p1a: Quagsire|Scald|p2a: Skarmory
|-damage|p2a: Skarmory|62/100
|
|-weather|Sandstorm|[upkeep]
|upkeep
|turn|10
|
|move|p2a: Skarmory|Spikes|p1a: Quagsire
|-sidestart|p1: EcruteakCityGeists|Spikes
|move|p1a: Quagsire|Scald|p2a: Skarmory
|-damage|p2a: Skarmory|37/100
|-status|p2a: Skarmory|brn
|
|-weather|Sandstorm|[upkeep]
|-damage|p2a: Skarmory|31/100 brn|[from] brn
|upkeep
|turn|11
|
|move|p2a: Skarmory|Roost|p2a: Skarmory
|-heal|p2a: Skarmory|81/100 brn
|-singleturn|p2a: Skarmory|move: Roost
|move|p1a: Quagsire|Earthquake|p2a: Skarmory
|-supereffective|p2a: Skarmory
|-damage|p2a: Skarmory|44/100 brn
|
|-weather|none
|-damage|p2a: Skarmory|38/100 brn|[from] brn
|upkeep
|turn|12
|
|move|p2a: Skarmory|Roost|p2a: Skarmory
|-heal|p2a: Skarmory|88/100 brn
|-singleturn|p2a: Skarmory|move: Roost
|move|p1a: Quagsire|Scald|p2a: Skarmory
|-damage|p2a: Skarmory|63/100 brn
|
|-damage|p2a: Skarmory|57/100 brn|[from] brn
|upkeep
|turn|13
|
|switch|p2a: Keldeo|Keldeo-Resolute|100/100
|-damage|p2a: Keldeo|94/100|[from] Stealth Rock
|move|p1a: Quagsire|Scald|p2a: Keldeo
|-resisted|p2a: Keldeo
|-damage|p2a: Keldeo|84/100
|
|-heal|p2a: Keldeo|90/100|[from] item: Leftovers
|upkeep
|turn|14
|
|move|p2a: Keldeo|Toxic|p1a: Quagsire
|-status|p1a: Quagsire|tox
|move|p1a: Quagsire|Toxic|p2a: Keldeo
|-status|p2a: Keldeo|tox
|
|-heal|p2a: Keldeo|96/100 tox|[from] item: Leftovers
|-damage|p2a: Keldeo|90/100 tox|[from] psn
|-damage|p1a: Quagsire|94/100 tox|[from] psn
|upkeep
|turn|15
|
|switch|p2a: Weezing|Weezing-Galar, F|88/100
|-damage|p2a: Weezing|76/100|[from] Stealth Rock
|switch|p1a: Mantine|Mantine, M|100/100
|
|upkeep
|turn|16
|
|move|p1a: Mantine|Scald|p2a: Weezing
|-damage|p2a: Weezing|46/100
|move|p2a: Weezing|Aromatherapy|p2a: Weezing
|-activate|p2a: Weezing|move: Aromatherapy
|-curestatus|p2: Skarmory|brn|[msg]
|-curestatus|p2: Keldeo|tox|[msg]
|
|upkeep
|turn|17
|
|move|p1a: Mantine|Scald|p2a: Weezing
|-damage|p2a: Weezing|16/100
|move|p2a: Weezing|Pain Split|p1a: Mantine
|-sethp|p1a: Mantine|57/100|[from] move: Pain Split|[silent]
|-sethp|p2a: Weezing|64/100|[from] move: Pain Split
|
|upkeep
|turn|18
|
|switch|p2a: Gengar|Gengar, M|100/100
|move|p1a: Mantine|Scald|p2a: Gengar
|-damage|p2a: Gengar|60/100
|
|upkeep
|turn|19
|
|switch|p1a: Umbreon|Umbreon, F|100/100
|-damage|p1a: Umbreon|84/100|[from] Spikes
|move|p2a: Gengar|Thunderbolt|p1a: Umbreon
|-damage|p1a: Umbreon|69/100
|
|-heal|p1a: Umbreon|75/100|[from] item: Leftovers
|upkeep
|turn|20
|
|switch|p2a: Tyranitar|Tyranitar, F|94/100
|-damage|p2a: Tyranitar|82/100|[from] Stealth Rock
|-weather|Sandstorm|[from] ability: Sand Stream|[of] p2a: Tyranitar
|move|p1a: Umbreon|Wish|p1a: Umbreon
|
|-weather|Sandstorm|[upkeep]
|-damage|p1a: Umbreon|69/100|[from] Sandstorm
|-heal|p1a: Umbreon|75/100|[from] item: Leftovers
|-heal|p2a: Tyranitar|88/100|[from] item: Leftovers
|upkeep
|turn|21
|
|move|p1a: Umbreon|Heal Bell|p1a: Umbreon
|-activate|p1a: Umbreon|move: Heal Bell
|-curestatus|p1: Quagsire|tox|[msg]
|move|p2a: Tyranitar|Stealth Rock|p1a: Umbreon
|-sidestart|p1: EcruteakCityGeists|move: Stealth Rock
|
|-weather|Sandstorm|[upkeep]
|-damage|p1a: Umbreon|69/100|[from] Sandstorm
|-heal|p1a: Umbreon|100/100|[from] move: Wish|[wisher] Umbreon
|-heal|p2a: Tyranitar|94/100|[from] item: Leftovers
|upkeep
|turn|22
|
|switch|p2a: Skarmory|Skarmory, M|57/100
|-damage|p2a: Skarmory|45/100|[from] Stealth Rock
|move|p1a: Umbreon|Wish|p1a: Umbreon
|
|-weather|Sandstorm|[upkeep]
|-damage|p1a: Umbreon|94/100|[from] Sandstorm
|-heal|p1a: Umbreon|100/100|[from] item: Leftovers
|upkeep
|turn|23
|
|switch|p1a: Mantine|Mantine, M|57/100
|move|p2a: Skarmory|Roost|p2a: Skarmory
|-heal|p2a: Skarmory|95/100
|-singleturn|p2a: Skarmory|move: Roost
|
|-weather|Sandstorm|[upkeep]
|-damage|p1a: Mantine|51/100|[from] Sandstorm
|-heal|p1a: Mantine|100/100|[from] move: Wish|[wisher] Umbreon
|upkeep
|turn|24
|
|switch|p2a: Tyranitar|Tyranitar, F|94/100
|-damage|p2a: Tyranitar|82/100|[from] Stealth Rock
|move|p1a: Mantine|Defog|p2a: Tyranitar
|-unboost|p2a: Tyranitar|evasion|1
|-sideend|p2: Eltoras|Stealth Rock|[from] move: Defog|[of] p1a: Mantine
|-sideend|p1: EcruteakCityGeists|Spikes|[from] move: Defog|[of] p1a: Mantine
|-sideend|p1: EcruteakCityGeists|Stealth Rock|[from] move: Defog|[of] p1a: Mantine
|
|-weather|none
|-heal|p2a: Tyranitar|88/100|[from] item: Leftovers
|upkeep
|turn|25
|
|switch|p1a: Quagsire|Quagsire, M|94/100
|move|p2a: Tyranitar|Stone Edge|p1a: Quagsire
|-resisted|p1a: Quagsire
|-damage|p1a: Quagsire|76/100
|
|-heal|p2a: Tyranitar|94/100|[from] item: Leftovers
|-heal|p1a: Quagsire|82/100|[from] item: Leftovers
|upkeep
|turn|26
|
|switch|p2a: Weezing|Weezing-Galar, F|64/100
|move|p1a: Quagsire|Scald|p2a: Weezing
|-damage|p2a: Weezing|38/100
|
|-heal|p1a: Quagsire|88/100|[from] item: Leftovers
|upkeep
|turn|27
|
|switch|p1a: Weezing|Weezing-Galar, M|49/100
|-ability|p1a: Weezing|Neutralizing Gas
|move|p2a: Weezing|Pain Split|p1a: Weezing
|-sethp|p1a: Weezing|43/100|[from] move: Pain Split|[silent]
|-sethp|p2a: Weezing|43/100|[from] move: Pain Split
|
|-heal|p1a: Weezing|49/100|[from] item: Black Sludge
|upkeep
|turn|28
|
|switch|p2a: Tyranitar|Tyranitar, F|94/100
|move|p1a: Weezing|Sludge Bomb|p2a: Tyranitar
|-resisted|p2a: Tyranitar
|-damage|p2a: Tyranitar|85/100
|
|-heal|p1a: Weezing|55/100|[from] item: Black Sludge
|-heal|p2a: Tyranitar|91/100|[from] item: Leftovers
|upkeep
|turn|29
|
|move|p1a: Weezing|Will-O-Wisp|p2a: Tyranitar
|-status|p2a: Tyranitar|brn
|move|p2a: Tyranitar|Stealth Rock|p1a: Weezing
|-sidestart|p1: EcruteakCityGeists|move: Stealth Rock
|
|-heal|p1a: Weezing|61/100|[from] item: Black Sludge
|-heal|p2a: Tyranitar|97/100 brn|[from] item: Leftovers
|-damage|p2a: Tyranitar|91/100 brn|[from] brn
|upkeep
|turn|30
|
|-weather|Sandstorm|[from] ability: Sand Stream|[of] p2a: Tyranitar
|switch|p1a: Quagsire|Quagsire, M|88/100
|-damage|p1a: Quagsire|82/100|[from] Stealth Rock
|switch|p2a: Skarmory|Skarmory, M|95/100
|
|-weather|Sandstorm|[upkeep]
|-heal|p1a: Quagsire|88/100|[from] item: Leftovers
|upkeep
|turn|31
|
|move|p2a: Skarmory|Spikes|p1a: Quagsire
|-sidestart|p1: EcruteakCityGeists|Spikes
|move|p1a: Quagsire|Scald|p2a: Skarmory
|-damage|p2a: Skarmory|70/100
|-status|p2a: Skarmory|brn
|
|-weather|Sandstorm|[upkeep]
|-heal|p1a: Quagsire|94/100|[from] item: Leftovers
|-damage|p2a: Skarmory|64/100 brn|[from] brn
|upkeep
|turn|32
|
|switch|p1a: Mantine|Mantine, M|100/100
|move|p2a: Skarmory|Roost|p2a: Skarmory
|-heal|p2a: Skarmory|100/100 brn
|-singleturn|p2a: Skarmory|move: Roost
|
|-weather|Sandstorm|[upkeep]
|-damage|p1a: Mantine|94/100|[from] Sandstorm
|-damage|p2a: Skarmory|95/100 brn|[from] brn
|upkeep
|turn|33
|
|switch|p2a: Weezing|Weezing-Galar, F|43/100
|move|p1a: Mantine|Scald|p2a: Weezing
|-damage|p2a: Weezing|12/100
|-status|p2a: Weezing|brn
|
|-weather|Sandstorm|[upkeep]
|-damage|p1a: Mantine|88/100|[from] Sandstorm
|-damage|p2a: Weezing|6/100 brn|[from] Sandstorm
|-damage|p2a: Weezing|0 fnt|[from] brn
|faint|p2a: Weezing
|upkeep
|
|switch|p2a: Gengar|Gengar, M|60/100
|turn|34
|
|switch|p2a: Keldeo|Keldeo-Resolute|90/100
|switch|p1a: Umbreon|Umbreon, F|100/100
|-damage|p1a: Umbreon|88/100|[from] Stealth Rock
|-damage|p1a: Umbreon|76/100|[from] Spikes
|
|-weather|none
|-heal|p2a: Keldeo|96/100|[from] item: Leftovers
|-heal|p1a: Umbreon|82/100|[from] item: Leftovers
|upkeep
|turn|35
|
|switch|p1a: Mantine|Mantine, M|88/100
|move|p2a: Keldeo|Secret Sword|p1a: Mantine
|-resisted|p1a: Mantine
|-damage|p1a: Mantine|71/100
|
|-heal|p2a: Keldeo|100/100|[from] item: Leftovers
|upkeep
|turn|36
|
|move|p2a: Keldeo|Toxic|p1a: Mantine
|-status|p1a: Mantine|tox
|move|p1a: Mantine|Defog|p2a: Keldeo
|-unboost|p2a: Keldeo|evasion|1
|-sideend|p1: EcruteakCityGeists|Spikes|[from] move: Defog|[of] p1a: Mantine
|-sideend|p1: EcruteakCityGeists|Stealth Rock|[from] move: Defog|[of] p1a: Mantine
|
|-damage|p1a: Mantine|65/100 tox|[from] psn
|upkeep
|turn|37
|
|switch|p2a: Tyranitar|Tyranitar, F|91/100 brn
|-weather|Sandstorm|[from] ability: Sand Stream|[of] p2a: Tyranitar
|switch|p1a: Bronzong|Bronzong|100/100
|
|-weather|Sandstorm|[upkeep]
|-heal|p2a: Tyranitar|97/100 brn|[from] item: Leftovers
|-damage|p2a: Tyranitar|91/100 brn|[from] brn
|upkeep
|turn|38
|
|move|p2a: Tyranitar|Crunch|p1a: Bronzong
|-supereffective|p1a: Bronzong
|-damage|p1a: Bronzong|66/100
|-unboost|p1a: Bronzong|def|1
|move|p1a: Bronzong|Stealth Rock|p2a: Tyranitar
|-sidestart|p2: Eltoras|move: Stealth Rock
|
|-weather|Sandstorm|[upkeep]
|-heal|p2a: Tyranitar|97/100 brn|[from] item: Leftovers
|-heal|p1a: Bronzong|73/100|[from] item: Leftovers
|-damage|p2a: Tyranitar|91/100 brn|[from] brn
|upkeep
|turn|39
|
|switch|p1a: Quagsire|Quagsire, M|94/100
|move|p2a: Tyranitar|Stealth Rock|p1a: Quagsire
|-sidestart|p1: EcruteakCityGeists|move: Stealth Rock
|
|-weather|Sandstorm|[upkeep]
|-heal|p2a: Tyranitar|97/100 brn|[from] item: Leftovers
|-heal|p1a: Quagsire|100/100|[from] item: Leftovers
|-damage|p2a: Tyranitar|91/100 brn|[from] brn
|upkeep
|turn|40
|
|switch|p2a: Noivern|Noivern, M|100/100
|-item|p1a: Quagsire|Leftovers|[from] ability: Frisk|[of] p2a: Noivern|[identify]
|move|p1a: Quagsire|Scald|p2a: Noivern
|-resisted|p2a: Noivern
|-damage|p2a: Noivern|89/100
|
|-weather|Sandstorm|[upkeep]
|-damage|p2a: Noivern|83/100|[from] Sandstorm
|upkeep
|turn|41
|
|move|p2a: Noivern|U-turn|p1a: Quagsire
|-damage|p1a: Quagsire|93/100
|
|switch|p2a: Skarmory|Skarmory, M|95/100 brn|[from]move: U-turn
|-damage|p2a: Skarmory|82/100 brn|[from] Stealth Rock
|move|p1a: Quagsire|Toxic||[still]
|-fail|p1a: Quagsire
|
|-weather|none
|-heal|p1a: Quagsire|99/100|[from] item: Leftovers
|-damage|p2a: Skarmory|76/100 brn|[from] brn
|upkeep
|turn|42
|
|move|p1a: Quagsire|Scald|p2a: Skarmory
|-crit|p2a: Skarmory
|-damage|p2a: Skarmory|33/100 brn
|move|p2a: Skarmory|Whirlwind|p1a: Quagsire
|drag|p1a: Bronzong|Bronzong|73/100
|-damage|p1a: Bronzong|66/100|[from] Stealth Rock
|
|-heal|p1a: Bronzong|73/100|[from] item: Leftovers
|-damage|p2a: Skarmory|27/100 brn|[from] brn
|upkeep
|turn|43
|
|switch|p1a: Umbreon|Umbreon, F|82/100
|-damage|p1a: Umbreon|69/100|[from] Stealth Rock
|move|p2a: Skarmory|Roost|p2a: Skarmory
|-heal|p2a: Skarmory|77/100 brn
|-singleturn|p2a: Skarmory|move: Roost
|
|-heal|p1a: Umbreon|75/100|[from] item: Leftovers
|-damage|p2a: Skarmory|71/100 brn|[from] brn
|upkeep
|turn|44
|
|move|p1a: Umbreon|Heal Bell|p1a: Umbreon
|-activate|p1a: Umbreon|move: Heal Bell
|-curestatus|p1: Mantine|tox|[msg]
|move|p2a: Skarmory|Whirlwind|p1a: Umbreon
|drag|p1a: Quagsire|Quagsire, M|99/100
|-damage|p1a: Quagsire|93/100|[from] Stealth Rock
|
|-heal|p1a: Quagsire|99/100|[from] item: Leftovers
|-damage|p2a: Skarmory|65/100 brn|[from] brn
|upkeep
|turn|45
|
|move|p2a: Skarmory|Roost|p2a: Skarmory
|-heal|p2a: Skarmory|100/100 brn
|-singleturn|p2a: Skarmory|move: Roost
|move|p1a: Quagsire|Scald|p2a: Skarmory
|-crit|p2a: Skarmory
|-damage|p2a: Skarmory|60/100 brn
|
|-heal|p1a: Quagsire|100/100|[from] item: Leftovers
|-damage|p2a: Skarmory|54/100 brn|[from] brn
|upkeep
|turn|46
|
|move|p2a: Skarmory|Roost|p2a: Skarmory
|-heal|p2a: Skarmory|100/100 brn
|-singleturn|p2a: Skarmory|move: Roost
|move|p1a: Quagsire|Scald|p2a: Skarmory
|-damage|p2a: Skarmory|76/100 brn
|
|-damage|p2a: Skarmory|70/100 brn|[from] brn
|upkeep
|turn|47
|
|switch|p2a: Noivern|Noivern, M|83/100
|-item|p1a: Quagsire|Leftovers|[from] ability: Frisk|[of] p2a: Noivern|[identify]
|move|p1a: Quagsire|Scald|p2a: Noivern
|-resisted|p2a: Noivern
|-damage|p2a: Noivern|72/100
|
|upkeep
|turn|48
|
|switch|p1a: Umbreon|Umbreon, F|75/100
|-damage|p1a: Umbreon|63/100|[from] Stealth Rock
|move|p2a: Noivern|Air Slash|p1a: Umbreon
|-damage|p1a: Umbreon|51/100
|
|-heal|p1a: Umbreon|57/100|[from] item: Leftovers
|upkeep
|turn|49
|
|move|p2a: Noivern|U-turn|p1a: Umbreon
|-supereffective|p1a: Umbreon
|-damage|p1a: Umbreon|40/100
|
|switch|p2a: Keldeo|Keldeo-Resolute|100/100|[from]move: U-turn
|-damage|p2a: Keldeo|94/100|[from] Stealth Rock
|move|p1a: Umbreon|Wish|p1a: Umbreon
|
|-heal|p2a: Keldeo|100/100|[from] item: Leftovers
|-heal|p1a: Umbreon|47/100|[from] item: Leftovers
|upkeep
|turn|50
|
|move|p1a: Umbreon|Protect|p1a: Umbreon
|-singleturn|p1a: Umbreon|Protect
|move|p2a: Keldeo|Toxic|p1a: Umbreon
|-activate|p1a: Umbreon|move: Protect
|
|-heal|p1a: Umbreon|96/100|[from] move: Wish|[wisher] Umbreon
|-heal|p1a: Umbreon|100/100|[from] item: Leftovers
|upkeep
|turn|51
|
|switch|p1a: Quagsire|Quagsire, M|100/100
|-damage|p1a: Quagsire|94/100|[from] Stealth Rock
|move|p2a: Keldeo|Secret Sword|p1a: Quagsire
|-crit|p1a: Quagsire
|-damage|p1a: Quagsire|52/100
|
|-heal|p1a: Quagsire|58/100|[from] item: Leftovers
|upkeep
|turn|52
|
|switch|p2a: Tyranitar|Tyranitar, F|91/100 brn
|-damage|p2a: Tyranitar|78/100 brn|[from] Stealth Rock
|-weather|Sandstorm|[from] ability: Sand Stream|[of] p2a: Tyranitar
|move|p1a: Quagsire|Recover|p1a: Quagsire
|-heal|p1a: Quagsire|100/100
|
|-weather|Sandstorm|[upkeep]
|-heal|p2a: Tyranitar|85/100 brn|[from] item: Leftovers
|-damage|p2a: Tyranitar|78/100 brn|[from] brn
|upkeep
|turn|53
|
|switch|p2a: Noivern|Noivern, M|72/100
|-item|p1a: Quagsire|Leftovers|[from] ability: Frisk|[of] p2a: Noivern|[identify]
|move|p1a: Quagsire|Scald|p2a: Noivern
|-resisted|p2a: Noivern
|-damage|p2a: Noivern|61/100
|
|-weather|Sandstorm|[upkeep]
|-damage|p2a: Noivern|55/100|[from] Sandstorm
|upkeep
|turn|54
|
|move|p2a: Noivern|Roost|p2a: Noivern
|-heal|p2a: Noivern|100/100
|-singleturn|p2a: Noivern|move: Roost
|move|p1a: Quagsire|Toxic|p2a: Noivern
|-status|p2a: Noivern|tox
|
|-weather|Sandstorm|[upkeep]
|-damage|p2a: Noivern|94/100 tox|[from] Sandstorm
|-damage|p2a: Noivern|88/100 tox|[from] psn
|upkeep
|turn|55
|
|move|p2a: Noivern|U-turn|p1a: Quagsire
|-damage|p1a: Quagsire|92/100
|
|switch|p2a: Skarmory|Skarmory, M|70/100 brn|[from]move: U-turn
|-damage|p2a: Skarmory|58/100 brn|[from] Stealth Rock
|move|p1a: Quagsire|Recover|p1a: Quagsire
|-heal|p1a: Quagsire|100/100
|
|-weather|Sandstorm|[upkeep]
|-damage|p2a: Skarmory|52/100 brn|[from] brn
|upkeep
|turn|56
|
|move|p2a: Skarmory|Roost|p2a: Skarmory
|-heal|p2a: Skarmory|100/100 brn
|-singleturn|p2a: Skarmory|move: Roost
|move|p1a: Quagsire|Scald|p2a: Skarmory
|-damage|p2a: Skarmory|72/100 brn
|
|-weather|none
|-damage|p2a: Skarmory|66/100 brn|[from] brn
|upkeep
|turn|57
|
|switch|p2a: Noivern|Noivern, M|88/100 tox
|-item|p1a: Quagsire|Leftovers|[from] ability: Frisk|[of] p2a: Noivern|[identify]
|move|p1a: Quagsire|Scald|p2a: Noivern
|-resisted|p2a: Noivern
|-damage|p2a: Noivern|77/100 tox
|
|-damage|p2a: Noivern|71/100 tox|[from] psn
|upkeep
|turn|58
|
|switch|p1a: Umbreon|Umbreon, F|100/100
|-damage|p1a: Umbreon|88/100|[from] Stealth Rock
|move|p2a: Noivern|Roost|p2a: Noivern
|-heal|p2a: Noivern|100/100 tox
|-singleturn|p2a: Noivern|move: Roost
|
|-heal|p1a: Umbreon|94/100|[from] item: Leftovers
|-damage|p2a: Noivern|88/100 tox|[from] psn
|upkeep
|turn|59
|
|move|p2a: Noivern|U-turn|p1a: Umbreon
|-supereffective|p1a: Umbreon
|-damage|p1a: Umbreon|77/100
|
|switch|p2a: Keldeo|Keldeo-Resolute|100/100|[from]move: U-turn
|-damage|p2a: Keldeo|94/100|[from] Stealth Rock
|move|p1a: Umbreon|Wish|p1a: Umbreon
|
|-heal|p2a: Keldeo|100/100|[from] item: Leftovers
|-heal|p1a: Umbreon|83/100|[from] item: Leftovers
|upkeep
|turn|60
|
|move|p2a: Keldeo|Surf|p1a: Umbreon
|-damage|p1a: Umbreon|57/100
|move|p1a: Umbreon|Foul Play|p2a: Keldeo
|-resisted|p2a: Keldeo
|-damage|p2a: Keldeo|87/100
|-ability|p2a: Keldeo|Justified|boost
|-boost|p2a: Keldeo|atk|1
|
|-heal|p1a: Umbreon|100/100|[from] move: Wish|[wisher] Umbreon
|-heal|p2a: Keldeo|94/100|[from] item: Leftovers
|upkeep
|turn|61
|
|move|p2a: Keldeo|Toxic|p1a: Umbreon
|-status|p1a: Umbreon|tox
|-activate|p1a: Umbreon|ability: Synchronize
|-status|p2a: Keldeo|tox
|move|p1a: Umbreon|Foul Play|p2a: Keldeo
|-resisted|p2a: Keldeo
|-damage|p2a: Keldeo|76/100 tox
|-ability|p2a: Keldeo|Justified|boost
|-boost|p2a: Keldeo|atk|1
|
|-heal|p2a: Keldeo|82/100 tox|[from] item: Leftovers
|-damage|p2a: Keldeo|76/100 tox|[from] psn
|-damage|p1a: Umbreon|94/100 tox|[from] psn
|upkeep
|turn|62
|
|switch|p1a: Bronzong|Bronzong|73/100
|-damage|p1a: Bronzong|66/100|[from] Stealth Rock
|move|p2a: Keldeo|Toxic|p1a: Bronzong
|-immune|p1a: Bronzong
|
|-heal|p2a: Keldeo|82/100 tox|[from] item: Leftovers
|-heal|p1a: Bronzong|73/100|[from] item: Leftovers
|-damage|p2a: Keldeo|70/100 tox|[from] psn
|upkeep
|turn|63
|
|move|p2a: Keldeo|Flip Turn|p1a: Bronzong
|-damage|p1a: Bronzong|49/100
|
|switch|p2a: Skarmory|Skarmory, M|66/100 brn|[from]move: Flip Turn
|-damage|p2a: Skarmory|54/100 brn|[from] Stealth Rock
|move|p1a: Bronzong|Heavy Slam|p2a: Skarmory
|-resisted|p2a: Skarmory
|-damage|p2a: Skarmory|46/100 brn
|-damage|p1a: Bronzong|33/100|[from] item: Rocky Helmet|[of] p2a: Skarmory
|
|-heal|p1a: Bronzong|39/100|[from] item: Leftovers
|-damage|p2a: Skarmory|40/100 brn|[from] brn
|upkeep
|turn|64
|
|move|p2a: Skarmory|Roost|p2a: Skarmory
|-heal|p2a: Skarmory|90/100 brn
|-singleturn|p2a: Skarmory|move: Roost
|move|p1a: Bronzong|Rest|p1a: Bronzong
|-status|p1a: Bronzong|slp|[from] move: Rest
|-heal|p1a: Bronzong|100/100 slp|[silent]
|
|-damage|p2a: Skarmory|84/100 brn|[from] brn
|upkeep
|turn|65
|-message|Eltoras forfeited.
|
|win|EcruteakCityGeists
|l|☆Eltoras
|raw|EcruteakCityGeists's rating: 1401 &rarr; <strong>1419</strong><br />(+18 for winning)
|raw|Eltoras's rating: 1362 &rarr; <strong>1344</strong><br />(-18 for losing)
