|j|☆Wolverine2
|j|☆bioche80
|t:|1640710835
|gametype|singles
|player|p1|Wolverine2|n|1224
|player|p2|bioche80|hugh|1423
|teamsize|p1|6
|teamsize|p2|6
|gen|8
|tier|[Gen 8] UU
|rated|
|rule|Sleep Clause Mod: Limit one foe put to sleep
|rule|Species Clause: Limit one of each Pokémon
|rule|OHKO Clause: OHKO moves are banned
|rule|Evasion Moves Clause: Evasion moves are banned
|rule|Endless Battle Clause: Forcing endless battles is banned
|rule|HP Percentage Mod: HP is shown in percentages
|rule|Dynamax Clause: You cannot dynamax
|clearpoke
|poke|p1|Aegislash, F|
|poke|p1|Gyarados, F|
|poke|p1|Rhydon, F|
|poke|p1|Lycanroc-Dusk, M|
|poke|p1|Stakataka|
|poke|p1|Regieleki|
|poke|p2|Keldeo-Resolute|
|poke|p2|Mandibuzz, F|
|poke|p2|Darmanitan, F|
|poke|p2|Swampert, M|
|poke|p2|Tapu Bulu|
|poke|p2|Celesteela|
|teampreview
|inactive|Battle timer is ON: inactive players will automatically lose when time's up. (requested by Wolverine2)
|
|t:|1640710848
|start
|switch|p1a: Rhydon|Rhydon, F|100/100
|switch|p2a: Celesteela|Celesteela|100/100
|turn|1
|
|t:|1640710854
|move|p2a: Celesteela|Heavy Slam|p1a: Rhydon
|-supereffective|p1a: Rhydon
|-damage|p1a: Rhydon|22/100
|move|p1a: Rhydon|Stealth Rock|p2a: Celesteela
|-sidestart|p2: bioche80|move: Stealth Rock
|
|upkeep
|turn|2
|
|t:|1640710865
|switch|p1a: Stakataka|Stakataka|100/100
|move|p2a: Celesteela|Heavy Slam|p1a: Stakataka
|-damage|p1a: Stakataka|85/100
|
|upkeep
|turn|3
|
|t:|1640710880
|switch|p2a: Swampert|Swampert, M|100/100
|-damage|p2a: Swampert|94/100|[from] Stealth Rock
|move|p1a: Stakataka|Heat Crash|p2a: Swampert
|-resisted|p2a: Swampert
|-damage|p2a: Swampert|71/100
|
|-heal|p2a: Swampert|78/100|[from] item: Leftovers
|upkeep
|turn|4
|
|t:|1640710897
|switch|p1a: Gyarados|Gyarados, F|100/100
|move|p2a: Swampert|Flip Turn|p1a: Gyarados
|-resisted|p1a: Gyarados
|-damage|p1a: Gyarados|87/100
|
|t:|1640710906
|switch|p2a: Tapu Bulu|Tapu Bulu|100/100|[from]move: Flip Turn
|-damage|p2a: Tapu Bulu|88/100|[from] Stealth Rock
|-fieldstart|move: Grassy Terrain|[from] ability: Grassy Surge|[of] p2a: Tapu Bulu
|
|-heal|p1a: Gyarados|93/100|[from] item: Leftovers
|-heal|p2a: Tapu Bulu|94/100|[from] Grassy Terrain
|upkeep
|turn|5
|
|t:|1640710916
|switch|p1a: Rhydon|Rhydon, F|22/100
|move|p2a: Tapu Bulu|Horn Leech|p1a: Rhydon
|-supereffective|p1a: Rhydon
|-damage|p1a: Rhydon|0 fnt
|-heal|p2a: Tapu Bulu|100/100|[from] drain|[of] p1a: Rhydon
|faint|p1a: Rhydon
|
|upkeep
|
|t:|1640710921
|switch|p1a: Aegislash|Aegislash, F|100/100
|turn|6
|
|t:|1640710930
|switch|p2a: Swampert|Swampert, M|78/100
|-damage|p2a: Swampert|71/100|[from] Stealth Rock
|-formechange|p1a: Aegislash|Aegislash-Blade||[from] ability: Stance Change
|move|p1a: Aegislash|Iron Head|p2a: Swampert
|-resisted|p2a: Swampert
|-damage|p2a: Swampert|49/100
|
|-heal|p2a: Swampert|56/100|[from] Grassy Terrain
|-heal|p2a: Swampert|62/100|[from] item: Leftovers
|upkeep
|turn|7
|
|t:|1640710943
|-formechange|p1a: Aegislash|Aegislash||[from] ability: Stance Change
|move|p1a: Aegislash|King's Shield|p1a: Aegislash
|-singleturn|p1a: Aegislash|Protect
|move|p2a: Swampert|Stealth Rock|p1a: Aegislash
|-sidestart|p1: Wolverine2|move: Stealth Rock
|
|-heal|p2a: Swampert|68/100|[from] Grassy Terrain
|-heal|p2a: Swampert|74/100|[from] item: Leftovers
|upkeep
|turn|8
|
|t:|1640710953
|move|p1a: Aegislash|Swords Dance|p1a: Aegislash
|-boost|p1a: Aegislash|atk|2
|move|p2a: Swampert|High Horsepower|p1a: Aegislash
|-supereffective|p1a: Aegislash
|-damage|p1a: Aegislash|45/100
|-enditem|p1a: Aegislash|Weakness Policy
|-boost|p1a: Aegislash|atk|2|[from] item: Weakness Policy
|-boost|p1a: Aegislash|spa|2|[from] item: Weakness Policy
|
|-heal|p2a: Swampert|81/100|[from] Grassy Terrain
|-heal|p1a: Aegislash|51/100|[from] Grassy Terrain
|-heal|p2a: Swampert|87/100|[from] item: Leftovers
|-fieldend|move: Grassy Terrain
|upkeep
|turn|9
|
|t:|1640710966
|move|p1a: Aegislash|King's Shield|p1a: Aegislash
|-singleturn|p1a: Aegislash|Protect
|move|p2a: Swampert|High Horsepower|p1a: Aegislash
|-activate|p1a: Aegislash|move: Protect
|-unboost|p2a: Swampert|atk|1
|
|-heal|p2a: Swampert|93/100|[from] item: Leftovers
|upkeep
|turn|10
|
|t:|1640710979
|move|p2a: Swampert|High Horsepower|p1a: Aegislash
|-supereffective|p1a: Aegislash
|-damage|p1a: Aegislash|14/100
|-formechange|p1a: Aegislash|Aegislash-Blade||[from] ability: Stance Change
|move|p1a: Aegislash|Iron Head|p2a: Swampert
|-resisted|p2a: Swampert
|-damage|p2a: Swampert|25/100
|
|-heal|p2a: Swampert|32/100|[from] item: Leftovers
|upkeep
|turn|11
|
|t:|1640710990
|move|p1a: Aegislash|Shadow Sneak|p2a: Swampert
|-damage|p2a: Swampert|0 fnt
|faint|p2a: Swampert
|
|upkeep
|
|t:|1640711003
|switch|p2a: Mandibuzz|Mandibuzz, F|100/100
|turn|12
|
|t:|1640711011
|-formechange|p1a: Aegislash|Aegislash||[from] ability: Stance Change
|move|p1a: Aegislash|King's Shield|p1a: Aegislash
|-singleturn|p1a: Aegislash|Protect
|move|p2a: Mandibuzz|Foul Play|p1a: Aegislash
|-activate|p1a: Aegislash|move: Protect
|-unboost|p2a: Mandibuzz|atk|1
|
|upkeep
|turn|13
|
|t:|1640711022
|-formechange|p1a: Aegislash|Aegislash-Blade||[from] ability: Stance Change
|move|p1a: Aegislash|Shadow Sneak|p2a: Mandibuzz
|-resisted|p2a: Mandibuzz
|-damage|p2a: Mandibuzz|72/100
|move|p2a: Mandibuzz|Foul Play|p1a: Aegislash
|-supereffective|p1a: Aegislash
|-damage|p1a: Aegislash|0 fnt
|faint|p1a: Aegislash
|
|upkeep
|
|t:|1640711038
|switch|p1a: Regieleki|Regieleki|100/100
|-damage|p1a: Regieleki|88/100|[from] Stealth Rock
|turn|14
|
|t:|1640711050
|move|p1a: Regieleki|Thunderbolt|p2a: Mandibuzz
|-supereffective|p2a: Mandibuzz
|-damage|p2a: Mandibuzz|0 fnt
|faint|p2a: Mandibuzz
|
|upkeep
|
|t:|1640711055
|switch|p2a: Tapu Bulu|Tapu Bulu|100/100
|-damage|p2a: Tapu Bulu|88/100|[from] Stealth Rock
|-fieldstart|move: Grassy Terrain|[from] ability: Grassy Surge|[of] p2a: Tapu Bulu
|turn|15
|
|t:|1640711065
|switch|p1a: Stakataka|Stakataka|85/100
|-damage|p1a: Stakataka|79/100|[from] Stealth Rock
|move|p2a: Tapu Bulu|Horn Leech|p1a: Stakataka
|-damage|p1a: Stakataka|52/100
|-heal|p2a: Tapu Bulu|99/100|[from] drain|[of] p1a: Stakataka
|
|-heal|p2a: Tapu Bulu|100/100|[from] Grassy Terrain
|-heal|p1a: Stakataka|58/100|[from] Grassy Terrain
|upkeep
|turn|16
|
|t:|1640711076
|move|p2a: Tapu Bulu|Close Combat|p1a: Stakataka
|-supereffective|p1a: Stakataka
|-damage|p1a: Stakataka|0 fnt
|-unboost|p2a: Tapu Bulu|def|1
|-unboost|p2a: Tapu Bulu|spd|1
|faint|p1a: Stakataka
|
|upkeep
|
|t:|1640711093
|switch|p1a: Lycanroc|Lycanroc-Dusk, M|100/100
|-damage|p1a: Lycanroc|88/100|[from] Stealth Rock
|turn|17
|
|t:|1640711099
|move|p1a: Lycanroc|Play Rough|p2a: Tapu Bulu
|-damage|p2a: Tapu Bulu|38/100
|-damage|p1a: Lycanroc|72/100|[from] item: Rocky Helmet|[of] p2a: Tapu Bulu
|move|p2a: Tapu Bulu|Horn Leech|p1a: Lycanroc
|-supereffective|p1a: Lycanroc
|-damage|p1a: Lycanroc|0 fnt
|-heal|p2a: Tapu Bulu|68/100|[from] drain|[of] p1a: Lycanroc
|faint|p1a: Lycanroc
|
|-heal|p2a: Tapu Bulu|74/100|[from] Grassy Terrain
|upkeep
|
|t:|1640711107
|switch|p1a: Gyarados|Gyarados, F|93/100
|-damage|p1a: Gyarados|68/100|[from] Stealth Rock
|turn|18
|-message|Wolverine2 forfeited.
|
|win|bioche80
|raw|Wolverine2's rating: 1224 &rarr; <strong>1212</strong><br />(-12 for losing)
|raw|bioche80's rating: 1423 &rarr; <strong>1433</strong><br />(+10 for winning)
|l|☆Wolverine2
