|j|☆Springerk
|j|☆DDD951
|t:|1656178528
|gametype|singles
|player|p1|Springerk|tuberf|1410
|player|p2|DDD951|1|1497
|teamsize|p1|6
|teamsize|p2|6
|gen|8
|tier|[Gen 8] UU
|rated|
|rule|Sleep Clause Mod: Limit one foe put to sleep
|rule|Species Clause: Limit one of each Pokémon
|rule|OHKO Clause: OHKO moves are banned
|rule|Evasion Moves Clause: Evasion moves are banned
|rule|Endless Battle Clause: Forcing endless battles is banned
|rule|HP Percentage Mod: HP is shown in percentages
|rule|Dynamax Clause: You cannot dynamax
|clearpoke
|poke|p1|Guzzlord|
|poke|p1|Moltres|
|poke|p1|Zygarde-10%|
|poke|p1|Keldeo-Resolute|
|poke|p1|Nihilego|
|poke|p1|Tapu Bulu|
|poke|p2|Scizor, M|
|poke|p2|Gyarados, M|
|poke|p2|Starmie|
|poke|p2|Nihilego|
|poke|p2|Tangrowth, F|
|poke|p2|Darmanitan, F|
|teampreview
|
|t:|1656178542
|start
|switch|p1a: Zygarde|Zygarde-10%|100/100
|switch|p2a: Tangrowth|Tangrowth, F|100/100
|-ability|p1a: Zygarde|Aura Break
|turn|1
|
|t:|1656178548
|switch|p2a: Scizor|Scizor, M|100/100
|move|p1a: Zygarde|Toxic|p2a: Scizor
|-immune|p2a: Scizor
|
|upkeep
|turn|2
|
|t:|1656178557
|switch|p1a: Moltres|Moltres|100/100
|move|p2a: Scizor|U-turn|p1a: Moltres
|-resisted|p1a: Moltres
|-damage|p1a: Moltres|93/100
|
|t:|1656178563
|switch|p2a: Nihilego|Nihilego|100/100|[from]move: U-turn
|
|upkeep
|turn|3
|
|t:|1656178570
|switch|p1a: Zygarde|Zygarde-10%|100/100
|-ability|p1a: Zygarde|Aura Break
|move|p2a: Nihilego|Stealth Rock|p1a: Zygarde
|-sidestart|p1: Springerk|move: Stealth Rock
|
|upkeep
|turn|4
|
|t:|1656178580
|switch|p2a: Scizor|Scizor, M|100/100
|move|p1a: Zygarde|Thousand Arrows|p2a: Scizor
|-damage|p2a: Scizor|61/100
|
|-heal|p2a: Scizor|67/100|[from] item: Leftovers
|upkeep
|turn|5
|
|t:|1656178587
|switch|p1a: Moltres|Moltres|93/100
|move|p2a: Scizor|U-turn|p1a: Moltres
|-resisted|p1a: Moltres
|-damage|p1a: Moltres|85/100
|
|t:|1656178593
|switch|p2a: Nihilego|Nihilego|100/100|[from]move: U-turn
|
|upkeep
|turn|6
|
|t:|1656178597
|switch|p1a: Zygarde|Zygarde-10%|100/100
|-damage|p1a: Zygarde|94/100|[from] Stealth Rock
|-ability|p1a: Zygarde|Aura Break
|move|p2a: Nihilego|Sludge Wave|p1a: Zygarde
|-resisted|p1a: Zygarde
|-damage|p1a: Zygarde|55/100
|
|upkeep
|turn|7
|
|t:|1656178605
|switch|p2a: Tangrowth|Tangrowth, F|100/100
|move|p1a: Zygarde|Toxic|p2a: Tangrowth
|-status|p2a: Tangrowth|tox
|
|-damage|p2a: Tangrowth|94/100 tox|[from] psn
|upkeep
|turn|8
|
|t:|1656178617
|switch|p1a: Guzzlord|Guzzlord|100/100
|-damage|p1a: Guzzlord|88/100|[from] Stealth Rock
|switch|p2a: Nihilego|Nihilego|100/100
|
|upkeep
|turn|9
|
|t:|1656178630
|move|p2a: Nihilego|Knock Off|p1a: Guzzlord
|-resisted|p1a: Guzzlord
|-damage|p1a: Guzzlord|84/100
|-enditem|p1a: Guzzlord|Choice Band|[from] move: Knock Off|[of] p2a: Nihilego
|move|p1a: Guzzlord|Knock Off|p2a: Nihilego
|-damage|p2a: Nihilego|34/100
|-enditem|p2a: Nihilego|Black Sludge|[from] move: Knock Off|[of] p1a: Guzzlord
|
|upkeep
|turn|10
|
|t:|1656178639
|move|p2a: Nihilego|Sludge Wave|p1a: Guzzlord
|-damage|p1a: Guzzlord|40/100
|move|p1a: Guzzlord|Heat Crash|p2a: Nihilego
|-resisted|p2a: Nihilego
|-crit|p2a: Nihilego
|-damage|p2a: Nihilego|0 fnt
|faint|p2a: Nihilego
|-ability|p1a: Guzzlord|Beast Boost|boost
|-boost|p1a: Guzzlord|atk|1
|
|upkeep
|
|t:|1656178650
|switch|p2a: Starmie|Starmie|100/100
|turn|11
|
|t:|1656178655
|switch|p1a: Nihilego|Nihilego|100/100
|-damage|p1a: Nihilego|88/100|[from] Stealth Rock
|move|p2a: Starmie|Ice Beam|p1a: Nihilego
|-damage|p1a: Nihilego|56/100
|-damage|p2a: Starmie|91/100|[from] item: Life Orb
|
|-heal|p1a: Nihilego|62/100|[from] item: Black Sludge
|upkeep
|turn|12
|
|t:|1656178668
|switch|p1a: Tapu Bulu|Tapu Bulu|100/100
|-fieldstart|move: Grassy Terrain|[from] ability: Grassy Surge|[of] p1a: Tapu Bulu
|move|p2a: Starmie|Psyshock|p1a: Tapu Bulu
|-damage|p1a: Tapu Bulu|56/100
|-damage|p2a: Starmie|81/100|[from] item: Life Orb
|
|-heal|p2a: Starmie|87/100|[from] Grassy Terrain
|-heal|p1a: Tapu Bulu|62/100|[from] Grassy Terrain
|upkeep
|turn|13
|
|t:|1656178685
|switch|p2a: Scizor|Scizor, M|67/100
|switch|p1a: Guzzlord|Guzzlord|40/100
|-damage|p1a: Guzzlord|28/100|[from] Stealth Rock
|
|-heal|p2a: Scizor|73/100|[from] Grassy Terrain
|-heal|p2a: Scizor|79/100|[from] item: Leftovers
|-heal|p1a: Guzzlord|34/100|[from] Grassy Terrain
|upkeep
|turn|14
|
|t:|1656178695
|switch|p1a: Moltres|Moltres|85/100
|move|p2a: Scizor|U-turn|p1a: Moltres
|-resisted|p1a: Moltres
|-damage|p1a: Moltres|78/100
|
|t:|1656178703
|switch|p2a: Starmie|Starmie|87/100|[from]move: U-turn
|
|-heal|p2a: Starmie|93/100|[from] Grassy Terrain
|upkeep
|turn|15
|
|t:|1656178715
|switch|p1a: Guzzlord|Guzzlord|34/100
|-damage|p1a: Guzzlord|22/100|[from] Stealth Rock
|move|p2a: Starmie|Ice Beam|p1a: Guzzlord
|-supereffective|p1a: Guzzlord
|-damage|p1a: Guzzlord|0 fnt
|faint|p1a: Guzzlord
|-damage|p2a: Starmie|83/100|[from] item: Life Orb
|
|-heal|p2a: Starmie|89/100|[from] Grassy Terrain
|upkeep
|
|t:|1656178725
|switch|p1a: Zygarde|Zygarde-10%|55/100
|-damage|p1a: Zygarde|49/100|[from] Stealth Rock
|-ability|p1a: Zygarde|Aura Break
|turn|16
|
|t:|1656178732
|switch|p2a: Tangrowth|Tangrowth, F|100/100 tox
|move|p1a: Zygarde|Thousand Arrows|p2a: Tangrowth
|-resisted|p2a: Tangrowth
|-damage|p2a: Tangrowth|80/100 tox
|
|-heal|p1a: Zygarde|55/100|[from] Grassy Terrain
|-heal|p2a: Tangrowth|86/100 tox|[from] Grassy Terrain
|-damage|p2a: Tangrowth|80/100 tox|[from] psn
|-fieldend|move: Grassy Terrain
|upkeep
|turn|17
|
|t:|1656178746
|switch|p1a: Nihilego|Nihilego|62/100
|-damage|p1a: Nihilego|50/100|[from] Stealth Rock
|move|p2a: Tangrowth|Knock Off|p1a: Nihilego
|-damage|p1a: Nihilego|9/100
|-enditem|p1a: Nihilego|Black Sludge|[from] move: Knock Off|[of] p2a: Tangrowth
|
|-damage|p2a: Tangrowth|68/100 tox|[from] psn
|upkeep
|turn|18
|
|t:|1656178755
|switch|p2a: Scizor|Scizor, M|79/100
|move|p1a: Nihilego|Stealth Rock|p2a: Scizor
|-sidestart|p2: DDD951|move: Stealth Rock
|
|-heal|p2a: Scizor|85/100|[from] item: Leftovers
|upkeep
|turn|19
|
|t:|1656178761
|switch|p1a: Moltres|Moltres|78/100
|move|p2a: Scizor|U-turn|p1a: Moltres
|-resisted|p1a: Moltres
|-damage|p1a: Moltres|72/100
|-status|p2a: Scizor|brn|[from] ability: Flame Body|[of] p1a: Moltres
|
|t:|1656178768
|switch|p2a: Starmie|Starmie|89/100|[from]move: U-turn
|-damage|p2a: Starmie|77/100|[from] Stealth Rock
|
|upkeep
|turn|20
|
|t:|1656178772
|switch|p1a: Nihilego|Nihilego|9/100
|-damage|p1a: Nihilego|0 fnt|[from] Stealth Rock
|faint|p1a: Nihilego
|move|p2a: Starmie|Hydro Pump|p1: Nihilego|[notarget]
|-fail|p2a: Starmie
|
|upkeep
|
|t:|1656178775
|switch|p1a: Zygarde|Zygarde-10%|55/100
|-damage|p1a: Zygarde|49/100|[from] Stealth Rock
|-ability|p1a: Zygarde|Aura Break
|turn|21
|
|t:|1656178782
|switch|p2a: Tangrowth|Tangrowth, F|100/100 tox
|-damage|p2a: Tangrowth|88/100 tox|[from] Stealth Rock
|switch|p1a: Moltres|Moltres|72/100
|
|-damage|p2a: Tangrowth|82/100 tox|[from] psn
|upkeep
|turn|22
|
|t:|1656178790
|move|p1a: Moltres|Mystical Fire|p2a: Tangrowth
|-supereffective|p2a: Tangrowth
|-damage|p2a: Tangrowth|43/100 tox
|-unboost|p2a: Tangrowth|spa|1
|move|p2a: Tangrowth|Knock Off|p1a: Moltres
|-damage|p1a: Moltres|49/100
|-enditem|p1a: Moltres|Heavy-Duty Boots|[from] move: Knock Off|[of] p2a: Tangrowth
|
|-damage|p2a: Tangrowth|31/100 tox|[from] psn
|upkeep
|turn|23
|
|t:|1656178800
|switch|p2a: Darmanitan|Darmanitan, F|100/100
|-damage|p2a: Darmanitan|76/100|[from] Stealth Rock
|move|p1a: Moltres|Mystical Fire|p2a: Darmanitan
|-resisted|p2a: Darmanitan
|-damage|p2a: Darmanitan|53/100
|-unboost|p2a: Darmanitan|spa|1
|
|upkeep
|turn|24
|
|t:|1656178810
|move|p2a: Darmanitan|Toxic|p1a: Moltres
|-status|p1a: Moltres|tox
|move|p1a: Moltres|Roost|p1a: Moltres
|-heal|p1a: Moltres|99/100 tox
|-singleturn|p1a: Moltres|move: Roost
|
|-damage|p1a: Moltres|93/100 tox|[from] psn
|upkeep
|turn|25
|
|t:|1656178818
|switch|p2a: Tangrowth|Tangrowth, F|64/100 tox
|-damage|p2a: Tangrowth|52/100 tox|[from] Stealth Rock
|move|p1a: Moltres|Mystical Fire|p2a: Tangrowth
|-supereffective|p2a: Tangrowth
|-damage|p2a: Tangrowth|14/100 tox
|-unboost|p2a: Tangrowth|spa|1
|
|-damage|p1a: Moltres|80/100 tox|[from] psn
|-damage|p2a: Tangrowth|8/100 tox|[from] psn
|upkeep
|turn|26
|
|t:|1656178830
|move|p1a: Moltres|Toxic|p2a: Tangrowth
|-fail|p2a: Tangrowth|tox
|move|p2a: Tangrowth|Sludge Bomb|p1a: Moltres
|-damage|p1a: Moltres|66/100 tox
|
|-damage|p1a: Moltres|47/100 tox|[from] psn
|-damage|p2a: Tangrowth|0 fnt|[from] psn
|faint|p2a: Tangrowth
|upkeep
|
|t:|1656178837
|switch|p2a: Starmie|Starmie|77/100
|-damage|p2a: Starmie|64/100|[from] Stealth Rock
|turn|27
|
|t:|1656178845
|move|p2a: Starmie|Rapid Spin|p1a: Moltres
|-damage|p1a: Moltres|37/100 tox
|-boost|p2a: Starmie|spe|1
|-status|p2a: Starmie|brn|[from] ability: Flame Body|[of] p1a: Moltres
|-sideend|p2: DDD951|Stealth Rock|[from] move: Rapid Spin|[of] p2a: Starmie
|-damage|p2a: Starmie|55/100 brn|[from] item: Life Orb
|move|p1a: Moltres|U-turn|p2a: Starmie
|-supereffective|p2a: Starmie
|-damage|p2a: Starmie|13/100 brn
|
|t:|1656178869
|switch|p1a: Zygarde|Zygarde-10%|49/100|[from]move: U-turn
|-damage|p1a: Zygarde|43/100|[from] Stealth Rock
|-ability|p1a: Zygarde|Aura Break
|
|-damage|p2a: Starmie|7/100 brn|[from] brn
|upkeep
|turn|28
|
|t:|1656178883
|move|p2a: Starmie|Ice Beam|p1a: Zygarde
|-supereffective|p1a: Zygarde
|-damage|p1a: Zygarde|0 fnt
|faint|p1a: Zygarde
|-damage|p2a: Starmie|0 fnt|[from] item: Life Orb
|faint|p2a: Starmie
|
|upkeep
|
|t:|1656178896
|switch|p1a: Moltres|Moltres|37/100 tox
|switch|p2a: Scizor|Scizor, M|85/100 brn
|-damage|p1a: Moltres|0 fnt|[from] Stealth Rock
|faint|p1a: Moltres
|
|t:|1656178901
|switch|p1a: Keldeo|Keldeo-Resolute|100/100
|-damage|p1a: Keldeo|94/100|[from] Stealth Rock
|turn|29
|
|t:|1656178906
|move|p1a: Keldeo|Substitute|p1a: Keldeo
|-start|p1a: Keldeo|Substitute
|-damage|p1a: Keldeo|70/100
|move|p2a: Scizor|U-turn|p1a: Keldeo
|-resisted|p1a: Keldeo
|-activate|p1a: Keldeo|move: Substitute|[damage]
|j| Friedolin
|
|t:|1656178913
|switch|p2a: Gyarados|Gyarados, M|100/100|[from]move: U-turn
|-ability|p2a: Gyarados|Intimidate|boost
|-immune|p1a: Keldeo
|
|-heal|p1a: Keldeo|76/100|[from] item: Leftovers
|upkeep
|turn|30
|
|t:|1656178921
|move|p1a: Keldeo|Scald|p2a: Gyarados
|-resisted|p2a: Gyarados
|-damage|p2a: Gyarados|82/100
|move|p2a: Gyarados|Dragon Dance|p2a: Gyarados
|-boost|p2a: Gyarados|atk|1
|-boost|p2a: Gyarados|spe|1
|
|-heal|p2a: Gyarados|88/100|[from] item: Leftovers
|-heal|p1a: Keldeo|82/100|[from] item: Leftovers
|upkeep
|turn|31
|
|t:|1656178930
|move|p2a: Gyarados|Substitute|p2a: Gyarados
|-start|p2a: Gyarados|Substitute
|-damage|p2a: Gyarados|63/100
|move|p1a: Keldeo|Scald|p2a: Gyarados
|-resisted|p2a: Gyarados
|-activate|p2a: Gyarados|move: Substitute|[damage]
|
|-heal|p2a: Gyarados|69/100|[from] item: Leftovers
|-heal|p1a: Keldeo|88/100|[from] item: Leftovers
|upkeep
|turn|32
|
|t:|1656178938
|move|p2a: Gyarados|Waterfall|p1a: Keldeo
|-resisted|p1a: Keldeo
|-end|p1a: Keldeo|Substitute
|move|p1a: Keldeo|Calm Mind|p1a: Keldeo
|-boost|p1a: Keldeo|spa|1
|-boost|p1a: Keldeo|spd|1
|
|-heal|p2a: Gyarados|75/100|[from] item: Leftovers
|-heal|p1a: Keldeo|94/100|[from] item: Leftovers
|upkeep
|turn|33
|
|t:|1656178948
|move|p2a: Gyarados|Waterfall|p1a: Keldeo
|-resisted|p1a: Keldeo
|-damage|p1a: Keldeo|63/100
|move|p1a: Keldeo|Scald|p2a: Gyarados
|-resisted|p2a: Gyarados
|-end|p2a: Gyarados|Substitute
|
|-heal|p2a: Gyarados|81/100|[from] item: Leftovers
|-heal|p1a: Keldeo|69/100|[from] item: Leftovers
|upkeep
|turn|34
|
|t:|1656178957
|move|p2a: Gyarados|Bounce||[still]
|-prepare|p2a: Gyarados|Bounce
|move|p1a: Keldeo|Scald|p2a: Gyarados|[miss]
|-miss|p1a: Keldeo|p2a: Gyarados
|
|-heal|p2a: Gyarados|87/100|[from] item: Leftovers
|-heal|p1a: Keldeo|75/100|[from] item: Leftovers
|upkeep
|turn|35
|
|t:|1656178965
|move|p2a: Gyarados|Bounce|p1a: Keldeo|[from]lockedmove
|-supereffective|p1a: Keldeo
|-damage|p1a: Keldeo|0 fnt
|faint|p1a: Keldeo
|
|-heal|p2a: Gyarados|93/100|[from] item: Leftovers
|upkeep
|
|t:|1656178968
|switch|p1a: Tapu Bulu|Tapu Bulu|62/100
|-fieldstart|move: Grassy Terrain|[from] ability: Grassy Surge|[of] p1a: Tapu Bulu
|turn|36
|
|t:|1656178973
|move|p2a: Gyarados|Bounce||[still]
|-prepare|p2a: Gyarados|Bounce
|move|p1a: Tapu Bulu|Nature's Madness|p2a: Gyarados|[miss]
|-miss|p1a: Tapu Bulu|p2a: Gyarados
|
|-heal|p2a: Gyarados|99/100|[from] item: Leftovers
|-heal|p1a: Tapu Bulu|68/100|[from] Grassy Terrain
|upkeep
|turn|37
|
|t:|1656178980
|move|p2a: Gyarados|Bounce|p1a: Tapu Bulu|[from]lockedmove
|-supereffective|p1a: Tapu Bulu
|-damage|p1a: Tapu Bulu|0 fnt
|faint|p1a: Tapu Bulu
|
|win|DDD951
|raw|Springerk's rating: 1410 &rarr; <strong>1395</strong><br />(-15 for losing)
|raw|DDD951's rating: 1497 &rarr; <strong>1512</strong><br />(+15 for winning)
|l|☆Springerk
||Ladder isn't responding, score probably updated but might not have (Request timeout).
