|j|☆uult84z km
|j|☆Kla0Trixx
|t:|1623525909
|gametype|singles
|player|p1|uult84z km|parasollady-gen4|1448
|player|p2|Kla0Trixx|170|1578
|teamsize|p1|6
|teamsize|p2|6
|gen|8
|tier|[Gen 8] UU
|rated|
|rule|Sleep Clause Mod: Limit one foe put to sleep
|rule|Species Clause: Limit one of each Pokémon
|rule|OHKO Clause: OHKO moves are banned
|rule|Evasion Moves Clause: Evasion moves are banned
|rule|Endless Battle Clause: Forcing endless battles is banned
|rule|HP Percentage Mod: HP is shown in percentages
|rule|Dynamax Clause: You cannot dynamax
|clearpoke
|poke|p1|Celebi|
|poke|p1|Crobat, M|
|poke|p1|Magneton|
|poke|p1|Sneasel, F|
|poke|p1|Regidrago|
|poke|p1|Nihilego|
|poke|p2|Amoonguss, M|
|poke|p2|Rotom-Heat|
|poke|p2|Primarina, F|
|poke|p2|Jirachi|
|poke|p2|Mamoswine, F|
|poke|p2|Obstagoon, F|
|teampreview
|j| UULT84z BFMengz
|j| UULT84z jez'
|c| UULT84z BFMengz|KM I can't even with this team
|
|t:|1623525936
|start
|switch|p1a: Celebi|Celebi|100/100
|switch|p2a: Rotom|Rotom-Heat|100/100
|turn|1
|
|t:|1623525940
|move|p1a: Celebi|Stealth Rock|p2a: Rotom
|-sidestart|p2: Kla0Trixx|move: Stealth Rock
|move|p2a: Rotom|Volt Switch|p1a: Celebi
|-resisted|p1a: Celebi
|-damage|p1a: Celebi|88/100
|c|☆uult84z km|its good smh
|j| fushunha
|
|t:|1623525950
|switch|p2a: Jirachi|Jirachi|100/100|[from]move: Volt Switch
|-damage|p2a: Jirachi|94/100|[from] Stealth Rock
|
|-heal|p2a: Jirachi|100/100|[from] item: Leftovers
|upkeep
|turn|2
|
|t:|1623525953
|switch|p2a: Rotom|Rotom-Heat|100/100
|move|p1a: Celebi|Leaf Storm|p2a: Rotom
|-resisted|p2a: Rotom
|-damage|p2a: Rotom|73/100
|-unboost|p1a: Celebi|spa|2
|-enditem|p1a: Celebi|Eject Pack
|
|t:|1623525956
|switch|p1a: Nihilego|Nihilego|100/100
|
|upkeep
|turn|3
|
|t:|1623525961
|switch|p1a: Magneton|Magneton|100/100
|switch|p2a: Jirachi|Jirachi|100/100
|-damage|p2a: Jirachi|94/100|[from] Stealth Rock
|
|-heal|p2a: Jirachi|100/100|[from] item: Leftovers
|upkeep
|turn|4
|
|t:|1623525967
|move|p1a: Magneton|Thunderbolt|p2a: Jirachi
|-damage|p2a: Jirachi|53/100
|move|p2a: Jirachi|Iron Head|p1a: Magneton
|-resisted|p1a: Magneton
|-damage|p1a: Magneton|89/100
|
|-heal|p2a: Jirachi|59/100|[from] item: Leftovers
|upkeep
|turn|5
|
|t:|1623525971
|move|p2a: Jirachi|Protect|p2a: Jirachi
|-singleturn|p2a: Jirachi|Protect
|move|p1a: Magneton|Thunderbolt|p2a: Jirachi
|-activate|p2a: Jirachi|move: Protect
|
|-heal|p2a: Jirachi|65/100|[from] item: Leftovers
|upkeep
|turn|6
|
|t:|1623525973
|move|p1a: Magneton|Thunderbolt|p2a: Jirachi
|-damage|p2a: Jirachi|23/100
|move|p2a: Jirachi|Wish|p2a: Jirachi
|
|-heal|p2a: Jirachi|29/100|[from] item: Leftovers
|upkeep
|turn|7
|
|t:|1623525976
|move|p2a: Jirachi|Protect|p2a: Jirachi
|-singleturn|p2a: Jirachi|Protect
|move|p1a: Magneton|Thunderbolt|p2a: Jirachi
|-activate|p2a: Jirachi|move: Protect
|
|-heal|p2a: Jirachi|79/100|[from] move: Wish|[wisher] Jirachi
|-heal|p2a: Jirachi|85/100|[from] item: Leftovers
|upkeep
|turn|8
|c|☆uult84z km|omg
|c|☆uult84z km|magneton is
|c|☆uult84z km|so bad
|c|☆uult84z km|LOOOOOL
|
|t:|1623525981
|move|p1a: Magneton|Thunderbolt|p2a: Jirachi
|-damage|p2a: Jirachi|40/100
|move|p2a: Jirachi|Wish|p2a: Jirachi
|
|-heal|p2a: Jirachi|46/100|[from] item: Leftovers
|upkeep
|turn|9
|
|t:|1623525983
|move|p2a: Jirachi|Protect|p2a: Jirachi
|-singleturn|p2a: Jirachi|Protect
|move|p1a: Magneton|Thunderbolt|p2a: Jirachi
|-activate|p2a: Jirachi|move: Protect
|
|-heal|p2a: Jirachi|96/100|[from] move: Wish|[wisher] Jirachi
|-heal|p2a: Jirachi|100/100|[from] item: Leftovers
|upkeep
|turn|10
|
|t:|1623525985
|move|p1a: Magneton|Thunderbolt|p2a: Jirachi
|-damage|p2a: Jirachi|57/100
|move|p2a: Jirachi|Wish|p2a: Jirachi
|
|-heal|p2a: Jirachi|63/100|[from] item: Leftovers
|upkeep
|turn|11
|
|t:|1623525988
|move|p1a: Magneton|Thunderbolt|p2a: Jirachi
|-damage|p2a: Jirachi|20/100
|move|p2a: Jirachi|Iron Head|p1a: Magneton
|-resisted|p1a: Magneton
|-damage|p1a: Magneton|80/100
|
|-heal|p2a: Jirachi|70/100|[from] move: Wish|[wisher] Jirachi
|-heal|p2a: Jirachi|76/100|[from] item: Leftovers
|upkeep
|turn|12
|
|t:|1623525991
|move|p2a: Jirachi|Protect|p2a: Jirachi
|-singleturn|p2a: Jirachi|Protect
|move|p1a: Magneton|Thunderbolt|p2a: Jirachi
|-activate|p2a: Jirachi|move: Protect
|
|-heal|p2a: Jirachi|82/100|[from] item: Leftovers
|upkeep
|turn|13
|
|t:|1623525993
|move|p1a: Magneton|Thunderbolt|p2a: Jirachi
|-damage|p2a: Jirachi|40/100
|move|p2a: Jirachi|Wish|p2a: Jirachi
|
|-heal|p2a: Jirachi|46/100|[from] item: Leftovers
|upkeep
|turn|14
|
|t:|1623525996
|move|p2a: Jirachi|Protect|p2a: Jirachi
|-singleturn|p2a: Jirachi|Protect
|move|p1a: Magneton|Thunderbolt|p2a: Jirachi
|-activate|p2a: Jirachi|move: Protect
|
|-heal|p2a: Jirachi|96/100|[from] move: Wish|[wisher] Jirachi
|-heal|p2a: Jirachi|100/100|[from] item: Leftovers
|upkeep
|turn|15
|
|t:|1623525998
|move|p1a: Magneton|Thunderbolt|p2a: Jirachi
|-damage|p2a: Jirachi|56/100
|move|p2a: Jirachi|Wish|p2a: Jirachi
|
|-heal|p2a: Jirachi|63/100|[from] item: Leftovers
|upkeep
|turn|16
|
|t:|1623526000
|move|p1a: Magneton|Thunderbolt|p2a: Jirachi
|-damage|p2a: Jirachi|14/100
|move|p2a: Jirachi|Iron Head|p1a: Magneton
|-resisted|p1a: Magneton
|-damage|p1a: Magneton|70/100
|
|-heal|p2a: Jirachi|64/100|[from] move: Wish|[wisher] Jirachi
|-heal|p2a: Jirachi|70/100|[from] item: Leftovers
|upkeep
|turn|17
|
|t:|1623526003
|move|p2a: Jirachi|Protect|p2a: Jirachi
|-singleturn|p2a: Jirachi|Protect
|move|p1a: Magneton|Thunderbolt|p2a: Jirachi
|-activate|p2a: Jirachi|move: Protect
|
|-heal|p2a: Jirachi|76/100|[from] item: Leftovers
|upkeep
|turn|18
|
|t:|1623526005
|move|p1a: Magneton|Thunderbolt|p2a: Jirachi
|-damage|p2a: Jirachi|32/100
|move|p2a: Jirachi|Wish|p2a: Jirachi
|
|-heal|p2a: Jirachi|38/100|[from] item: Leftovers
|upkeep
|turn|19
|
|t:|1623526007
|move|p2a: Jirachi|Protect|p2a: Jirachi
|-singleturn|p2a: Jirachi|Protect
|move|p1a: Magneton|Thunderbolt|p2a: Jirachi
|-activate|p2a: Jirachi|move: Protect
|
|-heal|p2a: Jirachi|88/100|[from] move: Wish|[wisher] Jirachi
|-heal|p2a: Jirachi|95/100|[from] item: Leftovers
|upkeep
|turn|20
|
|t:|1623526010
|move|p1a: Magneton|Thunderbolt|p2a: Jirachi
|-damage|p2a: Jirachi|51/100
|move|p2a: Jirachi|Wish|p2a: Jirachi
|
|-heal|p2a: Jirachi|57/100|[from] item: Leftovers
|upkeep
|turn|21
|c|☆uult84z km|a single crit para i'm begging
|
|t:|1623526014
|move|p2a: Jirachi|Protect|p2a: Jirachi
|-singleturn|p2a: Jirachi|Protect
|move|p1a: Magneton|Thunderbolt|p2a: Jirachi
|-activate|p2a: Jirachi|move: Protect
|
|-heal|p2a: Jirachi|100/100|[from] move: Wish|[wisher] Jirachi
|upkeep
|turn|22
|
|t:|1623526018
|move|p1a: Magneton|Thunderbolt|p2a: Jirachi
|-damage|p2a: Jirachi|54/100
|move|p2a: Jirachi|Wish|p2a: Jirachi
|
|-heal|p2a: Jirachi|61/100|[from] item: Leftovers
|upkeep
|turn|23
|
|t:|1623526020
|move|p2a: Jirachi|Protect|p2a: Jirachi
|-singleturn|p2a: Jirachi|Protect
|move|p1a: Magneton|Thunderbolt|p2a: Jirachi
|-activate|p2a: Jirachi|move: Protect
|
|-heal|p2a: Jirachi|100/100|[from] move: Wish|[wisher] Jirachi
|upkeep
|turn|24
|
|t:|1623526021
|move|p1a: Magneton|Thunderbolt|p2a: Jirachi
|-damage|p2a: Jirachi|57/100
|move|p2a: Jirachi|Wish|p2a: Jirachi
|
|-heal|p2a: Jirachi|63/100|[from] item: Leftovers
|upkeep
|turn|25
|
|t:|1623526023
|move|p2a: Jirachi|Protect|p2a: Jirachi
|-singleturn|p2a: Jirachi|Protect
|move|p1a: Magneton|Thunderbolt|p2a: Jirachi
|-activate|p2a: Jirachi|move: Protect
|
|-heal|p2a: Jirachi|100/100|[from] move: Wish|[wisher] Jirachi
|upkeep
|turn|26
|
|t:|1623526026
|move|p1a: Magneton|Thunderbolt|p2a: Jirachi
|-damage|p2a: Jirachi|60/100
|move|p2a: Jirachi|Wish|p2a: Jirachi
|
|-heal|p2a: Jirachi|66/100|[from] item: Leftovers
|upkeep
|turn|27
|
|t:|1623526029
|move|p2a: Jirachi|Protect|p2a: Jirachi
|-singleturn|p2a: Jirachi|Protect
|move|p1a: Magneton|Thunderbolt|p2a: Jirachi
|-activate|p2a: Jirachi|move: Protect
|
|-heal|p2a: Jirachi|100/100|[from] move: Wish|[wisher] Jirachi
|upkeep
|turn|28
|
|t:|1623526033
|switch|p1a: Sneasel|Sneasel, F|100/100
|move|p2a: Jirachi|Wish|p2a: Jirachi
|
|upkeep
|turn|29
|c| fushunha|KEK
|
|t:|1623526039
|switch|p2a: Rotom|Rotom-Heat|73/100
|move|p1a: Sneasel|Knock Off|p2a: Rotom
|-damage|p2a: Rotom|25/100
|-enditem|p2a: Rotom|Heavy-Duty Boots|[from] move: Knock Off|[of] p1a: Sneasel
|
|-heal|p2a: Rotom|91/100|[from] move: Wish|[wisher] Jirachi
|upkeep
|turn|30
|
|t:|1623526045
|switch|p1a: Nihilego|Nihilego|100/100
|move|p2a: Rotom|Defog|p1a: Nihilego
|-unboost|p1a: Nihilego|evasion|1
|-sideend|p2: Kla0Trixx|Stealth Rock|[from] move: Defog|[of] p2a: Rotom
|
|upkeep
|turn|31
|
|t:|1623526052
|switch|p1a: Magneton|Magneton|70/100
|switch|p2a: Jirachi|Jirachi|100/100
|
|upkeep
|turn|32
|
|t:|1623526055
|move|p2a: Jirachi|Protect|p2a: Jirachi
|-singleturn|p2a: Jirachi|Protect
|move|p1a: Magneton|Volt Switch|p2a: Jirachi
|-activate|p2a: Jirachi|move: Protect
|
|upkeep
|turn|33
|
|t:|1623526058
|move|p1a: Magneton|Volt Switch|p2a: Jirachi
|-damage|p2a: Jirachi|64/100
|
|t:|1623526062
|switch|p1a: Sneasel|Sneasel, F|100/100|[from]move: Volt Switch
|move|p2a: Jirachi|Wish|p2a: Jirachi
|
|-heal|p2a: Jirachi|70/100|[from] item: Leftovers
|upkeep
|turn|34
|
|t:|1623526064
|switch|p2a: Rotom|Rotom-Heat|91/100
|move|p1a: Sneasel|Knock Off|p2a: Rotom
|-damage|p2a: Rotom|62/100
|
|-heal|p2a: Rotom|100/100|[from] move: Wish|[wisher] Jirachi
|upkeep
|turn|35
|
|t:|1623526068
|switch|p1a: Nihilego|Nihilego|100/100
|move|p2a: Rotom|Volt Switch|p1a: Nihilego
|-damage|p1a: Nihilego|84/100
|
|t:|1623526074
|switch|p2a: Mamoswine|Mamoswine, F|100/100|[from]move: Volt Switch
|
|upkeep
|turn|36
|
|t:|1623526082
|move|p1a: Nihilego|Meteor Beam||[still]
|-prepare|p1a: Nihilego|Meteor Beam
|-boost|p1a: Nihilego|spa|1
|-enditem|p1a: Nihilego|Power Herb
|-anim|p1a: Nihilego|Meteor Beam|p2a: Mamoswine
|-damage|p2a: Mamoswine|0 fnt
|faint|p2a: Mamoswine
|-ability|p1a: Nihilego|Beast Boost|boost
|-boost|p1a: Nihilego|spe|1
|
|upkeep
|
|t:|1623526089
|switch|p2a: Jirachi|Jirachi|70/100
|turn|37
|
|t:|1623526093
|move|p1a: Nihilego|Power Gem|p2a: Jirachi
|-resisted|p2a: Jirachi
|-damage|p2a: Jirachi|52/100
|move|p2a: Jirachi|Wish|p2a: Jirachi
|
|-heal|p2a: Jirachi|58/100|[from] item: Leftovers
|upkeep
|turn|38
|
|t:|1623526097
|switch|p1a: Magneton|Magneton|70/100
|move|p2a: Jirachi|Iron Head|p1a: Magneton
|-resisted|p1a: Magneton
|-damage|p1a: Magneton|60/100
|
|-heal|p2a: Jirachi|100/100|[from] move: Wish|[wisher] Jirachi
|upkeep
|turn|39
|
|t:|1623526100
|move|p2a: Jirachi|Protect|p2a: Jirachi
|-singleturn|p2a: Jirachi|Protect
|move|p1a: Magneton|Flash Cannon|p2a: Jirachi
|-activate|p2a: Jirachi|move: Protect
|
|upkeep
|turn|40
|
|t:|1623526103
|move|p1a: Magneton|Flash Cannon|p2a: Jirachi
|-resisted|p2a: Jirachi
|-damage|p2a: Jirachi|80/100
|move|p2a: Jirachi|Iron Head|p1a: Magneton
|-resisted|p1a: Magneton
|-damage|p1a: Magneton|49/100
|
|-heal|p2a: Jirachi|86/100|[from] item: Leftovers
|upkeep
|turn|41
|
|t:|1623526105
|move|p1a: Magneton|Flash Cannon|p2a: Jirachi
|-resisted|p2a: Jirachi
|-damage|p2a: Jirachi|66/100
|move|p2a: Jirachi|Iron Head|p1a: Magneton
|-resisted|p1a: Magneton
|-damage|p1a: Magneton|40/100
|
|-heal|p2a: Jirachi|72/100|[from] item: Leftovers
|upkeep
|turn|42
|
|t:|1623526108
|move|p1a: Magneton|Flash Cannon|p2a: Jirachi
|-resisted|p2a: Jirachi
|-damage|p2a: Jirachi|51/100
|move|p2a: Jirachi|Iron Head|p1a: Magneton
|-resisted|p1a: Magneton
|-damage|p1a: Magneton|29/100
|
|-heal|p2a: Jirachi|57/100|[from] item: Leftovers
|upkeep
|turn|43
|
|t:|1623526110
|move|p1a: Magneton|Flash Cannon|p2a: Jirachi
|-resisted|p2a: Jirachi
|-damage|p2a: Jirachi|37/100
|move|p2a: Jirachi|Wish|p2a: Jirachi
|
|-heal|p2a: Jirachi|43/100|[from] item: Leftovers
|upkeep
|turn|44
|
|t:|1623526112
|move|p1a: Magneton|Flash Cannon|p2a: Jirachi
|-resisted|p2a: Jirachi
|-damage|p2a: Jirachi|25/100
|move|p2a: Jirachi|Iron Head|p1a: Magneton
|-resisted|p1a: Magneton
|-damage|p1a: Magneton|20/100
|
|-heal|p2a: Jirachi|74/100|[from] move: Wish|[wisher] Jirachi
|-heal|p2a: Jirachi|81/100|[from] item: Leftovers
|upkeep
|turn|45
|
|t:|1623526119
|move|p1a: Magneton|Flash Cannon|p2a: Jirachi
|-resisted|p2a: Jirachi
|-damage|p2a: Jirachi|61/100
|move|p2a: Jirachi|Iron Head|p1a: Magneton
|-resisted|p1a: Magneton
|-damage|p1a: Magneton|9/100
|
|-heal|p2a: Jirachi|67/100|[from] item: Leftovers
|upkeep
|turn|46
|c|☆uult84z km|why is this jirachi immune to secondary effects
|
|t:|1623526127
|switch|p1a: Crobat|Crobat, M|100/100
|move|p2a: Jirachi|Wish|p2a: Jirachi
|
|-heal|p2a: Jirachi|73/100|[from] item: Leftovers
|upkeep
|turn|47
|
|t:|1623526133
|move|p1a: Crobat|Taunt|p2a: Jirachi
|-start|p2a: Jirachi|move: Taunt
|move|p2a: Jirachi|Iron Head|p1a: Crobat
|-damage|p1a: Crobat|72/100
|-enditem|p1a: Crobat|Eject Button
|
|t:|1623526135
|switch|p1a: Sneasel|Sneasel, F|100/100
|
|-heal|p2a: Jirachi|100/100|[from] move: Wish|[wisher] Jirachi
|upkeep
|turn|48
|
|t:|1623526150
|switch|p1a: Regidrago|Regidrago|100/100
|switch|p2a: Rotom|Rotom-Heat|100/100
|
|upkeep
|turn|49
|
|t:|1623526155
|switch|p2a: Primarina|Primarina, F|100/100
|move|p1a: Regidrago|Dragon Dance|p1a: Regidrago
|-boost|p1a: Regidrago|atk|1
|-boost|p1a: Regidrago|spe|1
|
|upkeep
|turn|50
|
|t:|1623526160
|move|p1a: Regidrago|Thunder Fang|p2a: Primarina
|-supereffective|p2a: Primarina
|-damage|p2a: Primarina|4/100
|-damage|p1a: Regidrago|91/100|[from] item: Life Orb
|move|p2a: Primarina|Moonblast|p1a: Regidrago
|-supereffective|p1a: Regidrago
|-damage|p1a: Regidrago|0 fnt
|faint|p1a: Regidrago
|
|upkeep
|c|☆uult84z km|not like this
|
|t:|1623526172
|switch|p1a: Magneton|Magneton|9/100
|turn|51
|
|t:|1623526176
|switch|p2a: Rotom|Rotom-Heat|100/100
|move|p1a: Magneton|Volt Switch|p2a: Rotom
|-resisted|p2a: Rotom
|-damage|p2a: Rotom|71/100
|
|t:|1623526181
|switch|p1a: Nihilego|Nihilego|84/100|[from]move: Volt Switch
|
|upkeep
|turn|52
|
|t:|1623526185
|switch|p1a: Sneasel|Sneasel, F|100/100
|switch|p2a: Jirachi|Jirachi|100/100
|
|upkeep
|turn|53
|
|t:|1623526196
|switch|p2a: Primarina|Primarina, F|4/100
|move|p1a: Sneasel|Knock Off|p2a: Primarina
|-resisted|p2a: Primarina
|-damage|p2a: Primarina|0 fnt
|-enditem|p2a: Primarina|Choice Specs|[from] move: Knock Off|[of] p1a: Sneasel
|faint|p2a: Primarina
|
|upkeep
|
|t:|1623526198
|switch|p2a: Obstagoon|Obstagoon, F|100/100
|turn|54
|
|t:|1623526206
|switch|p1a: Magneton|Magneton|9/100
|move|p2a: Obstagoon|Close Combat|p1a: Magneton
|-supereffective|p1a: Magneton
|-damage|p1a: Magneton|0 fnt
|-unboost|p2a: Obstagoon|def|1
|-unboost|p2a: Obstagoon|spd|1
|faint|p1a: Magneton
|
|-status|p2a: Obstagoon|brn|[from] item: Flame Orb
|upkeep
|
|t:|1623526213
|switch|p1a: Sneasel|Sneasel, F|100/100
|turn|55
|
|t:|1623526217
|switch|p2a: Rotom|Rotom-Heat|71/100
|move|p1a: Sneasel|Triple Axel|p2a: Rotom
|-resisted|p2a: Rotom
|-damage|p2a: Rotom|66/100
|-resisted|p2a: Rotom
|-damage|p2a: Rotom|57/100
|-resisted|p2a: Rotom
|-damage|p2a: Rotom|42/100
|-hitcount|p2a: Rotom|3
|
|upkeep
|turn|56
|
|t:|1623526224
|move|p1a: Sneasel|Triple Axel|p2a: Rotom
|-resisted|p2a: Rotom
|-damage|p2a: Rotom|37/100
|-resisted|p2a: Rotom
|-damage|p2a: Rotom|27/100
|-hitcount|p2a: Rotom|2
|move|p2a: Rotom|Pain Split|p1a: Sneasel
|-sethp|p1a: Sneasel|66/100|[from] move: Pain Split|[silent]
|-sethp|p2a: Rotom|55/100|[from] move: Pain Split
|
|upkeep
|turn|57
|
|t:|1623526239
|switch|p1a: Nihilego|Nihilego|84/100
|move|p2a: Rotom|Overheat|p1a: Nihilego
|-resisted|p1a: Nihilego
|-damage|p1a: Nihilego|66/100
|-unboost|p2a: Rotom|spa|2
|
|upkeep
|turn|58
|
|t:|1623526244
|switch|p1a: Sneasel|Sneasel, F|66/100
|switch|p2a: Jirachi|Jirachi|100/100
|
|upkeep
|turn|59
|
|t:|1623526250
|move|p2a: Jirachi|Protect|p2a: Jirachi
|-singleturn|p2a: Jirachi|Protect
|move|p1a: Sneasel|Triple Axel|p2a: Jirachi
|-activate|p2a: Jirachi|move: Protect
|
|upkeep
|turn|60
|
|t:|1623526256
|switch|p1a: Celebi|Celebi|88/100
|move|p2a: Jirachi|Stealth Rock|p1a: Celebi
|-sidestart|p1: uult84z km|move: Stealth Rock
|
|upkeep
|turn|61
|
|t:|1623526262
|switch|p2a: Obstagoon|Obstagoon, F|100/100 brn
|move|p1a: Celebi|Stealth Rock|p2a: Obstagoon
|-sidestart|p2: Kla0Trixx|move: Stealth Rock
|
|-damage|p2a: Obstagoon|94/100 brn|[from] brn
|upkeep
|turn|62
|
|t:|1623526268
|move|p1a: Celebi|Leaf Storm|p2a: Obstagoon
|-damage|p2a: Obstagoon|25/100 brn
|-unboost|p1a: Celebi|spa|2
|move|p2a: Obstagoon|Knock Off|p1a: Celebi
|-supereffective|p1a: Celebi
|-damage|p1a: Celebi|8/100
|
|-damage|p2a: Obstagoon|19/100 brn|[from] brn
|upkeep
|turn|63
|
|t:|1623526278
|switch|p2a: Jirachi|Jirachi|100/100
|-damage|p2a: Jirachi|94/100|[from] Stealth Rock
|move|p1a: Celebi|Leaf Storm|p2a: Jirachi
|-resisted|p2a: Jirachi
|-damage|p2a: Jirachi|86/100
|-unboost|p1a: Celebi|spa|2
|
|-heal|p2a: Jirachi|93/100|[from] item: Leftovers
|upkeep
|turn|64
|c|☆uult84z km|celebi a god????
|
|t:|1623526284
|move|p1a: Celebi|Recover|p1a: Celebi
|-heal|p1a: Celebi|58/100
|move|p2a: Jirachi|Iron Head|p1a: Celebi
|-damage|p1a: Celebi|32/100
|
|-heal|p2a: Jirachi|99/100|[from] item: Leftovers
|upkeep
|turn|65
|
|t:|1623526293
|move|p1a: Celebi|Recover|p1a: Celebi
|-heal|p1a: Celebi|83/100
|move|p2a: Jirachi|Iron Head|p1a: Celebi
|-damage|p1a: Celebi|54/100
|
|-heal|p2a: Jirachi|100/100|[from] item: Leftovers
|upkeep
|turn|66
|
|t:|1623526299
|switch|p2a: Amoonguss|Amoonguss, M|100/100
|-damage|p2a: Amoonguss|88/100|[from] Stealth Rock
|move|p1a: Celebi|Recover|p1a: Celebi
|-heal|p1a: Celebi|100/100
|
|-heal|p2a: Amoonguss|94/100|[from] item: Black Sludge
|upkeep
|turn|67
|
|t:|1623526306
|switch|p1a: Crobat|Crobat, M|72/100
|-damage|p1a: Crobat|47/100|[from] Stealth Rock
|move|p2a: Amoonguss|Sludge Bomb|p1a: Crobat
|-resisted|p1a: Crobat
|-damage|p1a: Crobat|33/100
|
|-heal|p2a: Amoonguss|99/100|[from] item: Black Sludge
|upkeep
|turn|68
|
|t:|1623526315
|switch|p2a: Jirachi|Jirachi|100/100
|-damage|p2a: Jirachi|94/100|[from] Stealth Rock
|move|p1a: Crobat|Acrobatics|p2a: Jirachi
|-resisted|p2a: Jirachi
|-damage|p2a: Jirachi|79/100
|
|-heal|p2a: Jirachi|86/100|[from] item: Leftovers
|upkeep
|turn|69
|
|t:|1623526321
|move|p1a: Crobat|Taunt|p2a: Jirachi
|-start|p2a: Jirachi|move: Taunt
|move|p2a: Jirachi|Iron Head|p1a: Crobat
|-damage|p1a: Crobat|4/100
|
|-heal|p2a: Jirachi|92/100|[from] item: Leftovers
|upkeep
|turn|70
|
|t:|1623526324
|move|p1a: Crobat|Roost|p1a: Crobat
|-heal|p1a: Crobat|54/100
|-singleturn|p1a: Crobat|move: Roost
|move|p2a: Jirachi|Iron Head|p1a: Crobat
|-damage|p1a: Crobat|23/100
|
|-heal|p2a: Jirachi|98/100|[from] item: Leftovers
|upkeep
|turn|71
|
|t:|1623526326
|move|p1a: Crobat|Roost|p1a: Crobat
|-heal|p1a: Crobat|73/100
|-singleturn|p1a: Crobat|move: Roost
|move|p2a: Jirachi|Iron Head|p1a: Crobat
|-damage|p1a: Crobat|45/100
|
|-heal|p2a: Jirachi|100/100|[from] item: Leftovers
|-end|p2a: Jirachi|move: Taunt
|upkeep
|turn|72
|
|t:|1623526333
|switch|p2a: Rotom|Rotom-Heat|55/100
|-damage|p2a: Rotom|30/100|[from] Stealth Rock
|move|p1a: Crobat|Roost|p1a: Crobat
|-heal|p1a: Crobat|95/100
|-singleturn|p1a: Crobat|move: Roost
|
|upkeep
|turn|73
|
|t:|1623526341
|move|p1a: Crobat|Taunt|p2a: Rotom
|-start|p2a: Rotom|move: Taunt
|cant|p2a: Rotom|move: Taunt|Pain Split
|
|upkeep
|turn|74
|
|t:|1623526344
|move|p1a: Crobat|Acrobatics|p2a: Rotom
|-resisted|p2a: Rotom
|-damage|p2a: Rotom|15/100
|move|p2a: Rotom|Volt Switch|p1a: Crobat
|-supereffective|p1a: Crobat
|-damage|p1a: Crobat|37/100
|
|t:|1623526352
|switch|p2a: Jirachi|Jirachi|100/100|[from]move: Volt Switch
|-damage|p2a: Jirachi|94/100|[from] Stealth Rock
|
|-heal|p2a: Jirachi|100/100|[from] item: Leftovers
|upkeep
|turn|75
|
|t:|1623526357
|move|p1a: Crobat|Roost|p1a: Crobat
|-heal|p1a: Crobat|87/100
|-singleturn|p1a: Crobat|move: Roost
|move|p2a: Jirachi|Iron Head|p1a: Crobat
|-damage|p1a: Crobat|56/100
|
|upkeep
|turn|76
|
|t:|1623526364
|move|p1a: Crobat|Taunt|p2a: Jirachi
|-start|p2a: Jirachi|move: Taunt
|move|p2a: Jirachi|Iron Head|p1a: Crobat
|-damage|p1a: Crobat|29/100
|
|upkeep
|turn|77
|
|t:|1623526372
|move|p1a: Crobat|Roost|p1a: Crobat
|-heal|p1a: Crobat|79/100
|-singleturn|p1a: Crobat|move: Roost
|move|p2a: Jirachi|Iron Head|p1a: Crobat
|-damage|p1a: Crobat|47/100
|
|upkeep
|turn|78
|
|t:|1623526382
|move|p1a: Crobat|Roost|p1a: Crobat
|-heal|p1a: Crobat|97/100
|-singleturn|p1a: Crobat|move: Roost
|move|p2a: Jirachi|Iron Head|p1a: Crobat
|-damage|p1a: Crobat|67/100
|
|-end|p2a: Jirachi|move: Taunt
|upkeep
|turn|79
|
|t:|1623526390
|switch|p2a: Amoonguss|Amoonguss, M|100/100
|-damage|p2a: Amoonguss|88/100|[from] Stealth Rock
|move|p1a: Crobat|Taunt|p2a: Amoonguss
|-start|p2a: Amoonguss|move: Taunt
|
|-heal|p2a: Amoonguss|94/100|[from] item: Black Sludge
|upkeep
|turn|80
|
|t:|1623526399
|switch|p2a: Rotom|Rotom-Heat|15/100
|-damage|p2a: Rotom|0 fnt|[from] Stealth Rock
|faint|p2a: Rotom
|move|p1a: Crobat|Acrobatics|p2: Rotom|[notarget]
|-fail|p1a: Crobat
|
|upkeep
|l| UULT84z jez'
|
|t:|1623526404
|switch|p2a: Amoonguss|Amoonguss, M|100/100
|-damage|p2a: Amoonguss|88/100|[from] Stealth Rock
|turn|81
|
|t:|1623526408
|move|p1a: Crobat|Taunt|p2a: Amoonguss
|-start|p2a: Amoonguss|move: Taunt
|move|p2a: Amoonguss|Sludge Bomb|p1a: Crobat
|-resisted|p1a: Crobat
|-damage|p1a: Crobat|51/100
|
|-heal|p2a: Amoonguss|94/100|[from] item: Black Sludge
|upkeep
|turn|82
|
|t:|1623526410
|move|p1a: Crobat|Roost|p1a: Crobat
|-heal|p1a: Crobat|100/100
|-singleturn|p1a: Crobat|move: Roost
|move|p2a: Amoonguss|Sludge Bomb|p1a: Crobat
|-resisted|p1a: Crobat
|-damage|p1a: Crobat|84/100
|
|-heal|p2a: Amoonguss|99/100|[from] item: Black Sludge
|upkeep
|turn|83
|
|t:|1623526413
|move|p1a: Crobat|Acrobatics|p2a: Amoonguss
|-supereffective|p2a: Amoonguss
|-damage|p2a: Amoonguss|46/100
|move|p2a: Amoonguss|Sludge Bomb|p1a: Crobat
|-resisted|p1a: Crobat
|-damage|p1a: Crobat|70/100
|
|-heal|p2a: Amoonguss|52/100|[from] item: Black Sludge
|-end|p2a: Amoonguss|move: Taunt
|upkeep
|turn|84
|
|t:|1623526416
|switch|p2a: Obstagoon|Obstagoon, F|19/100 brn
|-damage|p2a: Obstagoon|6/100 brn|[from] Stealth Rock
|move|p1a: Crobat|Acrobatics|p2a: Obstagoon
|-damage|p2a: Obstagoon|0 fnt
|faint|p2a: Obstagoon
|
|upkeep
|
|t:|1623526419
|switch|p2a: Jirachi|Jirachi|100/100
|-damage|p2a: Jirachi|94/100|[from] Stealth Rock
|turn|85
|
|t:|1623526424
|move|p1a: Crobat|Taunt|p2a: Jirachi
|-start|p2a: Jirachi|move: Taunt
|cant|p2a: Jirachi|move: Taunt|Stealth Rock
|
|-heal|p2a: Jirachi|100/100|[from] item: Leftovers
|upkeep
|turn|86
|
|t:|1623526425
|move|p1a: Crobat|Acrobatics|p2a: Jirachi
|-resisted|p2a: Jirachi
|-damage|p2a: Jirachi|86/100
|move|p2a: Jirachi|Iron Head|p1a: Crobat
|-damage|p1a: Crobat|38/100
|
|-heal|p2a: Jirachi|92/100|[from] item: Leftovers
|upkeep
|turn|87
|
|t:|1623526427
|move|p1a: Crobat|Roost|p1a: Crobat
|-heal|p1a: Crobat|88/100
|-singleturn|p1a: Crobat|move: Roost
|move|p2a: Jirachi|Iron Head|p1a: Crobat
|-damage|p1a: Crobat|60/100
|
|-heal|p2a: Jirachi|98/100|[from] item: Leftovers
|-end|p2a: Jirachi|move: Taunt
|upkeep
|turn|88
|
|t:|1623526429
|move|p1a: Crobat|Taunt|p2a: Jirachi
|-start|p2a: Jirachi|move: Taunt
|move|p2a: Jirachi|Iron Head|p1a: Crobat
|-damage|p1a: Crobat|28/100
|
|-heal|p2a: Jirachi|100/100|[from] item: Leftovers
|upkeep
|turn|89
|
|t:|1623526432
|move|p1a: Crobat|Roost|p1a: Crobat
|-heal|p1a: Crobat|78/100
|-singleturn|p1a: Crobat|move: Roost
|move|p2a: Jirachi|Iron Head|p1a: Crobat
|-damage|p1a: Crobat|50/100
|
|upkeep
|turn|90
|
|t:|1623526433
|move|p1a: Crobat|Roost|p1a: Crobat
|-heal|p1a: Crobat|99/100
|-singleturn|p1a: Crobat|move: Roost
|move|p2a: Jirachi|Iron Head|p1a: Crobat
|-damage|p1a: Crobat|70/100
|
|-end|p2a: Jirachi|move: Taunt
|upkeep
|turn|91
|
|t:|1623526436
|move|p2a: Jirachi|Protect|p2a: Jirachi
|-singleturn|p2a: Jirachi|Protect
|move|p1a: Crobat|Taunt|p2a: Jirachi
|-activate|p2a: Jirachi|move: Protect
|
|upkeep
|turn|92
|
|t:|1623526440
|move|p1a: Crobat|Taunt|p2a: Jirachi
|-start|p2a: Jirachi|move: Taunt
|cant|p2a: Jirachi|move: Taunt|Wish
|
|upkeep
|turn|93
|j| UULT84z jez'
|
|t:|1623526442
|switch|p2a: Amoonguss|Amoonguss, M|85/100
|-damage|p2a: Amoonguss|73/100|[from] Stealth Rock
|move|p1a: Crobat|Acrobatics|p2a: Amoonguss
|-supereffective|p2a: Amoonguss
|-damage|p2a: Amoonguss|22/100
|
|-heal|p2a: Amoonguss|28/100|[from] item: Black Sludge
|upkeep
|turn|94
|
|t:|1623526444
|switch|p2a: Jirachi|Jirachi|100/100
|-damage|p2a: Jirachi|94/100|[from] Stealth Rock
|move|p1a: Crobat|Acrobatics|p2a: Jirachi
|-resisted|p2a: Jirachi
|-damage|p2a: Jirachi|80/100
|
|-heal|p2a: Jirachi|86/100|[from] item: Leftovers
|upkeep
|turn|95
|l| UULT84z jez'
|
|t:|1623526455
|switch|p2a: Amoonguss|Amoonguss, M|62/100
|-damage|p2a: Amoonguss|49/100|[from] Stealth Rock
|move|p1a: Crobat|Acrobatics|p2a: Amoonguss
|-supereffective|p2a: Amoonguss
|-damage|p2a: Amoonguss|0 fnt
|faint|p2a: Amoonguss
|
|upkeep
|
|t:|1623526457
|switch|p2a: Jirachi|Jirachi|86/100
|-damage|p2a: Jirachi|80/100|[from] Stealth Rock
|turn|96
|
|t:|1623526459
|move|p2a: Jirachi|Protect|p2a: Jirachi
|-singleturn|p2a: Jirachi|Protect
|move|p1a: Crobat|Taunt|p2a: Jirachi
|-activate|p2a: Jirachi|move: Protect
|
|-heal|p2a: Jirachi|86/100|[from] item: Leftovers
|upkeep
|turn|97
|
|t:|1623526461
|move|p1a: Crobat|Taunt|p2a: Jirachi
|-start|p2a: Jirachi|move: Taunt
|cant|p2a: Jirachi|move: Taunt|Wish
|
|-heal|p2a: Jirachi|92/100|[from] item: Leftovers
|upkeep
|turn|98
|
|t:|1623526474
|move|p1a: Crobat|Roost|p1a: Crobat
|-heal|p1a: Crobat|100/100
|-singleturn|p1a: Crobat|move: Roost
|-activate|p2a: Jirachi|move: Struggle
|move|p2a: Jirachi|Struggle|p1a: Crobat
|-damage|p1a: Crobat|88/100
|-damage|p2a: Jirachi|67/100|[from] recoil
|
|-heal|p2a: Jirachi|73/100|[from] item: Leftovers
|upkeep
|turn|99
|
|t:|1623526478
|move|p1a: Crobat|Acrobatics|p2a: Jirachi
|-resisted|p2a: Jirachi
|-damage|p2a: Jirachi|56/100
|-activate|p2a: Jirachi|move: Struggle
|move|p2a: Jirachi|Struggle|p1a: Crobat
|-damage|p1a: Crobat|76/100
|-damage|p2a: Jirachi|31/100|[from] recoil
|
|-heal|p2a: Jirachi|37/100|[from] item: Leftovers
|-end|p2a: Jirachi|move: Taunt
|upkeep
|turn|100
|c|☆uult84z km|gg
|
|t:|1623526487
|move|p1a: Crobat|Taunt|p2a: Jirachi
|-start|p2a: Jirachi|move: Taunt
|cant|p2a: Jirachi|move: Taunt|Wish
|
|-heal|p2a: Jirachi|44/100|[from] item: Leftovers
|upkeep
|turn|101
|
|t:|1623526492
|move|p1a: Crobat|Acrobatics|p2a: Jirachi
|-resisted|p2a: Jirachi
|-damage|p2a: Jirachi|29/100
|-activate|p2a: Jirachi|move: Struggle
|move|p2a: Jirachi|Struggle|p1a: Crobat
|-damage|p1a: Crobat|63/100
|-damage|p2a: Jirachi|4/100|[from] recoil
|
|-heal|p2a: Jirachi|10/100|[from] item: Leftovers
|upkeep
|turn|102
|
|t:|1623526500
|move|p1a: Crobat|Acrobatics|p2a: Jirachi
|-resisted|p2a: Jirachi
|-damage|p2a: Jirachi|0 fnt
|faint|p2a: Jirachi
|
|win|uult84z km
|raw|uult84z km's rating: 1448 &rarr; <strong>1475</strong><br />(+27 for winning)
|raw|Kla0Trixx's rating: 1578 &rarr; <strong>1551</strong><br />(-27 for losing)
|l|☆uult84z km
|l|☆Kla0Trixx
