|j|☆cielau origine ♫
|j|☆congelateur-sama
|t:|1659642653
|gametype|singles
|player|p1|cielau origine ♫|hilbert-masters|
|player|p2|congelateur-sama|#fcpl4raichicheurs|
|teamsize|p1|6
|teamsize|p2|6
|gen|8
|tier|[Gen 8] UU
|rule|Sleep Clause Mod: Limit one foe put to sleep
|rule|Species Clause: Limit one of each Pokémon
|rule|OHKO Clause: OHKO moves are banned
|rule|Evasion Items Clause: Evasion items are banned
|rule|Evasion Moves Clause: Evasion moves are banned
|rule|Endless Battle Clause: Forcing endless battles is banned
|rule|HP Percentage Mod: HP is shown in percentages
|rule|Dynamax Clause: You cannot dynamax
|clearpoke
|poke|p1|Celesteela|
|poke|p1|Salamence, M|
|poke|p1|Hippowdon, M|
|poke|p1|Azelf|
|poke|p1|Cobalion|
|poke|p1|Crobat, M|
|poke|p2|Conkeldurr, F|
|poke|p2|Diggersby, M|
|poke|p2|Moltres|
|poke|p2|Tangrowth, F|
|poke|p2|Cobalion|
|poke|p2|Necrozma|
|teampreview
|c|☆congelateur-sama|hf
|c|☆cielau origine ♫|hf
|j| Micciu20250
|j| Ryuji-Sensei
|l| Ryuji-Sensei
|j| LT92PF Baro
|inactive|Battle timer is ON: inactive players will automatically lose when time's up. (requested by congelateur-sama)
|inactive|cielau origine ♫ has 270 seconds left.
|
|t:|1659642776
|start
|switch|p1a: Salamence|Salamence, M|100/100
|switch|p2a: Tangrowth|Tangrowth, F|100/100
|-ability|p1a: Salamence|Intimidate|boost
|-unboost|p2a: Tangrowth|atk|1
|turn|1
|
|t:|1659642784
|move|p1a: Salamence|Hurricane|p2a: Tangrowth|[miss]
|-miss|p1a: Salamence|p2a: Tangrowth
|move|p2a: Tangrowth|Knock Off|p1a: Salamence
|-damage|p1a: Salamence|85/100
|-enditem|p1a: Salamence|Heavy-Duty Boots|[from] move: Knock Off|[of] p2a: Tangrowth
|
|upkeep
|turn|2
|inactive|congelateur-sama has 270 seconds left.
|j| jeza.p
|inactive|congelateur-sama has 240 seconds left.
|c| jeza.p|tu pourrais attendre le tour2 pour commencer a haxx toi ...
|
|t:|1659642869
|move|p1a: Salamence|Hurricane|p2a: Tangrowth
|-supereffective|p2a: Tangrowth
|-damage|p2a: Tangrowth|33/100
|move|p2a: Tangrowth|Sludge Bomb|p1a: Salamence
|-damage|p1a: Salamence|61/100
|
|upkeep
|turn|3
|c| jeza.p|malpoli ^^
|c|☆congelateur-sama|bof
|c|☆congelateur-sama|j'ai lose là de toute façon
|inactive|congelateur-sama has 210 seconds left.
|inactive|cielau origine ♫ has 270 seconds left.
|j| RindaOkami
|
|t:|1659642928
|switch|p2a: Moltres|Moltres|100/100
|move|p1a: Salamence|Roost|p1a: Salamence
|-heal|p1a: Salamence|100/100
|-singleturn|p1a: Salamence|move: Roost
|
|upkeep
|turn|4
|inactive|congelateur-sama has 210 seconds left.
|inactive|cielau origine ♫ has 240 seconds left.
|inactive|congelateur-sama has 180 seconds left.
|inactive|cielau origine ♫ has 210 seconds left.
|
|t:|1659642989
|switch|p1a: Crobat|Crobat, M|100/100
|move|p2a: Moltres|U-turn|p1a: Crobat
|-resisted|p1a: Crobat
|-damage|p1a: Crobat|96/100
|
|t:|1659642993
|switch|p2a: Cobalion|Cobalion|100/100|[from]move: U-turn
|
|upkeep
|turn|5
|inactive|congelateur-sama has 180 seconds left.
|
|t:|1659643018
|move|p1a: Crobat|Taunt|p2a: Cobalion
|-start|p2a: Cobalion|move: Taunt
|move|p2a: Cobalion|Stone Edge|p1a: Crobat
|-supereffective|p1a: Crobat
|-damage|p1a: Crobat|27/100
|
|upkeep
|turn|6
|inactive|cielau origine ♫ has 210 seconds left.
|
|t:|1659643034
|switch|p2a: Necrozma|Necrozma|100/100
|move|p1a: Crobat|Roost|p1a: Crobat
|-heal|p1a: Crobat|77/100
|-singleturn|p1a: Crobat|move: Roost
|
|upkeep
|turn|7
|inactive|cielau origine ♫ has 210 seconds left.
|
|t:|1659643045
|switch|p1a: Hippowdon|Hippowdon, M|100/100
|-weather|Sandstorm|[from] ability: Sand Stream|[of] p1a: Hippowdon
|move|p2a: Necrozma|Dragon Dance|p2a: Necrozma
|-boost|p2a: Necrozma|atk|1
|-boost|p2a: Necrozma|spe|1
|
|-weather|Sandstorm|[upkeep]
|-damage|p2a: Necrozma|95/100|[from] Sandstorm
|upkeep
|turn|8
|inactive|congelateur-sama has 180 seconds left.
|inactive|congelateur-sama has 150 seconds left.
|
|t:|1659643090
|switch|p2a: Cobalion|Cobalion|100/100
|move|p1a: Hippowdon|Toxic|p2a: Cobalion
|-immune|p2a: Cobalion
|
|-weather|Sandstorm|[upkeep]
|upkeep
|turn|9
|inactive|congelateur-sama has 150 seconds left.
|inactive|cielau origine ♫ has 210 seconds left.
|
|t:|1659643113
|move|p2a: Cobalion|Stealth Rock|p1a: Hippowdon
|-sidestart|p1: cielau origine ♫|move: Stealth Rock
|move|p1a: Hippowdon|Stealth Rock|p2a: Cobalion
|-sidestart|p2: congelateur-sama|move: Stealth Rock
|
|-weather|Sandstorm|[upkeep]
|upkeep
|turn|10
|inactive|congelateur-sama has 150 seconds left.
|
|t:|1659643127
|switch|p2a: Tangrowth|Tangrowth, F|66/100
|-damage|p2a: Tangrowth|54/100|[from] Stealth Rock
|move|p1a: Hippowdon|Toxic|p2a: Tangrowth
|-status|p2a: Tangrowth|tox
|
|-weather|Sandstorm|[upkeep]
|-damage|p2a: Tangrowth|48/100 tox|[from] Sandstorm
|-damage|p2a: Tangrowth|42/100 tox|[from] psn
|upkeep
|turn|11
|
|t:|1659643139
|switch|p1a: Cobalion|Cobalion|100/100
|-damage|p1a: Cobalion|97/100|[from] Stealth Rock
|move|p2a: Tangrowth|Knock Off|p1a: Cobalion
|-resisted|p1a: Cobalion
|-damage|p1a: Cobalion|87/100
|-ability|p1a: Cobalion|Justified|boost
|-boost|p1a: Cobalion|atk|1
|-enditem|p1a: Cobalion|Leftovers|[from] move: Knock Off|[of] p2a: Tangrowth
|
|-weather|none
|-damage|p2a: Tangrowth|29/100 tox|[from] psn
|upkeep
|turn|12
|inactive|cielau origine ♫ has 210 seconds left.
|inactive|congelateur-sama has 150 seconds left.
|inactive|congelateur-sama has 120 seconds left.
|
|t:|1659643211
|switch|p2a: Moltres|Moltres|100/100
|move|p1a: Cobalion|Close Combat|p2a: Moltres
|-resisted|p2a: Moltres
|-damage|p2a: Moltres|61/100
|-unboost|p1a: Cobalion|def|1
|-unboost|p1a: Cobalion|spd|1
|-status|p1a: Cobalion|brn|[from] ability: Flame Body|[of] p2a: Moltres
|
|-damage|p1a: Cobalion|81/100 brn|[from] brn
|upkeep
|turn|13
|
|t:|1659643225
|switch|p2a: Cobalion|Cobalion|100/100
|-damage|p2a: Cobalion|97/100|[from] Stealth Rock
|move|p1a: Cobalion|Close Combat|p2a: Cobalion
|-supereffective|p2a: Cobalion
|-damage|p2a: Cobalion|38/100
|-unboost|p1a: Cobalion|def|1
|-unboost|p1a: Cobalion|spd|1
|-damage|p1a: Cobalion|65/100 brn|[from] item: Rocky Helmet|[of] p2a: Cobalion
|
|-damage|p1a: Cobalion|58/100 brn|[from] brn
|upkeep
|turn|14
|
|t:|1659643237
|switch|p1a: Hippowdon|Hippowdon, M|100/100
|-damage|p1a: Hippowdon|94/100|[from] Stealth Rock
|-weather|Sandstorm|[from] ability: Sand Stream|[of] p1a: Hippowdon
|move|p2a: Cobalion|Close Combat|p1a: Hippowdon
|-damage|p1a: Hippowdon|62/100
|-unboost|p2a: Cobalion|def|1
|-unboost|p2a: Cobalion|spd|1
|
|-weather|Sandstorm|[upkeep]
|-heal|p1a: Hippowdon|69/100|[from] item: Leftovers
|upkeep
|turn|15
|
|t:|1659643252
|switch|p2a: Tangrowth|Tangrowth, F|62/100 tox
|-damage|p2a: Tangrowth|50/100 tox|[from] Stealth Rock
|move|p1a: Hippowdon|Slack Off|p1a: Hippowdon
|-heal|p1a: Hippowdon|100/100
|
|-weather|Sandstorm|[upkeep]
|-damage|p2a: Tangrowth|44/100 tox|[from] Sandstorm
|-damage|p2a: Tangrowth|38/100 tox|[from] psn
|upkeep
|turn|16
|inactive|cielau origine ♫ has 210 seconds left.
|
|t:|1659643258
|switch|p1a: Cobalion|Cobalion|58/100 brn
|-damage|p1a: Cobalion|55/100 brn|[from] Stealth Rock
|switch|p2a: Moltres|Moltres|61/100
|
|-weather|Sandstorm|[upkeep]
|-damage|p2a: Moltres|55/100|[from] Sandstorm
|-damage|p1a: Cobalion|49/100 brn|[from] brn
|upkeep
|turn|17
|inactive|cielau origine ♫ has 210 seconds left.
|inactive|congelateur-sama has 90 seconds left.
|c|☆congelateur-sama|vous jure la team
|c|☆congelateur-sama|pire mu
|c|☆congelateur-sama|de ma vie
|inactive|congelateur-sama has 60 seconds left.
|
|t:|1659643314
|switch|p2a: Conkeldurr|Conkeldurr, F|100/100
|-damage|p2a: Conkeldurr|94/100|[from] Stealth Rock
|move|p1a: Cobalion|Stone Edge|p2a: Conkeldurr
|-resisted|p2a: Conkeldurr
|-damage|p2a: Conkeldurr|89/100
|
|-weather|Sandstorm|[upkeep]
|-damage|p2a: Conkeldurr|83/100|[from] Sandstorm
|-heal|p2a: Conkeldurr|89/100|[from] item: Leftovers
|-damage|p1a: Cobalion|43/100 brn|[from] brn
|upkeep
|turn|18
|inactive|congelateur-sama has 60 seconds left.
|inactive|cielau origine ♫ has 210 seconds left.
|
|t:|1659643330
|switch|p1a: Salamence|Salamence, M|100/100
|-damage|p1a: Salamence|76/100|[from] Stealth Rock
|-ability|p1a: Salamence|Intimidate|boost
|-unboost|p2a: Conkeldurr|atk|1
|move|p2a: Conkeldurr|Bulk Up|p2a: Conkeldurr
|-boost|p2a: Conkeldurr|atk|1
|-boost|p2a: Conkeldurr|def|1
|
|-weather|none
|-heal|p2a: Conkeldurr|95/100|[from] item: Leftovers
|upkeep
|turn|19
|inactive|cielau origine ♫ has 210 seconds left.
|inactive|congelateur-sama has 60 seconds left.
|j| Dieu Amphibien
|inactive|congelateur-sama has 30 seconds left.
|inactive|congelateur-sama has 20 seconds left.
|inactive|congelateur-sama has 15 seconds left.
|
|t:|1659643388
|move|p1a: Salamence|Hurricane|p2a: Conkeldurr
|-supereffective|p2a: Conkeldurr
|-damage|p2a: Conkeldurr|18/100
|move|p2a: Conkeldurr|Knock Off|p1a: Salamence
|-damage|p1a: Salamence|55/100
|
|-heal|p2a: Conkeldurr|24/100|[from] item: Leftovers
|upkeep
|turn|20
|inactive|congelateur-sama has 25 seconds left this turn.
|inactive|congelateur-sama has 20 seconds left.
|inactive|cielau origine ♫ has 210 seconds left.
|inactive|congelateur-sama has 15 seconds left.
|c| Dieu Amphibien|RindaOkami regarde pauvre cielau origine essayant d'avoir un joli avy car il a pas win la mpl (comme toi rindaokami)
|
|t:|1659643418
|move|p1a: Salamence|Flamethrower|p2a: Conkeldurr
|-damage|p2a: Conkeldurr|3/100
|move|p2a: Conkeldurr|Drain Punch|p1a: Salamence
|-resisted|p1a: Salamence
|-damage|p1a: Salamence|38/100
|-heal|p2a: Conkeldurr|11/100|[from] drain|[of] p1a: Salamence
|
|-heal|p2a: Conkeldurr|17/100|[from] item: Leftovers
|upkeep
|turn|21
|inactive|congelateur-sama has 25 seconds left this turn.
|inactive|congelateur-sama has 20 seconds left.
|
|t:|1659643427
|move|p1a: Salamence|Flamethrower|p2a: Conkeldurr
|-damage|p2a: Conkeldurr|0 fnt
|faint|p2a: Conkeldurr
|
|upkeep
|inactive|congelateur-sama has 25 seconds left this turn.
|
|t:|1659643429
|switch|p2a: Diggersby|Diggersby, M|100/100
|-damage|p2a: Diggersby|94/100|[from] Stealth Rock
|turn|22
|inactive|congelateur-sama has 30 seconds left.
|inactive|cielau origine ♫ has 180 seconds left.
|
|t:|1659643485
|switch|p1a: Cobalion|Cobalion|43/100 brn
|-damage|p1a: Cobalion|40/100 brn|[from] Stealth Rock
|move|p2a: Diggersby|Body Slam|p1a: Cobalion
|-resisted|p1a: Cobalion
|-damage|p1a: Cobalion|19/100 brn
|
|-damage|p1a: Cobalion|13/100 brn|[from] brn
|upkeep
|turn|23
|
|t:|1659643493
|switch|p1a: Celesteela|Celesteela|100/100
|-damage|p1a: Celesteela|88/100|[from] Stealth Rock
|move|p2a: Diggersby|Body Slam|p1a: Celesteela
|-resisted|p1a: Celesteela
|-damage|p1a: Celesteela|67/100
|-status|p1a: Celesteela|par
|
|-heal|p1a: Celesteela|73/100 par|[from] item: Leftovers
|upkeep
|turn|24
|
|t:|1659643503
|switch|p2a: Moltres|Moltres|55/100
|move|p1a: Celesteela|Toxic|p2a: Moltres
|-status|p2a: Moltres|tox
|
|-heal|p1a: Celesteela|79/100 par|[from] item: Leftovers
|-damage|p2a: Moltres|49/100 tox|[from] psn
|upkeep
|turn|25
|
|t:|1659643515
|switch|p1a: Cobalion|Cobalion|13/100 brn
|-damage|p1a: Cobalion|10/100 brn|[from] Stealth Rock
|move|p2a: Moltres|Roost|p2a: Moltres
|-heal|p2a: Moltres|99/100 tox
|-singleturn|p2a: Moltres|move: Roost
|
|-damage|p2a: Moltres|87/100 tox|[from] psn
|-damage|p1a: Cobalion|4/100 brn|[from] brn
|upkeep
|turn|26
|
|t:|1659643527
|switch|p2a: Tangrowth|Tangrowth, F|71/100 tox
|-damage|p2a: Tangrowth|58/100 tox|[from] Stealth Rock
|move|p1a: Cobalion|Stone Edge|p2a: Tangrowth
|-damage|p2a: Tangrowth|50/100 tox
|
|-damage|p2a: Tangrowth|44/100 tox|[from] psn
|-damage|p1a: Cobalion|0 fnt|[from] brn
|faint|p1a: Cobalion
|upkeep
|
|t:|1659643538
|switch|p1a: Salamence|Salamence, M|38/100
|-damage|p1a: Salamence|13/100|[from] Stealth Rock
|-ability|p1a: Salamence|Intimidate|boost
|-unboost|p2a: Tangrowth|atk|1
|turn|27
|
|t:|1659643542
|switch|p2a: Cobalion|Cobalion|38/100
|-damage|p2a: Cobalion|35/100|[from] Stealth Rock
|move|p1a: Salamence|Roost|p1a: Salamence
|-heal|p1a: Salamence|63/100
|-singleturn|p1a: Salamence|move: Roost
|
|upkeep
|turn|28
|inactive|congelateur-sama has 60 seconds left.
|inactive|cielau origine ♫ has 150 seconds left.
|
|t:|1659643602
|move|p2a: Cobalion|Stone Edge|p1a: Salamence
|-supereffective|p1a: Salamence
|-damage|p1a: Salamence|16/100
|move|p1a: Salamence|Roost|p1a: Salamence
|-heal|p1a: Salamence|66/100
|-singleturn|p1a: Salamence|move: Roost
|
|upkeep
|turn|29
|
|t:|1659643612
|move|p2a: Cobalion|Swords Dance|p2a: Cobalion
|-boost|p2a: Cobalion|atk|2
|move|p1a: Salamence|Roost|p1a: Salamence
|-heal|p1a: Salamence|100/100
|-singleturn|p1a: Salamence|move: Roost
|
|upkeep
|turn|30
|c|☆congelateur-sama|allez cob
|inactive|congelateur-sama has 60 seconds left.
|inactive|cielau origine ♫ has 120 seconds left.
|
|t:|1659643660
|switch|p1a: Crobat|Crobat, M|77/100
|move|p2a: Cobalion|Stone Edge|p1a: Crobat
|-supereffective|p1a: Crobat
|-damage|p1a: Crobat|0 fnt
|faint|p1a: Crobat
|
|upkeep
|
|t:|1659643662
|switch|p1a: Azelf|Azelf|100/100
|-damage|p1a: Azelf|88/100|[from] Stealth Rock
|turn|31
|j| The shadow killer
|inactive|congelateur-sama has 60 seconds left.
|j| Hyss
|l| The shadow killer
|inactive|congelateur-sama has 30 seconds left.
|inactive|congelateur-sama has 20 seconds left.
|inactive|congelateur-sama has 15 seconds left.
|
|t:|1659643725
|switch|p2a: Moltres|Moltres|87/100 tox
|move|p1a: Azelf|Flamethrower|p2a: Moltres
|-resisted|p2a: Moltres
|-damage|p2a: Moltres|68/100 tox
|
|-damage|p2a: Moltres|62/100 tox|[from] psn
|upkeep
|turn|32
|inactive|congelateur-sama has 25 seconds left this turn.
|inactive|cielau origine ♫ has 120 seconds left.
|inactive|congelateur-sama has 20 seconds left.
|
|t:|1659643756
|move|p1a: Azelf|Psychic|p2a: Moltres
|-damage|p2a: Moltres|5/100 tox
|move|p2a: Moltres|U-turn|p1a: Azelf
|-supereffective|p1a: Azelf
|-damage|p1a: Azelf|44/100
|inactive|congelateur-sama has 25 seconds left this turn.
|inactive|congelateur-sama has 20 seconds left.
|
|t:|1659643765
|switch|p2a: Diggersby|Diggersby, M|94/100|[from]move: U-turn
|-damage|p2a: Diggersby|88/100|[from] Stealth Rock
|
|upkeep
|turn|33
|inactive|congelateur-sama has 30 seconds left this turn.
|inactive|cielau origine ♫ has 90 seconds left.
|c|☆congelateur-sama|la team
|c|☆congelateur-sama|si je win
|
|t:|1659643813
|switch|p1a: Salamence|Salamence, M|100/100
|-damage|p1a: Salamence|76/100|[from] Stealth Rock
|-ability|p1a: Salamence|Intimidate|boost
|-unboost|p2a: Diggersby|atk|1
|move|p2a: Diggersby|U-turn|p1a: Salamence
|-resisted|p1a: Salamence
|-damage|p1a: Salamence|66/100
|c|☆congelateur-sama|je veux un café
|inactive|congelateur-sama has 30 seconds left.
|inactive|congelateur-sama has 20 seconds left.
|inactive|congelateur-sama has 15 seconds left.
|
|t:|1659643837
|switch|p2a: Cobalion|Cobalion|35/100|[from]move: U-turn
|-damage|p2a: Cobalion|31/100|[from] Stealth Rock
|
|upkeep
|turn|34
|inactive|congelateur-sama has 25 seconds left this turn.
|inactive|congelateur-sama has 20 seconds left.
|inactive|congelateur-sama has 15 seconds left.
|
|t:|1659643848
|move|p2a: Cobalion|Stone Edge|p1a: Salamence
|-supereffective|p1a: Salamence
|-damage|p1a: Salamence|18/100
|move|p1a: Salamence|Flamethrower|p2a: Cobalion
|-supereffective|p2a: Cobalion
|-crit|p2a: Cobalion
|-damage|p2a: Cobalion|0 fnt
|faint|p2a: Cobalion
|
|upkeep
|inactive|congelateur-sama has 20 seconds left this turn.
|
|t:|1659643851
|switch|p2a: Diggersby|Diggersby, M|88/100
|-damage|p2a: Diggersby|82/100|[from] Stealth Rock
|turn|35
|inactive|congelateur-sama has 30 seconds left this turn.
|
|t:|1659643856
|move|p2a: Diggersby|Body Slam|p1a: Salamence
|-damage|p1a: Salamence|0 fnt
|faint|p1a: Salamence
|
|upkeep
|c| Micciu20250|Tu vas l'avoir le pire
|
|t:|1659643871
|switch|p1a: Celesteela|Celesteela|79/100 par
|-damage|p1a: Celesteela|66/100 par|[from] Stealth Rock
|turn|36
|c|☆congelateur-sama|nn
|c|☆congelateur-sama|sauf si throw
|inactive|congelateur-sama has 30 seconds left.
|inactive|congelateur-sama has 20 seconds left.
|
|t:|1659643898
|move|p2a: Diggersby|Body Slam|p1a: Celesteela
|-resisted|p1a: Celesteela
|-damage|p1a: Celesteela|44/100 par
|move|p1a: Celesteela|Heavy Slam|p2a: Diggersby
|-damage|p2a: Diggersby|24/100
|
|-heal|p1a: Celesteela|50/100 par|[from] item: Leftovers
|upkeep
|turn|37
|inactive|congelateur-sama has 30 seconds left this turn.
|
|t:|1659643904
|switch|p2a: Tangrowth|Tangrowth, F|77/100 tox
|-damage|p2a: Tangrowth|65/100 tox|[from] Stealth Rock
|move|p1a: Celesteela|Leech Seed|p2a: Tangrowth
|-immune|p2a: Tangrowth
|
|-heal|p1a: Celesteela|56/100 par|[from] item: Leftovers
|-damage|p2a: Tangrowth|59/100 tox|[from] psn
|upkeep
|turn|38
|
|t:|1659643908
|cant|p1a: Celesteela|par
|move|p2a: Tangrowth|Knock Off|p1a: Celesteela
|-damage|p1a: Celesteela|38/100 par
|-enditem|p1a: Celesteela|Leftovers|[from] move: Knock Off|[of] p2a: Tangrowth
|
|-damage|p2a: Tangrowth|46/100 tox|[from] psn
|upkeep
|turn|39
|c|☆congelateur-sama|tect +toxic
|c|☆congelateur-sama|bruh
|inactive|congelateur-sama has 30 seconds left.
|inactive|congelateur-sama has 20 seconds left.
|inactive|congelateur-sama has 15 seconds left.
|inactive|congelateur-sama has 10 seconds left.
|
|t:|1659643952
|move|p2a: Tangrowth|Knock Off|p1a: Celesteela
|-damage|p1a: Celesteela|27/100 par
|move|p1a: Celesteela|Heavy Slam|p2a: Tangrowth
|-damage|p2a: Tangrowth|20/100 tox
|
|-damage|p2a: Tangrowth|1/100 tox|[from] psn
|upkeep
|turn|40
|inactive|congelateur-sama has 20 seconds left this turn.
|inactive|congelateur-sama has 15 seconds left.
|inactive|congelateur-sama has 10 seconds left.
|inactive|congelateur-sama has 5 seconds left.
|
|t:|1659643968
|move|p2a: Tangrowth|Knock Off|p1a: Celesteela
|-damage|p1a: Celesteela|15/100 par
|move|p1a: Celesteela|Leech Seed|p2a: Tangrowth
|-immune|p2a: Tangrowth
|
|-damage|p2a: Tangrowth|0 fnt|[from] psn
|faint|p2a: Tangrowth
|upkeep
|inactive|congelateur-sama has 10 seconds left this turn.
|inactive|congelateur-sama has 5 seconds left.
|-message|congelateur-sama lost due to inactivity.
|
|win|cielau origine ♫
|c|☆congelateur-sama|...
|c|☆congelateur-sama|je suis un fdp
|c| Micciu20250|On avait
|c| Micciu20250|win
|c| Micciu20250|sad
|c|☆congelateur-sama|nn
|c| Micciu20250|ggs
|j|+Brumirage
|c|☆congelateur-sama|j'ai giga lose
|c|+Brumirage|Jure
|c| Dieu Amphibien|bravo cielau origine tu es vraiment le plus fort au monde bravo j ai toujours cru (en toi)
|c|☆cielau origine ♫|gg, tu passais ?
|c|☆congelateur-sama|nn
|c|☆cielau origine ♫|Mis à part une para
|l|+Brumirage
|c|☆cielau origine ♫|je voyais pas trop
|c|☆congelateur-sama|necro fait mois de -50% à +1
|c|☆cielau origine ♫|Ouais
|c|☆congelateur-sama|à hippo
|c|☆cielau origine ♫|j'avais check
|c|☆cielau origine ♫|pour ça que je voulais le keep full
|c|☆cielau origine ♫|J'aurais vraiment
|c|☆congelateur-sama|ptn le truc
|c|☆cielau origine ♫|dû taper stone edge
|l| Micciu20250
|c| Dieu Amphibien|il est malin (ce cielau origine) il a (check)
|c|☆cielau origine ♫|sur le tang
|c|☆congelateur-sama|tu connaissait la team
|c|☆cielau origine ♫|nan nan
|c|☆cielau origine ♫|J'ai juste check
|c|☆cielau origine ♫|les sets
|c|☆congelateur-sama|à pas uturn sur le necro
|c|☆congelateur-sama|arrête arrête
|c|☆cielau origine ♫|Aaah mec
|c|☆cielau origine ♫|je te jure
|c| LT92PF Baro|en ft congelo
|c|☆cielau origine ♫|j'ai joué ru
|c|☆cielau origine ♫|je tape jamais
|c| LT92PF Baro|c très simple
|c|☆cielau origine ♫|turn
|c| LT92PF Baro|en ou ssnl
|c|☆cielau origine ♫|sur necro
|c|☆cielau origine ♫|mdrrr
|c| LT92PF Baro|il a joué contre necro dd weakness
|c| LT92PF Baro|il s'est fait 6-0
|l| Hyss
|c| LT92PF Baro|dcp mntn il s'en rappelle
|c|☆cielau origine ♫|Nan en vrai merci à Dunoks pour la team
|c|☆congelateur-sama|le truc
|c|☆congelateur-sama|c'est que necro dd
|c|☆congelateur-sama|c'est lum pour hippo
|j|+Brumirage
|c|☆cielau origine ♫|Aaah ok ok
|c|☆cielau origine ♫|en fait en voyant
|c|☆cielau origine ♫|que t'avais in sur crobat
|c|☆cielau origine ♫|je me suis dit
|c|☆cielau origine ♫|que 'étais weakness
|c|☆cielau origine ♫|du coup j'ai surtout calc les dégâts
|c|☆cielau origine ♫|pour voir si hippo c'était safe
|c|☆cielau origine ♫|et les moves
|c|☆congelateur-sama|jsp pk j'ai bring cette team
|c|☆congelateur-sama|ngl
|c|☆congelateur-sama|giga weak hippo
|c|☆cielau origine ♫|On s'attendais plus à du fat
|c|☆cielau origine ♫|pour être franc
|c|☆congelateur-sama|et mence qui 6-0
|c|☆congelateur-sama|azelf 6-0
|c|☆congelateur-sama|crobat me détruit
|c|☆cielau origine ♫|Ouais j'ia un peu singé à me laisser enlever
|c|☆cielau origine ♫|les bottes
|c|☆cielau origine ♫|t1
|c|☆cielau origine ♫|j'étais focalisé sur weaken ton tang pour pouvoir
|c|☆cielau origine ♫|break
|c|☆cielau origine ♫|avec coba
|c|☆cielau origine ♫|vu que digg peut que pivoter ou para
|c|☆cielau origine ♫|dans le mu
