|j|☆tyvesject
|j|☆UUBF5 detour
|t:|1617817718
|gametype|singles
|player|p1|tyvesject|pokemonbreeder|1383
|player|p2|UUBF5 detour|maid-gen4|1467
|teamsize|p1|6
|teamsize|p2|6
|gen|8
|tier|[Gen 8] UU
|rated|
|clearpoke
|poke|p1|Toxtricity-Low-Key, M|
|poke|p1|Golisopod, F|
|poke|p1|Hitmontop, M|
|poke|p1|Togekiss, F|
|poke|p1|Metagross|
|poke|p1|Rhyperior, M|
|poke|p2|Weezing-Galar, M|
|poke|p2|Pyukumuku, M|
|poke|p2|Chansey, F|
|poke|p2|Mew|
|poke|p2|Salamence, M|
|poke|p2|Amoonguss, F|
|rule|Sleep Clause Mod: Limit one foe put to sleep
|rule|Species Clause: Limit one of each Pokémon
|rule|OHKO Clause: OHKO moves are banned
|rule|Evasion Moves Clause: Evasion moves are banned
|rule|Endless Battle Clause: Forcing endless battles is banned
|rule|HP Percentage Mod: HP is shown in percentages
|rule|Dynamax Clause: You cannot dynamax
|teampreview
|
|t:|1617817732
|start
|switch|p1a: Toxtricity|Toxtricity-Low-Key, M|100/100
|switch|p2a: Chansey|Chansey, F|100/100
|turn|1
|inactive|Battle timer is ON: inactive players will automatically lose when time's up. (requested by tyvesject)
|
|t:|1617817737
|move|p1a: Toxtricity|Volt Switch|p2a: Chansey
|-damage|p2a: Chansey|88/100
|
|t:|1617817740
|switch|p1a: Hitmontop|Hitmontop, M|100/100|[from]move: Volt Switch
|-ability|p1a: Hitmontop|Intimidate|boost
|-unboost|p2a: Chansey|atk|1
|move|p2a: Chansey|Stealth Rock|p1a: Hitmontop
|-sidestart|p1: tyvesject|move: Stealth Rock
|
|upkeep
|turn|2
|
|t:|1617817746
|switch|p2a: Mew|Mew|100/100
|move|p1a: Hitmontop|Rapid Spin|p2a: Mew
|-damage|p2a: Mew|89/100
|-boost|p1a: Hitmontop|spe|1
|-sideend|p1: tyvesject|Stealth Rock|[from] move: Rapid Spin|[of] p1a: Hitmontop
|
|-heal|p2a: Mew|95/100|[from] item: Leftovers
|upkeep
|turn|3
|
|t:|1617817755
|switch|p1a: Golisopod|Golisopod, F|100/100
|move|p2a: Mew|Spikes|p1a: Golisopod
|-sidestart|p1: tyvesject|Spikes
|
|-heal|p2a: Mew|100/100|[from] item: Leftovers
|upkeep
|turn|4
|
|t:|1617817761
|switch|p2a: Salamence|Salamence, M|100/100
|-ability|p2a: Salamence|Intimidate|boost
|-unboost|p1a: Golisopod|atk|1
|move|p1a: Golisopod|Knock Off|p2a: Salamence
|-damage|p2a: Salamence|82/100
|-enditem|p2a: Salamence|Heavy-Duty Boots|[from] move: Knock Off|[of] p1a: Golisopod
|
|upkeep
|turn|5
|
|t:|1617817770
|switch|p1a: Hitmontop|Hitmontop, M|100/100
|-damage|p1a: Hitmontop|88/100|[from] Spikes
|-ability|p1a: Hitmontop|Intimidate|boost
|-unboost|p2a: Salamence|atk|1
|move|p2a: Salamence|Dual Wingbeat|p1a: Hitmontop
|-supereffective|p1a: Hitmontop
|-damage|p1a: Hitmontop|58/100
|-supereffective|p1a: Hitmontop
|-damage|p1a: Hitmontop|29/100
|-hitcount|p1a: Hitmontop|2
|
|upkeep
|turn|6
|
|t:|1617817776
|switch|p1a: Rhyperior|Rhyperior, M|100/100
|-damage|p1a: Rhyperior|88/100|[from] Spikes
|move|p2a: Salamence|Dual Wingbeat|p1a: Rhyperior
|-resisted|p1a: Rhyperior
|-damage|p1a: Rhyperior|84/100
|-resisted|p1a: Rhyperior
|-damage|p1a: Rhyperior|81/100
|-hitcount|p1a: Rhyperior|2
|
|upkeep
|turn|7
|
|t:|1617817779
|switch|p2a: Mew|Mew|100/100
|move|p1a: Rhyperior|Stealth Rock|p2a: Mew
|-sidestart|p2: UUBF5 detour|move: Stealth Rock
|
|upkeep
|turn|8
|
|t:|1617817786
|move|p2a: Mew|Will-O-Wisp|p1a: Rhyperior|[miss]
|-miss|p2a: Mew|p1a: Rhyperior
|move|p1a: Rhyperior|Earthquake|p2a: Mew
|-damage|p2a: Mew|53/100
|
|-heal|p2a: Mew|60/100|[from] item: Leftovers
|upkeep
|turn|9
|
|t:|1617817797
|switch|p1a: Golisopod|Golisopod, F|100/100
|move|p2a: Mew|Will-O-Wisp|p1a: Golisopod
|-status|p1a: Golisopod|brn
|
|-heal|p2a: Mew|66/100|[from] item: Leftovers
|-damage|p1a: Golisopod|94/100 brn|[from] brn
|upkeep
|turn|10
|
|t:|1617817801
|move|p1a: Golisopod|First Impression|p2a: Mew
|-supereffective|p2a: Mew
|-damage|p2a: Mew|31/100
|move|p2a: Mew|Soft-Boiled|p2a: Mew
|-heal|p2a: Mew|81/100
|
|-heal|p2a: Mew|87/100|[from] item: Leftovers
|-damage|p1a: Golisopod|88/100 brn|[from] brn
|upkeep
|turn|11
|
|t:|1617817819
|move|p2a: Mew|Spikes|p1a: Golisopod
|-sidestart|p1: tyvesject|Spikes
|move|p1a: Golisopod|Knock Off|p2a: Mew
|-supereffective|p2a: Mew
|-damage|p2a: Mew|61/100
|-enditem|p2a: Mew|Leftovers|[from] move: Knock Off|[of] p1a: Golisopod
|
|-damage|p1a: Golisopod|82/100 brn|[from] brn
|upkeep
|turn|12
|
|t:|1617817825
|move|p2a: Mew|Spikes|p1a: Golisopod
|-sidestart|p1: tyvesject|Spikes
|move|p1a: Golisopod|Liquidation|p2a: Mew
|-damage|p2a: Mew|43/100
|
|-damage|p1a: Golisopod|76/100 brn|[from] brn
|upkeep
|turn|13
|
|t:|1617817834
|move|p2a: Mew|Soft-Boiled|p2a: Mew
|-heal|p2a: Mew|93/100
|move|p1a: Golisopod|Liquidation|p2a: Mew
|-damage|p2a: Mew|76/100
|
|-damage|p1a: Golisopod|69/100 brn|[from] brn
|upkeep
|turn|14
|
|t:|1617817841
|move|p2a: Mew|Knock Off|p1a: Golisopod
|-damage|p1a: Golisopod|54/100 brn
|-enditem|p1a: Golisopod|Heavy-Duty Boots|[from] move: Knock Off|[of] p2a: Mew
|move|p1a: Golisopod|Liquidation|p2a: Mew
|-damage|p2a: Mew|59/100
|-unboost|p2a: Mew|def|1
|
|-damage|p1a: Golisopod|48/100 brn|[from] brn
|upkeep
|-activate|p1a: Golisopod|ability: Emergency Exit
|
|t:|1617817857
|switch|p1a: Togekiss|Togekiss, F|100/100
|turn|15
|
|t:|1617817873
|switch|p2a: Chansey|Chansey, F|88/100
|-damage|p2a: Chansey|75/100|[from] Stealth Rock
|move|p1a: Togekiss|Air Slash|p2a: Chansey
|-damage|p2a: Chansey|63/100
|
|upkeep
|turn|16
|
|t:|1617817880
|move|p1a: Togekiss|Air Slash|p2a: Chansey
|-damage|p2a: Chansey|52/100
|cant|p2a: Chansey|flinch
|
|upkeep
|turn|17
|
|t:|1617817884
|move|p1a: Togekiss|Air Slash|p2a: Chansey
|-damage|p2a: Chansey|41/100
|move|p2a: Chansey|Soft-Boiled|p2a: Chansey
|-heal|p2a: Chansey|91/100
|
|upkeep
|turn|18
|
|t:|1617817894
|move|p1a: Togekiss|Air Slash|p2a: Chansey
|-damage|p2a: Chansey|79/100
|move|p2a: Chansey|Stealth Rock|p1a: Togekiss
|-sidestart|p1: tyvesject|move: Stealth Rock
|
|upkeep
|turn|19
|
|t:|1617817899
|switch|p1a: Hitmontop|Hitmontop, M|29/100
|-damage|p1a: Hitmontop|4/100|[from] Spikes
|-damage|p1a: Hitmontop|0 fnt|[from] Stealth Rock
|faint|p1a: Hitmontop
|move|p2a: Chansey|Soft-Boiled|p2a: Chansey
|-heal|p2a: Chansey|100/100
|
|upkeep
|
|t:|1617817906
|switch|p1a: Metagross|Metagross|100/100
|-damage|p1a: Metagross|94/100|[from] Stealth Rock
|-damage|p1a: Metagross|70/100|[from] Spikes
|turn|20
|
|t:|1617817913
|switch|p2a: Pyukumuku|Pyukumuku, M|100/100
|move|p1a: Metagross|Meteor Mash|p2a: Pyukumuku
|-resisted|p2a: Pyukumuku
|-damage|p2a: Pyukumuku|83/100
|-boost|p1a: Metagross|atk|1
|
|upkeep
|turn|21
|
|t:|1617817920
|move|p1a: Metagross|Psycho Cut|p2a: Pyukumuku
|-damage|p2a: Pyukumuku|58/100
|move|p2a: Pyukumuku|Recover|p2a: Pyukumuku
|-heal|p2a: Pyukumuku|100/100
|
|upkeep
|turn|22
|
|t:|1617817927
|move|p1a: Metagross|Psycho Cut|p2a: Pyukumuku
|-damage|p2a: Pyukumuku|74/100
|move|p2a: Pyukumuku|Soak|p1a: Metagross
|-start|p1a: Metagross|typechange|Water
|
|upkeep
|turn|23
|
|t:|1617817932
|move|p1a: Metagross|Psycho Cut|p2a: Pyukumuku
|-damage|p2a: Pyukumuku|54/100
|move|p2a: Pyukumuku|Toxic|p1a: Metagross|[miss]
|-miss|p2a: Pyukumuku|p1a: Metagross
|
|upkeep
|turn|24
|
|t:|1617817937
|switch|p1a: Toxtricity|Toxtricity-Low-Key, M|100/100
|-damage|p1a: Toxtricity|88/100|[from] Stealth Rock
|-damage|p1a: Toxtricity|63/100|[from] Spikes
|move|p2a: Pyukumuku|Recover|p2a: Pyukumuku
|-heal|p2a: Pyukumuku|100/100
|
|upkeep
|turn|25
|
|t:|1617817944
|switch|p2a: Chansey|Chansey, F|100/100
|-damage|p2a: Chansey|88/100|[from] Stealth Rock
|move|p1a: Toxtricity|Overdrive|p2a: Chansey
|-damage|p2a: Chansey|70/100
|
|upkeep
|turn|26
|
|t:|1617817951
|move|p1a: Toxtricity|Overdrive|p2a: Chansey
|-damage|p2a: Chansey|53/100
|move|p2a: Chansey|Soft-Boiled|p2a: Chansey
|-heal|p2a: Chansey|100/100
|
|upkeep
|turn|27
|
|t:|1617817979
|move|p1a: Toxtricity|Overdrive|p2a: Chansey
|-damage|p2a: Chansey|83/100
|move|p2a: Chansey|Seismic Toss|p1a: Toxtricity
|-damage|p1a: Toxtricity|29/100
|
|upkeep
|turn|28
|
|t:|1617817989
|move|p1a: Toxtricity|Overdrive|p2a: Chansey
|-damage|p2a: Chansey|66/100
|move|p2a: Chansey|Soft-Boiled|p2a: Chansey
|-heal|p2a: Chansey|100/100
|
|upkeep
|turn|29
|
|t:|1617817995
|move|p1a: Toxtricity|Overdrive|p2a: Chansey
|-damage|p2a: Chansey|84/100
|move|p2a: Chansey|Seismic Toss|p1a: Toxtricity
|-damage|p1a: Toxtricity|0 fnt
|faint|p1a: Toxtricity
|
|upkeep
|
|t:|1617818008
|switch|p1a: Rhyperior|Rhyperior, M|81/100
|-damage|p1a: Rhyperior|56/100|[from] Spikes
|-damage|p1a: Rhyperior|50/100|[from] Stealth Rock
|turn|30
|
|t:|1617818024
|move|p2a: Chansey|Seismic Toss|p1a: Rhyperior
|-damage|p1a: Rhyperior|26/100
|move|p1a: Rhyperior|Earthquake|p2a: Chansey
|-damage|p2a: Chansey|44/100
|
|upkeep
|turn|31
|inactive|tyvesject has 120 seconds left.
|inactive|tyvesject has 90 seconds left.
|j| Zombini62
|inactive|tyvesject has 60 seconds left.
|inactive|tyvesject has 30 seconds left.
|inactive|tyvesject has 20 seconds left.
|inactive|tyvesject has 15 seconds left.
|inactive|tyvesject has 10 seconds left.
|inactive|tyvesject has 5 seconds left.
|-message|tyvesject lost due to inactivity.
|
|win|UUBF5 detour
|raw|tyvesject's rating: 1383 &rarr; <strong>1368</strong><br />(-15 for losing)
|raw|UUBF5 detour's rating: 1467 &rarr; <strong>1482</strong><br />(+15 for winning)
|l| Zombini62
