|j|☆Low Ladder Terror
|j|☆Haffling
|t:|1607450615
|player|p1|Low Ladder Terror|teamrocket|
|player|p2|Haffling|87|
|teamsize|p1|6
|teamsize|p2|6
|gametype|singles
|gen|8
|tier|[Gen 8] UU
|rated|Tournament battle
|clearpoke
|poke|p1|Whimsicott, M|
|poke|p1|Latias, F|
|poke|p1|Blaziken, M|
|poke|p1|Toxtricity, M|
|poke|p1|Gyarados, F|
|poke|p1|Diancie|
|poke|p2|Ninetales-Alola, F|
|poke|p2|Blaziken, F|
|poke|p2|Gyarados, M|
|poke|p2|Toxtricity, M|
|poke|p2|Azumarill, F|
|poke|p2|Ditto|
|rule|Sleep Clause Mod: Limit one foe put to sleep
|rule|Species Clause: Limit one of each Pokémon
|rule|OHKO Clause: OHKO moves are banned
|rule|Evasion Moves Clause: Evasion moves are banned
|rule|Endless Battle Clause: Forcing endless battles is banned
|rule|HP Percentage Mod: HP is shown in percentages
|rule|Dynamax Clause: You cannot dynamax
|teampreview
|j| Prof.Otaku
|inactive|Battle timer is ON: inactive players will automatically lose when time's up. (requested by Low Ladder Terror)
|j| pathetic aesthetic
|c|☆Haffling|Hf
|j| EmolgaVibes
|c| EmolgaVibes|:)
|
|t:|1607450633
|start
|switch|p1a: Blaziken|Blaziken, M|100/100
|switch|p2a: Ditto|Ditto|100/100
|-transform|p2a: Ditto|p1a: Blaziken|[from] ability: Imposter
|turn|1
|c|☆Low Ladder Terror|u2
|
|t:|1607450640
|move|p2a: Ditto|Close Combat|p1a: Blaziken
|-damage|p1a: Blaziken|18/100
|-unboost|p2a: Ditto|def|1
|-unboost|p2a: Ditto|spd|1
|move|p1a: Blaziken|Close Combat|p2a: Ditto
|-damage|p2a: Ditto|0 fnt
|-unboost|p1a: Blaziken|def|1
|-unboost|p1a: Blaziken|spd|1
|-damage|p1a: Blaziken|8/100|[from] item: Life Orb
|faint|p2a: Ditto
|
|-ability|p1a: Blaziken|Speed Boost|boost
|-boost|p1a: Blaziken|spe|1
|upkeep
|
|t:|1607450645
|switch|p2a: Azumarill|Azumarill, F|100/100
|turn|2
|j| Chicknemacnchez
|j| SpookyTerrain 213
|j| LucasM123
|j|+7MM
|j| Ivehadenoughshit
|inactive|Low Ladder Terror has 120 seconds left.
|
|t:|1607450681
|move|p2a: Azumarill|Aqua Jet|p1a: Blaziken
|-supereffective|p1a: Blaziken
|-damage|p1a: Blaziken|0 fnt
|faint|p1a: Blaziken
|
|upkeep
|
|t:|1607450693
|switch|p1a: Whimsicott|Whimsicott, M|100/100
|turn|3
|
|t:|1607450700
|switch|p2a: Toxtricity|Toxtricity, M|100/100
|move|p1a: Whimsicott|U-turn|p2a: Toxtricity
|-resisted|p2a: Toxtricity
|-damage|p2a: Toxtricity|92/100
|inactive|Low Ladder Terror has 120 seconds left.
|
|t:|1607450717
|switch|p1a: Latias|Latias, F|100/100|[from]move: U-turn
|
|upkeep
|turn|4
|l| SpookyTerrain 213
|
|t:|1607450723
|switch|p2a: Azumarill|Azumarill, F|100/100
|move|p1a: Latias|Psyshock|p2a: Azumarill
|-damage|p2a: Azumarill|66/100
|
|upkeep
|turn|5
|
|t:|1607450730
|switch|p1a: Toxtricity|Toxtricity, M|100/100
|move|p2a: Azumarill|Play Rough|p1a: Toxtricity
|-resisted|p1a: Toxtricity
|-damage|p1a: Toxtricity|58/100
|
|upkeep
|turn|6
|j| Life Letters
|c|☆Haffling|Damn
|c|☆Haffling|42
|
|t:|1607450754
|move|p2a: Azumarill|Aqua Jet|p1a: Toxtricity
|-damage|p1a: Toxtricity|19/100
|move|p1a: Toxtricity|Boomburst|p2a: Azumarill
|-damage|p2a: Azumarill|0 fnt
|-damage|p1a: Toxtricity|9/100|[from] item: Life Orb
|faint|p2a: Azumarill
|
|upkeep
|
|t:|1607450761
|switch|p2a: Toxtricity|Toxtricity, M|92/100
|turn|7
|
|t:|1607450769
|move|p1a: Toxtricity|Boomburst|p2a: Toxtricity
|-damage|p2a: Toxtricity|16/100
|-damage|p1a: Toxtricity|0 fnt|[from] item: Life Orb
|faint|p1a: Toxtricity
|move|p2a: Toxtricity|Boomburst|p1: Toxtricity|[notarget]
|-fail|p2a: Toxtricity
|
|upkeep
|
|t:|1607450782
|switch|p1a: Gyarados|Gyarados, F|100/100
|turn|8
|
|t:|1607450786
|move|p1a: Gyarados|Waterfall|p2a: Toxtricity
|-damage|p2a: Toxtricity|0 fnt
|faint|p2a: Toxtricity
|-ability|p1a: Gyarados|Moxie|boost
|-boost|p1a: Gyarados|atk|1
|
|upkeep
|j| laevin ㋛
|
|t:|1607450789
|switch|p2a: Ninetales|Ninetales-Alola, F|100/100
|-weather|Hail|[from] ability: Snow Warning|[of] p2a: Ninetales
|turn|9
|
|t:|1607450796
|switch|p1a: Diancie|Diancie, shiny|100/100
|move|p2a: Ninetales|Freeze-Dry|p1a: Diancie
|-damage|p1a: Diancie|87/100
|
|-weather|Hail|[upkeep]
|-damage|p1a: Diancie|80/100|[from] Hail
|-heal|p1a: Diancie|87/100|[from] item: Leftovers
|upkeep
|turn|10
|
|t:|1607450802
|move|p2a: Ninetales|Hypnosis|p1a: Diancie
|-status|p1a: Diancie|slp|[from] move: Hypnosis
|cant|p1a: Diancie|slp
|
|-weather|Hail|[upkeep]
|-damage|p1a: Diancie|80/100 slp|[from] Hail
|-heal|p1a: Diancie|87/100 slp|[from] item: Leftovers
|upkeep
|turn|11
|
|t:|1607450810
|switch|p2a: Gyarados|Gyarados, M|100/100
|cant|p1a: Diancie|slp
|
|-weather|Hail|[upkeep]
|-damage|p2a: Gyarados|94/100|[from] Hail
|-damage|p1a: Diancie|80/100 slp|[from] Hail
|-heal|p1a: Diancie|87/100 slp|[from] item: Leftovers
|upkeep
|turn|12
|
|t:|1607450815
|switch|p1a: Whimsicott|Whimsicott, M|100/100
|move|p2a: Gyarados|Waterfall|p1a: Whimsicott
|-resisted|p1a: Whimsicott
|-damage|p1a: Whimsicott|71/100
|
|-weather|Hail|[upkeep]
|-damage|p1a: Whimsicott|65/100|[from] Hail
|-damage|p2a: Gyarados|88/100|[from] Hail
|-heal|p1a: Whimsicott|71/100|[from] item: Leftovers
|upkeep
|turn|13
|j| 467 11 11p
|
|t:|1607450821
|move|p1a: Whimsicott|Encore|p2a: Gyarados
|-start|p2a: Gyarados|Encore
|move|p2a: Gyarados|Waterfall|p1a: Whimsicott
|-resisted|p1a: Whimsicott
|-damage|p1a: Whimsicott|44/100
|
|-weather|none
|-heal|p1a: Whimsicott|50/100|[from] item: Leftovers
|upkeep
|turn|14
|
|t:|1607450830
|switch|p2a: Ninetales|Ninetales-Alola, F|100/100
|-weather|Hail|[from] ability: Snow Warning|[of] p2a: Ninetales
|move|p1a: Whimsicott|Memento|p2a: Ninetales
|-unboost|p2a: Ninetales|atk|2
|-unboost|p2a: Ninetales|spa|2
|faint|p1a: Whimsicott
|
|-weather|Hail|[upkeep]
|upkeep
|
|t:|1607450835
|switch|p1a: Gyarados|Gyarados, F|100/100
|turn|15
|
|t:|1607450839
|move|p2a: Ninetales|Freeze-Dry|p1a: Gyarados
|-supereffective|p1a: Gyarados
|-damage|p1a: Gyarados|57/100
|move|p1a: Gyarados|Dragon Dance|p1a: Gyarados
|-boost|p1a: Gyarados|atk|1
|-boost|p1a: Gyarados|spe|1
|
|-weather|Hail|[upkeep]
|-damage|p1a: Gyarados|51/100|[from] Hail
|upkeep
|turn|16
|
|t:|1607450846
|move|p1a: Gyarados|Waterfall|p2a: Ninetales
|-damage|p2a: Ninetales|31/100
|cant|p2a: Ninetales|flinch
|
|-weather|Hail|[upkeep]
|-damage|p1a: Gyarados|45/100|[from] Hail
|upkeep
|turn|17
|j| Pokeregions
|
|t:|1607450856
|move|p1a: Gyarados|Waterfall|p2a: Ninetales
|-damage|p2a: Ninetales|0 fnt
|faint|p2a: Ninetales
|-ability|p1a: Gyarados|Moxie|boost
|-boost|p1a: Gyarados|atk|1
|
|-weather|Hail|[upkeep]
|-damage|p1a: Gyarados|39/100|[from] Hail
|upkeep
|
|t:|1607450857
|switch|p2a: Gyarados|Gyarados, M|88/100
|turn|18
|j| Tekken Gooner 93
|
|t:|1607450860
|move|p1a: Gyarados|Power Whip|p2a: Gyarados
|-crit|p2a: Gyarados
|-damage|p2a: Gyarados|0 fnt
|faint|p2a: Gyarados
|-ability|p1a: Gyarados|Moxie|boost
|-boost|p1a: Gyarados|atk|1
|
|-weather|none
|upkeep
|c|☆Haffling|Oof
|l| Life Letters
|c|☆Haffling|Gg
|
|t:|1607450871
|switch|p2a: Blaziken|Blaziken, F|100/100
|turn|19
|
|t:|1607450874
|move|p1a: Gyarados|Waterfall|p2a: Blaziken
|-supereffective|p2a: Blaziken
|-damage|p2a: Blaziken|0 fnt
|faint|p2a: Blaziken
|
|win|Low Ladder Terror
|n|☆Low Ladder Terror|lowladderterror
|n|☆Haffling|haffling
|n| Prof.Otaku|profotaku
|n| pathetic aesthetic|patheticaesthetic
|n| EmolgaVibes|emolgavibes
|n| Chicknemacnchez|chicknemacnchez
|n| LucasM123|lucasm123
|n| 7MM|7mm
|n| Ivehadenoughshit|ivehadenoughshit
|n| laevin ㋛|laevin
|n| 467 11 11p|4671111p
|n| Pokeregions|pokeregions
|n| Tekken Gooner 93|tekkengooner93
