|raw|<div class="broadcast-blue"><strong>This battle is required to be public due to a player having a name starting with 'uult91w'.</div>
|j|☆megasecrettesting
|j|☆UULT91w Micciu
|t:|1652052849
|gametype|singles
|player|p1|megasecrettesting|erika-gen2|1406
|player|p2|UULT91w Micciu|teammagmagruntf-gen3|1570
|teamsize|p1|6
|teamsize|p2|6
|gen|8
|tier|[Gen 8] UU
|rated|
|rule|Sleep Clause Mod: Limit one foe put to sleep
|rule|Species Clause: Limit one of each Pokémon
|rule|OHKO Clause: OHKO moves are banned
|rule|Evasion Moves Clause: Evasion moves are banned
|rule|Endless Battle Clause: Forcing endless battles is banned
|rule|HP Percentage Mod: HP is shown in percentages
|rule|Dynamax Clause: You cannot dynamax
|clearpoke
|poke|p1|Skarmory, F|
|poke|p1|Celebi|
|poke|p1|Rotom-Wash|
|poke|p1|Excadrill, M|
|poke|p1|Umbreon, F|
|poke|p1|Nihilego|
|poke|p2|Primarina, M|
|poke|p2|Amoonguss, M|
|poke|p2|Conkeldurr, F|
|poke|p2|Rotom-Heat|
|poke|p2|Jirachi|
|poke|p2|Zarude|
|teampreview
|inactive|Battle timer is ON: inactive players will automatically lose when time's up. (requested by UULT91w Micciu)
|
|t:|1652052868
|start
|switch|p1a: Excadrill|Excadrill, M|100/100
|switch|p2a: Zarude|Zarude|100/100
|-ability|p1a: Excadrill|Mold Breaker
|turn|1
|
|t:|1652052875
|switch|p1a: Skarmory|Skarmory, F|100/100
|move|p2a: Zarude|Power Whip|p1a: Skarmory
|-resisted|p1a: Skarmory
|-damage|p1a: Skarmory|87/100
|-damage|p2a: Zarude|84/100|[from] item: Rocky Helmet|[of] p1a: Skarmory
|
|upkeep
|turn|2
|
|t:|1652052882
|switch|p2a: Primarina|Primarina, M|100/100
|move|p1a: Skarmory|Spikes|p2a: Primarina
|-sidestart|p2: UULT91w Micciu|Spikes
|
|upkeep
|turn|3
|
|t:|1652052885
|switch|p1a: Celebi|Celebi|100/100
|move|p2a: Primarina|Substitute|p2a: Primarina
|-start|p2a: Primarina|Substitute
|-damage|p2a: Primarina|76/100
|
|-heal|p2a: Primarina|82/100|[from] item: Leftovers
|upkeep
|turn|4
|
|t:|1652052889
|move|p1a: Celebi|Psychic|p2a: Primarina
|-end|p2a: Primarina|Substitute
|move|p2a: Primarina|Calm Mind|p2a: Primarina
|-boost|p2a: Primarina|spa|1
|-boost|p2a: Primarina|spd|1
|
|-heal|p2a: Primarina|88/100|[from] item: Leftovers
|upkeep
|turn|5
|
|t:|1652052895
|move|p1a: Celebi|Leaf Storm|p2a: Primarina
|-supereffective|p2a: Primarina
|-damage|p2a: Primarina|28/100
|-unboost|p1a: Celebi|spa|2
|move|p2a: Primarina|Calm Mind|p2a: Primarina
|-boost|p2a: Primarina|spa|1
|-boost|p2a: Primarina|spd|1
|
|-heal|p2a: Primarina|34/100|[from] item: Leftovers
|upkeep
|turn|6
|
|t:|1652052898
|move|p1a: Celebi|Leaf Storm|p2a: Primarina
|-supereffective|p2a: Primarina
|-damage|p2a: Primarina|8/100
|-unboost|p1a: Celebi|spa|2
|move|p2a: Primarina|Draining Kiss|p1a: Celebi
|-damage|p1a: Celebi|67/100
|-heal|p2a: Primarina|36/100|[from] drain|[of] p1a: Celebi
|
|-heal|p1a: Celebi|73/100|[from] item: Leftovers
|-heal|p2a: Primarina|42/100|[from] item: Leftovers
|upkeep
|turn|7
|
|t:|1652052907
|switch|p1a: Nihilego|Nihilego|100/100
|move|p2a: Primarina|Substitute|p2a: Primarina
|-start|p2a: Primarina|Substitute
|-damage|p2a: Primarina|18/100
|
|-heal|p2a: Primarina|24/100|[from] item: Leftovers
|upkeep
|turn|8
|
|t:|1652052935
|move|p1a: Nihilego|Sludge Bomb|p2a: Primarina
|-supereffective|p2a: Primarina
|-end|p2a: Primarina|Substitute
|move|p2a: Primarina|Scald|p1a: Nihilego
|-supereffective|p1a: Nihilego
|-damage|p1a: Nihilego|0 fnt
|faint|p1a: Nihilego
|
|-heal|p2a: Primarina|30/100|[from] item: Leftovers
|upkeep
|
|t:|1652052937
|switch|p1a: Celebi|Celebi|73/100
|turn|9
|
|t:|1652052956
|switch|p2a: Jirachi|Jirachi|100/100
|-damage|p2a: Jirachi|88/100|[from] Spikes
|move|p1a: Celebi|Leaf Storm|p2a: Jirachi
|-resisted|p2a: Jirachi
|-damage|p2a: Jirachi|67/100
|-unboost|p1a: Celebi|spa|2
|
|-heal|p2a: Jirachi|73/100|[from] item: Leftovers
|-heal|p1a: Celebi|79/100|[from] item: Leftovers
|upkeep
|turn|10
|
|t:|1652052961
|switch|p1a: Excadrill|Excadrill, M|100/100
|-ability|p1a: Excadrill|Mold Breaker
|move|p2a: Jirachi|Stealth Rock|p1a: Excadrill
|-sidestart|p1: megasecrettesting|move: Stealth Rock
|
|-heal|p2a: Jirachi|79/100|[from] item: Leftovers
|upkeep
|turn|11
|
|t:|1652052967
|switch|p2a: Conkeldurr|Conkeldurr, F|100/100
|-damage|p2a: Conkeldurr|88/100|[from] Spikes
|move|p1a: Excadrill|Rapid Spin|p2a: Conkeldurr
|-damage|p2a: Conkeldurr|76/100
|-boost|p1a: Excadrill|spe|1
|-sideend|p1: megasecrettesting|Stealth Rock|[from] move: Rapid Spin|[of] p1a: Excadrill
|
|-heal|p2a: Conkeldurr|82/100|[from] item: Leftovers
|upkeep
|turn|12
|
|t:|1652052972
|switch|p1a: Celebi|Celebi|79/100
|move|p2a: Conkeldurr|Bulk Up|p2a: Conkeldurr
|-boost|p2a: Conkeldurr|atk|1
|-boost|p2a: Conkeldurr|def|1
|
|-heal|p1a: Celebi|86/100|[from] item: Leftovers
|-heal|p2a: Conkeldurr|88/100|[from] item: Leftovers
|upkeep
|turn|13
|inactive|megasecrettesting has 120 seconds left.
|
|t:|1652053004
|move|p1a: Celebi|Psychic|p2a: Conkeldurr
|-supereffective|p2a: Conkeldurr
|-damage|p2a: Conkeldurr|31/100
|move|p2a: Conkeldurr|Knock Off|p1a: Celebi
|-supereffective|p1a: Celebi
|-damage|p1a: Celebi|16/100
|-enditem|p1a: Celebi|Leftovers|[from] move: Knock Off|[of] p2a: Conkeldurr
|
|-heal|p2a: Conkeldurr|37/100|[from] item: Leftovers
|upkeep
|turn|14
|
|t:|1652053011
|switch|p1a: Skarmory|Skarmory, F|87/100
|move|p2a: Conkeldurr|Mach Punch|p1a: Skarmory
|-damage|p1a: Skarmory|71/100
|-damage|p2a: Conkeldurr|20/100|[from] item: Rocky Helmet|[of] p1a: Skarmory
|
|-heal|p2a: Conkeldurr|26/100|[from] item: Leftovers
|upkeep
|turn|15
|
|t:|1652053019
|move|p1a: Skarmory|Spikes|p2a: Conkeldurr
|-sidestart|p2: UULT91w Micciu|Spikes
|move|p2a: Conkeldurr|Drain Punch|p1a: Skarmory
|-damage|p1a: Skarmory|41/100
|-heal|p2a: Conkeldurr|39/100|[from] drain|[of] p1a: Skarmory
|-damage|p2a: Conkeldurr|22/100|[from] item: Rocky Helmet|[of] p1a: Skarmory
|
|-heal|p2a: Conkeldurr|28/100|[from] item: Leftovers
|upkeep
|turn|16
|
|t:|1652053024
|move|p1a: Skarmory|Body Press|p2a: Conkeldurr
|-damage|p2a: Conkeldurr|11/100
|move|p2a: Conkeldurr|Drain Punch|p1a: Skarmory
|-damage|p1a: Skarmory|10/100
|-heal|p2a: Conkeldurr|24/100|[from] drain|[of] p1a: Skarmory
|-damage|p2a: Conkeldurr|7/100|[from] item: Rocky Helmet|[of] p1a: Skarmory
|
|-heal|p2a: Conkeldurr|13/100|[from] item: Leftovers
|upkeep
|turn|17
|
|t:|1652053032
|move|p1a: Skarmory|Body Press|p2a: Conkeldurr
|-damage|p2a: Conkeldurr|0 fnt
|faint|p2a: Conkeldurr
|
|upkeep
|
|t:|1652053037
|switch|p2a: Rotom|Rotom-Heat|100/100
|turn|18
|
|t:|1652053041
|switch|p1a: Excadrill|Excadrill, M|100/100
|-ability|p1a: Excadrill|Mold Breaker
|move|p2a: Rotom|Volt Switch|p1a: Excadrill
|-immune|p1a: Excadrill
|
|upkeep
|turn|19
|
|t:|1652053045
|switch|p2a: Amoonguss|Amoonguss, M|100/100
|-damage|p2a: Amoonguss|84/100|[from] Spikes
|move|p1a: Excadrill|Earthquake|p2a: Amoonguss
|-damage|p2a: Amoonguss|51/100
|
|upkeep
|turn|20
|
|t:|1652053050
|switch|p1a: Celebi|Celebi|16/100
|move|p2a: Amoonguss|Spore|p1a: Celebi
|-immune|p1a: Celebi
|
|upkeep
|turn|21
|
|t:|1652053053
|move|p1a: Celebi|Recover|p1a: Celebi
|-heal|p1a: Celebi|66/100
|move|p2a: Amoonguss|Sludge Bomb|p1a: Celebi
|-supereffective|p1a: Celebi
|-damage|p1a: Celebi|23/100
|
|upkeep
|turn|22
|
|t:|1652053056
|move|p1a: Celebi|Psychic|p2a: Amoonguss
|-supereffective|p2a: Amoonguss
|-damage|p2a: Amoonguss|0 fnt
|faint|p2a: Amoonguss
|
|upkeep
|-message|UULT91w Micciu forfeited.
|
|win|megasecrettesting
|raw|megasecrettesting's rating: 1406 &rarr; <strong>1435</strong><br />(+29 for winning)
|raw|UULT91w Micciu's rating: 1570 &rarr; <strong>1541</strong><br />(-29 for losing)
|l|☆UULT91w Micciu
