|j|☆Darkyspeed
|j|☆Bamarah
|player|p1|Darkyspeed|blue|1423
|player|p2|Bamarah|eusine-gen2|1397
|teamsize|p1|6
|teamsize|p2|6
|gametype|singles
|gen|8
|tier|[Gen 8] UU
|rated|
|clearpoke
|poke|p1|Scolipede, M|
|poke|p1|Kyurem|
|poke|p1|Skarmory, M|
|poke|p1|Grimmsnarl, M|
|poke|p1|Polteageist|
|poke|p1|Terrakion|
|poke|p2|Noivern, M|
|poke|p2|Keldeo-Resolute|
|poke|p2|Darmanitan, M|
|poke|p2|Chandelure, M|
|poke|p2|Skarmory, M|
|poke|p2|Blissey, F|
|rule|Sleep Clause Mod: Limit one foe put to sleep
|rule|Species Clause: Limit one of each Pokémon
|rule|OHKO Clause: OHKO moves are banned
|rule|Evasion Moves Clause: Evasion moves are banned
|rule|Endless Battle Clause: Forcing endless battles is banned
|rule|HP Percentage Mod: HP is shown in percentages
|rule|Dynamax Clause: You cannot dynamax
|teampreview
|inactive|Battle timer is ON: inactive players will automatically lose when time's up. (requested by Bamarah)
|
|start
|switch|p1a: Skarmory|Skarmory, M|100/100
|switch|p2a: Darmanitan|Darmanitan, M, shiny|100/100
|turn|1
|
|move|p2a: Darmanitan|Flare Blitz|p1a: Skarmory
|-supereffective|p1a: Skarmory
|-ability|p1a: Skarmory|Sturdy
|-damage|p1a: Skarmory|1/100
|-damage|p2a: Darmanitan|75/100|[from] Recoil
|move|p1a: Skarmory|Stealth Rock|p2a: Darmanitan
|-sidestart|p2: Bamarah|move: Stealth Rock
|
|upkeep
|turn|2
|
|move|p2a: Darmanitan|Flare Blitz|p1a: Skarmory
|-supereffective|p1a: Skarmory
|-damage|p1a: Skarmory|0 fnt
|-damage|p2a: Darmanitan|75/100|[from] Recoil
|faint|p1a: Skarmory
|
|upkeep
|
|switch|p1a: Polteageist|Polteageist|100/100
|turn|3
|
|move|p2a: Darmanitan|Flare Blitz|p1a: Polteageist
|-enditem|p1a: Polteageist|Focus Sash
|-damage|p1a: Polteageist|1/100
|-ability|p1a: Polteageist|Weak Armor|boost
|-unboost|p1a: Polteageist|def|1
|-boost|p1a: Polteageist|spe|2
|-damage|p2a: Darmanitan|50/100|[from] Recoil
|move|p1a: Polteageist|Shell Smash|p1a: Polteageist
|-unboost|p1a: Polteageist|def|1
|-unboost|p1a: Polteageist|spd|1
|-boost|p1a: Polteageist|atk|2
|-boost|p1a: Polteageist|spa|2
|-boost|p1a: Polteageist|spe|2
|
|upkeep
|turn|4
|
|move|p1a: Polteageist|Stored Power|p2a: Darmanitan
|-damage|p2a: Darmanitan|0 fnt
|faint|p2a: Darmanitan
|
|upkeep
|
|switch|p2a: Keldeo|Keldeo-Resolute|100/100
|-damage|p2a: Keldeo|94/100|[from] Stealth Rock
|turn|5
|
|move|p2a: Keldeo|Aqua Jet|p1a: Polteageist
|-damage|p1a: Polteageist|0 fnt
|-damage|p2a: Keldeo|84/100|[from] item: Life Orb
|faint|p1a: Polteageist
|
|upkeep
|c|☆Bamarah|idiot
|c|☆Darkyspeed|Unset
|c|☆Darkyspeed|U trash
|
|switch|p1a: Grimmsnarl|Grimmsnarl, M|100/100
|turn|6
|c|☆Bamarah|your mom is trash
|c|☆Bamarah|bitch ass nigga
|
|move|p1a: Grimmsnarl|Reflect|p1a: Grimmsnarl
|-sidestart|p1: Darkyspeed|Reflect
|move|p2a: Keldeo|Surf|p1a: Grimmsnarl
|-damage|p1a: Grimmsnarl|22/100
|-damage|p2a: Keldeo|74/100|[from] item: Life Orb
|
|upkeep
|turn|7
|
|move|p1a: Grimmsnarl|Light Screen|p1a: Grimmsnarl
|-sidestart|p1: Darkyspeed|move: Light Screen
|move|p2a: Keldeo|Surf|p1a: Grimmsnarl
|-damage|p1a: Grimmsnarl|0 fnt
|-damage|p2a: Keldeo|65/100|[from] item: Life Orb
|faint|p1a: Grimmsnarl
|
|upkeep
|
|switch|p1a: Kyurem|Kyurem|100/100
|-ability|p1a: Kyurem|Pressure
|turn|8
|
|switch|p2a: Blissey|Blissey, F, shiny|100/100
|-damage|p2a: Blissey|88/100|[from] Stealth Rock
|switch|p1a: Terrakion|Terrakion|100/100
|
|-heal|p2a: Blissey|94/100|[from] item: Leftovers
|upkeep
|turn|9
|
|switch|p2a: Noivern|Noivern, M, shiny|100/100
|-damage|p2a: Noivern|76/100|[from] Stealth Rock
|move|p1a: Terrakion|Stone Edge|p2a: Noivern|[miss]
|-miss|p1a: Terrakion|p2a: Noivern
|
|upkeep
|turn|10
|
|move|p2a: Noivern|Defog|p1a: Terrakion
|-unboost|p1a: Terrakion|evasion|1
|-sideend|p1: Darkyspeed|Reflect
|-sideend|p1: Darkyspeed|move: Light Screen
|-sideend|p2: Bamarah|Stealth Rock|[from] move: Defog|[of] p2a: Noivern
|move|p1a: Terrakion|Stone Edge|p2a: Noivern|[miss]
|-miss|p1a: Terrakion|p2a: Noivern
|
|upkeep
|turn|11
|c|☆Darkyspeed|But imao
|c|☆Bamarah|lol
|c|☆Darkyspeed|Just cause i m haxxed i will lost to a noob
|
|switch|p2a: Keldeo|Keldeo-Resolute|65/100
|move|p1a: Terrakion|Stone Edge|p2a: Keldeo
|-resisted|p2a: Keldeo
|-damage|p2a: Keldeo|21/100
|
|upkeep
|turn|12
|c|☆Bamarah|noob? ok
|
|switch|p1a: Kyurem|Kyurem|100/100
|-ability|p1a: Kyurem|Pressure
|move|p2a: Keldeo|Aqua Jet|p1a: Kyurem
|-resisted|p1a: Kyurem
|-damage|p1a: Kyurem|94/100
|-damage|p2a: Keldeo|11/100|[from] item: Life Orb
|
|upkeep
|turn|13
|
|move|p2a: Keldeo|Secret Sword|p1a: Kyurem
|-supereffective|p1a: Kyurem
|-damage|p1a: Kyurem|0 fnt
|-damage|p2a: Keldeo|1/100|[from] item: Life Orb
|faint|p1a: Kyurem
|
|upkeep
|
|switch|p1a: Terrakion|Terrakion|100/100
|turn|14
|
|move|p2a: Keldeo|Aqua Jet|p1a: Terrakion
|-supereffective|p1a: Terrakion
|-damage|p1a: Terrakion|66/100
|-damage|p2a: Keldeo|0 fnt|[from] item: Life Orb
|faint|p2a: Keldeo
|move|p1a: Terrakion|Stone Edge|p2: Keldeo|[notarget]
|-fail|p1a: Terrakion
|
|upkeep
|
|switch|p2a: Skarmory|Skarmory, M, shiny|100/100
|turn|15
|
|move|p1a: Terrakion|Stone Edge|p2a: Skarmory|[miss]
|-miss|p1a: Terrakion|p2a: Skarmory
|move|p2a: Skarmory|Iron Defense|p2a: Skarmory
|-boost|p2a: Skarmory|def|2
|
|upkeep
|turn|16
|c|☆Darkyspeed|Bruh
|c|☆Darkyspeed|Fuck this game
|-message|Darkyspeed forfeited.
|
|win|Bamarah
|l|☆Darkyspeed
