|j|☆fidelongo
|j|☆Corporate Donkey
|t:|1655253620
|gametype|singles
|player|p1|fidelongo|ballguy|1374
|player|p2|Corporate Donkey|ingo|1346
|teamsize|p1|6
|teamsize|p2|6
|gen|8
|tier|[Gen 8] UU
|rated|
|rule|Sleep Clause Mod: Limit one foe put to sleep
|rule|Species Clause: Limit one of each Pokémon
|rule|OHKO Clause: OHKO moves are banned
|rule|Evasion Moves Clause: Evasion moves are banned
|rule|Endless Battle Clause: Forcing endless battles is banned
|rule|HP Percentage Mod: HP is shown in percentages
|rule|Dynamax Clause: You cannot dynamax
|clearpoke
|poke|p1|Jirachi|
|poke|p1|Conkeldurr, F|
|poke|p1|Excadrill, M|
|poke|p1|Hippowdon, F|
|poke|p1|Salamence, M|
|poke|p1|Rotom-Heat|
|poke|p2|Hippowdon, F|
|poke|p2|Salamence, M|
|poke|p2|Raikou|
|poke|p2|Scizor, M|
|poke|p2|Keldeo-Resolute|
|poke|p2|Tangrowth, M|
|teampreview
|inactive|Battle timer is ON: inactive players will automatically lose when time's up. (requested by fidelongo)
|c|☆Corporate Donkey|gl hf
|
|t:|1655253632
|start
|switch|p1a: Rotom|Rotom-Heat, shiny|100/100
|switch|p2a: Raikou|Raikou|100/100
|-ability|p2a: Raikou|Pressure
|turn|1
|
|t:|1655253639
|switch|p1a: Hippowdon|Hippowdon, F|100/100
|-weather|Sandstorm|[from] ability: Sand Stream|[of] p1a: Hippowdon
|move|p2a: Raikou|Scald|p1a: Hippowdon
|-supereffective|p1a: Hippowdon
|-damage|p1a: Hippowdon|51/100
|
|-weather|Sandstorm|[upkeep]
|-damage|p2a: Raikou|94/100|[from] Sandstorm
|-heal|p1a: Hippowdon|58/100|[from] item: Leftovers
|upkeep
|turn|2
|
|t:|1655253647
|switch|p2a: Slash|Scizor, M|100/100
|move|p1a: Hippowdon|Stealth Rock|p2a: Slash
|-sidestart|p2: Corporate Donkey|move: Stealth Rock
|
|-weather|Sandstorm|[upkeep]
|-heal|p1a: Hippowdon|64/100|[from] item: Leftovers
|upkeep
|turn|3
|
|t:|1655253654
|move|p2a: Slash|Knock Off|p1a: Hippowdon
|-damage|p1a: Hippowdon|45/100
|-enditem|p1a: Hippowdon|Leftovers|[from] move: Knock Off|[of] p2a: Slash
|move|p1a: Hippowdon|Slack Off|p1a: Hippowdon
|-heal|p1a: Hippowdon|95/100
|
|-weather|Sandstorm|[upkeep]
|upkeep
|turn|4
|
|t:|1655253659
|move|p2a: Slash|Swords Dance|p2a: Slash
|-boost|p2a: Slash|atk|2
|move|p1a: Hippowdon|Earthquake|p2a: Slash
|-damage|p2a: Slash|66/100
|
|-weather|Sandstorm|[upkeep]
|upkeep
|turn|5
|
|t:|1655253666
|move|p2a: Slash|Bullet Punch|p1a: Hippowdon
|-damage|p1a: Hippowdon|62/100
|move|p1a: Hippowdon|Earthquake|p2a: Slash
|-damage|p2a: Slash|27/100
|
|-weather|none
|upkeep
|turn|6
|j| Goop N Poop
|
|t:|1655253671
|move|p2a: Slash|Roost|p2a: Slash
|-heal|p2a: Slash|77/100
|-singleturn|p2a: Slash|move: Roost
|move|p1a: Hippowdon|Slack Off|p1a: Hippowdon
|-heal|p1a: Hippowdon|100/100
|
|upkeep
|turn|7
|
|t:|1655253676
|move|p2a: Slash|Swords Dance|p2a: Slash
|-boost|p2a: Slash|atk|2
|move|p1a: Hippowdon|Earthquake|p2a: Slash
|-damage|p2a: Slash|38/100
|
|upkeep
|turn|8
|
|t:|1655253682
|switch|p1a: Rotom|Rotom-Heat, shiny|100/100
|move|p2a: Slash|Roost|p2a: Slash
|-heal|p2a: Slash|89/100
|-singleturn|p2a: Slash|move: Roost
|
|upkeep
|turn|9
|
|t:|1655253691
|switch|p2a: Donna|Hippowdon, F|100/100
|-damage|p2a: Donna|94/100|[from] Stealth Rock
|-weather|Sandstorm|[from] ability: Sand Stream|[of] p2a: Donna
|move|p1a: Rotom|Volt Switch|p2a: Donna
|-immune|p2a: Donna
|
|-weather|Sandstorm|[upkeep]
|-damage|p1a: Rotom|94/100|[from] Sandstorm
|-heal|p2a: Donna|100/100|[from] item: Leftovers
|upkeep
|turn|10
|
|t:|1655253701
|switch|p1a: Jirachi|Jirachi|100/100
|move|p2a: Donna|Stealth Rock|p1a: Jirachi
|-sidestart|p1: fidelongo|move: Stealth Rock
|
|-weather|Sandstorm|[upkeep]
|upkeep
|turn|11
|
|t:|1655253708
|switch|p2a: Donicio|Keldeo-Resolute|100/100
|-damage|p2a: Donicio|94/100|[from] Stealth Rock
|move|p1a: Jirachi|U-turn|p2a: Donicio
|-resisted|p2a: Donicio
|-damage|p2a: Donicio|83/100
|
|t:|1655253713
|switch|p1a: Rotom|Rotom-Heat, shiny|94/100|[from]move: U-turn
|-damage|p1a: Rotom|69/100|[from] Stealth Rock
|
|-weather|Sandstorm|[upkeep]
|-damage|p1a: Rotom|63/100|[from] Sandstorm
|-damage|p2a: Donicio|77/100|[from] Sandstorm
|upkeep
|turn|12
|
|t:|1655253725
|switch|p2a: Raikou|Raikou|94/100
|-ability|p2a: Raikou|Pressure
|move|p1a: Rotom|Volt Switch|p2a: Raikou
|-resisted|p2a: Raikou
|-damage|p2a: Raikou|77/100
|
|t:|1655253730
|switch|p1a: Excadrill|Excadrill, M|100/100|[from]move: Volt Switch
|-damage|p1a: Excadrill|97/100|[from] Stealth Rock
|
|-weather|Sandstorm|[upkeep]
|-damage|p2a: Raikou|71/100|[from] Sandstorm
|upkeep
|turn|13
|
|t:|1655253735
|switch|p2a: Rodrigo|Salamence, M|100/100
|-ability|p2a: Rodrigo|Intimidate|boost
|-unboost|p1a: Excadrill|atk|1
|move|p1a: Excadrill|Earthquake|p2a: Rodrigo
|-immune|p2a: Rodrigo
|
|-weather|none
|upkeep
|turn|14
|
|t:|1655253739
|move|p2a: Rodrigo|Flamethrower|p1a: Excadrill
|-supereffective|p1a: Excadrill
|-damage|p1a: Excadrill|41/100
|move|p1a: Excadrill|Rapid Spin|p2a: Rodrigo
|-damage|p2a: Rodrigo|82/100
|-boost|p1a: Excadrill|spe|1
|-sideend|p1: fidelongo|Stealth Rock|[from] move: Rapid Spin|[of] p1a: Excadrill
|-damage|p1a: Excadrill|31/100|[from] item: Life Orb
|
|upkeep
|turn|15
|
|t:|1655253743
|switch|p1a: Hippowdon|Hippowdon, F|100/100
|-weather|Sandstorm|[from] ability: Sand Stream|[of] p1a: Hippowdon
|move|p2a: Rodrigo|Flamethrower|p1a: Hippowdon
|-damage|p1a: Hippowdon|78/100
|
|-weather|Sandstorm|[upkeep]
|-damage|p2a: Rodrigo|76/100|[from] Sandstorm
|upkeep
|turn|16
|
|t:|1655253750
|switch|p2a: Slash|Scizor, M|89/100
|move|p1a: Hippowdon|Toxic|p2a: Slash
|-immune|p2a: Slash
|
|-weather|Sandstorm|[upkeep]
|upkeep
|turn|17
|
|t:|1655253756
|switch|p1a: Rotom|Rotom-Heat, shiny|63/100
|move|p2a: Slash|Swords Dance|p2a: Slash
|-boost|p2a: Slash|atk|2
|
|-weather|Sandstorm|[upkeep]
|-damage|p1a: Rotom|57/100|[from] Sandstorm
|upkeep
|turn|18
|
|t:|1655253759
|switch|p2a: Raikou|Raikou|71/100
|-ability|p2a: Raikou|Pressure
|move|p1a: Rotom|Trick|p2a: Raikou
|-activate|p1a: Rotom|move: Trick|[of] p2a: Raikou
|-item|p2a: Raikou|Choice Scarf|[from] move: Trick
|-item|p1a: Rotom|Heavy-Duty Boots|[from] move: Trick
|
|-weather|Sandstorm|[upkeep]
|-damage|p2a: Raikou|65/100|[from] Sandstorm
|-damage|p1a: Rotom|51/100|[from] Sandstorm
|upkeep
|turn|19
|
|t:|1655253768
|switch|p1a: Conkeldurr|Conkeldurr, F|100/100
|move|p2a: Raikou|Scald|p1a: Conkeldurr
|-damage|p1a: Conkeldurr|82/100
|
|-weather|none
|upkeep
|turn|20
|
|t:|1655253775
|switch|p2a: Rodrigo|Salamence, M|76/100
|-ability|p2a: Rodrigo|Intimidate|boost
|-unboost|p1a: Conkeldurr|atk|1
|move|p1a: Conkeldurr|Knock Off|p2a: Rodrigo
|-damage|p2a: Rodrigo|50/100
|-enditem|p2a: Rodrigo|Heavy-Duty Boots|[from] move: Knock Off|[of] p1a: Conkeldurr
|
|upkeep
|turn|21
|
|t:|1655253778
|move|p2a: Rodrigo|Roost|p2a: Rodrigo
|-heal|p2a: Rodrigo|100/100
|-singleturn|p2a: Rodrigo|move: Roost
|move|p1a: Conkeldurr|Ice Punch|p2a: Rodrigo
|-supereffective|p2a: Rodrigo
|-damage|p2a: Rodrigo|61/100
|
|upkeep
|turn|22
|
|t:|1655253786
|switch|p1a: Jirachi|Jirachi|100/100
|move|p2a: Rodrigo|Hurricane|p1a: Jirachi|[miss]
|-miss|p2a: Rodrigo|p1a: Jirachi
|
|upkeep
|turn|23
|
|t:|1655253791
|move|p1a: Jirachi|Thunder Wave|p2a: Rodrigo
|-status|p2a: Rodrigo|par
|move|p2a: Rodrigo|Roost|p2a: Rodrigo
|-heal|p2a: Rodrigo|100/100 par
|-singleturn|p2a: Rodrigo|move: Roost
|
|upkeep
|turn|24
|
|t:|1655253796
|move|p1a: Jirachi|Iron Head|p2a: Rodrigo
|-damage|p2a: Rodrigo|67/100 par
|move|p2a: Rodrigo|Defog|p1a: Jirachi
|-unboost|p1a: Jirachi|evasion|1
|-sideend|p2: Corporate Donkey|Stealth Rock|[from] move: Defog|[of] p2a: Rodrigo
|
|upkeep
|turn|25
|
|t:|1655253801
|switch|p2a: Donna|Hippowdon, F|100/100
|-weather|Sandstorm|[from] ability: Sand Stream|[of] p2a: Donna
|move|p1a: Jirachi|Stealth Rock|p2a: Donna
|-sidestart|p2: Corporate Donkey|move: Stealth Rock
|
|-weather|Sandstorm|[upkeep]
|upkeep
|turn|26
|
|t:|1655253804
|move|p1a: Jirachi|U-turn|p2a: Donna
|-damage|p2a: Donna|89/100
|
|t:|1655253812
|switch|p1a: Conkeldurr|Conkeldurr, F|82/100|[from]move: U-turn
|move|p2a: Donna|Stealth Rock|p1a: Conkeldurr
|-sidestart|p1: fidelongo|move: Stealth Rock
|
|-weather|Sandstorm|[upkeep]
|-damage|p1a: Conkeldurr|76/100|[from] Sandstorm
|-heal|p2a: Donna|95/100|[from] item: Leftovers
|upkeep
|turn|27
|
|t:|1655253818
|move|p2a: Donna|Earthquake|p1a: Conkeldurr
|-damage|p1a: Conkeldurr|40/100
|move|p1a: Conkeldurr|Knock Off|p2a: Donna
|-damage|p2a: Donna|69/100
|-enditem|p2a: Donna|Leftovers|[from] move: Knock Off|[of] p1a: Conkeldurr
|
|-weather|Sandstorm|[upkeep]
|-damage|p1a: Conkeldurr|34/100|[from] Sandstorm
|upkeep
|turn|28
|
|t:|1655253824
|move|p2a: Donna|Earthquake|p1a: Conkeldurr
|-damage|p1a: Conkeldurr|0 fnt
|faint|p1a: Conkeldurr
|
|-weather|Sandstorm|[upkeep]
|upkeep
|
|t:|1655253839
|switch|p1a: Jirachi|Jirachi|100/100
|-damage|p1a: Jirachi|94/100|[from] Stealth Rock
|turn|29
|
|t:|1655253843
|move|p1a: Jirachi|Iron Head|p2a: Donna
|-crit|p2a: Donna
|-damage|p2a: Donna|36/100
|cant|p2a: Donna|flinch
|
|-weather|none
|-heal|p1a: Jirachi|100/100|[from] item: Leftovers
|upkeep
|turn|30
|
|t:|1655253850
|switch|p2a: Donicio|Keldeo-Resolute|77/100
|-damage|p2a: Donicio|71/100|[from] Stealth Rock
|move|p1a: Jirachi|U-turn|p2a: Donicio
|-resisted|p2a: Donicio
|-damage|p2a: Donicio|61/100
|
|t:|1655253859
|switch|p1a: Hippowdon|Hippowdon, F|78/100|[from]move: U-turn
|-damage|p1a: Hippowdon|72/100|[from] Stealth Rock
|-weather|Sandstorm|[from] ability: Sand Stream|[of] p1a: Hippowdon
|
|-weather|Sandstorm|[upkeep]
|-damage|p2a: Donicio|55/100|[from] Sandstorm
|upkeep
|turn|31
|
|t:|1655253866
|move|p2a: Donicio|Hydro Pump|p1a: Hippowdon
|-supereffective|p1a: Hippowdon
|-damage|p1a: Hippowdon|0 fnt
|faint|p1a: Hippowdon
|
|-weather|Sandstorm|[upkeep]
|-damage|p2a: Donicio|48/100|[from] Sandstorm
|upkeep
|
|t:|1655253869
|switch|p1a: Excadrill|Excadrill, M|31/100
|-damage|p1a: Excadrill|28/100|[from] Stealth Rock
|turn|32
|
|t:|1655253879
|switch|p2a: Rodrigo|Salamence, M|67/100 par
|-damage|p2a: Rodrigo|42/100 par|[from] Stealth Rock
|-ability|p2a: Rodrigo|Intimidate|boost
|-unboost|p1a: Excadrill|atk|1
|move|p1a: Excadrill|Rapid Spin|p2a: Rodrigo
|-damage|p2a: Rodrigo|23/100 par
|-boost|p1a: Excadrill|spe|1
|-sideend|p1: fidelongo|Stealth Rock|[from] move: Rapid Spin|[of] p1a: Excadrill
|-damage|p1a: Excadrill|18/100|[from] item: Life Orb
|
|-weather|Sandstorm|[upkeep]
|-damage|p2a: Rodrigo|17/100 par|[from] Sandstorm
|upkeep
|turn|33
|
|t:|1655253885
|move|p1a: Excadrill|Iron Head|p2a: Rodrigo
|-damage|p2a: Rodrigo|0 fnt
|faint|p2a: Rodrigo
|-damage|p1a: Excadrill|8/100|[from] item: Life Orb
|
|-weather|Sandstorm|[upkeep]
|upkeep
|
|t:|1655253889
|switch|p2a: Slash|Scizor, M|89/100
|turn|34
|
|t:|1655253893
|move|p2a: Slash|Bullet Punch|p1a: Excadrill
|-resisted|p1a: Excadrill
|-damage|p1a: Excadrill|0 fnt
|faint|p1a: Excadrill
|
|-weather|none
|upkeep
|
|t:|1655253896
|switch|p1a: Salamence|Salamence, M|100/100
|-ability|p1a: Salamence|Intimidate|boost
|-unboost|p2a: Slash|atk|1
|turn|35
|
|t:|1655253900
|switch|p2a: Raikou|Raikou|65/100
|-damage|p2a: Raikou|53/100|[from] Stealth Rock
|-ability|p2a: Raikou|Pressure
|move|p1a: Salamence|Dragon Dance|p1a: Salamence
|-boost|p1a: Salamence|atk|1
|-boost|p1a: Salamence|spe|1
|
|upkeep
|turn|36
|
|t:|1655253910
|move|p2a: Raikou|Thunderbolt|p1a: Salamence
|-damage|p1a: Salamence|44/100
|move|p1a: Salamence|Dragon Dance|p1a: Salamence
|-boost|p1a: Salamence|atk|1
|-boost|p1a: Salamence|spe|1
|
|upkeep
|turn|37
|
|t:|1655253915
|move|p1a: Salamence|Dual Wingbeat|p2a: Raikou
|-resisted|p2a: Raikou
|-damage|p2a: Raikou|23/100
|-resisted|p2a: Raikou
|-damage|p2a: Raikou|0 fnt
|faint|p2a: Raikou
|-hitcount|p2: Raikou|2
|
|upkeep
|
|t:|1655253924
|switch|p2a: Slash|Scizor, M|89/100
|turn|38
|inactive|Corporate Donkey has 120 seconds left.
|inactive|Corporate Donkey has 90 seconds left.
|l| Goop N Poop
|
|t:|1655254000
|move|p2a: Slash|Bullet Punch|p1a: Salamence
|-damage|p1a: Salamence|11/100
|move|p1a: Salamence|Dual Wingbeat|p2a: Slash
|-damage|p2a: Slash|51/100
|-damage|p2a: Slash|9/100
|-hitcount|p2a: Slash|2
|
|upkeep
|turn|39
|
|t:|1655254016
|move|p2a: Slash|Bullet Punch|p1a: Salamence
|-damage|p1a: Salamence|0 fnt
|faint|p1a: Salamence
|
|upkeep
|
|t:|1655254022
|switch|p1a: Rotom|Rotom-Heat, shiny|51/100
|turn|40
|inactive|Corporate Donkey has 90 seconds left.
|
|t:|1655254028
|move|p1a: Rotom|Volt Switch|p2a: Slash
|-damage|p2a: Slash|0 fnt
|faint|p2a: Slash
|
|t:|1655254030
|switch|p1a: Jirachi|Jirachi|100/100|[from]move: Volt Switch
|
|upkeep
|
|t:|1655254034
|switch|p2a: Donicio|Keldeo-Resolute|48/100
|-damage|p2a: Donicio|42/100|[from] Stealth Rock
|turn|41
|
|t:|1655254038
|move|p2a: Donicio|Scald|p1a: Jirachi
|-damage|p1a: Jirachi|40/100
|move|p1a: Jirachi|Thunder Wave|p2a: Donicio
|-status|p2a: Donicio|par
|
|-heal|p1a: Jirachi|46/100|[from] item: Leftovers
|upkeep
|turn|42
|
|t:|1655254043
|move|p1a: Jirachi|Iron Head|p2a: Donicio
|-resisted|p2a: Donicio
|-crit|p2a: Donicio
|-damage|p2a: Donicio|16/100 par
|cant|p2a: Donicio|par
|
|-heal|p1a: Jirachi|52/100|[from] item: Leftovers
|upkeep
|turn|43
|
|t:|1655254048
|move|p1a: Jirachi|Iron Head|p2a: Donicio
|-resisted|p2a: Donicio
|-crit|p2a: Donicio
|-damage|p2a: Donicio|0 fnt
|faint|p2a: Donicio
|
|-heal|p1a: Jirachi|58/100|[from] item: Leftovers
|upkeep
|
|t:|1655254052
|switch|p2a: Boyardee|Tangrowth, M|100/100
|-damage|p2a: Boyardee|88/100|[from] Stealth Rock
|turn|44
|
|t:|1655254059
|move|p1a: Jirachi|U-turn|p2a: Boyardee
|-supereffective|p2a: Boyardee
|-damage|p2a: Boyardee|64/100
|
|t:|1655254062
|switch|p1a: Rotom|Rotom-Heat, shiny|51/100|[from]move: U-turn
|move|p2a: Boyardee|Knock Off|p1a: Rotom
|-damage|p1a: Rotom|22/100
|-enditem|p1a: Rotom|Heavy-Duty Boots|[from] move: Knock Off|[of] p2a: Boyardee
|
|upkeep
|turn|45
|
|t:|1655254072
|move|p1a: Rotom|Overheat|p2a: Boyardee
|-supereffective|p2a: Boyardee
|-damage|p2a: Boyardee|0 fnt
|-unboost|p1a: Rotom|spa|2
|faint|p2a: Boyardee
|
|upkeep
|
|t:|1655254075
|switch|p2a: Donna|Hippowdon, F|36/100
|-damage|p2a: Donna|30/100|[from] Stealth Rock
|-weather|Sandstorm|[from] ability: Sand Stream|[of] p2a: Donna
|turn|46
|
|t:|1655254081
|move|p1a: Rotom|Overheat|p2a: Donna
|-damage|p2a: Donna|6/100
|-unboost|p1a: Rotom|spa|2
|move|p2a: Donna|Slack Off|p2a: Donna
|-heal|p2a: Donna|56/100
|
|-weather|Sandstorm|[upkeep]
|-damage|p1a: Rotom|15/100|[from] Sandstorm
|upkeep
|turn|47
|
|t:|1655254086
|move|p1a: Rotom|Will-O-Wisp|p2a: Donna
|-status|p2a: Donna|brn
|move|p2a: Donna|Slack Off|p2a: Donna
|-heal|p2a: Donna|100/100 brn
|
|-weather|Sandstorm|[upkeep]
|-damage|p1a: Rotom|9/100|[from] Sandstorm
|-damage|p2a: Donna|94/100 brn|[from] brn
|upkeep
|turn|48
|
|t:|1655254090
|move|p1a: Rotom|Overheat|p2a: Donna
|-damage|p2a: Donna|78/100 brn
|-unboost|p1a: Rotom|spa|2
|move|p2a: Donna|Stealth Rock|p1a: Rotom
|-sidestart|p1: fidelongo|move: Stealth Rock
|
|-weather|Sandstorm|[upkeep]
|-damage|p1a: Rotom|3/100|[from] Sandstorm
|-damage|p2a: Donna|72/100 brn|[from] brn
|upkeep
|turn|49
|
|t:|1655254099
|move|p1a: Rotom|Overheat|p2a: Donna
|-damage|p2a: Donna|59/100 brn
|move|p2a: Donna|Slack Off|p2a: Donna
|-heal|p2a: Donna|100/100 brn
|
|-weather|Sandstorm|[upkeep]
|-damage|p1a: Rotom|0 fnt|[from] Sandstorm
|faint|p1a: Rotom
|-damage|p2a: Donna|94/100 brn|[from] brn
|upkeep
|
|t:|1655254104
|switch|p1a: Jirachi|Jirachi|58/100
|-damage|p1a: Jirachi|52/100|[from] Stealth Rock
|turn|50
|
|t:|1655254105
|move|p1a: Jirachi|Iron Head|p2a: Donna
|-damage|p2a: Donna|74/100 brn
|move|p2a: Donna|Earthquake|p1a: Jirachi
|-supereffective|p1a: Jirachi
|-damage|p1a: Jirachi|16/100
|
|-weather|none
|-heal|p1a: Jirachi|22/100|[from] item: Leftovers
|-damage|p2a: Donna|67/100 brn|[from] brn
|upkeep
|turn|51
|
|t:|1655254110
|move|p1a: Jirachi|Iron Head|p2a: Donna
|-damage|p2a: Donna|48/100 brn
|cant|p2a: Donna|flinch
|
|-heal|p1a: Jirachi|28/100|[from] item: Leftovers
|-damage|p2a: Donna|42/100 brn|[from] brn
|upkeep
|turn|52
|
|t:|1655254113
|move|p1a: Jirachi|Iron Head|p2a: Donna
|-damage|p2a: Donna|21/100 brn
|cant|p2a: Donna|flinch
|
|-heal|p1a: Jirachi|34/100|[from] item: Leftovers
|-damage|p2a: Donna|15/100 brn|[from] brn
|upkeep
|turn|53
|
|t:|1655254117
|move|p1a: Jirachi|Iron Head|p2a: Donna
|-damage|p2a: Donna|0 fnt
|faint|p2a: Donna
|
|win|fidelongo
|raw|fidelongo's rating: 1374 &rarr; <strong>1392</strong><br />(+18 for winning)
|raw|Corporate Donkey's rating: 1346 &rarr; <strong>1328</strong><br />(-18 for losing)
|l|☆fidelongo
|l|☆Corporate Donkey
|j|☆fidelongo
|player|p1|fidelongo|ballguy
||Ladder isn't responding, score probably updated but might not have (Request timeout).
