|j|☆Fresh rates
|j|☆luc ario power
|t:|1654757439
|gametype|singles
|player|p1|Fresh rates|firebreather|1334
|player|p2|luc ario power|birdkeeper-gen4dp|1332
|teamsize|p1|6
|teamsize|p2|6
|gen|8
|tier|[Gen 8] UU
|rated|
|rule|Sleep Clause Mod: Limit one foe put to sleep
|rule|Species Clause: Limit one of each Pokémon
|rule|OHKO Clause: OHKO moves are banned
|rule|Evasion Moves Clause: Evasion moves are banned
|rule|Endless Battle Clause: Forcing endless battles is banned
|rule|HP Percentage Mod: HP is shown in percentages
|rule|Dynamax Clause: You cannot dynamax
|clearpoke
|poke|p1|Swampert, M|
|poke|p1|Keldeo-Resolute|
|poke|p1|Amoonguss, M|
|poke|p1|Scizor, F|
|poke|p1|Thundurus-Therian, M|
|poke|p1|Primarina, M|
|poke|p2|Tentacruel, M|
|poke|p2|Cobalion|
|poke|p2|Krookodile, M|
|poke|p2|Salamence, F|
|poke|p2|Entei|
|poke|p2|Tangrowth, M|
|teampreview
|inactive|Battle timer is ON: inactive players will automatically lose when time's up. (requested by Fresh rates)
|
|t:|1654757457
|start
|switch|p1a: Keldeo|Keldeo-Resolute|100/100
|switch|p2a: rawr xd|Salamence, F|100/100
|-ability|p2a: rawr xd|Intimidate|boost
|-unboost|p1a: Keldeo|atk|1
|turn|1
|
|t:|1654757470
|move|p1a: Keldeo|Scald|p2a: rawr xd
|-resisted|p2a: rawr xd
|-damage|p2a: rawr xd|77/100
|-status|p2a: rawr xd|brn
|move|p2a: rawr xd|Dual Wingbeat|p1a: Keldeo
|-supereffective|p1a: Keldeo
|-damage|p1a: Keldeo|76/100
|-supereffective|p1a: Keldeo
|-damage|p1a: Keldeo|54/100
|-hitcount|p1a: Keldeo|2
|
|-heal|p1a: Keldeo|60/100|[from] item: Leftovers
|-damage|p2a: rawr xd|71/100 brn|[from] brn
|upkeep
|turn|2
|
|t:|1654757478
|switch|p1a: Swampert|Swampert, M|100/100
|move|p2a: rawr xd|Dragon Dance|p2a: rawr xd
|-boost|p2a: rawr xd|atk|1
|-boost|p2a: rawr xd|spe|1
|
|-damage|p2a: rawr xd|65/100 brn|[from] brn
|upkeep
|turn|3
|
|t:|1654757483
|move|p2a: rawr xd|Dual Wingbeat|p1a: Swampert|[miss]
|-miss|p2a: rawr xd|p1a: Swampert
|move|p1a: Swampert|Stealth Rock|p2a: rawr xd
|-sidestart|p2: luc ario power|move: Stealth Rock
|
|-damage|p2a: rawr xd|58/100 brn|[from] brn
|upkeep
|turn|4
|
|t:|1654757490
|move|p2a: rawr xd|Dual Wingbeat|p1a: Swampert
|-damage|p1a: Swampert|90/100
|-damage|p1a: Swampert|80/100
|-hitcount|p1a: Swampert|2
|move|p1a: Swampert|Flip Turn|p2a: rawr xd
|-resisted|p2a: rawr xd
|-damage|p2a: rawr xd|47/100 brn
|
|t:|1654757498
|switch|p1a: Scizor|Scizor, F|100/100|[from]move: Flip Turn
|
|-damage|p2a: rawr xd|41/100 brn|[from] brn
|upkeep
|turn|5
|inactive|luc ario power has 120 seconds left.
|
|t:|1654757531
|move|p2a: rawr xd|Roost|p2a: rawr xd
|-heal|p2a: rawr xd|91/100 brn
|-singleturn|p2a: rawr xd|move: Roost
|move|p1a: Scizor|U-turn|p2a: rawr xd
|-damage|p2a: rawr xd|28/100 brn
|j| Kirito 5542
|
|t:|1654757545
|switch|p1a: Thundurus|Thundurus-Therian, M|100/100|[from]move: U-turn
|
|-damage|p2a: rawr xd|22/100 brn|[from] brn
|upkeep
|turn|6
|
|t:|1654757554
|switch|p2a: krook|Krookodile, M|100/100
|-damage|p2a: krook|94/100|[from] Stealth Rock
|-ability|p2a: krook|Intimidate|boost
|-unboost|p1a: Thundurus|atk|1
|switch|p1a: Scizor|Scizor, F|100/100
|
|upkeep
|turn|7
|
|t:|1654757565
|switch|p2a: squidkid|Tentacruel, M|100/100
|-damage|p2a: squidkid|88/100|[from] Stealth Rock
|move|p1a: Scizor|U-turn|p2a: squidkid
|-resisted|p2a: squidkid
|-damage|p2a: squidkid|52/100
|
|t:|1654757571
|switch|p1a: Thundurus|Thundurus-Therian, M|100/100|[from]move: U-turn
|
|-heal|p2a: squidkid|58/100|[from] item: Black Sludge
|upkeep
|turn|8
|
|t:|1654757577
|switch|p2a: rawr xd|Salamence, F|22/100 brn
|-ability|p2a: rawr xd|Intimidate|boost
|-unboost|p1a: Thundurus|atk|1
|move|p1a: Thundurus|Focus Blast|p2a: rawr xd|[miss]
|-miss|p1a: Thundurus|p2a: rawr xd
|
|-damage|p2a: rawr xd|16/100 brn|[from] brn
|upkeep
|turn|9
|
|t:|1654757584
|move|p1a: Thundurus|Volt Switch|p2a: rawr xd
|-damage|p2a: rawr xd|0 fnt
|faint|p2a: rawr xd
|
|t:|1654757595
|switch|p1a: Scizor|Scizor, F|100/100|[from]move: Volt Switch
|
|upkeep
|
|t:|1654757608
|switch|p2a: yer|Cobalion|100/100
|-damage|p2a: yer|97/100|[from] Stealth Rock
|turn|10
|
|t:|1654757616
|move|p2a: yer|Stealth Rock|p1a: Scizor
|-sidestart|p1: Fresh rates|move: Stealth Rock
|move|p1a: Scizor|Superpower|p2a: yer
|-supereffective|p2a: yer
|-damage|p2a: yer|0 fnt
|-unboost|p1a: Scizor|atk|1
|-unboost|p1a: Scizor|def|1
|-damage|p1a: Scizor|84/100|[from] item: Rocky Helmet|[of] p2a: yer
|faint|p2a: yer
|
|upkeep
|
|t:|1654757628
|switch|p2a: rambam|Entei|100/100
|turn|11
|
|t:|1654757634
|switch|p1a: Swampert|Swampert, M|80/100
|-damage|p1a: Swampert|74/100|[from] Stealth Rock
|move|p2a: rambam|Sacred Fire|p1a: Swampert
|-resisted|p1a: Swampert
|-crit|p1a: Swampert
|-damage|p1a: Swampert|47/100
|-status|p1a: Swampert|brn
|
|-heal|p1a: Swampert|53/100 brn|[from] item: Leftovers
|-damage|p1a: Swampert|47/100 brn|[from] brn
|upkeep
|turn|12
|
|t:|1654757644
|switch|p2a: spaget|Tangrowth, M|100/100
|-damage|p2a: spaget|88/100|[from] Stealth Rock
|move|p1a: Swampert|Flip Turn|p2a: spaget
|-resisted|p2a: spaget
|-damage|p2a: spaget|84/100
|
|t:|1654757650
|switch|p1a: Scizor|Scizor, F|84/100|[from]move: Flip Turn
|-damage|p1a: Scizor|72/100|[from] Stealth Rock
|
|upkeep
|turn|13
|
|t:|1654757656
|switch|p2a: squidkid|Tentacruel, M|58/100
|-damage|p2a: squidkid|46/100|[from] Stealth Rock
|move|p1a: Scizor|U-turn|p2a: squidkid
|-resisted|p2a: squidkid
|-damage|p2a: squidkid|10/100
|
|t:|1654757668
|switch|p1a: Keldeo|Keldeo-Resolute|60/100|[from]move: U-turn
|-damage|p1a: Keldeo|54/100|[from] Stealth Rock
|
|-heal|p1a: Keldeo|60/100|[from] item: Leftovers
|-heal|p2a: squidkid|16/100|[from] item: Black Sludge
|upkeep
|turn|14
|
|t:|1654757674
|move|p1a: Keldeo|Secret Sword|p2a: squidkid
|-resisted|p2a: squidkid
|-damage|p2a: squidkid|0 fnt
|faint|p2a: squidkid
|
|-heal|p1a: Keldeo|66/100|[from] item: Leftovers
|upkeep
|
|t:|1654757688
|switch|p2a: spaget|Tangrowth, M|100/100
|-damage|p2a: spaget|88/100|[from] Stealth Rock
|turn|15
|
|t:|1654757694
|move|p1a: Keldeo|Substitute|p1a: Keldeo
|-start|p1a: Keldeo|Substitute
|-damage|p1a: Keldeo|42/100
|move|p2a: spaget|Sludge Bomb|p1a: Keldeo
|-end|p1a: Keldeo|Substitute
|
|-heal|p1a: Keldeo|48/100|[from] item: Leftovers
|upkeep
|turn|16
|
|t:|1654757700
|switch|p1a: Scizor|Scizor, F|72/100
|-damage|p1a: Scizor|59/100|[from] Stealth Rock
|move|p2a: spaget|Giga Drain|p1a: Scizor
|-resisted|p1a: Scizor
|-damage|p1a: Scizor|50/100
|-heal|p2a: spaget|92/100|[from] drain|[of] p1a: Scizor
|
|upkeep
|turn|17
|
|t:|1654757706
|move|p1a: Scizor|U-turn|p2a: spaget
|-supereffective|p2a: spaget
|-damage|p2a: spaget|2/100
|
|t:|1654757711
|switch|p1a: Thundurus|Thundurus-Therian, M|100/100|[from]move: U-turn
|move|p2a: spaget|Knock Off|p1a: Thundurus
|-damage|p1a: Thundurus|68/100
|-enditem|p1a: Thundurus|Heavy-Duty Boots|[from] move: Knock Off|[of] p2a: spaget
|
|upkeep
|turn|18
|
|t:|1654757718
|switch|p2a: krook|Krookodile, M|94/100
|-damage|p2a: krook|88/100|[from] Stealth Rock
|-ability|p2a: krook|Intimidate|boost
|-unboost|p1a: Thundurus|atk|1
|move|p1a: Thundurus|Focus Blast|p2a: krook
|-supereffective|p2a: krook
|-damage|p2a: krook|0 fnt
|faint|p2a: krook
|
|upkeep
|
|t:|1654757725
|switch|p2a: rambam|Entei|100/100
|turn|19
|
|t:|1654757729
|move|p1a: Thundurus|Volt Switch|p2a: rambam
|-damage|p2a: rambam|54/100
|
|t:|1654757735
|switch|p1a: Swampert|Swampert, M|47/100 brn|[from]move: Volt Switch
|-damage|p1a: Swampert|41/100 brn|[from] Stealth Rock
|move|p2a: rambam|Sacred Fire|p1a: Swampert
|-resisted|p1a: Swampert
|-damage|p1a: Swampert|23/100 brn
|
|-heal|p1a: Swampert|29/100 brn|[from] item: Leftovers
|-damage|p1a: Swampert|23/100 brn|[from] brn
|upkeep
|turn|20
|
|t:|1654757740
|move|p2a: rambam|Extreme Speed|p1a: Swampert
|-damage|p1a: Swampert|5/100 brn
|move|p1a: Swampert|Flip Turn|p2a: rambam
|-supereffective|p2a: rambam
|-damage|p2a: rambam|31/100
|l| Kirito 5542
|
|t:|1654757753
|switch|p1a: Keldeo|Keldeo-Resolute|48/100|[from]move: Flip Turn
|-damage|p1a: Keldeo|42/100|[from] Stealth Rock
|
|-heal|p1a: Keldeo|48/100|[from] item: Leftovers
|upkeep
|turn|21
|
|t:|1654757756
|move|p2a: rambam|Extreme Speed|p1a: Keldeo
|-damage|p1a: Keldeo|16/100
|move|p1a: Keldeo|Scald|p2a: rambam
|-supereffective|p2a: rambam
|-damage|p2a: rambam|0 fnt
|faint|p2a: rambam
|
|-heal|p1a: Keldeo|22/100|[from] item: Leftovers
|upkeep
|
|t:|1654757759
|switch|p2a: spaget|Tangrowth, M|35/100
|-damage|p2a: spaget|23/100|[from] Stealth Rock
|turn|22
|
|t:|1654757763
|switch|p1a: Amoonguss|Amoonguss, M|100/100
|-damage|p1a: Amoonguss|88/100|[from] Stealth Rock
|move|p2a: spaget|Giga Drain|p1a: Amoonguss
|-resisted|p1a: Amoonguss
|-damage|p1a: Amoonguss|82/100
|-heal|p2a: spaget|26/100|[from] drain|[of] p1a: Amoonguss
|
|-heal|p1a: Amoonguss|88/100|[from] item: Black Sludge
|upkeep
|turn|23
|
|t:|1654757765
|move|p2a: spaget|Sludge Bomb|p1a: Amoonguss
|-damage|p1a: Amoonguss|66/100
|move|p1a: Amoonguss|Sludge Bomb|p2a: spaget
|-supereffective|p2a: spaget
|-damage|p2a: spaget|0 fnt
|faint|p2a: spaget
|
|win|Fresh rates
|raw|Fresh rates's rating: 1334 &rarr; <strong>1354</strong><br />(+20 for winning)
|raw|luc ario power's rating: 1332 &rarr; <strong>1312</strong><br />(-20 for losing)
|l|☆luc ario power
