|j|☆Fragments
|j|☆Flokw
|inactive|Battle timer is ON: inactive players will automatically lose when time's up.
|t:|1664053278
|gametype|singles
|player|p1|Fragments|#bltixsnorlaxes|
|player|p2|Flokw|lucas|
|teamsize|p1|6
|teamsize|p2|6
|gen|8
|tier|[Gen 8] UU
|rated|Tournament battle
|rule|Sleep Clause Mod: Limit one foe put to sleep
|rule|Species Clause: Limit one of each Pokémon
|rule|OHKO Clause: OHKO moves are banned
|rule|Evasion Items Clause: Evasion items are banned
|rule|Evasion Moves Clause: Evasion moves are banned
|rule|Endless Battle Clause: Forcing endless battles is banned
|rule|HP Percentage Mod: HP is shown in percentages
|rule|Dynamax Clause: You cannot dynamax
|clearpoke
|poke|p1|Thundurus-Therian, M|
|poke|p1|Celesteela|
|poke|p1|Excadrill, M|
|poke|p1|Gyarados, F|
|poke|p1|Conkeldurr, F|
|poke|p1|Zygarde-10%|
|poke|p2|Crobat, M|
|poke|p2|Cobalion|
|poke|p2|Celesteela|
|poke|p2|Hippowdon, F|
|poke|p2|Salamence, F|
|poke|p2|Azelf|
|teampreview
|j|*Lady Monita
|j| BB-8-NU
|c|☆Flokw|hf
|
|t:|1664053292
|start
|switch|p1a: Excadrill|Excadrill, M|100/100
|switch|p2a: Celesteela|Celesteela|100/100
|-ability|p1a: Excadrill|Mold Breaker
|turn|1
|c|☆Fragments|u2
|
|t:|1664053301
|move|p1a: Excadrill|Stealth Rock|p2a: Celesteela
|-sidestart|p2: Flokw|move: Stealth Rock
|move|p2a: Celesteela|Flamethrower|p1a: Excadrill
|-supereffective|p1a: Excadrill
|-damage|p1a: Excadrill|52/100
|
|upkeep
|turn|2
|
|t:|1664053304
|move|p1a: Excadrill|Rock Tomb|p2a: Celesteela
|-damage|p2a: Celesteela|84/100
|-unboost|p2a: Celesteela|spe|1
|move|p2a: Celesteela|Leech Seed|p1a: Excadrill
|-start|p1a: Excadrill|move: Leech Seed
|
|-heal|p2a: Celesteela|90/100|[from] item: Leftovers
|-damage|p1a: Excadrill|39/100|[from] Leech Seed|[of] p2a: Celesteela
|-heal|p2a: Celesteela|100/100|[silent]
|upkeep
|turn|3
|
|t:|1664053307
|move|p1a: Excadrill|Rock Tomb|p2a: Celesteela
|-damage|p2a: Celesteela|81/100
|-unboost|p2a: Celesteela|spe|1
|move|p2a: Celesteela|Leech Seed|p1a: Excadrill|[miss]
|-miss|p2a: Celesteela|p1a: Excadrill
|
|-heal|p2a: Celesteela|87/100|[from] item: Leftovers
|-damage|p1a: Excadrill|27/100|[from] Leech Seed|[of] p2a: Celesteela
|-heal|p2a: Celesteela|99/100|[silent]
|upkeep
|turn|4
|
|t:|1664053314
|switch|p1a: Thundurus|Thundurus-Therian, M|100/100
|move|p2a: Celesteela|Flamethrower|p1a: Thundurus
|-damage|p1a: Thundurus|75/100
|
|-heal|p2a: Celesteela|100/100|[from] item: Leftovers
|upkeep
|turn|5
|
|t:|1664053317
|move|p1a: Thundurus|Nasty Plot|p1a: Thundurus
|-boost|p1a: Thundurus|spa|2
|move|p2a: Celesteela|Leech Seed|p1a: Thundurus
|-start|p1a: Thundurus|move: Leech Seed
|
|-damage|p1a: Thundurus|63/100|[from] Leech Seed|[of] p2a: Celesteela
|upkeep
|turn|6
|
|t:|1664053327
|switch|p2a: Hippowdon|Hippowdon, F|100/100
|-damage|p2a: Hippowdon|94/100|[from] Stealth Rock
|-weather|Sandstorm|[from] ability: Sand Stream|[of] p2a: Hippowdon
|move|p1a: Thundurus|Thunderbolt|p2a: Hippowdon
|-immune|p2a: Hippowdon
|
|-weather|Sandstorm|[upkeep]
|-damage|p1a: Thundurus|57/100|[from] Sandstorm
|-heal|p2a: Hippowdon|100/100|[from] item: Leftovers
|-damage|p1a: Thundurus|44/100|[from] Leech Seed|[of] p2a: Hippowdon
|upkeep
|turn|7
|
|t:|1664053332
|move|p1a: Thundurus|Grass Knot|p2a: Hippowdon
|-supereffective|p2a: Hippowdon
|-damage|p2a: Hippowdon|0 fnt
|faint|p2a: Hippowdon
|
|-weather|Sandstorm|[upkeep]
|-damage|p1a: Thundurus|38/100|[from] Sandstorm
|upkeep
|
|t:|1664053335
|switch|p2a: Azelf|Azelf|100/100
|turn|8
|
|t:|1664053341
|switch|p1a: Excadrill|Excadrill, M|27/100
|-ability|p1a: Excadrill|Mold Breaker
|move|p2a: Azelf|Psychic|p1a: Excadrill
|-resisted|p1a: Excadrill
|-damage|p1a: Excadrill|0 fnt
|faint|p1a: Excadrill
|
|-weather|Sandstorm|[upkeep]
|-damage|p2a: Azelf|94/100|[from] Sandstorm
|upkeep
|
|t:|1664053353
|switch|p1a: Celesteela|Celesteela|100/100
|turn|9
|
|t:|1664053356
|move|p2a: Azelf|Knock Off|p1a: Celesteela
|-damage|p1a: Celesteela|75/100
|-enditem|p1a: Celesteela|Power Herb|[from] move: Knock Off|[of] p2a: Azelf
|move|p1a: Celesteela|Autotomize|p1a: Celesteela
|-boost|p1a: Celesteela|spe|2
|-start|p1a: Celesteela|Autotomize
|
|-weather|Sandstorm|[upkeep]
|-damage|p2a: Azelf|88/100|[from] Sandstorm
|upkeep
|turn|10
|
|t:|1664053359
|switch|p2a: Celesteela|Celesteela|100/100
|-damage|p2a: Celesteela|88/100|[from] Stealth Rock
|move|p1a: Celesteela|Air Slash|p2a: Celesteela
|-resisted|p2a: Celesteela
|-damage|p2a: Celesteela|76/100
|
|-weather|none
|-heal|p2a: Celesteela|82/100|[from] item: Leftovers
|upkeep
|turn|11
|
|t:|1664053363
|move|p1a: Celesteela|Fire Blast|p2a: Celesteela|[miss]
|-miss|p1a: Celesteela|p2a: Celesteela
|move|p2a: Celesteela|Leech Seed|p1a: Celesteela
|-start|p1a: Celesteela|move: Leech Seed
|
|-heal|p2a: Celesteela|88/100|[from] item: Leftovers
|-damage|p1a: Celesteela|63/100|[from] Leech Seed|[of] p2a: Celesteela
|-heal|p2a: Celesteela|98/100|[silent]
|upkeep
|turn|12
|
|t:|1664053366
|switch|p1a: Thundurus|Thundurus-Therian, M|38/100
|move|p2a: Celesteela|Flamethrower|p1a: Thundurus
|-damage|p1a: Thundurus|11/100
|
|-heal|p2a: Celesteela|100/100|[from] item: Leftovers
|upkeep
|turn|13
|j| 0000oooo0000
|
|t:|1664053372
|move|p1a: Thundurus|Thunderbolt|p2a: Celesteela
|-supereffective|p2a: Celesteela
|-damage|p2a: Celesteela|40/100
|move|p2a: Celesteela|Flamethrower|p1a: Thundurus
|-damage|p1a: Thundurus|0 fnt
|faint|p1a: Thundurus
|-ability|p2a: Celesteela|Beast Boost|boost
|-boost|p2a: Celesteela|spd|1
|
|-heal|p2a: Celesteela|46/100|[from] item: Leftovers
|upkeep
|
|t:|1664053378
|switch|p1a: Zygarde|Zygarde-10%|100/100
|-ability|p1a: Zygarde|Aura Break
|turn|14
|
|t:|1664053385
|move|p2a: Celesteela|Protect|p2a: Celesteela
|-singleturn|p2a: Celesteela|Protect
|move|p1a: Zygarde|Thousand Arrows|p2a: Celesteela
|-activate|p2a: Celesteela|move: Protect
|
|-heal|p2a: Celesteela|52/100|[from] item: Leftovers
|upkeep
|turn|15
|
|t:|1664053410
|move|p1a: Zygarde|Thousand Arrows|p2a: Celesteela
|-damage|p2a: Celesteela|4/100
|-start|p2a: Celesteela|Smack Down
|move|p2a: Celesteela|Leech Seed|p1a: Zygarde
|-start|p1a: Zygarde|move: Leech Seed
|
|-heal|p2a: Celesteela|10/100|[from] item: Leftovers
|-damage|p1a: Zygarde|88/100|[from] Leech Seed|[of] p2a: Celesteela
|-heal|p2a: Celesteela|18/100|[silent]
|upkeep
|turn|16
|
|t:|1664053414
|switch|p2a: Salamence|Salamence, F|100/100
|-ability|p2a: Salamence|Intimidate|boost
|-unboost|p1a: Zygarde|atk|1
|move|p1a: Zygarde|Thousand Arrows|p2a: Salamence
|-damage|p2a: Salamence|61/100
|-start|p2a: Salamence|Smack Down
|
|-damage|p1a: Zygarde|76/100|[from] Leech Seed|[of] p2a: Salamence
|-heal|p2a: Salamence|69/100|[silent]
|upkeep
|turn|17
|
|t:|1664053419
|switch|p1a: Celesteela|Celesteela|63/100
|move|p2a: Salamence|Defog|p1a: Celesteela
|-unboost|p1a: Celesteela|evasion|1
|-sideend|p2: Flokw|Stealth Rock|[from] move: Defog|[of] p2a: Salamence
|
|upkeep
|turn|18
|
|t:|1664053426
|switch|p2a: Azelf|Azelf|88/100
|move|p1a: Celesteela|Autotomize|p1a: Celesteela
|-boost|p1a: Celesteela|spe|2
|-start|p1a: Celesteela|Autotomize
|
|upkeep
|turn|19
|
|t:|1664053428
|move|p1a: Celesteela|Air Slash|p2a: Azelf
|-damage|p2a: Azelf|31/100
|move|p2a: Azelf|Flamethrower|p1a: Celesteela
|-supereffective|p1a: Celesteela
|-damage|p1a: Celesteela|0 fnt
|faint|p1a: Celesteela
|
|upkeep
|
|t:|1664053441
|switch|p1a: Zygarde|Zygarde-10%|76/100
|-ability|p1a: Zygarde|Aura Break
|turn|20
|
|t:|1664053446
|switch|p2a: Celesteela|Celesteela|18/100
|move|p1a: Zygarde|Outrage|p2a: Celesteela
|-resisted|p2a: Celesteela
|-damage|p2a: Celesteela|0 fnt
|faint|p2a: Celesteela
|
|upkeep
|
|t:|1664053456
|switch|p2a: Cobalion|Cobalion|100/100
|turn|21
|
|t:|1664053466
|move|p1a: Zygarde|Outrage|p2a: Cobalion|[from]lockedmove
|-resisted|p2a: Cobalion
|-damage|p2a: Cobalion|68/100
|-start|p1a: Zygarde|confusion|[fatigue]
|move|p2a: Cobalion|Swords Dance|p2a: Cobalion
|-boost|p2a: Cobalion|atk|2
|
|-heal|p2a: Cobalion|74/100|[from] item: Leftovers
|upkeep
|turn|22
|
|t:|1664053471
|switch|p1a: Conkeldurr|Conkeldurr, F|100/100
|move|p2a: Cobalion|Close Combat|p1a: Conkeldurr
|-crit|p1a: Conkeldurr
|-damage|p1a: Conkeldurr|0 fnt
|-unboost|p2a: Cobalion|def|1
|-unboost|p2a: Cobalion|spd|1
|faint|p1a: Conkeldurr
|
|-heal|p2a: Cobalion|80/100|[from] item: Leftovers
|upkeep
|
|t:|1664053474
|switch|p1a: Gyarados|Gyarados, F|100/100
|turn|23
|
|t:|1664053482
|move|p2a: Cobalion|Stone Edge|p1a: Gyarados|[miss]
|-miss|p2a: Cobalion|p1a: Gyarados
|move|p1a: Gyarados|Dragon Dance|p1a: Gyarados
|-boost|p1a: Gyarados|atk|1
|-boost|p1a: Gyarados|spe|1
|
|-heal|p2a: Cobalion|86/100|[from] item: Leftovers
|upkeep
|turn|24
|j| ScottOBrian
|c|☆Flokw|damn
|j| sammeech
|c|☆Fragments|mb
|c|☆Fragments|Think u still win tbh
|c|☆Flokw|no
|j| Moistydripp
|inactive|Flokw has 120 seconds left.
|
|t:|1664053524
|switch|p2a: Salamence|Salamence, F|69/100
|-ability|p2a: Salamence|Intimidate|boost
|-unboost|p1a: Gyarados|atk|1
|move|p1a: Gyarados|Waterfall|p2a: Salamence
|-resisted|p2a: Salamence
|-damage|p2a: Salamence|47/100
|
|upkeep
|turn|25
|
|t:|1664053529
|move|p1a: Gyarados|Dragon Dance|p1a: Gyarados
|-boost|p1a: Gyarados|atk|1
|-boost|p1a: Gyarados|spe|1
|move|p2a: Salamence|Toxic|p1a: Gyarados
|-status|p1a: Gyarados|tox
|
|-damage|p1a: Gyarados|94/100 tox|[from] psn
|upkeep
|turn|26
|
|t:|1664053536
|switch|p2a: Azelf|Azelf|31/100
|move|p1a: Gyarados|Bounce||[still]
|-prepare|p1a: Gyarados|Bounce
|-enditem|p1a: Gyarados|Power Herb
|-anim|p1a: Gyarados|Bounce|p2a: Azelf|[miss]
|-miss|p1a: Gyarados|p2a: Azelf
|
|-damage|p1a: Gyarados|82/100 tox|[from] psn
|upkeep
|turn|27
|c| Moistydripp|damn
|j| Abro hilo
|inactive|Flokw has 120 seconds left.
|c|☆Flokw|ok now i still win
|
|t:|1664053571
|switch|p2a: Salamence|Salamence, F|47/100
|-ability|p2a: Salamence|Intimidate|boost
|-unboost|p1a: Gyarados|atk|1
|move|p1a: Gyarados|Waterfall|p2a: Salamence
|-resisted|p2a: Salamence
|-damage|p2a: Salamence|27/100
|
|-damage|p1a: Gyarados|64/100 tox|[from] psn
|upkeep
|turn|28
|
|t:|1664053577
|move|p1a: Gyarados|Waterfall|p2a: Salamence
|-resisted|p2a: Salamence
|-damage|p2a: Salamence|7/100
|move|p2a: Salamence|Roost|p2a: Salamence
|-heal|p2a: Salamence|57/100
|-singleturn|p2a: Salamence|move: Roost
|
|-damage|p1a: Gyarados|40/100 tox|[from] psn
|upkeep
|turn|29
|
|t:|1664053588
|switch|p2a: Cobalion|Cobalion|86/100
|move|p1a: Gyarados|Waterfall|p2a: Cobalion
|-damage|p2a: Cobalion|46/100
|
|-heal|p2a: Cobalion|53/100|[from] item: Leftovers
|-damage|p1a: Gyarados|10/100 tox|[from] psn
|upkeep
|turn|30
|
|t:|1664053593
|move|p1a: Gyarados|Waterfall|p2a: Cobalion
|-damage|p2a: Cobalion|12/100
|move|p2a: Cobalion|Swords Dance|p2a: Cobalion
|-boost|p2a: Cobalion|atk|2
|
|-heal|p2a: Cobalion|18/100|[from] item: Leftovers
|-damage|p1a: Gyarados|0 fnt|[from] psn
|faint|p1a: Gyarados
|upkeep
|
|t:|1664053595
|switch|p1a: Zygarde|Zygarde-10%|76/100
|-ability|p1a: Zygarde|Aura Break
|turn|31
|
|t:|1664053598
|move|p1a: Zygarde|Thousand Arrows|p2a: Cobalion
|-supereffective|p2a: Cobalion
|-damage|p2a: Cobalion|0 fnt
|faint|p2a: Cobalion
|
|upkeep
|
|t:|1664053600
|switch|p2a: Crobat|Crobat, M|100/100
|turn|32
|
|t:|1664053602
|move|p2a: Crobat|U-turn|p1a: Zygarde
|-damage|p1a: Zygarde|41/100
|l| ScottOBrian
|
|t:|1664053604
|switch|p2a: Azelf|Azelf|31/100|[from]move: U-turn
|move|p1a: Zygarde|Thousand Arrows|p2a: Azelf
|-damage|p2a: Azelf|0 fnt
|faint|p2a: Azelf
|
|upkeep
|
|t:|1664053605
|switch|p2a: Crobat|Crobat, M|100/100
|turn|33
|
|t:|1664053606
|move|p2a: Crobat|Brave Bird|p1a: Zygarde
|-damage|p1a: Zygarde|0 fnt
|faint|p1a: Zygarde
|-damage|p2a: Crobat|90/100|[from] Recoil
|
|win|Flokw
|n|☆Fragments|fragments
|n|☆Flokw|flokw
|n|*Lady Monita|ladymonita
|n| BB-8-NU|bb8nu
|n| 0000oooo0000|0000oooo0000
|n| sammeech|sammeech
|n| Moistydripp|moistydripp
|n| Abro hilo|abrohilo
