|j|☆naviii 1
|j|☆Solobigbagalert@!
|t:|1602898992
|player|p1|naviii 1|brendan-gen3rs|1687
|player|p2|Solobigbagalert|lucas|1700
|teamsize|p1|6
|teamsize|p2|6
|gametype|singles
|gen|8
|tier|[Gen 8] UU
|rated|
|clearpoke
|poke|p1|Barbaracle, M|
|poke|p1|Slowbro-Galar, M|
|poke|p1|Sharpedo, M|
|poke|p1|Mimikyu, M|
|poke|p1|Noivern, F|
|poke|p1|Necrozma|
|poke|p2|Araquanid, F|
|poke|p2|Mimikyu, M|
|poke|p2|Bisharp, M|
|poke|p2|Noivern, M|
|poke|p2|Cobalion|
|poke|p2|Necrozma|
|rule|Sleep Clause Mod: Limit one foe put to sleep
|rule|Species Clause: Limit one of each Pokémon
|rule|OHKO Clause: OHKO moves are banned
|rule|Evasion Moves Clause: Evasion moves are banned
|rule|Endless Battle Clause: Forcing endless battles is banned
|rule|HP Percentage Mod: HP is shown in percentages
|rule|Dynamax Clause: You cannot dynamax
|teampreview
|inactive|Battle timer is ON: inactive players will automatically lose when time's up. (requested by naviii 1)
|j| phantomslayer17
|inactive|naviii 1 has 120 seconds left.
|
|t:|1602899028
|start
|switch|p1a: Monstrosity|Barbaracle, M|100/100
|switch|p2a: Noivern|Noivern, M|100/100
|turn|1
|
|t:|1602899051
|move|p2a: Noivern|Draco Meteor|p1a: Monstrosity
|-damage|p1a: Monstrosity|33/100
|-unboost|p2a: Noivern|spa|2
|move|p1a: Monstrosity|Stone Edge|p2a: Noivern|[miss]
|-miss|p1a: Monstrosity|p2a: Noivern
|
|upkeep
|turn|2
|c|☆naviii 1|ahhaha
|c|☆Solobigbagalert|oof
|c|☆Solobigbagalert|its not ur day eh
|c|☆naviii 1|u dodge 3 hurricanes
|c|☆naviii 1|first game
|inactive|naviii 1 has 120 seconds left.
|c|☆naviii 1|crit iorn head
|c|☆naviii 1|x)
|c|☆Solobigbagalert|u still lost that second one
|c|☆Solobigbagalert|legit
|j| Eltobogandepiojos
|inactive|naviii 1 has 90 seconds left.
|
|t:|1602899108
|move|p2a: Noivern|Draco Meteor|p1a: Monstrosity
|-damage|p1a: Monstrosity|0 fnt
|-unboost|p2a: Noivern|spa|2
|faint|p1a: Monstrosity
|
|upkeep
|
|t:|1602899113
|switch|p1a: Chrome|Necrozma|100/100
|turn|3
|
|t:|1602899120
|move|p2a: Noivern|U-turn|p1a: Chrome
|-supereffective|p1a: Chrome
|-damage|p1a: Chrome|85/100
|
|t:|1602899123
|switch|p2a: Araquanid|Araquanid, F|100/100|[from]move: U-turn
|move|p1a: Chrome|Photon Geyser|p2a: Araquanid
|-damage|p2a: Araquanid|41/100
|
|upkeep
|turn|4
|inactive|naviii 1 has 90 seconds left.
|
|t:|1602899147
|switch|p1a: Purp|Noivern, F|100/100
|move|p2a: Araquanid|Surf|p1a: Purp
|-resisted|p1a: Purp
|-damage|p1a: Purp|66/100
|
|upkeep
|turn|5
|
|t:|1602899151
|move|p1a: Purp|Hurricane|p2a: Araquanid
|-supereffective|p2a: Araquanid
|-damage|p2a: Araquanid|0 fnt
|faint|p2a: Araquanid
|
|upkeep
|
|t:|1602899161
|switch|p2a: Noivern|Noivern, M|100/100
|turn|6
|
|t:|1602899166
|move|p2a: Noivern|Draco Meteor|p1a: Purp
|-supereffective|p1a: Purp
|-damage|p1a: Purp|0 fnt
|-unboost|p2a: Noivern|spa|2
|faint|p1a: Purp
|
|upkeep
|
|t:|1602899187
|switch|p1a: Chrome|Necrozma|85/100
|turn|7
|
|t:|1602899196
|move|p2a: Noivern|U-turn|p1a: Chrome
|-supereffective|p1a: Chrome
|-damage|p1a: Chrome|68/100
|
|t:|1602899197
|switch|p2a: Cobalion|Cobalion|100/100|[from]move: U-turn
|move|p1a: Chrome|Dragon Dance|p1a: Chrome
|-boost|p1a: Chrome|atk|1
|-boost|p1a: Chrome|spe|1
|
|upkeep
|turn|8
|
|t:|1602899200
|move|p1a: Chrome|Earthquake|p2a: Cobalion
|-supereffective|p2a: Cobalion
|-damage|p2a: Cobalion|18/100
|move|p2a: Cobalion|Iron Head|p1a: Chrome
|-crit|p1a: Chrome
|-damage|p1a: Chrome|15/100
|
|upkeep
|turn|9
|
|t:|1602899207
|move|p1a: Chrome|Photon Geyser|p2a: Cobalion
|-damage|p2a: Cobalion|0 fnt
|faint|p2a: Cobalion
|
|upkeep
|
|t:|1602899230
|switch|p2a: Mimikyu|Mimikyu, M|100/100
|turn|10
|
|t:|1602899235
|move|p2a: Mimikyu|Shadow Sneak|p1a: Chrome
|-supereffective|p1a: Chrome
|-damage|p1a: Chrome|0 fnt
|-damage|p2a: Mimikyu|91/100|[from] item: Life Orb
|faint|p1a: Chrome
|
|upkeep
|
|t:|1602899238
|switch|p1a: Fears|Mimikyu, M|100/100
|turn|11
|
|t:|1602899247
|switch|p2a: Noivern|Noivern, M|100/100
|move|p1a: Fears|Shadow Sneak|p2a: Noivern
|-damage|p2a: Noivern|74/100
|-damage|p1a: Fears|91/100|[from] item: Life Orb
|
|upkeep
|turn|12
|
|t:|1602899254
|switch|p1a: Yogurt|Slowbro-Galar, M|100/100
|move|p2a: Noivern|Flamethrower|p1a: Yogurt
|-damage|p1a: Yogurt|74/100
|
|upkeep
|turn|13
|-activate|p1a: Yogurt|ability: Quick Draw
|
|t:|1602899259
|move|p1a: Yogurt|Sludge Bomb|p2a: Noivern
|-damage|p2a: Noivern|17/100
|-status|p2a: Noivern|psn
|move|p2a: Noivern|Draco Meteor|p1a: Yogurt
|-damage|p1a: Yogurt|12/100
|-unboost|p2a: Noivern|spa|2
|
|-damage|p2a: Noivern|5/100 psn|[from] psn
|upkeep
|turn|14
|-activate|p1a: Yogurt|ability: Quick Draw
|
|t:|1602899267
|move|p1a: Yogurt|Psyshock|p2a: Noivern
|-crit|p2a: Noivern
|-damage|p2a: Noivern|0 fnt
|faint|p2a: Noivern
|
|upkeep
|
|t:|1602899282
|switch|p2a: Mimikyu|Mimikyu, M|91/100
|turn|15
|j| tay sachs ㋛
|
|t:|1602899287
|move|p2a: Mimikyu|Shadow Sneak|p1a: Yogurt
|-supereffective|p1a: Yogurt
|-damage|p1a: Yogurt|0 fnt
|-damage|p2a: Mimikyu|81/100|[from] item: Life Orb
|faint|p1a: Yogurt
|
|upkeep
|inactive|naviii 1 has 120 seconds left.
|c|☆Solobigbagalert|just use my team man
|c|☆Solobigbagalert|this one aint it im tellin u
|inactive|naviii 1 has 90 seconds left.
|inactive|naviii 1 has 60 seconds left.
|
|t:|1602899394
|switch|p1a: Chum|Sharpedo, M|100/100
|turn|16
|
|t:|1602899402
|move|p1a: Chum|Protect|p1a: Chum
|-singleturn|p1a: Chum|Protect
|move|p2a: Mimikyu|Play Rough|p1a: Chum
|-activate|p1a: Chum|move: Protect
|
|-ability|p1a: Chum|Speed Boost|boost
|-boost|p1a: Chum|spe|1
|upkeep
|turn|17
|
|t:|1602899405
|move|p1a: Chum|Liquidation|p2a: Mimikyu
|-activate|p2a: Mimikyu|ability: Disguise
|-damage|p2a: Mimikyu|81/100
|detailschange|p2a: Mimikyu|Mimikyu-Busted, M
|-damage|p2a: Mimikyu|68/100|[from] pokemon: Mimikyu-Busted
|-damage|p1a: Chum|91/100|[from] item: Life Orb
|move|p2a: Mimikyu|Play Rough|p1a: Chum
|-supereffective|p1a: Chum
|-damage|p1a: Chum|0 fnt
|-damage|p2a: Mimikyu|58/100|[from] item: Life Orb
|faint|p1a: Chum
|
|upkeep
|
|t:|1602899407
|switch|p1a: Fears|Mimikyu, M|91/100
|turn|18
|
|t:|1602899413
|move|p2a: Mimikyu|Shadow Sneak|p1a: Fears
|-activate|p1a: Fears|ability: Disguise
|-damage|p1a: Fears|91/100
|detailschange|p1a: Fears|Mimikyu-Busted, M
|-damage|p1a: Fears|78/100|[from] pokemon: Mimikyu-Busted
|-damage|p2a: Mimikyu|48/100|[from] item: Life Orb
|move|p1a: Fears|Swords Dance|p1a: Fears
|-boost|p1a: Fears|atk|2
|
|upkeep
|turn|19
|j| hydreigon specs
|
|t:|1602899416
|move|p2a: Mimikyu|Shadow Sneak|p1a: Fears
|-supereffective|p1a: Fears
|-damage|p1a: Fears|7/100
|-damage|p2a: Mimikyu|38/100|[from] item: Life Orb
|move|p1a: Fears|Shadow Sneak|p2a: Mimikyu
|-supereffective|p2a: Mimikyu
|-damage|p2a: Mimikyu|0 fnt
|-damage|p1a: Fears|0 fnt|[from] item: Life Orb
|faint|p2a: Mimikyu
|faint|p1a: Fears
|
|win|Solobigbagalert
|raw|naviii 1's rating: 1687 &rarr; <strong>1668</strong><br />(-19 for losing)
|raw|Solobigbagalert's rating: 1700 &rarr; <strong>1719</strong><br />(+19 for winning)
|l|☆naviii 1
|c|☆Solobigbagalert|thx again
|c|☆Solobigbagalert|for the donation
|c| hydreigon specs|wheelchairity
