|j|☆Zephyyyr
|j|☆Drasfer06
|t:|1631538000
|gametype|singles
|player|p1|Zephyyyr|richboy|1581
|player|p2|Drasfer06|shadowtriad|1573
|teamsize|p1|6
|teamsize|p2|6
|gen|8
|tier|[Gen 8] UU
|rated|
|rule|Sleep Clause Mod: Limit one foe put to sleep
|rule|Species Clause: Limit one of each Pokémon
|rule|OHKO Clause: OHKO moves are banned
|rule|Evasion Moves Clause: Evasion moves are banned
|rule|Endless Battle Clause: Forcing endless battles is banned
|rule|HP Percentage Mod: HP is shown in percentages
|rule|Dynamax Clause: You cannot dynamax
|clearpoke
|poke|p1|Scolipede, M|
|poke|p1|Kommo-o, F|
|poke|p1|Krookodile, F|
|poke|p1|Lycanroc-Dusk, F|
|poke|p1|Azumarill, F|
|poke|p1|Aegislash, M|
|poke|p2|Noivern, M|
|poke|p2|Azelf|
|poke|p2|Indeedee, M|
|poke|p2|Haxorus, M|
|poke|p2|Cloyster, M|
|poke|p2|Polteageist-Antique|
|teampreview
|inactive|Battle timer is ON: inactive players will automatically lose when time's up. (requested by Drasfer06)
|
|t:|1631538013
|start
|switch|p1a: Scolipede|Scolipede, M, shiny|100/100
|switch|p2a: Ultra Dracovid|Noivern, M|100/100
|-item|p1a: Scolipede|Focus Sash|[from] ability: Frisk|[of] p2a: Ultra Dracovid|[identify]
|turn|1
|
|t:|1631538031
|move|p2a: Ultra Dracovid|Switcheroo|p1a: Scolipede
|-activate|p2a: Ultra Dracovid|move: Trick|[of] p1a: Scolipede
|-item|p1a: Scolipede|Choice Specs|[from] move: Switcheroo
|-item|p2a: Ultra Dracovid|Focus Sash|[from] move: Switcheroo
|move|p1a: Scolipede|Spikes|p2a: Ultra Dracovid
|-sidestart|p2: Drasfer06|Spikes
|
|-ability|p1a: Scolipede|Speed Boost|boost
|-boost|p1a: Scolipede|spe|1
|upkeep
|turn|2
|
|t:|1631538040
|switch|p1a: Azumarill|Azumarill, F|100/100
|move|p2a: Ultra Dracovid|Boomburst|p1a: Azumarill
|-damage|p1a: Azumarill|78/100
|
|upkeep
|turn|3
|
|t:|1631538047
|move|p2a: Ultra Dracovid|Defog|p1a: Azumarill
|-unboost|p1a: Azumarill|evasion|1
|-sideend|p2: Drasfer06|Spikes|[from] move: Defog|[of] p2a: Ultra Dracovid
|move|p1a: Azumarill|Play Rough|p2a: Ultra Dracovid
|-supereffective|p2a: Ultra Dracovid
|-enditem|p2a: Ultra Dracovid|Focus Sash
|-damage|p2a: Ultra Dracovid|1/100
|
|upkeep
|turn|4
|
|t:|1631538060
|move|p1a: Azumarill|Aqua Jet|p2a: Ultra Dracovid
|-resisted|p2a: Ultra Dracovid
|-damage|p2a: Ultra Dracovid|0 fnt
|faint|p2a: Ultra Dracovid
|
|upkeep
|
|t:|1631538069
|switch|p2a: Blackgon|Haxorus, M, shiny|100/100
|-ability|p2a: Blackgon|Mold Breaker
|turn|5
|
|t:|1631538080
|switch|p1a: Krookodile|Krookodile, F|100/100
|-ability|p1a: Krookodile|Intimidate|boost
|-unboost|p2a: Blackgon|atk|1
|move|p2a: Blackgon|Poison Jab|p1a: Krookodile
|-resisted|p1a: Krookodile
|-damage|p1a: Krookodile|88/100
|-status|p1a: Krookodile|psn
|
|-damage|p1a: Krookodile|75/100 psn|[from] psn
|upkeep
|turn|6
|
|t:|1631538095
|move|p1a: Krookodile|Knock Off|p2a: Blackgon
|-damage|p2a: Blackgon|46/100
|-enditem|p2a: Blackgon|Lum Berry|[from] move: Knock Off|[of] p1a: Krookodile
|move|p2a: Blackgon|Dragon Dance|p2a: Blackgon
|-boost|p2a: Blackgon|atk|1
|-boost|p2a: Blackgon|spe|1
|
|-damage|p1a: Krookodile|63/100 psn|[from] psn
|upkeep
|turn|7
|
|t:|1631538109
|move|p2a: Blackgon|Earthquake|p1a: Krookodile
|-damage|p1a: Krookodile|15/100 psn
|move|p1a: Krookodile|Stealth Rock|p2a: Blackgon
|-sidestart|p2: Drasfer06|move: Stealth Rock
|
|-damage|p1a: Krookodile|3/100 psn|[from] psn
|upkeep
|turn|8
|
|t:|1631538117
|move|p2a: Blackgon|Earthquake|p1a: Krookodile
|-damage|p1a: Krookodile|0 fnt
|faint|p1a: Krookodile
|
|upkeep
|
|t:|1631538135
|switch|p1a: Scolipede|Scolipede, M, shiny|100/100
|turn|9
|
|t:|1631538142
|move|p2a: Blackgon|Outrage|p1a: Scolipede
|-damage|p1a: Scolipede|0 fnt
|faint|p1a: Scolipede
|
|upkeep
|
|t:|1631538145
|switch|p1a: Azumarill|Azumarill, F|78/100
|turn|10
|
|t:|1631538149
|move|p2a: Blackgon|Outrage|p1a: Azumarill|[from]lockedmove
|-immune|p1a: Azumarill
|move|p1a: Azumarill|Play Rough|p2a: Blackgon
|-supereffective|p2a: Blackgon
|-damage|p2a: Blackgon|0 fnt
|faint|p2a: Blackgon
|
|upkeep
|
|t:|1631538162
|switch|p2a: Mr pendejin|Indeedee, M, shiny|100/100
|-damage|p2a: Mr pendejin|88/100|[from] Stealth Rock
|-fieldstart|move: Psychic Terrain|[from] ability: Psychic Surge|[of] p2a: Mr pendejin
|turn|11
|
|t:|1631538171
|move|p2a: Mr pendejin|Expanding Force|p1a: Azumarill
|-damage|p1a: Azumarill|23/100
|move|p1a: Azumarill|Knock Off|p2a: Mr pendejin
|-supereffective|p2a: Mr pendejin
|-damage|p2a: Mr pendejin|0 fnt
|-enditem|p2a: Mr pendejin|Choice Scarf|[from] move: Knock Off|[of] p1a: Azumarill
|faint|p2a: Mr pendejin
|
|upkeep
|
|t:|1631538188
|switch|p2a: You like dick|Cloyster, M, shiny|100/100
|-damage|p2a: You like dick|76/100|[from] Stealth Rock
|turn|12
|
|t:|1631538200
|switch|p1a: Aegislash|Aegislash, M|100/100
|move|p2a: You like dick|Icicle Spear|p1a: Aegislash
|-resisted|p1a: Aegislash
|-crit|p1a: Aegislash
|-damage|p1a: Aegislash|92/100
|-resisted|p1a: Aegislash
|-damage|p1a: Aegislash|86/100
|-resisted|p1a: Aegislash
|-damage|p1a: Aegislash|80/100
|-resisted|p1a: Aegislash
|-damage|p1a: Aegislash|75/100
|-resisted|p1a: Aegislash
|-damage|p1a: Aegislash|69/100
|-hitcount|p1a: Aegislash|5
|
|upkeep
|turn|13
|
|t:|1631538213
|move|p2a: You like dick|Shell Smash|p2a: You like dick
|-unboost|p2a: You like dick|def|1
|-unboost|p2a: You like dick|spd|1
|-boost|p2a: You like dick|atk|2
|-boost|p2a: You like dick|spa|2
|-boost|p2a: You like dick|spe|2
|-formechange|p1a: Aegislash|Aegislash-Blade||[from] ability: Stance Change
|move|p1a: Aegislash|Shadow Ball|p2a: You like dick
|-damage|p2a: You like dick|0 fnt
|faint|p2a: You like dick
|
|upkeep
|
|t:|1631538225
|switch|p2a: Goldenfreezer|Azelf, shiny|100/100
|-damage|p2a: Goldenfreezer|88/100|[from] Stealth Rock
|turn|14
|
|t:|1631538230
|-formechange|p1a: Aegislash|Aegislash||[from] ability: Stance Change
|move|p1a: Aegislash|King's Shield|p1a: Aegislash
|-singleturn|p1a: Aegislash|Protect
|move|p2a: Goldenfreezer|Flamethrower|p1a: Aegislash
|-activate|p1a: Aegislash|move: Protect
|
|upkeep
|turn|15
|
|t:|1631538239
|switch|p1a: Kommo-o|Kommo-o, F|100/100
|move|p2a: Goldenfreezer|Flamethrower|p1a: Kommo-o
|-resisted|p1a: Kommo-o
|-damage|p1a: Kommo-o|84/100
|
|-fieldend|move: Psychic Terrain
|upkeep
|turn|16
|
|t:|1631538248
|move|p2a: Goldenfreezer|Psychic|p1a: Kommo-o
|-supereffective|p1a: Kommo-o
|-damage|p1a: Kommo-o|0 fnt
|faint|p1a: Kommo-o
|
|upkeep
|
|t:|1631538259
|switch|p1a: Azumarill|Azumarill, F|23/100
|turn|17
|
|t:|1631538263
|move|p1a: Azumarill|Aqua Jet|p2a: Goldenfreezer
|-damage|p2a: Goldenfreezer|44/100
|move|p2a: Goldenfreezer|Psychic|p1a: Azumarill
|-damage|p1a: Azumarill|0 fnt
|faint|p1a: Azumarill
|
|upkeep
|
|t:|1631538269
|switch|p1a: Aegislash|Aegislash, M|69/100
|turn|18
|
|t:|1631538273
|-formechange|p1a: Aegislash|Aegislash-Blade||[from] ability: Stance Change
|move|p1a: Aegislash|Shadow Sneak|p2a: Goldenfreezer
|-supereffective|p2a: Goldenfreezer
|-damage|p2a: Goldenfreezer|0 fnt
|faint|p2a: Goldenfreezer
|
|upkeep
|
|t:|1631538280
|switch|p2a: Teadeath|Polteageist-Antique, shiny|100/100
|-damage|p2a: Teadeath|88/100|[from] Stealth Rock
|turn|19
|
|t:|1631538284
|move|p2a: Teadeath|Shadow Ball|p1a: Aegislash
|-supereffective|p1a: Aegislash
|-damage|p1a: Aegislash|0 fnt
|faint|p1a: Aegislash
|
|upkeep
|
|t:|1631538286
|switch|p1a: Lycanroc|Lycanroc-Dusk, F|100/100
|turn|20
|
|t:|1631538292
|move|p1a: Lycanroc|Crunch|p2a: Teadeath
|-supereffective|p2a: Teadeath
|-damage|p2a: Teadeath|0 fnt
|faint|p2a: Teadeath
|-damage|p1a: Lycanroc|91/100|[from] item: Life Orb
|
|win|Zephyyyr
|raw|Zephyyyr's rating: 1581 &rarr; <strong>1601</strong><br />(+20 for winning)
|raw|Drasfer06's rating: 1573 &rarr; <strong>1553</strong><br />(-20 for losing)
|l|☆Drasfer06
|l|☆Zephyyyr
