|j|☆Apacineco
|j|☆Corporate Donkey
|t:|1654573222
|gametype|singles
|player|p1|Apacineco|darach|1267
|player|p2|Corporate Donkey|ingo|1399
|teamsize|p1|6
|teamsize|p2|6
|gen|8
|tier|[Gen 8] UU
|rated|
|rule|Sleep Clause Mod: Limit one foe put to sleep
|rule|Species Clause: Limit one of each Pokémon
|rule|OHKO Clause: OHKO moves are banned
|rule|Evasion Moves Clause: Evasion moves are banned
|rule|Endless Battle Clause: Forcing endless battles is banned
|rule|HP Percentage Mod: HP is shown in percentages
|rule|Dynamax Clause: You cannot dynamax
|clearpoke
|poke|p1|Slowking, M|
|poke|p1|Skarmory, M|
|poke|p1|Chansey, F|
|poke|p1|Nihilego|
|poke|p1|Cobalion|
|poke|p1|Darmanitan, M|
|poke|p2|Hippowdon, F|
|poke|p2|Skarmory, M|
|poke|p2|Scizor, M|
|poke|p2|Reuniclus, M|
|poke|p2|Keldeo-Resolute|
|poke|p2|Hydreigon, M|
|teampreview
|inactive|Battle timer is ON: inactive players will automatically lose when time's up. (requested by Apacineco)
|c|☆Corporate Donkey|gl hf
|
|t:|1654573229
|start
|switch|p1a: Skarmory|Skarmory, M|100/100
|switch|p2a: Ricardo|Hydreigon, M|100/100
|turn|1
|
|t:|1654573241
|switch|p1a: Darmanitan|Darmanitan, M|100/100
|move|p2a: Ricardo|U-turn|p1a: Darmanitan
|-resisted|p1a: Darmanitan
|-damage|p1a: Darmanitan|89/100
|
|t:|1654573250
|switch|p2a: Donna|Hippowdon, F|100/100|[from]move: U-turn
|-weather|Sandstorm|[from] ability: Sand Stream|[of] p2a: Donna
|
|-weather|Sandstorm|[upkeep]
|-damage|p1a: Darmanitan|83/100|[from] Sandstorm
|upkeep
|turn|2
|
|t:|1654573260
|move|p1a: Darmanitan|U-turn|p2a: Donna
|-damage|p2a: Donna|81/100
|
|t:|1654573264
|switch|p1a: Skarmory|Skarmory, M|100/100|[from]move: U-turn
|move|p2a: Donna|Stealth Rock|p1a: Skarmory
|-sidestart|p1: Apacineco|move: Stealth Rock
|
|-weather|Sandstorm|[upkeep]
|-heal|p2a: Donna|88/100|[from] item: Leftovers
|upkeep
|turn|3
|
|t:|1654573274
|switch|p2a: Squishy|Reuniclus, M|100/100
|move|p1a: Skarmory|Stealth Rock|p2a: Squishy
|-sidestart|p2: Corporate Donkey|move: Stealth Rock
|
|-weather|Sandstorm|[upkeep]
|upkeep
|turn|4
|
|t:|1654573282
|move|p1a: Skarmory|Spikes|p2a: Squishy
|-sidestart|p2: Corporate Donkey|Spikes
|move|p2a: Squishy|Focus Blast|p1a: Skarmory|[miss]
|-miss|p2a: Squishy|p1a: Skarmory
|
|-weather|Sandstorm|[upkeep]
|upkeep
|turn|5
|
|t:|1654573300
|switch|p1a: Chansey|Chansey, F|100/100
|-damage|p1a: Chansey|88/100|[from] Stealth Rock
|switch|p2a: Skarmory|Skarmory, M|100/100
|-damage|p2a: Skarmory|88/100|[from] Stealth Rock
|
|-weather|none
|upkeep
|turn|6
|
|t:|1654573309
|move|p2a: Skarmory|Defog|p1a: Chansey
|-unboost|p1a: Chansey|evasion|1
|-sideend|p1: Apacineco|Stealth Rock|[from] move: Defog|[of] p2a: Skarmory
|-sideend|p2: Corporate Donkey|Spikes|[from] move: Defog|[of] p2a: Skarmory
|-sideend|p2: Corporate Donkey|Stealth Rock|[from] move: Defog|[of] p2a: Skarmory
|move|p1a: Chansey|Thunder Wave|p2a: Skarmory
|-status|p2a: Skarmory|par
|
|upkeep
|turn|7
|
|t:|1654573319
|switch|p1a: Skarmory|Skarmory, M|100/100
|switch|p2a: Donna|Hippowdon, F|88/100
|-weather|Sandstorm|[from] ability: Sand Stream|[of] p2a: Donna
|
|-weather|Sandstorm|[upkeep]
|-heal|p2a: Donna|94/100|[from] item: Leftovers
|upkeep
|turn|8
|
|t:|1654573330
|switch|p2a: Donicio|Keldeo-Resolute|100/100
|move|p1a: Skarmory|Stealth Rock|p2a: Donicio
|-sidestart|p2: Corporate Donkey|move: Stealth Rock
|
|-weather|Sandstorm|[upkeep]
|-damage|p2a: Donicio|94/100|[from] Sandstorm
|upkeep
|turn|9
|
|t:|1654573338
|move|p2a: Donicio|Scald|p1a: Skarmory
|-damage|p1a: Skarmory|16/100
|move|p1a: Skarmory|Whirlwind|p2a: Donicio
|drag|p2a: Skarmory|Skarmory, M|88/100 par
|-damage|p2a: Skarmory|76/100 par|[from] Stealth Rock
|
|-weather|Sandstorm|[upkeep]
|upkeep
|turn|10
|
|t:|1654573348
|move|p1a: Skarmory|Roost|p1a: Skarmory
|-heal|p1a: Skarmory|66/100
|-singleturn|p1a: Skarmory|move: Roost
|move|p2a: Skarmory|Body Press|p1a: Skarmory
|-supereffective|p1a: Skarmory
|-damage|p1a: Skarmory|28/100
|-damage|p2a: Skarmory|59/100 par|[from] item: Rocky Helmet|[of] p1a: Skarmory
|
|-weather|Sandstorm|[upkeep]
|upkeep
|turn|11
|
|t:|1654573359
|move|p1a: Skarmory|Roost|p1a: Skarmory
|-heal|p1a: Skarmory|78/100
|-singleturn|p1a: Skarmory|move: Roost
|move|p2a: Skarmory|Roost|p2a: Skarmory
|-heal|p2a: Skarmory|100/100 par
|-singleturn|p2a: Skarmory|move: Roost
|
|-weather|none
|upkeep
|turn|12
|
|t:|1654573369
|move|p1a: Skarmory|Spikes|p2a: Skarmory
|-sidestart|p2: Corporate Donkey|Spikes
|move|p2a: Skarmory|Iron Defense|p2a: Skarmory
|-boost|p2a: Skarmory|def|2
|
|upkeep
|turn|13
|
|t:|1654573374
|move|p2a: Skarmory|Defog|p1a: Skarmory
|-unboost|p1a: Skarmory|evasion|1
|-sideend|p2: Corporate Donkey|Spikes|[from] move: Defog|[of] p2a: Skarmory
|-sideend|p2: Corporate Donkey|Stealth Rock|[from] move: Defog|[of] p2a: Skarmory
|move|p1a: Skarmory|Whirlwind|p2a: Skarmory
|drag|p2a: Donna|Hippowdon, F|94/100
|-weather|Sandstorm|[from] ability: Sand Stream|[of] p2a: Donna
|
|-weather|Sandstorm|[upkeep]
|-heal|p2a: Donna|99/100|[from] item: Leftovers
|upkeep
|turn|14
|
|t:|1654573386
|switch|p2a: Donicio|Keldeo-Resolute|94/100
|move|p1a: Skarmory|Stealth Rock|p2a: Donicio
|-sidestart|p2: Corporate Donkey|move: Stealth Rock
|
|-weather|Sandstorm|[upkeep]
|-damage|p2a: Donicio|88/100|[from] Sandstorm
|upkeep
|turn|15
|
|t:|1654573406
|switch|p1a: Chansey|Chansey, F|88/100
|move|p2a: Donicio|Scald|p1a: Chansey
|-damage|p1a: Chansey|74/100
|
|-weather|Sandstorm|[upkeep]
|-damage|p2a: Donicio|82/100|[from] Sandstorm
|-damage|p1a: Chansey|68/100|[from] Sandstorm
|upkeep
|turn|16
|
|t:|1654573415
|switch|p2a: Donna|Hippowdon, F|99/100
|-damage|p2a: Donna|94/100|[from] Stealth Rock
|move|p1a: Chansey|Soft-Boiled|p1a: Chansey
|-heal|p1a: Chansey|100/100
|
|-weather|Sandstorm|[upkeep]
|-damage|p1a: Chansey|94/100|[from] Sandstorm
|-heal|p2a: Donna|99/100|[from] item: Leftovers
|upkeep
|turn|17
|
|t:|1654573427
|switch|p1a: Skarmory|Skarmory, M|78/100
|switch|p2a: Squishy|Reuniclus, M|100/100
|
|-weather|none
|upkeep
|turn|18
|
|t:|1654573437
|switch|p1a: Chansey|Chansey, F|94/100
|move|p2a: Squishy|Thunder|p1a: Chansey
|-damage|p1a: Chansey|81/100
|-status|p1a: Chansey|par
|
|upkeep
|turn|19
|
|t:|1654573446
|switch|p2a: Slash|Scizor, M|100/100
|cant|p1a: Chansey|par
|
|upkeep
|turn|20
|
|t:|1654573452
|-curestatus|p1a: Chansey|par|[from] ability: Natural Cure
|switch|p1a: Skarmory|Skarmory, M|78/100
|move|p2a: Slash|Knock Off|p1a: Skarmory
|-damage|p1a: Skarmory|59/100
|-damage|p2a: Slash|84/100|[from] item: Rocky Helmet|[of] p1a: Skarmory
|-enditem|p1a: Skarmory|Rocky Helmet|[from] move: Knock Off|[of] p2a: Slash
|
|upkeep
|turn|21
|
|t:|1654573462
|switch|p2a: Ricardo|Hydreigon, M|100/100
|-damage|p2a: Ricardo|88/100|[from] Stealth Rock
|move|p1a: Skarmory|Roost|p1a: Skarmory
|-heal|p1a: Skarmory|100/100
|-singleturn|p1a: Skarmory|move: Roost
|
|upkeep
|turn|22
|
|t:|1654573471
|switch|p1a: Chansey|Chansey, F|81/100
|move|p2a: Ricardo|Dark Pulse|p1a: Chansey
|-damage|p1a: Chansey|71/100
|
|upkeep
|turn|23
|
|t:|1654573478
|switch|p2a: Donicio|Keldeo-Resolute|82/100
|-damage|p2a: Donicio|76/100|[from] Stealth Rock
|move|p1a: Chansey|Thunder Wave|p2a: Donicio
|-status|p2a: Donicio|par
|
|upkeep
|turn|24
|
|t:|1654573491
|switch|p1a: Slowking|Slowking, M|100/100
|move|p2a: Donicio|Secret Sword|p1a: Slowking
|-resisted|p1a: Slowking
|-damage|p1a: Slowking|78/100
|
|upkeep
|turn|25
|
|t:|1654573499
|switch|p2a: Squishy|Reuniclus, M|100/100
|move|p1a: Slowking|Future Sight|p2a: Squishy
|-start|p1a: Slowking|move: Future Sight
|
|upkeep
|turn|26
|
|t:|1654573508
|move|p2a: Squishy|Thunder|p1a: Slowking|[miss]
|-miss|p2a: Squishy|p1a: Slowking
|move|p1a: Slowking|Teleport|p1a: Slowking
|
|t:|1654573513
|switch|p1a: Chansey|Chansey, F|71/100|[from]move: Teleport
|
|upkeep
|turn|27
|
|t:|1654573519
|move|p1a: Chansey|Soft-Boiled|p1a: Chansey
|-heal|p1a: Chansey|100/100
|move|p2a: Squishy|Focus Blast|p1a: Chansey
|-supereffective|p1a: Chansey
|-damage|p1a: Chansey|72/100
|
|-end|p2a: Squishy|move: Future Sight
|-resisted|p2a: Squishy
|-damage|p2a: Squishy|80/100
|upkeep
|turn|28
|
|t:|1654573530
|switch|p2a: Skarmory|Skarmory, M|100/100 par
|-damage|p2a: Skarmory|88/100 par|[from] Stealth Rock
|move|p1a: Chansey|Thunder Wave|p2a: Skarmory
|-fail|p2a: Skarmory|par
|
|upkeep
|turn|29
|
|t:|1654573540
|switch|p1a: Skarmory|Skarmory, M|100/100
|move|p2a: Skarmory|Iron Defense|p2a: Skarmory
|-boost|p2a: Skarmory|def|2
|
|upkeep
|turn|30
|
|t:|1654573548
|move|p2a: Skarmory|Iron Defense|p2a: Skarmory
|-boost|p2a: Skarmory|def|2
|move|p1a: Skarmory|Whirlwind|p2a: Skarmory
|drag|p2a: Ricardo|Hydreigon, M|88/100
|-damage|p2a: Ricardo|76/100|[from] Stealth Rock
|
|upkeep
|turn|31
|
|t:|1654573556
|switch|p1a: Chansey|Chansey, F|72/100
|move|p2a: Ricardo|U-turn|p1a: Chansey
|-damage|p1a: Chansey|48/100
|
|t:|1654573570
|switch|p2a: Slash|Scizor, M|84/100|[from]move: U-turn
|
|upkeep
|turn|32
|
|t:|1654573576
|switch|p1a: Skarmory|Skarmory, M|100/100
|move|p2a: Slash|Swords Dance|p2a: Slash
|-boost|p2a: Slash|atk|2
|
|upkeep
|turn|33
|
|t:|1654573583
|move|p2a: Slash|Knock Off|p1a: Skarmory
|-damage|p1a: Skarmory|77/100
|move|p1a: Skarmory|Whirlwind|p2a: Slash
|drag|p2a: Ricardo|Hydreigon, M|76/100
|-damage|p2a: Ricardo|64/100|[from] Stealth Rock
|
|upkeep
|turn|34
|
|t:|1654573595
|switch|p1a: Nihilego|Nihilego|100/100
|move|p2a: Ricardo|U-turn|p1a: Nihilego
|-resisted|p1a: Nihilego
|-damage|p1a: Nihilego|89/100
|
|t:|1654573602
|switch|p2a: Donna|Hippowdon, F|99/100|[from]move: U-turn
|-damage|p2a: Donna|94/100|[from] Stealth Rock
|-weather|Sandstorm|[from] ability: Sand Stream|[of] p2a: Donna
|
|-weather|Sandstorm|[upkeep]
|-heal|p2a: Donna|99/100|[from] item: Leftovers
|upkeep
|turn|35
|
|t:|1654573617
|switch|p1a: Skarmory|Skarmory, M|77/100
|switch|p2a: Squishy|Reuniclus, M|80/100
|
|-weather|Sandstorm|[upkeep]
|upkeep
|turn|36
|
|t:|1654573625
|switch|p1a: Chansey|Chansey, F|48/100
|move|p2a: Squishy|Focus Blast|p1a: Chansey
|-supereffective|p1a: Chansey
|-damage|p1a: Chansey|22/100
|
|-weather|Sandstorm|[upkeep]
|-damage|p1a: Chansey|16/100|[from] Sandstorm
|upkeep
|turn|37
|
|t:|1654573634
|switch|p2a: Slash|Scizor, M|84/100
|move|p1a: Chansey|Soft-Boiled|p1a: Chansey
|-heal|p1a: Chansey|66/100
|
|-weather|Sandstorm|[upkeep]
|-damage|p1a: Chansey|59/100|[from] Sandstorm
|upkeep
|turn|38
|
|t:|1654573645
|switch|p1a: Skarmory|Skarmory, M|77/100
|move|p2a: Slash|Swords Dance|p2a: Slash
|-boost|p2a: Slash|atk|2
|
|-weather|none
|upkeep
|turn|39
|
|t:|1654573654
|move|p2a: Slash|Knock Off|p1a: Skarmory
|-damage|p1a: Skarmory|55/100
|move|p1a: Skarmory|Whirlwind|p2a: Slash
|drag|p2a: Skarmory|Skarmory, M|88/100 par
|-damage|p2a: Skarmory|76/100 par|[from] Stealth Rock
|
|upkeep
|turn|40
|
|t:|1654573662
|move|p1a: Skarmory|Roost|p1a: Skarmory
|-heal|p1a: Skarmory|100/100
|-singleturn|p1a: Skarmory|move: Roost
|cant|p2a: Skarmory|par
|
|upkeep
|turn|41
|
|t:|1654573669
|move|p1a: Skarmory|Spikes|p2a: Skarmory
|-sidestart|p2: Corporate Donkey|Spikes
|cant|p2a: Skarmory|par
|
|upkeep
|turn|42
|
|t:|1654573674
|move|p2a: Skarmory|Defog|p1a: Skarmory
|-unboost|p1a: Skarmory|evasion|1
|-sideend|p2: Corporate Donkey|Spikes|[from] move: Defog|[of] p2a: Skarmory
|-sideend|p2: Corporate Donkey|Stealth Rock|[from] move: Defog|[of] p2a: Skarmory
|move|p1a: Skarmory|Whirlwind|p2a: Skarmory
|drag|p2a: Squishy|Reuniclus, M|80/100
|
|upkeep
|turn|43
|
|t:|1654573693
|switch|p1a: Chansey|Chansey, F|59/100
|switch|p2a: Donicio|Keldeo-Resolute|76/100 par
|
|upkeep
|turn|44
|
|t:|1654573701
|switch|p2a: Ricardo|Hydreigon, M|64/100
|switch|p1a: Slowking|Slowking, M|100/100
|
|upkeep
|turn|45
|
|t:|1654573715
|move|p2a: Ricardo|Dark Pulse|p1a: Slowking
|-supereffective|p1a: Slowking
|-enditem|p1a: Slowking|Colbur Berry|[eat]
|-enditem|p1a: Slowking|Colbur Berry|[weaken]
|-damage|p1a: Slowking|68/100
|move|p1a: Slowking|Future Sight|p2a: Ricardo
|-start|p1a: Slowking|move: Future Sight
|
|upkeep
|turn|46
|
|t:|1654573728
|switch|p1a: Cobalion|Cobalion|100/100
|move|p2a: Ricardo|Dark Pulse|p1a: Cobalion
|-resisted|p1a: Cobalion
|-damage|p1a: Cobalion|69/100
|-ability|p1a: Cobalion|Justified|boost
|-boost|p1a: Cobalion|atk|1
|
|-heal|p1a: Cobalion|75/100|[from] item: Leftovers
|upkeep
|turn|47
|
|t:|1654573744
|switch|p2a: Donna|Hippowdon, F|99/100
|-weather|Sandstorm|[from] ability: Sand Stream|[of] p2a: Donna
|move|p1a: Cobalion|Swords Dance|p1a: Cobalion
|-boost|p1a: Cobalion|atk|2
|
|-weather|Sandstorm|[upkeep]
|-end|p2a: Donna|move: Future Sight
|-damage|p2a: Donna|65/100
|-heal|p1a: Cobalion|81/100|[from] item: Leftovers
|-heal|p2a: Donna|72/100|[from] item: Leftovers
|upkeep
|turn|48
|
|t:|1654573760
|move|p1a: Cobalion|Iron Head|p2a: Donna
|-damage|p2a: Donna|16/100
|move|p2a: Donna|Earthquake|p1a: Cobalion
|-supereffective|p1a: Cobalion
|-damage|p1a: Cobalion|16/100
|
|-weather|Sandstorm|[upkeep]
|-heal|p1a: Cobalion|22/100|[from] item: Leftovers
|-heal|p2a: Donna|23/100|[from] item: Leftovers
|upkeep
|turn|49
|
|t:|1654573771
|switch|p2a: Skarmory|Skarmory, M|76/100 par
|move|p1a: Cobalion|Iron Head|p2a: Skarmory
|-resisted|p2a: Skarmory
|-damage|p2a: Skarmory|51/100 par
|-damage|p1a: Cobalion|5/100|[from] item: Rocky Helmet|[of] p2a: Skarmory
|
|-weather|Sandstorm|[upkeep]
|-heal|p1a: Cobalion|12/100|[from] item: Leftovers
|upkeep
|turn|50
|
|t:|1654573781
|move|p1a: Cobalion|Close Combat|p2a: Skarmory
|-damage|p2a: Skarmory|0 fnt
|-unboost|p1a: Cobalion|def|1
|-unboost|p1a: Cobalion|spd|1
|-damage|p1a: Cobalion|0 fnt|[from] item: Rocky Helmet|[of] p2a: Skarmory
|faint|p2a: Skarmory
|faint|p1a: Cobalion
|
|-weather|Sandstorm|[upkeep]
|upkeep
|
|t:|1654573795
|switch|p1a: Skarmory|Skarmory, M|100/100
|switch|p2a: Ricardo|Hydreigon, M|64/100
|turn|51
|
|t:|1654573803
|switch|p1a: Chansey|Chansey, F|59/100
|move|p2a: Ricardo|Fire Blast|p1a: Chansey|[miss]
|-miss|p2a: Ricardo|p1a: Chansey
|
|-weather|none
|upkeep
|turn|52
|
|t:|1654573811
|switch|p2a: Donicio|Keldeo-Resolute|76/100 par
|move|p1a: Chansey|Soft-Boiled|p1a: Chansey
|-heal|p1a: Chansey|100/100
|
|upkeep
|turn|53
|
|t:|1654573821
|switch|p2a: Ricardo|Hydreigon, M|64/100
|switch|p1a: Slowking|Slowking, M|100/100
|
|upkeep
|turn|54
|
|t:|1654573838
|switch|p1a: Darmanitan|Darmanitan, M|83/100
|move|p2a: Ricardo|Dark Pulse|p1a: Darmanitan
|-damage|p1a: Darmanitan|16/100
|
|upkeep
|turn|55
|
|t:|1654573849
|switch|p2a: Donna|Hippowdon, F|23/100
|-weather|Sandstorm|[from] ability: Sand Stream|[of] p2a: Donna
|move|p1a: Darmanitan|U-turn|p2a: Donna
|-damage|p2a: Donna|5/100
|
|t:|1654573859
|switch|p1a: Nihilego|Nihilego|89/100|[from]move: U-turn
|
|-weather|Sandstorm|[upkeep]
|-heal|p2a: Donna|11/100|[from] item: Leftovers
|upkeep
|turn|56
|
|t:|1654573867
|switch|p2a: Slash|Scizor, M|84/100
|move|p1a: Nihilego|Meteor Beam||[still]
|-prepare|p1a: Nihilego|Meteor Beam
|-boost|p1a: Nihilego|spa|1
|-enditem|p1a: Nihilego|Power Herb
|-anim|p1a: Nihilego|Meteor Beam|p2a: Slash|[miss]
|-miss|p1a: Nihilego|p2a: Slash
|
|-weather|Sandstorm|[upkeep]
|upkeep
|turn|57
|
|t:|1654573881
|move|p2a: Slash|Bullet Punch|p1a: Nihilego
|-supereffective|p1a: Nihilego
|-damage|p1a: Nihilego|0 fnt
|faint|p1a: Nihilego
|
|-weather|Sandstorm|[upkeep]
|upkeep
|-message|Apacineco forfeited.
|
|win|Corporate Donkey
|raw|Apacineco's rating: 1267 &rarr; <strong>1251</strong><br />(-16 for losing)
|raw|Corporate Donkey's rating: 1399 &rarr; <strong>1412</strong><br />(+13 for winning)
|l|☆Apacineco
||Ladder isn't responding, score probably updated but might not have (Request timeout).
