|j|☆Eltoras
|j|☆Kolom
|player|p1|Eltoras|blue|1381
|player|p2|Kolom|hilbert|1268
|teamsize|p1|6
|teamsize|p2|6
|gametype|singles
|gen|8
|tier|[Gen 8] UU
|rated|
|clearpoke
|poke|p1|Skarmory, F|
|poke|p1|Weezing-Galar, F|
|poke|p1|Mienshao, M|
|poke|p1|Blissey, F|
|poke|p1|Gengar, M|
|poke|p1|Blastoise, F|
|poke|p2|Gengar, M|
|poke|p2|Krookodile, F|
|poke|p2|Tentacruel, F|
|poke|p2|Pangoro, F|
|poke|p2|Rotom-Wash|
|poke|p2|Lucario, M|
|rule|Sleep Clause Mod: Limit one foe put to sleep
|rule|Species Clause: Limit one of each Pokémon
|rule|OHKO Clause: OHKO moves are banned
|rule|Evasion Moves Clause: Evasion moves are banned
|rule|Endless Battle Clause: Forcing endless battles is banned
|rule|HP Percentage Mod: HP is shown in percentages
|rule|Dynamax Clause: You cannot dynamax
|teampreview
|inactive|Battle timer is ON: inactive players will automatically lose when time's up. (requested by Kolom)
|
|start
|switch|p1a: Mienshao|Mienshao, M|100/100
|switch|p2a: Rotom|Rotom-Wash|100/100
|turn|1
|
|move|p1a: Mienshao|U-turn|p2a: Rotom
|-damage|p2a: Rotom|76/100
|-damage|p1a: Mienshao|91/100|[from] item: Life Orb
|
|switch|p1a: Blissey|Blissey, F|100/100|[from]move: U-turn
|move|p2a: Rotom|Will-O-Wisp|p1a: Blissey
|-status|p1a: Blissey|brn
|
|-heal|p2a: Rotom|82/100|[from] item: Leftovers
|-damage|p1a: Blissey|94/100 brn|[from] brn
|upkeep
|turn|2
|
|move|p2a: Rotom|Volt Switch|p1a: Blissey
|-damage|p1a: Blissey|86/100 brn
|
|switch|p2a: Lucario|Lucario, M|100/100|[from]move: Volt Switch
|move|p1a: Blissey|Stealth Rock|p2a: Lucario
|-sidestart|p2: Kolom|move: Stealth Rock
|
|-damage|p1a: Blissey|79/100 brn|[from] brn
|upkeep
|turn|3
|
|switch|p2a: Rotom|Rotom-Wash|82/100
|-damage|p2a: Rotom|70/100|[from] Stealth Rock
|switch|p1a: Gengar|Gengar, M|100/100
|
|-heal|p2a: Rotom|76/100|[from] item: Leftovers
|upkeep
|turn|4
|
|move|p1a: Gengar|Shadow Ball|p2a: Rotom
|-damage|p2a: Rotom|11/100
|move|p2a: Rotom|Volt Switch|p1a: Gengar
|-damage|p1a: Gengar|61/100
|
|switch|p2a: Tentacruel|Tentacruel, F|100/100|[from]move: Volt Switch
|-damage|p2a: Tentacruel|88/100|[from] Stealth Rock
|
|-heal|p2a: Tentacruel|94/100|[from] item: Leftovers
|upkeep
|turn|5
|
|move|p1a: Gengar|Shadow Ball|p2a: Tentacruel
|-damage|p2a: Tentacruel|53/100
|move|p2a: Tentacruel|Knock Off|p1a: Gengar
|-supereffective|p1a: Gengar
|-damage|p1a: Gengar|5/100
|-enditem|p1a: Gengar|Choice Specs|[from] move: Knock Off|[of] p2a: Tentacruel
|
|-heal|p2a: Tentacruel|59/100|[from] item: Leftovers
|upkeep
|turn|6
|
|move|p1a: Gengar|Thunderbolt|p2a: Tentacruel
|-supereffective|p2a: Tentacruel
|-damage|p2a: Tentacruel|20/100
|move|p2a: Tentacruel|Scald|p1a: Gengar
|-damage|p1a: Gengar|0 fnt
|faint|p1a: Gengar
|
|-heal|p2a: Tentacruel|26/100|[from] item: Leftovers
|upkeep
|
|switch|p1a: Mienshao|Mienshao, M|100/100
|turn|7
|
|switch|p2a: Krookodile|Krookodile, F|100/100
|-damage|p2a: Krookodile|94/100|[from] Stealth Rock
|-ability|p2a: Krookodile|Intimidate|boost
|-unboost|p1a: Mienshao|atk|1
|move|p1a: Mienshao|Knock Off|p2a: Krookodile
|-resisted|p2a: Krookodile
|-damage|p2a: Krookodile|83/100
|-enditem|p2a: Krookodile|Leftovers|[from] move: Knock Off|[of] p1a: Mienshao
|-damage|p1a: Mienshao|91/100|[from] item: Life Orb
|
|upkeep
|turn|8
|
|move|p1a: Mienshao|U-turn|p2a: Krookodile
|-supereffective|p2a: Krookodile
|-damage|p2a: Krookodile|53/100
|-damage|p1a: Mienshao|81/100|[from] item: Life Orb
|
|switch|p1a: Skarmory|Skarmory, F|100/100|[from]move: U-turn
|move|p2a: Krookodile|Stealth Rock|p1a: Skarmory
|-sidestart|p1: Eltoras|move: Stealth Rock
|
|upkeep
|turn|9
|
|move|p2a: Krookodile|Knock Off|p1a: Skarmory
|-damage|p1a: Skarmory|76/100
|-damage|p2a: Krookodile|36/100|[from] item: Rocky Helmet|[of] p1a: Skarmory
|-enditem|p1a: Skarmory|Rocky Helmet|[from] move: Knock Off|[of] p2a: Krookodile
|move|p1a: Skarmory|Spikes|p2a: Krookodile
|-sidestart|p2: Kolom|Spikes
|
|upkeep
|turn|10
|
|switch|p2a: Tentacruel|Tentacruel, F|26/100
|-damage|p2a: Tentacruel|14/100|[from] Spikes
|-damage|p2a: Tentacruel|2/100|[from] Stealth Rock
|move|p1a: Skarmory|Body Press|p2a: Tentacruel
|-resisted|p2a: Tentacruel
|-damage|p2a: Tentacruel|0 fnt
|faint|p2a: Tentacruel
|
|upkeep
|
|switch|p2a: Gengar|Gengar, M|100/100
|-damage|p2a: Gengar|88/100|[from] Stealth Rock
|-damage|p2a: Gengar|76/100|[from] Spikes
|turn|11
|
|switch|p1a: Blissey|Blissey, F|79/100
|move|p2a: Gengar|Nasty Plot|p2a: Gengar
|-boost|p2a: Gengar|spa|2
|
|upkeep
|turn|12
|
|move|p2a: Gengar|Sludge Bomb|p1a: Blissey
|-damage|p1a: Blissey|37/100
|-status|p1a: Blissey|psn
|-damage|p2a: Gengar|66/100|[from] item: Life Orb
|move|p1a: Blissey|Teleport|p1a: Blissey
|
|-curestatus|p1a: Blissey|psn|[from] ability: Natural Cure
|switch|p1a: Skarmory|Skarmory, F|76/100|[from]move: Teleport
|-damage|p1a: Skarmory|64/100|[from] Stealth Rock
|
|upkeep
|turn|13
|
|move|p2a: Gengar|Thunderbolt|p1a: Skarmory
|-supereffective|p1a: Skarmory
|-crit|p1a: Skarmory
|-damage|p1a: Skarmory|0 fnt
|-damage|p2a: Gengar|56/100|[from] item: Life Orb
|faint|p1a: Skarmory
|
|upkeep
|
|switch|p1a: Blastoise|Blastoise, F|100/100
|-damage|p1a: Blastoise|88/100|[from] Stealth Rock
|turn|14
|
|move|p2a: Gengar|Thunderbolt|p1a: Blastoise
|-supereffective|p1a: Blastoise
|-damage|p1a: Blastoise|0 fnt
|-damage|p2a: Gengar|46/100|[from] item: Life Orb
|faint|p1a: Blastoise
|
|upkeep
|-message|Eltoras forfeited.
|
|win|Kolom
|l|☆Eltoras
||Ladder (probably) updated, but score could not be retrieved (Request timeout).
