|j|☆HaxxLR
|j|☆MichaelderBeste2
|inactive|Battle timer is ON: inactive players will automatically lose when time's up.
|t:|1649174012
|gametype|singles
|player|p1|HaxxLR|grimsley|
|player|p2|MichaelderBeste2|#splxiiiclassiest|
|teamsize|p1|6
|teamsize|p2|6
|gen|8
|tier|[Gen 8] UU
|rated|Tournament battle
|rule|Sleep Clause Mod: Limit one foe put to sleep
|rule|Species Clause: Limit one of each Pokémon
|rule|OHKO Clause: OHKO moves are banned
|rule|Evasion Moves Clause: Evasion moves are banned
|rule|Endless Battle Clause: Forcing endless battles is banned
|rule|HP Percentage Mod: HP is shown in percentages
|rule|Dynamax Clause: You cannot dynamax
|clearpoke
|poke|p1|Salamence, M|
|poke|p1|Reuniclus, F|
|poke|p1|Excadrill, M|
|poke|p1|Conkeldurr, M|
|poke|p1|Zarude-Dada|
|poke|p1|Aegislash, M|
|poke|p2|Aegislash, M|
|poke|p2|Heracross, M|
|poke|p2|Nihilego|
|poke|p2|Slowking, F|
|poke|p2|Thundurus-Therian, M|
|poke|p2|Zarude|
|teampreview
|j|*Lady Monita ✿
|inactive|HaxxLR has 120 seconds left.
|inactive|HaxxLR has 90 seconds left.
|inactive|HaxxLR has 60 seconds left.
|
|t:|1649174117
|start
|switch|p1a: Reuniclus|Reuniclus, F|100/100
|switch|p2a: Aegislash|Aegislash, M|100/100
|turn|1
|inactive|HaxxLR has 90 seconds left.
|inactive|MichaelderBeste2 has 120 seconds left.
|
|t:|1649174160
|switch|p2a: Slowking|Slowking, F|100/100
|switch|p1a: Zarude|Zarude-Dada|100/100
|
|upkeep
|turn|2
|inactive|HaxxLR has 90 seconds left.
|
|t:|1649174181
|move|p1a: Zarude|U-turn|p2a: Slowking
|-supereffective|p2a: Slowking
|-damage|p2a: Slowking|70/100
|-damage|p1a: Zarude|84/100|[from] item: Rocky Helmet|[of] p2a: Slowking
|
|t:|1649174196
|switch|p1a: Salamence|Salamence, M|100/100|[from]move: U-turn
|-ability|p1a: Salamence|Intimidate|boost
|-unboost|p2a: Slowking|atk|1
|move|p2a: Slowking|Teleport|p2a: Slowking
|inactive|MichaelderBeste2 has 120 seconds left.
|
|t:|1649174209
|switch|p2a: Thundurus|Thundurus-Therian, M|100/100|[from]move: Teleport
|
|upkeep
|turn|3
|inactive|MichaelderBeste2 has 120 seconds left.
|
|t:|1649174219
|switch|p1a: Reuniclus|Reuniclus, F|100/100
|move|p2a: Thundurus|Volt Switch|p1a: Reuniclus
|-damage|p1a: Reuniclus|80/100
|inactive|MichaelderBeste2 has 120 seconds left.
|
|t:|1649174229
|switch|p2a: Zarude|Zarude|100/100|[from]move: Volt Switch
|
|upkeep
|turn|4
|
|t:|1649174251
|switch|p1a: Salamence|Salamence, M|100/100
|-ability|p1a: Salamence|Intimidate|boost
|-unboost|p2a: Zarude|atk|1
|move|p2a: Zarude|U-turn|p1a: Salamence
|-resisted|p1a: Salamence
|-damage|p1a: Salamence|93/100
|inactive|MichaelderBeste2 has 120 seconds left.
|
|t:|1649174284
|switch|p2a: Slowking|Slowking, F|100/100|[from]move: U-turn
|
|upkeep
|turn|5
|
|t:|1649174300
|move|p1a: Salamence|Hurricane|p2a: Slowking
|-damage|p2a: Slowking|30/100
|move|p2a: Slowking|Teleport|p2a: Slowking
|
|t:|1649174311
|switch|p2a: Aegislash|Aegislash, M|100/100|[from]move: Teleport
|
|upkeep
|turn|6
|
|t:|1649174320
|switch|p1a: Zarude|Zarude-Dada|84/100
|-formechange|p2a: Aegislash|Aegislash-Blade||[from] ability: Stance Change
|move|p2a: Aegislash|Close Combat|p1a: Zarude
|-supereffective|p1a: Zarude
|-damage|p1a: Zarude|18/100
|-unboost|p2a: Aegislash|def|1
|-unboost|p2a: Aegislash|spd|1
|
|upkeep
|turn|7
|inactive|MichaelderBeste2 has 120 seconds left.
|
|t:|1649174341
|-formechange|p2a: Aegislash|Aegislash||[from] ability: Stance Change
|move|p2a: Aegislash|King's Shield|p2a: Aegislash
|-singleturn|p2a: Aegislash|Protect
|move|p1a: Zarude|Jungle Healing|p1a: Zarude
|-heal|p1a: Zarude|44/100
|
|upkeep
|turn|8
|
|t:|1649174354
|move|p1a: Zarude|U-turn|p2a: Aegislash
|-resisted|p2a: Aegislash
|-damage|p2a: Aegislash|93/100
|inactive|HaxxLR has 60 seconds left.
|
|t:|1649174379
|switch|p1a: Aegislash|Aegislash, M|100/100|[from]move: U-turn
|-formechange|p2a: Aegislash|Aegislash-Blade||[from] ability: Stance Change
|move|p2a: Aegislash|Close Combat|p1a: Aegislash
|-immune|p1a: Aegislash
|
|-heal|p2a: Aegislash|99/100|[from] item: Leftovers
|upkeep
|turn|9
|
|t:|1649174396
|switch|p1a: Salamence|Salamence, M|93/100
|-ability|p1a: Salamence|Intimidate|boost
|-unboost|p2a: Aegislash|atk|1
|switch|p2a: Zarude|Zarude|100/100
|
|upkeep
|turn|10
|
|t:|1649174410
|move|p2a: Zarude|U-turn|p1a: Salamence
|-resisted|p1a: Salamence
|-damage|p1a: Salamence|82/100
|
|t:|1649174412
|switch|p2a: Nihilego|Nihilego|100/100|[from]move: U-turn
|move|p1a: Salamence|Hurricane|p2a: Nihilego|[miss]
|-miss|p1a: Salamence|p2a: Nihilego
|
|upkeep
|turn|11
|
|t:|1649174417
|switch|p1a: Excadrill|Excadrill, M|100/100
|-ability|p1a: Excadrill|Mold Breaker
|move|p2a: Nihilego|Knock Off|p1a: Excadrill
|-damage|p1a: Excadrill|86/100
|-enditem|p1a: Excadrill|Assault Vest|[from] move: Knock Off|[of] p2a: Nihilego
|
|upkeep
|turn|12
|inactive|HaxxLR has 60 seconds left.
|
|t:|1649174439
|switch|p2a: Slowking|Slowking, F|63/100
|switch|p1a: Conkeldurr|Conkeldurr, M|100/100
|
|-status|p1a: Conkeldurr|brn|[from] item: Flame Orb
|upkeep
|turn|13
|
|t:|1649174466
|switch|p2a: Zarude|Zarude|100/100
|move|p1a: Conkeldurr|Knock Off|p2a: Zarude
|-resisted|p2a: Zarude
|-damage|p2a: Zarude|73/100
|-enditem|p2a: Zarude|Choice Scarf|[from] move: Knock Off|[of] p1a: Conkeldurr
|
|-damage|p1a: Conkeldurr|95/100 brn|[from] brn
|upkeep
|turn|14
|inactive|HaxxLR has 60 seconds left.
|
|t:|1649174492
|move|p2a: Zarude|U-turn|p1a: Conkeldurr
|-resisted|p1a: Conkeldurr
|-crit|p1a: Conkeldurr
|-damage|p1a: Conkeldurr|82/100 brn
|
|t:|1649174496
|switch|p2a: Slowking|Slowking, F|96/100|[from]move: U-turn
|move|p1a: Conkeldurr|Knock Off|p2a: Slowking
|-supereffective|p2a: Slowking
|-damage|p2a: Slowking|13/100
|-damage|p1a: Conkeldurr|65/100 brn|[from] item: Rocky Helmet|[of] p2a: Slowking
|-enditem|p2a: Slowking|Rocky Helmet|[from] move: Knock Off|[of] p1a: Conkeldurr
|
|-damage|p1a: Conkeldurr|59/100 brn|[from] brn
|upkeep
|turn|15
|
|t:|1649174507
|switch|p2a: Zarude|Zarude|73/100
|move|p1a: Conkeldurr|Knock Off|p2a: Zarude
|-resisted|p2a: Zarude
|-damage|p2a: Zarude|55/100
|
|-damage|p1a: Conkeldurr|53/100 brn|[from] brn
|upkeep
|turn|16
|
|t:|1649174517
|move|p1a: Conkeldurr|Mach Punch|p2a: Zarude
|-supereffective|p2a: Zarude
|-damage|p2a: Zarude|0 fnt
|faint|p2a: Zarude
|
|-damage|p1a: Conkeldurr|48/100 brn|[from] brn
|upkeep
|
|t:|1649174525
|switch|p2a: Heracross|Heracross, M|100/100
|turn|17
|inactive|HaxxLR has 60 seconds left.
|
|t:|1649174532
|switch|p1a: Salamence|Salamence, M|82/100
|-ability|p1a: Salamence|Intimidate|boost
|-unboost|p2a: Heracross|atk|1
|move|p2a: Heracross|Close Combat|p1a: Salamence
|-resisted|p1a: Salamence
|-damage|p1a: Salamence|61/100
|-unboost|p2a: Heracross|def|1
|-unboost|p2a: Heracross|spd|1
|
|-status|p2a: Heracross|brn|[from] item: Flame Orb
|upkeep
|turn|18
|inactive|HaxxLR has 60 seconds left.
|
|t:|1649174549
|switch|p2a: Nihilego|Nihilego|100/100
|move|p1a: Salamence|Hurricane|p2a: Nihilego|[miss]
|-miss|p1a: Salamence|p2a: Nihilego
|
|upkeep
|turn|19
|
|t:|1649174555
|switch|p2a: Slowking|Slowking, F|46/100
|switch|p1a: Excadrill|Excadrill, M|86/100
|-ability|p1a: Excadrill|Mold Breaker
|
|upkeep
|turn|20
|
|t:|1649174566
|switch|p1a: Zarude|Zarude-Dada|44/100
|move|p2a: Slowking|Slack Off|p2a: Slowking
|-heal|p2a: Slowking|96/100
|
|upkeep
|turn|21
|inactive|HaxxLR has 60 seconds left.
|
|t:|1649174589
|move|p1a: Zarude|Power Whip|p2a: Slowking
|-supereffective|p2a: Slowking
|-damage|p2a: Slowking|13/100
|move|p2a: Slowking|Ice Beam|p1a: Zarude
|-supereffective|p1a: Zarude
|-damage|p1a: Zarude|0 fnt
|faint|p1a: Zarude
|
|upkeep
|
|t:|1649174601
|switch|p1a: Aegislash|Aegislash, M|100/100
|turn|22
|
|t:|1649174607
|switch|p2a: Nihilego|Nihilego|100/100
|-formechange|p1a: Aegislash|Aegislash-Blade||[from] ability: Stance Change
|move|p1a: Aegislash|Shadow Claw|p2a: Nihilego
|-crit|p2a: Nihilego
|-damage|p2a: Nihilego|0 fnt
|faint|p2a: Nihilego
|
|upkeep
|
|t:|1649174615
|switch|p2a: Heracross|Heracross, M|100/100 brn
|turn|23
|inactive|HaxxLR has 60 seconds left.
|
|t:|1649174638
|switch|p1a: Excadrill|Excadrill, M|86/100
|-ability|p1a: Excadrill|Mold Breaker
|move|p2a: Heracross|Facade|p1a: Excadrill
|-resisted|p1a: Excadrill
|-damage|p1a: Excadrill|37/100
|
|-damage|p2a: Heracross|95/100 brn|[from] brn
|upkeep
|turn|24
|inactive|HaxxLR has 60 seconds left.
|
|t:|1649174650
|move|p2a: Heracross|Facade|p1a: Excadrill
|-resisted|p1a: Excadrill
|-damage|p1a: Excadrill|0 fnt
|faint|p1a: Excadrill
|
|-damage|p2a: Heracross|89/100 brn|[from] brn
|upkeep
|
|t:|1649174662
|switch|p1a: Salamence|Salamence, M|61/100
|-ability|p1a: Salamence|Intimidate|boost
|-unboost|p2a: Heracross|atk|1
|turn|25
|
|t:|1649174677
|switch|p2a: Aegislash|Aegislash, M|99/100
|move|p1a: Salamence|Hurricane|p2a: Aegislash
|-resisted|p2a: Aegislash
|-damage|p2a: Aegislash|65/100
|
|-heal|p2a: Aegislash|71/100|[from] item: Leftovers
|upkeep
|turn|26
|inactive|HaxxLR has 30 seconds left.
|inactive|HaxxLR has 20 seconds left.
|
|t:|1649174716
|move|p1a: Salamence|Hurricane|p2a: Aegislash
|-resisted|p2a: Aegislash
|-damage|p2a: Aegislash|38/100
|-formechange|p2a: Aegislash|Aegislash-Blade||[from] ability: Stance Change
|move|p2a: Aegislash|Shadow Ball|p1a: Salamence
|-damage|p1a: Salamence|3/100
|
|-heal|p2a: Aegislash|44/100|[from] item: Leftovers
|upkeep
|turn|27
|inactive|HaxxLR has 30 seconds left this turn.
|inactive|HaxxLR has 20 seconds left.
|inactive|HaxxLR has 15 seconds left.
|
|t:|1649174735
|move|p2a: Aegislash|Shadow Sneak|p1a: Salamence
|-damage|p1a: Salamence|0 fnt
|faint|p1a: Salamence
|
|-heal|p2a: Aegislash|50/100|[from] item: Leftovers
|upkeep
|inactive|HaxxLR has 20 seconds left this turn.
|inactive|HaxxLR has 15 seconds left.
|
|t:|1649174743
|switch|p1a: Aegislash|Aegislash, M|100/100
|turn|28
|inactive|HaxxLR has 25 seconds left this turn.
|inactive|HaxxLR has 20 seconds left.
|
|t:|1649174748
|-formechange|p2a: Aegislash|Aegislash||[from] ability: Stance Change
|move|p2a: Aegislash|King's Shield|p2a: Aegislash
|-singleturn|p2a: Aegislash|Protect
|-formechange|p1a: Aegislash|Aegislash-Blade||[from] ability: Stance Change
|move|p1a: Aegislash|Shadow Claw|p2a: Aegislash
|-activate|p2a: Aegislash|move: Protect
|-unboost|p1a: Aegislash|atk|1
|
|-heal|p2a: Aegislash|56/100|[from] item: Leftovers
|upkeep
|turn|29
|inactive|HaxxLR has 30 seconds left this turn.
|
|t:|1649174757
|switch|p2a: Thundurus|Thundurus-Therian, M|100/100
|move|p1a: Aegislash|Shadow Claw|p2a: Thundurus
|-damage|p2a: Thundurus|36/100
|
|upkeep
|turn|30
|inactive|HaxxLR has 30 seconds left.
|
|t:|1649174772
|switch|p1a: Conkeldurr|Conkeldurr, M|48/100 brn
|move|p2a: Thundurus|Volt Switch|p1a: Conkeldurr
|-damage|p1a: Conkeldurr|0 fnt
|faint|p1a: Conkeldurr
|inactive|HaxxLR has 30 seconds left this turn.
|
|t:|1649174783
|switch|p2a: Aegislash|Aegislash, M|56/100|[from]move: Volt Switch
|
|-heal|p2a: Aegislash|62/100|[from] item: Leftovers
|upkeep
|inactive|HaxxLR has 30 seconds left.
|
|t:|1649174788
|switch|p1a: Aegislash|Aegislash, M|100/100
|turn|31
|
|t:|1649174808
|move|p2a: Aegislash|King's Shield|p2a: Aegislash
|-singleturn|p2a: Aegislash|Protect
|-formechange|p1a: Aegislash|Aegislash-Blade||[from] ability: Stance Change
|move|p1a: Aegislash|Shadow Claw|p2a: Aegislash
|-activate|p2a: Aegislash|move: Protect
|-unboost|p1a: Aegislash|atk|1
|
|-heal|p2a: Aegislash|69/100|[from] item: Leftovers
|upkeep
|turn|32
|
|t:|1649174815
|switch|p2a: Thundurus|Thundurus-Therian, M|36/100
|move|p1a: Aegislash|Shadow Claw|p2a: Thundurus
|-damage|p2a: Thundurus|0 fnt
|faint|p2a: Thundurus
|
|upkeep
|
|t:|1649174817
|switch|p2a: Heracross|Heracross, M|89/100 brn
|turn|33
|inactive|HaxxLR has 60 seconds left.
|
|t:|1649174838
|switch|p1a: Reuniclus|Reuniclus, F|100/100
|move|p2a: Heracross|Knock Off|p1a: Reuniclus
|-supereffective|p1a: Reuniclus
|-damage|p1a: Reuniclus|0 fnt
|-enditem|p1a: Reuniclus|Assault Vest|[from] move: Knock Off|[of] p2a: Heracross
|faint|p1a: Reuniclus
|
|-damage|p2a: Heracross|83/100 brn|[from] brn
|upkeep
|
|t:|1649174844
|switch|p1a: Aegislash|Aegislash, M|100/100
|turn|34
|c|☆HaxxLR|gg
|
|t:|1649174849
|switch|p2a: Slowking|Slowking, F|47/100
|-formechange|p1a: Aegislash|Aegislash-Blade||[from] ability: Stance Change
|move|p1a: Aegislash|Shadow Claw|p2a: Slowking
|-supereffective|p2a: Slowking
|-damage|p2a: Slowking|0 fnt
|faint|p2a: Slowking
|
|upkeep
|c|☆MichaelderBeste2|gg
|
|t:|1649174852
|switch|p2a: Heracross|Heracross, M|83/100 brn
|turn|35
|
|t:|1649174855
|move|p2a: Heracross|Knock Off|p1a: Aegislash
|-supereffective|p1a: Aegislash
|-damage|p1a: Aegislash|0 fnt
|-enditem|p1a: Aegislash|Choice Band|[from] move: Knock Off|[of] p2a: Heracross
|faint|p1a: Aegislash
|
|win|MichaelderBeste2
|n|☆HaxxLR|haxxlr
|n|☆MichaelderBeste2|michaelderbeste2
|n|*Lady Monita ✿|ladymonita
|l|*Lady Monita ✿
