|j|☆Hex rizzo
|j|☆Com.Corsola
|t:|1667960230
|gametype|singles
|player|p1|Hex rizzo|veteran|1226
|player|p2|Com.Corsola|dawn-gen4pt|1462
|teamsize|p1|6
|teamsize|p2|6
|gen|8
|tier|[Gen 8] UU
|rated|
|rule|Sleep Clause Mod: Limit one foe put to sleep
|rule|Species Clause: Limit one of each Pokémon
|rule|OHKO Clause: OHKO moves are banned
|rule|Evasion Items Clause: Evasion items are banned
|rule|Evasion Moves Clause: Evasion moves are banned
|rule|Endless Battle Clause: Forcing endless battles is banned
|rule|HP Percentage Mod: HP is shown in percentages
|rule|Dynamax Clause: You cannot dynamax
|clearpoke
|poke|p1|Hippowdon, M|
|poke|p1|Excadrill, M|
|poke|p1|Tangrowth, F|
|poke|p1|Rotom-Wash|
|poke|p1|Salamence, F|
|poke|p1|Keldeo-Resolute|
|poke|p2|Ribombee, F|
|poke|p2|Slowking, F|
|poke|p2|Mandibuzz, F|
|poke|p2|Diggersby, M|
|poke|p2|Conkeldurr, M|
|poke|p2|Cobalion|
|teampreview
|inactive|Battle timer is ON: inactive players will automatically lose when time's up. (requested by Com.Corsola)
|
|t:|1667960241
|start
|switch|p1a: Paradigm Shift|Excadrill, M, shiny|100/100
|switch|p2a: Slowking|Slowking, F|100/100
|turn|1
|
|t:|1667960247
|switch|p1a: Clarum Somnium|Tangrowth, F|100/100
|move|p2a: Slowking|Scald|p1a: Clarum Somnium
|-resisted|p1a: Clarum Somnium
|-damage|p1a: Clarum Somnium|91/100
|-status|p1a: Clarum Somnium|brn
|
|-damage|p1a: Clarum Somnium|85/100 brn|[from] brn
|upkeep
|turn|2
|
|t:|1667960253
|move|p1a: Clarum Somnium|Knock Off|p2a: Slowking
|-supereffective|p2a: Slowking
|-damage|p2a: Slowking|75/100
|-enditem|p2a: Slowking|Heavy-Duty Boots|[from] move: Knock Off|[of] p1a: Clarum Somnium
|move|p2a: Slowking|Teleport|p2a: Slowking
|
|t:|1667960255
|switch|p2a: Conkeldurr|Conkeldurr, M|100/100|[from]move: Teleport
|
|-damage|p1a: Clarum Somnium|79/100 brn|[from] brn
|-status|p2a: Conkeldurr|brn|[from] item: Flame Orb
|upkeep
|turn|3
|
|t:|1667960276
|switch|p1a: Fortuna Redux|Salamence, F|100/100
|-ability|p1a: Fortuna Redux|Intimidate|boost
|-unboost|p2a: Conkeldurr|atk|1
|move|p2a: Conkeldurr|Drain Punch|p1a: Fortuna Redux
|-resisted|p1a: Fortuna Redux
|-damage|p1a: Fortuna Redux|74/100
|
|-damage|p2a: Conkeldurr|94/100 brn|[from] brn
|upkeep
|turn|4
|
|t:|1667960284
|switch|p2a: Mandibuzz|Mandibuzz, F|100/100
|move|p1a: Fortuna Redux|Hurricane|p2a: Mandibuzz
|-damage|p2a: Mandibuzz|59/100
|
|upkeep
|turn|5
|
|t:|1667960291
|move|p1a: Fortuna Redux|Draco Meteor|p2a: Mandibuzz
|-damage|p2a: Mandibuzz|10/100
|-unboost|p1a: Fortuna Redux|spa|2
|move|p2a: Mandibuzz|Roost|p2a: Mandibuzz
|-heal|p2a: Mandibuzz|60/100
|-singleturn|p2a: Mandibuzz|move: Roost
|
|upkeep
|turn|6
|
|t:|1667960299
|switch|p1a: Monolithia|Hippowdon, M|100/100
|-weather|Sandstorm|[from] ability: Sand Stream|[of] p1a: Monolithia
|move|p2a: Mandibuzz|U-turn|p1a: Monolithia
|-damage|p1a: Monolithia|93/100
|-damage|p2a: Mandibuzz|44/100|[from] item: Rocky Helmet|[of] p1a: Monolithia
|
|t:|1667960308
|switch|p2a: Diggersby|Diggersby, M|100/100|[from]move: U-turn
|
|-weather|Sandstorm|[upkeep]
|upkeep
|turn|7
|
|t:|1667960313
|move|p2a: Diggersby|Swords Dance|p2a: Diggersby
|-boost|p2a: Diggersby|atk|2
|move|p1a: Monolithia|Stealth Rock|p2a: Diggersby
|-sidestart|p2: Com.Corsola|move: Stealth Rock
|
|-weather|Sandstorm|[upkeep]
|upkeep
|turn|8
|
|t:|1667960320
|move|p2a: Diggersby|Body Slam|p1a: Monolithia
|-damage|p1a: Monolithia|6/100
|-damage|p2a: Diggersby|84/100|[from] item: Rocky Helmet|[of] p1a: Monolithia
|move|p1a: Monolithia|Earthquake|p2a: Diggersby
|-damage|p2a: Diggersby|35/100
|
|-weather|Sandstorm|[upkeep]
|upkeep
|turn|9
|
|t:|1667960332
|move|p2a: Diggersby|Body Slam|p1a: Monolithia
|-damage|p1a: Monolithia|0 fnt
|-damage|p2a: Diggersby|18/100|[from] item: Rocky Helmet|[of] p1a: Monolithia
|faint|p1a: Monolithia
|
|-weather|Sandstorm|[upkeep]
|upkeep
|
|t:|1667960336
|switch|p1a: Paradigm Shift|Excadrill, M, shiny|100/100
|turn|10
|
|t:|1667960342
|move|p2a: Diggersby|Quick Attack|p1a: Paradigm Shift
|-resisted|p1a: Paradigm Shift
|-damage|p1a: Paradigm Shift|56/100
|move|p1a: Paradigm Shift|Iron Head|p2a: Diggersby
|-damage|p2a: Diggersby|0 fnt
|faint|p2a: Diggersby
|
|-weather|none
|-heal|p1a: Paradigm Shift|62/100|[from] item: Leftovers
|upkeep
|
|t:|1667960354
|switch|p2a: Mandibuzz|Mandibuzz, F|44/100
|turn|11
|
|t:|1667960367
|move|p1a: Paradigm Shift|Swords Dance|p1a: Paradigm Shift
|-boost|p1a: Paradigm Shift|atk|2
|move|p2a: Mandibuzz|Roost|p2a: Mandibuzz
|-heal|p2a: Mandibuzz|94/100
|-singleturn|p2a: Mandibuzz|move: Roost
|
|-heal|p1a: Paradigm Shift|68/100|[from] item: Leftovers
|upkeep
|turn|12
|
|t:|1667960372
|move|p1a: Paradigm Shift|Iron Head|p2a: Mandibuzz
|-damage|p2a: Mandibuzz|49/100
|cant|p2a: Mandibuzz|flinch
|
|-heal|p1a: Paradigm Shift|74/100|[from] item: Leftovers
|upkeep
|turn|13
|
|t:|1667960378
|move|p1a: Paradigm Shift|Iron Head|p2a: Mandibuzz
|-damage|p2a: Mandibuzz|3/100
|move|p2a: Mandibuzz|Foul Play|p1a: Paradigm Shift
|-damage|p1a: Paradigm Shift|0 fnt
|faint|p1a: Paradigm Shift
|
|upkeep
|
|t:|1667960394
|switch|p1a: Fractal Dreamers|Rotom-Wash|100/100
|turn|14
|
|t:|1667960398
|move|p1a: Fractal Dreamers|Volt Switch|p2a: Mandibuzz
|-supereffective|p2a: Mandibuzz
|-damage|p2a: Mandibuzz|0 fnt
|faint|p2a: Mandibuzz
|
|t:|1667960403
|switch|p1a: Fortuna Redux|Salamence, F|74/100|[from]move: Volt Switch
|
|upkeep
|
|t:|1667960412
|switch|p2a: Ribombee|Ribombee, F|100/100
|-damage|p2a: Ribombee|76/100|[from] Stealth Rock
|turn|15
|
|t:|1667960421
|switch|p1a: Clarum Somnium|Tangrowth, F|100/100 brn
|move|p2a: Ribombee|Moonblast|p1a: Clarum Somnium
|-damage|p1a: Clarum Somnium|67/100 brn
|-unboost|p1a: Clarum Somnium|spa|1
|
|-damage|p1a: Clarum Somnium|61/100 brn|[from] brn
|upkeep
|turn|16
|
|t:|1667960424
|move|p2a: Ribombee|Bug Buzz|p1a: Clarum Somnium
|-supereffective|p1a: Clarum Somnium
|-damage|p1a: Clarum Somnium|7/100 brn
|move|p1a: Clarum Somnium|Sludge Bomb|p2a: Ribombee
|-supereffective|p2a: Ribombee
|-damage|p2a: Ribombee|20/100
|
|-damage|p1a: Clarum Somnium|1/100 brn|[from] brn
|upkeep
|turn|17
|
|t:|1667960433
|move|p2a: Ribombee|Moonblast|p1a: Clarum Somnium
|-damage|p1a: Clarum Somnium|0 fnt
|faint|p1a: Clarum Somnium
|
|upkeep
|
|t:|1667960440
|switch|p1a: Fractal Dreamers|Rotom-Wash|100/100
|turn|18
|
|t:|1667960451
|switch|p2a: Slowking|Slowking, F|100/100
|-damage|p2a: Slowking|88/100|[from] Stealth Rock
|move|p1a: Fractal Dreamers|Volt Switch|p2a: Slowking
|-supereffective|p2a: Slowking
|-damage|p2a: Slowking|57/100
|
|t:|1667960458
|switch|p1a: Fortuna Redux|Salamence, F|74/100|[from]move: Volt Switch
|-ability|p1a: Fortuna Redux|Intimidate|boost
|-unboost|p2a: Slowking|atk|1
|
|upkeep
|turn|19
|
|t:|1667960464
|move|p1a: Fortuna Redux|Roost|p1a: Fortuna Redux
|-heal|p1a: Fortuna Redux|100/100
|-singleturn|p1a: Fortuna Redux|move: Roost
|move|p2a: Slowking|Slack Off|p2a: Slowking
|-heal|p2a: Slowking|100/100
|
|upkeep
|turn|20
|
|t:|1667960471
|move|p1a: Fortuna Redux|Hurricane|p2a: Slowking
|-damage|p2a: Slowking|71/100
|move|p2a: Slowking|Future Sight|p1a: Fortuna Redux
|-start|p2a: Slowking|move: Future Sight
|
|upkeep
|turn|21
|
|t:|1667960479
|move|p1a: Fortuna Redux|Hurricane|p2a: Slowking
|-damage|p2a: Slowking|44/100
|-start|p2a: Slowking|confusion
|-activate|p2a: Slowking|confusion
|move|p2a: Slowking|Slack Off|p2a: Slowking
|-heal|p2a: Slowking|94/100
|
|upkeep
|turn|22
|
|t:|1667960485
|move|p1a: Fortuna Redux|Hurricane|p2a: Slowking
|-damage|p2a: Slowking|63/100
|-activate|p2a: Slowking|confusion
|-damage|p2a: Slowking|59/100|[from] confusion
|
|-end|p1a: Fortuna Redux|move: Future Sight
|-damage|p1a: Fortuna Redux|50/100
|upkeep
|turn|23
|
|t:|1667960497
|move|p1a: Fortuna Redux|Roost|p1a: Fortuna Redux
|-heal|p1a: Fortuna Redux|100/100
|-singleturn|p1a: Fortuna Redux|move: Roost
|-activate|p2a: Slowking|confusion
|move|p2a: Slowking|Slack Off|p2a: Slowking
|-heal|p2a: Slowking|100/100
|
|upkeep
|turn|24
|
|t:|1667960511
|move|p1a: Fortuna Redux|Flamethrower|p2a: Slowking
|-resisted|p2a: Slowking
|-damage|p2a: Slowking|92/100
|-end|p2a: Slowking|confusion
|move|p2a: Slowking|Future Sight|p1a: Fortuna Redux
|-start|p2a: Slowking|move: Future Sight
|
|upkeep
|turn|25
|
|t:|1667960518
|move|p1a: Fortuna Redux|Flamethrower|p2a: Slowking
|-resisted|p2a: Slowking
|-damage|p2a: Slowking|84/100
|move|p2a: Slowking|Teleport|p2a: Slowking
|
|t:|1667960533
|switch|p2a: Cobalion|Cobalion|100/100|[from]move: Teleport
|-damage|p2a: Cobalion|97/100|[from] Stealth Rock
|
|upkeep
|turn|26
|
|t:|1667960543
|switch|p1a: Fractal Dreamers|Rotom-Wash|100/100
|move|p2a: Cobalion|Stealth Rock|p1a: Fractal Dreamers
|-sidestart|p1: Hex rizzo|move: Stealth Rock
|
|-end|p1a: Fractal Dreamers|move: Future Sight
|-damage|p1a: Fractal Dreamers|61/100
|-heal|p1a: Fractal Dreamers|67/100|[from] item: Leftovers
|upkeep
|turn|27
|
|t:|1667960557
|move|p2a: Cobalion|Volt Switch|p1a: Fractal Dreamers
|-damage|p1a: Fractal Dreamers|54/100
|
|t:|1667960561
|switch|p2a: Slowking|Slowking, F|100/100|[from]move: Volt Switch
|-damage|p2a: Slowking|88/100|[from] Stealth Rock
|move|p1a: Fractal Dreamers|Hydro Pump|p2a: Slowking
|-resisted|p2a: Slowking
|-damage|p2a: Slowking|76/100
|
|-heal|p1a: Fractal Dreamers|61/100|[from] item: Leftovers
|upkeep
|turn|28
|
|t:|1667960569
|move|p1a: Fractal Dreamers|Pain Split|p2a: Slowking
|-sethp|p2a: Slowking|61/100|[from] move: Pain Split|[silent]
|-sethp|p1a: Fractal Dreamers|79/100|[from] move: Pain Split
|move|p2a: Slowking|Future Sight|p1a: Fractal Dreamers
|-start|p2a: Slowking|move: Future Sight
|
|-heal|p1a: Fractal Dreamers|85/100|[from] item: Leftovers
|upkeep
|turn|29
|
|t:|1667960578
|move|p1a: Fractal Dreamers|Will-O-Wisp|p2a: Slowking
|-status|p2a: Slowking|brn
|move|p2a: Slowking|Teleport|p2a: Slowking
|
|t:|1667960580
|switch|p2a: Conkeldurr|Conkeldurr, M|94/100 brn|[from]move: Teleport
|-damage|p2a: Conkeldurr|88/100 brn|[from] Stealth Rock
|
|-heal|p1a: Fractal Dreamers|92/100|[from] item: Leftovers
|-damage|p2a: Conkeldurr|82/100 brn|[from] brn
|upkeep
|turn|30
|
|t:|1667960589
|move|p1a: Fractal Dreamers|Hydro Pump|p2a: Conkeldurr
|-damage|p2a: Conkeldurr|38/100 brn
|move|p2a: Conkeldurr|Facade|p1a: Fractal Dreamers
|-damage|p1a: Fractal Dreamers|2/100
|
|-end|p1a: Fractal Dreamers|move: Future Sight
|-damage|p1a: Fractal Dreamers|0 fnt
|faint|p1a: Fractal Dreamers
|-damage|p2a: Conkeldurr|32/100 brn|[from] brn
|upkeep
|
|t:|1667960601
|switch|p1a: Infinity Chasers|Keldeo-Resolute|100/100
|-damage|p1a: Infinity Chasers|94/100|[from] Stealth Rock
|turn|31
|
|t:|1667960606
|move|p2a: Conkeldurr|Mach Punch|p1a: Infinity Chasers
|-damage|p1a: Infinity Chasers|51/100
|move|p1a: Infinity Chasers|Secret Sword|p2a: Conkeldurr
|-damage|p2a: Conkeldurr|0 fnt
|faint|p2a: Conkeldurr
|
|upkeep
|
|t:|1667960615
|switch|p2a: Slowking|Slowking, F|95/100 brn
|-damage|p2a: Slowking|82/100 brn|[from] Stealth Rock
|turn|32
|
|t:|1667960620
|move|p1a: Infinity Chasers|Secret Sword|p2a: Slowking
|-resisted|p2a: Slowking
|-damage|p2a: Slowking|49/100 brn
|move|p2a: Slowking|Future Sight|p1a: Infinity Chasers
|-start|p2a: Slowking|move: Future Sight
|
|-damage|p2a: Slowking|43/100 brn|[from] brn
|upkeep
|turn|33
|
|t:|1667960629
|move|p1a: Infinity Chasers|Secret Sword|p2a: Slowking
|-resisted|p2a: Slowking
|-damage|p2a: Slowking|8/100 brn
|move|p2a: Slowking|Slack Off|p2a: Slowking
|-heal|p2a: Slowking|59/100 brn
|
|-damage|p2a: Slowking|52/100 brn|[from] brn
|upkeep
|turn|34
|
|t:|1667960638
|switch|p1a: Fortuna Redux|Salamence, F|100/100
|-ability|p1a: Fortuna Redux|Intimidate|boost
|-unboost|p2a: Slowking|atk|1
|move|p2a: Slowking|Slack Off|p2a: Slowking
|-heal|p2a: Slowking|100/100 brn
|
|-end|p1a: Fortuna Redux|move: Future Sight
|-damage|p1a: Fortuna Redux|51/100
|-damage|p2a: Slowking|94/100 brn|[from] brn
|upkeep
|turn|35
|
|t:|1667960642
|move|p1a: Fortuna Redux|Roost|p1a: Fortuna Redux
|-heal|p1a: Fortuna Redux|100/100
|-singleturn|p1a: Fortuna Redux|move: Roost
|move|p2a: Slowking|Future Sight|p1a: Fortuna Redux
|-start|p2a: Slowking|move: Future Sight
|
|-damage|p2a: Slowking|88/100 brn|[from] brn
|upkeep
|turn|36
|
|t:|1667960651
|move|p1a: Fortuna Redux|Hurricane|p2a: Slowking
|-damage|p2a: Slowking|58/100 brn
|-start|p2a: Slowking|confusion
|-activate|p2a: Slowking|confusion
|-damage|p2a: Slowking|54/100 brn|[from] confusion
|
|-damage|p2a: Slowking|48/100 brn|[from] brn
|upkeep
|turn|37
|
|t:|1667960662
|move|p1a: Fortuna Redux|Draco Meteor|p2a: Slowking
|-damage|p2a: Slowking|14/100 brn
|-unboost|p1a: Fortuna Redux|spa|2
|-activate|p2a: Slowking|confusion
|-damage|p2a: Slowking|10/100 brn|[from] confusion
|
|-end|p1a: Fortuna Redux|move: Future Sight
|-damage|p1a: Fortuna Redux|46/100
|-damage|p2a: Slowking|4/100 brn|[from] brn
|upkeep
|turn|38
|
|t:|1667960672
|switch|p2a: Cobalion|Cobalion|97/100
|-damage|p2a: Cobalion|94/100|[from] Stealth Rock
|move|p1a: Fortuna Redux|Flamethrower|p2a: Cobalion
|-supereffective|p2a: Cobalion
|-damage|p2a: Cobalion|53/100
|
|upkeep
|turn|39
|
|t:|1667960680
|move|p2a: Cobalion|Stone Edge|p1a: Fortuna Redux|[miss]
|-miss|p2a: Cobalion|p1a: Fortuna Redux
|move|p1a: Fortuna Redux|Flamethrower|p2a: Cobalion
|-supereffective|p2a: Cobalion
|-damage|p2a: Cobalion|16/100
|
|upkeep
|turn|40
|
|t:|1667960687
|move|p2a: Cobalion|Stone Edge|p1a: Fortuna Redux|[miss]
|-miss|p2a: Cobalion|p1a: Fortuna Redux
|move|p1a: Fortuna Redux|Flamethrower|p2a: Cobalion
|-supereffective|p2a: Cobalion
|-damage|p2a: Cobalion|0 fnt
|faint|p2a: Cobalion
|
|upkeep
|c|☆Com.Corsola|Beuh
|
|t:|1667960694
|switch|p2a: Slowking|Slowking, F|37/100 brn
|-damage|p2a: Slowking|25/100 brn|[from] Stealth Rock
|turn|41
|c|☆Hex rizzo|sorry
|
|t:|1667960699
|move|p1a: Fortuna Redux|Draco Meteor|p2a: Slowking
|-damage|p2a: Slowking|7/100 brn
|-unboost|p1a: Fortuna Redux|spa|2
|move|p2a: Slowking|Slack Off|p2a: Slowking
|-heal|p2a: Slowking|57/100 brn
|
|-damage|p2a: Slowking|51/100 brn|[from] brn
|upkeep
|turn|42
|c|☆Com.Corsola|The hitting self and the misses
|
|t:|1667960716
|switch|p1a: Infinity Chasers|Keldeo-Resolute|51/100
|-damage|p1a: Infinity Chasers|45/100|[from] Stealth Rock
|move|p2a: Slowking|Slack Off|p2a: Slowking
|-heal|p2a: Slowking|100/100 brn
|
|-damage|p2a: Slowking|94/100 brn|[from] brn
|upkeep
|turn|43
|
|t:|1667960720
|move|p1a: Infinity Chasers|Secret Sword|p2a: Slowking
|-resisted|p2a: Slowking
|-damage|p2a: Slowking|58/100 brn
|move|p2a: Slowking|Future Sight|p1a: Infinity Chasers
|-start|p2a: Slowking|move: Future Sight
|
|-damage|p2a: Slowking|52/100 brn|[from] brn
|upkeep
|turn|44
|
|t:|1667960724
|move|p1a: Infinity Chasers|Secret Sword|p2a: Slowking
|-resisted|p2a: Slowking
|-damage|p2a: Slowking|21/100 brn
|move|p2a: Slowking|Slack Off|p2a: Slowking
|-heal|p2a: Slowking|71/100 brn
|
|-damage|p2a: Slowking|65/100 brn|[from] brn
|upkeep
|turn|45
|
|t:|1667960733
|switch|p1a: Fortuna Redux|Salamence, F|46/100
|-ability|p1a: Fortuna Redux|Intimidate|boost
|-unboost|p2a: Slowking|atk|1
|move|p2a: Slowking|Scald|p1a: Fortuna Redux
|-resisted|p1a: Fortuna Redux
|-damage|p1a: Fortuna Redux|28/100
|-status|p1a: Fortuna Redux|brn
|
|-end|p1a: Fortuna Redux|move: Future Sight
|-damage|p1a: Fortuna Redux|0 fnt
|faint|p1a: Fortuna Redux
|-damage|p2a: Slowking|59/100 brn|[from] brn
|upkeep
|
|t:|1667960736
|switch|p1a: Infinity Chasers|Keldeo-Resolute|45/100
|-damage|p1a: Infinity Chasers|39/100|[from] Stealth Rock
|turn|46
|c|☆Hex rizzo|critic
|
|t:|1667960743
|switch|p2a: Ribombee|Ribombee, F|20/100
|-damage|p2a: Ribombee|0 fnt|[from] Stealth Rock
|faint|p2a: Ribombee
|move|p1a: Infinity Chasers|Secret Sword|p2: Ribombee|[notarget]
|-fail|p1a: Infinity Chasers
|
|upkeep
|
|t:|1667960746
|switch|p2a: Slowking|Slowking, F|92/100 brn
|-damage|p2a: Slowking|79/100 brn|[from] Stealth Rock
|turn|47
|
|t:|1667960750
|move|p1a: Infinity Chasers|Secret Sword|p2a: Slowking
|-resisted|p2a: Slowking
|-damage|p2a: Slowking|44/100 brn
|move|p2a: Slowking|Future Sight|p1a: Infinity Chasers
|-start|p2a: Slowking|move: Future Sight
|
|-damage|p2a: Slowking|38/100 brn|[from] brn
|upkeep
|turn|48
|c|☆Com.Corsola|Gg
|c|☆Hex rizzo|cric
|inactive|Com.Corsola has 120 seconds left.
|c|☆Com.Corsola|I should have quivered with ribombee, would have just swept
|
|t:|1667960784
|move|p1a: Infinity Chasers|Secret Sword|p2a: Slowking
|-resisted|p2a: Slowking
|-damage|p2a: Slowking|5/100 brn
|move|p2a: Slowking|Slack Off|p2a: Slowking
|-heal|p2a: Slowking|55/100 brn
|
|-damage|p2a: Slowking|49/100 brn|[from] brn
|upkeep
|turn|49
|c|☆Hex rizzo|yeep
|c|☆Com.Corsola|Gg
|c|☆Hex rizzo|but it was quite fun
|c|☆Hex rizzo|gg
|
|t:|1667960803
|move|p1a: Infinity Chasers|Secret Sword|p2a: Slowking
|-resisted|p2a: Slowking
|-crit|p2a: Slowking
|-damage|p2a: Slowking|0 fnt
|faint|p2a: Slowking
|
|win|Hex rizzo
|raw|Hex rizzo's rating: 1226 &rarr; <strong>1266</strong><br />(+40 for winning)
|raw|Com.Corsola's rating: 1462 &rarr; <strong>1430</strong><br />(-32 for losing)
|c|☆Hex rizzo|ups
|c|☆Hex rizzo|xd
|c|☆Com.Corsola|Hahah
|c|☆Hex rizzo|ahfajsfsf
|c|☆Hex rizzo|sorry
|c|☆Hex rizzo|you played better than me
|c|☆Com.Corsola|Eh whatever
|c|☆Hex rizzo|actually
|c|☆Hex rizzo|yep
|c|☆Hex rizzo|bye
|l|☆Com.Corsola
||Ladder isn't responding, score probably updated but might not have (Request timeout).
