|html|<div class="broadcast-blue"><strong>[Gen 8] UU is currently suspecting Moltres-Galar! For information on how to participate check out the <a href="https://www.smogon.com/forums/threads/np-ss-uu-stage-12-get-lucky.3700621/">suspect thread</a>.</strong></div>
|j|☆GryphonEX
|j|☆eruza02
|t:|1650137858
|gametype|singles
|player|p1|GryphonEX|gardenia|1382
|player|p2|eruza02|265|1288
|teamsize|p1|6
|teamsize|p2|6
|gen|8
|tier|[Gen 8] UU
|rated|
|rule|Sleep Clause Mod: Limit one foe put to sleep
|rule|Species Clause: Limit one of each Pokémon
|rule|OHKO Clause: OHKO moves are banned
|rule|Evasion Moves Clause: Evasion moves are banned
|rule|Endless Battle Clause: Forcing endless battles is banned
|rule|HP Percentage Mod: HP is shown in percentages
|rule|Dynamax Clause: You cannot dynamax
|clearpoke
|poke|p1|Hydreigon, M|
|poke|p1|Swampert, F|
|poke|p1|Zarude|
|poke|p1|Cobalion|
|poke|p1|Nidoking, M|
|poke|p1|Corsola-Galar, F|
|poke|p2|Kangaskhan, F|
|poke|p2|Incineroar, M|
|poke|p2|Whimsicott, M|
|poke|p2|Sirfetch’d, F|
|poke|p2|Braviary, M|
|poke|p2|Golduck, M|
|teampreview
|
|t:|1650137867
|start
|switch|p1a: Cobalion|Cobalion|100/100
|switch|p2a: Golduck|Golduck, M|100/100
|-ability|p2a: Golduck|Cloud Nine
|turn|1
|c|☆GryphonEX|Good luck
|inactive|Battle timer is ON: inactive players will automatically lose when time's up. (requested by eruza02)
|
|t:|1650137874
|move|p1a: Cobalion|Volt Switch|p2a: Golduck
|-supereffective|p2a: Golduck
|-damage|p2a: Golduck|69/100
|
|t:|1650137878
|switch|p1a: Swampert|Swampert, F|100/100|[from]move: Volt Switch
|move|p2a: Golduck|Scald|p1a: Swampert
|-damage|p1a: Swampert|48/100
|
|upkeep
|turn|2
|
|t:|1650137888
|move|p2a: Golduck|Scald|p1a: Swampert
|-damage|p1a: Swampert|0 fnt
|faint|p1a: Swampert
|
|upkeep
|
|t:|1650137891
|switch|p1a: Zarude|Zarude|100/100
|turn|3
|
|t:|1650137896
|switch|p2a: Incineroar|Incineroar, M|100/100
|-ability|p2a: Incineroar|Intimidate|boost
|-unboost|p1a: Zarude|atk|1
|move|p1a: Zarude|U-turn|p2a: Incineroar
|-damage|p2a: Incineroar|77/100
|
|t:|1650137899
|switch|p1a: Nidoking|Nidoking, M|100/100|[from]move: U-turn
|
|upkeep
|turn|4
|
|t:|1650137905
|move|p2a: Incineroar|Fake Out|p1a: Nidoking
|-damage|p1a: Nidoking|82/100
|cant|p1a: Nidoking|flinch
|
|upkeep
|turn|5
|
|t:|1650137909
|move|p1a: Nidoking|Sludge Wave|p2a: Incineroar
|-damage|p2a: Incineroar|38/100
|move|p2a: Incineroar|Flare Blitz|p1a: Nidoking
|-damage|p1a: Nidoking|1/100
|-damage|p2a: Incineroar|17/100|[from] Recoil
|
|upkeep
|turn|6
|
|t:|1650137921
|switch|p2a: Kangaskhan|Kangaskhan, F|100/100
|move|p1a: Nidoking|Sludge Wave|p2a: Kangaskhan
|-damage|p2a: Kangaskhan|33/100
|
|upkeep
|turn|7
|
|t:|1650137927
|switch|p1a: Cobalion|Cobalion|100/100
|move|p2a: Kangaskhan|Fake Out|p1a: Cobalion
|-resisted|p1a: Cobalion
|-damage|p1a: Cobalion|92/100
|
|upkeep
|turn|8
|
|t:|1650137935
|move|p1a: Cobalion|Volt Switch|p2a: Kangaskhan
|-damage|p2a: Kangaskhan|19/100
|
|t:|1650137937
|switch|p1a: Corsola|Corsola-Galar, F|100/100|[from]move: Volt Switch
|move|p2a: Kangaskhan|Earthquake|p1a: Corsola
|-damage|p1a: Corsola|79/100
|
|upkeep
|turn|9
|
|t:|1650137944
|switch|p2a: Incineroar|Incineroar, M|17/100
|-ability|p2a: Incineroar|Intimidate|boost
|-unboost|p1a: Corsola|atk|1
|move|p1a: Corsola|Stealth Rock|p2a: Incineroar
|-sidestart|p2: eruza02|move: Stealth Rock
|
|upkeep
|turn|10
|j| flameengo
|l| flameengo
|
|t:|1650137952
|move|p2a: Incineroar|Knock Off|p1a: Corsola
|-supereffective|p1a: Corsola
|-crit|p1a: Corsola
|-damage|p1a: Corsola|0 fnt
|-enditem|p1a: Corsola|Eviolite|[from] move: Knock Off|[of] p2a: Incineroar
|faint|p1a: Corsola
|
|upkeep
|
|t:|1650137955
|switch|p1a: Nidoking|Nidoking, M|1/100
|turn|11
|j| flameengo
|
|t:|1650137970
|move|p1a: Nidoking|Sludge Wave|p2a: Incineroar
|-damage|p2a: Incineroar|0 fnt
|faint|p2a: Incineroar
|
|upkeep
|
|t:|1650137980
|switch|p2a: Whimsicott|Whimsicott, M|100/100
|turn|12
|
|t:|1650137993
|switch|p1a: Zarude|Zarude|100/100
|move|p2a: Whimsicott|Moonblast|p1a: Zarude
|-supereffective|p1a: Zarude
|-damage|p1a: Zarude|32/100
|
|upkeep
|turn|13
|
|t:|1650138001
|move|p2a: Whimsicott|Moonblast|p1a: Zarude
|-supereffective|p1a: Zarude
|-damage|p1a: Zarude|0 fnt
|faint|p1a: Zarude
|
|upkeep
|
|t:|1650138002
|switch|p1a: Cobalion|Cobalion|92/100
|turn|14
|
|t:|1650138010
|move|p1a: Cobalion|X-Scissor|p2a: Whimsicott
|-damage|p2a: Whimsicott|64/100
|move|p2a: Whimsicott|Moonblast|p1a: Cobalion
|-crit|p1a: Cobalion
|-damage|p1a: Cobalion|25/100
|-unboost|p1a: Cobalion|spa|1
|
|upkeep
|turn|15
|
|t:|1650138017
|move|p1a: Cobalion|X-Scissor|p2a: Whimsicott
|-damage|p2a: Whimsicott|25/100
|move|p2a: Whimsicott|Moonblast|p1a: Cobalion
|-damage|p1a: Cobalion|0 fnt
|faint|p1a: Cobalion
|
|upkeep
|
|t:|1650138020
|switch|p1a: Nidoking|Nidoking, M|1/100
|turn|16
|
|t:|1650138023
|move|p2a: Whimsicott|Moonblast|p1a: Nidoking
|-resisted|p1a: Nidoking
|-damage|p1a: Nidoking|0 fnt
|faint|p1a: Nidoking
|
|upkeep
|
|t:|1650138024
|switch|p1a: Hydreigon|Hydreigon, M|100/100
|turn|17
|
|t:|1650138027
|move|p2a: Whimsicott|Moonblast|p1a: Hydreigon
|-supereffective|p1a: Hydreigon
|-damage|p1a: Hydreigon|0 fnt
|faint|p1a: Hydreigon
|
|win|eruza02
|raw|GryphonEX's rating: 1382 &rarr; <strong>1357</strong><br />(-25 for losing)
|raw|eruza02's rating: 1288 &rarr; <strong>1320</strong><br />(+32 for winning)
|l|☆GryphonEX
