|html|<div class="broadcast-blue"><strong>[Gen 8] UU is currently suspecting Latias! For information on how to participate check out the <a href="https://www.smogon.com/forums/threads/np-ss-uu-stage-8-2-cherry.3676723/">suspect thread</a>.</strong></div>
|j|☆UU8L Mas
|j|☆UU8L Stale
|t:|1611479838
|player|p1|UU8L Mas|wikstrom|1481
|player|p2|UU8L Stale|zinnia|1263
|teamsize|p1|6
|teamsize|p2|6
|gametype|singles
|gen|8
|tier|[Gen 8] UU
|rated|
|clearpoke
|poke|p1|Kyurem|
|poke|p1|Scizor, M|
|poke|p1|Darmanitan, M|
|poke|p1|Celesteela|
|poke|p1|Kommo-o, M|
|poke|p1|Latias, F|
|poke|p2|Salamence, M|
|poke|p2|Chansey, F|
|poke|p2|Quagsire, F|
|poke|p2|Mew|
|poke|p2|Amoonguss, F|
|poke|p2|Celesteela|
|rule|Sleep Clause Mod: Limit one foe put to sleep
|rule|Species Clause: Limit one of each Pokémon
|rule|OHKO Clause: OHKO moves are banned
|rule|Evasion Moves Clause: Evasion moves are banned
|rule|Endless Battle Clause: Forcing endless battles is banned
|rule|HP Percentage Mod: HP is shown in percentages
|rule|Dynamax Clause: You cannot dynamax
|teampreview
|c|☆UU8L Mas|...
|c|☆UU8L Stale|sup sup
|c|☆UU8L Mas|I respect stall as a playstyle
|c|☆UU8L Mas|But I just wanna finish getting my reqs ;-;
|c|☆UU8L Stale|our last game was good
|c|☆UU8L Mas|Yea
|c|☆UU8L Stale|you cant deny that bro
|c|☆UU8L Mas|I'm not!
|c|☆UU8L Stale|you are good as a player
|c|☆UU8L Mas|Let's try and break this down ey?
|c|☆UU8L Mas|Hf
|
|t:|1611479901
|start
|switch|p1a: Scizor|Scizor, M|100/100
|switch|p2a: Salamence|Salamence, M|100/100
|-ability|p2a: Salamence|Intimidate|boost
|-unboost|p1a: Scizor|atk|1
|turn|1
|
|t:|1611479909
|switch|p1a: Kommo-o|Kommo-o, M|100/100
|move|p2a: Salamence|Flamethrower|p1a: Kommo-o
|-resisted|p1a: Kommo-o
|-damage|p1a: Kommo-o|90/100
|-status|p1a: Kommo-o|brn
|
|-damage|p1a: Kommo-o|84/100 brn|[from] brn
|upkeep
|turn|2
|
|t:|1611479919
|move|p2a: Salamence|Dual Wingbeat|p1a: Kommo-o
|-supereffective|p1a: Kommo-o
|-damage|p1a: Kommo-o|62/100 brn
|-damage|p2a: Salamence|84/100|[from] item: Rocky Helmet|[of] p1a: Kommo-o
|-supereffective|p1a: Kommo-o
|-damage|p1a: Kommo-o|39/100 brn
|-damage|p2a: Salamence|67/100|[from] item: Rocky Helmet|[of] p1a: Kommo-o
|-hitcount|p1a: Kommo-o|2
|move|p1a: Kommo-o|Toxic|p2a: Salamence
|-status|p2a: Salamence|tox
|
|-damage|p2a: Salamence|61/100 tox|[from] psn
|-damage|p1a: Kommo-o|33/100 brn|[from] brn
|upkeep
|turn|3
|
|t:|1611479952
|move|p2a: Salamence|Dual Wingbeat|p1a: Kommo-o
|-supereffective|p1a: Kommo-o
|-damage|p1a: Kommo-o|10/100 brn
|-damage|p2a: Salamence|45/100 tox|[from] item: Rocky Helmet|[of] p1a: Kommo-o
|-supereffective|p1a: Kommo-o
|-damage|p1a: Kommo-o|0 fnt
|-damage|p2a: Salamence|28/100 tox|[from] item: Rocky Helmet|[of] p1a: Kommo-o
|-hitcount|p1a: Kommo-o|2
|faint|p1a: Kommo-o
|
|-damage|p2a: Salamence|16/100 tox|[from] psn
|upkeep
|
|t:|1611479962
|switch|p1a: Darmanitan|Darmanitan, M|100/100
|turn|4
|
|t:|1611479967
|move|p1a: Darmanitan|Flare Blitz|p2a: Salamence
|-resisted|p2a: Salamence
|-damage|p2a: Salamence|0 fnt
|-damage|p1a: Darmanitan|96/100|[from] Recoil
|faint|p2a: Salamence
|
|upkeep
|
|t:|1611479975
|switch|p2a: Quagsire|Quagsire, F|100/100
|turn|5
|
|t:|1611479980
|switch|p1a: Celesteela|Celesteela|100/100
|move|p2a: Quagsire|Scald|p1a: Celesteela
|-damage|p1a: Celesteela|86/100
|
|-heal|p1a: Celesteela|92/100|[from] item: Leftovers
|upkeep
|turn|6
|
|t:|1611479990
|switch|p1a: Darmanitan|Darmanitan, M|96/100
|switch|p2a: Amoonguss|Amoonguss, F|100/100
|
|upkeep
|turn|7
|
|t:|1611479997
|switch|p2a: Quagsire|Quagsire, F|100/100
|move|p1a: Darmanitan|Flare Blitz|p2a: Quagsire
|-resisted|p2a: Quagsire
|-damage|p2a: Quagsire|71/100
|-damage|p1a: Darmanitan|85/100|[from] Recoil
|
|-heal|p2a: Quagsire|77/100|[from] item: Leftovers
|upkeep
|turn|8
|
|t:|1611480016
|switch|p1a: Kyurem|Kyurem|100/100
|-ability|p1a: Kyurem|Pressure
|move|p2a: Quagsire|Toxic|p1a: Kyurem
|-status|p1a: Kyurem|tox
|
|-heal|p2a: Quagsire|83/100|[from] item: Leftovers
|-damage|p1a: Kyurem|94/100 tox|[from] psn
|upkeep
|turn|9
|
|t:|1611480038
|switch|p1a: Darmanitan|Darmanitan, M|85/100
|switch|p2a: Chansey|Chansey, F|100/100
|
|upkeep
|turn|10
|
|t:|1611480062
|move|p1a: Darmanitan|Flare Blitz|p2a: Chansey
|-damage|p2a: Chansey|48/100
|-damage|p1a: Darmanitan|50/100|[from] Recoil
|move|p2a: Chansey|Stealth Rock|p1a: Darmanitan
|-sidestart|p1: UU8L Mas|move: Stealth Rock
|
|upkeep
|turn|11
|
|t:|1611480070
|switch|p2a: Quagsire|Quagsire, F|83/100
|move|p1a: Darmanitan|Flare Blitz|p2a: Quagsire
|-resisted|p2a: Quagsire
|-damage|p2a: Quagsire|54/100
|-damage|p1a: Darmanitan|39/100|[from] Recoil
|
|-heal|p2a: Quagsire|60/100|[from] item: Leftovers
|upkeep
|turn|12
|
|t:|1611480081
|switch|p1a: Kyurem|Kyurem|94/100 tox
|-damage|p1a: Kyurem|70/100 tox|[from] Stealth Rock
|-ability|p1a: Kyurem|Pressure
|move|p2a: Quagsire|Recover|p2a: Quagsire
|-heal|p2a: Quagsire|100/100
|
|-damage|p1a: Kyurem|63/100 tox|[from] psn
|upkeep
|turn|13
|
|t:|1611480093
|switch|p2a: Mew|Mew|100/100
|move|p1a: Kyurem|Draco Meteor|p2a: Mew
|-damage|p2a: Mew|13/100
|-unboost|p1a: Kyurem|spa|2
|
|-heal|p2a: Mew|19/100|[from] item: Leftovers
|-damage|p1a: Kyurem|51/100 tox|[from] psn
|upkeep
|turn|14
|
|t:|1611480104
|switch|p1a: Scizor|Scizor, M|100/100
|-damage|p1a: Scizor|88/100|[from] Stealth Rock
|move|p2a: Mew|Roost|p2a: Mew
|-heal|p2a: Mew|69/100
|-singleturn|p2a: Mew|move: Roost
|
|-heal|p2a: Mew|75/100|[from] item: Leftovers
|upkeep
|turn|15
|
|t:|1611480119
|move|p2a: Mew|Transform|p1a: Scizor
|-transform|p2a: Mew|p1a: Scizor
|-endability|p2a: Mew|Synchronize|[from] move: Transform
|move|p1a: Scizor|U-turn|p2a: Mew
|-resisted|p2a: Mew
|-damage|p2a: Mew|50/100
|
|t:|1611480129
|switch|p1a: Celesteela|Celesteela|92/100|[from]move: U-turn
|-damage|p1a: Celesteela|80/100|[from] Stealth Rock
|
|-heal|p2a: Mew|57/100|[from] item: Leftovers
|-heal|p1a: Celesteela|86/100|[from] item: Leftovers
|upkeep
|turn|16
|
|t:|1611480139
|move|p2a: Mew|Knock Off|p1a: Celesteela
|-damage|p1a: Celesteela|60/100
|-enditem|p1a: Celesteela|Leftovers|[from] move: Knock Off|[of] p2a: Mew
|move|p1a: Celesteela|Heavy Slam|p2a: Mew
|-resisted|p2a: Mew
|-damage|p2a: Mew|40/100
|
|-heal|p2a: Mew|46/100|[from] item: Leftovers
|upkeep
|turn|17
|
|t:|1611480158
|move|p2a: Mew|U-turn|p1a: Celesteela
|-resisted|p1a: Celesteela
|-damage|p1a: Celesteela|53/100
|
|t:|1611480161
|switch|p2a: Amoonguss|Amoonguss, F|100/100|[from]move: U-turn
|move|p1a: Celesteela|Heavy Slam|p2a: Amoonguss
|-damage|p2a: Amoonguss|70/100
|-damage|p1a: Celesteela|36/100|[from] item: Rocky Helmet|[of] p2a: Amoonguss
|
|upkeep
|turn|18
|
|t:|1611480182
|switch|p1a: Latias|Latias, F|100/100
|-damage|p1a: Latias|88/100|[from] Stealth Rock
|switch|p2a: Chansey|Chansey, F|48/100
|
|-heal|p1a: Latias|94/100|[from] item: Leftovers
|upkeep
|turn|19
|
|t:|1611480195
|move|p1a: Latias|Defog|p2a: Chansey
|-unboost|p2a: Chansey|evasion|1
|-sideend|p1: UU8L Mas|Stealth Rock|[from] move: Defog|[of] p1a: Latias
|move|p2a: Chansey|Soft-Boiled|p2a: Chansey
|-heal|p2a: Chansey|98/100
|
|-heal|p1a: Latias|99/100|[from] item: Leftovers
|upkeep
|turn|20
|
|t:|1611480203
|switch|p1a: Scizor|Scizor, M|88/100
|move|p2a: Chansey|Seismic Toss|p1a: Scizor
|-damage|p1a: Scizor|52/100
|
|upkeep
|turn|21
|
|t:|1611480225
|switch|p2a: Mew|Mew|46/100
|move|p1a: Scizor|Knock Off|p2a: Mew
|-supereffective|p2a: Mew
|-damage|p2a: Mew|0 fnt
|-enditem|p2a: Mew|Leftovers|[from] move: Knock Off|[of] p1a: Scizor
|faint|p2a: Mew
|
|upkeep
|
|t:|1611480240
|switch|p2a: Amoonguss|Amoonguss, F|100/100
|turn|22
|
|t:|1611480249
|switch|p1a: Kyurem|Kyurem|51/100 tox
|-ability|p1a: Kyurem|Pressure
|move|p2a: Amoonguss|Foul Play|p1a: Kyurem
|-damage|p1a: Kyurem|29/100 tox
|
|-damage|p1a: Kyurem|22/100 tox|[from] psn
|upkeep
|turn|23
|
|t:|1611480274
|switch|p2a: Chansey|Chansey, F|98/100
|move|p1a: Kyurem|Ice Beam|p2a: Chansey
|-damage|p2a: Chansey|78/100
|
|-damage|p1a: Kyurem|10/100 tox|[from] psn
|upkeep
|turn|24
|
|t:|1611480291
|switch|p1a: Darmanitan|Darmanitan, M|39/100
|move|p2a: Chansey|Stealth Rock|p1a: Darmanitan
|-sidestart|p1: UU8L Mas|move: Stealth Rock
|
|upkeep
|turn|25
|
|t:|1611480298
|move|p1a: Darmanitan|U-turn|p2a: Chansey
|-damage|p2a: Chansey|60/100
|
|t:|1611480303
|switch|p1a: Latias|Latias, F|99/100|[from]move: U-turn
|-damage|p1a: Latias|88/100|[from] Stealth Rock
|move|p2a: Chansey|Soft-Boiled|p2a: Chansey
|-heal|p2a: Chansey|100/100
|
|-heal|p1a: Latias|94/100|[from] item: Leftovers
|upkeep
|turn|26
|
|t:|1611480312
|move|p1a: Latias|Defog|p2a: Chansey
|-unboost|p2a: Chansey|evasion|1
|-sideend|p1: UU8L Mas|Stealth Rock|[from] move: Defog|[of] p1a: Latias
|move|p2a: Chansey|Toxic|p1a: Latias
|-status|p1a: Latias|tox
|
|-heal|p1a: Latias|99/100 tox|[from] item: Leftovers
|-damage|p1a: Latias|94/100 tox|[from] psn
|upkeep
|turn|27
|
|t:|1611480328
|switch|p1a: Scizor|Scizor, M|52/100
|move|p2a: Chansey|Stealth Rock|p1a: Scizor
|-sidestart|p1: UU8L Mas|move: Stealth Rock
|
|upkeep
|turn|28
|
|t:|1611480335
|switch|p2a: Amoonguss|Amoonguss, F|100/100
|move|p1a: Scizor|Dual Wingbeat|p2a: Amoonguss|[miss]
|-miss|p1a: Scizor|p2a: Amoonguss
|
|upkeep
|turn|29
|c|☆UU8L Stale|so sorry
|
|t:|1611480348
|switch|p2a: Celesteela|Celesteela|100/100
|move|p1a: Scizor|Dual Wingbeat|p2a: Celesteela
|-resisted|p2a: Celesteela
|-damage|p2a: Celesteela|87/100
|-resisted|p2a: Celesteela
|-damage|p2a: Celesteela|73/100
|-hitcount|p2a: Celesteela|2
|
|-heal|p2a: Celesteela|79/100|[from] item: Leftovers
|upkeep
|turn|30
|c|☆UU8L Mas|It's fine dw
|
|t:|1611480368
|switch|p1a: Latias|Latias, F|94/100 tox
|-damage|p1a: Latias|82/100 tox|[from] Stealth Rock
|move|p2a: Celesteela|Leech Seed|p1a: Latias
|-start|p1a: Latias|move: Leech Seed
|
|-heal|p1a: Latias|88/100 tox|[from] item: Leftovers
|-heal|p2a: Celesteela|85/100|[from] item: Leftovers
|-damage|p1a: Latias|75/100 tox|[from] Leech Seed|[of] p2a: Celesteela
|-heal|p2a: Celesteela|97/100|[silent]
|-damage|p1a: Latias|69/100 tox|[from] psn
|upkeep
|turn|31
|
|t:|1611480393
|move|p1a: Latias|Defog|p2a: Celesteela
|-unboost|p2a: Celesteela|evasion|1
|-sideend|p1: UU8L Mas|Stealth Rock|[from] move: Defog|[of] p1a: Latias
|move|p2a: Celesteela|Heavy Slam|p1a: Latias
|-damage|p1a: Latias|25/100 tox
|
|-heal|p1a: Latias|32/100 tox|[from] item: Leftovers
|-heal|p2a: Celesteela|100/100|[from] item: Leftovers
|-damage|p1a: Latias|19/100 tox|[from] Leech Seed|[of] p2a: Celesteela
|-damage|p1a: Latias|7/100 tox|[from] psn
|upkeep
|turn|32
|
|t:|1611480414
|move|p1a: Latias|Healing Wish|p1a: Latias
|faint|p1a: Latias
|move|p2a: Celesteela|Leech Seed|p1: Latias|[notarget]
|-fail|p2a: Celesteela
|
|upkeep
|
|t:|1611480447
|switch|p1a: Kyurem|Kyurem|10/100 tox
|-heal|p1a: Kyurem|100/100|[from] move: Healing Wish
|-ability|p1a: Kyurem|Pressure
|turn|33
|c|☆UU8L Stale|whats ur opinion on latias?
|
|t:|1611480456
|switch|p1a: Scizor|Scizor, M|52/100
|move|p2a: Celesteela|Protect||[still]
|-fail|p2a: Celesteela
|
|upkeep
|turn|34
|c|☆UU8L Mas|Probs ban
|c|☆UU8L Mas|Very overbearing
|c|☆UU8L Mas|It can be support
|c|☆UU8L Mas|Or offense
|c|☆UU8L Mas|Scarf
|c|☆UU8L Stale|ye
|c|☆UU8L Mas|You can't really prep for everything
|c|☆UU8L Mas|Next to go has to be steela
|
|t:|1611480493
|move|p2a: Celesteela|Protect|p2a: Celesteela
|-singleturn|p2a: Celesteela|Protect
|move|p1a: Scizor|Knock Off|p2a: Celesteela
|-activate|p2a: Celesteela|move: Protect
|
|upkeep
|turn|35
|
|t:|1611480502
|switch|p2a: Amoonguss|Amoonguss, F|100/100
|move|p1a: Scizor|Knock Off|p2a: Amoonguss
|-damage|p2a: Amoonguss|59/100
|-damage|p1a: Scizor|36/100|[from] item: Rocky Helmet|[of] p2a: Amoonguss
|-enditem|p2a: Amoonguss|Rocky Helmet|[from] move: Knock Off|[of] p1a: Scizor
|
|upkeep
|turn|36
|c|☆UU8L Stale|steela is nasty af
|
|t:|1611480518
|switch|p1a: Darmanitan|Darmanitan, M|39/100
|move|p2a: Amoonguss|Spore|p1a: Darmanitan
|-status|p1a: Darmanitan|slp|[from] move: Spore
|
|upkeep
|turn|37
|
|t:|1611480525
|switch|p1a: Kyurem|Kyurem|100/100
|-ability|p1a: Kyurem|Pressure
|move|p2a: Amoonguss|Foul Play|p1a: Kyurem
|-damage|p1a: Kyurem|79/100
|
|upkeep
|turn|38
|c|☆UU8L Mas|Just played sacred sword terrak
|c|☆UU8L Mas|Ladders so dead now smh
|c|☆UU8L Stale|wtf
|
|t:|1611480599
|switch|p1a: Scizor|Scizor, M|36/100
|switch|p2a: Celesteela|Celesteela|100/100
|
|upkeep
|turn|39
|
|t:|1611480614
|move|p2a: Celesteela|Protect|p2a: Celesteela
|-singleturn|p2a: Celesteela|Protect
|move|p1a: Scizor|U-turn|p2a: Celesteela
|-activate|p2a: Celesteela|move: Protect
|
|upkeep
|turn|40
|
|t:|1611480622
|move|p1a: Scizor|U-turn|p2a: Celesteela
|-resisted|p2a: Celesteela
|-damage|p2a: Celesteela|87/100
|
|t:|1611480625
|switch|p1a: Kyurem|Kyurem|79/100|[from]move: U-turn
|-ability|p1a: Kyurem|Pressure
|move|p2a: Celesteela|Leech Seed|p1a: Kyurem
|-start|p1a: Kyurem|move: Leech Seed
|
|-heal|p2a: Celesteela|93/100|[from] item: Leftovers
|-damage|p1a: Kyurem|66/100|[from] Leech Seed|[of] p2a: Celesteela
|-heal|p2a: Celesteela|100/100|[silent]
|upkeep
|turn|41
|
|t:|1611480643
|switch|p1a: Scizor|Scizor, M|36/100
|move|p2a: Celesteela|Flamethrower|p1a: Scizor
|-supereffective|p1a: Scizor
|-damage|p1a: Scizor|0 fnt
|faint|p1a: Scizor
|-ability|p2a: Celesteela|Beast Boost|boost
|-boost|p2a: Celesteela|spd|1
|
|upkeep
|c|☆UU8L Mas|Yea gg bro
|c|☆UU8L Stale|gg
|c|☆UU8L Mas|Do hop by rands sometimes
|c|☆UU8L Mas|My main is MaswoodShaheb
|c|☆UU8L Mas|cheers and gl!
|-message|UU8L Mas forfeited.
|
|win|UU8L Stale
|l|☆UU8L Mas
|c|☆UU8L Stale|my main is lockedbeast
|raw|UU8L Mas's rating: 1488 &rarr; <strong>1457</strong><br />(-31 for losing)
|raw|UU8L Stale's rating: 1263 &rarr; <strong>1303</strong><br />(+40 for winning)
