|j|☆motistrat
|j|☆Meracx
|t:|1665173943
|gametype|singles
|player|p1|motistrat|n|
|player|p2|Meracx|thorton|
|teamsize|p1|6
|teamsize|p2|6
|gen|8
|tier|[Gen 8] UU
|rule|Sleep Clause Mod: Limit one foe put to sleep
|rule|Species Clause: Limit one of each Pokémon
|rule|OHKO Clause: OHKO moves are banned
|rule|Evasion Items Clause: Evasion items are banned
|rule|Evasion Moves Clause: Evasion moves are banned
|rule|Endless Battle Clause: Forcing endless battles is banned
|rule|HP Percentage Mod: HP is shown in percentages
|rule|Dynamax Clause: You cannot dynamax
|clearpoke
|poke|p1|Azumarill, M|
|poke|p1|Entei|
|poke|p1|Excadrill, M|
|poke|p1|Mandibuzz, F|
|poke|p1|Tangrowth, M|
|poke|p1|Crobat, M|
|poke|p2|Nihilego|
|poke|p2|Gyarados, F|
|poke|p2|Scizor, F|
|poke|p2|Celesteela|
|poke|p2|Lycanroc-Dusk, F|
|poke|p2|Mamoswine, F|
|teampreview
|c|☆Meracx|hf
|c|☆motistrat|gl hf
|
|t:|1665173972
|start
|switch|p1a: Excadrill|Excadrill, M|100/100
|switch|p2a: Mamoswine|Mamoswine, F|100/100
|-ability|p1a: Excadrill|Mold Breaker
|turn|1
|j| Oreotrague★✿
|
|t:|1665173978
|move|p1a: Excadrill|Iron Head|p2a: Mamoswine
|-supereffective|p2a: Mamoswine
|-damage|p2a: Mamoswine|12/100
|move|p2a: Mamoswine|Earthquake|p1a: Excadrill
|-supereffective|p1a: Excadrill
|-damage|p1a: Excadrill|0 fnt
|faint|p1a: Excadrill
|
|upkeep
|
|t:|1665173987
|switch|p1a: Entei|Entei|100/100
|turn|2
|
|t:|1665173999
|move|p1a: Entei|Sacred Fire|p2a: Mamoswine
|-supereffective|p2a: Mamoswine
|-damage|p2a: Mamoswine|0 fnt
|faint|p2a: Mamoswine
|
|upkeep
|
|t:|1665174006
|switch|p2a: Nihilego|Nihilego|100/100
|turn|3
|
|t:|1665174061
|switch|p1a: Crobat|Crobat, M|100/100
|move|p2a: Nihilego|Meteor Beam||[still]
|-prepare|p2a: Nihilego|Meteor Beam
|-boost|p2a: Nihilego|spa|1
|-enditem|p2a: Nihilego|Power Herb
|-anim|p2a: Nihilego|Meteor Beam|p1a: Crobat
|-supereffective|p1a: Crobat
|-damage|p1a: Crobat|0 fnt
|faint|p1a: Crobat
|-ability|p2a: Nihilego|Beast Boost|boost
|-boost|p2a: Nihilego|spe|1
|
|upkeep
|
|t:|1665174065
|switch|p1a: Azumarill|Azumarill, M|100/100
|turn|4
|
|t:|1665174069
|switch|p2a: Gyarados|Gyarados, F|100/100
|move|p1a: Azumarill|Aqua Jet|p2a: Gyarados
|-resisted|p2a: Gyarados
|-damage|p2a: Gyarados|78/100
|
|upkeep
|turn|5
|j| CaptainEikichi
|
|t:|1665174085
|switch|p1a: Mandibuzz|Mandibuzz, F|100/100
|move|p2a: Gyarados|Power Whip|p1a: Mandibuzz
|-resisted|p1a: Mandibuzz
|-damage|p1a: Mandibuzz|89/100
|
|upkeep
|turn|6
|
|t:|1665174101
|switch|p2a: Nihilego|Nihilego|100/100
|move|p1a: Mandibuzz|U-turn|p2a: Nihilego
|-resisted|p2a: Nihilego
|-damage|p2a: Nihilego|91/100
|
|t:|1665174109
|switch|p1a: Azumarill|Azumarill, M|100/100|[from]move: U-turn
|
|upkeep
|turn|7
|j| altaria58
|
|t:|1665174151
|switch|p2a: Scizor|Scizor, F|100/100
|move|p1a: Azumarill|Aqua Jet|p2a: Scizor
|-damage|p2a: Scizor|51/100
|
|upkeep
|turn|8
|
|t:|1665174165
|switch|p1a: Entei|Entei|100/100
|move|p2a: Scizor|Bullet Punch|p1a: Entei
|-resisted|p1a: Entei
|-damage|p1a: Entei|81/100
|-damage|p2a: Scizor|41/100|[from] item: Life Orb
|
|-heal|p1a: Entei|88/100|[from] item: Leftovers
|upkeep
|turn|9
|
|t:|1665174171
|switch|p2a: Nihilego|Nihilego|91/100
|move|p1a: Entei|Sacred Fire|p2a: Nihilego
|-resisted|p2a: Nihilego
|-damage|p2a: Nihilego|62/100
|-status|p2a: Nihilego|brn
|
|-heal|p1a: Entei|94/100|[from] item: Leftovers
|-damage|p2a: Nihilego|56/100 brn|[from] brn
|upkeep
|turn|10
|j| Nultiprise
|
|t:|1665174203
|move|p2a: Nihilego|Power Gem|p1a: Entei
|-supereffective|p1a: Entei
|-damage|p1a: Entei|14/100
|move|p1a: Entei|Stone Edge|p2a: Nihilego|[miss]
|-miss|p1a: Entei|p2a: Nihilego
|
|-heal|p1a: Entei|21/100|[from] item: Leftovers
|-damage|p2a: Nihilego|50/100 brn|[from] brn
|upkeep
|turn|11
|
|t:|1665174211
|move|p1a: Entei|Protect|p1a: Entei
|-singleturn|p1a: Entei|Protect
|move|p2a: Nihilego|Sludge Wave|p1a: Entei
|-activate|p1a: Entei|move: Protect
|
|-heal|p1a: Entei|27/100|[from] item: Leftovers
|-damage|p2a: Nihilego|44/100 brn|[from] brn
|upkeep
|turn|12
|
|t:|1665174227
|switch|p1a: Mandibuzz|Mandibuzz, F|89/100
|move|p2a: Nihilego|Sludge Wave|p1a: Mandibuzz
|-damage|p1a: Mandibuzz|50/100
|
|-damage|p2a: Nihilego|38/100 brn|[from] brn
|upkeep
|turn|13
|
|t:|1665174236
|switch|p1a: Azumarill|Azumarill, M|100/100
|move|p2a: Nihilego|Power Gem|p1a: Azumarill
|-damage|p1a: Azumarill|56/100
|
|-damage|p2a: Nihilego|32/100 brn|[from] brn
|upkeep
|turn|14
|
|t:|1665174250
|move|p1a: Azumarill|Aqua Jet|p2a: Nihilego
|-supereffective|p2a: Nihilego
|-damage|p2a: Nihilego|0 fnt
|faint|p2a: Nihilego
|
|upkeep
|
|t:|1665174264
|switch|p2a: Gyarados|Gyarados, F|78/100
|turn|15
|
|t:|1665174276
|switch|p1a: Tangrowth|Tangrowth, M|100/100
|move|p2a: Gyarados|Dragon Dance|p2a: Gyarados
|-boost|p2a: Gyarados|atk|1
|-boost|p2a: Gyarados|spe|1
|
|upkeep
|turn|16
|
|t:|1665174287
|move|p2a: Gyarados|Ice Fang|p1a: Tangrowth
|-supereffective|p1a: Tangrowth
|-damage|p1a: Tangrowth|55/100
|cant|p1a: Tangrowth|flinch
|
|upkeep
|turn|17
|
|t:|1665174294
|move|p2a: Gyarados|Ice Fang|p1a: Tangrowth
|-supereffective|p1a: Tangrowth
|-damage|p1a: Tangrowth|5/100
|move|p1a: Tangrowth|Power Whip|p2a: Gyarados
|-damage|p2a: Gyarados|20/100
|
|upkeep
|turn|18
|
|t:|1665174312
|switch|p1a: Mandibuzz|Mandibuzz, F|50/100
|move|p2a: Gyarados|Waterfall|p1a: Mandibuzz
|-damage|p1a: Mandibuzz|16/100
|
|upkeep
|turn|19
|
|t:|1665174319
|move|p2a: Gyarados|Waterfall|p1a: Mandibuzz
|-damage|p1a: Mandibuzz|0 fnt
|faint|p1a: Mandibuzz
|-ability|p2a: Gyarados|Moxie|boost
|-boost|p2a: Gyarados|atk|1
|
|upkeep
|
|t:|1665174321
|switch|p1a: Azumarill|Azumarill, M|56/100
|turn|20
|
|t:|1665174324
|move|p1a: Azumarill|Aqua Jet|p2a: Gyarados
|-resisted|p2a: Gyarados
|-damage|p2a: Gyarados|0 fnt
|faint|p2a: Gyarados
|
|upkeep
|
|t:|1665174332
|switch|p2a: Celesteela|Celesteela|100/100
|turn|21
|
|t:|1665174339
|switch|p1a: Entei|Entei|27/100
|move|p2a: Celesteela|Meteor Beam||[still]
|-prepare|p2a: Celesteela|Meteor Beam
|-boost|p2a: Celesteela|spa|1
|-enditem|p2a: Celesteela|Power Herb
|-anim|p2a: Celesteela|Meteor Beam|p1a: Entei
|-supereffective|p1a: Entei
|-damage|p1a: Entei|0 fnt
|faint|p1a: Entei
|-ability|p2a: Celesteela|Beast Boost|boost
|-boost|p2a: Celesteela|spa|1
|
|upkeep
|
|t:|1665174347
|switch|p1a: Azumarill|Azumarill, M|56/100
|turn|22
|
|t:|1665174349
|move|p2a: Celesteela|Air Slash|p1a: Azumarill
|-damage|p1a: Azumarill|0 fnt
|faint|p1a: Azumarill
|-ability|p2a: Celesteela|Beast Boost|boost
|-boost|p2a: Celesteela|spa|1
|
|upkeep
|
|t:|1665174352
|switch|p1a: Tangrowth|Tangrowth, M|39/100
|turn|23
|
|t:|1665174355
|move|p2a: Celesteela|Flamethrower|p1a: Tangrowth
|-supereffective|p1a: Tangrowth
|-damage|p1a: Tangrowth|0 fnt
|faint|p1a: Tangrowth
|
|win|Meracx
|c|☆Meracx|gg
|l| CaptainEikichi
|l| Oreotrague★✿
