|j|☆spac3man
|j|☆johnfisher225
|t:|1667814148
|gametype|singles
|player|p1|spac3man|101|1362
|player|p2|johnfisher225|janitor|1556
|teamsize|p1|6
|teamsize|p2|6
|gen|8
|tier|[Gen 8] UU
|rated|
|rule|Sleep Clause Mod: Limit one foe put to sleep
|rule|Species Clause: Limit one of each Pokémon
|rule|OHKO Clause: OHKO moves are banned
|rule|Evasion Items Clause: Evasion items are banned
|rule|Evasion Moves Clause: Evasion moves are banned
|rule|Endless Battle Clause: Forcing endless battles is banned
|rule|HP Percentage Mod: HP is shown in percentages
|rule|Dynamax Clause: You cannot dynamax
|clearpoke
|poke|p1|Swampert, F|
|poke|p1|Salamence, F|
|poke|p1|Amoonguss, F|
|poke|p1|Keldeo|
|poke|p1|Scizor, M|
|poke|p1|Hydreigon, M|
|poke|p2|Excadrill, F|
|poke|p2|Sceptile, F|
|poke|p2|Tapu Bulu|
|poke|p2|Thundurus-Therian, M|
|poke|p2|Keldeo-Resolute|
|poke|p2|Nihilego|
|teampreview
|inactive|Battle timer is ON: inactive players will automatically lose when time's up. (requested by johnfisher225)
|
|t:|1667814161
|start
|switch|p1a: Scizor|Scizor, M|100/100
|switch|p2a: Excadrill|Excadrill, F|100/100
|-ability|p2a: Excadrill|Mold Breaker
|turn|1
|
|t:|1667814168
|move|p2a: Excadrill|Stealth Rock|p1a: Scizor
|-sidestart|p1: spac3man|move: Stealth Rock
|move|p1a: Scizor|Superpower|p2a: Excadrill
|-supereffective|p2a: Excadrill
|-enditem|p2a: Excadrill|Focus Sash
|-damage|p2a: Excadrill|1/100
|-unboost|p1a: Scizor|atk|1
|-unboost|p1a: Scizor|def|1
|
|upkeep
|turn|2
|
|t:|1667814178
|move|p1a: Scizor|Bullet Punch|p2a: Excadrill
|-resisted|p2a: Excadrill
|-damage|p2a: Excadrill|0 fnt
|faint|p2a: Excadrill
|
|upkeep
|
|t:|1667814187
|switch|p2a: Keldeo|Keldeo-Resolute|100/100
|turn|3
|
|t:|1667814194
|switch|p1a: Amoonguss|Amoonguss, F|100/100
|-damage|p1a: Amoonguss|88/100|[from] Stealth Rock
|move|p2a: Keldeo|Calm Mind|p2a: Keldeo
|-boost|p2a: Keldeo|spa|1
|-boost|p2a: Keldeo|spd|1
|
|-heal|p1a: Amoonguss|94/100|[from] item: Black Sludge
|upkeep
|turn|4
|
|t:|1667814204
|move|p2a: Keldeo|Icy Wind|p1a: Amoonguss
|-supereffective|p1a: Amoonguss
|-damage|p1a: Amoonguss|39/100
|-unboost|p1a: Amoonguss|spe|1
|move|p1a: Amoonguss|Spore|p2a: Keldeo
|-status|p2a: Keldeo|slp|[from] move: Spore
|
|-heal|p1a: Amoonguss|45/100|[from] item: Black Sludge
|upkeep
|turn|5
|
|t:|1667814218
|switch|p2a: Nihilego|Nihilego|100/100
|switch|p1a: Salamence|Salamence, F|100/100
|-damage|p1a: Salamence|76/100|[from] Stealth Rock
|-ability|p1a: Salamence|Intimidate|boost
|-unboost|p2a: Nihilego|atk|1
|
|upkeep
|turn|6
|
|t:|1667814241
|move|p2a: Nihilego|Grass Knot|p1a: Salamence
|-resisted|p1a: Salamence
|-damage|p1a: Salamence|66/100
|move|p1a: Salamence|Hydro Pump|p2a: Nihilego|[miss]
|-miss|p1a: Salamence|p2a: Nihilego
|
|upkeep
|turn|7
|
|t:|1667814250
|switch|p1a: Scizor|Scizor, M|100/100
|-damage|p1a: Scizor|88/100|[from] Stealth Rock
|move|p2a: Nihilego|Meteor Beam||[still]
|-prepare|p2a: Nihilego|Meteor Beam
|-boost|p2a: Nihilego|spa|1
|-enditem|p2a: Nihilego|Power Herb
|-anim|p2a: Nihilego|Meteor Beam|p1a: Scizor
|-damage|p1a: Scizor|0 fnt
|faint|p1a: Scizor
|-ability|p2a: Nihilego|Beast Boost|boost
|-boost|p2a: Nihilego|spe|1
|
|upkeep
|
|t:|1667814270
|switch|p1a: Keldeo|Keldeo|100/100
|-damage|p1a: Keldeo|94/100|[from] Stealth Rock
|turn|8
|
|t:|1667814275
|move|p1a: Keldeo|Hydro Pump|p2a: Nihilego
|-supereffective|p2a: Nihilego
|-damage|p2a: Nihilego|20/100
|move|p2a: Nihilego|Thunderbolt|p1a: Keldeo
|-supereffective|p1a: Keldeo
|-damage|p1a: Keldeo|1/100
|
|upkeep
|turn|9
|
|t:|1667814283
|switch|p2a: Tapu Bulu|Tapu Bulu|100/100
|-fieldstart|move: Grassy Terrain|[from] ability: Grassy Surge|[of] p2a: Tapu Bulu
|move|p1a: Keldeo|Hydro Pump|p2a: Tapu Bulu
|-resisted|p2a: Tapu Bulu
|-damage|p2a: Tapu Bulu|65/100
|
|-heal|p1a: Keldeo|8/100|[from] Grassy Terrain
|-heal|p2a: Tapu Bulu|71/100|[from] Grassy Terrain
|upkeep
|turn|10
|
|t:|1667814297
|switch|p1a: Salamence|Salamence, F|66/100
|-damage|p1a: Salamence|41/100|[from] Stealth Rock
|-ability|p1a: Salamence|Intimidate|boost
|-unboost|p2a: Tapu Bulu|atk|1
|switch|p2a: Sceptile|Sceptile, F|100/100
|-enditem|p2a: Sceptile|Grassy Seed
|-boost|p2a: Sceptile|def|1|[from] item: Grassy Seed
|
|upkeep
|turn|11
|
|t:|1667814307
|move|p2a: Sceptile|Rock Slide|p1a: Salamence
|-supereffective|p1a: Salamence
|-damage|p1a: Salamence|0 fnt
|faint|p1a: Salamence
|
|upkeep
|
|t:|1667814318
|switch|p1a: Hydreigon|Hydreigon, M|100/100
|-damage|p1a: Hydreigon|88/100|[from] Stealth Rock
|turn|12
|
|t:|1667814324
|move|p2a: Sceptile|Swords Dance|p2a: Sceptile
|-boost|p2a: Sceptile|atk|2
|move|p1a: Hydreigon|Head Smash|p2a: Sceptile
|-damage|p2a: Sceptile|28/100
|-damage|p1a: Hydreigon|57/100|[from] Recoil
|-damage|p1a: Hydreigon|47/100|[from] item: Life Orb
|
|-heal|p2a: Sceptile|34/100|[from] Grassy Terrain
|upkeep
|turn|13
|
|t:|1667814335
|move|p2a: Sceptile|Acrobatics|p1a: Hydreigon
|-damage|p1a: Hydreigon|0 fnt
|faint|p1a: Hydreigon
|
|-heal|p2a: Sceptile|40/100|[from] Grassy Terrain
|upkeep
|
|t:|1667814345
|switch|p1a: Keldeo|Keldeo|8/100
|-damage|p1a: Keldeo|1/100|[from] Stealth Rock
|turn|14
|
|t:|1667814350
|move|p2a: Sceptile|Leaf Blade|p1a: Keldeo
|-supereffective|p1a: Keldeo
|-damage|p1a: Keldeo|0 fnt
|faint|p1a: Keldeo
|
|-heal|p2a: Sceptile|46/100|[from] Grassy Terrain
|upkeep
|-message|spac3man forfeited.
|
|win|johnfisher225
|raw|spac3man's rating: 1362 &rarr; <strong>1352</strong><br />(-10 for losing)
|raw|johnfisher225's rating: 1556 &rarr; <strong>1566</strong><br />(+10 for winning)
|l|☆spac3man
