|j|☆joliemome
|j|☆ariana = testing
|t:|1641680842
|gametype|singles
|player|p1|joliemome|beauty-gen4dp|1403
|player|p2|ariana = testing|wallace|1388
|teamsize|p1|6
|teamsize|p2|6
|gen|8
|tier|[Gen 8] UU
|rated|
|rule|Sleep Clause Mod: Limit one foe put to sleep
|rule|Species Clause: Limit one of each Pokémon
|rule|OHKO Clause: OHKO moves are banned
|rule|Evasion Moves Clause: Evasion moves are banned
|rule|Endless Battle Clause: Forcing endless battles is banned
|rule|HP Percentage Mod: HP is shown in percentages
|rule|Dynamax Clause: You cannot dynamax
|clearpoke
|poke|p1|Obstagoon, F|
|poke|p1|Nihilego|
|poke|p1|Swampert, M|
|poke|p1|Darmanitan, F|
|poke|p1|Tapu Bulu|
|poke|p1|Skarmory, F|
|poke|p2|Jirachi|
|poke|p2|Thundurus-Therian, M|
|poke|p2|Aegislash, F|
|poke|p2|Azumarill, F|
|poke|p2|Excadrill, F|
|poke|p2|Moltres-Galar|
|teampreview
|
|t:|1641680861
|start
|switch|p1a: Darmanitan|Darmanitan, F|100/100
|switch|p2a: Aegislash|Aegislash, F|100/100
|turn|1
|
|t:|1641680882
|move|p2a: Aegislash|King's Shield|p2a: Aegislash
|-singleturn|p2a: Aegislash|Protect
|move|p1a: Darmanitan|Flare Blitz|p2a: Aegislash
|-activate|p2a: Aegislash|move: Protect
|-unboost|p1a: Darmanitan|atk|1
|
|upkeep
|turn|2
|
|t:|1641680889
|switch|p2a: Azumarill|Azumarill, F|100/100
|move|p1a: Darmanitan|Flare Blitz|p2a: Azumarill
|-resisted|p2a: Azumarill
|-damage|p2a: Azumarill|67/100
|-damage|p1a: Darmanitan|90/100|[from] Recoil
|
|upkeep
|turn|3
|
|t:|1641680899
|switch|p1a: Tapu Bulu|Tapu Bulu|100/100
|-fieldstart|move: Grassy Terrain|[from] ability: Grassy Surge|[of] p1a: Tapu Bulu
|move|p2a: Azumarill|Belly Drum|p2a: Azumarill
|-damage|p2a: Azumarill|17/100
|-setboost|p2a: Azumarill|atk|6|[from] move: Belly Drum
|-enditem|p2a: Azumarill|Sitrus Berry|[eat]
|-heal|p2a: Azumarill|42/100|[from] item: Sitrus Berry
|
|-heal|p2a: Azumarill|48/100|[from] Grassy Terrain
|upkeep
|turn|4
|
|t:|1641680911
|move|p1a: Tapu Bulu|Horn Leech|p2a: Azumarill
|-supereffective|p2a: Azumarill
|-damage|p2a: Azumarill|0 fnt
|faint|p2a: Azumarill
|
|upkeep
|
|t:|1641680919
|switch|p2a: Moltres|Moltres-Galar|100/100
|turn|5
|
|t:|1641680924
|switch|p1a: Nihilego|Nihilego|100/100
|move|p2a: Moltres|Hurricane|p1a: Nihilego
|-resisted|p1a: Nihilego
|-damage|p1a: Nihilego|83/100
|
|-heal|p1a: Nihilego|89/100|[from] Grassy Terrain
|upkeep
|turn|6
|
|t:|1641680934
|switch|p1a: Darmanitan|Darmanitan, F|90/100
|switch|p2a: Excadrill|Excadrill, F|100/100
|-ability|p2a: Excadrill|Mold Breaker
|
|-heal|p1a: Darmanitan|96/100|[from] Grassy Terrain
|upkeep
|turn|7
|
|t:|1641680942
|move|p1a: Darmanitan|Flare Blitz|p2a: Excadrill
|-supereffective|p2a: Excadrill
|-damage|p2a: Excadrill|0 fnt
|faint|p2a: Excadrill
|-damage|p1a: Darmanitan|62/100|[from] Recoil
|
|-heal|p1a: Darmanitan|68/100|[from] Grassy Terrain
|-fieldend|move: Grassy Terrain
|upkeep
|
|t:|1641680950
|switch|p2a: Aegislash|Aegislash, F|100/100
|turn|8
|
|t:|1641680954
|move|p2a: Aegislash|King's Shield|p2a: Aegislash
|-singleturn|p2a: Aegislash|Protect
|move|p1a: Darmanitan|Flare Blitz|p2a: Aegislash
|-activate|p2a: Aegislash|move: Protect
|-unboost|p1a: Darmanitan|atk|1
|
|upkeep
|turn|9
|
|t:|1641680985
|switch|p2a: Moltres|Moltres-Galar|100/100
|move|p1a: Darmanitan|Flare Blitz|p2a: Moltres
|-damage|p2a: Moltres|32/100
|-damage|p1a: Darmanitan|48/100|[from] Recoil
|
|upkeep
|turn|10
|
|t:|1641680992
|move|p1a: Darmanitan|Flare Blitz|p2a: Moltres
|-damage|p2a: Moltres|0 fnt
|faint|p2a: Moltres
|-damage|p1a: Darmanitan|38/100|[from] Recoil
|
|upkeep
|
|t:|1641680999
|switch|p2a: Jirachi|Jirachi|100/100
|turn|11
|
|t:|1641681007
|switch|p1a: Swampert|Swampert, M|100/100
|move|p2a: Jirachi|Iron Head|p1a: Swampert
|-resisted|p1a: Swampert
|-crit|p1a: Swampert
|-damage|p1a: Swampert|77/100
|
|-heal|p1a: Swampert|83/100|[from] item: Leftovers
|upkeep
|turn|12
|-message|ariana = testing forfeited.
|
|win|joliemome
|raw|joliemome's rating: 1403 &rarr; <strong>1422</strong><br />(+19 for winning)
|raw|ariana = testing's rating: 1388 &rarr; <strong>1369</strong><br />(-19 for losing)
|l|☆ariana = testing
||Ladder isn't responding, score probably updated but might not have (Request timeout).
