|j|☆GreatSwitch!
|j|☆DDD951
|t:|1665348825
|gametype|singles
|player|p1|GreatSwitch!|101|1624
|player|p2|DDD951|1|1493
|teamsize|p1|6
|teamsize|p2|6
|gen|8
|tier|[Gen 8] UU
|rated|
|rule|Sleep Clause Mod: Limit one foe put to sleep
|rule|Species Clause: Limit one of each Pokémon
|rule|OHKO Clause: OHKO moves are banned
|rule|Evasion Items Clause: Evasion items are banned
|rule|Evasion Moves Clause: Evasion moves are banned
|rule|Endless Battle Clause: Forcing endless battles is banned
|rule|HP Percentage Mod: HP is shown in percentages
|rule|Dynamax Clause: You cannot dynamax
|clearpoke
|poke|p1|Reuniclus, F|
|poke|p1|Hydreigon, M|
|poke|p1|Chansey, F|
|poke|p1|Salamence, F|
|poke|p1|Cobalion|
|poke|p1|Hippowdon, M|
|poke|p2|Scizor, M|
|poke|p2|Gyarados, F|
|poke|p2|Regieleki|
|poke|p2|Hydreigon, M|
|poke|p2|Tangrowth, F|
|poke|p2|Mamoswine, M|
|teampreview
|
|t:|1665348847
|start
|switch|p1a: Cobalion|Cobalion|100/100
|switch|p2a: Tangrowth|Tangrowth, F|100/100
|turn|1
|
|t:|1665348853
|switch|p1a: Reuniclus|Reuniclus, F, shiny|100/100
|move|p2a: Tangrowth|Earthquake|p1a: Reuniclus
|-damage|p1a: Reuniclus|83/100
|
|upkeep
|turn|2
|
|t:|1665348859
|move|p2a: Tangrowth|Knock Off|p1a: Reuniclus
|-supereffective|p1a: Reuniclus
|-enditem|p1a: Reuniclus|Colbur Berry|[eat]
|-enditem|p1a: Reuniclus|Colbur Berry|[weaken]
|-damage|p1a: Reuniclus|65/100
|move|p1a: Reuniclus|Focus Blast|p2a: Tangrowth
|-damage|p2a: Tangrowth|76/100
|
|upkeep
|turn|3
|
|t:|1665348868
|move|p2a: Tangrowth|Sludge Bomb|p1a: Reuniclus
|-damage|p1a: Reuniclus|44/100
|move|p1a: Reuniclus|Recover|p1a: Reuniclus
|-heal|p1a: Reuniclus|94/100
|
|upkeep
|turn|4
|
|t:|1665348876
|move|p2a: Tangrowth|Giga Drain|p1a: Reuniclus
|-damage|p1a: Reuniclus|67/100
|-heal|p2a: Tangrowth|90/100|[from] drain|[of] p1a: Reuniclus
|move|p1a: Reuniclus|Calm Mind|p1a: Reuniclus
|-boost|p1a: Reuniclus|spa|1
|-boost|p1a: Reuniclus|spd|1
|
|upkeep
|turn|5
|
|t:|1665348885
|switch|p2a: Hydreigon|Hydreigon, M|100/100
|move|p1a: Reuniclus|Focus Blast|p2a: Hydreigon|[miss]
|-miss|p1a: Reuniclus|p2a: Hydreigon
|
|upkeep
|turn|6
|
|t:|1665348890
|switch|p1a: Cobalion|Cobalion|100/100
|move|p2a: Hydreigon|Dark Pulse|p1a: Cobalion
|-resisted|p1a: Cobalion
|-damage|p1a: Cobalion|58/100
|-ability|p1a: Cobalion|Justified|boost
|-boost|p1a: Cobalion|atk|1
|
|upkeep
|turn|7
|
|t:|1665348901
|switch|p2a: Gyarados|Gyarados, F|100/100
|-ability|p2a: Gyarados|Intimidate|boost
|-unboost|p1a: Cobalion|atk|1
|move|p1a: Cobalion|Close Combat|p2a: Gyarados
|-resisted|p2a: Gyarados
|-damage|p2a: Gyarados|76/100
|-unboost|p1a: Cobalion|def|1
|-unboost|p1a: Cobalion|spd|1
|
|-heal|p2a: Gyarados|82/100|[from] item: Leftovers
|upkeep
|turn|8
|
|t:|1665348915
|switch|p1a: Salamence|Salamence, F|100/100
|-ability|p1a: Salamence|Intimidate|boost
|-unboost|p2a: Gyarados|atk|1
|switch|p2a: Mamoswine|Mamoswine, M|100/100
|
|upkeep
|turn|9
|
|t:|1665348957
|move|p2a: Mamoswine|Stealth Rock|p1a: Salamence
|-sidestart|p1: GreatSwitch!|move: Stealth Rock
|move|p1a: Salamence|Flamethrower|p2a: Mamoswine
|-supereffective|p2a: Mamoswine
|-damage|p2a: Mamoswine|71/100
|
|upkeep
|turn|10
|
|t:|1665348967
|switch|p1a: Cobalion|Cobalion|58/100
|-damage|p1a: Cobalion|55/100|[from] Stealth Rock
|move|p2a: Mamoswine|Icicle Spear|p1a: Cobalion
|-resisted|p1a: Cobalion
|-damage|p1a: Cobalion|48/100
|-resisted|p1a: Cobalion
|-damage|p1a: Cobalion|40/100
|-resisted|p1a: Cobalion
|-damage|p1a: Cobalion|31/100
|-hitcount|p1a: Cobalion|3
|-damage|p2a: Mamoswine|61/100|[from] item: Life Orb
|
|upkeep
|turn|11
|
|t:|1665348979
|move|p1a: Cobalion|Swords Dance|p1a: Cobalion
|-boost|p1a: Cobalion|atk|2
|move|p2a: Mamoswine|Earthquake|p1a: Cobalion
|-supereffective|p1a: Cobalion
|-damage|p1a: Cobalion|0 fnt
|faint|p1a: Cobalion
|-damage|p2a: Mamoswine|51/100|[from] item: Life Orb
|
|upkeep
|
|t:|1665348986
|switch|p1a: Hydreigon|Hydreigon, M|100/100
|-damage|p1a: Hydreigon|88/100|[from] Stealth Rock
|turn|12
|
|t:|1665348993
|switch|p2a: Tangrowth|Tangrowth, F|100/100
|move|p1a: Hydreigon|Fire Blast|p2a: Tangrowth
|-supereffective|p2a: Tangrowth
|-damage|p2a: Tangrowth|53/100
|
|upkeep
|turn|13
|
|t:|1665349001
|switch|p1a: Hippowdon|Hippowdon, M|100/100
|-damage|p1a: Hippowdon|94/100|[from] Stealth Rock
|-weather|Sandstorm|[from] ability: Sand Stream|[of] p1a: Hippowdon
|move|p2a: Tangrowth|Sludge Bomb|p1a: Hippowdon
|-resisted|p1a: Hippowdon
|-damage|p1a: Hippowdon|85/100
|
|-weather|Sandstorm|[upkeep]
|-damage|p2a: Tangrowth|47/100|[from] Sandstorm
|-heal|p1a: Hippowdon|91/100|[from] item: Leftovers
|upkeep
|turn|14
|
|t:|1665349012
|move|p1a: Hippowdon|Stealth Rock|p2a: Tangrowth
|-sidestart|p2: DDD951|move: Stealth Rock
|move|p2a: Tangrowth|Giga Drain|p1a: Hippowdon
|-supereffective|p1a: Hippowdon
|-damage|p1a: Hippowdon|41/100
|-heal|p2a: Tangrowth|73/100|[from] drain|[of] p1a: Hippowdon
|
|-weather|Sandstorm|[upkeep]
|-damage|p2a: Tangrowth|67/100|[from] Sandstorm
|-heal|p1a: Hippowdon|47/100|[from] item: Leftovers
|upkeep
|turn|15
|inactive|Battle timer is ON: inactive players will automatically lose when time's up. (requested by GreatSwitch!)
|
|t:|1665349020
|switch|p1a: Reuniclus|Reuniclus, F, shiny|67/100
|move|p2a: Tangrowth|Giga Drain|p1a: Reuniclus
|-damage|p1a: Reuniclus|39/100
|-heal|p2a: Tangrowth|82/100|[from] drain|[of] p1a: Reuniclus
|
|-weather|Sandstorm|[upkeep]
|-damage|p2a: Tangrowth|75/100|[from] Sandstorm
|upkeep
|turn|16
|
|t:|1665349030
|switch|p2a: Hydreigon|Hydreigon, M|100/100
|-damage|p2a: Hydreigon|88/100|[from] Stealth Rock
|move|p1a: Reuniclus|Recover|p1a: Reuniclus
|-heal|p1a: Reuniclus|89/100
|
|-weather|Sandstorm|[upkeep]
|-damage|p2a: Hydreigon|82/100|[from] Sandstorm
|upkeep
|turn|17
|
|t:|1665349038
|switch|p1a: Chansey|Chansey, F|100/100
|-damage|p1a: Chansey|88/100|[from] Stealth Rock
|move|p2a: Hydreigon|Dark Pulse|p1a: Chansey
|-damage|p1a: Chansey|69/100
|
|-weather|none
|upkeep
|turn|18
|
|t:|1665349046
|switch|p2a: Tangrowth|Tangrowth, F|100/100
|-damage|p2a: Tangrowth|88/100|[from] Stealth Rock
|move|p1a: Chansey|Teleport|p1a: Chansey
|
|t:|1665349048
|switch|p1a: Reuniclus|Reuniclus, F, shiny|89/100|[from]move: Teleport
|
|upkeep
|turn|19
|
|t:|1665349057
|move|p2a: Tangrowth|Giga Drain|p1a: Reuniclus
|-damage|p1a: Reuniclus|65/100
|-heal|p2a: Tangrowth|100/100|[from] drain|[of] p1a: Reuniclus
|move|p1a: Reuniclus|Calm Mind|p1a: Reuniclus
|-boost|p1a: Reuniclus|spa|1
|-boost|p1a: Reuniclus|spd|1
|
|upkeep
|turn|20
|
|t:|1665349064
|move|p2a: Tangrowth|Knock Off|p1a: Reuniclus
|-supereffective|p1a: Reuniclus
|-damage|p1a: Reuniclus|43/100
|move|p1a: Reuniclus|Focus Blast|p2a: Tangrowth|[miss]
|-miss|p1a: Reuniclus|p2a: Tangrowth
|
|upkeep
|turn|21
|
|t:|1665349070
|switch|p2a: Hydreigon|Hydreigon, M|82/100
|-damage|p2a: Hydreigon|70/100|[from] Stealth Rock
|move|p1a: Reuniclus|Focus Blast|p2a: Hydreigon
|-supereffective|p2a: Hydreigon
|-damage|p2a: Hydreigon|0 fnt
|faint|p2a: Hydreigon
|
|upkeep
|
|t:|1665349078
|switch|p2a: Mamoswine|Mamoswine, M|51/100
|-damage|p2a: Mamoswine|38/100|[from] Stealth Rock
|turn|22
|
|t:|1665349094
|switch|p1a: Chansey|Chansey, F|69/100
|-damage|p1a: Chansey|56/100|[from] Stealth Rock
|move|p2a: Mamoswine|Earthquake|p1a: Chansey
|-damage|p1a: Chansey|7/100
|-damage|p2a: Mamoswine|28/100|[from] item: Life Orb
|
|upkeep
|turn|23
|
|t:|1665349102
|move|p2a: Mamoswine|Icicle Spear|p1a: Chansey
|-damage|p1a: Chansey|0 fnt
|faint|p1a: Chansey
|-hitcount|p1: Chansey|1
|-damage|p2a: Mamoswine|18/100|[from] item: Life Orb
|
|upkeep
|
|t:|1665349106
|switch|p1a: Hydreigon|Hydreigon, M|88/100
|-damage|p1a: Hydreigon|76/100|[from] Stealth Rock
|turn|24
|
|t:|1665349113
|move|p2a: Mamoswine|Ice Shard|p1a: Hydreigon
|-supereffective|p1a: Hydreigon
|-damage|p1a: Hydreigon|8/100
|-damage|p2a: Mamoswine|8/100|[from] item: Life Orb
|move|p1a: Hydreigon|Dark Pulse|p2a: Mamoswine
|-damage|p2a: Mamoswine|0 fnt
|faint|p2a: Mamoswine
|
|upkeep
|
|t:|1665349122
|switch|p2a: Regieleki|Regieleki|100/100
|turn|25
|
|t:|1665349126
|switch|p1a: Hippowdon|Hippowdon, M|47/100
|-damage|p1a: Hippowdon|41/100|[from] Stealth Rock
|-weather|Sandstorm|[from] ability: Sand Stream|[of] p1a: Hippowdon
|move|p2a: Regieleki|Rapid Spin|p1a: Hippowdon
|-damage|p1a: Hippowdon|36/100
|-boost|p2a: Regieleki|spe|1
|-sideend|p2: DDD951|Stealth Rock|[from] move: Rapid Spin|[of] p2a: Regieleki
|
|-weather|Sandstorm|[upkeep]
|-damage|p2a: Regieleki|95/100|[from] Sandstorm
|-heal|p1a: Hippowdon|42/100|[from] item: Leftovers
|upkeep
|turn|26
|
|t:|1665349139
|switch|p2a: Scizor|Scizor, M|100/100
|move|p1a: Hippowdon|Toxic|p2a: Scizor
|-immune|p2a: Scizor
|
|-weather|Sandstorm|[upkeep]
|-heal|p1a: Hippowdon|48/100|[from] item: Leftovers
|upkeep
|turn|27
|
|t:|1665349146
|move|p2a: Scizor|Swords Dance|p2a: Scizor
|-boost|p2a: Scizor|atk|2
|move|p1a: Hippowdon|Slack Off|p1a: Hippowdon
|-heal|p1a: Hippowdon|98/100
|
|-weather|Sandstorm|[upkeep]
|-heal|p1a: Hippowdon|100/100|[from] item: Leftovers
|upkeep
|turn|28
|
|t:|1665349153
|switch|p1a: Salamence|Salamence, F|100/100
|-ability|p1a: Salamence|Intimidate|boost
|-unboost|p2a: Scizor|atk|1
|move|p2a: Scizor|Swords Dance|p2a: Scizor
|-boost|p2a: Scizor|atk|2
|
|-weather|Sandstorm|[upkeep]
|-damage|p1a: Salamence|94/100|[from] Sandstorm
|upkeep
|turn|29
|
|t:|1665349168
|move|p2a: Scizor|Bullet Punch|p1a: Salamence
|-damage|p1a: Salamence|39/100
|move|p1a: Salamence|Flamethrower|p2a: Scizor
|-supereffective|p2a: Scizor
|-damage|p2a: Scizor|0 fnt
|faint|p2a: Scizor
|
|-weather|none
|upkeep
|
|t:|1665349175
|switch|p2a: Gyarados|Gyarados, F|82/100
|-ability|p2a: Gyarados|Intimidate|boost
|-unboost|p1a: Salamence|atk|1
|turn|30
|
|t:|1665349179
|move|p2a: Gyarados|Dragon Dance|p2a: Gyarados
|-boost|p2a: Gyarados|atk|1
|-boost|p2a: Gyarados|spe|1
|move|p1a: Salamence|Defog|p2a: Gyarados
|-unboost|p2a: Gyarados|evasion|1
|-sideend|p1: GreatSwitch!|Stealth Rock|[from] move: Defog|[of] p1a: Salamence
|
|-heal|p2a: Gyarados|88/100|[from] item: Leftovers
|upkeep
|turn|31
|
|t:|1665349187
|move|p2a: Gyarados|Dragon Dance|p2a: Gyarados
|-boost|p2a: Gyarados|atk|1
|-boost|p2a: Gyarados|spe|1
|move|p1a: Salamence|Dual Wingbeat|p2a: Gyarados
|-damage|p2a: Gyarados|75/100
|-damage|p2a: Gyarados|62/100
|-hitcount|p2a: Gyarados|2
|
|-heal|p2a: Gyarados|68/100|[from] item: Leftovers
|upkeep
|turn|32
|
|t:|1665349197
|switch|p1a: Hippowdon|Hippowdon, M|100/100
|-weather|Sandstorm|[from] ability: Sand Stream|[of] p1a: Hippowdon
|move|p2a: Gyarados|Dragon Dance|p2a: Gyarados
|-boost|p2a: Gyarados|atk|1
|-boost|p2a: Gyarados|spe|1
|
|-weather|Sandstorm|[upkeep]
|-damage|p2a: Gyarados|62/100|[from] Sandstorm
|-heal|p2a: Gyarados|68/100|[from] item: Leftovers
|upkeep
|turn|33
|
|t:|1665349206
|move|p2a: Gyarados|Substitute|p2a: Gyarados
|-start|p2a: Gyarados|Substitute
|-damage|p2a: Gyarados|43/100
|move|p1a: Hippowdon|Toxic||[still]
|-fail|p1a: Hippowdon
|
|-weather|Sandstorm|[upkeep]
|-damage|p2a: Gyarados|37/100|[from] Sandstorm
|-heal|p2a: Gyarados|43/100|[from] item: Leftovers
|upkeep
|turn|34
|-message|GreatSwitch! forfeited.
|
|win|DDD951
|raw|GreatSwitch!'s rating: 1624 &rarr; <strong>1597</strong><br />(-27 for losing)
|raw|DDD951's rating: 1493 &rarr; <strong>1520</strong><br />(+27 for winning)
|l|☆GreatSwitch!
||Ladder isn't responding, score probably updated but might not have (Request timeout).
