|j|☆Ecw Tazz Rvd
|j|☆LolzMachine
|t:|1667655627
|gametype|singles
|player|p1|Ecw Tazz Rvd|170|1475
|player|p2|LolzMachine|265|1595
|teamsize|p1|6
|teamsize|p2|6
|gen|8
|tier|[Gen 8] UU
|rated|
|rule|Sleep Clause Mod: Limit one foe put to sleep
|rule|Species Clause: Limit one of each Pokémon
|rule|OHKO Clause: OHKO moves are banned
|rule|Evasion Items Clause: Evasion items are banned
|rule|Evasion Moves Clause: Evasion moves are banned
|rule|Endless Battle Clause: Forcing endless battles is banned
|rule|HP Percentage Mod: HP is shown in percentages
|rule|Dynamax Clause: You cannot dynamax
|clearpoke
|poke|p1|Polteageist|
|poke|p1|Darmanitan, M|
|poke|p1|Thundurus-Therian, M|
|poke|p1|Porygon2|
|poke|p1|Scizor, M|
|poke|p1|Salamence, M|
|poke|p2|Magneton|
|poke|p2|Scolipede, M|
|poke|p2|Lycanroc-Dusk, F|
|poke|p2|Excadrill, F|
|poke|p2|Primarina, F|
|poke|p2|Necrozma|
|teampreview
|
|t:|1667655639
|start
|switch|p1a: Scizor|Scizor, M|100/100
|switch|p2a: Necrozma|Necrozma|100/100
|turn|1
|
|t:|1667655651
|move|p2a: Necrozma|Heat Wave|p1a: Scizor
|-supereffective|p1a: Scizor
|-damage|p1a: Scizor|0 fnt
|faint|p1a: Scizor
|
|upkeep
|
|t:|1667655659
|switch|p1a: 2012|Salamence, M, shiny|100/100
|turn|2
|
|t:|1667655679
|move|p1a: 2012|Dragon Dance|p1a: 2012
|-boost|p1a: 2012|atk|1
|-boost|p1a: 2012|spe|1
|move|p2a: Necrozma|Meteor Beam||[still]
|-prepare|p2a: Necrozma|Meteor Beam
|-boost|p2a: Necrozma|spa|1
|-enditem|p2a: Necrozma|Power Herb
|-anim|p2a: Necrozma|Meteor Beam|p1a: 2012
|-supereffective|p1a: 2012
|-damage|p1a: 2012|0 fnt
|faint|p1a: 2012
|
|upkeep
|
|t:|1667655702
|switch|p1a: 2004|Darmanitan, M, shiny|100/100
|turn|3
|
|t:|1667655719
|move|p1a: 2004|Flare Blitz|p2a: Necrozma
|-damage|p2a: Necrozma|0 fnt
|faint|p2a: Necrozma
|-damage|p1a: 2004|69/100|[from] Recoil
|
|upkeep
|
|t:|1667655721
|switch|p2a: Lycanroc|Lycanroc-Dusk, F|100/100
|turn|4
|
|t:|1667655738
|move|p2a: Lycanroc|Accelerock|p1a: 2004
|-supereffective|p1a: 2004
|-damage|p1a: 2004|0 fnt
|faint|p1a: 2004
|-damage|p2a: Lycanroc|91/100|[from] item: Life Orb
|
|upkeep
|
|t:|1667655744
|switch|p1a: Driver|Porygon2, shiny|100/100
|turn|5
|
|t:|1667655753
|switch|p2a: Excadrill|Excadrill, F|100/100
|-item|p2a: Excadrill|Air Balloon
|move|p1a: Driver|Discharge|p2a: Excadrill
|-immune|p2a: Excadrill
|
|upkeep
|turn|6
|
|t:|1667655758
|move|p2a: Excadrill|Swords Dance|p2a: Excadrill
|-boost|p2a: Excadrill|atk|2
|move|p1a: Driver|Ice Beam|p2a: Excadrill
|-damage|p2a: Excadrill|56/100
|-status|p2a: Excadrill|frz
|-enditem|p2a: Excadrill|Air Balloon
|
|upkeep
|turn|7
|
|t:|1667655761
|cant|p2a: Excadrill|frz
|move|p1a: Driver|Ice Beam|p2a: Excadrill
|-damage|p2a: Excadrill|8/100 frz
|
|upkeep
|turn|8
|
|t:|1667655764
|cant|p2a: Excadrill|frz
|move|p1a: Driver|Ice Beam|p2a: Excadrill
|-damage|p2a: Excadrill|0 fnt
|faint|p2a: Excadrill
|
|upkeep
|
|t:|1667655767
|switch|p2a: Primarina|Primarina, F|100/100
|turn|9
|
|t:|1667655771
|move|p2a: Primarina|Calm Mind|p2a: Primarina
|-boost|p2a: Primarina|spa|1
|-boost|p2a: Primarina|spd|1
|move|p1a: Driver|Discharge|p2a: Primarina
|-supereffective|p2a: Primarina
|-damage|p2a: Primarina|59/100
|
|-heal|p2a: Primarina|65/100|[from] item: Leftovers
|upkeep
|turn|10
|
|t:|1667655782
|switch|p1a: 99|Thundurus-Therian, M|100/100
|move|p2a: Primarina|Moonblast|p1a: 99
|-damage|p1a: 99|0 fnt
|faint|p1a: 99
|
|-heal|p2a: Primarina|71/100|[from] item: Leftovers
|upkeep
|
|t:|1667655789
|switch|p1a: 1993|Polteageist|100/100
|turn|11
|
|t:|1667655817
|move|p2a: Primarina|Moonblast|p1a: 1993
|-damage|p1a: 1993|6/100
|-unboost|p1a: 1993|spa|1
|move|p1a: 1993|Shell Smash|p1a: 1993
|-unboost|p1a: 1993|def|1
|-unboost|p1a: 1993|spd|1
|-boost|p1a: 1993|atk|2
|-boost|p1a: 1993|spa|2
|-boost|p1a: 1993|spe|2
|
|-heal|p2a: Primarina|77/100|[from] item: Leftovers
|upkeep
|turn|12
|
|t:|1667655835
|move|p1a: 1993|Shadow Ball|p2a: Primarina
|-damage|p2a: Primarina|31/100
|move|p2a: Primarina|Moonblast|p1a: 1993
|-damage|p1a: 1993|0 fnt
|faint|p1a: 1993
|
|-heal|p2a: Primarina|37/100|[from] item: Leftovers
|upkeep
|-message|Ecw Tazz Rvd forfeited.
|
|win|LolzMachine
|raw|Ecw Tazz Rvd's rating: 1475 &rarr; <strong>1463</strong><br />(-12 for losing)
|raw|LolzMachine's rating: 1618 &rarr; <strong>1630</strong><br />(+12 for winning)
|l|☆Ecw Tazz Rvd
||Ladder isn't responding, score probably updated but might not have (Request timeout).
