|j|☆uult94a yvn
|j|☆DDD951
|t:|1653749231
|gametype|singles
|player|p1|uult94a yvn|ghetsis-gen5bw|1513
|player|p2|DDD951|101|1425
|teamsize|p1|6
|teamsize|p2|6
|gen|8
|tier|[Gen 8] UU
|rated|
|rule|Sleep Clause Mod: Limit one foe put to sleep
|rule|Species Clause: Limit one of each Pokémon
|rule|OHKO Clause: OHKO moves are banned
|rule|Evasion Moves Clause: Evasion moves are banned
|rule|Endless Battle Clause: Forcing endless battles is banned
|rule|HP Percentage Mod: HP is shown in percentages
|rule|Dynamax Clause: You cannot dynamax
|clearpoke
|poke|p1|Haxorus, F|
|poke|p1|Azelf|
|poke|p1|Shuckle, M|
|poke|p1|Durant, F|
|poke|p1|Gyarados, F|
|poke|p1|Azumarill, M|
|poke|p2|Gyarados, F|
|poke|p2|Scizor, F|
|poke|p2|Slowbro-Galar, F|
|poke|p2|Swampert, M|
|poke|p2|Hydreigon, F|
|poke|p2|Conkeldurr, F|
|teampreview
|
|t:|1653749241
|start
|switch|p1a: Shuckle|Shuckle, M|100/100
|switch|p2a: Swampert|Swampert, M|100/100
|turn|1
|
|t:|1653749248
|move|p2a: Swampert|Stealth Rock|p1a: Shuckle
|-sidestart|p1: uult94a yvn|move: Stealth Rock
|move|p1a: Shuckle|Sticky Web|p2a: Swampert
|-sidestart|p2: DDD951|move: Sticky Web
|
|upkeep
|turn|2
|
|t:|1653749260
|move|p2a: Swampert|Flip Turn|p1a: Shuckle
|-supereffective|p1a: Shuckle
|-crit|p1a: Shuckle
|-damage|p1a: Shuckle|51/100
|
|t:|1653749264
|switch|p2a: Gyarados|Gyarados, F|100/100|[from]move: Flip Turn
|-ability|p2a: Gyarados|Intimidate|boost
|-unboost|p1a: Shuckle|atk|1
|move|p1a: Shuckle|Stealth Rock|p2a: Gyarados
|-sidestart|p2: DDD951|move: Stealth Rock
|
|upkeep
|turn|3
|
|t:|1653749271
|move|p2a: Gyarados|Aqua Tail|p1a: Shuckle
|-supereffective|p1a: Shuckle
|-damage|p1a: Shuckle|0 fnt
|faint|p1a: Shuckle
|
|upkeep
|
|t:|1653749276
|switch|p1a: Durant|Durant, F|100/100
|-damage|p1a: Durant|88/100|[from] Stealth Rock
|turn|4
|
|t:|1653749281
|switch|p2a: Swampert|Swampert, M|100/100
|-activate|p2a: Swampert|move: Sticky Web
|-unboost|p2a: Swampert|spe|1
|-damage|p2a: Swampert|94/100|[from] Stealth Rock
|move|p1a: Durant|Thunder Fang|p2a: Swampert
|-immune|p2a: Swampert
|
|-heal|p2a: Swampert|100/100|[from] item: Leftovers
|upkeep
|turn|5
|
|t:|1653749291
|move|p1a: Durant|Superpower|p2a: Swampert
|-damage|p2a: Swampert|40/100
|-unboost|p1a: Durant|atk|1
|-unboost|p1a: Durant|def|1
|-damage|p1a: Durant|78/100|[from] item: Life Orb
|move|p2a: Swampert|Earthquake|p1a: Durant
|-damage|p1a: Durant|0 fnt
|faint|p1a: Durant
|
|-heal|p2a: Swampert|46/100|[from] item: Leftovers
|upkeep
|
|t:|1653749296
|switch|p1a: Gyarados|Gyarados, F|100/100
|-ability|p1a: Gyarados|Intimidate|boost
|-unboost|p2a: Swampert|atk|1
|turn|6
|
|t:|1653749304
|move|p1a: Gyarados|Dragon Dance|p1a: Gyarados
|-boost|p1a: Gyarados|atk|1
|-boost|p1a: Gyarados|spe|1
|move|p2a: Swampert|Toxic|p1a: Gyarados
|-status|p1a: Gyarados|tox
|
|-heal|p2a: Swampert|52/100|[from] item: Leftovers
|-damage|p1a: Gyarados|94/100 tox|[from] psn
|upkeep
|turn|7
|
|t:|1653749313
|switch|p2a: Gyarados|Gyarados, F|100/100
|-damage|p2a: Gyarados|76/100|[from] Stealth Rock
|-ability|p2a: Gyarados|Intimidate|boost
|-unboost|p1a: Gyarados|atk|1
|move|p1a: Gyarados|Earthquake|p2a: Gyarados
|-immune|p2a: Gyarados
|
|-damage|p1a: Gyarados|82/100 tox|[from] psn
|upkeep
|turn|8
|
|t:|1653749323
|move|p1a: Gyarados|Power Whip|p2a: Gyarados|[miss]
|-miss|p1a: Gyarados|p2a: Gyarados
|move|p2a: Gyarados|Power Whip|p1a: Gyarados
|-damage|p1a: Gyarados|0 fnt
|faint|p1a: Gyarados
|
|upkeep
|
|t:|1653749325
|switch|p1a: Azumarill|Azumarill, M|100/100
|-damage|p1a: Azumarill|88/100|[from] Stealth Rock
|turn|9
|
|t:|1653749332
|move|p2a: Gyarados|Power Whip|p1a: Azumarill
|-ability|p1a: Azumarill|Sap Sipper|boost
|-boost|p1a: Azumarill|atk|1
|move|p1a: Azumarill|Belly Drum|p1a: Azumarill
|-damage|p1a: Azumarill|38/100
|-setboost|p1a: Azumarill|atk|6|[from] move: Belly Drum
|-enditem|p1a: Azumarill|Sitrus Berry|[eat]
|-heal|p1a: Azumarill|63/100|[from] item: Sitrus Berry
|
|upkeep
|turn|10
|
|t:|1653749349
|switch|p2a: Swampert|Swampert, M|52/100
|-activate|p2a: Swampert|move: Sticky Web
|-unboost|p2a: Swampert|spe|1
|-damage|p2a: Swampert|46/100|[from] Stealth Rock
|move|p1a: Azumarill|Knock Off|p2a: Swampert
|-damage|p2a: Swampert|0 fnt
|-enditem|p2a: Swampert|Leftovers|[from] move: Knock Off|[of] p1a: Azumarill
|faint|p2a: Swampert
|
|upkeep
|
|t:|1653749358
|switch|p2a: Gyarados|Gyarados, F|76/100
|-damage|p2a: Gyarados|51/100|[from] Stealth Rock
|-ability|p2a: Gyarados|Intimidate|boost
|-unboost|p1a: Azumarill|atk|1
|turn|11
|
|t:|1653749365
|move|p1a: Azumarill|Aqua Jet|p2a: Gyarados
|-resisted|p2a: Gyarados
|-damage|p2a: Gyarados|27/100
|move|p2a: Gyarados|Earthquake|p1a: Azumarill
|-damage|p1a: Azumarill|0 fnt
|faint|p1a: Azumarill
|
|upkeep
|-message|uult94a yvn forfeited.
|
|win|DDD951
|raw|uult94a yvn's rating: 1513 &rarr; <strong>1488</strong><br />(-25 for losing)
|raw|DDD951's rating: 1425 &rarr; <strong>1450</strong><br />(+25 for winning)
|l|☆uult94a yvn
||Ladder isn't responding, score probably updated but might not have (Request timeout).
