|j|☆crying lightning
|j|☆less than human
|player|p1|crying lightning|279|1565
|player|p2|less than human|cynthia-gen4|1464
|teamsize|p1|6
|teamsize|p2|6
|gametype|singles
|gen|8
|tier|[Gen 8] UU
|rated|
|rule|Sleep Clause Mod: Limit one foe put to sleep
|rule|Species Clause: Limit one of each Pokémon
|rule|OHKO Clause: OHKO moves are banned
|rule|Evasion Moves Clause: Evasion moves are banned
|rule|Endless Battle Clause: Forcing endless battles is banned
|rule|HP Percentage Mod: HP is shown in percentages
|clearpoke
|poke|p1|Mantine, M|
|poke|p1|Weezing-Galar, F|
|poke|p1|Hippowdon, F|
|poke|p1|Avalugg, F|
|poke|p1|Sylveon, F|
|poke|p1|Umbreon, F|
|poke|p2|Mamoswine, F|
|poke|p2|Weezing-Galar, F|
|poke|p2|Polteageist|
|poke|p2|Avalugg, M|
|poke|p2|Indeedee, M|
|poke|p2|Mantine, M|
|teampreview
|inactive|Battle timer is ON: inactive players will automatically lose when time's up. (requested by crying lightning)
|
|start
|switch|p1a: Weezing|Weezing-Galar, F|100/100
|switch|p2a: Weezing|Weezing-Galar, F|100/100
|turn|1
|
|move|p1a: Weezing|Will-O-Wisp|p2a: Weezing
|-status|p2a: Weezing|brn
|move|p2a: Weezing|Will-O-Wisp|p1a: Weezing
|-status|p1a: Weezing|brn
|
|-damage|p1a: Weezing|95/100 brn|[from] brn
|-damage|p2a: Weezing|95/100 brn|[from] brn
|upkeep
|turn|2
|
|move|p1a: Weezing|Sludge Wave|p2a: Weezing
|-damage|p2a: Weezing|57/100 brn
|move|p2a: Weezing|Toxic Spikes|p1a: Weezing
|-sidestart|p1: crying lightning|move: Toxic Spikes
|
|-heal|p1a: Weezing|100/100 brn|[from] item: Black Sludge
|-heal|p2a: Weezing|63/100 brn|[from] item: Black Sludge
|-damage|p1a: Weezing|95/100 brn|[from] brn
|-damage|p2a: Weezing|57/100 brn|[from] brn
|upkeep
|turn|3
|
|move|p1a: Weezing|Defog|p2a: Weezing
|-unboost|p2a: Weezing|evasion|1
|-sideend|p1: crying lightning|Toxic Spikes|[from] move: Defog|[of] p1a: Weezing
|move|p2a: Weezing|Pain Split|p1a: Weezing
|-sethp|p1a: Weezing|76/100 brn|[from] move: Pain Split|[silent]
|-sethp|p2a: Weezing|76/100 brn|[from] move: Pain Split
|
|-heal|p1a: Weezing|82/100 brn|[from] item: Black Sludge
|-heal|p2a: Weezing|82/100 brn|[from] item: Black Sludge
|-damage|p1a: Weezing|76/100 brn|[from] brn
|-damage|p2a: Weezing|76/100 brn|[from] brn
|upkeep
|turn|4
|
|switch|p2a: Mantine|Mantine, M|100/100
|move|p1a: Weezing|Sludge Wave|p2a: Mantine
|-crit|p2a: Mantine
|-damage|p2a: Mantine|78/100
|
|-heal|p1a: Weezing|82/100 brn|[from] item: Black Sludge
|-damage|p1a: Weezing|76/100 brn|[from] brn
|upkeep
|turn|5
|
|switch|p2a: Weezing|Weezing-Galar, F|76/100 brn
|switch|p1a: Mantine|Mantine, M|100/100
|
|-heal|p2a: Weezing|82/100 brn|[from] item: Black Sludge
|-damage|p2a: Weezing|76/100 brn|[from] brn
|upkeep
|turn|6
|
|move|p1a: Mantine|Scald|p2a: Weezing
|-damage|p2a: Weezing|47/100 brn
|move|p2a: Weezing|Pain Split|p1a: Mantine
|-sethp|p1a: Mantine|71/100|[from] move: Pain Split|[silent]
|-sethp|p2a: Weezing|80/100 brn|[from] move: Pain Split
|
|-heal|p1a: Mantine|77/100|[from] item: Leftovers
|-heal|p2a: Weezing|86/100 brn|[from] item: Black Sludge
|-damage|p2a: Weezing|80/100 brn|[from] brn
|upkeep
|turn|7
|
|switch|p1a: Hippowdon|Hippowdon, F|100/100
|-weather|Sandstorm|[from] ability: Sand Stream|[of] p1a: Hippowdon
|move|p2a: Weezing|Toxic Spikes|p1a: Hippowdon
|-sidestart|p1: crying lightning|move: Toxic Spikes
|
|-weather|Sandstorm|[upkeep]
|-damage|p2a: Weezing|74/100 brn|[from] Sandstorm
|-heal|p2a: Weezing|80/100 brn|[from] item: Black Sludge
|-damage|p2a: Weezing|74/100 brn|[from] brn
|upkeep
|turn|8
|
|switch|p2a: Mamoswine|Mamoswine, F|100/100
|move|p1a: Hippowdon|Stealth Rock|p2a: Mamoswine
|-sidestart|p2: less than human|move: Stealth Rock
|
|-weather|Sandstorm|[upkeep]
|upkeep
|turn|9
|
|switch|p1a: Avalugg|Avalugg, F|100/100
|move|p2a: Mamoswine|Stealth Rock|p1a: Avalugg
|-sidestart|p1: crying lightning|move: Stealth Rock
|
|-weather|Sandstorm|[upkeep]
|-damage|p1a: Avalugg|94/100|[from] Sandstorm
|upkeep
|turn|10
|
|switch|p2a: Polteageist|Polteageist|100/100
|-damage|p2a: Polteageist|88/100|[from] Stealth Rock
|move|p1a: Avalugg|Earthquake|p2a: Polteageist
|-damage|p2a: Polteageist|40/100
|
|-weather|Sandstorm|[upkeep]
|-damage|p2a: Polteageist|34/100|[from] Sandstorm
|-damage|p1a: Avalugg|88/100|[from] Sandstorm
|upkeep
|turn|11
|
|-start|p1a: Avalugg|Dynamax
|-heal|p1a: Avalugg|88/100|[silent]
|move|p2a: Polteageist|Giga Drain|p1a: Avalugg
|-damage|p1a: Avalugg|68/100
|-heal|p2a: Polteageist|64/100|[from] drain|[of] p1a: Avalugg
|move|p1a: Avalugg|Max Quake|p2a: Polteageist
|-damage|p2a: Polteageist|3/100
|-boost|p1a: Avalugg|spd|1
|
|-weather|none
|upkeep
|turn|12
|
|switch|p2a: Avalugg|Avalugg, M|100/100
|move|p1a: Avalugg|Max Quake|p2a: Avalugg
|-damage|p2a: Avalugg|87/100
|-boost|p1a: Avalugg|spd|1
|
|upkeep
|turn|13
|
|move|p2a: Avalugg|Rapid Spin|p1a: Avalugg
|-damage|p1a: Avalugg|66/100
|-sideend|p2: less than human|Stealth Rock|[from] move: Rapid Spin|[of] p2a: Avalugg
|-boost|p2a: Avalugg|spe|1
|move|p1a: Avalugg|Max Knuckle|p2a: Avalugg
|-supereffective|p2a: Avalugg
|-damage|p2a: Avalugg|69/100
|-boost|p1a: Avalugg|atk|1
|
|-end|p1a: Avalugg|Dynamax
|-heal|p1a: Avalugg|66/100|[silent]
|upkeep
|turn|14
|
|move|p2a: Avalugg|Body Press|p1a: Avalugg
|-supereffective|p1a: Avalugg
|-crit|p1a: Avalugg
|-damage|p1a: Avalugg|21/100
|move|p1a: Avalugg|Recover|p1a: Avalugg
|-heal|p1a: Avalugg|71/100
|
|upkeep
|turn|15
|j| Kernath
|
|switch|p2a: Indeedee|Indeedee, M|100/100
|-fieldstart|move: Psychic Terrain|[from] ability: Psychic Surge|[of] p2a: Indeedee
|move|p1a: Avalugg|Recover|p1a: Avalugg
|-heal|p1a: Avalugg|100/100
|
|upkeep
|turn|16
|
|move|p2a: Indeedee|Psychic|p1a: Avalugg
|-damage|p1a: Avalugg|56/100
|move|p1a: Avalugg|Rapid Spin|p2a: Indeedee
|-damage|p2a: Indeedee|61/100
|-sideend|p1: crying lightning|Toxic Spikes|[from] move: Rapid Spin|[of] p1a: Avalugg
|-sideend|p1: crying lightning|Stealth Rock|[from] move: Rapid Spin|[of] p1a: Avalugg
|-boost|p1a: Avalugg|spe|1
|
|upkeep
|turn|17
|
|switch|p2a: Mantine|Mantine, M|78/100
|switch|p1a: Umbreon|Umbreon, F|100/100
|
|upkeep
|turn|18
|
|switch|p2a: Weezing|Weezing-Galar, F|74/100 brn
|move|p1a: Umbreon|Wish|p1a: Umbreon
|
|-heal|p2a: Weezing|80/100 brn|[from] item: Black Sludge
|-damage|p2a: Weezing|74/100 brn|[from] brn
|upkeep
|turn|19
|
|switch|p1a: Avalugg|Avalugg, F|56/100
|move|p2a: Weezing|Toxic Spikes|p1a: Avalugg
|-sidestart|p1: crying lightning|move: Toxic Spikes
|
|-heal|p1a: Avalugg|100/100|[from] move: Wish|[wisher] Umbreon
|-heal|p2a: Weezing|80/100 brn|[from] item: Black Sludge
|-damage|p2a: Weezing|74/100 brn|[from] brn
|-fieldend|move: Psychic Terrain
|upkeep
|turn|20
|
|switch|p1a: Weezing|Weezing-Galar, F|76/100 brn
|move|p2a: Weezing|Sludge Bomb|p1a: Weezing
|-damage|p1a: Weezing|37/100 brn
|
|-heal|p2a: Weezing|80/100 brn|[from] item: Black Sludge
|-heal|p1a: Weezing|43/100 brn|[from] item: Black Sludge
|-damage|p2a: Weezing|74/100 brn|[from] brn
|-damage|p1a: Weezing|37/100 brn|[from] brn
|upkeep
|turn|21
|
|switch|p1a: Mantine|Mantine, M|77/100
|move|p2a: Weezing|Sludge Bomb|p1a: Mantine
|-damage|p1a: Mantine|63/100
|
|-heal|p1a: Mantine|69/100|[from] item: Leftovers
|-heal|p2a: Weezing|80/100 brn|[from] item: Black Sludge
|-damage|p2a: Weezing|74/100 brn|[from] brn
|upkeep
|turn|22
|
|move|p1a: Mantine|Scald|p2a: Weezing
|-damage|p2a: Weezing|40/100 brn
|move|p2a: Weezing|Sludge Bomb|p1a: Mantine
|-damage|p1a: Mantine|56/100
|
|-heal|p1a: Mantine|62/100|[from] item: Leftovers
|-heal|p2a: Weezing|46/100 brn|[from] item: Black Sludge
|-damage|p2a: Weezing|40/100 brn|[from] brn
|upkeep
|turn|23
|
|move|p1a: Mantine|Scald|p2a: Weezing
|-damage|p2a: Weezing|10/100 brn
|move|p2a: Weezing|Pain Split|p1a: Mantine
|-sethp|p1a: Mantine|36/100|[from] move: Pain Split|[silent]
|-sethp|p2a: Weezing|40/100 brn|[from] move: Pain Split
|
|-heal|p1a: Mantine|42/100|[from] item: Leftovers
|-heal|p2a: Weezing|46/100 brn|[from] item: Black Sludge
|-damage|p2a: Weezing|40/100 brn|[from] brn
|upkeep
|turn|24
|
|move|p1a: Mantine|Scald|p2a: Weezing
|-damage|p2a: Weezing|11/100 brn
|move|p2a: Weezing|Sludge Bomb|p1a: Mantine
|-damage|p1a: Mantine|27/100
|
|-heal|p1a: Mantine|33/100|[from] item: Leftovers
|-heal|p2a: Weezing|17/100 brn|[from] item: Black Sludge
|-damage|p2a: Weezing|11/100 brn|[from] brn
|upkeep
|turn|25
|
|move|p1a: Mantine|Roost|p1a: Mantine
|-heal|p1a: Mantine|83/100
|-singleturn|p1a: Mantine|move: Roost
|move|p2a: Weezing|Pain Split|p1a: Mantine
|-sethp|p1a: Mantine|46/100|[from] move: Pain Split|[silent]
|-sethp|p2a: Weezing|52/100 brn|[from] move: Pain Split
|
|-heal|p1a: Mantine|52/100|[from] item: Leftovers
|-heal|p2a: Weezing|58/100 brn|[from] item: Black Sludge
|-damage|p2a: Weezing|52/100 brn|[from] brn
|upkeep
|turn|26
|
|move|p1a: Mantine|Scald|p2a: Weezing
|-damage|p2a: Weezing|19/100 brn
|move|p2a: Weezing|Sludge Bomb|p1a: Mantine
|-damage|p1a: Mantine|37/100
|-status|p1a: Mantine|psn
|
|-heal|p1a: Mantine|43/100 psn|[from] item: Leftovers
|-heal|p2a: Weezing|25/100 brn|[from] item: Black Sludge
|-damage|p1a: Mantine|31/100 psn|[from] psn
|-damage|p2a: Weezing|19/100 brn|[from] brn
|upkeep
|turn|27
|
|switch|p2a: Indeedee|Indeedee, M|61/100
|-fieldstart|move: Psychic Terrain|[from] ability: Psychic Surge|[of] p2a: Indeedee
|move|p1a: Mantine|Scald|p2a: Indeedee
|-damage|p2a: Indeedee|27/100
|-status|p2a: Indeedee|brn
|
|-heal|p1a: Mantine|37/100 psn|[from] item: Leftovers
|-damage|p2a: Indeedee|21/100 brn|[from] brn
|-damage|p1a: Mantine|25/100 psn|[from] psn
|upkeep
|turn|28
|
|switch|p1a: Umbreon|Umbreon, F|100/100
|-status|p1a: Umbreon|psn
|move|p2a: Indeedee|Psyshock|p1a: Umbreon
|-immune|p1a: Umbreon
|
|-damage|p2a: Indeedee|15/100 brn|[from] brn
|-damage|p1a: Umbreon|88/100 psn|[from] psn
|upkeep
|turn|29
|
|switch|p2a: Weezing|Weezing-Galar, F|19/100 brn
|move|p1a: Umbreon|Wish|p1a: Umbreon
|
|-heal|p1a: Umbreon|94/100 psn|[from] item: Leftovers
|-heal|p2a: Weezing|25/100 brn|[from] item: Black Sludge
|-damage|p1a: Umbreon|82/100 psn|[from] psn
|-damage|p2a: Weezing|19/100 brn|[from] brn
|upkeep
|turn|30
|
|switch|p1a: Mantine|Mantine, M|25/100 psn
|move|p2a: Weezing|Sludge Bomb|p1a: Mantine
|-damage|p1a: Mantine|9/100 psn
|
|-heal|p1a: Mantine|62/100 psn|[from] move: Wish|[wisher] Umbreon
|-heal|p1a: Mantine|68/100 psn|[from] item: Leftovers
|-heal|p2a: Weezing|25/100 brn|[from] item: Black Sludge
|-damage|p1a: Mantine|56/100 psn|[from] psn
|-damage|p2a: Weezing|19/100 brn|[from] brn
|upkeep
|turn|31
|
|switch|p2a: Mantine|Mantine, M|78/100
|move|p1a: Mantine|Scald|p2a: Mantine
|-heal|p2a: Mantine|100/100|[from] ability: Water Absorb|[of] p1a: Mantine
|
|-heal|p1a: Mantine|62/100 psn|[from] item: Leftovers
|-damage|p1a: Mantine|49/100 psn|[from] psn
|-fieldend|move: Psychic Terrain
|upkeep
|turn|32
|
|switch|p2a: Indeedee|Indeedee, M|15/100 brn
|-fieldstart|move: Psychic Terrain|[from] ability: Psychic Surge|[of] p2a: Indeedee
|move|p1a: Mantine|Roost|p1a: Mantine
|-heal|p1a: Mantine|99/100 psn
|-singleturn|p1a: Mantine|move: Roost
|
|-heal|p1a: Mantine|100/100 psn|[from] item: Leftovers
|-damage|p2a: Indeedee|9/100 brn|[from] brn
|-damage|p1a: Mantine|88/100 psn|[from] psn
|upkeep
|turn|33
|
|switch|p1a: Umbreon|Umbreon, F|82/100 psn
|move|p2a: Indeedee|Hyper Voice|p1a: Umbreon
|-damage|p1a: Umbreon|61/100 psn
|
|-heal|p1a: Umbreon|67/100 psn|[from] item: Leftovers
|-damage|p2a: Indeedee|2/100 brn|[from] brn
|-damage|p1a: Umbreon|55/100 psn|[from] psn
|upkeep
|turn|34
|
|switch|p2a: Mamoswine|Mamoswine, F|100/100
|move|p1a: Umbreon|Wish|p1a: Umbreon
|
|-heal|p1a: Umbreon|61/100 psn|[from] item: Leftovers
|-damage|p1a: Umbreon|48/100 psn|[from] psn
|upkeep
|turn|35
|
|switch|p1a: Avalugg|Avalugg, F|100/100
|move|p2a: Mamoswine|Stealth Rock|p1a: Avalugg
|-sidestart|p1: crying lightning|move: Stealth Rock
|
|upkeep
|turn|36
|
|switch|p2a: Polteageist|Polteageist|3/100
|move|p1a: Avalugg|Rapid Spin|p2a: Polteageist
|-immune|p2a: Polteageist
|
|-fieldend|move: Psychic Terrain
|upkeep
|turn|37
|
|-start|p2a: Polteageist|Dynamax
|-heal|p2a: Polteageist|3/100|[silent]
|move|p2a: Polteageist|Max Phantasm|p1a: Avalugg
|-damage|p1a: Avalugg|0 fnt
|faint|p1a: Avalugg
|
|upkeep
|
|switch|p1a: Sylveon|Sylveon, F|100/100
|-damage|p1a: Sylveon|88/100|[from] Stealth Rock
|-status|p1a: Sylveon|psn
|turn|38
|
|move|p2a: Polteageist|Max Guard|p2a: Polteageist
|-singleturn|p2a: Polteageist|Max Guard
|move|p1a: Sylveon|Shadow Ball|p2a: Polteageist
|-activate|p2a: Polteageist|move: Max Guard
|
|-heal|p1a: Sylveon|94/100 psn|[from] item: Leftovers
|-damage|p1a: Sylveon|82/100 psn|[from] psn
|upkeep
|turn|39
|
|move|p2a: Polteageist|Max Phantasm|p1a: Sylveon
|-crit|p1a: Sylveon
|-damage|p1a: Sylveon|29/100 psn
|-unboost|p1a: Sylveon|def|1
|move|p1a: Sylveon|Hyper Voice|p2a: Polteageist
|-damage|p2a: Polteageist|0 fnt
|faint|p2a: Polteageist
|
|-heal|p1a: Sylveon|35/100 psn|[from] item: Leftovers
|-damage|p1a: Sylveon|23/100 psn|[from] psn
|upkeep
|
|switch|p2a: Mamoswine|Mamoswine, F|100/100
|turn|40
|
|move|p2a: Mamoswine|Icicle Crash|p1a: Sylveon
|-damage|p1a: Sylveon|0 fnt
|-damage|p2a: Mamoswine|91/100|[from] item: Life Orb
|faint|p1a: Sylveon
|
|upkeep
|
|switch|p1a: Hippowdon|Hippowdon, F|100/100
|-damage|p1a: Hippowdon|94/100|[from] Stealth Rock
|-status|p1a: Hippowdon|psn
|-weather|Sandstorm|[from] ability: Sand Stream|[of] p1a: Hippowdon
|turn|41
|
|move|p2a: Mamoswine|Icicle Crash|p1a: Hippowdon|[miss]
|-miss|p2a: Mamoswine|p1a: Hippowdon
|move|p1a: Hippowdon|Earthquake|p2a: Mamoswine
|-damage|p2a: Mamoswine|50/100
|
|-weather|Sandstorm|[upkeep]
|-heal|p1a: Hippowdon|100/100 psn|[from] item: Leftovers
|-damage|p1a: Hippowdon|88/100 psn|[from] psn
|upkeep
|turn|42
|
|move|p2a: Mamoswine|Icicle Crash|p1a: Hippowdon
|-supereffective|p1a: Hippowdon
|-damage|p1a: Hippowdon|27/100 psn
|-damage|p2a: Mamoswine|40/100|[from] item: Life Orb
|cant|p1a: Hippowdon|flinch
|
|-weather|Sandstorm|[upkeep]
|-heal|p1a: Hippowdon|33/100 psn|[from] item: Leftovers
|-damage|p1a: Hippowdon|21/100 psn|[from] psn
|upkeep
|turn|43
|
|move|p2a: Mamoswine|Ice Shard|p1a: Hippowdon
|-supereffective|p1a: Hippowdon
|-damage|p1a: Hippowdon|0 fnt
|-damage|p2a: Mamoswine|30/100|[from] item: Life Orb
|faint|p1a: Hippowdon
|
|-weather|Sandstorm|[upkeep]
|upkeep
|
|switch|p1a: Mantine|Mantine, M|88/100 psn
|-damage|p1a: Mantine|63/100 psn|[from] Stealth Rock
|turn|44
|
|move|p2a: Mamoswine|Icicle Crash|p1a: Mantine
|-damage|p1a: Mantine|0 fnt
|-damage|p2a: Mamoswine|20/100|[from] item: Life Orb
|faint|p1a: Mantine
|
|-weather|Sandstorm|[upkeep]
|upkeep
|-message|crying lightning forfeited.
|
|win|less than human
|l|☆crying lightning
|player|p2|less than human|cynthia-gen4
||Ladder (probably) updated, but score could not be retrieved (Response not received).
|error|Unexpected response null from ladder server.
