|inactive|Battle timer is ON: inactive players will automatically lose when time's up.
|j|☆IAmJklol
|j|☆Phoenix Nood
|t:|1668044061
|gametype|singles
|player|p1|IAmJklol|red|
|player|p2|Phoenix Nood|ghetsis|
|teamsize|p1|6
|teamsize|p2|6
|gen|8
|tier|[Gen 8] UU
|rated|Tournament battle
|rule|Sleep Clause Mod: Limit one foe put to sleep
|rule|Species Clause: Limit one of each Pokémon
|rule|OHKO Clause: OHKO moves are banned
|rule|Evasion Items Clause: Evasion items are banned
|rule|Evasion Moves Clause: Evasion moves are banned
|rule|Endless Battle Clause: Forcing endless battles is banned
|rule|HP Percentage Mod: HP is shown in percentages
|rule|Dynamax Clause: You cannot dynamax
|rule|Blitz: Super-fast timer
|clearpoke
|poke|p1|Nihilego|
|poke|p1|Celesteela|
|poke|p1|Gyarados, F|
|poke|p1|Salamence, M|
|poke|p1|Chansey, F|
|poke|p1|Excadrill, F|
|poke|p2|Scizor, M|
|poke|p2|Hydreigon, M|
|poke|p2|Thundurus-Therian, M|
|poke|p2|Starmie|
|poke|p2|Hippowdon, M|
|poke|p2|Amoonguss, M|
|teampreview
|inactive|IAmJklol also wants the timer to be on.
|inactive|Phoenix Nood has 30 seconds left.
|
|t:|1668044071
|start
|switch|p1a: Excadrill|Excadrill, F|100/100
|switch|p2a: Hippowdon|Hippowdon, M|100/100
|-ability|p1a: Excadrill|Mold Breaker
|-weather|Sandstorm|[from] ability: Sand Stream|[of] p2a: Hippowdon
|turn|1
|
|t:|1668044075
|move|p1a: Excadrill|Stealth Rock|p2a: Hippowdon
|-sidestart|p2: Phoenix Nood|move: Stealth Rock
|move|p2a: Hippowdon|Stealth Rock|p1a: Excadrill
|-sidestart|p1: IAmJklol|move: Stealth Rock
|
|-weather|Sandstorm|[upkeep]
|upkeep
|turn|2
|
|t:|1668044077
|move|p1a: Excadrill|Rapid Spin|p2a: Hippowdon
|-damage|p2a: Hippowdon|90/100
|-boost|p1a: Excadrill|spe|1
|-sideend|p1: IAmJklol|Stealth Rock|[from] move: Rapid Spin|[of] p1a: Excadrill
|move|p2a: Hippowdon|Earthquake|p1a: Excadrill
|-supereffective|p1a: Excadrill
|-enditem|p1a: Excadrill|Focus Sash
|-damage|p1a: Excadrill|1/100
|
|-weather|Sandstorm|[upkeep]
|-heal|p2a: Hippowdon|96/100|[from] item: Leftovers
|upkeep
|turn|3
|
|t:|1668044081
|move|p1a: Excadrill|Earthquake|p2a: Hippowdon
|-crit|p2a: Hippowdon
|-damage|p2a: Hippowdon|42/100
|move|p2a: Hippowdon|Earthquake|p1a: Excadrill
|-supereffective|p1a: Excadrill
|-damage|p1a: Excadrill|0 fnt
|faint|p1a: Excadrill
|
|-weather|Sandstorm|[upkeep]
|-heal|p2a: Hippowdon|48/100|[from] item: Leftovers
|upkeep
|inactive|IAmJklol has 10 seconds left.
|
|t:|1668044089
|switch|p1a: Gyarados|Gyarados, F|100/100
|turn|4
|
|t:|1668044092
|switch|p2a: Amoonguss|Amoonguss, M|100/100
|-damage|p2a: Amoonguss|88/100|[from] Stealth Rock
|move|p1a: Gyarados|Substitute|p1a: Gyarados
|-start|p1a: Gyarados|Substitute
|-damage|p1a: Gyarados|76/100
|
|-weather|Sandstorm|[upkeep]
|-damage|p1a: Gyarados|70/100|[from] Sandstorm
|-damage|p2a: Amoonguss|82/100|[from] Sandstorm
|-heal|p1a: Gyarados|76/100|[from] item: Leftovers
|upkeep
|turn|5
|inactive|IAmJklol has 10 seconds left.
|
|t:|1668044098
|move|p1a: Gyarados|Dragon Dance|p1a: Gyarados
|-boost|p1a: Gyarados|atk|1
|-boost|p1a: Gyarados|spe|1
|move|p2a: Amoonguss|Foul Play|p1a: Gyarados
|-end|p1a: Gyarados|Substitute
|
|-weather|none
|-heal|p1a: Gyarados|82/100|[from] item: Leftovers
|upkeep
|turn|6
|
|t:|1668044102
|move|p1a: Gyarados|Bounce||[still]
|-prepare|p1a: Gyarados|Bounce
|move|p2a: Amoonguss|Spore|p1a: Gyarados|[miss]
|-miss|p2a: Amoonguss|p1a: Gyarados
|
|-heal|p1a: Gyarados|88/100|[from] item: Leftovers
|upkeep
|turn|7
|inactive|Phoenix Nood has 10 seconds left.
|inactive|Phoenix Nood has 5 seconds left.
|
|t:|1668044114
|switch|p2a: Hippowdon|Hippowdon, M|48/100
|-damage|p2a: Hippowdon|42/100|[from] Stealth Rock
|-weather|Sandstorm|[from] ability: Sand Stream|[of] p2a: Hippowdon
|move|p1a: Gyarados|Bounce|p2a: Hippowdon|[from]lockedmove|[miss]
|-miss|p1a: Gyarados|p2a: Hippowdon
|
|-weather|Sandstorm|[upkeep]
|-damage|p1a: Gyarados|82/100|[from] Sandstorm
|-heal|p1a: Gyarados|88/100|[from] item: Leftovers
|-heal|p2a: Hippowdon|48/100|[from] item: Leftovers
|upkeep
|turn|8
|inactive|Phoenix Nood has 10 seconds left this turn.
|inactive|Phoenix Nood has 5 seconds left.
|
|t:|1668044120
|move|p1a: Gyarados|Waterfall|p2a: Hippowdon
|-supereffective|p2a: Hippowdon
|-damage|p2a: Hippowdon|0 fnt
|faint|p2a: Hippowdon
|-ability|p1a: Gyarados|Moxie|boost
|-boost|p1a: Gyarados|atk|1
|
|-weather|Sandstorm|[upkeep]
|-damage|p1a: Gyarados|82/100|[from] Sandstorm
|-heal|p1a: Gyarados|88/100|[from] item: Leftovers
|upkeep
|inactive|Phoenix Nood has 10 seconds left this turn.
|inactive|Phoenix Nood has 5 seconds left.
|
|t:|1668044125
|switch|p2a: Starmie|Starmie, shiny|100/100
|-damage|p2a: Starmie|88/100|[from] Stealth Rock
|turn|9
|inactive|Phoenix Nood has 10 seconds left this turn.
|
|t:|1668044129
|move|p1a: Gyarados|Bounce||[still]
|-prepare|p1a: Gyarados|Bounce
|move|p2a: Starmie|Thunderbolt|p1a: Gyarados|[miss]
|-miss|p2a: Starmie|p1a: Gyarados
|
|-weather|Sandstorm|[upkeep]
|-damage|p1a: Gyarados|82/100|[from] Sandstorm
|-damage|p2a: Starmie|82/100|[from] Sandstorm
|-heal|p1a: Gyarados|88/100|[from] item: Leftovers
|upkeep
|turn|10
|
|t:|1668044134
|move|p1a: Gyarados|Bounce|p2a: Starmie|[from]lockedmove|[miss]
|-miss|p1a: Gyarados|p2a: Starmie
|move|p2a: Starmie|Thunderbolt|p1a: Gyarados
|-supereffective|p1a: Gyarados
|-damage|p1a: Gyarados|0 fnt
|faint|p1a: Gyarados
|-damage|p2a: Starmie|72/100|[from] item: Life Orb
|
|-weather|Sandstorm|[upkeep]
|-damage|p2a: Starmie|66/100|[from] Sandstorm
|upkeep
|c|☆IAmJklol|.-.
|inactive|IAmJklol has 10 seconds left.
|
|t:|1668044139
|switch|p1a: Chansey|Chansey, F|100/100
|turn|11
|inactive|IAmJklol has 10 seconds left.
|
|t:|1668044144
|switch|p2a: Scizor|Scizor, M|100/100
|-damage|p2a: Scizor|88/100|[from] Stealth Rock
|move|p1a: Chansey|Seismic Toss|p2a: Scizor
|-damage|p2a: Scizor|56/100
|
|-weather|none
|upkeep
|turn|12
|
|t:|1668044149
|switch|p1a: Salamence|Salamence, M|100/100
|-ability|p1a: Salamence|Intimidate|boost
|-unboost|p2a: Scizor|atk|1
|move|p2a: Scizor|Knock Off|p1a: Salamence
|-damage|p1a: Salamence|79/100
|-enditem|p1a: Salamence|Heavy-Duty Boots|[from] move: Knock Off|[of] p2a: Scizor
|
|upkeep
|turn|13
|inactive|Phoenix Nood has 10 seconds left.
|
|t:|1668044158
|switch|p2a: Hydreigon|Hydreigon, M|100/100
|-damage|p2a: Hydreigon|88/100|[from] Stealth Rock
|move|p1a: Salamence|Dual Wingbeat|p2a: Hydreigon
|-damage|p2a: Hydreigon|68/100
|-damage|p2a: Hydreigon|47/100
|-hitcount|p2a: Hydreigon|2
|
|upkeep
|turn|14
|
|t:|1668044163
|move|p2a: Hydreigon|Draco Meteor|p1a: Salamence
|-supereffective|p1a: Salamence
|-damage|p1a: Salamence|0 fnt
|-unboost|p2a: Hydreigon|spa|2
|faint|p1a: Salamence
|
|upkeep
|
|t:|1668044166
|switch|p1a: Celesteela|Celesteela|100/100
|turn|15
|inactive|Phoenix Nood has 10 seconds left.
|
|t:|1668044172
|switch|p2a: Thundurus|Thundurus-Therian, M, shiny|100/100
|move|p1a: Celesteela|Autotomize|p1a: Celesteela
|-boost|p1a: Celesteela|spe|2
|-start|p1a: Celesteela|Autotomize
|
|upkeep
|turn|16
|inactive|Phoenix Nood has 10 seconds left.
|
|t:|1668044179
|switch|p2a: Amoonguss|Amoonguss, M|100/100
|-damage|p2a: Amoonguss|88/100|[from] Stealth Rock
|move|p1a: Celesteela|Meteor Beam||[still]
|-prepare|p1a: Celesteela|Meteor Beam
|-boost|p1a: Celesteela|spa|1
|-enditem|p1a: Celesteela|Power Herb
|-anim|p1a: Celesteela|Meteor Beam|p2a: Amoonguss
|-damage|p2a: Amoonguss|34/100
|
|upkeep
|turn|17
|inactive|Phoenix Nood has 10 seconds left.
|
|t:|1668044185
|move|p1a: Celesteela|Air Slash|p2a: Amoonguss
|-supereffective|p2a: Amoonguss
|-damage|p2a: Amoonguss|0 fnt
|faint|p2a: Amoonguss
|-ability|p1a: Celesteela|Beast Boost|boost
|-boost|p1a: Celesteela|spa|1
|
|upkeep
|
|t:|1668044189
|switch|p2a: Thundurus|Thundurus-Therian, M, shiny|100/100
|turn|18
|
|t:|1668044191
|move|p1a: Celesteela|Fire Blast|p2a: Thundurus|[miss]
|-miss|p1a: Celesteela|p2a: Thundurus
|move|p2a: Thundurus|Volt Switch|p1a: Celesteela
|-supereffective|p1a: Celesteela
|-damage|p1a: Celesteela|19/100
|c|☆IAmJklol|...
|inactive|Phoenix Nood has 10 seconds left.
|
|t:|1668044197
|switch|p2a: Hydreigon|Hydreigon, M|47/100|[from]move: Volt Switch
|-damage|p2a: Hydreigon|35/100|[from] Stealth Rock
|
|upkeep
|turn|19
|
|t:|1668044200
|move|p2a: Hydreigon|Dark Pulse|p1a: Celesteela
|-damage|p1a: Celesteela|0 fnt
|faint|p1a: Celesteela
|
|upkeep
|inactive|IAmJklol has 10 seconds left.
|
|t:|1668044205
|switch|p1a: Nihilego|Nihilego|100/100
|turn|20
|
|t:|1668044208
|move|p2a: Hydreigon|Dark Pulse|p1a: Nihilego
|-damage|p1a: Nihilego|66/100
|move|p1a: Nihilego|Meteor Beam||[still]
|-prepare|p1a: Nihilego|Meteor Beam
|-boost|p1a: Nihilego|spa|1
|-enditem|p1a: Nihilego|Power Herb
|-anim|p1a: Nihilego|Meteor Beam|p2a: Hydreigon|[miss]
|-miss|p1a: Nihilego|p2a: Hydreigon
|
|upkeep
|turn|21
|
|t:|1668044212
|move|p2a: Hydreigon|Dark Pulse|p1a: Nihilego
|-crit|p1a: Nihilego
|-damage|p1a: Nihilego|11/100
|cant|p1a: Nihilego|flinch
|
|upkeep
|turn|22
|
|t:|1668044214
|move|p2a: Hydreigon|Dark Pulse|p1a: Nihilego
|-damage|p1a: Nihilego|0 fnt
|faint|p1a: Nihilego
|
|upkeep
|
|t:|1668044217
|switch|p1a: Chansey|Chansey, F|100/100
|turn|23
|
|t:|1668044219
|switch|p2a: Scizor|Scizor, M|56/100
|-damage|p2a: Scizor|44/100|[from] Stealth Rock
|move|p1a: Chansey|Seismic Toss|p2a: Scizor
|-damage|p2a: Scizor|12/100
|
|upkeep
|turn|24
|inactive|IAmJklol has 10 seconds left.
|inactive|IAmJklol has 5 seconds left.
|-message|IAmJklol lost due to inactivity.
|
|win|Phoenix Nood
|n|☆IAmJklol|iamjklol
|n|☆Phoenix Nood|phoenixnood
