|j|☆Exi_Dudi
|j|☆MoutMout315
|t:|1664699582
|gametype|singles
|player|p1|Exi_Dudi|doctor-gen8|1380
|player|p2|MoutMout315|pokemaniac|1161
|teamsize|p1|6
|teamsize|p2|6
|gen|8
|tier|[Gen 8] UU
|rated|
|rule|Sleep Clause Mod: Limit one foe put to sleep
|rule|Species Clause: Limit one of each Pokémon
|rule|OHKO Clause: OHKO moves are banned
|rule|Evasion Items Clause: Evasion items are banned
|rule|Evasion Moves Clause: Evasion moves are banned
|rule|Endless Battle Clause: Forcing endless battles is banned
|rule|HP Percentage Mod: HP is shown in percentages
|rule|Dynamax Clause: You cannot dynamax
|clearpoke
|poke|p1|Golurk|
|poke|p1|Zarude|
|poke|p1|Primarina, M|
|poke|p1|Salamence, M|
|poke|p1|Scizor, M|
|poke|p1|Chansey, F|
|poke|p2|Scizor, M|
|poke|p2|Chansey, F|
|poke|p2|Skarmory, M|
|poke|p2|Quagsire, F|
|poke|p2|Umbreon, F|
|poke|p2|Slowking, M|
|teampreview
|c|☆Exi_Dudi|Glhf
|
|t:|1664699612
|start
|switch|p1a: Golurk|Golurk|100/100
|switch|p2a: Chansey|Chansey, F|100/100
|turn|1
|inactive|Battle timer is ON: inactive players will automatically lose when time's up. (requested by Exi_Dudi)
|
|t:|1664699649
|switch|p2a: Umbreon|Umbreon, F|100/100
|move|p1a: Golurk|Poltergeist|p2a: Umbreon
|-activate|p2a: Umbreon|move: Poltergeist|Leftovers
|-resisted|p2a: Umbreon
|-damage|p2a: Umbreon|73/100
|
|-heal|p2a: Umbreon|79/100|[from] item: Leftovers
|upkeep
|turn|2
|
|t:|1664699659
|switch|p1a: Scizor|Scizor, M|100/100
|move|p2a: Umbreon|Foul Play|p1a: Scizor
|-damage|p1a: Scizor|59/100
|
|-heal|p2a: Umbreon|85/100|[from] item: Leftovers
|upkeep
|turn|3
|
|t:|1664699669
|move|p2a: Umbreon|Protect|p2a: Umbreon
|-singleturn|p2a: Umbreon|Protect
|move|p1a: Scizor|Knock Off|p2a: Umbreon
|-activate|p2a: Umbreon|move: Protect
|
|-heal|p2a: Umbreon|91/100|[from] item: Leftovers
|upkeep
|turn|4
|
|t:|1664699692
|switch|p2a: Skarmory|Skarmory, M|100/100
|move|p1a: Scizor|Knock Off|p2a: Skarmory
|-crit|p2a: Skarmory
|-damage|p2a: Skarmory|73/100
|-damage|p1a: Scizor|43/100|[from] item: Rocky Helmet|[of] p2a: Skarmory
|-enditem|p2a: Skarmory|Rocky Helmet|[from] move: Knock Off|[of] p1a: Scizor
|
|upkeep
|turn|5
|
|t:|1664699705
|switch|p1a: Primarina|Primarina, M|100/100
|move|p2a: Skarmory|Roost|p2a: Skarmory
|-heal|p2a: Skarmory|100/100
|-singleturn|p2a: Skarmory|move: Roost
|
|upkeep
|turn|6
|
|t:|1664699714
|switch|p2a: Chansey|Chansey, F|100/100
|switch|p1a: Golurk|Golurk|100/100
|
|upkeep
|turn|7
|
|t:|1664699733
|switch|p2a: Umbreon|Umbreon, F|91/100
|move|p1a: Golurk|Earthquake|p2a: Umbreon
|-damage|p2a: Umbreon|34/100
|
|-heal|p2a: Umbreon|40/100|[from] item: Leftovers
|upkeep
|turn|8
|
|t:|1664699743
|move|p2a: Umbreon|Protect|p2a: Umbreon
|-singleturn|p2a: Umbreon|Protect
|move|p1a: Golurk|Earthquake|p2a: Umbreon
|-activate|p2a: Umbreon|move: Protect
|
|-heal|p2a: Umbreon|46/100|[from] item: Leftovers
|upkeep
|turn|9
|
|t:|1664699756
|switch|p2a: Skarmory|Skarmory, M|100/100
|switch|p1a: Primarina|Primarina, M|100/100
|
|upkeep
|turn|10
|
|t:|1664699766
|switch|p2a: Umbreon|Umbreon, F|46/100
|switch|p1a: Golurk|Golurk|100/100
|
|-heal|p2a: Umbreon|52/100|[from] item: Leftovers
|upkeep
|turn|11
|
|t:|1664699774
|switch|p1a: Primarina|Primarina, M|100/100
|move|p2a: Umbreon|Wish|p2a: Umbreon
|
|-heal|p2a: Umbreon|58/100|[from] item: Leftovers
|upkeep
|turn|12
|
|t:|1664699783
|move|p2a: Umbreon|Protect|p2a: Umbreon
|-singleturn|p2a: Umbreon|Protect
|move|p1a: Primarina|Substitute|p1a: Primarina
|-start|p1a: Primarina|Substitute
|-damage|p1a: Primarina|75/100
|
|-heal|p2a: Umbreon|100/100|[from] move: Wish|[wisher] Umbreon
|-heal|p1a: Primarina|82/100|[from] item: Leftovers
|upkeep
|turn|13
|
|t:|1664699793
|switch|p2a: Scizor|Scizor, M|100/100
|move|p1a: Primarina|Calm Mind|p1a: Primarina
|-boost|p1a: Primarina|spa|1
|-boost|p1a: Primarina|spd|1
|
|-heal|p1a: Primarina|88/100|[from] item: Leftovers
|upkeep
|turn|14
|
|t:|1664699803
|move|p2a: Scizor|Bullet Punch|p1a: Primarina
|-end|p1a: Primarina|Substitute
|move|p1a: Primarina|Scald|p2a: Scizor
|-damage|p2a: Scizor|56/100
|-status|p2a: Scizor|brn
|
|-heal|p2a: Scizor|62/100 brn|[from] item: Leftovers
|-heal|p1a: Primarina|94/100|[from] item: Leftovers
|-damage|p2a: Scizor|56/100 brn|[from] brn
|upkeep
|turn|15
|
|t:|1664699814
|switch|p2a: Umbreon|Umbreon, F|100/100
|move|p1a: Primarina|Substitute|p1a: Primarina
|-start|p1a: Primarina|Substitute
|-damage|p1a: Primarina|69/100
|
|-heal|p1a: Primarina|75/100|[from] item: Leftovers
|upkeep
|turn|16
|
|t:|1664699821
|move|p2a: Umbreon|Heal Bell|p2a: Umbreon
|-activate|p2a: Umbreon|move: Heal Bell
|-curestatus|p2: Scizor|brn|[msg]
|move|p1a: Primarina|Calm Mind|p1a: Primarina
|-boost|p1a: Primarina|spa|1
|-boost|p1a: Primarina|spd|1
|
|-heal|p1a: Primarina|81/100|[from] item: Leftovers
|upkeep
|turn|17
|
|t:|1664699830
|switch|p2a: Quagsire|Quagsire, F|100/100
|move|p1a: Primarina|Calm Mind|p1a: Primarina
|-boost|p1a: Primarina|spa|1
|-boost|p1a: Primarina|spd|1
|
|-heal|p1a: Primarina|87/100|[from] item: Leftovers
|upkeep
|turn|18
|
|t:|1664699839
|move|p1a: Primarina|Scald|p2a: Quagsire
|-damage|p2a: Quagsire|68/100
|move|p2a: Quagsire|Haze|p2a: Quagsire
|-clearallboost
|
|-heal|p1a: Primarina|93/100|[from] item: Leftovers
|-heal|p2a: Quagsire|74/100|[from] item: Leftovers
|upkeep
|turn|19
|
|t:|1664699856
|switch|p1a: Zarude|Zarude|100/100
|switch|p2a: Umbreon|Umbreon, F|100/100
|
|upkeep
|turn|20
|
|t:|1664699863
|move|p1a: Zarude|U-turn|p2a: Umbreon
|-supereffective|p2a: Umbreon
|-damage|p2a: Umbreon|68/100
|
|t:|1664699865
|switch|p1a: Chansey|Chansey, F|100/100|[from]move: U-turn
|move|p2a: Umbreon|Wish|p2a: Umbreon
|
|-heal|p2a: Umbreon|74/100|[from] item: Leftovers
|upkeep
|turn|21
|
|t:|1664699871
|switch|p2a: Scizor|Scizor, M|56/100
|move|p1a: Chansey|Stealth Rock|p2a: Scizor
|-sidestart|p2: MoutMout315|move: Stealth Rock
|
|-heal|p2a: Scizor|100/100|[from] move: Wish|[wisher] Umbreon
|upkeep
|turn|22
|
|t:|1664699886
|move|p2a: Scizor|Knock Off|p1a: Chansey
|-damage|p1a: Chansey|81/100
|-enditem|p1a: Chansey|Eviolite|[from] move: Knock Off|[of] p2a: Scizor
|move|p1a: Chansey|Teleport|p1a: Chansey
|
|t:|1664699888
|switch|p1a: Golurk|Golurk|100/100|[from]move: Teleport
|
|upkeep
|turn|23
|
|t:|1664699894
|move|p2a: Scizor|Defog|p1a: Golurk
|-unboost|p1a: Golurk|evasion|1
|-sideend|p2: MoutMout315|Stealth Rock|[from] move: Defog|[of] p2a: Scizor
|move|p1a: Golurk|Poltergeist|p2a: Scizor
|-activate|p2a: Scizor|move: Poltergeist|Leftovers
|-damage|p2a: Scizor|16/100
|
|-heal|p2a: Scizor|22/100|[from] item: Leftovers
|upkeep
|turn|24
|
|t:|1664699913
|switch|p2a: Umbreon|Umbreon, F|74/100
|switch|p1a: Zarude|Zarude|100/100
|
|-heal|p2a: Umbreon|80/100|[from] item: Leftovers
|upkeep
|turn|25
|
|t:|1664699923
|move|p1a: Zarude|Close Combat|p2a: Umbreon
|-supereffective|p2a: Umbreon
|-damage|p2a: Umbreon|25/100
|-unboost|p1a: Zarude|def|1
|-unboost|p1a: Zarude|spd|1
|move|p2a: Umbreon|Wish|p2a: Umbreon
|
|-heal|p2a: Umbreon|31/100|[from] item: Leftovers
|upkeep
|turn|26
|
|t:|1664699931
|switch|p1a: Primarina|Primarina, M|93/100
|move|p2a: Umbreon|Protect||[still]
|-fail|p2a: Umbreon
|
|-heal|p2a: Umbreon|81/100|[from] move: Wish|[wisher] Umbreon
|-heal|p2a: Umbreon|87/100|[from] item: Leftovers
|-heal|p1a: Primarina|99/100|[from] item: Leftovers
|upkeep
|turn|27
|
|t:|1664699950
|switch|p2a: Quagsire|Quagsire, F|74/100
|move|p1a: Primarina|Scald|p2a: Quagsire
|-damage|p2a: Quagsire|37/100
|
|-heal|p1a: Primarina|100/100|[from] item: Leftovers
|-heal|p2a: Quagsire|43/100|[from] item: Leftovers
|upkeep
|turn|28
|
|t:|1664699965
|switch|p1a: Chansey|Chansey, F|81/100
|move|p2a: Quagsire|Recover|p2a: Quagsire
|-heal|p2a: Quagsire|93/100
|
|-heal|p2a: Quagsire|99/100|[from] item: Leftovers
|upkeep
|turn|29
|
|t:|1664699973
|move|p1a: Chansey|Seismic Toss|p2a: Quagsire
|-damage|p2a: Quagsire|74/100
|move|p2a: Quagsire|Toxic|p1a: Chansey
|-status|p1a: Chansey|tox
|
|-heal|p2a: Quagsire|80/100|[from] item: Leftovers
|-damage|p1a: Chansey|75/100 tox|[from] psn
|upkeep
|turn|30
|
|t:|1664699984
|switch|p2a: Umbreon|Umbreon, F|87/100
|move|p1a: Chansey|Seismic Toss|p2a: Umbreon
|-damage|p2a: Umbreon|62/100
|
|-heal|p2a: Umbreon|68/100|[from] item: Leftovers
|-damage|p1a: Chansey|62/100 tox|[from] psn
|upkeep
|turn|31
|
|t:|1664699992
|-curestatus|p1a: Chansey|tox|[from] ability: Natural Cure
|switch|p1a: Primarina|Primarina, M|100/100
|move|p2a: Umbreon|Wish|p2a: Umbreon
|
|-heal|p2a: Umbreon|74/100|[from] item: Leftovers
|upkeep
|turn|32
|
|t:|1664700008
|switch|p2a: Quagsire|Quagsire, F|80/100
|move|p1a: Primarina|Scald|p2a: Quagsire
|-damage|p2a: Quagsire|42/100
|
|-heal|p2a: Quagsire|92/100|[from] move: Wish|[wisher] Umbreon
|-heal|p2a: Quagsire|98/100|[from] item: Leftovers
|upkeep
|turn|33
|inactive|MoutMout315 has 120 seconds left.
|
|t:|1664700037
|switch|p1a: Chansey|Chansey, F|62/100
|switch|p2a: Slowking|Slowking, M|100/100
|
|upkeep
|turn|34
|inactive|MoutMout315 has 120 seconds left.
|
|t:|1664700065
|switch|p2a: Scizor|Scizor, M|22/100
|move|p1a: Chansey|Teleport|p1a: Chansey
|
|t:|1664700071
|switch|p1a: Golurk|Golurk|100/100|[from]move: Teleport
|
|-heal|p2a: Scizor|28/100|[from] item: Leftovers
|upkeep
|turn|35
|
|t:|1664700085
|switch|p2a: Skarmory|Skarmory, M|100/100
|move|p1a: Golurk|Earthquake|p2a: Skarmory
|-immune|p2a: Skarmory
|
|upkeep
|turn|36
|
|t:|1664700096
|switch|p1a: Chansey|Chansey, F|62/100
|move|p2a: Skarmory|Iron Defense|p2a: Skarmory
|-boost|p2a: Skarmory|def|2
|
|upkeep
|turn|37
|
|t:|1664700101
|switch|p1a: Golurk|Golurk|100/100
|move|p2a: Skarmory|Body Press|p1a: Golurk
|-immune|p1a: Golurk
|
|upkeep
|turn|38
|inactive|MoutMout315 has 120 seconds left.
|
|t:|1664700108
|move|p2a: Skarmory|Iron Defense|p2a: Skarmory
|-boost|p2a: Skarmory|def|2
|move|p1a: Golurk|Heat Crash|p2a: Skarmory
|-supereffective|p2a: Skarmory
|-damage|p2a: Skarmory|70/100
|
|upkeep
|turn|39
|inactive|MoutMout315 has 120 seconds left.
|
|t:|1664700122
|move|p2a: Skarmory|Iron Defense|p2a: Skarmory
|-boost|p2a: Skarmory|def|2
|move|p1a: Golurk|Heat Crash|p2a: Skarmory
|-supereffective|p2a: Skarmory
|-damage|p2a: Skarmory|48/100
|
|upkeep
|turn|40
|
|t:|1664700129
|move|p2a: Skarmory|Roost|p2a: Skarmory
|-heal|p2a: Skarmory|98/100
|-singleturn|p2a: Skarmory|move: Roost
|move|p1a: Golurk|Heat Crash|p2a: Skarmory
|-supereffective|p2a: Skarmory
|-damage|p2a: Skarmory|75/100
|
|upkeep
|turn|41
|c|☆Exi_Dudi|Fishing for the crit
|inactive|MoutMout315 has 120 seconds left.
|
|t:|1664700145
|move|p2a: Skarmory|Defog|p1a: Golurk
|-unboost|p1a: Golurk|evasion|1
|move|p1a: Golurk|Heat Crash|p2a: Skarmory
|-supereffective|p2a: Skarmory
|-damage|p2a: Skarmory|54/100
|
|upkeep
|turn|42
|
|t:|1664700155
|switch|p1a: Primarina|Primarina, M|100/100
|move|p2a: Skarmory|Roost|p2a: Skarmory
|-heal|p2a: Skarmory|100/100
|-singleturn|p2a: Skarmory|move: Roost
|
|upkeep
|turn|43
|
|t:|1664700161
|move|p2a: Skarmory|Body Press|p1a: Primarina
|-resisted|p1a: Primarina
|-damage|p1a: Primarina|22/100
|move|p1a: Primarina|Scald|p2a: Skarmory
|-damage|p2a: Skarmory|32/100
|-status|p2a: Skarmory|brn
|
|-heal|p1a: Primarina|29/100|[from] item: Leftovers
|-damage|p2a: Skarmory|26/100 brn|[from] brn
|upkeep
|turn|44
|
|t:|1664700181
|switch|p2a: Umbreon|Umbreon, F|74/100
|switch|p1a: Golurk|Golurk|100/100
|
|-heal|p2a: Umbreon|80/100|[from] item: Leftovers
|upkeep
|turn|45
|
|t:|1664700190
|move|p2a: Umbreon|Heal Bell|p2a: Umbreon
|-activate|p2a: Umbreon|move: Heal Bell
|-curestatus|p2: Skarmory|brn|[msg]
|move|p1a: Golurk|Dynamic Punch|p2a: Umbreon
|-supereffective|p2a: Umbreon
|-damage|p2a: Umbreon|7/100
|-start|p2a: Umbreon|confusion
|
|-heal|p2a: Umbreon|13/100|[from] item: Leftovers
|upkeep
|turn|46
|
|t:|1664700206
|switch|p2a: Quagsire|Quagsire, F|98/100
|move|p1a: Golurk|Dynamic Punch|p2a: Quagsire
|-damage|p2a: Quagsire|53/100
|-start|p2a: Quagsire|confusion
|
|-heal|p2a: Quagsire|59/100|[from] item: Leftovers
|upkeep
|turn|47
|
|t:|1664700218
|switch|p1a: Chansey|Chansey, F|62/100
|-activate|p2a: Quagsire|confusion
|move|p2a: Quagsire|Recover|p2a: Quagsire
|-heal|p2a: Quagsire|100/100
|
|upkeep
|turn|48
|
|t:|1664700225
|switch|p2a: Skarmory|Skarmory, M|26/100
|move|p1a: Chansey|Stealth Rock|p2a: Skarmory
|-sidestart|p2: MoutMout315|move: Stealth Rock
|
|upkeep
|turn|49
|
|t:|1664700232
|switch|p1a: Golurk|Golurk|100/100
|move|p2a: Skarmory|Roost|p2a: Skarmory
|-heal|p2a: Skarmory|76/100
|-singleturn|p2a: Skarmory|move: Roost
|
|upkeep
|turn|50
|
|t:|1664700243
|switch|p2a: Quagsire|Quagsire, F|100/100
|-damage|p2a: Quagsire|94/100|[from] Stealth Rock
|move|p1a: Golurk|Heat Crash|p2a: Quagsire
|-resisted|p2a: Quagsire
|-damage|p2a: Quagsire|75/100
|
|-heal|p2a: Quagsire|81/100|[from] item: Leftovers
|upkeep
|turn|51
|
|t:|1664700253
|switch|p1a: Chansey|Chansey, F|62/100
|move|p2a: Quagsire|Toxic|p1a: Chansey
|-status|p1a: Chansey|tox
|
|-heal|p2a: Quagsire|87/100|[from] item: Leftovers
|-damage|p1a: Chansey|56/100 tox|[from] psn
|upkeep
|turn|52
|
|t:|1664700266
|switch|p2a: Scizor|Scizor, M|28/100
|-damage|p2a: Scizor|15/100|[from] Stealth Rock
|move|p1a: Chansey|Teleport|p1a: Chansey
|
|t:|1664700271
|-curestatus|p1a: Chansey|tox|[from] ability: Natural Cure
|switch|p1a: Golurk|Golurk|100/100|[from]move: Teleport
|
|-heal|p2a: Scizor|21/100|[from] item: Leftovers
|upkeep
|turn|53
|
|t:|1664700281
|switch|p2a: Skarmory|Skarmory, M|76/100
|-damage|p2a: Skarmory|64/100|[from] Stealth Rock
|move|p1a: Golurk|Earthquake|p2a: Skarmory
|-immune|p2a: Skarmory
|
|upkeep
|turn|54
|
|t:|1664700293
|switch|p1a: Primarina|Primarina, M|29/100
|move|p2a: Skarmory|Defog|p1a: Primarina
|-unboost|p1a: Primarina|evasion|1
|-sideend|p2: MoutMout315|Stealth Rock|[from] move: Defog|[of] p2a: Skarmory
|
|-heal|p1a: Primarina|35/100|[from] item: Leftovers
|upkeep
|turn|55
|
|t:|1664700304
|switch|p2a: Slowking|Slowking, M|100/100
|move|p1a: Primarina|Draining Kiss|p2a: Slowking
|-damage|p2a: Slowking|84/100
|-heal|p1a: Primarina|48/100|[from] drain|[of] p2a: Slowking
|
|-heal|p1a: Primarina|54/100|[from] item: Leftovers
|upkeep
|turn|56
|
|t:|1664700315
|switch|p1a: Chansey|Chansey, F|56/100
|move|p2a: Slowking|Psyshock|p1a: Chansey
|-damage|p1a: Chansey|31/100
|
|upkeep
|turn|57
|
|t:|1664700328
|move|p2a: Slowking|Calm Mind|p2a: Slowking
|-boost|p2a: Slowking|spa|1
|-boost|p2a: Slowking|spd|1
|move|p1a: Chansey|Teleport|p1a: Chansey
|
|t:|1664700331
|switch|p1a: Golurk|Golurk|100/100|[from]move: Teleport
|
|upkeep
|turn|58
|
|t:|1664700345
|switch|p2a: Chansey|Chansey, F|100/100
|move|p1a: Golurk|Poltergeist|p2a: Chansey
|-immune|p2a: Chansey
|
|upkeep
|turn|59
|
|t:|1664700373
|switch|p1a: Chansey|Chansey, F|31/100
|switch|p2a: Slowking|Slowking, M|100/100
|
|upkeep
|turn|60
|
|t:|1664700383
|move|p1a: Chansey|Soft-Boiled|p1a: Chansey
|-heal|p1a: Chansey|81/100
|move|p2a: Slowking|Psyshock|p1a: Chansey
|-damage|p1a: Chansey|57/100
|
|upkeep
|turn|61
|
|t:|1664700389
|switch|p2a: Umbreon|Umbreon, F|13/100
|move|p1a: Chansey|Teleport|p1a: Chansey
|
|t:|1664700393
|switch|p1a: Zarude|Zarude|100/100|[from]move: Teleport
|
|-heal|p2a: Umbreon|20/100|[from] item: Leftovers
|upkeep
|turn|62
|
|t:|1664700398
|move|p2a: Umbreon|Protect|p2a: Umbreon
|-singleturn|p2a: Umbreon|Protect
|move|p1a: Zarude|U-turn|p2a: Umbreon
|-activate|p2a: Umbreon|move: Protect
|
|-heal|p2a: Umbreon|26/100|[from] item: Leftovers
|upkeep
|turn|63
|
|t:|1664700408
|switch|p2a: Skarmory|Skarmory, M|64/100
|move|p1a: Zarude|U-turn|p2a: Skarmory
|-resisted|p2a: Skarmory
|-damage|p2a: Skarmory|60/100
|
|t:|1664700415
|switch|p1a: Golurk|Golurk|100/100|[from]move: U-turn
|
|upkeep
|turn|64
|inactive|MoutMout315 has 120 seconds left.
|
|t:|1664700462
|move|p2a: Skarmory|Roost|p2a: Skarmory
|-heal|p2a: Skarmory|100/100
|-singleturn|p2a: Skarmory|move: Roost
|move|p1a: Golurk|Earthquake|p2a: Skarmory
|-supereffective|p2a: Skarmory
|-damage|p2a: Skarmory|4/100
|
|upkeep
|turn|65
|-message|MoutMout315 forfeited.
|
|win|Exi_Dudi
|raw|Exi_Dudi's rating: 1380 &rarr; <strong>1389</strong><br />(+9 for winning)
|raw|MoutMout315's rating: 1161 &rarr; <strong>1150</strong><br />(-11 for losing)
|l|☆MoutMout315
