|j|☆Tiroloco
|j|☆SwitchingIsGreat
|t:|1662437250
|gametype|singles
|player|p1|Tiroloco|265|1485
|player|p2|SwitchingIsGreat|1|1572
|teamsize|p1|6
|teamsize|p2|6
|gen|8
|tier|[Gen 8] UU
|rated|
|rule|Sleep Clause Mod: Limit one foe put to sleep
|rule|Species Clause: Limit one of each Pokémon
|rule|OHKO Clause: OHKO moves are banned
|rule|Evasion Items Clause: Evasion items are banned
|rule|Evasion Moves Clause: Evasion moves are banned
|rule|Endless Battle Clause: Forcing endless battles is banned
|rule|HP Percentage Mod: HP is shown in percentages
|rule|Dynamax Clause: You cannot dynamax
|clearpoke
|poke|p1|Keldeo-Resolute|
|poke|p1|Nihilego|
|poke|p1|Celesteela|
|poke|p1|Thundurus-Therian, M|
|poke|p1|Excadrill, M|
|poke|p1|Azumarill, M|
|poke|p2|Gastrodon-East, F|
|poke|p2|Chandelure, F|
|poke|p2|Cobalion|
|poke|p2|Hippowdon, F|
|poke|p2|Excadrill, F|
|poke|p2|Salamence, F|
|teampreview
|
|t:|1662437260
|start
|switch|p1a: Excadrill|Excadrill, M|100/100
|switch|p2a: Hippowdon|Hippowdon, F|100/100
|-ability|p1a: Excadrill|Mold Breaker
|-weather|Sandstorm|[from] ability: Sand Stream|[of] p2a: Hippowdon
|turn|1
|
|t:|1662437264
|move|p1a: Excadrill|Stealth Rock|p2a: Hippowdon
|-sidestart|p2: SwitchingIsGreat|move: Stealth Rock
|move|p2a: Hippowdon|Earthquake|p1a: Excadrill
|-supereffective|p1a: Excadrill
|-enditem|p1a: Excadrill|Focus Sash
|-damage|p1a: Excadrill|1/100
|
|-weather|Sandstorm|[upkeep]
|upkeep
|turn|2
|
|t:|1662437268
|switch|p1a: Celesteela|Celesteela|100/100
|move|p2a: Hippowdon|Stealth Rock|p1a: Celesteela
|-sidestart|p1: Tiroloco|move: Stealth Rock
|
|-weather|Sandstorm|[upkeep]
|upkeep
|turn|3
|
|t:|1662437270
|switch|p2a: Gastrodon|Gastrodon-East, F, shiny|100/100
|move|p1a: Celesteela|Autotomize|p1a: Celesteela
|-boost|p1a: Celesteela|spe|2
|-start|p1a: Celesteela|Autotomize
|
|-weather|Sandstorm|[upkeep]
|upkeep
|turn|4
|
|t:|1662437272
|move|p1a: Celesteela|Air Slash|p2a: Gastrodon
|-damage|p2a: Gastrodon|75/100
|cant|p2a: Gastrodon|flinch
|
|-weather|Sandstorm|[upkeep]
|upkeep
|turn|5
|
|t:|1662437274
|move|p1a: Celesteela|Meteor Beam||[still]
|-prepare|p1a: Celesteela|Meteor Beam
|-boost|p1a: Celesteela|spa|1
|-enditem|p1a: Celesteela|Power Herb
|-anim|p1a: Celesteela|Meteor Beam|p2a: Gastrodon|[miss]
|-miss|p1a: Celesteela|p2a: Gastrodon
|move|p2a: Gastrodon|Recover|p2a: Gastrodon
|-heal|p2a: Gastrodon|100/100
|
|-weather|Sandstorm|[upkeep]
|upkeep
|turn|6
|
|t:|1662437277
|move|p1a: Celesteela|Air Slash|p2a: Gastrodon
|-damage|p2a: Gastrodon|65/100
|cant|p2a: Gastrodon|flinch
|
|-weather|Sandstorm|[upkeep]
|upkeep
|turn|7
|
|t:|1662437279
|move|p1a: Celesteela|Air Slash|p2a: Gastrodon
|-damage|p2a: Gastrodon|28/100
|cant|p2a: Gastrodon|flinch
|
|-weather|Sandstorm|[upkeep]
|upkeep
|turn|8
|c|☆Tiroloco|mb
|
|t:|1662437288
|move|p1a: Celesteela|Air Slash|p2a: Gastrodon
|-damage|p2a: Gastrodon|0 fnt
|faint|p2a: Gastrodon
|-ability|p1a: Celesteela|Beast Boost|boost
|-boost|p1a: Celesteela|spa|1
|
|-weather|none
|upkeep
|
|t:|1662437290
|switch|p2a: Chandelure|Chandelure, F, shiny|100/100
|turn|9
|
|t:|1662437294
|move|p1a: Celesteela|Air Slash|p2a: Chandelure
|-damage|p2a: Chandelure|11/100
|move|p2a: Chandelure|Flamethrower|p1a: Celesteela
|-supereffective|p1a: Celesteela
|-damage|p1a: Celesteela|0 fnt
|faint|p1a: Celesteela
|
|upkeep
|
|t:|1662437305
|switch|p1a: Keldeo|Keldeo-Resolute|100/100
|-damage|p1a: Keldeo|94/100|[from] Stealth Rock
|turn|10
|
|t:|1662437310
|move|p1a: Keldeo|Scald|p2a: Chandelure
|-supereffective|p2a: Chandelure
|-damage|p2a: Chandelure|0 fnt
|faint|p2a: Chandelure
|
|-heal|p1a: Keldeo|100/100|[from] item: Leftovers
|upkeep
|
|t:|1662437313
|switch|p2a: Salamence|Salamence, F|100/100
|-ability|p2a: Salamence|Intimidate|boost
|-unboost|p1a: Keldeo|atk|1
|turn|11
|
|t:|1662437320
|switch|p1a: Excadrill|Excadrill, M|1/100
|-damage|p1a: Excadrill|0 fnt|[from] Stealth Rock
|faint|p1a: Excadrill
|switch|p2a: Hippowdon|Hippowdon, F|100/100
|-damage|p2a: Hippowdon|94/100|[from] Stealth Rock
|-weather|Sandstorm|[from] ability: Sand Stream|[of] p2a: Hippowdon
|
|-weather|Sandstorm|[upkeep]
|upkeep
|
|t:|1662437356
|switch|p1a: Azumarill|Azumarill, M|100/100
|-damage|p1a: Azumarill|88/100|[from] Stealth Rock
|turn|12
|
|t:|1662437361
|move|p1a: Azumarill|Belly Drum|p1a: Azumarill
|-damage|p1a: Azumarill|38/100
|-setboost|p1a: Azumarill|atk|6|[from] move: Belly Drum
|-enditem|p1a: Azumarill|Sitrus Berry|[eat]
|-heal|p1a: Azumarill|63/100|[from] item: Sitrus Berry
|move|p2a: Hippowdon|Earthquake|p1a: Azumarill
|-damage|p1a: Azumarill|17/100
|
|-weather|Sandstorm|[upkeep]
|-damage|p1a: Azumarill|11/100|[from] Sandstorm
|upkeep
|turn|13
|
|t:|1662437365
|switch|p2a: Cobalion|Cobalion|100/100
|-damage|p2a: Cobalion|97/100|[from] Stealth Rock
|move|p1a: Azumarill|Play Rough|p2a: Cobalion
|-damage|p2a: Cobalion|0 fnt
|-damage|p1a: Azumarill|0 fnt|[from] item: Rocky Helmet|[of] p2a: Cobalion
|faint|p2a: Cobalion
|faint|p1a: Azumarill
|
|-weather|Sandstorm|[upkeep]
|upkeep
|
|t:|1662437372
|switch|p2a: Excadrill|Excadrill, F, shiny|100/100
|switch|p1a: Keldeo|Keldeo-Resolute|100/100
|-damage|p2a: Excadrill|97/100|[from] Stealth Rock
|-damage|p1a: Keldeo|94/100|[from] Stealth Rock
|turn|14
|
|t:|1662437374
|switch|p2a: Salamence|Salamence, F|100/100
|-ability|p2a: Salamence|Intimidate|boost
|-unboost|p1a: Keldeo|atk|1
|move|p1a: Keldeo|Scald|p2a: Salamence
|-resisted|p2a: Salamence
|-damage|p2a: Salamence|78/100
|
|-weather|Sandstorm|[upkeep]
|-damage|p1a: Keldeo|88/100|[from] Sandstorm
|-damage|p2a: Salamence|72/100|[from] Sandstorm
|-heal|p1a: Keldeo|94/100|[from] item: Leftovers
|upkeep
|turn|15
|
|t:|1662437378
|switch|p1a: Nihilego|Nihilego|100/100
|-damage|p1a: Nihilego|88/100|[from] Stealth Rock
|switch|p2a: Excadrill|Excadrill, F, shiny|97/100
|-damage|p2a: Excadrill|94/100|[from] Stealth Rock
|
|-weather|Sandstorm|[upkeep]
|upkeep
|turn|16
|
|t:|1662437382
|switch|p1a: Thundurus|Thundurus-Therian, M|100/100
|move|p2a: Excadrill|Iron Head|p1a: Thundurus
|-resisted|p1a: Thundurus
|-damage|p1a: Thundurus|53/100
|-damage|p2a: Excadrill|84/100|[from] item: Life Orb
|
|-weather|Sandstorm|[upkeep]
|-damage|p1a: Thundurus|47/100|[from] Sandstorm
|upkeep
|turn|17
|
|t:|1662437387
|move|p2a: Excadrill|Rock Slide|p1a: Thundurus
|-supereffective|p1a: Thundurus
|-damage|p1a: Thundurus|0 fnt
|faint|p1a: Thundurus
|-damage|p2a: Excadrill|74/100|[from] item: Life Orb
|
|-weather|Sandstorm|[upkeep]
|upkeep
|
|t:|1662437389
|switch|p1a: Keldeo|Keldeo-Resolute|94/100
|-damage|p1a: Keldeo|88/100|[from] Stealth Rock
|turn|18
|
|t:|1662437392
|switch|p2a: Salamence|Salamence, F|72/100
|-ability|p2a: Salamence|Intimidate|boost
|-unboost|p1a: Keldeo|atk|1
|switch|p1a: Nihilego|Nihilego|88/100
|-damage|p1a: Nihilego|76/100|[from] Stealth Rock
|
|-weather|none
|upkeep
|turn|19
|
|t:|1662437399
|switch|p2a: Hippowdon|Hippowdon, F|94/100
|-damage|p2a: Hippowdon|88/100|[from] Stealth Rock
|-weather|Sandstorm|[from] ability: Sand Stream|[of] p2a: Hippowdon
|move|p1a: Nihilego|Grass Knot|p2a: Hippowdon
|-supereffective|p2a: Hippowdon
|-damage|p2a: Hippowdon|23/100
|
|-weather|Sandstorm|[upkeep]
|upkeep
|turn|20
|
|t:|1662437406
|move|p1a: Nihilego|Grass Knot|p2a: Hippowdon
|-supereffective|p2a: Hippowdon
|-damage|p2a: Hippowdon|0 fnt
|faint|p2a: Hippowdon
|-ability|p1a: Nihilego|Beast Boost|boost
|-boost|p1a: Nihilego|spe|1
|
|-weather|Sandstorm|[upkeep]
|upkeep
|
|t:|1662437409
|switch|p2a: Excadrill|Excadrill, F, shiny|74/100
|-damage|p2a: Excadrill|71/100|[from] Stealth Rock
|turn|21
|
|t:|1662437414
|move|p2a: Excadrill|Earthquake|p1a: Nihilego
|-supereffective|p1a: Nihilego
|-damage|p1a: Nihilego|0 fnt
|faint|p1a: Nihilego
|-damage|p2a: Excadrill|61/100|[from] item: Life Orb
|
|-weather|Sandstorm|[upkeep]
|upkeep
|
|t:|1662437416
|switch|p1a: Keldeo|Keldeo-Resolute|88/100
|-damage|p1a: Keldeo|82/100|[from] Stealth Rock
|turn|22
|
|t:|1662437422
|move|p2a: Excadrill|Earthquake|p1a: Keldeo
|-damage|p1a: Keldeo|0 fnt
|faint|p1a: Keldeo
|-damage|p2a: Excadrill|51/100|[from] item: Life Orb
|
|win|SwitchingIsGreat
|raw|Tiroloco's rating: 1485 &rarr; <strong>1470</strong><br />(-15 for losing)
|raw|SwitchingIsGreat's rating: 1572 &rarr; <strong>1587</strong><br />(+15 for winning)
|c|☆Tiroloco|gg
|c|☆SwitchingIsGreat|gg
|l|☆Tiroloco
