|raw|<div class="broadcast-blue"><strong>This battle is required to be public due to a player having a name starting with 'uult91w'.</div>
|j|☆UULT91w TT
|j|☆UULT91w HaxxLR
|t:|1652056762
|gametype|singles
|player|p1|UULT91w TT|cynthia|1588
|player|p2|UULT91w HaxxLR|grimsley|1519
|teamsize|p1|6
|teamsize|p2|6
|gen|8
|tier|[Gen 8] UU
|rated|
|rule|Sleep Clause Mod: Limit one foe put to sleep
|rule|Species Clause: Limit one of each Pokémon
|rule|OHKO Clause: OHKO moves are banned
|rule|Evasion Moves Clause: Evasion moves are banned
|rule|Endless Battle Clause: Forcing endless battles is banned
|rule|HP Percentage Mod: HP is shown in percentages
|rule|Dynamax Clause: You cannot dynamax
|clearpoke
|poke|p1|Hippowdon, M|
|poke|p1|Skarmory, M|
|poke|p1|Zarude-Dada|
|poke|p1|Slowking, F|
|poke|p1|Thundurus-Therian, M|
|poke|p1|Noivern, F|
|poke|p2|Togekiss, M|
|poke|p2|Mandibuzz, F|
|poke|p2|Chansey, F|
|poke|p2|Scizor, M|
|poke|p2|Swampert, M|
|poke|p2|Zygarde-10%|
|teampreview
|inactive|Battle timer is ON: inactive players will automatically lose when time's up. (requested by UULT91w TT)
|inactive|UULT91w HaxxLR has 120 seconds left.
|j| youke
|
|t:|1652056864
|start
|switch|p1a: Thundurus|Thundurus-Therian, M|100/100
|switch|p2a: Togekiss|Togekiss, M|100/100
|turn|1
|
|t:|1652056887
|switch|p2a: Chansey|Chansey, F|100/100
|move|p1a: Thundurus|Sludge Bomb|p2a: Chansey
|-damage|p2a: Chansey|90/100
|
|upkeep
|turn|2
|inactive|UULT91w HaxxLR has 120 seconds left.
|
|t:|1652056929
|move|p1a: Thundurus|Knock Off|p2a: Chansey
|-damage|p2a: Chansey|77/100
|-enditem|p2a: Chansey|Eviolite|[from] move: Knock Off|[of] p1a: Thundurus
|move|p2a: Chansey|Seismic Toss|p1a: Thundurus
|-damage|p1a: Thundurus|67/100
|
|upkeep
|turn|3
|
|t:|1652056938
|move|p1a: Thundurus|Volt Switch|p2a: Chansey
|-damage|p2a: Chansey|59/100
|
|t:|1652056944
|switch|p1a: Hippowdon|Hippowdon, M|100/100|[from]move: Volt Switch
|-weather|Sandstorm|[from] ability: Sand Stream|[of] p1a: Hippowdon
|move|p2a: Chansey|Teleport|p2a: Chansey
|inactive|UULT91w HaxxLR has 120 seconds left.
|inactive|UULT91w HaxxLR has 90 seconds left.
|
|t:|1652057005
|switch|p2a: Togekiss|Togekiss, M|100/100|[from]move: Teleport
|
|-weather|Sandstorm|[upkeep]
|-damage|p2a: Togekiss|94/100|[from] Sandstorm
|upkeep
|turn|4
|
|t:|1652057015
|move|p2a: Togekiss|Air Slash|p1a: Hippowdon
|-damage|p1a: Hippowdon|58/100
|cant|p1a: Hippowdon|flinch
|
|-weather|Sandstorm|[upkeep]
|-damage|p2a: Togekiss|88/100|[from] Sandstorm
|upkeep
|turn|5
|
|t:|1652057021
|switch|p1a: Slowking|Slowking, F|100/100
|move|p2a: Togekiss|Air Slash|p1a: Slowking
|-crit|p1a: Slowking
|-damage|p1a: Slowking|39/100
|
|-weather|Sandstorm|[upkeep]
|-damage|p2a: Togekiss|82/100|[from] Sandstorm
|-damage|p1a: Slowking|32/100|[from] Sandstorm
|upkeep
|turn|6
|
|t:|1652057027
|switch|p1a: Thundurus|Thundurus-Therian, M|67/100
|move|p2a: Togekiss|Air Slash|p1a: Thundurus
|-resisted|p1a: Thundurus
|-damage|p1a: Thundurus|25/100
|
|-weather|Sandstorm|[upkeep]
|-damage|p1a: Thundurus|19/100|[from] Sandstorm
|-damage|p2a: Togekiss|76/100|[from] Sandstorm
|upkeep
|turn|7
|inactive|UULT91w HaxxLR has 90 seconds left.
|
|t:|1652057056
|switch|p1a: Zarude|Zarude-Dada|100/100
|switch|p2a: Swampert|Swampert, M|100/100
|
|-weather|none
|upkeep
|turn|8
|
|t:|1652057068
|switch|p2a: Scizor|Scizor, M|100/100
|move|p1a: Zarude|U-turn|p2a: Scizor
|-resisted|p2a: Scizor
|-damage|p2a: Scizor|92/100
|
|t:|1652057070
|switch|p1a: Hippowdon|Hippowdon, M|58/100|[from]move: U-turn
|-weather|Sandstorm|[from] ability: Sand Stream|[of] p1a: Hippowdon
|
|-weather|Sandstorm|[upkeep]
|upkeep
|turn|9
|
|t:|1652057078
|switch|p2a: Togekiss|Togekiss, M|76/100
|move|p1a: Hippowdon|Stealth Rock|p2a: Togekiss
|-sidestart|p2: UULT91w HaxxLR|move: Stealth Rock
|
|-weather|Sandstorm|[upkeep]
|-damage|p2a: Togekiss|70/100|[from] Sandstorm
|upkeep
|turn|10
|
|t:|1652057082
|switch|p1a: Noivern|Noivern, F|100/100
|move|p2a: Togekiss|Air Slash|p1a: Noivern
|-damage|p1a: Noivern|18/100
|
|-weather|Sandstorm|[upkeep]
|-damage|p1a: Noivern|12/100|[from] Sandstorm
|-damage|p2a: Togekiss|64/100|[from] Sandstorm
|upkeep
|turn|11
|inactive|UULT91w HaxxLR has 90 seconds left.
|inactive|UULT91w HaxxLR has 60 seconds left.
|
|t:|1652057140
|switch|p2a: Mandibuzz|Mandibuzz, F|100/100
|move|p1a: Noivern|Flamethrower|p2a: Mandibuzz
|-damage|p2a: Mandibuzz|78/100
|
|-weather|Sandstorm|[upkeep]
|-damage|p1a: Noivern|6/100|[from] Sandstorm
|upkeep
|turn|12
|
|t:|1652057160
|move|p1a: Noivern|U-turn|p2a: Mandibuzz
|-damage|p2a: Mandibuzz|71/100
|
|t:|1652057167
|switch|p1a: Slowking|Slowking, F|66/100|[from]move: U-turn
|move|p2a: Mandibuzz|Defog|p1a: Slowking
|-unboost|p1a: Slowking|evasion|1
|-sideend|p2: UULT91w HaxxLR|Stealth Rock|[from] move: Defog|[of] p2a: Mandibuzz
|
|-weather|none
|upkeep
|turn|13
|inactive|UULT91w HaxxLR has 60 seconds left.
|
|t:|1652057178
|move|p2a: Mandibuzz|Toxic|p1a: Slowking
|-status|p1a: Slowking|tox
|move|p1a: Slowking|Teleport|p1a: Slowking
|
|t:|1652057182
|switch|p1a: Hippowdon|Hippowdon, M|58/100|[from]move: Teleport
|-weather|Sandstorm|[from] ability: Sand Stream|[of] p1a: Hippowdon
|
|-weather|Sandstorm|[upkeep]
|upkeep
|turn|14
|
|t:|1652057187
|switch|p2a: Togekiss|Togekiss, M|64/100
|move|p1a: Hippowdon|Slack Off|p1a: Hippowdon
|-heal|p1a: Hippowdon|100/100
|
|-weather|Sandstorm|[upkeep]
|-damage|p2a: Togekiss|58/100|[from] Sandstorm
|upkeep
|turn|15
|
|t:|1652057195
|move|p2a: Togekiss|Air Slash|p1a: Hippowdon
|-damage|p1a: Hippowdon|58/100
|cant|p1a: Hippowdon|flinch
|
|-weather|Sandstorm|[upkeep]
|-damage|p2a: Togekiss|52/100|[from] Sandstorm
|upkeep
|turn|16
|
|t:|1652057201
|move|p2a: Togekiss|Air Slash|p1a: Hippowdon
|-damage|p1a: Hippowdon|10/100
|cant|p1a: Hippowdon|flinch
|
|-weather|Sandstorm|[upkeep]
|-damage|p2a: Togekiss|46/100|[from] Sandstorm
|upkeep
|turn|17
|c|☆UULT91w TT|bruh
|
|t:|1652057215
|switch|p1a: Noivern|Noivern, F|6/100
|move|p2a: Togekiss|Air Slash|p1a: Noivern
|-damage|p1a: Noivern|0 fnt
|faint|p1a: Noivern
|
|-weather|none
|upkeep
|
|t:|1652057216
|switch|p1a: Thundurus|Thundurus-Therian, M|19/100
|turn|18
|
|t:|1652057229
|switch|p1a: Zarude|Zarude-Dada|100/100
|switch|p2a: Swampert|Swampert, M|100/100
|
|upkeep
|turn|19
|
|t:|1652057232
|switch|p2a: Scizor|Scizor, M|92/100
|move|p1a: Zarude|Darkest Lariat|p2a: Scizor
|-damage|p2a: Scizor|59/100
|
|upkeep
|turn|20
|
|t:|1652057247
|move|p1a: Zarude|U-turn|p2a: Scizor
|-resisted|p2a: Scizor
|-damage|p2a: Scizor|50/100
|
|t:|1652057250
|switch|p1a: Skarmory|Skarmory, M|100/100|[from]move: U-turn
|move|p2a: Scizor|Roost|p2a: Scizor
|-heal|p2a: Scizor|99/100
|-singleturn|p2a: Scizor|move: Roost
|
|upkeep
|turn|21
|
|t:|1652057256
|move|p1a: Skarmory|Spikes|p2a: Scizor
|-sidestart|p2: UULT91w HaxxLR|Spikes
|move|p2a: Scizor|U-turn|p1a: Skarmory
|-resisted|p1a: Skarmory
|-damage|p1a: Skarmory|96/100
|-damage|p2a: Scizor|83/100|[from] item: Rocky Helmet|[of] p1a: Skarmory
|
|t:|1652057262
|switch|p2a: Togekiss|Togekiss, M|46/100|[from]move: U-turn
|
|upkeep
|turn|22
|inactive|UULT91w HaxxLR has 120 seconds left.
|
|t:|1652057271
|switch|p1a: Slowking|Slowking, F|99/100 tox
|move|p2a: Togekiss|Air Slash|p1a: Slowking
|-damage|p1a: Slowking|55/100 tox
|
|-damage|p1a: Slowking|48/100 tox|[from] psn
|upkeep
|turn|23
|
|t:|1652057277
|switch|p1a: Hippowdon|Hippowdon, M|10/100
|-weather|Sandstorm|[from] ability: Sand Stream|[of] p1a: Hippowdon
|move|p2a: Togekiss|Air Slash|p1a: Hippowdon
|-damage|p1a: Hippowdon|0 fnt
|faint|p1a: Hippowdon
|
|-weather|Sandstorm|[upkeep]
|-damage|p2a: Togekiss|39/100|[from] Sandstorm
|upkeep
|
|t:|1652057281
|switch|p1a: Thundurus|Thundurus-Therian, M|19/100
|turn|24
|
|t:|1652057289
|switch|p1a: Zarude|Zarude-Dada|100/100
|switch|p2a: Swampert|Swampert, M|100/100
|-damage|p2a: Swampert|88/100|[from] Spikes
|
|-weather|Sandstorm|[upkeep]
|-damage|p1a: Zarude|95/100|[from] Sandstorm
|-heal|p2a: Swampert|94/100|[from] item: Leftovers
|upkeep
|turn|25
|
|t:|1652057293
|switch|p2a: Scizor|Scizor, M|83/100
|move|p1a: Zarude|U-turn|p2a: Scizor
|-resisted|p2a: Scizor
|-damage|p2a: Scizor|74/100
|
|t:|1652057296
|switch|p1a: Skarmory|Skarmory, M|96/100|[from]move: U-turn
|
|-weather|Sandstorm|[upkeep]
|upkeep
|turn|26
|
|t:|1652057312
|switch|p2a: Togekiss|Togekiss, M|39/100
|move|p1a: Skarmory|Iron Defense|p1a: Skarmory
|-boost|p1a: Skarmory|def|2
|
|-weather|Sandstorm|[upkeep]
|-damage|p2a: Togekiss|33/100|[from] Sandstorm
|upkeep
|turn|27
|inactive|UULT91w HaxxLR has 120 seconds left.
|
|t:|1652057347
|switch|p1a: Slowking|Slowking, F|82/100 tox
|move|p2a: Togekiss|Air Slash|p1a: Slowking
|-damage|p1a: Slowking|37/100 tox
|
|-weather|none
|-damage|p1a: Slowking|31/100 tox|[from] psn
|upkeep
|turn|28
|
|t:|1652057359
|move|p2a: Togekiss|Air Slash|p1a: Slowking
|-damage|p1a: Slowking|0 fnt
|faint|p1a: Slowking
|
|upkeep
|
|t:|1652057362
|switch|p1a: Thundurus|Thundurus-Therian, M|19/100
|turn|29
|
|t:|1652057365
|switch|p2a: Swampert|Swampert, M|94/100
|-damage|p2a: Swampert|82/100|[from] Spikes
|move|p1a: Thundurus|Knock Off|p2a: Swampert
|-damage|p2a: Swampert|68/100
|-enditem|p2a: Swampert|Leftovers|[from] move: Knock Off|[of] p1a: Thundurus
|
|upkeep
|turn|30
|
|t:|1652057374
|switch|p1a: Zarude|Zarude-Dada|95/100
|move|p2a: Swampert|Flip Turn|p1a: Zarude
|-resisted|p1a: Zarude
|-damage|p1a: Zarude|83/100
|
|t:|1652057382
|switch|p2a: Scizor|Scizor, M|74/100|[from]move: Flip Turn
|
|upkeep
|turn|31
|
|t:|1652057386
|move|p1a: Zarude|U-turn|p2a: Scizor
|-resisted|p2a: Scizor
|-damage|p2a: Scizor|65/100
|
|t:|1652057388
|switch|p1a: Skarmory|Skarmory, M|96/100|[from]move: U-turn
|move|p2a: Scizor|U-turn|p1a: Skarmory
|-resisted|p1a: Skarmory
|-damage|p1a: Skarmory|91/100
|-damage|p2a: Scizor|48/100|[from] item: Rocky Helmet|[of] p1a: Skarmory
|
|t:|1652057393
|switch|p2a: Togekiss|Togekiss, M|33/100|[from]move: U-turn
|
|upkeep
|turn|32
|
|t:|1652057401
|switch|p1a: Thundurus|Thundurus-Therian, M|19/100
|move|p2a: Togekiss|Fire Blast|p1a: Thundurus
|-damage|p1a: Thundurus|0 fnt
|faint|p1a: Thundurus
|
|upkeep
|
|t:|1652057404
|switch|p1a: Zarude|Zarude-Dada|83/100
|turn|33
|
|t:|1652057410
|move|p1a: Zarude|Darkest Lariat|p2a: Togekiss
|-resisted|p2a: Togekiss
|-damage|p2a: Togekiss|11/100
|move|p2a: Togekiss|Fire Blast|p1a: Zarude
|-supereffective|p1a: Zarude
|-damage|p1a: Zarude|0 fnt
|faint|p1a: Zarude
|
|upkeep
|-message|UULT91w TT forfeited.
|
|win|UULT91w HaxxLR
|raw|UULT91w TT's rating: 1588 &rarr; <strong>1564</strong><br />(-24 for losing)
|raw|UULT91w HaxxLR's rating: 1519 &rarr; <strong>1543</strong><br />(+24 for winning)
|l|☆UULT91w TT
||Ladder isn't responding, score probably updated but might not have (Request timeout).
|l|☆UULT91w HaxxLR
