|j|☆HahaCharadeYouAre
|j|☆Buster118
|t:|1652331142
|gametype|singles
|player|p1|HahaCharadeYouAre|wulfric|1229
|player|p2|Buster118|scientist-gen4dp|1513
|teamsize|p1|6
|teamsize|p2|6
|gen|8
|tier|[Gen 8] UU
|rated|
|rule|Sleep Clause Mod: Limit one foe put to sleep
|rule|Species Clause: Limit one of each Pokémon
|rule|OHKO Clause: OHKO moves are banned
|rule|Evasion Moves Clause: Evasion moves are banned
|rule|Endless Battle Clause: Forcing endless battles is banned
|rule|HP Percentage Mod: HP is shown in percentages
|rule|Dynamax Clause: You cannot dynamax
|clearpoke
|poke|p1|Slowking, F|
|poke|p1|Scizor, F|
|poke|p1|Persian-Alola, M|
|poke|p1|Azumarill, M|
|poke|p1|Gyarados, F|
|poke|p1|Silvally-*|
|poke|p2|Amoonguss, F|
|poke|p2|Celesteela|
|poke|p2|Chansey, F|
|poke|p2|Conkeldurr, M|
|poke|p2|Lycanroc-Dusk, M|
|poke|p2|Swampert, M|
|teampreview
|c|☆Buster118|we meet again lol
|c|☆HahaCharadeYouAre|yo
|
|t:|1652331195
|start
|switch|p1a: Gyarados|Gyarados, F|100/100
|switch|p2a: Amoonguss|Amoonguss, F|100/100
|turn|1
|
|t:|1652331221
|move|p1a: Gyarados|Dragon Dance|p1a: Gyarados
|-boost|p1a: Gyarados|atk|1
|-boost|p1a: Gyarados|spe|1
|move|p2a: Amoonguss|Giga Drain|p1a: Gyarados
|-damage|p1a: Gyarados|78/100
|
|upkeep
|turn|2
|
|t:|1652331227
|move|p1a: Gyarados|Ice Fang|p2a: Amoonguss
|-supereffective|p2a: Amoonguss
|-damage|p2a: Amoonguss|43/100
|-damage|p1a: Gyarados|61/100|[from] item: Rocky Helmet|[of] p2a: Amoonguss
|move|p2a: Amoonguss|Spore|p1a: Gyarados
|-status|p1a: Gyarados|slp|[from] move: Spore
|
|upkeep
|turn|3
|
|t:|1652331232
|switch|p2a: Swampert|Swampert, M|100/100
|cant|p1a: Gyarados|slp
|
|upkeep
|turn|4
|
|t:|1652331237
|-curestatus|p1a: Gyarados|slp|[msg]
|move|p1a: Gyarados|Power Whip|p2a: Swampert
|-supereffective|p2a: Swampert
|-crit|p2a: Swampert
|-damage|p2a: Swampert|0 fnt
|faint|p2a: Swampert
|-ability|p1a: Gyarados|Moxie|boost
|-boost|p1a: Gyarados|atk|1
|
|upkeep
|
|t:|1652331251
|switch|p2a: Lycanroc|Lycanroc-Dusk, M|100/100
|turn|5
|
|t:|1652331253
|switch|p1a: Slowking|Slowking, F|100/100
|move|p2a: Lycanroc|Accelerock|p1a: Slowking
|-damage|p1a: Slowking|74/100
|-damage|p2a: Lycanroc|91/100|[from] item: Life Orb
|
|upkeep
|turn|6
|
|t:|1652331260
|switch|p2a: Chansey|Chansey, F|100/100
|move|p1a: Slowking|Future Sight|p2a: Chansey
|-start|p1a: Slowking|move: Future Sight
|
|upkeep
|turn|7
|
|t:|1652331262
|move|p2a: Chansey|Toxic|p1a: Slowking
|-status|p1a: Slowking|tox
|move|p1a: Slowking|Teleport|p1a: Slowking
|
|t:|1652331270
|switch|p1a: Scizor|Scizor, F|100/100|[from]move: Teleport
|
|upkeep
|turn|8
|
|t:|1652331273
|move|p1a: Scizor|Knock Off|p2a: Chansey
|-damage|p2a: Chansey|63/100
|-enditem|p2a: Chansey|Eviolite|[from] move: Knock Off|[of] p1a: Scizor
|move|p2a: Chansey|Soft-Boiled|p2a: Chansey
|-heal|p2a: Chansey|100/100
|
|-end|p2a: Chansey|move: Future Sight
|-damage|p2a: Chansey|82/100
|upkeep
|turn|9
|
|t:|1652331282
|switch|p1a: Slowking|Slowking, F|100/100 tox
|move|p2a: Chansey|Seismic Toss|p1a: Slowking
|-damage|p1a: Slowking|75/100 tox
|
|-damage|p1a: Slowking|69/100 tox|[from] psn
|upkeep
|turn|10
|
|t:|1652331285
|move|p2a: Chansey|Teleport|p2a: Chansey
|
|t:|1652331288
|switch|p2a: Conkeldurr|Conkeldurr, M|100/100|[from]move: Teleport
|move|p1a: Slowking|Teleport|p1a: Slowking
|
|t:|1652331294
|switch|p1a: Azumarill|Azumarill, M|100/100|[from]move: Teleport
|
|-status|p2a: Conkeldurr|brn|[from] item: Flame Orb
|upkeep
|turn|11
|
|t:|1652331299
|switch|p2a: Chansey|Chansey, F|82/100
|move|p1a: Azumarill|Whirlpool|p2a: Chansey
|-damage|p2a: Chansey|78/100
|-activate|p2a: Chansey|move: Whirlpool|[of] p1a: Azumarill
|
|-damage|p2a: Chansey|66/100|[from] move: Whirlpool|[partiallytrapped]
|upkeep
|turn|12
|
|t:|1652331307
|switch|p1a: Slowking|Slowking, F|100/100 tox
|move|p2a: Chansey|Toxic|p1a: Slowking
|-fail|p1a: Slowking|tox
|
|-damage|p1a: Slowking|94/100 tox|[from] psn
|-end|p2a: Chansey|Whirlpool|[partiallytrapped]|[silent]
|upkeep
|turn|13
|
|t:|1652331312
|move|p2a: Chansey|Seismic Toss|p1a: Slowking
|-damage|p1a: Slowking|69/100 tox
|move|p1a: Slowking|Future Sight|p2a: Chansey
|-start|p1a: Slowking|move: Future Sight
|
|-damage|p1a: Slowking|57/100 tox|[from] psn
|upkeep
|turn|14
|
|t:|1652331317
|move|p2a: Chansey|Seismic Toss|p1a: Slowking
|-damage|p1a: Slowking|31/100 tox
|move|p1a: Slowking|Teleport|p1a: Slowking
|
|t:|1652331328
|switch|p1a: Scizor|Scizor, F|100/100|[from]move: Teleport
|
|upkeep
|turn|15
|
|t:|1652331332
|move|p1a: Scizor|U-turn|p2a: Chansey
|-crit|p2a: Chansey
|-damage|p2a: Chansey|0 fnt
|faint|p2a: Chansey
|
|t:|1652331341
|switch|p1a: Slowking|Slowking, F|65/100 tox|[from]move: U-turn
|
|-hint|Future Sight did not hit because the target is fainted.
|-damage|p1a: Slowking|59/100 tox|[from] psn
|upkeep
|
|t:|1652331352
|switch|p2a: Conkeldurr|Conkeldurr, M|100/100 brn
|turn|16
|
|t:|1652331357
|move|p2a: Conkeldurr|Knock Off|p1a: Slowking
|-supereffective|p1a: Slowking
|-damage|p1a: Slowking|0 fnt
|-enditem|p1a: Slowking|Heavy-Duty Boots|[from] move: Knock Off|[of] p2a: Conkeldurr
|faint|p1a: Slowking
|
|-damage|p2a: Conkeldurr|95/100 brn|[from] brn
|upkeep
|
|t:|1652331361
|switch|p1a: Azumarill|Azumarill, M|100/100
|turn|17
|
|t:|1652331366
|switch|p2a: Amoonguss|Amoonguss, F|76/100
|move|p1a: Azumarill|Whirlpool|p2a: Amoonguss
|-resisted|p2a: Amoonguss
|-damage|p2a: Amoonguss|72/100
|-activate|p2a: Amoonguss|move: Whirlpool|[of] p1a: Azumarill
|
|-damage|p2a: Amoonguss|60/100|[from] move: Whirlpool|[partiallytrapped]
|upkeep
|turn|18
|
|t:|1652331371
|move|p1a: Azumarill|Protect|p1a: Azumarill
|-singleturn|p1a: Azumarill|Protect
|move|p2a: Amoonguss|Sludge Bomb|p1a: Azumarill
|-activate|p1a: Azumarill|move: Protect
|
|-damage|p2a: Amoonguss|47/100|[from] move: Whirlpool|[partiallytrapped]
|upkeep
|turn|19
|
|t:|1652331377
|switch|p1a: Scizor|Scizor, F|100/100
|move|p2a: Amoonguss|Sludge Bomb|p1a: Scizor
|-immune|p1a: Scizor
|
|-end|p2a: Amoonguss|Whirlpool|[partiallytrapped]|[silent]
|upkeep
|turn|20
|
|t:|1652331384
|move|p1a: Scizor|Knock Off|p2a: Amoonguss
|-damage|p2a: Amoonguss|5/100
|-damage|p1a: Scizor|84/100|[from] item: Rocky Helmet|[of] p2a: Amoonguss
|-enditem|p2a: Amoonguss|Rocky Helmet|[from] move: Knock Off|[of] p1a: Scizor
|move|p2a: Amoonguss|Foul Play|p1a: Scizor
|-damage|p1a: Scizor|42/100
|
|upkeep
|turn|21
|
|t:|1652331391
|switch|p2a: Conkeldurr|Conkeldurr, M|95/100 brn
|move|p1a: Scizor|Knock Off|p2a: Conkeldurr
|-resisted|p2a: Conkeldurr
|-crit|p2a: Conkeldurr
|-damage|p2a: Conkeldurr|54/100 brn
|-enditem|p2a: Conkeldurr|Flame Orb|[from] move: Knock Off|[of] p1a: Scizor
|
|-damage|p2a: Conkeldurr|48/100 brn|[from] brn
|upkeep
|turn|22
|
|t:|1652331400
|switch|p1a: Silvally|Silvally-Ground|100/100
|move|p2a: Conkeldurr|Drain Punch|p1a: Silvally
|-damage|p1a: Silvally|24/100
|-heal|p2a: Conkeldurr|84/100 brn|[from] drain|[of] p1a: Silvally
|
|-damage|p2a: Conkeldurr|78/100 brn|[from] brn
|upkeep
|turn|23
|
|t:|1652331421
|move|p2a: Conkeldurr|Mach Punch|p1a: Silvally
|-damage|p1a: Silvally|0 fnt
|faint|p1a: Silvally
|
|-damage|p2a: Conkeldurr|72/100 brn|[from] brn
|upkeep
|
|t:|1652331423
|switch|p1a: Azumarill|Azumarill, M|100/100
|turn|24
|
|t:|1652331427
|switch|p2a: Amoonguss|Amoonguss, F|38/100
|move|p1a: Azumarill|Whirlpool|p2a: Amoonguss
|-resisted|p2a: Amoonguss
|-damage|p2a: Amoonguss|35/100
|-activate|p2a: Amoonguss|move: Whirlpool|[of] p1a: Azumarill
|
|-damage|p2a: Amoonguss|22/100|[from] move: Whirlpool|[partiallytrapped]
|upkeep
|turn|25
|
|t:|1652331433
|move|p1a: Azumarill|Protect|p1a: Azumarill
|-singleturn|p1a: Azumarill|Protect
|move|p2a: Amoonguss|Sludge Bomb|p1a: Azumarill
|-activate|p1a: Azumarill|move: Protect
|
|-damage|p2a: Amoonguss|10/100|[from] move: Whirlpool|[partiallytrapped]
|upkeep
|turn|26
|
|t:|1652331439
|move|p1a: Azumarill|Protect||[still]
|-fail|p1a: Azumarill
|move|p2a: Amoonguss|Spore|p1a: Azumarill
|-ability|p1a: Azumarill|Sap Sipper|boost
|-boost|p1a: Azumarill|atk|1
|
|-damage|p2a: Amoonguss|0 fnt|[from] move: Whirlpool|[partiallytrapped]
|faint|p2a: Amoonguss
|upkeep
|
|t:|1652331446
|switch|p2a: Celesteela|Celesteela|100/100
|turn|27
|
|t:|1652331452
|move|p2a: Celesteela|Autotomize|p2a: Celesteela
|-boost|p2a: Celesteela|spe|2
|-start|p2a: Celesteela|Autotomize
|move|p1a: Azumarill|Perish Song|p1a: Azumarill
|-start|p1a: Azumarill|perish3|[silent]
|-start|p2a: Celesteela|perish3|[silent]
|-fieldactivate|move: Perish Song
|
|-start|p2a: Celesteela|perish3
|-start|p1a: Azumarill|perish3
|upkeep
|turn|28
|
|t:|1652331456
|move|p2a: Celesteela|Air Slash|p1a: Azumarill
|-damage|p1a: Azumarill|61/100
|move|p1a: Azumarill|Whirlpool|p2a: Celesteela
|-damage|p2a: Celesteela|92/100
|-activate|p2a: Celesteela|move: Whirlpool|[of] p1a: Azumarill
|
|-heal|p1a: Azumarill|67/100|[from] item: Leftovers
|-damage|p2a: Celesteela|79/100|[from] move: Whirlpool|[partiallytrapped]
|-start|p2a: Celesteela|perish2
|-start|p1a: Azumarill|perish2
|upkeep
|turn|29
|
|t:|1652331464
|move|p1a: Azumarill|Protect|p1a: Azumarill
|-singleturn|p1a: Azumarill|Protect
|move|p2a: Celesteela|Meteor Beam||[still]
|-prepare|p2a: Celesteela|Meteor Beam
|-boost|p2a: Celesteela|spa|1
|-enditem|p2a: Celesteela|Power Herb
|-anim|p2a: Celesteela|Meteor Beam|p1a: Azumarill
|-activate|p1a: Azumarill|move: Protect
|
|-heal|p1a: Azumarill|73/100|[from] item: Leftovers
|-damage|p2a: Celesteela|67/100|[from] move: Whirlpool|[partiallytrapped]
|-start|p2a: Celesteela|perish1
|-start|p1a: Azumarill|perish1
|upkeep
|turn|30
|
|t:|1652331478
|switch|p1a: Gyarados|Gyarados, F|61/100
|move|p2a: Celesteela|Air Slash|p1a: Gyarados
|-damage|p1a: Gyarados|4/100
|
|-end|p2a: Celesteela|Whirlpool|[partiallytrapped]|[silent]
|-start|p2a: Celesteela|perish0
|upkeep
|faint|p2a: Celesteela
|
|t:|1652331482
|switch|p2a: Lycanroc|Lycanroc-Dusk, M|91/100
|turn|31
|
|t:|1652331484
|move|p2a: Lycanroc|Accelerock|p1a: Gyarados
|-supereffective|p1a: Gyarados
|-damage|p1a: Gyarados|0 fnt
|faint|p1a: Gyarados
|-damage|p2a: Lycanroc|81/100|[from] item: Life Orb
|
|upkeep
|
|t:|1652331485
|switch|p1a: Scizor|Scizor, F|42/100
|turn|32
|
|t:|1652331495
|move|p2a: Lycanroc|Accelerock|p1a: Scizor
|-crit|p1a: Scizor
|-damage|p1a: Scizor|0 fnt
|faint|p1a: Scizor
|-damage|p2a: Lycanroc|71/100|[from] item: Life Orb
|
|upkeep
|c|☆HahaCharadeYouAre|bruhhh
|
|t:|1652331501
|switch|p1a: Persian|Persian-Alola, M|100/100
|turn|33
|c|☆Buster118|bro u got one too lol
|
|t:|1652331509
|move|p1a: Persian|Foul Play|p2a: Lycanroc
|-damage|p2a: Lycanroc|0 fnt
|faint|p2a: Lycanroc
|
|upkeep
|
|t:|1652331512
|switch|p2a: Conkeldurr|Conkeldurr, M|72/100 brn
|turn|34
|
|t:|1652331525
|move|p1a: Persian|Parting Shot|p2a: Conkeldurr
|-unboost|p2a: Conkeldurr|atk|1
|-unboost|p2a: Conkeldurr|spa|1
|c|☆HahaCharadeYouAre|what turn i forgot
|
|t:|1652331528
|switch|p1a: Azumarill|Azumarill, M|73/100|[from]move: Parting Shot
|move|p2a: Conkeldurr|Drain Punch|p1a: Azumarill
|-resisted|p1a: Azumarill
|-damage|p1a: Azumarill|58/100
|-heal|p2a: Conkeldurr|81/100 brn|[from] drain|[of] p1a: Azumarill
|
|-heal|p1a: Azumarill|65/100|[from] item: Leftovers
|-damage|p2a: Conkeldurr|75/100 brn|[from] brn
|upkeep
|turn|35
|
|t:|1652331539
|move|p2a: Conkeldurr|Facade|p1a: Azumarill
|-damage|p1a: Azumarill|23/100
|move|p1a: Azumarill|Perish Song|p1a: Azumarill
|-start|p1a: Azumarill|perish3|[silent]
|-start|p2a: Conkeldurr|perish3|[silent]
|-fieldactivate|move: Perish Song
|
|-heal|p1a: Azumarill|29/100|[from] item: Leftovers
|-damage|p2a: Conkeldurr|69/100 brn|[from] brn
|-start|p2a: Conkeldurr|perish3
|-start|p1a: Azumarill|perish3
|upkeep
|turn|36
|
|t:|1652331544
|move|p1a: Azumarill|Protect|p1a: Azumarill
|-singleturn|p1a: Azumarill|Protect
|move|p2a: Conkeldurr|Facade|p1a: Azumarill
|-activate|p1a: Azumarill|move: Protect
|
|-heal|p1a: Azumarill|36/100|[from] item: Leftovers
|-damage|p2a: Conkeldurr|63/100 brn|[from] brn
|-start|p2a: Conkeldurr|perish2
|-start|p1a: Azumarill|perish2
|upkeep
|turn|37
|
|t:|1652331549
|move|p1a: Azumarill|Protect||[still]
|-fail|p1a: Azumarill
|move|p2a: Conkeldurr|Facade|p1a: Azumarill
|-damage|p1a: Azumarill|0 fnt
|faint|p1a: Azumarill
|
|-damage|p2a: Conkeldurr|57/100 brn|[from] brn
|-start|p2a: Conkeldurr|perish1
|upkeep
|
|t:|1652331555
|switch|p1a: Persian|Persian-Alola, M|100/100
|turn|38
|
|t:|1652331559
|move|p1a: Persian|Parting Shot|p2a: Conkeldurr
|-unboost|p2a: Conkeldurr|atk|1
|-unboost|p2a: Conkeldurr|spa|1
|move|p2a: Conkeldurr|Drain Punch|p1a: Persian
|-supereffective|p1a: Persian
|-damage|p1a: Persian|51/100
|-heal|p2a: Conkeldurr|79/100 brn|[from] drain|[of] p1a: Persian
|
|-damage|p2a: Conkeldurr|73/100 brn|[from] brn
|-start|p2a: Conkeldurr|perish0
|upkeep
|faint|p2a: Conkeldurr
|
|win|HahaCharadeYouAre
|raw|HahaCharadeYouAre's rating: 1229 &rarr; <strong>1271</strong><br />(+42 for winning)
|raw|Buster118's rating: 1513 &rarr; <strong>1480</strong><br />(-33 for losing)
|l|☆Buster118
|c|☆HahaCharadeYouAre|gg bro
