|j|☆Springerk
|j|☆Verstraeten
|t:|1648545315
|gametype|singles
|player|p1|Springerk|psychic|1386
|player|p2|Verstraeten|scientist|1399
|teamsize|p1|6
|teamsize|p2|6
|gen|8
|tier|[Gen 8] UU
|rated|
|rule|Sleep Clause Mod: Limit one foe put to sleep
|rule|Species Clause: Limit one of each Pokémon
|rule|OHKO Clause: OHKO moves are banned
|rule|Evasion Moves Clause: Evasion moves are banned
|rule|Endless Battle Clause: Forcing endless battles is banned
|rule|HP Percentage Mod: HP is shown in percentages
|rule|Dynamax Clause: You cannot dynamax
|clearpoke
|poke|p1|Nidoqueen, F|
|poke|p1|Reuniclus, F|
|poke|p1|Starmie|
|poke|p1|Cobalion|
|poke|p1|Moltres-Galar|
|poke|p1|Tapu Bulu|
|poke|p2|Scyther, M|
|poke|p2|Galvantula, F|
|poke|p2|Tsareena, F|
|poke|p2|Gyarados, M|
|poke|p2|Salazzle, F|
|poke|p2|Golurk|
|teampreview
|c|☆Verstraeten|glhf!
|c|☆Springerk|u2!
|inactive|Battle timer is ON: inactive players will automatically lose when time's up. (requested by Verstraeten)
|inactive|Springerk has 120 seconds left.
|
|t:|1648545369
|start
|switch|p1a: Nidoqueen|Nidoqueen, F|100/100
|switch|p2a: Galvan-Eyes|Galvantula, F, shiny|100/100
|turn|1
|
|t:|1648545378
|move|p2a: Galvan-Eyes|Sticky Web|p1a: Nidoqueen
|-sidestart|p1: Springerk|move: Sticky Web
|move|p1a: Nidoqueen|Earth Power|p2a: Galvan-Eyes
|-enditem|p2a: Galvan-Eyes|Focus Sash
|-damage|p2a: Galvan-Eyes|1/100
|
|upkeep
|turn|2
|
|t:|1648545393
|move|p2a: Galvan-Eyes|Giga Drain|p1a: Nidoqueen
|-damage|p1a: Nidoqueen|74/100
|-heal|p2a: Galvan-Eyes|16/100|[from] drain|[of] p1a: Nidoqueen
|move|p1a: Nidoqueen|Ice Beam|p2a: Galvan-Eyes
|-damage|p2a: Galvan-Eyes|0 fnt
|faint|p2a: Galvan-Eyes
|
|upkeep
|
|t:|1648545406
|switch|p2a: Shachihoko|Gyarados, M, shiny|100/100
|turn|3
|
|t:|1648545416
|switch|p1a: Starmie|Starmie|100/100
|move|p2a: Shachihoko|Dragon Dance|p2a: Shachihoko
|-boost|p2a: Shachihoko|atk|1
|-boost|p2a: Shachihoko|spe|1
|
|upkeep
|turn|4
|
|t:|1648545421
|move|p2a: Shachihoko|Bounce||[still]
|-prepare|p2a: Shachihoko|Bounce
|move|p1a: Starmie|Rapid Spin|p2a: Shachihoko|[miss]
|-miss|p1a: Starmie|p2a: Shachihoko
|
|upkeep
|turn|5
|
|t:|1648545426
|move|p2a: Shachihoko|Bounce|p1a: Starmie|[from]lockedmove
|-damage|p1a: Starmie|23/100
|move|p1a: Starmie|Rapid Spin|p2a: Shachihoko
|-damage|p2a: Shachihoko|90/100
|-boost|p1a: Starmie|spe|1
|-sideend|p1: Springerk|Sticky Web|[from] move: Rapid Spin|[of] p1a: Starmie
|
|-heal|p2a: Shachihoko|96/100|[from] item: Leftovers
|upkeep
|turn|6
|
|t:|1648545438
|move|p1a: Starmie|Psyshock|p2a: Shachihoko
|-damage|p2a: Shachihoko|62/100
|move|p2a: Shachihoko|Earthquake|p1a: Starmie
|-damage|p1a: Starmie|0 fnt
|faint|p1a: Starmie
|-ability|p2a: Shachihoko|Moxie|boost
|-boost|p2a: Shachihoko|atk|1
|
|-heal|p2a: Shachihoko|68/100|[from] item: Leftovers
|upkeep
|
|t:|1648545461
|switch|p1a: Moltres|Moltres-Galar|100/100
|turn|7
|inactive|Springerk has 120 seconds left.
|
|t:|1648545482
|move|p2a: Shachihoko|Waterfall|p1a: Moltres
|-damage|p1a: Moltres|5/100
|-ability|p1a: Moltres|Berserk|boost
|-boost|p1a: Moltres|spa|1
|-enditem|p1a: Moltres|Sitrus Berry|[eat]
|-heal|p1a: Moltres|30/100|[from] item: Sitrus Berry
|move|p1a: Moltres|Agility|p1a: Moltres
|-boost|p1a: Moltres|spe|2
|
|-heal|p2a: Shachihoko|75/100|[from] item: Leftovers
|upkeep
|turn|8
|inactive|Springerk has 120 seconds left.
|
|t:|1648545507
|move|p1a: Moltres|Fiery Wrath|p2a: Shachihoko
|-damage|p2a: Shachihoko|5/100
|move|p2a: Shachihoko|Waterfall|p1a: Moltres
|-damage|p1a: Moltres|0 fnt
|faint|p1a: Moltres
|-ability|p2a: Shachihoko|Moxie|boost
|-boost|p2a: Shachihoko|atk|1
|
|-heal|p2a: Shachihoko|11/100|[from] item: Leftovers
|upkeep
|
|t:|1648545521
|switch|p1a: Tapu Bulu|Tapu Bulu|100/100
|-fieldstart|move: Grassy Terrain|[from] ability: Grassy Surge|[of] p1a: Tapu Bulu
|turn|9
|
|t:|1648545523
|switch|p1a: Cobalion|Cobalion|100/100
|move|p2a: Shachihoko|Bounce||[still]
|-prepare|p2a: Shachihoko|Bounce
|
|-heal|p2a: Shachihoko|17/100|[from] item: Leftovers
|upkeep
|turn|10
|
|t:|1648545532
|move|p2a: Shachihoko|Bounce|p1a: Cobalion|[from]lockedmove
|-damage|p1a: Cobalion|13/100
|-damage|p2a: Shachihoko|0 fnt|[from] item: Rocky Helmet|[of] p1a: Cobalion
|faint|p2a: Shachihoko
|move|p1a: Cobalion|Volt Switch|p2: Shachihoko|[notarget]
|-fail|p1a: Cobalion
|
|-heal|p1a: Cobalion|19/100|[from] Grassy Terrain
|upkeep
|
|t:|1648545537
|switch|p2a: Terrorcotta|Golurk|100/100
|turn|11
|
|t:|1648545545
|move|p1a: Cobalion|Stealth Rock|p2a: Terrorcotta
|-sidestart|p2: Verstraeten|move: Stealth Rock
|move|p2a: Terrorcotta|Rock Polish|p2a: Terrorcotta
|-boost|p2a: Terrorcotta|spe|2
|
|-heal|p1a: Cobalion|25/100|[from] Grassy Terrain
|upkeep
|turn|12
|
|t:|1648545555
|move|p2a: Terrorcotta|Dynamic Punch|p1a: Cobalion
|-supereffective|p1a: Cobalion
|-damage|p1a: Cobalion|0 fnt
|-damage|p2a: Terrorcotta|84/100|[from] item: Rocky Helmet|[of] p1a: Cobalion
|faint|p1a: Cobalion
|
|-heal|p2a: Terrorcotta|90/100|[from] Grassy Terrain
|-heal|p2a: Terrorcotta|96/100|[from] item: Leftovers
|upkeep
|
|t:|1648545559
|switch|p1a: Tapu Bulu|Tapu Bulu|100/100
|turn|13
|
|t:|1648545564
|move|p1a: Tapu Bulu|Wood Hammer|p2a: Terrorcotta
|-supereffective|p2a: Terrorcotta
|-crit|p2a: Terrorcotta
|-damage|p2a: Terrorcotta|0 fnt
|faint|p2a: Terrorcotta
|-damage|p1a: Tapu Bulu|61/100|[from] Recoil
|
|-heal|p1a: Tapu Bulu|67/100|[from] Grassy Terrain
|-fieldend|move: Grassy Terrain
|upkeep
|
|t:|1648545568
|switch|p2a: #Slay|Tsareena, F, shiny|100/100
|-damage|p2a: #Slay|88/100|[from] Stealth Rock
|turn|14
|
|t:|1648545578
|switch|p1a: Nidoqueen|Nidoqueen, F|74/100
|move|p2a: #Slay|Rapid Spin|p1a: Nidoqueen
|-damage|p1a: Nidoqueen|54/100
|-boost|p2a: #Slay|spe|1
|-sideend|p2: Verstraeten|Stealth Rock|[from] move: Rapid Spin|[of] p2a: #Slay
|
|-heal|p2a: #Slay|94/100|[from] item: Leftovers
|upkeep
|turn|15
|
|t:|1648545584
|move|p2a: #Slay|Triple Axel|p1a: Nidoqueen|[miss]
|-miss|p2a: #Slay|p1a: Nidoqueen
|move|p1a: Nidoqueen|Ice Beam|p2a: #Slay
|-supereffective|p2a: #Slay
|-damage|p2a: #Slay|3/100
|
|-heal|p2a: #Slay|9/100|[from] item: Leftovers
|upkeep
|turn|16
|
|t:|1648545606
|move|p2a: #Slay|Triple Axel|p1a: Nidoqueen
|-supereffective|p1a: Nidoqueen
|-damage|p1a: Nidoqueen|37/100
|-supereffective|p1a: Nidoqueen
|-damage|p1a: Nidoqueen|3/100
|-supereffective|p1a: Nidoqueen
|-damage|p1a: Nidoqueen|0 fnt
|faint|p1a: Nidoqueen
|-hitcount|p1: Nidoqueen|3
|
|-heal|p2a: #Slay|15/100|[from] item: Leftovers
|upkeep
|
|t:|1648545615
|switch|p1a: Reuniclus|Reuniclus, F|100/100
|turn|17
|inactive|Springerk has 120 seconds left.
|
|t:|1648545639
|move|p2a: #Slay|Knock Off|p1a: Reuniclus
|-supereffective|p1a: Reuniclus
|-damage|p1a: Reuniclus|33/100
|-enditem|p1a: Reuniclus|Assault Vest|[from] move: Knock Off|[of] p2a: #Slay
|move|p1a: Reuniclus|Psyshock|p2a: #Slay
|-damage|p2a: #Slay|0 fnt
|faint|p2a: #Slay
|
|upkeep
|
|t:|1648545643
|switch|p2a: Grim Sweeper|Scyther, M, shiny|100/100
|turn|18
|
|t:|1648545651
|move|p2a: Grim Sweeper|Bug Bite|p1a: Reuniclus
|-supereffective|p1a: Reuniclus
|-damage|p1a: Reuniclus|0 fnt
|faint|p1a: Reuniclus
|
|upkeep
|
|t:|1648545654
|switch|p1a: Tapu Bulu|Tapu Bulu|67/100
|-fieldstart|move: Grassy Terrain|[from] ability: Grassy Surge|[of] p1a: Tapu Bulu
|turn|19
|
|t:|1648545658
|move|p1a: Tapu Bulu|Stone Edge|p2a: Grim Sweeper
|-supereffective|p2a: Grim Sweeper
|-damage|p2a: Grim Sweeper|0 fnt
|faint|p2a: Grim Sweeper
|
|-heal|p1a: Tapu Bulu|73/100|[from] Grassy Terrain
|upkeep
|
|t:|1648545661
|switch|p2a: WhiteWomanSpotted|Salazzle, F, shiny|100/100
|turn|20
|c|☆Verstraeten|gg
|
|t:|1648545666
|move|p1a: Tapu Bulu|Stone Edge|p2a: WhiteWomanSpotted
|-supereffective|p2a: WhiteWomanSpotted
|-enditem|p2a: WhiteWomanSpotted|Focus Sash
|-damage|p2a: WhiteWomanSpotted|1/100
|move|p2a: WhiteWomanSpotted|Sludge Wave|p1a: Tapu Bulu
|-supereffective|p1a: Tapu Bulu
|-crit|p1a: Tapu Bulu
|-damage|p1a: Tapu Bulu|0 fnt
|faint|p1a: Tapu Bulu
|
|win|Verstraeten
|raw|Springerk's rating: 1386 &rarr; <strong>1367</strong><br />(-19 for losing)
|raw|Verstraeten's rating: 1399 &rarr; <strong>1418</strong><br />(+19 for winning)
