|raw|<div class="broadcast-blue"><strong>This battle is required to be public due to a player having a name starting with 'uult94a'.</div>
|j|☆PlasticPinnochio
|j|☆UULT94A G14
|t:|1653840605
|gametype|singles
|player|p1|PlasticPinnochio|policeman-gen4|1383
|player|p2|UULT94A G14|gambler|1536
|teamsize|p1|6
|teamsize|p2|6
|gen|8
|tier|[Gen 8] UU
|rated|
|rule|Sleep Clause Mod: Limit one foe put to sleep
|rule|Species Clause: Limit one of each Pokémon
|rule|OHKO Clause: OHKO moves are banned
|rule|Evasion Moves Clause: Evasion moves are banned
|rule|Endless Battle Clause: Forcing endless battles is banned
|rule|HP Percentage Mod: HP is shown in percentages
|rule|Dynamax Clause: You cannot dynamax
|clearpoke
|poke|p1|Scizor, F|
|poke|p1|Keldeo-Resolute|
|poke|p1|Raikou|
|poke|p1|Moltres|
|poke|p1|Nihilego|
|poke|p1|Tapu Bulu|
|poke|p2|Azumarill, M|
|poke|p2|Chandelure, M|
|poke|p2|Zarude|
|poke|p2|Hippowdon, M|
|poke|p2|Salamence, F|
|poke|p2|Jirachi|
|teampreview
|inactive|Battle timer is ON: inactive players will automatically lose when time's up. (requested by PlasticPinnochio)
|
|t:|1653840624
|start
|switch|p1a: Raikou|Raikou|100/100
|switch|p2a: Chandelure|Chandelure, M|100/100
|-ability|p1a: Raikou|Pressure
|turn|1
|
|t:|1653840645
|switch|p2a: Zarude|Zarude|100/100
|move|p1a: Raikou|Volt Switch|p2a: Zarude
|-resisted|p2a: Zarude
|-damage|p2a: Zarude|85/100
|
|t:|1653840648
|switch|p1a: Keldeo|Keldeo-Resolute|100/100|[from]move: Volt Switch
|
|upkeep
|turn|2
|inactive|UULT94A G14 has 120 seconds left.
|inactive|PlasticPinnochio has 120 seconds left.
|
|t:|1653840708
|switch|p2a: Jirachi|Jirachi|100/100
|move|p1a: Keldeo|Flip Turn|p2a: Jirachi
|-damage|p2a: Jirachi|88/100
|
|t:|1653840712
|switch|p1a: Scizor|Scizor, F|100/100|[from]move: Flip Turn
|
|-heal|p2a: Jirachi|94/100|[from] item: Leftovers
|upkeep
|turn|3
|
|t:|1653840724
|switch|p2a: Salamence|Salamence, F|100/100
|-ability|p2a: Salamence|Intimidate|boost
|-unboost|p1a: Scizor|atk|1
|move|p1a: Scizor|Knock Off|p2a: Salamence
|-damage|p2a: Salamence|77/100
|-enditem|p2a: Salamence|Heavy-Duty Boots|[from] move: Knock Off|[of] p1a: Scizor
|
|upkeep
|turn|4
|
|t:|1653840729
|switch|p2a: Hippowdon|Hippowdon, M|100/100
|-weather|Sandstorm|[from] ability: Sand Stream|[of] p2a: Hippowdon
|switch|p1a: Nihilego|Nihilego|100/100
|
|-weather|Sandstorm|[upkeep]
|upkeep
|turn|5
|
|t:|1653840738
|switch|p1a: Scizor|Scizor, F|100/100
|move|p2a: Hippowdon|Stealth Rock|p1a: Scizor
|-sidestart|p1: PlasticPinnochio|move: Stealth Rock
|
|-weather|Sandstorm|[upkeep]
|upkeep
|turn|6
|
|t:|1653840747
|switch|p1a: Nihilego|Nihilego|100/100
|-damage|p1a: Nihilego|88/100|[from] Stealth Rock
|switch|p2a: Salamence|Salamence, F|77/100
|-ability|p2a: Salamence|Intimidate|boost
|-unboost|p1a: Nihilego|atk|1
|
|-weather|Sandstorm|[upkeep]
|-damage|p2a: Salamence|71/100|[from] Sandstorm
|-heal|p1a: Nihilego|94/100|[from] item: Black Sludge
|upkeep
|turn|7
|
|t:|1653840753
|switch|p2a: Jirachi|Jirachi|94/100
|move|p1a: Nihilego|Stealth Rock|p2a: Jirachi
|-sidestart|p2: UULT94A G14|move: Stealth Rock
|
|-weather|Sandstorm|[upkeep]
|-heal|p1a: Nihilego|100/100|[from] item: Black Sludge
|-heal|p2a: Jirachi|99/100|[from] item: Leftovers
|upkeep
|turn|8
|
|t:|1653840764
|switch|p1a: Raikou|Raikou|100/100
|-damage|p1a: Raikou|88/100|[from] Stealth Rock
|-ability|p1a: Raikou|Pressure
|move|p2a: Jirachi|Body Slam|p1a: Raikou
|-damage|p1a: Raikou|61/100
|
|-weather|none
|-heal|p1a: Raikou|67/100|[from] item: Leftovers
|-heal|p2a: Jirachi|100/100|[from] item: Leftovers
|upkeep
|turn|9
|
|t:|1653840774
|move|p1a: Raikou|Volt Switch|p2a: Jirachi
|-crit|p2a: Jirachi
|-damage|p2a: Jirachi|59/100
|
|t:|1653840780
|switch|p1a: Moltres|Moltres|100/100|[from]move: Volt Switch
|move|p2a: Jirachi|Body Slam|p1a: Moltres
|-damage|p1a: Moltres|87/100
|
|-heal|p2a: Jirachi|65/100|[from] item: Leftovers
|upkeep
|turn|10
|
|t:|1653840793
|move|p2a: Jirachi|Protect|p2a: Jirachi
|-singleturn|p2a: Jirachi|Protect
|move|p1a: Moltres|Hurricane|p2a: Jirachi
|-activate|p2a: Jirachi|move: Protect
|
|-heal|p2a: Jirachi|71/100|[from] item: Leftovers
|upkeep
|turn|11
|
|t:|1653840801
|switch|p2a: Hippowdon|Hippowdon, M|100/100
|-damage|p2a: Hippowdon|94/100|[from] Stealth Rock
|-weather|Sandstorm|[from] ability: Sand Stream|[of] p2a: Hippowdon
|move|p1a: Moltres|Flamethrower|p2a: Hippowdon
|-damage|p2a: Hippowdon|56/100
|
|-weather|Sandstorm|[upkeep]
|-damage|p1a: Moltres|81/100|[from] Sandstorm
|upkeep
|turn|12
|
|t:|1653840815
|move|p1a: Moltres|Hurricane|p2a: Hippowdon
|-damage|p2a: Hippowdon|7/100
|-start|p2a: Hippowdon|confusion
|-activate|p2a: Hippowdon|confusion
|-damage|p2a: Hippowdon|2/100|[from] confusion
|
|-weather|Sandstorm|[upkeep]
|-damage|p1a: Moltres|75/100|[from] Sandstorm
|upkeep
|turn|13
|
|t:|1653840823
|switch|p2a: Salamence|Salamence, F|71/100
|-damage|p2a: Salamence|46/100|[from] Stealth Rock
|-ability|p2a: Salamence|Intimidate|boost
|-unboost|p1a: Moltres|atk|1
|move|p1a: Moltres|Flamethrower|p2a: Salamence
|-resisted|p2a: Salamence
|-crit|p2a: Salamence
|-damage|p2a: Salamence|13/100
|
|-weather|Sandstorm|[upkeep]
|-damage|p2a: Salamence|7/100|[from] Sandstorm
|-damage|p1a: Moltres|69/100|[from] Sandstorm
|upkeep
|turn|14
|c|☆PlasticPinnochio|sorry
|c|☆UULT94A G14|np
|
|t:|1653840842
|switch|p1a: Nihilego|Nihilego|100/100
|-damage|p1a: Nihilego|88/100|[from] Stealth Rock
|move|p2a: Salamence|Roost|p2a: Salamence
|-heal|p2a: Salamence|57/100
|-singleturn|p2a: Salamence|move: Roost
|
|-weather|Sandstorm|[upkeep]
|-damage|p2a: Salamence|51/100|[from] Sandstorm
|-heal|p1a: Nihilego|94/100|[from] item: Black Sludge
|upkeep
|turn|15
|
|t:|1653840851
|switch|p2a: Jirachi|Jirachi|71/100
|-damage|p2a: Jirachi|65/100|[from] Stealth Rock
|move|p1a: Nihilego|Knock Off|p2a: Jirachi
|-supereffective|p2a: Jirachi
|-damage|p2a: Jirachi|46/100
|-enditem|p2a: Jirachi|Leftovers|[from] move: Knock Off|[of] p1a: Nihilego
|
|-weather|none
|-heal|p1a: Nihilego|100/100|[from] item: Black Sludge
|upkeep
|turn|16
|
|t:|1653840867
|switch|p1a: Scizor|Scizor, F|100/100
|-damage|p1a: Scizor|88/100|[from] Stealth Rock
|move|p2a: Jirachi|Wish|p2a: Jirachi
|
|upkeep
|turn|17
|
|t:|1653840877
|switch|p1a: Nihilego|Nihilego|100/100
|-damage|p1a: Nihilego|88/100|[from] Stealth Rock
|move|p2a: Jirachi|Protect||[still]
|-fail|p2a: Jirachi
|
|-heal|p2a: Jirachi|96/100|[from] move: Wish|[wisher] Jirachi
|-heal|p1a: Nihilego|94/100|[from] item: Black Sludge
|upkeep
|turn|18
|
|t:|1653840891
|switch|p1a: Moltres|Moltres|69/100
|move|p2a: Jirachi|Body Slam|p1a: Moltres
|-damage|p1a: Moltres|56/100
|-status|p1a: Moltres|par
|
|upkeep
|turn|19
|inactive|UULT94A G14 has 120 seconds left.
|
|t:|1653840934
|switch|p2a: Chandelure|Chandelure, M|100/100
|-damage|p2a: Chandelure|76/100|[from] Stealth Rock
|move|p1a: Moltres|Roost|p1a: Moltres
|-heal|p1a: Moltres|100/100 par
|-singleturn|p1a: Moltres|move: Roost
|
|upkeep
|turn|20
|
|t:|1653840939
|move|p2a: Chandelure|Shadow Ball|p1a: Moltres
|-damage|p1a: Moltres|27/100 par
|move|p1a: Moltres|Roost|p1a: Moltres
|-heal|p1a: Moltres|77/100 par
|-singleturn|p1a: Moltres|move: Roost
|
|upkeep
|turn|21
|
|t:|1653840944
|switch|p1a: Nihilego|Nihilego|94/100
|-damage|p1a: Nihilego|82/100|[from] Stealth Rock
|move|p2a: Chandelure|Shadow Ball|p1a: Nihilego
|-damage|p1a: Nihilego|29/100
|
|-heal|p1a: Nihilego|36/100|[from] item: Black Sludge
|upkeep
|turn|22
|
|t:|1653840953
|switch|p1a: Raikou|Raikou|67/100
|-damage|p1a: Raikou|55/100|[from] Stealth Rock
|-ability|p1a: Raikou|Pressure
|switch|p2a: Jirachi|Jirachi|96/100
|-damage|p2a: Jirachi|89/100|[from] Stealth Rock
|
|-heal|p1a: Raikou|61/100|[from] item: Leftovers
|upkeep
|turn|23
|
|t:|1653840976
|move|p1a: Raikou|Thunderbolt|p2a: Jirachi
|-damage|p2a: Jirachi|56/100
|move|p2a: Jirachi|Wish|p2a: Jirachi
|
|-heal|p1a: Raikou|67/100|[from] item: Leftovers
|upkeep
|turn|24
|
|t:|1653840982
|move|p1a: Raikou|Scald|p2a: Jirachi
|-damage|p2a: Jirachi|35/100
|move|p2a: Jirachi|Body Slam|p1a: Raikou
|-damage|p1a: Raikou|41/100
|
|-heal|p2a: Jirachi|85/100|[from] move: Wish|[wisher] Jirachi
|-heal|p1a: Raikou|47/100|[from] item: Leftovers
|upkeep
|turn|25
|
|t:|1653841005
|switch|p2a: Zarude|Zarude|85/100
|move|p1a: Raikou|Scald|p2a: Zarude
|-resisted|p2a: Zarude
|-damage|p2a: Zarude|71/100
|
|-heal|p1a: Raikou|53/100|[from] item: Leftovers
|upkeep
|turn|26
|
|t:|1653841009
|move|p1a: Raikou|Volt Switch|p2a: Zarude
|-resisted|p2a: Zarude
|-crit|p2a: Zarude
|-damage|p2a: Zarude|48/100
|
|t:|1653841012
|switch|p1a: Tapu Bulu|Tapu Bulu|100/100|[from]move: Volt Switch
|-fieldstart|move: Grassy Terrain|[from] ability: Grassy Surge|[of] p1a: Tapu Bulu
|move|p2a: Zarude|Darkest Lariat|p1a: Tapu Bulu
|-resisted|p1a: Tapu Bulu
|-damage|p1a: Tapu Bulu|84/100
|
|-heal|p2a: Zarude|53/100|[from] Grassy Terrain
|-heal|p1a: Tapu Bulu|90/100|[from] Grassy Terrain
|upkeep
|turn|27
|
|t:|1653841017
|switch|p2a: Hippowdon|Hippowdon, M|2/100
|-damage|p2a: Hippowdon|0 fnt|[from] Stealth Rock
|faint|p2a: Hippowdon
|move|p1a: Tapu Bulu|Leech Seed|p2: Hippowdon|[notarget]
|-fail|p1a: Tapu Bulu
|
|-heal|p1a: Tapu Bulu|96/100|[from] Grassy Terrain
|upkeep
|
|t:|1653841024
|switch|p2a: Chandelure|Chandelure, M|76/100
|-damage|p2a: Chandelure|51/100|[from] Stealth Rock
|turn|28
|
|t:|1653841030
|switch|p1a: Nihilego|Nihilego|36/100
|-damage|p1a: Nihilego|23/100|[from] Stealth Rock
|move|p2a: Chandelure|Shadow Ball|p1a: Nihilego
|-crit|p1a: Nihilego
|-damage|p1a: Nihilego|0 fnt
|faint|p1a: Nihilego
|
|-heal|p2a: Chandelure|57/100|[from] Grassy Terrain
|upkeep
|
|t:|1653841032
|switch|p1a: Keldeo|Keldeo-Resolute|100/100
|-damage|p1a: Keldeo|94/100|[from] Stealth Rock
|turn|29
|
|t:|1653841037
|switch|p2a: Azumarill|Azumarill, M|100/100
|-damage|p2a: Azumarill|88/100|[from] Stealth Rock
|move|p1a: Keldeo|Scald|p2a: Azumarill
|-resisted|p2a: Azumarill
|-damage|p2a: Azumarill|63/100
|-status|p2a: Azumarill|brn
|
|-heal|p1a: Keldeo|100/100|[from] Grassy Terrain
|-heal|p2a: Azumarill|69/100 brn|[from] Grassy Terrain
|-damage|p2a: Azumarill|63/100 brn|[from] brn
|upkeep
|turn|30
|
|t:|1653841045
|switch|p1a: Tapu Bulu|Tapu Bulu|96/100
|switch|p2a: Chandelure|Chandelure, M|57/100
|-damage|p2a: Chandelure|32/100|[from] Stealth Rock
|
|-heal|p2a: Chandelure|38/100|[from] Grassy Terrain
|-heal|p1a: Tapu Bulu|100/100|[from] Grassy Terrain
|-fieldend|move: Grassy Terrain
|upkeep
|turn|31
|
|t:|1653841052
|move|p2a: Chandelure|Flamethrower|p1a: Tapu Bulu
|-supereffective|p1a: Tapu Bulu
|-damage|p1a: Tapu Bulu|0 fnt
|faint|p1a: Tapu Bulu
|
|upkeep
|
|t:|1653841054
|switch|p1a: Keldeo|Keldeo-Resolute|100/100
|-damage|p1a: Keldeo|94/100|[from] Stealth Rock
|turn|32
|inactive|UULT94A G14 has 120 seconds left.
|
|t:|1653841097
|switch|p2a: Azumarill|Azumarill, M|63/100 brn
|-damage|p2a: Azumarill|51/100 brn|[from] Stealth Rock
|move|p1a: Keldeo|Scald|p2a: Azumarill
|-resisted|p2a: Azumarill
|-damage|p2a: Azumarill|27/100 brn
|
|-damage|p2a: Azumarill|21/100 brn|[from] brn
|upkeep
|turn|33
|
|t:|1653841103
|move|p1a: Keldeo|Scald|p2a: Azumarill
|-resisted|p2a: Azumarill
|-damage|p2a: Azumarill|0 fnt
|faint|p2a: Azumarill
|
|upkeep
|inactive|UULT94A G14 has 120 seconds left.
|
|t:|1653841108
|switch|p2a: Zarude|Zarude|53/100
|turn|34
|
|t:|1653841113
|switch|p1a: Scizor|Scizor, F|88/100
|-damage|p1a: Scizor|76/100|[from] Stealth Rock
|move|p2a: Zarude|U-turn|p1a: Scizor
|-resisted|p1a: Scizor
|-crit|p1a: Scizor
|-damage|p1a: Scizor|63/100
|
|t:|1653841118
|switch|p2a: Salamence|Salamence, F|51/100|[from]move: U-turn
|-damage|p2a: Salamence|26/100|[from] Stealth Rock
|-ability|p2a: Salamence|Intimidate|boost
|-unboost|p1a: Scizor|atk|1
|
|upkeep
|turn|35
|
|t:|1653841124
|switch|p1a: Keldeo|Keldeo-Resolute|94/100
|-damage|p1a: Keldeo|88/100|[from] Stealth Rock
|move|p2a: Salamence|Roost|p2a: Salamence
|-heal|p2a: Salamence|77/100
|-singleturn|p2a: Salamence|move: Roost
|
|upkeep
|turn|36
|
|t:|1653841131
|switch|p2a: Jirachi|Jirachi|85/100
|-damage|p2a: Jirachi|79/100|[from] Stealth Rock
|move|p1a: Keldeo|Flip Turn|p2a: Jirachi
|-damage|p2a: Jirachi|67/100
|
|t:|1653841133
|switch|p1a: Scizor|Scizor, F|63/100|[from]move: Flip Turn
|-damage|p1a: Scizor|50/100|[from] Stealth Rock
|
|upkeep
|turn|37
|
|t:|1653841144
|move|p2a: Jirachi|Wish|p2a: Jirachi
|move|p1a: Scizor|Swords Dance|p1a: Scizor
|-boost|p1a: Scizor|atk|2
|
|upkeep
|turn|38
|
|t:|1653841151
|move|p2a: Jirachi|Iron Head|p1a: Scizor
|-resisted|p1a: Scizor
|-damage|p1a: Scizor|39/100
|cant|p1a: Scizor|flinch
|
|-heal|p2a: Jirachi|100/100|[from] move: Wish|[wisher] Jirachi
|upkeep
|turn|39
|
|t:|1653841164
|move|p2a: Jirachi|Iron Head|p1a: Scizor
|-resisted|p1a: Scizor
|-damage|p1a: Scizor|27/100
|cant|p1a: Scizor|flinch
|
|upkeep
|turn|40
|
|t:|1653841169
|move|p2a: Jirachi|Iron Head|p1a: Scizor
|-resisted|p1a: Scizor
|-damage|p1a: Scizor|17/100
|cant|p1a: Scizor|flinch
|
|upkeep
|turn|41
|
|t:|1653841172
|move|p2a: Jirachi|Iron Head|p1a: Scizor
|-resisted|p1a: Scizor
|-damage|p1a: Scizor|8/100
|cant|p1a: Scizor|flinch
|
|upkeep
|turn|42
|
|t:|1653841176
|move|p2a: Jirachi|Iron Head|p1a: Scizor
|-resisted|p1a: Scizor
|-damage|p1a: Scizor|0 fnt
|faint|p1a: Scizor
|
|upkeep
|
|t:|1653841180
|switch|p1a: Moltres|Moltres|77/100 par
|turn|43
|
|t:|1653841185
|move|p2a: Jirachi|Wish|p2a: Jirachi
|move|p1a: Moltres|Flamethrower|p2a: Jirachi
|-supereffective|p2a: Jirachi
|-damage|p2a: Jirachi|38/100
|
|upkeep
|turn|44
|j| Lioner
|
|t:|1653841193
|switch|p2a: Salamence|Salamence, F|77/100
|-damage|p2a: Salamence|52/100|[from] Stealth Rock
|-ability|p2a: Salamence|Intimidate|boost
|-unboost|p1a: Moltres|atk|1
|move|p1a: Moltres|Flamethrower|p2a: Salamence
|-resisted|p2a: Salamence
|-damage|p2a: Salamence|30/100
|
|-heal|p2a: Salamence|91/100|[from] move: Wish|[wisher] Jirachi
|upkeep
|turn|45
|
|t:|1653841207
|move|p2a: Salamence|Defog|p1a: Moltres
|-unboost|p1a: Moltres|evasion|1
|-sideend|p1: PlasticPinnochio|Stealth Rock|[from] move: Defog|[of] p2a: Salamence
|-sideend|p2: UULT94A G14|Stealth Rock|[from] move: Defog|[of] p2a: Salamence
|move|p1a: Moltres|Defog|p2a: Salamence
|-unboost|p2a: Salamence|evasion|1
|
|upkeep
|turn|46
|
|t:|1653841216
|move|p2a: Salamence|Hurricane|p1a: Moltres
|-damage|p1a: Moltres|27/100 par
|cant|p1a: Moltres|par
|
|upkeep
|turn|47
|
|t:|1653841226
|switch|p1a: Raikou|Raikou|53/100
|-ability|p1a: Raikou|Pressure
|move|p2a: Salamence|Hurricane|p1a: Raikou
|-resisted|p1a: Raikou
|-damage|p1a: Raikou|26/100
|
|-heal|p1a: Raikou|32/100|[from] item: Leftovers
|upkeep
|turn|48
|
|t:|1653841250
|switch|p2a: Chandelure|Chandelure, M|38/100
|move|p1a: Raikou|Thunderbolt|p2a: Chandelure
|-damage|p2a: Chandelure|0 fnt
|faint|p2a: Chandelure
|
|-heal|p1a: Raikou|38/100|[from] item: Leftovers
|upkeep
|
|t:|1653841252
|switch|p2a: Zarude|Zarude|53/100
|turn|49
|
|t:|1653841261
|move|p1a: Raikou|Toxic|p2a: Zarude
|-status|p2a: Zarude|tox
|move|p2a: Zarude|U-turn|p1a: Raikou
|-damage|p1a: Raikou|9/100
|
|t:|1653841264
|switch|p2a: Jirachi|Jirachi|38/100|[from]move: U-turn
|
|-heal|p1a: Raikou|15/100|[from] item: Leftovers
|upkeep
|turn|50
|
|t:|1653841268
|move|p1a: Raikou|Thunderbolt|p2a: Jirachi
|-damage|p2a: Jirachi|3/100
|move|p2a: Jirachi|Body Slam|p1a: Raikou
|-damage|p1a: Raikou|0 fnt
|faint|p1a: Raikou
|
|upkeep
|
|t:|1653841275
|switch|p1a: Keldeo|Keldeo-Resolute|88/100
|turn|51
|
|t:|1653841278
|move|p1a: Keldeo|Icy Wind|p2a: Jirachi
|-resisted|p2a: Jirachi
|-damage|p2a: Jirachi|0 fnt
|faint|p2a: Jirachi
|
|upkeep
|
|t:|1653841282
|switch|p2a: Zarude|Zarude|53/100 tox
|turn|52
|
|t:|1653841309
|move|p1a: Keldeo|Icy Wind|p2a: Zarude
|-supereffective|p2a: Zarude
|-damage|p2a: Zarude|14/100 tox
|-unboost|p2a: Zarude|spe|1
|move|p2a: Zarude|Jungle Healing|p2a: Zarude
|-heal|p2a: Zarude|39/100 tox
|-curestatus|p2a: Zarude|tox|[msg]
|
|upkeep
|turn|53
|inactive|PlasticPinnochio has 120 seconds left.
|
|t:|1653841331
|switch|p2a: Salamence|Salamence, F|91/100
|-ability|p2a: Salamence|Intimidate|boost
|-unboost|p1a: Keldeo|atk|1
|move|p1a: Keldeo|Icy Wind|p2a: Salamence
|-supereffective|p2a: Salamence
|-damage|p2a: Salamence|0 fnt
|faint|p2a: Salamence
|
|upkeep
|
|t:|1653841334
|switch|p2a: Zarude|Zarude|39/100
|turn|54
|
|t:|1653841336
|switch|p1a: Moltres|Moltres|27/100 par
|move|p2a: Zarude|Power Whip|p1a: Moltres
|-resisted|p1a: Moltres
|-damage|p1a: Moltres|17/100 par
|
|upkeep
|turn|55
|c|☆PlasticPinnochio|GG
|-message|UULT94A G14 forfeited.
|
|win|PlasticPinnochio
|raw|PlasticPinnochio's rating: 1383 &rarr; <strong>1412</strong><br />(+29 for winning)
|raw|UULT94A G14's rating: 1546 &rarr; <strong>1517</strong><br />(-29 for losing)
|l|☆UULT94A G14
||Ladder isn't responding, score probably updated but might not have (Request timeout).
