|j|☆KiloTotomon
|j|☆pokemonisfun
|t:|1667152355
|gametype|singles
|player|p1|KiloTotomon|fantina|1569
|player|p2|pokemonisfun|#uutrio2ladder|1673
|teamsize|p1|6
|teamsize|p2|6
|gen|8
|tier|[Gen 8] UU
|rated|
|rule|Sleep Clause Mod: Limit one foe put to sleep
|rule|Species Clause: Limit one of each Pokémon
|rule|OHKO Clause: OHKO moves are banned
|rule|Evasion Items Clause: Evasion items are banned
|rule|Evasion Moves Clause: Evasion moves are banned
|rule|Endless Battle Clause: Forcing endless battles is banned
|rule|HP Percentage Mod: HP is shown in percentages
|rule|Dynamax Clause: You cannot dynamax
|clearpoke
|poke|p1|Nidoqueen, F|
|poke|p1|Cobalion|
|poke|p1|Reuniclus, M|
|poke|p1|Primarina, M|
|poke|p1|Hydreigon, M|
|poke|p1|Tangrowth, M|
|poke|p2|Hippowdon, F|
|poke|p2|Regieleki|
|poke|p2|Sylveon, F|
|poke|p2|Scizor, M|
|poke|p2|Milotic, F|
|poke|p2|Thundurus-Therian, M|
|teampreview
|c|☆KiloTotomon|glhf
|c|☆KiloTotomon|test
|inactive|Battle timer is ON: inactive players will automatically lose when time's up. (requested by KiloTotomon)
|c|☆pokemonisfun|hf
|
|t:|1667152463
|start
|switch|p1a: Primarina|Primarina, M|100/100
|switch|p2a: chuggy buggy|Scizor, M|100/100
|turn|1
|
|t:|1667152483
|switch|p1a: Cobalion|Cobalion|100/100
|move|p2a: chuggy buggy|Knock Off|p1a: Cobalion
|-resisted|p1a: Cobalion
|-damage|p1a: Cobalion|87/100
|-damage|p2a: chuggy buggy|84/100|[from] item: Rocky Helmet|[of] p1a: Cobalion
|-ability|p1a: Cobalion|Justified|boost
|-boost|p1a: Cobalion|atk|1
|-enditem|p1a: Cobalion|Rocky Helmet|[from] move: Knock Off|[of] p2a: chuggy buggy
|
|upkeep
|turn|2
|
|t:|1667152494
|switch|p1a: Tangrowth|Tangrowth, M|100/100
|switch|p2a: Hip(pos) dont lie|Hippowdon, F|100/100
|-weather|Sandstorm|[from] ability: Sand Stream|[of] p2a: Hip(pos) dont lie
|
|-weather|Sandstorm|[upkeep]
|-damage|p1a: Tangrowth|94/100|[from] Sandstorm
|upkeep
|turn|3
|
|t:|1667152513
|move|p2a: Hip(pos) dont lie|Toxic|p1a: Tangrowth
|-status|p1a: Tangrowth|tox
|move|p1a: Tangrowth|Knock Off|p2a: Hip(pos) dont lie
|-damage|p2a: Hip(pos) dont lie|88/100
|-damage|p1a: Tangrowth|78/100 tox|[from] item: Rocky Helmet|[of] p2a: Hip(pos) dont lie
|-enditem|p2a: Hip(pos) dont lie|Rocky Helmet|[from] move: Knock Off|[of] p1a: Tangrowth
|
|-weather|Sandstorm|[upkeep]
|-damage|p1a: Tangrowth|72/100 tox|[from] Sandstorm
|-damage|p1a: Tangrowth|65/100 tox|[from] psn
|upkeep
|turn|4
|
|t:|1667152530
|move|p2a: Hip(pos) dont lie|Stealth Rock|p1a: Tangrowth
|-sidestart|p1: KiloTotomon|move: Stealth Rock
|move|p1a: Tangrowth|Power Whip|p2a: Hip(pos) dont lie
|-supereffective|p2a: Hip(pos) dont lie
|-damage|p2a: Hip(pos) dont lie|40/100
|
|-weather|Sandstorm|[upkeep]
|-damage|p1a: Tangrowth|59/100 tox|[from] Sandstorm
|-damage|p1a: Tangrowth|47/100 tox|[from] psn
|upkeep
|turn|5
|
|t:|1667152538
|move|p2a: Hip(pos) dont lie|Slack Off|p2a: Hip(pos) dont lie
|-heal|p2a: Hip(pos) dont lie|90/100
|move|p1a: Tangrowth|Sludge Bomb|p2a: Hip(pos) dont lie
|-resisted|p2a: Hip(pos) dont lie
|-damage|p2a: Hip(pos) dont lie|80/100
|
|-weather|Sandstorm|[upkeep]
|-damage|p1a: Tangrowth|41/100 tox|[from] Sandstorm
|-damage|p1a: Tangrowth|22/100 tox|[from] psn
|upkeep
|turn|6
|
|t:|1667152545
|switch|p2a: chuggy buggy|Scizor, M|84/100
|switch|p1a: Reuniclus|Reuniclus, M|100/100
|
|-weather|none
|upkeep
|turn|7
|
|t:|1667152554
|switch|p1a: Cobalion|Cobalion|87/100
|-damage|p1a: Cobalion|83/100|[from] Stealth Rock
|move|p2a: chuggy buggy|U-turn|p1a: Cobalion
|-resisted|p1a: Cobalion
|-damage|p1a: Cobalion|77/100
|
|t:|1667152569
|switch|p2a: Hip(pos) dont lie|Hippowdon, F|80/100|[from]move: U-turn
|-weather|Sandstorm|[from] ability: Sand Stream|[of] p2a: Hip(pos) dont lie
|
|-weather|Sandstorm|[upkeep]
|upkeep
|turn|8
|
|t:|1667152574
|switch|p1a: Hydreigon|Hydreigon, M|100/100
|-damage|p1a: Hydreigon|88/100|[from] Stealth Rock
|switch|p2a: chuggy buggy|Scizor, M|84/100
|
|-weather|Sandstorm|[upkeep]
|-damage|p1a: Hydreigon|82/100|[from] Sandstorm
|upkeep
|turn|9
|
|t:|1667152581
|move|p1a: Hydreigon|U-turn|p2a: chuggy buggy
|-resisted|p2a: chuggy buggy
|-damage|p2a: chuggy buggy|78/100
|
|t:|1667152584
|switch|p1a: Cobalion|Cobalion|77/100|[from]move: U-turn
|-damage|p1a: Cobalion|74/100|[from] Stealth Rock
|move|p2a: chuggy buggy|U-turn|p1a: Cobalion
|-resisted|p1a: Cobalion
|-damage|p1a: Cobalion|66/100
|
|t:|1667152590
|switch|p2a: Hip(pos) dont lie|Hippowdon, F|80/100|[from]move: U-turn
|
|-weather|Sandstorm|[upkeep]
|upkeep
|turn|10
|
|t:|1667152597
|switch|p1a: Reuniclus|Reuniclus, M|100/100
|move|p2a: Hip(pos) dont lie|Earthquake|p1a: Reuniclus
|-damage|p1a: Reuniclus|75/100
|
|-weather|Sandstorm|[upkeep]
|upkeep
|turn|11
|
|t:|1667152604
|switch|p2a: snekkt snek|Milotic, F|100/100
|move|p1a: Reuniclus|Trick|p2a: snekkt snek
|-activate|p1a: Reuniclus|move: Trick|[of] p2a: snekkt snek
|-item|p2a: snekkt snek|Sticky Barb|[from] move: Trick
|-item|p1a: Reuniclus|Heavy-Duty Boots|[from] move: Trick
|
|-weather|none
|-damage|p2a: snekkt snek|88/100|[from] item: Sticky Barb
|upkeep
|turn|12
|
|t:|1667152614
|switch|p2a: Hip(pos) dont lie|Hippowdon, F|80/100
|-weather|Sandstorm|[from] ability: Sand Stream|[of] p2a: Hip(pos) dont lie
|move|p1a: Reuniclus|Recover|p1a: Reuniclus
|-heal|p1a: Reuniclus|100/100
|
|-weather|Sandstorm|[upkeep]
|upkeep
|turn|13
|
|t:|1667152623
|move|p2a: Hip(pos) dont lie|Earthquake|p1a: Reuniclus
|-damage|p1a: Reuniclus|75/100
|move|p1a: Reuniclus|Calm Mind|p1a: Reuniclus
|-boost|p1a: Reuniclus|spa|1
|-boost|p1a: Reuniclus|spd|1
|
|-weather|Sandstorm|[upkeep]
|upkeep
|turn|14
|
|t:|1667152630
|switch|p2a: chuggy buggy|Scizor, M|78/100
|switch|p1a: Nidoqueen|Nidoqueen, F|100/100
|-damage|p1a: Nidoqueen|94/100|[from] Stealth Rock
|
|-weather|Sandstorm|[upkeep]
|upkeep
|turn|15
|j| NapoleonV
|
|t:|1667152639
|move|p1a: Nidoqueen|Sludge Wave|p2a: chuggy buggy
|-immune|p2a: chuggy buggy
|move|p2a: chuggy buggy|Knock Off|p1a: Nidoqueen
|-damage|p1a: Nidoqueen|62/100
|-enditem|p1a: Nidoqueen|Life Orb|[from] move: Knock Off|[of] p2a: chuggy buggy
|
|-weather|Sandstorm|[upkeep]
|upkeep
|turn|16
|c|☆KiloTotomon|hmmmm
|
|t:|1667152654
|switch|p2a: snekkt snek|Milotic, F|88/100
|move|p1a: Nidoqueen|Stealth Rock|p2a: snekkt snek
|-sidestart|p2: pokemonisfun|move: Stealth Rock
|
|-weather|none
|-damage|p2a: snekkt snek|76/100|[from] item: Sticky Barb
|upkeep
|turn|17
|c|☆KiloTotomon|nah nit yet
|
|t:|1667152660
|switch|p1a: Primarina|Primarina, M|100/100
|-damage|p1a: Primarina|88/100|[from] Stealth Rock
|move|p2a: snekkt snek|Recover|p2a: snekkt snek
|-heal|p2a: snekkt snek|100/100
|
|-heal|p1a: Primarina|94/100|[from] item: Leftovers
|-damage|p2a: snekkt snek|88/100|[from] item: Sticky Barb
|upkeep
|turn|18
|
|t:|1667152672
|switch|p2a: chuggy buggy|Scizor, M|78/100
|move|p1a: Primarina|Moonblast|p2a: chuggy buggy
|-resisted|p2a: chuggy buggy
|-damage|p2a: chuggy buggy|55/100
|
|-heal|p1a: Primarina|99/100|[from] item: Leftovers
|upkeep
|turn|19
|
|t:|1667152676
|switch|p1a: Cobalion|Cobalion|66/100
|-damage|p1a: Cobalion|63/100|[from] Stealth Rock
|move|p2a: chuggy buggy|Roost|p2a: chuggy buggy
|-heal|p2a: chuggy buggy|100/100
|-singleturn|p2a: chuggy buggy|move: Roost
|
|upkeep
|turn|20
|
|t:|1667152682
|move|p1a: Cobalion|Swords Dance|p1a: Cobalion
|-boost|p1a: Cobalion|atk|2
|move|p2a: chuggy buggy|U-turn|p1a: Cobalion
|-resisted|p1a: Cobalion
|-damage|p1a: Cobalion|56/100
|
|t:|1667152687
|switch|p2a: zap and clap|Regieleki|100/100|[from]move: U-turn
|
|upkeep
|turn|21
|
|t:|1667152700
|switch|p1a: Nidoqueen|Nidoqueen, F|62/100
|-damage|p1a: Nidoqueen|56/100|[from] Stealth Rock
|move|p2a: zap and clap|Thunderbolt|p1a: Nidoqueen
|-immune|p1a: Nidoqueen
|
|upkeep
|turn|22
|
|t:|1667152706
|switch|p2a: snekkt snek|Milotic, F|88/100
|-damage|p2a: snekkt snek|76/100|[from] Stealth Rock
|move|p1a: Nidoqueen|Earth Power|p2a: snekkt snek
|-crit|p2a: snekkt snek
|-damage|p2a: snekkt snek|34/100
|
|-damage|p2a: snekkt snek|22/100|[from] item: Sticky Barb
|upkeep
|turn|23
|
|t:|1667152717
|switch|p2a: Hip(pos) dont lie|Hippowdon, F|80/100
|-damage|p2a: Hip(pos) dont lie|74/100|[from] Stealth Rock
|-weather|Sandstorm|[from] ability: Sand Stream|[of] p2a: Hip(pos) dont lie
|move|p1a: Nidoqueen|Sludge Wave|p2a: Hip(pos) dont lie
|-resisted|p2a: Hip(pos) dont lie
|-damage|p2a: Hip(pos) dont lie|50/100
|
|-weather|Sandstorm|[upkeep]
|upkeep
|turn|24
|
|t:|1667152731
|move|p1a: Nidoqueen|Earth Power|p2a: Hip(pos) dont lie
|-damage|p2a: Hip(pos) dont lie|5/100
|move|p2a: Hip(pos) dont lie|Slack Off|p2a: Hip(pos) dont lie
|-heal|p2a: Hip(pos) dont lie|55/100
|
|-weather|Sandstorm|[upkeep]
|upkeep
|turn|25
|
|t:|1667152744
|move|p1a: Nidoqueen|Earth Power|p2a: Hip(pos) dont lie
|-damage|p2a: Hip(pos) dont lie|15/100
|move|p2a: Hip(pos) dont lie|Slack Off|p2a: Hip(pos) dont lie
|-heal|p2a: Hip(pos) dont lie|65/100
|
|-weather|Sandstorm|[upkeep]
|upkeep
|turn|26
|
|t:|1667152747
|move|p1a: Nidoqueen|Earth Power|p2a: Hip(pos) dont lie
|-damage|p2a: Hip(pos) dont lie|22/100
|move|p2a: Hip(pos) dont lie|Slack Off|p2a: Hip(pos) dont lie
|-heal|p2a: Hip(pos) dont lie|72/100
|
|-weather|Sandstorm|[upkeep]
|upkeep
|turn|27
|
|t:|1667152751
|move|p1a: Nidoqueen|Earth Power|p2a: Hip(pos) dont lie
|-damage|p2a: Hip(pos) dont lie|31/100
|move|p2a: Hip(pos) dont lie|Slack Off|p2a: Hip(pos) dont lie
|-heal|p2a: Hip(pos) dont lie|81/100
|
|-weather|none
|upkeep
|turn|28
|
|t:|1667152756
|switch|p1a: Reuniclus|Reuniclus, M|75/100
|move|p2a: Hip(pos) dont lie|Slack Off|p2a: Hip(pos) dont lie
|-heal|p2a: Hip(pos) dont lie|100/100
|
|upkeep
|turn|29
|
|t:|1667152759
|switch|p2a: chuggy buggy|Scizor, M|100/100
|move|p1a: Reuniclus|Recover|p1a: Reuniclus
|-heal|p1a: Reuniclus|100/100
|
|upkeep
|turn|30
|
|t:|1667152775
|move|p2a: chuggy buggy|Bullet Punch|p1a: Reuniclus
|-damage|p1a: Reuniclus|82/100
|move|p1a: Reuniclus|Recover|p1a: Reuniclus
|-heal|p1a: Reuniclus|100/100
|
|upkeep
|turn|31
|
|t:|1667152780
|move|p2a: chuggy buggy|Bullet Punch|p1a: Reuniclus
|-damage|p1a: Reuniclus|81/100
|move|p1a: Reuniclus|Recover|p1a: Reuniclus
|-heal|p1a: Reuniclus|100/100
|
|upkeep
|turn|32
|
|t:|1667152783
|move|p2a: chuggy buggy|Bullet Punch|p1a: Reuniclus
|-damage|p1a: Reuniclus|80/100
|move|p1a: Reuniclus|Calm Mind|p1a: Reuniclus
|-boost|p1a: Reuniclus|spa|1
|-boost|p1a: Reuniclus|spd|1
|
|upkeep
|turn|33
|
|t:|1667152785
|move|p2a: chuggy buggy|Bullet Punch|p1a: Reuniclus
|-damage|p1a: Reuniclus|58/100
|move|p1a: Reuniclus|Recover|p1a: Reuniclus
|-heal|p1a: Reuniclus|100/100
|
|upkeep
|turn|34
|
|t:|1667152788
|move|p2a: chuggy buggy|Bullet Punch|p1a: Reuniclus
|-damage|p1a: Reuniclus|78/100
|move|p1a: Reuniclus|Calm Mind|p1a: Reuniclus
|-boost|p1a: Reuniclus|spa|1
|-boost|p1a: Reuniclus|spd|1
|
|upkeep
|turn|35
|
|t:|1667152791
|move|p2a: chuggy buggy|Bullet Punch|p1a: Reuniclus
|-damage|p1a: Reuniclus|58/100
|move|p1a: Reuniclus|Recover|p1a: Reuniclus
|-heal|p1a: Reuniclus|100/100
|
|upkeep
|turn|36
|
|t:|1667152793
|move|p2a: chuggy buggy|Bullet Punch|p1a: Reuniclus
|-damage|p1a: Reuniclus|81/100
|move|p1a: Reuniclus|Calm Mind|p1a: Reuniclus
|-boost|p1a: Reuniclus|spa|1
|-boost|p1a: Reuniclus|spd|1
|
|upkeep
|turn|37
|
|t:|1667152795
|move|p2a: chuggy buggy|Bullet Punch|p1a: Reuniclus
|-damage|p1a: Reuniclus|59/100
|move|p1a: Reuniclus|Recover|p1a: Reuniclus
|-heal|p1a: Reuniclus|100/100
|
|upkeep
|turn|38
|
|t:|1667152798
|move|p2a: chuggy buggy|Knock Off|p1a: Reuniclus
|-supereffective|p1a: Reuniclus
|-damage|p1a: Reuniclus|59/100
|-enditem|p1a: Reuniclus|Heavy-Duty Boots|[from] move: Knock Off|[of] p2a: chuggy buggy
|move|p1a: Reuniclus|Psyshock|p2a: chuggy buggy
|-resisted|p2a: chuggy buggy
|-damage|p2a: chuggy buggy|68/100
|
|upkeep
|turn|39
|
|t:|1667152803
|move|p2a: chuggy buggy|U-turn|p1a: Reuniclus
|-supereffective|p1a: Reuniclus
|-damage|p1a: Reuniclus|9/100
|
|t:|1667152807
|switch|p2a: zap and clap|Regieleki|100/100|[from]move: U-turn
|move|p1a: Reuniclus|Recover|p1a: Reuniclus
|-heal|p1a: Reuniclus|59/100
|
|upkeep
|turn|40
|
|t:|1667152810
|move|p2a: zap and clap|Volt Switch|p1a: Reuniclus
|-damage|p1a: Reuniclus|42/100
|
|t:|1667152813
|switch|p2a: chuggy buggy|Scizor, M|68/100|[from]move: Volt Switch
|move|p1a: Reuniclus|Recover|p1a: Reuniclus
|-heal|p1a: Reuniclus|92/100
|
|upkeep
|turn|41
|
|t:|1667152817
|move|p2a: chuggy buggy|Knock Off|p1a: Reuniclus
|-supereffective|p1a: Reuniclus
|-crit|p1a: Reuniclus
|-damage|p1a: Reuniclus|51/100
|move|p1a: Reuniclus|Psyshock|p2a: chuggy buggy
|-resisted|p2a: chuggy buggy
|-damage|p2a: chuggy buggy|37/100
|
|upkeep
|turn|42
|
|t:|1667152824
|move|p2a: chuggy buggy|U-turn|p1a: Reuniclus
|-supereffective|p1a: Reuniclus
|-damage|p1a: Reuniclus|2/100
|
|t:|1667152828
|switch|p2a: zap and clap|Regieleki|100/100|[from]move: U-turn
|move|p1a: Reuniclus|Recover|p1a: Reuniclus
|-heal|p1a: Reuniclus|52/100
|
|upkeep
|turn|43
|
|t:|1667152832
|move|p2a: zap and clap|Volt Switch|p1a: Reuniclus
|-damage|p1a: Reuniclus|33/100
|
|t:|1667152835
|switch|p2a: chuggy buggy|Scizor, M|37/100|[from]move: Volt Switch
|move|p1a: Reuniclus|Recover|p1a: Reuniclus
|-heal|p1a: Reuniclus|83/100
|
|upkeep
|turn|44
|
|t:|1667152839
|move|p2a: chuggy buggy|Roost|p2a: chuggy buggy
|-heal|p2a: chuggy buggy|87/100
|-singleturn|p2a: chuggy buggy|move: Roost
|move|p1a: Reuniclus|Psyshock|p2a: chuggy buggy
|-resisted|p2a: chuggy buggy
|-damage|p2a: chuggy buggy|52/100
|
|upkeep
|turn|45
|
|t:|1667152844
|move|p2a: chuggy buggy|Knock Off|p1a: Reuniclus
|-supereffective|p1a: Reuniclus
|-damage|p1a: Reuniclus|51/100
|move|p1a: Reuniclus|Calm Mind|p1a: Reuniclus
|-boost|p1a: Reuniclus|spa|1
|-boost|p1a: Reuniclus|spd|1
|
|upkeep
|turn|46
|
|t:|1667152849
|move|p2a: chuggy buggy|U-turn|p1a: Reuniclus
|-supereffective|p1a: Reuniclus
|-damage|p1a: Reuniclus|1/100
|
|t:|1667152853
|switch|p2a: zap and clap|Regieleki|100/100|[from]move: U-turn
|move|p1a: Reuniclus|Recover|p1a: Reuniclus
|-heal|p1a: Reuniclus|52/100
|
|upkeep
|turn|47
|
|t:|1667152855
|move|p2a: zap and clap|Volt Switch|p1a: Reuniclus
|-damage|p1a: Reuniclus|38/100
|
|t:|1667152859
|switch|p2a: chuggy buggy|Scizor, M|52/100|[from]move: Volt Switch
|move|p1a: Reuniclus|Recover|p1a: Reuniclus
|-heal|p1a: Reuniclus|88/100
|
|upkeep
|turn|48
|
|t:|1667152864
|move|p2a: chuggy buggy|Knock Off|p1a: Reuniclus
|-supereffective|p1a: Reuniclus
|-damage|p1a: Reuniclus|59/100
|move|p1a: Reuniclus|Psyshock|p2a: chuggy buggy
|-resisted|p2a: chuggy buggy
|-damage|p2a: chuggy buggy|15/100
|
|upkeep
|turn|49
|
|t:|1667152872
|move|p2a: chuggy buggy|Roost|p2a: chuggy buggy
|-heal|p2a: chuggy buggy|65/100
|-singleturn|p2a: chuggy buggy|move: Roost
|move|p1a: Reuniclus|Psyshock|p2a: chuggy buggy
|-resisted|p2a: chuggy buggy
|-damage|p2a: chuggy buggy|25/100
|
|upkeep
|turn|50
|
|t:|1667152876
|move|p2a: chuggy buggy|Roost|p2a: chuggy buggy
|-heal|p2a: chuggy buggy|75/100
|-singleturn|p2a: chuggy buggy|move: Roost
|move|p1a: Reuniclus|Calm Mind|p1a: Reuniclus
|-boost|p1a: Reuniclus|spa|1
|-boost|p1a: Reuniclus|spd|1
|
|upkeep
|turn|51
|
|t:|1667152880
|move|p2a: chuggy buggy|Knock Off|p1a: Reuniclus
|-supereffective|p1a: Reuniclus
|-damage|p1a: Reuniclus|31/100
|move|p1a: Reuniclus|Recover|p1a: Reuniclus
|-heal|p1a: Reuniclus|81/100
|
|upkeep
|turn|52
|
|t:|1667152883
|move|p2a: chuggy buggy|Knock Off|p1a: Reuniclus
|-supereffective|p1a: Reuniclus
|-damage|p1a: Reuniclus|54/100
|move|p1a: Reuniclus|Calm Mind|p1a: Reuniclus
|-boost|p1a: Reuniclus|spa|1
|-boost|p1a: Reuniclus|spd|1
|
|upkeep
|turn|53
|
|t:|1667152890
|move|p2a: chuggy buggy|Knock Off|p1a: Reuniclus
|-supereffective|p1a: Reuniclus
|-damage|p1a: Reuniclus|23/100
|move|p1a: Reuniclus|Recover|p1a: Reuniclus
|-heal|p1a: Reuniclus|73/100
|
|upkeep
|turn|54
|
|t:|1667152896
|move|p2a: chuggy buggy|Knock Off|p1a: Reuniclus
|-supereffective|p1a: Reuniclus
|-damage|p1a: Reuniclus|45/100
|move|p1a: Reuniclus|Recover|p1a: Reuniclus
|-heal|p1a: Reuniclus|95/100
|
|upkeep
|turn|55
|
|t:|1667152903
|move|p2a: chuggy buggy|U-turn|p1a: Reuniclus
|-supereffective|p1a: Reuniclus
|-damage|p1a: Reuniclus|51/100
|
|t:|1667152911
|switch|p2a: snekkt snek|Milotic, F|22/100|[from]move: U-turn
|-damage|p2a: snekkt snek|9/100|[from] Stealth Rock
|move|p1a: Reuniclus|Psyshock|p2a: snekkt snek
|-damage|p2a: snekkt snek|0 fnt
|faint|p2a: snekkt snek
|
|upkeep
|
|t:|1667152923
|switch|p2a: chuggy buggy|Scizor, M|75/100
|turn|56
|
|t:|1667152932
|move|p2a: chuggy buggy|Knock Off|p1a: Reuniclus
|-supereffective|p1a: Reuniclus
|-damage|p1a: Reuniclus|24/100
|move|p1a: Reuniclus|Psyshock|p2a: chuggy buggy
|-resisted|p2a: chuggy buggy
|-damage|p2a: chuggy buggy|26/100
|
|upkeep
|turn|57
|
|t:|1667152943
|move|p2a: chuggy buggy|Roost|p2a: chuggy buggy
|-heal|p2a: chuggy buggy|76/100
|-singleturn|p2a: chuggy buggy|move: Roost
|move|p1a: Reuniclus|Psyshock|p2a: chuggy buggy
|-resisted|p2a: chuggy buggy
|-damage|p2a: chuggy buggy|27/100
|
|upkeep
|turn|58
|
|t:|1667152953
|move|p2a: chuggy buggy|Roost|p2a: chuggy buggy
|-heal|p2a: chuggy buggy|77/100
|-singleturn|p2a: chuggy buggy|move: Roost
|move|p1a: Reuniclus|Psyshock|p2a: chuggy buggy
|-resisted|p2a: chuggy buggy
|-damage|p2a: chuggy buggy|20/100
|
|upkeep
|turn|59
|
|t:|1667152958
|move|p2a: chuggy buggy|U-turn|p1a: Reuniclus
|-supereffective|p1a: Reuniclus
|-damage|p1a: Reuniclus|0 fnt
|faint|p1a: Reuniclus
|
|t:|1667152974
|switch|p2a: howdy mr cloudy|Thundurus-Therian, M|100/100|[from]move: U-turn
|
|upkeep
|
|t:|1667152981
|switch|p1a: Hydreigon|Hydreigon, M|82/100
|-damage|p1a: Hydreigon|70/100|[from] Stealth Rock
|turn|60
|
|t:|1667152989
|move|p1a: Hydreigon|Dark Pulse|p2a: howdy mr cloudy
|-damage|p2a: howdy mr cloudy|44/100
|move|p2a: howdy mr cloudy|Focus Blast|p1a: Hydreigon
|-supereffective|p1a: Hydreigon
|-damage|p1a: Hydreigon|0 fnt
|faint|p1a: Hydreigon
|
|upkeep
|
|t:|1667153003
|switch|p1a: Cobalion|Cobalion|56/100
|-damage|p1a: Cobalion|53/100|[from] Stealth Rock
|turn|61
|
|t:|1667153008
|switch|p1a: Primarina|Primarina, M|99/100
|-damage|p1a: Primarina|88/100|[from] Stealth Rock
|switch|p2a: Hip(pos) dont lie|Hippowdon, F|100/100
|-damage|p2a: Hip(pos) dont lie|94/100|[from] Stealth Rock
|-weather|Sandstorm|[from] ability: Sand Stream|[of] p2a: Hip(pos) dont lie
|
|-weather|Sandstorm|[upkeep]
|-damage|p1a: Primarina|82/100|[from] Sandstorm
|-heal|p1a: Primarina|88/100|[from] item: Leftovers
|upkeep
|turn|62
|
|t:|1667153014
|move|p1a: Primarina|Calm Mind|p1a: Primarina
|-boost|p1a: Primarina|spa|1
|-boost|p1a: Primarina|spd|1
|move|p2a: Hip(pos) dont lie|Earthquake|p1a: Primarina
|-damage|p1a: Primarina|53/100
|
|-weather|Sandstorm|[upkeep]
|-damage|p1a: Primarina|47/100|[from] Sandstorm
|-heal|p1a: Primarina|53/100|[from] item: Leftovers
|upkeep
|turn|63
|
|t:|1667153036
|switch|p2a: chuggy buggy|Scizor, M|20/100
|move|p1a: Primarina|Calm Mind|p1a: Primarina
|-boost|p1a: Primarina|spa|1
|-boost|p1a: Primarina|spd|1
|
|-weather|Sandstorm|[upkeep]
|-damage|p1a: Primarina|47/100|[from] Sandstorm
|-heal|p1a: Primarina|53/100|[from] item: Leftovers
|upkeep
|turn|64
|
|t:|1667153041
|move|p1a: Primarina|Rest|p1a: Primarina
|-status|p1a: Primarina|slp|[from] move: Rest
|-heal|p1a: Primarina|100/100 slp|[silent]
|move|p2a: chuggy buggy|Knock Off|p1a: Primarina
|-resisted|p1a: Primarina
|-damage|p1a: Primarina|86/100 slp
|-enditem|p1a: Primarina|Leftovers|[from] move: Knock Off|[of] p2a: chuggy buggy
|
|-weather|Sandstorm|[upkeep]
|-damage|p1a: Primarina|80/100 slp|[from] Sandstorm
|upkeep
|turn|65
|
|t:|1667153045
|move|p2a: chuggy buggy|Bullet Punch|p1a: Primarina
|-damage|p1a: Primarina|52/100 slp
|cant|p1a: Primarina|slp
|move|p1a: Primarina|Snore|p2a: chuggy buggy
|-damage|p2a: chuggy buggy|0 fnt
|faint|p2a: chuggy buggy
|
|-weather|none
|upkeep
|
|t:|1667153051
|switch|p2a: zap and clap|Regieleki|100/100
|turn|66
|
|t:|1667153057
|switch|p1a: Nidoqueen|Nidoqueen, F|56/100
|-damage|p1a: Nidoqueen|50/100|[from] Stealth Rock
|move|p2a: zap and clap|Thunderbolt|p1a: Nidoqueen
|-immune|p1a: Nidoqueen
|
|upkeep
|turn|67
|
|t:|1667153072
|switch|p2a: fairly fairy|Sylveon, F|100/100
|-damage|p2a: fairly fairy|88/100|[from] Stealth Rock
|move|p1a: Nidoqueen|Sludge Wave|p2a: fairly fairy
|-supereffective|p2a: fairly fairy
|-damage|p2a: fairly fairy|36/100
|
|-heal|p2a: fairly fairy|42/100|[from] item: Leftovers
|upkeep
|turn|68
|
|t:|1667153078
|move|p2a: fairly fairy|Protect|p2a: fairly fairy
|-singleturn|p2a: fairly fairy|Protect
|move|p1a: Nidoqueen|Earth Power|p2a: fairly fairy
|-activate|p2a: fairly fairy|move: Protect
|
|-heal|p2a: fairly fairy|48/100|[from] item: Leftovers
|upkeep
|turn|69
|
|t:|1667153084
|move|p1a: Nidoqueen|Sludge Wave|p2a: fairly fairy
|-supereffective|p2a: fairly fairy
|-damage|p2a: fairly fairy|0 fnt
|faint|p2a: fairly fairy
|
|upkeep
|
|t:|1667153092
|switch|p2a: howdy mr cloudy|Thundurus-Therian, M|44/100
|turn|70
|
|t:|1667153114
|switch|p1a: Tangrowth|Tangrowth, M|55/100 tox
|-damage|p1a: Tangrowth|43/100 tox|[from] Stealth Rock
|move|p2a: howdy mr cloudy|Psychic|p1a: Tangrowth
|-damage|p1a: Tangrowth|17/100 tox
|
|-damage|p1a: Tangrowth|11/100 tox|[from] psn
|upkeep
|turn|71
|
|t:|1667153127
|move|p2a: howdy mr cloudy|Thunderbolt|p1a: Tangrowth
|-resisted|p1a: Tangrowth
|-damage|p1a: Tangrowth|0 fnt
|faint|p1a: Tangrowth
|
|upkeep
|
|t:|1667153129
|switch|p1a: Cobalion|Cobalion|53/100
|-damage|p1a: Cobalion|49/100|[from] Stealth Rock
|turn|72
|
|t:|1667153136
|switch|p1a: Primarina|Primarina, M|52/100 slp
|-damage|p1a: Primarina|40/100 slp|[from] Stealth Rock
|switch|p2a: Hip(pos) dont lie|Hippowdon, F|94/100
|-damage|p2a: Hip(pos) dont lie|88/100|[from] Stealth Rock
|-weather|Sandstorm|[from] ability: Sand Stream|[of] p2a: Hip(pos) dont lie
|
|-weather|Sandstorm|[upkeep]
|-damage|p1a: Primarina|34/100 slp|[from] Sandstorm
|upkeep
|turn|73
|
|t:|1667153143
|switch|p2a: zap and clap|Regieleki|100/100
|cant|p1a: Primarina|slp
|move|p1a: Primarina|Snore|p2a: zap and clap
|-damage|p2a: zap and clap|61/100
|
|-weather|Sandstorm|[upkeep]
|-damage|p2a: zap and clap|55/100|[from] Sandstorm
|-damage|p1a: Primarina|28/100 slp|[from] Sandstorm
|upkeep
|turn|74
|inactive|KiloTotomon has 120 seconds left.
|
|t:|1667153187
|switch|p1a: Nidoqueen|Nidoqueen, F|50/100
|-damage|p1a: Nidoqueen|44/100|[from] Stealth Rock
|move|p2a: zap and clap|Rapid Spin|p1a: Nidoqueen
|-damage|p1a: Nidoqueen|33/100
|-boost|p2a: zap and clap|spe|1
|-sideend|p2: pokemonisfun|Stealth Rock|[from] move: Rapid Spin|[of] p2a: zap and clap
|
|-weather|Sandstorm|[upkeep]
|-damage|p2a: zap and clap|49/100|[from] Sandstorm
|upkeep
|turn|75
|
|t:|1667153206
|switch|p2a: Hip(pos) dont lie|Hippowdon, F|88/100
|move|p1a: Nidoqueen|Earth Power|p2a: Hip(pos) dont lie
|-damage|p2a: Hip(pos) dont lie|44/100
|
|-weather|Sandstorm|[upkeep]
|upkeep
|turn|76
|inactive|KiloTotomon has 90 seconds left.
|
|t:|1667153234
|move|p1a: Nidoqueen|Earth Power|p2a: Hip(pos) dont lie
|-damage|p2a: Hip(pos) dont lie|0 fnt
|faint|p2a: Hip(pos) dont lie
|
|-weather|none
|upkeep
|
|t:|1667153242
|switch|p2a: howdy mr cloudy|Thundurus-Therian, M|44/100
|turn|77
|
|t:|1667153252
|switch|p1a: Primarina|Primarina, M|28/100 slp
|-damage|p1a: Primarina|16/100 slp|[from] Stealth Rock
|move|p2a: howdy mr cloudy|Psychic|p1a: Primarina
|-damage|p1a: Primarina|0 fnt
|faint|p1a: Primarina
|
|upkeep
|
|t:|1667153256
|switch|p1a: Cobalion|Cobalion|49/100
|-damage|p1a: Cobalion|46/100|[from] Stealth Rock
|turn|78
|
|t:|1667153279
|switch|p2a: zap and clap|Regieleki|49/100
|move|p1a: Cobalion|Stone Edge|p2a: zap and clap
|-damage|p2a: zap and clap|0 fnt
|faint|p2a: zap and clap
|
|upkeep
|
|t:|1667153284
|switch|p2a: howdy mr cloudy|Thundurus-Therian, M|44/100
|turn|79
|
|t:|1667153287
|move|p1a: Cobalion|Stone Edge|p2a: howdy mr cloudy
|-supereffective|p2a: howdy mr cloudy
|-damage|p2a: howdy mr cloudy|0 fnt
|faint|p2a: howdy mr cloudy
|
|win|KiloTotomon
|raw|KiloTotomon's rating: 1569 &rarr; <strong>1595</strong><br />(+26 for winning)
|raw|pokemonisfun's rating: 1673 &rarr; <strong>1647</strong><br />(-26 for losing)
|c|☆KiloTotomon|gg
|c|☆pokemonisfun|gg
|l| NapoleonV
|l|☆pokemonisfun
