|j|☆oddmushroom
|j|☆Deathspank
|t:|1602472293
|player|p1|oddmushroom|gambler|1175
|player|p2|Deathspank|1|1167
|teamsize|p1|6
|teamsize|p2|6
|gametype|singles
|gen|8
|tier|[Gen 8] UU
|rated|
|clearpoke
|poke|p1|Druddigon, M|
|poke|p1|Whiscash, F|
|poke|p1|Frosmoth, F|
|poke|p1|Roserade, M|
|poke|p1|Jolteon, M|
|poke|p1|Liepard, F|
|poke|p2|Necrozma|
|poke|p2|Bisharp, F|
|poke|p2|Tsareena, F|
|poke|p2|Marowak-Alola, F|
|poke|p2|Slowbro-Galar, F|
|poke|p2|Porygon-Z|
|rule|Sleep Clause Mod: Limit one foe put to sleep
|rule|Species Clause: Limit one of each Pokémon
|rule|OHKO Clause: OHKO moves are banned
|rule|Evasion Moves Clause: Evasion moves are banned
|rule|Endless Battle Clause: Forcing endless battles is banned
|rule|HP Percentage Mod: HP is shown in percentages
|rule|Dynamax Clause: You cannot dynamax
|teampreview
|
|t:|1602472303
|start
|switch|p1a: Druddigon|Druddigon, M|100/100
|switch|p2a: Necrozma|Necrozma|100/100
|-ability|p1a: Druddigon|Mold Breaker
|turn|1
|
|t:|1602472310
|move|p1a: Druddigon|Glare|p2a: Necrozma
|-status|p2a: Necrozma|par
|move|p2a: Necrozma|Trick Room|p2a: Necrozma
|-fieldstart|move: Trick Room|[of] p2a: Necrozma
|
|upkeep
|turn|2
|
|t:|1602472317
|move|p2a: Necrozma|Photon Geyser|p1a: Druddigon
|-damage|p1a: Druddigon|20/100
|-damage|p2a: Necrozma|91/100 par|[from] item: Life Orb
|move|p1a: Druddigon|Stealth Rock|p2a: Necrozma
|-sidestart|p2: Deathspank|move: Stealth Rock
|
|upkeep
|turn|3
|
|t:|1602472327
|switch|p1a: Liepard|Liepard, F|100/100
|move|p2a: Necrozma|Photon Geyser|p1a: Liepard
|-immune|p1a: Liepard
|
|upkeep
|turn|4
|
|t:|1602472337
|switch|p2a: Tsareena|Tsareena, F|100/100
|-damage|p2a: Tsareena|88/100|[from] Stealth Rock
|move|p1a: Liepard|Encore||[still]
|cant|p2a: Tsareena|ability: Queenly Majesty|Encore|[of] p1a: Liepard
|
|-heal|p2a: Tsareena|94/100|[from] item: Leftovers
|upkeep
|turn|5
|
|t:|1602472363
|switch|p1a: Druddigon|Druddigon, M|20/100
|-ability|p1a: Druddigon|Mold Breaker
|move|p2a: Tsareena|Rapid Spin|p1a: Druddigon
|-damage|p1a: Druddigon|7/100
|-boost|p2a: Tsareena|spe|1
|-sideend|p2: Deathspank|Stealth Rock|[from] move: Rapid Spin|[of] p2a: Tsareena
|
|-heal|p2a: Tsareena|99/100|[from] item: Leftovers
|-fieldend|move: Trick Room
|upkeep
|turn|6
|
|t:|1602472372
|move|p2a: Tsareena|Power Whip|p1a: Druddigon
|-resisted|p1a: Druddigon
|-damage|p1a: Druddigon|0 fnt
|faint|p1a: Druddigon
|
|-heal|p2a: Tsareena|100/100|[from] item: Leftovers
|upkeep
|
|t:|1602472377
|switch|p1a: Liepard|Liepard, F|100/100
|turn|7
|
|t:|1602472385
|move|p1a: Liepard|U-turn|p2a: Tsareena
|-supereffective|p2a: Tsareena
|-damage|p2a: Tsareena|61/100
|
|t:|1602472388
|switch|p1a: Roserade|Roserade, M|100/100|[from]move: U-turn
|move|p2a: Tsareena|Aromatherapy|p2a: Tsareena
|-activate|p2a: Tsareena|move: Aromatherapy
|-curestatus|p2: Necrozma|par|[msg]
|
|-heal|p2a: Tsareena|67/100|[from] item: Leftovers
|upkeep
|turn|8
|
|t:|1602472402
|switch|p2a: Necrozma|Necrozma|91/100
|move|p1a: Roserade|Substitute|p1a: Roserade
|-start|p1a: Roserade|Substitute
|-damage|p1a: Roserade|75/100
|
|-heal|p1a: Roserade|82/100|[from] item: Black Sludge
|upkeep
|turn|9
|
|t:|1602472412
|move|p1a: Roserade|Leech Seed|p2a: Necrozma
|-start|p2a: Necrozma|move: Leech Seed
|move|p2a: Necrozma|Trick Room|p2a: Necrozma
|-fieldstart|move: Trick Room|[of] p2a: Necrozma
|
|-heal|p1a: Roserade|88/100|[from] item: Black Sludge
|-damage|p2a: Necrozma|78/100|[from] Leech Seed|[of] p1a: Roserade
|-heal|p1a: Roserade|100/100|[silent]
|upkeep
|turn|10
|
|t:|1602472419
|move|p2a: Necrozma|Power Gem|p1a: Roserade
|-end|p1a: Roserade|Substitute
|-damage|p2a: Necrozma|69/100|[from] item: Life Orb
|move|p1a: Roserade|Substitute|p1a: Roserade
|-start|p1a: Roserade|Substitute
|-damage|p1a: Roserade|75/100
|
|-heal|p1a: Roserade|82/100|[from] item: Black Sludge
|-damage|p2a: Necrozma|56/100|[from] Leech Seed|[of] p1a: Roserade
|-heal|p1a: Roserade|97/100|[silent]
|upkeep
|turn|11
|
|t:|1602472429
|switch|p2a: Slowbro|Slowbro-Galar, F|100/100
|move|p1a: Roserade|Substitute|p1a: Roserade
|-fail|p1a: Roserade|move: Substitute
|
|-heal|p1a: Roserade|100/100|[from] item: Black Sludge
|upkeep
|turn|12
|
|t:|1602472438
|move|p2a: Slowbro|Psyshock|p1a: Roserade
|-supereffective|p1a: Roserade
|-end|p1a: Roserade|Substitute
|-damage|p2a: Slowbro|91/100|[from] item: Life Orb
|move|p1a: Roserade|Leech Seed|p2a: Slowbro
|-start|p2a: Slowbro|move: Leech Seed
|
|-damage|p2a: Slowbro|78/100|[from] Leech Seed|[of] p1a: Roserade
|upkeep
|turn|13
|
|t:|1602472445
|switch|p1a: Liepard|Liepard, F|100/100
|move|p2a: Slowbro|Psyshock|p1a: Liepard
|-immune|p1a: Liepard
|
|-damage|p2a: Slowbro|66/100|[from] Leech Seed|[of] p1a: Liepard
|-fieldend|move: Trick Room
|upkeep
|turn|14
|
|t:|1602472466
|switch|p2a: Tsareena|Tsareena, F|67/100
|move|p1a: Liepard|Knock Off|p2a: Tsareena
|-damage|p2a: Tsareena|31/100
|-enditem|p2a: Tsareena|Leftovers|[from] move: Knock Off|[of] p1a: Liepard
|
|upkeep
|turn|15
|
|t:|1602472474
|move|p1a: Liepard|U-turn|p2a: Tsareena
|-supereffective|p2a: Tsareena
|-damage|p2a: Tsareena|0 fnt
|faint|p2a: Tsareena
|
|t:|1602472481
|switch|p1a: Jolteon|Jolteon, M|100/100|[from]move: U-turn
|
|upkeep
|
|t:|1602472497
|switch|p2a: Porygon-Z|Porygon-Z|100/100
|turn|16
|
|t:|1602472501
|move|p1a: Jolteon|Thunder Wave|p2a: Porygon-Z
|-status|p2a: Porygon-Z|par
|move|p2a: Porygon-Z|Trick Room|p2a: Porygon-Z
|-fieldstart|move: Trick Room|[of] p2a: Porygon-Z
|
|upkeep
|turn|17
|
|t:|1602472506
|move|p2a: Porygon-Z|Tri Attack|p1a: Jolteon
|-damage|p1a: Jolteon|0 fnt
|-damage|p2a: Porygon-Z|91/100 par|[from] item: Life Orb
|faint|p1a: Jolteon
|
|upkeep
|
|t:|1602472516
|switch|p1a: Frosmoth|Frosmoth, F|100/100
|turn|18
|
|t:|1602472521
|move|p2a: Porygon-Z|Tri Attack|p1a: Frosmoth
|-damage|p1a: Frosmoth|54/100
|-damage|p2a: Porygon-Z|81/100 par|[from] item: Life Orb
|move|p1a: Frosmoth|Quiver Dance|p1a: Frosmoth
|-boost|p1a: Frosmoth|spa|1
|-boost|p1a: Frosmoth|spd|1
|-boost|p1a: Frosmoth|spe|1
|
|upkeep
|turn|19
|
|t:|1602472532
|switch|p2a: Marowak|Marowak-Alola, F|100/100
|move|p1a: Frosmoth|Bug Buzz|p2a: Marowak
|-resisted|p2a: Marowak
|-damage|p2a: Marowak|78/100
|
|upkeep
|turn|20
|
|t:|1602472542
|switch|p1a: Liepard|Liepard, F|100/100
|move|p2a: Marowak|Flare Blitz|p1a: Liepard
|-enditem|p1a: Liepard|Focus Sash
|-damage|p1a: Liepard|1/100
|
|-fieldend|move: Trick Room
|upkeep
|turn|21
|
|t:|1602472556
|switch|p2a: Porygon-Z|Porygon-Z|81/100 par
|move|p1a: Liepard|Knock Off|p2a: Porygon-Z
|-damage|p2a: Porygon-Z|37/100 par
|-enditem|p2a: Porygon-Z|Life Orb|[from] move: Knock Off|[of] p1a: Liepard
|
|upkeep
|turn|22
|
|t:|1602472563
|move|p1a: Liepard|U-turn|p2a: Porygon-Z
|-damage|p2a: Porygon-Z|13/100 par
|
|t:|1602472568
|switch|p1a: Whiscash|Whiscash, F|100/100|[from]move: U-turn
|move|p2a: Porygon-Z|Trick Room|p2a: Porygon-Z
|-fieldstart|move: Trick Room|[of] p2a: Porygon-Z
|
|upkeep
|turn|23
|
|t:|1602472577
|move|p2a: Porygon-Z|Tri Attack|p1a: Whiscash
|-damage|p1a: Whiscash|32/100
|move|p1a: Whiscash|Earthquake|p2a: Porygon-Z
|-damage|p2a: Porygon-Z|0 fnt
|faint|p2a: Porygon-Z
|
|-heal|p1a: Whiscash|38/100|[from] item: Leftovers
|upkeep
|
|t:|1602472587
|switch|p2a: Bisharp|Bisharp, F|100/100
|turn|24
|
|t:|1602472591
|move|p2a: Bisharp|Knock Off|p1a: Whiscash
|-damage|p1a: Whiscash|0 fnt
|-enditem|p1a: Whiscash|Leftovers|[from] move: Knock Off|[of] p2a: Bisharp
|faint|p1a: Whiscash
|
|upkeep
|
|t:|1602472596
|switch|p1a: Liepard|Liepard, F|1/100
|turn|25
|
|t:|1602472603
|move|p1a: Liepard|Fake Out|p2a: Bisharp
|-resisted|p2a: Bisharp
|-damage|p2a: Bisharp|95/100
|cant|p2a: Bisharp|flinch
|
|upkeep
|turn|26
|
|t:|1602472615
|switch|p1a: Frosmoth|Frosmoth, F|54/100
|move|p2a: Bisharp|Knock Off|p1a: Frosmoth
|-damage|p1a: Frosmoth|0 fnt
|-enditem|p1a: Frosmoth|Heavy-Duty Boots|[from] move: Knock Off|[of] p2a: Bisharp
|faint|p1a: Frosmoth
|
|-fieldend|move: Trick Room
|upkeep
|
|t:|1602472626
|switch|p1a: Liepard|Liepard, F|1/100
|turn|27
|
|t:|1602472632
|move|p1a: Liepard|Fake Out|p2a: Bisharp
|-resisted|p2a: Bisharp
|-damage|p2a: Bisharp|89/100
|cant|p2a: Bisharp|flinch
|
|upkeep
|turn|28
|
|t:|1602472634
|move|p1a: Liepard|Knock Off|p2a: Bisharp
|-resisted|p2a: Bisharp
|-damage|p2a: Bisharp|69/100
|-enditem|p2a: Bisharp|Black Glasses|[from] move: Knock Off|[of] p1a: Liepard
|move|p2a: Bisharp|Knock Off|p1a: Liepard
|-resisted|p1a: Liepard
|-damage|p1a: Liepard|0 fnt
|faint|p1a: Liepard
|
|upkeep
|
|t:|1602472638
|switch|p1a: Roserade|Roserade, M|100/100
|turn|29
|
|t:|1602472645
|move|p1a: Roserade|Leech Seed|p2a: Bisharp
|-start|p2a: Bisharp|move: Leech Seed
|move|p2a: Bisharp|Knock Off|p1a: Roserade
|-damage|p1a: Roserade|28/100
|-enditem|p1a: Roserade|Black Sludge|[from] move: Knock Off|[of] p2a: Bisharp
|
|-damage|p2a: Bisharp|56/100|[from] Leech Seed|[of] p1a: Roserade
|-heal|p1a: Roserade|41/100|[silent]
|upkeep
|turn|30
|
|t:|1602472653
|move|p1a: Roserade|Substitute|p1a: Roserade
|-start|p1a: Roserade|Substitute
|-damage|p1a: Roserade|16/100
|move|p2a: Bisharp|Knock Off|p1a: Roserade
|-end|p1a: Roserade|Substitute
|
|-damage|p2a: Bisharp|44/100|[from] Leech Seed|[of] p1a: Roserade
|-heal|p1a: Roserade|29/100|[silent]
|upkeep
|turn|31
|
|t:|1602472660
|move|p1a: Roserade|Giga Drain|p2a: Bisharp
|-resisted|p2a: Bisharp
|-damage|p2a: Bisharp|18/100
|-heal|p1a: Roserade|42/100|[from] drain|[of] p2a: Bisharp
|move|p2a: Bisharp|Knock Off|p1a: Roserade
|-damage|p1a: Roserade|0 fnt
|faint|p1a: Roserade
|
|win|Deathspank
|l|☆oddmushroom
|raw|oddmushroom's rating: 1175 &rarr; <strong>1147</strong><br />(-28 for losing)
|raw|Deathspank's rating: 1131 &rarr; <strong>1159</strong><br />(+28 for winning)
