|j|☆Boost Swoosh
|j|☆Ramolost
|t:|1603897854
|player|p1|Boost Swoosh|skier|1647
|player|p2|Ramolost|102|1657
|teamsize|p1|6
|teamsize|p2|6
|gametype|singles
|gen|8
|tier|[Gen 8] UU
|rated|
|clearpoke
|poke|p1|Celebi|
|poke|p1|Polteageist|
|poke|p1|Druddigon, M|
|poke|p1|Rotom-Wash|
|poke|p1|Talonflame, M|
|poke|p1|Bisharp, M|
|poke|p2|Cobalion|
|poke|p2|Thwackey, M|
|poke|p2|Incineroar, M|
|poke|p2|Tentacruel, F|
|poke|p2|Noivern, M|
|poke|p2|Reuniclus, M|
|rule|Sleep Clause Mod: Limit one foe put to sleep
|rule|Species Clause: Limit one of each Pokémon
|rule|OHKO Clause: OHKO moves are banned
|rule|Evasion Moves Clause: Evasion moves are banned
|rule|Endless Battle Clause: Forcing endless battles is banned
|rule|HP Percentage Mod: HP is shown in percentages
|rule|Dynamax Clause: You cannot dynamax
|teampreview
|inactive|Battle timer is ON: inactive players will automatically lose when time's up. (requested by Boost Swoosh)
|
|t:|1603897885
|start
|switch|p1a: The Wash|Rotom-Wash|100/100
|switch|p2a: Noivern|Noivern, M|100/100
|turn|1
|
|t:|1603897892
|move|p2a: Noivern|Draco Meteor|p1a: The Wash
|-damage|p1a: The Wash|57/100
|-unboost|p2a: Noivern|spa|2
|move|p1a: The Wash|Thunder Wave|p2a: Noivern|[miss]
|-miss|p1a: The Wash|p2a: Noivern
|
|-heal|p1a: The Wash|63/100|[from] item: Leftovers
|upkeep
|turn|2
|
|t:|1603897901
|move|p2a: Noivern|Taunt|p1a: The Wash
|-start|p1a: The Wash|move: Taunt
|move|p1a: The Wash|Volt Switch|p2a: Noivern
|-damage|p2a: Noivern|65/100
|j| pokemonisfun '-'
|c| pokemonisfun '-'|hi ramo
|c|☆Ramolost|hey pif
|
|t:|1603897921
|switch|p1a: birb|Talonflame, M|100/100|[from]move: Volt Switch
|
|upkeep
|turn|3
|c|☆Ramolost|whats good
|
|t:|1603897931
|switch|p2a: Cobalion|Cobalion|100/100
|move|p1a: birb|Brave Bird|p2a: Cobalion
|-crit|p2a: Cobalion
|-damage|p2a: Cobalion|48/100
|-damage|p1a: birb|84/100|[from] item: Rocky Helmet|[of] p2a: Cobalion
|-damage|p1a: birb|61/100|[from] Recoil
|
|upkeep
|turn|4
|
|t:|1603897936
|move|p1a: birb|Flare Blitz|p2a: Cobalion
|-supereffective|p2a: Cobalion
|-damage|p2a: Cobalion|0 fnt
|-damage|p1a: birb|45/100|[from] item: Rocky Helmet|[of] p2a: Cobalion
|-damage|p1a: birb|25/100|[from] Recoil
|faint|p2a: Cobalion
|
|upkeep
|
|t:|1603897945
|switch|p2a: Tentacruel|Tentacruel, F, shiny|100/100
|turn|5
|c| pokemonisfun '-'|you
|c|☆Ramolost|wow!
|
|t:|1603897962
|switch|p1a: The Wash|Rotom-Wash|63/100
|move|p2a: Tentacruel|Scald|p1a: The Wash
|-resisted|p1a: The Wash
|-damage|p1a: The Wash|53/100
|
|-heal|p1a: The Wash|59/100|[from] item: Leftovers
|upkeep
|turn|6
|
|t:|1603897972
|move|p2a: Tentacruel|Knock Off|p1a: The Wash
|-damage|p1a: The Wash|42/100
|-enditem|p1a: The Wash|Leftovers|[from] move: Knock Off|[of] p2a: Tentacruel
|move|p1a: The Wash|Thunder Wave|p2a: Tentacruel
|-status|p2a: Tentacruel|par
|
|upkeep
|turn|7
|
|t:|1603897980
|move|p1a: The Wash|Volt Switch|p2a: Tentacruel
|-supereffective|p2a: Tentacruel
|-damage|p2a: Tentacruel|67/100 par
|
|t:|1603897986
|switch|p1a: OnionsHaveLayers|Celebi, shiny|100/100|[from]move: Volt Switch
|move|p2a: Tentacruel|Sludge Bomb|p1a: OnionsHaveLayers
|-supereffective|p1a: OnionsHaveLayers
|-damage|p1a: OnionsHaveLayers|44/100
|
|-heal|p2a: Tentacruel|73/100 par|[from] item: Black Sludge
|upkeep
|turn|8
|
|t:|1603897998
|switch|p2a: Incineroar|Incineroar, M|100/100
|-ability|p2a: Incineroar|Intimidate|boost
|-unboost|p1a: OnionsHaveLayers|atk|1
|move|p1a: OnionsHaveLayers|Psychic|p2a: Incineroar
|-immune|p2a: Incineroar
|
|upkeep
|turn|9
|
|t:|1603898004
|switch|p1a: OgresHaveLayers|Druddigon, M|100/100
|move|p2a: Incineroar|Knock Off|p1a: OgresHaveLayers
|-damage|p1a: OgresHaveLayers|74/100
|-damage|p2a: Incineroar|88/100|[from] ability: Rough Skin|[of] p1a: OgresHaveLayers
|-damage|p2a: Incineroar|72/100|[from] item: Rocky Helmet|[of] p1a: OgresHaveLayers
|-enditem|p1a: OgresHaveLayers|Rocky Helmet|[from] move: Knock Off|[of] p2a: Incineroar
|
|upkeep
|turn|10
|
|t:|1603898011
|switch|p2a: Noivern|Noivern, M|65/100
|move|p1a: OgresHaveLayers|Stealth Rock|p2a: Noivern
|-sidestart|p2: Ramolost|move: Stealth Rock
|
|upkeep
|turn|11
|
|t:|1603898020
|switch|p1a: The Wash|Rotom-Wash|42/100
|move|p2a: Noivern|Draco Meteor|p1a: The Wash
|-damage|p1a: The Wash|0 fnt
|-unboost|p2a: Noivern|spa|2
|faint|p1a: The Wash
|
|upkeep
|
|t:|1603898022
|switch|p1a: birb|Talonflame, M|25/100
|turn|12
|
|t:|1603898026
|switch|p2a: Tentacruel|Tentacruel, F, shiny|73/100 par
|-damage|p2a: Tentacruel|61/100 par|[from] Stealth Rock
|move|p1a: birb|Roost|p1a: birb
|-heal|p1a: birb|75/100
|-singleturn|p1a: birb|move: Roost
|
|-heal|p2a: Tentacruel|67/100 par|[from] item: Black Sludge
|upkeep
|turn|13
|
|t:|1603898041
|switch|p1a: Chai|Polteageist, shiny|100/100
|move|p2a: Tentacruel|Rapid Spin|p1a: Chai
|-immune|p1a: Chai
|
|-heal|p2a: Tentacruel|73/100 par|[from] item: Black Sludge
|upkeep
|turn|14
|
|t:|1603898054
|switch|p2a: Incineroar|Incineroar, M|72/100
|-ability|p2a: Incineroar|Intimidate|boost
|-unboost|p1a: Chai|atk|1
|move|p1a: Chai|Shell Smash|p1a: Chai
|-unboost|p1a: Chai|def|1
|-unboost|p1a: Chai|spd|1
|-boost|p1a: Chai|atk|2
|-boost|p1a: Chai|spa|2
|-boost|p1a: Chai|spe|2
|
|upkeep
|turn|15
|
|t:|1603898071
|switch|p1a: OgresHaveLayers|Druddigon, M|74/100
|move|p2a: Incineroar|Knock Off|p1a: OgresHaveLayers
|-damage|p1a: OgresHaveLayers|56/100
|-damage|p2a: Incineroar|59/100|[from] ability: Rough Skin|[of] p1a: OgresHaveLayers
|
|upkeep
|turn|16
|
|t:|1603898082
|switch|p2a: Tentacruel|Tentacruel, F, shiny|73/100 par
|-damage|p2a: Tentacruel|60/100 par|[from] Stealth Rock
|move|p1a: OgresHaveLayers|Dragon Tail|p2a: Tentacruel
|-damage|p2a: Tentacruel|32/100 par
|drag|p2a: Incineroar|Incineroar, M|59/100
|-ability|p2a: Incineroar|Intimidate|boost
|-unboost|p1a: OgresHaveLayers|atk|1
|
|upkeep
|turn|17
|
|t:|1603898097
|move|p2a: Incineroar|Knock Off|p1a: OgresHaveLayers
|-damage|p1a: OgresHaveLayers|38/100
|-damage|p2a: Incineroar|47/100|[from] ability: Rough Skin|[of] p1a: OgresHaveLayers
|move|p1a: OgresHaveLayers|Dragon Tail|p2a: Incineroar|[miss]
|-miss|p1a: OgresHaveLayers|p2a: Incineroar
|
|upkeep
|turn|18
|
|t:|1603898109
|move|p2a: Incineroar|Swords Dance|p2a: Incineroar
|-boost|p2a: Incineroar|atk|2
|move|p1a: OgresHaveLayers|Dragon Tail|p2a: Incineroar
|-damage|p2a: Incineroar|31/100
|drag|p2a: Tentacruel|Tentacruel, F, shiny|32/100 par
|-damage|p2a: Tentacruel|19/100 par|[from] Stealth Rock
|
|-heal|p2a: Tentacruel|25/100 par|[from] item: Black Sludge
|upkeep
|turn|19
|
|t:|1603898127
|cant|p2a: Tentacruel|par
|move|p1a: OgresHaveLayers|Dragon Tail|p2a: Tentacruel
|-damage|p2a: Tentacruel|8/100 par
|drag|p2a: Noivern|Noivern, M|65/100
|
|upkeep
|turn|20
|c| pokemonisfun '-'|are we losing
|c| pokemonisfun '-'|son
|c|☆Ramolost|yes
|inactive|Boost Swoosh has 120 seconds left.
|
|t:|1603898155
|move|p2a: Noivern|Hurricane|p1a: OgresHaveLayers
|-damage|p1a: OgresHaveLayers|0 fnt
|faint|p1a: OgresHaveLayers
|
|upkeep
|inactive|Boost Swoosh has 120 seconds left.
|
|t:|1603898171
|switch|p1a: Slade|Bisharp, M|100/100
|turn|21
|
|t:|1603898175
|switch|p2a: Tentacruel|Tentacruel, F, shiny|8/100 par
|-damage|p2a: Tentacruel|0 fnt|[from] Stealth Rock
|faint|p2a: Tentacruel
|move|p1a: Slade|Knock Off|p2: Tentacruel|[notarget]
|-fail|p1a: Slade
|
|upkeep
|
|t:|1603898177
|switch|p2a: Thwackey|Thwackey, M, shiny|100/100
|-damage|p2a: Thwackey|88/100|[from] Stealth Rock
|-fieldstart|move: Grassy Terrain|[from] ability: Grassy Surge|[of] p2a: Thwackey
|turn|22
|
|t:|1603898181
|switch|p1a: birb|Talonflame, M|75/100
|move|p2a: Thwackey|Drain Punch|p1a: birb
|-resisted|p1a: birb
|-damage|p1a: birb|61/100
|-heal|p2a: Thwackey|96/100|[from] drain|[of] p1a: birb
|
|-heal|p2a: Thwackey|100/100|[from] Grassy Terrain
|upkeep
|turn|23
|
|t:|1603898199
|switch|p2a: Reuniclus|Reuniclus, M|100/100
|-enditem|p2a: Reuniclus|Grassy Seed
|-boost|p2a: Reuniclus|def|1|[from] item: Grassy Seed
|move|p1a: birb|Roost|p1a: birb
|-heal|p1a: birb|100/100
|-singleturn|p1a: birb|move: Roost
|
|upkeep
|turn|24
|
|t:|1603898207
|switch|p1a: OnionsHaveLayers|Celebi, shiny|44/100
|move|p2a: Reuniclus|Calm Mind|p2a: Reuniclus
|-boost|p2a: Reuniclus|spa|1
|-boost|p2a: Reuniclus|spd|1
|
|-heal|p1a: OnionsHaveLayers|50/100|[from] Grassy Terrain
|upkeep
|turn|25
|
|t:|1603898214
|move|p1a: OnionsHaveLayers|Nasty Plot|p1a: OnionsHaveLayers
|-boost|p1a: OnionsHaveLayers|spa|2
|move|p2a: Reuniclus|Psyshock|p1a: OnionsHaveLayers
|-resisted|p1a: OnionsHaveLayers
|-damage|p1a: OnionsHaveLayers|23/100
|
|-heal|p1a: OnionsHaveLayers|29/100|[from] Grassy Terrain
|upkeep
|turn|26
|
|t:|1603898218
|move|p1a: OnionsHaveLayers|Giga Drain|p2a: Reuniclus
|-damage|p2a: Reuniclus|45/100
|-heal|p1a: OnionsHaveLayers|64/100|[from] drain|[of] p2a: Reuniclus
|-damage|p1a: OnionsHaveLayers|54/100|[from] item: Life Orb
|move|p2a: Reuniclus|Calm Mind|p2a: Reuniclus
|-boost|p2a: Reuniclus|spa|1
|-boost|p2a: Reuniclus|spd|1
|
|-heal|p1a: OnionsHaveLayers|60/100|[from] Grassy Terrain
|-heal|p2a: Reuniclus|51/100|[from] Grassy Terrain
|-fieldend|move: Grassy Terrain
|upkeep
|turn|27
|
|t:|1603898225
|move|p1a: OnionsHaveLayers|Nasty Plot|p1a: OnionsHaveLayers
|-boost|p1a: OnionsHaveLayers|spa|2
|move|p2a: Reuniclus|Recover|p2a: Reuniclus
|-heal|p2a: Reuniclus|100/100
|
|upkeep
|turn|28
|
|t:|1603898227
|move|p1a: OnionsHaveLayers|Nasty Plot|p1a: OnionsHaveLayers
|-boost|p1a: OnionsHaveLayers|spa|2
|move|p2a: Reuniclus|Calm Mind|p2a: Reuniclus
|-boost|p2a: Reuniclus|spa|1
|-boost|p2a: Reuniclus|spd|1
|
|upkeep
|turn|29
|
|t:|1603898229
|move|p1a: OnionsHaveLayers|Giga Drain|p2a: Reuniclus
|-damage|p2a: Reuniclus|50/100
|-heal|p1a: OnionsHaveLayers|91/100|[from] drain|[of] p2a: Reuniclus
|-damage|p1a: OnionsHaveLayers|81/100|[from] item: Life Orb
|move|p2a: Reuniclus|Calm Mind|p2a: Reuniclus
|-boost|p2a: Reuniclus|spa|1
|-boost|p2a: Reuniclus|spd|1
|
|upkeep
|turn|30
|
|t:|1603898234
|move|p1a: OnionsHaveLayers|Giga Drain|p2a: Reuniclus
|-damage|p2a: Reuniclus|5/100
|-heal|p1a: OnionsHaveLayers|100/100|[from] drain|[of] p2a: Reuniclus
|-damage|p1a: OnionsHaveLayers|91/100|[from] item: Life Orb
|move|p2a: Reuniclus|Recover|p2a: Reuniclus
|-heal|p2a: Reuniclus|55/100
|
|upkeep
|turn|31
|
|t:|1603898238
|move|p1a: OnionsHaveLayers|Giga Drain|p2a: Reuniclus
|-damage|p2a: Reuniclus|12/100
|-heal|p1a: OnionsHaveLayers|100/100|[from] drain|[of] p2a: Reuniclus
|-damage|p1a: OnionsHaveLayers|91/100|[from] item: Life Orb
|move|p2a: Reuniclus|Recover|p2a: Reuniclus
|-heal|p2a: Reuniclus|62/100
|
|upkeep
|turn|32
|
|t:|1603898241
|move|p1a: OnionsHaveLayers|Giga Drain|p2a: Reuniclus
|-damage|p2a: Reuniclus|19/100
|-heal|p1a: OnionsHaveLayers|100/100|[from] drain|[of] p2a: Reuniclus
|-damage|p1a: OnionsHaveLayers|91/100|[from] item: Life Orb
|move|p2a: Reuniclus|Recover|p2a: Reuniclus
|-heal|p2a: Reuniclus|69/100
|
|upkeep
|turn|33
|
|t:|1603898243
|move|p1a: OnionsHaveLayers|Giga Drain|p2a: Reuniclus
|-damage|p2a: Reuniclus|26/100
|-heal|p1a: OnionsHaveLayers|100/100|[from] drain|[of] p2a: Reuniclus
|-damage|p1a: OnionsHaveLayers|91/100|[from] item: Life Orb
|move|p2a: Reuniclus|Recover|p2a: Reuniclus
|-heal|p2a: Reuniclus|76/100
|
|upkeep
|turn|34
|
|t:|1603898246
|move|p1a: OnionsHaveLayers|Giga Drain|p2a: Reuniclus
|-damage|p2a: Reuniclus|32/100
|-heal|p1a: OnionsHaveLayers|100/100|[from] drain|[of] p2a: Reuniclus
|-damage|p1a: OnionsHaveLayers|91/100|[from] item: Life Orb
|move|p2a: Reuniclus|Recover|p2a: Reuniclus
|-heal|p2a: Reuniclus|82/100
|
|upkeep
|turn|35
|
|t:|1603898249
|move|p1a: OnionsHaveLayers|Giga Drain|p2a: Reuniclus
|-damage|p2a: Reuniclus|35/100
|-heal|p1a: OnionsHaveLayers|100/100|[from] drain|[of] p2a: Reuniclus
|-damage|p1a: OnionsHaveLayers|91/100|[from] item: Life Orb
|move|p2a: Reuniclus|Calm Mind|p2a: Reuniclus
|-boost|p2a: Reuniclus|spa|1
|-boost|p2a: Reuniclus|spd|1
|
|upkeep
|turn|36
|
|t:|1603898252
|move|p1a: OnionsHaveLayers|Giga Drain|p2a: Reuniclus
|-damage|p2a: Reuniclus|0 fnt
|-heal|p1a: OnionsHaveLayers|100/100|[from] drain|[of] p2a: Reuniclus
|-damage|p1a: OnionsHaveLayers|91/100|[from] item: Life Orb
|faint|p2a: Reuniclus
|
|upkeep
|c|☆Ramolost|wow
|c|☆Ramolost|i threw
|c|☆Ramolost|!
|-message|Ramolost forfeited.
|
|win|Boost Swoosh
|l|☆Ramolost
