|j|☆Mandibb
|j|☆bioche80
|t:|1610197464
|player|p1|Mandibb|lusamine-nihilego|1347
|player|p2|bioche80|palmer|1239
|teamsize|p1|6
|teamsize|p2|6
|gametype|singles
|gen|8
|tier|[Gen 8] UU
|rated|
|clearpoke
|poke|p1|Scolipede, F|
|poke|p1|Crawdaunt, F|
|poke|p1|Latias, F|
|poke|p1|Lycanroc-Dusk, M|
|poke|p1|Volcanion|
|poke|p1|Scizor, F|
|poke|p2|Scizor, F|
|poke|p2|Slowbro-Galar, M|
|poke|p2|Mamoswine, M|
|poke|p2|Kommo-o, M|
|poke|p2|Amoonguss, M|
|poke|p2|Zeraora|
|rule|Sleep Clause Mod: Limit one foe put to sleep
|rule|Species Clause: Limit one of each Pokémon
|rule|OHKO Clause: OHKO moves are banned
|rule|Evasion Moves Clause: Evasion moves are banned
|rule|Endless Battle Clause: Forcing endless battles is banned
|rule|HP Percentage Mod: HP is shown in percentages
|rule|Dynamax Clause: You cannot dynamax
|teampreview
|c|☆Mandibb|Glhf
|inactive|Battle timer is ON: inactive players will automatically lose when time's up. (requested by Mandibb)
|c|☆bioche80|good luck
|
|t:|1610197487
|start
|switch|p1a: Lycanroc|Lycanroc-Dusk, M|100/100
|switch|p2a: Kommo-o|Kommo-o, M|100/100
|turn|1
|
|t:|1610197495
|move|p1a: Lycanroc|Stealth Rock|p2a: Kommo-o
|-sidestart|p2: bioche80|move: Stealth Rock
|move|p2a: Kommo-o|Toxic|p1a: Lycanroc
|-status|p1a: Lycanroc|tox
|
|-damage|p1a: Lycanroc|94/100 tox|[from] psn
|upkeep
|turn|2
|
|t:|1610197516
|move|p1a: Lycanroc|Close Combat|p2a: Kommo-o
|-damage|p2a: Kommo-o|69/100
|-unboost|p1a: Lycanroc|def|1
|-unboost|p1a: Lycanroc|spd|1
|move|p2a: Kommo-o|Body Press|p1a: Lycanroc
|-supereffective|p1a: Lycanroc
|-damage|p1a: Lycanroc|0 fnt
|faint|p1a: Lycanroc
|
|-heal|p2a: Kommo-o|75/100|[from] item: Leftovers
|upkeep
|
|t:|1610197526
|switch|p1a: Scizor|Scizor, F|100/100
|turn|3
|
|t:|1610197530
|move|p2a: Kommo-o|Flamethrower|p1a: Scizor
|-supereffective|p1a: Scizor
|-damage|p1a: Scizor|9/100
|move|p1a: Scizor|Knock Off|p2a: Kommo-o
|-resisted|p2a: Kommo-o
|-damage|p2a: Kommo-o|66/100
|-enditem|p2a: Kommo-o|Leftovers|[from] move: Knock Off|[of] p1a: Scizor
|
|-heal|p1a: Scizor|15/100|[from] item: Leftovers
|upkeep
|turn|4
|
|t:|1610197541
|switch|p1a: Latias|Latias, F|100/100
|move|p2a: Kommo-o|Body Press|p1a: Latias
|-resisted|p1a: Latias
|-damage|p1a: Latias|84/100
|
|-heal|p1a: Latias|90/100|[from] item: Leftovers
|upkeep
|turn|5
|
|t:|1610197553
|switch|p2a: Scizor|Scizor, F|100/100
|-damage|p2a: Scizor|88/100|[from] Stealth Rock
|move|p1a: Latias|Psyshock|p2a: Scizor
|-resisted|p2a: Scizor
|-damage|p2a: Scizor|73/100
|
|-heal|p1a: Latias|96/100|[from] item: Leftovers
|upkeep
|turn|6
|
|t:|1610197564
|switch|p1a: Volcanion|Volcanion|100/100
|switch|p2a: Zeraora|Zeraora|100/100
|
|upkeep
|turn|7
|
|t:|1610197578
|switch|p1a: Latias|Latias, F|96/100
|move|p2a: Zeraora|Plasma Fists|p1a: Latias
|-resisted|p1a: Latias
|-damage|p1a: Latias|77/100
|-fieldactivate|move: Ion Deluge
|
|-heal|p1a: Latias|83/100|[from] item: Leftovers
|upkeep
|turn|8
|
|t:|1610197587
|move|p2a: Zeraora|Volt Switch|p1a: Latias
|-resisted|p1a: Latias
|-damage|p1a: Latias|75/100
|
|t:|1610197595
|switch|p2a: Scizor|Scizor, F|73/100|[from]move: Volt Switch
|-damage|p2a: Scizor|61/100|[from] Stealth Rock
|move|p1a: Latias|Draco Meteor|p2a: Scizor
|-resisted|p2a: Scizor
|-damage|p2a: Scizor|29/100
|-unboost|p1a: Latias|spa|2
|
|-heal|p1a: Latias|81/100|[from] item: Leftovers
|upkeep
|turn|9
|
|t:|1610197609
|switch|p1a: Volcanion|Volcanion|100/100
|move|p2a: Scizor|Defog|p1a: Volcanion
|-unboost|p1a: Volcanion|evasion|1
|-sideend|p2: bioche80|Stealth Rock|[from] move: Defog|[of] p2a: Scizor
|
|upkeep
|turn|10
|
|t:|1610197622
|switch|p2a: un amour|Slowbro-Galar, M, shiny|100/100
|move|p1a: Volcanion|Steam Eruption|p2a: un amour
|-damage|p2a: un amour|66/100
|
|upkeep
|turn|11
|c|☆Mandibb|Tiens tiens un mangeur de baguettes
|c|☆bioche80|et ouai
|
|t:|1610197649
|switch|p1a: Scizor|Scizor, F|15/100
|move|p2a: un amour|Future Sight|p1a: Scizor
|-start|p2a: un amour|move: Future Sight
|
|-heal|p1a: Scizor|21/100|[from] item: Leftovers
|upkeep
|turn|12
|
|t:|1610197656
|switch|p2a: Amoonguss|Amoonguss, M|100/100
|move|p1a: Scizor|Roost|p1a: Scizor
|-heal|p1a: Scizor|71/100
|-singleturn|p1a: Scizor|move: Roost
|
|-heal|p1a: Scizor|77/100|[from] item: Leftovers
|upkeep
|turn|13
|
|t:|1610197665
|move|p1a: Scizor|Knock Off|p2a: Amoonguss
|-damage|p2a: Amoonguss|78/100
|-damage|p1a: Scizor|60/100|[from] item: Rocky Helmet|[of] p2a: Amoonguss
|-enditem|p2a: Amoonguss|Rocky Helmet|[from] move: Knock Off|[of] p1a: Scizor
|move|p2a: Amoonguss|Spore|p1a: Scizor
|-status|p1a: Scizor|slp|[from] move: Spore
|
|-end|p1a: Scizor|move: Future Sight
|-resisted|p1a: Scizor
|-damage|p1a: Scizor|33/100 slp
|-heal|p1a: Scizor|39/100 slp|[from] item: Leftovers
|upkeep
|turn|14
|
|t:|1610197677
|switch|p2a: Zeraora|Zeraora|100/100
|cant|p1a: Scizor|slp
|
|-heal|p1a: Scizor|46/100 slp|[from] item: Leftovers
|upkeep
|turn|15
|
|t:|1610197687
|move|p2a: Zeraora|Plasma Fists|p1a: Scizor
|-damage|p1a: Scizor|11/100 slp
|-fieldactivate|move: Ion Deluge
|-curestatus|p1a: Scizor|slp|[msg]
|move|p1a: Scizor|Roost|p1a: Scizor
|-heal|p1a: Scizor|61/100
|-singleturn|p1a: Scizor|move: Roost
|
|-heal|p1a: Scizor|67/100|[from] item: Leftovers
|upkeep
|turn|16
|
|t:|1610197696
|move|p2a: Zeraora|Bulk Up|p2a: Zeraora
|-boost|p2a: Zeraora|atk|1
|-boost|p2a: Zeraora|def|1
|move|p1a: Scizor|Roost|p1a: Scizor
|-heal|p1a: Scizor|100/100
|-singleturn|p1a: Scizor|move: Roost
|
|upkeep
|turn|17
|
|t:|1610197702
|move|p2a: Zeraora|Bulk Up|p2a: Zeraora
|-boost|p2a: Zeraora|atk|1
|-boost|p2a: Zeraora|def|1
|move|p1a: Scizor|Knock Off|p2a: Zeraora
|-damage|p2a: Zeraora|82/100
|-enditem|p2a: Zeraora|Heavy-Duty Boots|[from] move: Knock Off|[of] p1a: Scizor
|
|upkeep
|turn|18
|
|t:|1610197714
|move|p2a: Zeraora|Plasma Fists|p1a: Scizor
|-damage|p1a: Scizor|25/100
|-fieldactivate|move: Ion Deluge
|move|p1a: Scizor|U-turn|p2a: Zeraora
|-damage|p2a: Zeraora|63/100
|
|t:|1610197718
|switch|p1a: Latias|Latias, F|81/100|[from]move: U-turn
|
|-heal|p1a: Latias|87/100|[from] item: Leftovers
|upkeep
|turn|19
|
|t:|1610197725
|move|p2a: Zeraora|Plasma Fists|p1a: Latias
|-resisted|p1a: Latias
|-damage|p1a: Latias|44/100
|-fieldactivate|move: Ion Deluge
|move|p1a: Latias|Draco Meteor|p2a: Zeraora
|-damage|p2a: Zeraora|0 fnt
|-unboost|p1a: Latias|spa|2
|faint|p2a: Zeraora
|
|-heal|p1a: Latias|50/100|[from] item: Leftovers
|upkeep
|
|t:|1610197743
|switch|p2a: Mamoswine|Mamoswine, M|100/100
|turn|20
|
|t:|1610197756
|switch|p1a: Scizor|Scizor, F|25/100
|move|p2a: Mamoswine|Icicle Crash|p1a: Scizor
|-resisted|p1a: Scizor
|-damage|p1a: Scizor|4/100
|-damage|p2a: Mamoswine|91/100|[from] item: Life Orb
|
|-heal|p1a: Scizor|10/100|[from] item: Leftovers
|upkeep
|turn|21
|
|t:|1610197765
|move|p2a: Mamoswine|Ice Shard|p1a: Scizor
|-resisted|p1a: Scizor
|-crit|p1a: Scizor
|-damage|p1a: Scizor|0 fnt
|-damage|p2a: Mamoswine|81/100|[from] item: Life Orb
|faint|p1a: Scizor
|
|upkeep
|
|t:|1610197770
|switch|p1a: Crawdaunt|Crawdaunt, F|100/100
|turn|22
|
|t:|1610197776
|switch|p2a: Amoonguss|Amoonguss, M|100/100
|move|p1a: Crawdaunt|Knock Off|p2a: Amoonguss
|-damage|p2a: Amoonguss|57/100
|-damage|p1a: Crawdaunt|90/100|[from] item: Life Orb
|
|upkeep
|turn|23
|
|t:|1610197787
|switch|p1a: Latias|Latias, F|50/100
|move|p2a: Amoonguss|Spore|p1a: Latias
|-status|p1a: Latias|slp|[from] move: Spore
|
|-heal|p1a: Latias|56/100 slp|[from] item: Leftovers
|upkeep
|turn|24
|
|t:|1610197795
|cant|p1a: Latias|slp
|move|p2a: Amoonguss|Foul Play|p1a: Latias
|-supereffective|p1a: Latias
|-damage|p1a: Latias|34/100 slp
|
|-heal|p1a: Latias|40/100 slp|[from] item: Leftovers
|upkeep
|turn|25
|
|t:|1610197807
|switch|p2a: Scizor|Scizor, F|29/100
|cant|p1a: Latias|slp
|
|-heal|p1a: Latias|46/100 slp|[from] item: Leftovers
|upkeep
|turn|26
|
|t:|1610197813
|-curestatus|p1a: Latias|slp|[msg]
|move|p1a: Latias|Draco Meteor|p2a: Scizor
|-resisted|p2a: Scizor
|-damage|p2a: Scizor|0 fnt
|-unboost|p1a: Latias|spa|2
|faint|p2a: Scizor
|
|-heal|p1a: Latias|52/100|[from] item: Leftovers
|upkeep
|
|t:|1610197827
|switch|p2a: Mamoswine|Mamoswine, M|81/100
|turn|27
|
|t:|1610197838
|switch|p1a: Volcanion|Volcanion|100/100
|move|p2a: Mamoswine|Icicle Crash|p1a: Volcanion
|-resisted|p1a: Volcanion
|-damage|p1a: Volcanion|90/100
|-damage|p2a: Mamoswine|71/100|[from] item: Life Orb
|
|-heal|p1a: Volcanion|96/100|[from] item: Leftovers
|upkeep
|turn|28
|
|t:|1610197848
|move|p2a: Mamoswine|Earthquake|p1a: Volcanion
|-supereffective|p1a: Volcanion
|-damage|p1a: Volcanion|0 fnt
|-damage|p2a: Mamoswine|61/100|[from] item: Life Orb
|faint|p1a: Volcanion
|
|upkeep
|
|t:|1610197853
|switch|p1a: Crawdaunt|Crawdaunt, F|90/100
|turn|29
|
|t:|1610197863
|move|p2a: Mamoswine|Body Press|p1a: Crawdaunt
|-supereffective|p1a: Crawdaunt
|-damage|p1a: Crawdaunt|44/100
|-damage|p2a: Mamoswine|51/100|[from] item: Life Orb
|move|p1a: Crawdaunt|Knock Off|p2a: Mamoswine
|-damage|p2a: Mamoswine|0 fnt
|-enditem|p2a: Mamoswine|Life Orb|[from] move: Knock Off|[of] p1a: Crawdaunt
|-damage|p1a: Crawdaunt|34/100|[from] item: Life Orb
|faint|p2a: Mamoswine
|
|upkeep
|
|t:|1610197875
|switch|p2a: Kommo-o|Kommo-o, M|66/100
|turn|30
|
|t:|1610197883
|move|p2a: Kommo-o|Stealth Rock|p1a: Crawdaunt
|-sidestart|p1: Mandibb|move: Stealth Rock
|move|p1a: Crawdaunt|Crabhammer|p2a: Kommo-o
|-resisted|p2a: Kommo-o
|-damage|p2a: Kommo-o|38/100
|-damage|p1a: Crawdaunt|24/100|[from] item: Life Orb
|
|upkeep
|turn|31
|
|t:|1610197890
|move|p2a: Kommo-o|Body Press|p1a: Crawdaunt
|-supereffective|p1a: Crawdaunt
|-damage|p1a: Crawdaunt|0 fnt
|faint|p1a: Crawdaunt
|
|upkeep
|
|t:|1610197892
|switch|p1a: Latias|Latias, F|52/100
|-damage|p1a: Latias|40/100|[from] Stealth Rock
|turn|32
|
|t:|1610197913
|move|p1a: Latias|Psyshock|p2a: Kommo-o
|-supereffective|p2a: Kommo-o
|-damage|p2a: Kommo-o|0 fnt
|faint|p2a: Kommo-o
|
|-heal|p1a: Latias|46/100|[from] item: Leftovers
|upkeep
|
|t:|1610197919
|switch|p2a: Amoonguss|Amoonguss, M|90/100
|turn|33
|
|t:|1610197924
|move|p1a: Latias|Recover|p1a: Latias
|-heal|p1a: Latias|96/100
|move|p2a: Amoonguss|Spore|p1a: Latias
|-status|p1a: Latias|slp|[from] move: Spore
|
|-heal|p1a: Latias|100/100 slp|[from] item: Leftovers
|upkeep
|turn|34
|
|t:|1610197933
|switch|p2a: un amour|Slowbro-Galar, M, shiny|99/100
|cant|p1a: Latias|slp
|
|upkeep
|turn|35
|
|t:|1610197941
|cant|p1a: Latias|slp
|move|p2a: un amour|Shell Side Arm|p1a: Latias
|-damage|p1a: Latias|77/100 slp
|-hint|Special Shell Side Arm
|
|-heal|p1a: Latias|83/100 slp|[from] item: Leftovers
|upkeep
|turn|36
|
|t:|1610197948
|-curestatus|p1a: Latias|slp|[msg]
|move|p1a: Latias|Defog|p2a: un amour
|-unboost|p2a: un amour|evasion|1
|-sideend|p1: Mandibb|Stealth Rock|[from] move: Defog|[of] p1a: Latias
|move|p2a: un amour|Future Sight|p1a: Latias
|-start|p2a: un amour|move: Future Sight
|
|-heal|p1a: Latias|90/100|[from] item: Leftovers
|upkeep
|turn|37
|
|t:|1610197958
|move|p1a: Latias|Psyshock|p2a: un amour
|-damage|p2a: un amour|68/100
|move|p2a: un amour|Shell Side Arm|p1a: Latias
|-damage|p1a: Latias|65/100
|-hint|Special Shell Side Arm
|
|-heal|p1a: Latias|71/100|[from] item: Leftovers
|upkeep
|turn|38
|
|t:|1610197968
|move|p1a: Latias|Psyshock|p2a: un amour
|-damage|p2a: un amour|40/100
|move|p2a: un amour|Shell Side Arm|p1a: Latias
|-damage|p1a: Latias|44/100
|-hint|Special Shell Side Arm
|
|-end|p1a: Latias|move: Future Sight
|-resisted|p1a: Latias
|-damage|p1a: Latias|28/100
|-heal|p1a: Latias|34/100|[from] item: Leftovers
|upkeep
|turn|39
|
|t:|1610197982
|switch|p2a: Amoonguss|Amoonguss, M|100/100
|move|p1a: Latias|Recover|p1a: Latias
|-heal|p1a: Latias|84/100
|
|-heal|p1a: Latias|90/100|[from] item: Leftovers
|upkeep
|turn|40
|
|t:|1610197989
|move|p1a: Latias|Psyshock|p2a: Amoonguss
|-supereffective|p2a: Amoonguss
|-damage|p2a: Amoonguss|49/100
|move|p2a: Amoonguss|Spore|p1a: Latias
|-status|p1a: Latias|slp|[from] move: Spore
|
|-heal|p1a: Latias|96/100 slp|[from] item: Leftovers
|upkeep
|turn|41
|
|t:|1610197997
|switch|p1a: Scolipede|Scolipede, F, shiny|100/100
|switch|p2a: un amour|Slowbro-Galar, M, shiny|73/100
|
|upkeep
|turn|42
|
|t:|1610198005
|move|p1a: Scolipede|Swords Dance|p1a: Scolipede
|-boost|p1a: Scolipede|atk|2
|move|p2a: un amour|Psyshock|p1a: Scolipede
|-supereffective|p1a: Scolipede
|-damage|p1a: Scolipede|30/100
|
|-ability|p1a: Scolipede|Speed Boost|boost
|-boost|p1a: Scolipede|spe|1
|upkeep
|turn|43
|
|t:|1610198013
|switch|p2a: Amoonguss|Amoonguss, M|82/100
|move|p1a: Scolipede|Earthquake|p2a: Amoonguss
|-damage|p2a: Amoonguss|21/100
|-damage|p1a: Scolipede|20/100|[from] item: Life Orb
|
|-ability|p1a: Scolipede|Speed Boost|boost
|-boost|p1a: Scolipede|spe|1
|upkeep
|turn|44
|
|t:|1610198022
|move|p1a: Scolipede|Earthquake|p2a: Amoonguss
|-damage|p2a: Amoonguss|0 fnt
|-damage|p1a: Scolipede|10/100|[from] item: Life Orb
|faint|p2a: Amoonguss
|
|-ability|p1a: Scolipede|Speed Boost|boost
|-boost|p1a: Scolipede|spe|1
|upkeep
|
|t:|1610198029
|switch|p2a: un amour|Slowbro-Galar, M, shiny|100/100
|turn|45
|
|t:|1610198032
|move|p1a: Scolipede|Earthquake|p2a: un amour
|-supereffective|p2a: un amour
|-damage|p2a: un amour|0 fnt
|-damage|p1a: Scolipede|0 fnt|[from] item: Life Orb
|faint|p2a: un amour
|faint|p1a: Scolipede
|
|win|Mandibb
|l|☆Mandibb
|raw|Mandibb's rating: 1347 &rarr; <strong>1361</strong><br />(+14 for winning)
|raw|bioche80's rating: 1240 &rarr; <strong>1222</strong><br />(-18 for losing)
|c|☆bioche80|gg
