|raw|<div class="broadcast-blue"><strong>This battle is required to be public due to a player having a name starting with 'UULT82n'.</div>
|j|☆big baz
|j|☆UULT82n Monke
|t:|1622145355
|gametype|singles
|player|p1|big baz|ltsurge|1533
|player|p2|UULT82n Monke|veteran|1604
|teamsize|p1|6
|teamsize|p2|6
|gen|8
|tier|[Gen 8] UU
|rated|
|rule|Sleep Clause Mod: Limit one foe put to sleep
|rule|Species Clause: Limit one of each Pokémon
|rule|OHKO Clause: OHKO moves are banned
|rule|Evasion Moves Clause: Evasion moves are banned
|rule|Endless Battle Clause: Forcing endless battles is banned
|rule|HP Percentage Mod: HP is shown in percentages
|rule|Dynamax Clause: You cannot dynamax
|clearpoke
|poke|p1|Tyrantrum, M|
|poke|p1|Ribombee, F|
|poke|p1|Obstagoon, F|
|poke|p1|Hatterene, F|
|poke|p1|Volcanion|
|poke|p1|Zygarde-10%|
|poke|p2|Ribombee, F|
|poke|p2|Necrozma|
|poke|p2|Diggersby, F|
|poke|p2|Aegislash, M|
|poke|p2|Thundurus-Therian, M|
|poke|p2|Azelf|
|teampreview
|j| itsjustdrew☆
|j| 100% Shing
|
|t:|1622145365
|start
|switch|p1a: Ribombee|Ribombee, F|100/100
|switch|p2a: Ribombee|Ribombee, F|100/100
|turn|1
|inactive|Battle timer is ON: inactive players will automatically lose when time's up. (requested by UULT82n Monke)
|
|t:|1622145369
|switch|p1a: Hatterene|Hatterene, F|100/100
|move|p2a: Ribombee|Moonblast|p1a: Hatterene
|-damage|p1a: Hatterene|60/100
|-unboost|p1a: Hatterene|spa|1
|
|-heal|p1a: Hatterene|66/100|[from] item: Leftovers
|upkeep
|turn|2
|
|t:|1622145376
|move|p2a: Ribombee|Moonblast|p1a: Hatterene
|-damage|p1a: Hatterene|20/100
|move|p1a: Hatterene|Calm Mind|p1a: Hatterene
|-boost|p1a: Hatterene|spa|1
|-boost|p1a: Hatterene|spd|1
|
|-heal|p1a: Hatterene|26/100|[from] item: Leftovers
|upkeep
|turn|3
|j| Gaaris
|
|t:|1622145381
|switch|p1a: Volcanion|Volcanion|100/100
|move|p2a: Ribombee|Moonblast|p1a: Volcanion
|-resisted|p1a: Volcanion
|-damage|p1a: Volcanion|76/100
|-unboost|p1a: Volcanion|spa|1
|
|-heal|p1a: Volcanion|82/100|[from] item: Leftovers
|upkeep
|turn|4
|
|t:|1622145387
|move|p2a: Ribombee|Sticky Web|p1a: Volcanion
|-sidestart|p1: big baz|move: Sticky Web
|move|p1a: Volcanion|Flamethrower|p2a: Ribombee
|-supereffective|p2a: Ribombee
|-enditem|p2a: Ribombee|Focus Sash
|-damage|p2a: Ribombee|1/100
|
|-heal|p1a: Volcanion|88/100|[from] item: Leftovers
|upkeep
|turn|5
|
|t:|1622145392
|move|p2a: Ribombee|Energy Ball|p1a: Volcanion
|-damage|p1a: Volcanion|59/100
|move|p1a: Volcanion|Substitute|p1a: Volcanion
|-start|p1a: Volcanion|Substitute
|-damage|p1a: Volcanion|34/100
|
|-heal|p1a: Volcanion|40/100|[from] item: Leftovers
|upkeep
|turn|6
|
|t:|1622145396
|move|p2a: Ribombee|Energy Ball|p1a: Volcanion
|-end|p1a: Volcanion|Substitute
|move|p1a: Volcanion|Flamethrower|p2a: Ribombee
|-supereffective|p2a: Ribombee
|-damage|p2a: Ribombee|0 fnt
|faint|p2a: Ribombee
|
|-heal|p1a: Volcanion|46/100|[from] item: Leftovers
|upkeep
|
|t:|1622145403
|switch|p2a: Necrozma|Necrozma|100/100
|turn|7
|
|t:|1622145408
|switch|p1a: Obstagoon|Obstagoon, F|100/100
|-activate|p1a: Obstagoon|move: Sticky Web
|-unboost|p1a: Obstagoon|spe|1
|-ability|p1a: Obstagoon|Defiant
|-boost|p1a: Obstagoon|atk|2
|move|p2a: Necrozma|Meteor Beam||[still]
|-prepare|p2a: Necrozma|Meteor Beam
|-boost|p2a: Necrozma|spa|1
|-enditem|p2a: Necrozma|Power Herb
|-anim|p2a: Necrozma|Meteor Beam|p1a: Obstagoon
|-damage|p1a: Obstagoon|22/100
|
|upkeep
|turn|8
|
|t:|1622145412
|move|p1a: Obstagoon|Knock Off|p2a: Necrozma
|-supereffective|p2a: Necrozma
|-damage|p2a: Necrozma|26/100
|move|p2a: Necrozma|Heat Wave|p1a: Obstagoon
|-damage|p1a: Obstagoon|0 fnt
|faint|p1a: Obstagoon
|
|upkeep
|
|t:|1622145433
|switch|p1a: Zygarde|Zygarde-10%|100/100
|-activate|p1a: Zygarde|move: Sticky Web
|-unboost|p1a: Zygarde|spe|1
|-ability|p1a: Zygarde|Aura Break
|turn|9
|
|t:|1622145435
|move|p1a: Zygarde|Extreme Speed|p2a: Necrozma
|-damage|p2a: Necrozma|0 fnt
|faint|p2a: Necrozma
|
|upkeep
|
|t:|1622145447
|switch|p2a: Diggersby|Diggersby, F|100/100
|turn|10
|j| Lord Gigalith
|
|t:|1622145451
|switch|p1a: Hatterene|Hatterene, F|26/100
|-activate|p1a: Hatterene|move: Sticky Web
|-unboost|p1a: Hatterene|spe|1
|move|p2a: Diggersby|Earthquake|p1a: Hatterene
|-damage|p1a: Hatterene|0 fnt
|faint|p1a: Hatterene
|
|upkeep
|
|t:|1622145454
|switch|p1a: Ribombee|Ribombee, F|100/100
|-activate|p1a: Ribombee|move: Sticky Web
|-unboost|p1a: Ribombee|spe|1
|turn|11
|
|t:|1622145459
|move|p2a: Diggersby|Quick Attack|p1a: Ribombee
|-damage|p1a: Ribombee|34/100
|move|p1a: Ribombee|Stun Spore|p2a: Diggersby|[miss]
|-miss|p1a: Ribombee|p2a: Diggersby
|
|upkeep
|turn|12
|-message|big baz forfeited.
|
|win|UULT82n Monke
|raw|big baz's rating: 1533 &rarr; <strong>1517</strong><br />(-16 for losing)
|raw|UULT82n Monke's rating: 1604 &rarr; <strong>1620</strong><br />(+16 for winning)
|l|☆big baz
|l|☆UULT82n Monke
|l| itsjustdrew☆
||Ladder isn't responding, score probably updated but might not have (Request timeout).
|l| 100% Shing
