|j|☆Valiant Hearts
|j|☆Mustardman'sreturn
|t:|1622049543
|gametype|singles
|player|p1|Valiant Hearts|psychic-gen3|1555
|player|p2|Mustardman'sreturn|lucas|1679
|teamsize|p1|6
|teamsize|p2|6
|gen|8
|tier|[Gen 8] UU
|rated|
|rule|Sleep Clause Mod: Limit one foe put to sleep
|rule|Species Clause: Limit one of each Pokémon
|rule|OHKO Clause: OHKO moves are banned
|rule|Evasion Moves Clause: Evasion moves are banned
|rule|Endless Battle Clause: Forcing endless battles is banned
|rule|HP Percentage Mod: HP is shown in percentages
|rule|Dynamax Clause: You cannot dynamax
|clearpoke
|poke|p1|Thundurus, M|
|poke|p1|Sylveon, M|
|poke|p1|Seismitoad, M|
|poke|p1|Roserade, F|
|poke|p1|Moltres-Galar|
|poke|p1|Jirachi|
|poke|p2|Mamoswine, F|
|poke|p2|Chansey, F|
|poke|p2|Primarina, M|
|poke|p2|Amoonguss, F|
|poke|p2|Salamence, M|
|poke|p2|Zarude|
|teampreview
|
|t:|1622049559
|start
|switch|p1a: Roserade|Roserade, F|100/100
|switch|p2a: Mamoswine|Mamoswine, F|100/100
|turn|1
|
|t:|1622049568
|move|p2a: Mamoswine|Ice Shard|p1a: Roserade
|-supereffective|p1a: Roserade
|-damage|p1a: Roserade|2/100
|move|p1a: Roserade|Sleep Powder|p2a: Mamoswine
|-status|p2a: Mamoswine|slp|[from] move: Sleep Powder
|
|-heal|p1a: Roserade|9/100|[from] item: Black Sludge
|upkeep
|turn|2
|
|t:|1622049577
|switch|p2a: Zarude|Zarude|100/100
|move|p1a: Roserade|Synthesis|p1a: Roserade
|-heal|p1a: Roserade|59/100
|
|-heal|p1a: Roserade|65/100|[from] item: Black Sludge
|upkeep
|turn|3
|
|t:|1622049588
|move|p2a: Zarude|Darkest Lariat|p1a: Roserade
|-damage|p1a: Roserade|6/100
|move|p1a: Roserade|Synthesis|p1a: Roserade
|-heal|p1a: Roserade|56/100
|
|-heal|p1a: Roserade|63/100|[from] item: Black Sludge
|upkeep
|turn|4
|
|t:|1622049602
|move|p2a: Zarude|U-turn|p1a: Roserade
|-damage|p1a: Roserade|29/100
|
|t:|1622049604
|switch|p2a: Chansey|Chansey, F|100/100|[from]move: U-turn
|move|p1a: Roserade|Synthesis|p1a: Roserade
|-heal|p1a: Roserade|79/100
|
|-heal|p1a: Roserade|85/100|[from] item: Black Sludge
|upkeep
|turn|5
|
|t:|1622049607
|move|p1a: Roserade|Spikes|p2a: Chansey
|-sidestart|p2: Mustardman'sreturn|Spikes
|move|p2a: Chansey|Stealth Rock|p1a: Roserade
|-sidestart|p1: Valiant Hearts|move: Stealth Rock
|
|-heal|p1a: Roserade|91/100|[from] item: Black Sludge
|upkeep
|turn|6
|
|t:|1622049610
|switch|p2a: Salamence|Salamence, M|100/100
|-ability|p2a: Salamence|Intimidate|boost
|-unboost|p1a: Roserade|atk|1
|move|p1a: Roserade|Spikes|p2a: Salamence
|-sidestart|p2: Mustardman'sreturn|Spikes
|
|-heal|p1a: Roserade|97/100|[from] item: Black Sludge
|upkeep
|turn|7
|
|t:|1622049614
|switch|p1a: Seismitoad|Seismitoad, M|100/100
|-damage|p1a: Seismitoad|94/100|[from] Stealth Rock
|move|p2a: Salamence|Dual Wingbeat|p1a: Seismitoad
|-damage|p1a: Seismitoad|83/100
|-damage|p1a: Seismitoad|71/100
|-hitcount|p1a: Seismitoad|2
|
|-heal|p1a: Seismitoad|77/100|[from] item: Leftovers
|upkeep
|turn|8
|
|t:|1622049618
|move|p2a: Salamence|Dual Wingbeat|p1a: Seismitoad
|-damage|p1a: Seismitoad|64/100
|-damage|p1a: Seismitoad|51/100
|-hitcount|p1a: Seismitoad|2
|move|p1a: Seismitoad|Toxic|p2a: Salamence
|-status|p2a: Salamence|tox
|
|-heal|p1a: Seismitoad|57/100|[from] item: Leftovers
|-damage|p2a: Salamence|94/100 tox|[from] psn
|upkeep
|turn|9
|
|t:|1622049625
|switch|p2a: Zarude|Zarude|100/100
|move|p1a: Seismitoad|Stealth Rock|p2a: Zarude
|-sidestart|p2: Mustardman'sreturn|move: Stealth Rock
|
|-heal|p1a: Seismitoad|63/100|[from] item: Leftovers
|upkeep
|turn|10
|
|t:|1622049631
|switch|p1a: Moltres|Moltres-Galar|100/100
|move|p2a: Zarude|Power Whip|p1a: Moltres
|-resisted|p1a: Moltres
|-damage|p1a: Moltres|69/100
|
|upkeep
|turn|11
|
|t:|1622049639
|move|p2a: Zarude|U-turn|p1a: Moltres
|-damage|p1a: Moltres|46/100
|-ability|p1a: Moltres|Berserk|boost
|-boost|p1a: Moltres|spa|1
|
|t:|1622049641
|switch|p2a: Primarina|Primarina, M|100/100|[from]move: U-turn
|move|p1a: Moltres|Rest|p1a: Moltres
|-status|p1a: Moltres|slp|[from] move: Rest
|-heal|p1a: Moltres|100/100 slp|[silent]
|
|upkeep
|turn|12
|
|t:|1622049649
|switch|p2a: Zarude|Zarude|100/100
|cant|p1a: Moltres|slp
|move|p1a: Moltres|Sleep Talk|p1a: Moltres
|move|p1a: Moltres|Fiery Wrath|p2a: Zarude|[from]move: Sleep Talk
|-resisted|p2a: Zarude
|-damage|p2a: Zarude|72/100
|
|upkeep
|turn|13
|
|t:|1622049654
|move|p2a: Zarude|U-turn|p1a: Moltres
|-damage|p1a: Moltres|79/100 slp
|
|t:|1622049656
|switch|p2a: Primarina|Primarina, M|100/100|[from]move: U-turn
|cant|p1a: Moltres|slp
|move|p1a: Moltres|Sleep Talk|p1a: Moltres
|move|p1a: Moltres|Fiery Wrath|p2a: Primarina|[from]move: Sleep Talk
|-resisted|p2a: Primarina
|-damage|p2a: Primarina|82/100
|
|upkeep
|turn|14
|
|t:|1622049659
|switch|p1a: Roserade|Roserade, F|97/100
|-damage|p1a: Roserade|85/100|[from] Stealth Rock
|move|p2a: Primarina|Moonblast|p1a: Roserade
|-resisted|p1a: Roserade
|-damage|p1a: Roserade|65/100
|
|-heal|p1a: Roserade|71/100|[from] item: Black Sludge
|upkeep
|turn|15
|
|t:|1622049668
|switch|p1a: Thundurus|Thundurus, M|100/100
|switch|p2a: Amoonguss|Amoonguss, F|100/100
|-damage|p2a: Amoonguss|88/100|[from] Stealth Rock
|-damage|p2a: Amoonguss|71/100|[from] Spikes
|
|upkeep
|turn|16
|
|t:|1622049673
|move|p1a: Thundurus|U-turn|p2a: Amoonguss
|-damage|p2a: Amoonguss|59/100
|-damage|p1a: Thundurus|84/100|[from] item: Rocky Helmet|[of] p2a: Amoonguss
|
|t:|1622049675
|switch|p1a: Moltres|Moltres-Galar|79/100 slp|[from]move: U-turn
|move|p2a: Amoonguss|Spore|p1a: Moltres
|-fail|p1a: Moltres|slp
|
|upkeep
|turn|17
|
|t:|1622049678
|switch|p2a: Primarina|Primarina, M|82/100
|-curestatus|p1a: Moltres|slp|[msg]
|move|p1a: Moltres|Sleep Talk||[still]
|-fail|p1a: Moltres
|
|upkeep
|turn|18
|
|t:|1622049687
|switch|p1a: Roserade|Roserade, F|71/100
|-damage|p1a: Roserade|59/100|[from] Stealth Rock
|move|p2a: Primarina|Moonblast|p1a: Roserade
|-resisted|p1a: Roserade
|-damage|p1a: Roserade|38/100
|
|-heal|p1a: Roserade|44/100|[from] item: Black Sludge
|upkeep
|turn|19
|
|t:|1622049693
|switch|p2a: Amoonguss|Amoonguss, F|92/100
|-damage|p2a: Amoonguss|80/100|[from] Stealth Rock
|-damage|p2a: Amoonguss|63/100|[from] Spikes
|move|p1a: Roserade|Synthesis|p1a: Roserade
|-heal|p1a: Roserade|94/100
|
|-heal|p1a: Roserade|99/100|[from] item: Black Sludge
|upkeep
|turn|20
|
|t:|1622049696
|move|p1a: Roserade|Spikes|p2a: Amoonguss
|-sidestart|p2: Mustardman'sreturn|Spikes
|move|p2a: Amoonguss|Sludge Bomb|p1a: Roserade
|-damage|p1a: Roserade|71/100
|
|-heal|p1a: Roserade|77/100|[from] item: Black Sludge
|upkeep
|turn|21
|
|t:|1622049700
|switch|p1a: Moltres|Moltres-Galar|79/100
|move|p2a: Amoonguss|Sludge Bomb|p1a: Moltres
|-crit|p1a: Moltres
|-damage|p1a: Moltres|45/100
|-ability|p1a: Moltres|Berserk|boost
|-boost|p1a: Moltres|spa|1
|
|upkeep
|turn|22
|
|t:|1622049704
|switch|p2a: Primarina|Primarina, M|82/100
|move|p1a: Moltres|Rest|p1a: Moltres
|-status|p1a: Moltres|slp|[from] move: Rest
|-heal|p1a: Moltres|100/100 slp|[silent]
|
|upkeep
|turn|23
|
|t:|1622049712
|switch|p1a: Sylveon|Sylveon, M|100/100
|move|p2a: Primarina|Moonblast|p1a: Sylveon
|-damage|p1a: Sylveon|75/100
|
|upkeep
|turn|24
|
|t:|1622049716
|switch|p2a: Chansey|Chansey, F|100/100
|-damage|p2a: Chansey|76/100|[from] Spikes
|-damage|p2a: Chansey|63/100|[from] Stealth Rock
|move|p1a: Sylveon|Wish|p1a: Sylveon
|
|upkeep
|turn|25
|j| use zygod
|
|t:|1622049725
|switch|p1a: Seismitoad|Seismitoad, M|63/100
|-damage|p1a: Seismitoad|57/100|[from] Stealth Rock
|move|p2a: Chansey|Soft-Boiled|p2a: Chansey
|-heal|p2a: Chansey|100/100
|
|-heal|p1a: Seismitoad|100/100|[from] move: Wish|[wisher] Sylveon
|upkeep
|turn|26
|
|t:|1622049735
|switch|p1a: Roserade|Roserade, F|77/100
|-damage|p1a: Roserade|64/100|[from] Stealth Rock
|switch|p2a: Amoonguss|Amoonguss, F|96/100
|-damage|p2a: Amoonguss|71/100|[from] Spikes
|-damage|p2a: Amoonguss|59/100|[from] Stealth Rock
|
|-heal|p1a: Roserade|71/100|[from] item: Black Sludge
|upkeep
|turn|27
|
|t:|1622049740
|switch|p1a: Moltres|Moltres-Galar|100/100 slp
|move|p2a: Amoonguss|Synthesis|p2a: Amoonguss
|-heal|p2a: Amoonguss|100/100
|
|upkeep
|turn|28
|
|t:|1622049745
|switch|p2a: Primarina|Primarina, M|82/100
|cant|p1a: Moltres|slp
|move|p1a: Moltres|Sleep Talk|p1a: Moltres
|move|p1a: Moltres|Fiery Wrath|p2a: Primarina|[from]move: Sleep Talk
|-resisted|p2a: Primarina
|-damage|p2a: Primarina|70/100
|
|upkeep
|turn|29
|
|t:|1622049752
|switch|p1a: Sylveon|Sylveon, M|75/100
|move|p2a: Primarina|Scald|p1a: Sylveon
|-damage|p1a: Sylveon|50/100
|-status|p1a: Sylveon|brn
|
|-damage|p1a: Sylveon|44/100 brn|[from] brn
|upkeep
|turn|30
|
|t:|1622049755
|move|p1a: Sylveon|Wish|p1a: Sylveon
|move|p2a: Primarina|Moonblast|p1a: Sylveon
|-damage|p1a: Sylveon|14/100 brn
|-unboost|p1a: Sylveon|spa|1
|
|-damage|p1a: Sylveon|8/100 brn|[from] brn
|upkeep
|turn|31
|
|t:|1622049762
|switch|p2a: Zarude|Zarude|72/100
|move|p1a: Sylveon|Heal Bell|p1a: Sylveon
|-activate|p1a: Sylveon|move: Heal Bell
|-curestatus|p1a: Sylveon|brn|[msg]
|-curestatus|p1: Moltres|slp|[msg]
|
|-heal|p1a: Sylveon|58/100|[from] move: Wish|[wisher] Sylveon
|upkeep
|turn|32
|
|t:|1622049768
|move|p2a: Zarude|U-turn|p1a: Sylveon
|-resisted|p1a: Sylveon
|-damage|p1a: Sylveon|48/100
|
|t:|1622049770
|switch|p2a: Amoonguss|Amoonguss, F|100/100|[from]move: U-turn
|-damage|p2a: Amoonguss|75/100|[from] Spikes
|-damage|p2a: Amoonguss|63/100|[from] Stealth Rock
|move|p1a: Sylveon|Wish|p1a: Sylveon
|
|upkeep
|turn|33
|
|t:|1622049774
|move|p1a: Sylveon|Protect|p1a: Sylveon
|-singleturn|p1a: Sylveon|Protect
|move|p2a: Amoonguss|Sludge Bomb|p1a: Sylveon
|-activate|p1a: Sylveon|move: Protect
|
|-heal|p1a: Sylveon|98/100|[from] move: Wish|[wisher] Sylveon
|upkeep
|turn|34
|
|t:|1622049776
|switch|p1a: Moltres|Moltres-Galar|100/100
|move|p2a: Amoonguss|Sludge Bomb|p1a: Moltres
|-damage|p1a: Moltres|79/100
|
|upkeep
|turn|35
|
|t:|1622049785
|switch|p1a: Thundurus|Thundurus, M|84/100
|switch|p2a: Primarina|Primarina, M|70/100
|
|upkeep
|turn|36
|
|t:|1622049788
|move|p1a: Thundurus|Knock Off|p2a: Primarina
|-resisted|p2a: Primarina
|-damage|p2a: Primarina|58/100
|-enditem|p2a: Primarina|Heavy-Duty Boots|[from] move: Knock Off|[of] p1a: Thundurus
|move|p2a: Primarina|Scald|p1a: Thundurus
|-damage|p1a: Thundurus|31/100
|
|upkeep
|turn|37
|
|t:|1622049793
|move|p1a: Thundurus|Psychic|p2a: Primarina
|-damage|p2a: Primarina|38/100
|-unboost|p2a: Primarina|spd|1
|move|p2a: Primarina|Scald|p1a: Thundurus
|-damage|p1a: Thundurus|0 fnt
|faint|p1a: Thundurus
|
|upkeep
|
|t:|1622049799
|switch|p1a: Jirachi|Jirachi|100/100
|-damage|p1a: Jirachi|94/100|[from] Stealth Rock
|turn|38
|
|t:|1622049803
|switch|p2a: Salamence|Salamence, M|94/100 tox
|-ability|p2a: Salamence|Intimidate|boost
|-unboost|p1a: Jirachi|atk|1
|move|p1a: Jirachi|Iron Head|p2a: Salamence
|-damage|p2a: Salamence|76/100 tox
|
|-damage|p2a: Salamence|70/100 tox|[from] psn
|upkeep
|turn|39
|
|t:|1622049812
|move|p1a: Jirachi|Iron Head|p2a: Salamence
|-damage|p2a: Salamence|53/100 tox
|cant|p2a: Salamence|flinch
|
|-damage|p2a: Salamence|40/100 tox|[from] psn
|upkeep
|turn|40
|
|t:|1622049815
|move|p1a: Jirachi|Iron Head|p2a: Salamence
|-damage|p2a: Salamence|24/100 tox
|cant|p2a: Salamence|flinch
|
|-damage|p2a: Salamence|6/100 tox|[from] psn
|upkeep
|turn|41
|
|t:|1622049818
|switch|p2a: Amoonguss|Amoonguss, F|96/100
|-damage|p2a: Amoonguss|84/100|[from] Stealth Rock
|-damage|p2a: Amoonguss|59/100|[from] Spikes
|move|p1a: Jirachi|Iron Head|p2a: Amoonguss
|-crit|p2a: Amoonguss
|-damage|p2a: Amoonguss|22/100
|-damage|p1a: Jirachi|78/100|[from] item: Rocky Helmet|[of] p2a: Amoonguss
|
|upkeep
|turn|42
|
|t:|1622049830
|switch|p1a: Moltres|Moltres-Galar|79/100
|switch|p2a: Zarude|Zarude|72/100
|
|upkeep
|turn|43
|
|t:|1622049838
|move|p2a: Zarude|U-turn|p1a: Moltres
|-damage|p1a: Moltres|57/100
|
|t:|1622049842
|switch|p2a: Chansey|Chansey, F|100/100|[from]move: U-turn
|-damage|p2a: Chansey|76/100|[from] Spikes
|-damage|p2a: Chansey|63/100|[from] Stealth Rock
|move|p1a: Moltres|Nasty Plot|p1a: Moltres
|-boost|p1a: Moltres|spa|2
|
|upkeep
|turn|44
|
|t:|1622049847
|move|p1a: Moltres|Nasty Plot|p1a: Moltres
|-boost|p1a: Moltres|spa|2
|move|p2a: Chansey|Thunder Wave|p1a: Moltres
|-status|p1a: Moltres|par
|
|upkeep
|turn|45
|
|t:|1622049851
|switch|p2a: Primarina|Primarina, M|38/100
|-damage|p2a: Primarina|13/100|[from] Spikes
|-damage|p2a: Primarina|0 fnt|[from] Stealth Rock
|faint|p2a: Primarina
|move|p1a: Moltres|Rest|p1a: Moltres
|-status|p1a: Moltres|slp|[from] move: Rest
|-heal|p1a: Moltres|100/100 slp|[silent]
|
|upkeep
|
|t:|1622049853
|switch|p2a: Salamence|Salamence, M|6/100 tox
|-ability|p2a: Salamence|Intimidate|boost
|-unboost|p1a: Moltres|atk|1
|turn|46
|
|t:|1622049857
|cant|p1a: Moltres|slp
|move|p1a: Moltres|Sleep Talk|p1a: Moltres
|move|p1a: Moltres|Rest||[from]move: Sleep Talk|[still]
|-fail|p1a: Moltres
|move|p2a: Salamence|Defog|p1a: Moltres
|-unboost|p1a: Moltres|evasion|1
|-sideend|p1: Valiant Hearts|Stealth Rock|[from] move: Defog|[of] p2a: Salamence
|-sideend|p2: Mustardman'sreturn|Spikes|[from] move: Defog|[of] p2a: Salamence
|-sideend|p2: Mustardman'sreturn|Stealth Rock|[from] move: Defog|[of] p2a: Salamence
|
|-damage|p2a: Salamence|0 fnt|[from] psn
|faint|p2a: Salamence
|upkeep
|
|t:|1622049858
|switch|p2a: Mamoswine|Mamoswine, F|100/100 slp
|turn|47
|
|t:|1622049864
|cant|p1a: Moltres|slp
|move|p1a: Moltres|Sleep Talk|p1a: Moltres
|move|p1a: Moltres|Nasty Plot|p1a: Moltres|[from]move: Sleep Talk
|-boost|p1a: Moltres|spa|2
|cant|p2a: Mamoswine|slp
|
|upkeep
|turn|48
|
|t:|1622049870
|-curestatus|p1a: Moltres|slp|[msg]
|move|p1a: Moltres|Fiery Wrath|p2a: Mamoswine
|-damage|p2a: Mamoswine|0 fnt
|faint|p2a: Mamoswine
|
|upkeep
|-message|Mustardman'sreturn forfeited.
|
|win|Valiant Hearts
|l|☆Mustardman'sreturn
|raw|Valiant Hearts's rating: 1556 &rarr; <strong>1583</strong><br />(+27 for winning)
|raw|Mustardman&apos;sreturn's rating: 1679 &rarr; <strong>1652</strong><br />(-27 for losing)
||Ladder isn't responding, score probably updated but might not have (Request timeout).
