|j|☆UULT91w udon
|j|☆UULT91w HaxxLR
|t:|1651710933
|gametype|singles
|player|p1|UULT91w udon|dawn|
|player|p2|UULT91w HaxxLR|grimsley|
|teamsize|p1|6
|teamsize|p2|6
|gen|8
|tier|[Gen 8] UU
|rated|Tournament battle
|rule|Sleep Clause Mod: Limit one foe put to sleep
|rule|Species Clause: Limit one of each Pokémon
|rule|OHKO Clause: OHKO moves are banned
|rule|Evasion Moves Clause: Evasion moves are banned
|rule|Endless Battle Clause: Forcing endless battles is banned
|rule|HP Percentage Mod: HP is shown in percentages
|rule|Dynamax Clause: You cannot dynamax
|clearpoke
|poke|p1|Hydreigon, M|
|poke|p1|Cobalion|
|poke|p1|Azumarill, F|
|poke|p1|Tangrowth, M|
|poke|p1|Moltres|
|poke|p1|Aegislash, M|
|poke|p2|Scizor, M|
|poke|p2|Hydreigon, F|
|poke|p2|Thundurus-Therian, M|
|poke|p2|Starmie|
|poke|p2|Hippowdon, F|
|poke|p2|Amoonguss, M|
|teampreview
|
|t:|1651711035
|start
|switch|p1a: Hydreigon|Hydreigon, M|100/100
|switch|p2a: Hippowdon|Hippowdon, F|100/100
|-weather|Sandstorm|[from] ability: Sand Stream|[of] p2a: Hippowdon
|turn|1
|
|t:|1651711053
|move|p1a: Hydreigon|Dark Pulse|p2a: Hippowdon
|-damage|p2a: Hippowdon|48/100
|move|p2a: Hippowdon|Slack Off|p2a: Hippowdon
|-heal|p2a: Hippowdon|98/100
|
|-weather|Sandstorm|[upkeep]
|-damage|p1a: Hydreigon|95/100|[from] Sandstorm
|-heal|p2a: Hippowdon|100/100|[from] item: Leftovers
|upkeep
|turn|2
|
|t:|1651711088
|switch|p2a: Hydreigon|Hydreigon, F|100/100
|move|p1a: Hydreigon|Dark Pulse|p2a: Hydreigon
|-resisted|p2a: Hydreigon
|-damage|p2a: Hydreigon|64/100
|
|-weather|Sandstorm|[upkeep]
|-damage|p2a: Hydreigon|57/100|[from] Sandstorm
|-damage|p1a: Hydreigon|89/100|[from] Sandstorm
|upkeep
|turn|3
|
|t:|1651711099
|switch|p1a: Cobalion|Cobalion|100/100
|move|p2a: Hydreigon|U-turn|p1a: Cobalion
|-resisted|p1a: Cobalion
|-damage|p1a: Cobalion|97/100
|-damage|p2a: Hydreigon|41/100|[from] item: Rocky Helmet|[of] p1a: Cobalion
|
|t:|1651711139
|switch|p2a: Thundurus|Thundurus-Therian, M|100/100|[from]move: U-turn
|
|-weather|Sandstorm|[upkeep]
|-damage|p2a: Thundurus|94/100|[from] Sandstorm
|upkeep
|turn|4
|
|t:|1651711153
|switch|p1a: Tangrowth|Tangrowth, M|100/100
|move|p2a: Thundurus|Focus Blast|p1a: Tangrowth
|-damage|p1a: Tangrowth|73/100
|
|-weather|Sandstorm|[upkeep]
|-damage|p2a: Thundurus|88/100|[from] Sandstorm
|-damage|p1a: Tangrowth|67/100|[from] Sandstorm
|upkeep
|turn|5
|
|t:|1651711176
|move|p2a: Thundurus|Volt Switch|p1a: Tangrowth
|-resisted|p1a: Tangrowth
|-damage|p1a: Tangrowth|54/100
|
|t:|1651711179
|switch|p2a: Amoonguss|Amoonguss, M|100/100|[from]move: Volt Switch
|move|p1a: Tangrowth|Knock Off|p2a: Amoonguss
|-damage|p2a: Amoonguss|84/100
|-damage|p1a: Tangrowth|37/100|[from] item: Rocky Helmet|[of] p2a: Amoonguss
|-enditem|p2a: Amoonguss|Rocky Helmet|[from] move: Knock Off|[of] p1a: Tangrowth
|
|-weather|none
|upkeep
|turn|6
|inactive|Battle timer is ON: inactive players will automatically lose when time's up. (requested by UULT91w udon)
|
|t:|1651711221
|switch|p1a: Hydreigon|Hydreigon, M|89/100
|move|p2a: Amoonguss|Spore|p1a: Hydreigon
|-status|p1a: Hydreigon|slp|[from] move: Spore
|
|upkeep
|turn|7
|
|t:|1651711231
|switch|p2a: Hippowdon|Hippowdon, F|100/100
|-weather|Sandstorm|[from] ability: Sand Stream|[of] p2a: Hippowdon
|cant|p1a: Hydreigon|slp
|move|p1a: Hydreigon|Sleep Talk|p1a: Hydreigon
|move|p1a: Hydreigon|Dark Pulse|p2a: Hippowdon|[from]move: Sleep Talk
|-damage|p2a: Hippowdon|47/100
|
|-weather|Sandstorm|[upkeep]
|-damage|p1a: Hydreigon|83/100 slp|[from] Sandstorm
|-heal|p2a: Hippowdon|53/100|[from] item: Leftovers
|upkeep
|turn|8
|inactive|UULT91w HaxxLR has 120 seconds left.
|
|t:|1651711265
|switch|p1a: Azumarill|Azumarill, F|100/100
|switch|p2a: Hydreigon|Hydreigon, F|41/100
|
|-weather|Sandstorm|[upkeep]
|-damage|p2a: Hydreigon|35/100|[from] Sandstorm
|-damage|p1a: Azumarill|94/100|[from] Sandstorm
|upkeep
|turn|9
|
|t:|1651711272
|move|p2a: Hydreigon|U-turn|p1a: Azumarill
|-resisted|p1a: Azumarill
|-damage|p1a: Azumarill|87/100
|
|t:|1651711277
|switch|p2a: Amoonguss|Amoonguss, M|100/100|[from]move: U-turn
|move|p1a: Azumarill|Liquidation|p2a: Amoonguss
|-resisted|p2a: Amoonguss
|-damage|p2a: Amoonguss|69/100
|
|-weather|Sandstorm|[upkeep]
|-damage|p1a: Azumarill|81/100|[from] Sandstorm
|-damage|p2a: Amoonguss|63/100|[from] Sandstorm
|upkeep
|turn|10
|inactive|UULT91w HaxxLR has 120 seconds left.
|
|t:|1651711297
|switch|p1a: Moltres|Moltres|100/100
|switch|p2a: Starmie|Starmie|100/100
|
|-weather|Sandstorm|[upkeep]
|-damage|p2a: Starmie|94/100|[from] Sandstorm
|-damage|p1a: Moltres|94/100|[from] Sandstorm
|upkeep
|turn|11
|j| suloxiv ♫
|inactive|UULT91w HaxxLR has 120 seconds left.
|
|t:|1651711334
|switch|p1a: Tangrowth|Tangrowth, M|70/100
|move|p2a: Starmie|Ice Beam|p1a: Tangrowth
|-supereffective|p1a: Tangrowth
|-damage|p1a: Tangrowth|16/100
|-damage|p2a: Starmie|84/100|[from] item: Life Orb
|
|-weather|none
|upkeep
|turn|12
|
|t:|1651711347
|switch|p1a: Aegislash|Aegislash, M|100/100
|move|p2a: Starmie|Hydro Pump|p1a: Aegislash
|-damage|p1a: Aegislash|34/100
|-damage|p2a: Starmie|74/100|[from] item: Life Orb
|
|upkeep
|turn|13
|
|t:|1651711359
|switch|p2a: Amoonguss|Amoonguss, M|96/100
|-formechange|p1a: Aegislash|Aegislash-Blade||[from] ability: Stance Change
|move|p1a: Aegislash|Shadow Sneak|p2a: Amoonguss
|-damage|p2a: Amoonguss|79/100
|-damage|p1a: Aegislash|24/100|[from] item: Life Orb
|
|upkeep
|turn|14
|inactive|UULT91w HaxxLR has 90 seconds left.
|j| PilarMan
|inactive|UULT91w HaxxLR has 60 seconds left.
|
|t:|1651711406
|switch|p1a: Moltres|Moltres|94/100
|switch|p2a: Starmie|Starmie|74/100
|
|upkeep
|turn|15
|inactive|UULT91w HaxxLR has 60 seconds left.
|inactive|UULT91w udon has 120 seconds left.
|
|t:|1651711437
|switch|p1a: Aegislash|Aegislash, M|24/100
|move|p2a: Starmie|Hydro Pump|p1a: Aegislash|[miss]
|-miss|p2a: Starmie|p1a: Aegislash
|
|upkeep
|turn|16
|
|t:|1651711445
|switch|p2a: Amoonguss|Amoonguss, M|100/100
|-formechange|p1a: Aegislash|Aegislash-Blade||[from] ability: Stance Change
|move|p1a: Aegislash|Shadow Ball|p2a: Amoonguss
|-damage|p2a: Amoonguss|41/100
|-unboost|p2a: Amoonguss|spd|1
|-damage|p1a: Aegislash|14/100|[from] item: Life Orb
|
|upkeep
|turn|17
|inactive|UULT91w HaxxLR has 60 seconds left.
|
|t:|1651711463
|switch|p2a: Hydreigon|Hydreigon, F|35/100
|move|p1a: Aegislash|Flash Cannon|p2a: Hydreigon
|-damage|p2a: Hydreigon|0 fnt
|faint|p2a: Hydreigon
|-damage|p1a: Aegislash|4/100|[from] item: Life Orb
|
|upkeep
|
|t:|1651711477
|switch|p2a: Thundurus|Thundurus-Therian, M|88/100
|turn|18
|j| hariyana grande
|
|t:|1651711482
|move|p1a: Aegislash|Shadow Sneak|p2a: Thundurus
|-damage|p2a: Thundurus|50/100
|-damage|p1a: Aegislash|0 fnt|[from] item: Life Orb
|faint|p1a: Aegislash
|move|p2a: Thundurus|Volt Switch|p1: Aegislash|[notarget]
|-fail|p2a: Thundurus
|
|upkeep
|
|t:|1651711501
|switch|p1a: Azumarill|Azumarill, F|81/100
|turn|19
|inactive|UULT91w HaxxLR has 60 seconds left.
|
|t:|1651711527
|switch|p2a: Amoonguss|Amoonguss, M|75/100
|move|p1a: Azumarill|Aqua Jet|p2a: Amoonguss
|-resisted|p2a: Amoonguss
|-crit|p2a: Amoonguss
|-damage|p2a: Amoonguss|53/100
|
|upkeep
|turn|20
|
|t:|1651711543
|switch|p1a: Cobalion|Cobalion|97/100
|switch|p2a: Starmie|Starmie|74/100
|
|upkeep
|turn|21
|
|t:|1651711573
|switch|p2a: Thundurus|Thundurus-Therian, M|50/100
|move|p1a: Cobalion|Volt Switch|p2a: Thundurus
|-heal|p2a: Thundurus|75/100|[from] ability: Volt Absorb|[of] p1a: Cobalion
|
|upkeep
|turn|22
|
|t:|1651711581
|move|p1a: Cobalion|Stone Edge|p2a: Thundurus
|-supereffective|p2a: Thundurus
|-damage|p2a: Thundurus|0 fnt
|faint|p2a: Thundurus
|
|upkeep
|
|t:|1651711586
|switch|p2a: Hippowdon|Hippowdon, F|53/100
|-weather|Sandstorm|[from] ability: Sand Stream|[of] p2a: Hippowdon
|turn|23
|inactive|UULT91w HaxxLR has 30 seconds left.
|l| hariyana grande
|inactive|UULT91w HaxxLR has 20 seconds left.
|inactive|UULT91w HaxxLR has 15 seconds left.
|inactive|UULT91w HaxxLR has 10 seconds left.
|
|t:|1651711629
|switch|p1a: Moltres|Moltres|94/100
|move|p2a: Hippowdon|Slack Off|p2a: Hippowdon
|-heal|p2a: Hippowdon|100/100
|
|-weather|Sandstorm|[upkeep]
|-damage|p1a: Moltres|88/100|[from] Sandstorm
|upkeep
|turn|24
|inactive|UULT91w HaxxLR has 20 seconds left this turn.
|inactive|UULT91w HaxxLR has 15 seconds left.
|inactive|UULT91w HaxxLR has 10 seconds left.
|
|t:|1651711643
|move|p1a: Moltres|Hurricane|p2a: Hippowdon|[miss]
|-miss|p1a: Moltres|p2a: Hippowdon
|move|p2a: Hippowdon|Toxic|p1a: Moltres
|-status|p1a: Moltres|tox
|
|-weather|Sandstorm|[upkeep]
|-damage|p1a: Moltres|82/100 tox|[from] Sandstorm
|-damage|p1a: Moltres|76/100 tox|[from] psn
|upkeep
|turn|25
|inactive|UULT91w HaxxLR has 20 seconds left this turn.
|inactive|UULT91w HaxxLR has 15 seconds left.
|inactive|UULT91w udon has 120 seconds left.
|j|@avarice
|
|t:|1651711680
|move|p1a: Moltres|Hurricane|p2a: Hippowdon|[miss]
|-miss|p1a: Moltres|p2a: Hippowdon
|move|p2a: Hippowdon|Stealth Rock|p1a: Moltres
|-sidestart|p1: UULT91w udon|move: Stealth Rock
|
|-weather|Sandstorm|[upkeep]
|-damage|p1a: Moltres|70/100 tox|[from] Sandstorm
|-damage|p1a: Moltres|58/100 tox|[from] psn
|upkeep
|turn|26
|inactive|UULT91w HaxxLR has 25 seconds left this turn.
|inactive|UULT91w HaxxLR has 20 seconds left.
|inactive|UULT91w HaxxLR has 15 seconds left.
|
|t:|1651711692
|move|p1a: Moltres|Hurricane|p2a: Hippowdon|[miss]
|-miss|p1a: Moltres|p2a: Hippowdon
|move|p2a: Hippowdon|Earthquake|p1a: Moltres
|-immune|p1a: Moltres
|
|-weather|Sandstorm|[upkeep]
|-damage|p1a: Moltres|51/100 tox|[from] Sandstorm
|-damage|p1a: Moltres|33/100 tox|[from] psn
|upkeep
|turn|27
|inactive|UULT91w HaxxLR has 25 seconds left this turn.
|inactive|UULT91w HaxxLR has 20 seconds left.
|
|t:|1651711698
|move|p1a: Moltres|Hurricane|p2a: Hippowdon
|-damage|p2a: Hippowdon|50/100
|move|p2a: Hippowdon|Earthquake|p1a: Moltres
|-immune|p1a: Moltres
|
|-weather|none
|-heal|p2a: Hippowdon|56/100|[from] item: Leftovers
|-damage|p1a: Moltres|9/100 tox|[from] psn
|upkeep
|turn|28
|inactive|UULT91w HaxxLR has 30 seconds left this turn.
|
|t:|1651711706
|move|p1a: Moltres|Overheat|p2a: Hippowdon
|-damage|p2a: Hippowdon|3/100
|-unboost|p1a: Moltres|spa|2
|move|p2a: Hippowdon|Slack Off|p2a: Hippowdon
|-heal|p2a: Hippowdon|53/100
|
|-heal|p2a: Hippowdon|59/100|[from] item: Leftovers
|-damage|p1a: Moltres|0 fnt|[from] psn
|faint|p1a: Moltres
|upkeep
|inactive|UULT91w HaxxLR has 30 seconds left this turn.
|
|t:|1651711718
|switch|p1a: Hydreigon|Hydreigon, M|83/100 slp
|-damage|p1a: Hydreigon|70/100 slp|[from] Stealth Rock
|turn|29
|
|t:|1651711723
|switch|p2a: Scizor|Scizor, M|100/100
|cant|p1a: Hydreigon|slp
|
|upkeep
|turn|30
|inactive|UULT91w HaxxLR has 30 seconds left.
|
|t:|1651711743
|move|p2a: Scizor|Bullet Punch|p1a: Hydreigon
|-damage|p1a: Hydreigon|34/100 slp
|cant|p1a: Hydreigon|slp
|
|upkeep
|turn|31
|
|t:|1651711749
|switch|p1a: Cobalion|Cobalion|97/100
|-damage|p1a: Cobalion|94/100|[from] Stealth Rock
|move|p2a: Scizor|Bullet Punch|p1a: Cobalion
|-resisted|p1a: Cobalion
|-damage|p1a: Cobalion|79/100
|
|upkeep
|turn|32
|
|t:|1651711755
|move|p1a: Cobalion|Stealth Rock|p2a: Scizor
|-sidestart|p2: UULT91w HaxxLR|move: Stealth Rock
|move|p2a: Scizor|U-turn|p1a: Cobalion
|-resisted|p1a: Cobalion
|-damage|p1a: Cobalion|70/100
|
|t:|1651711761
|switch|p2a: Starmie|Starmie|74/100|[from]move: U-turn
|-damage|p2a: Starmie|62/100|[from] Stealth Rock
|
|upkeep
|turn|33
|
|t:|1651711766
|move|p2a: Starmie|Hydro Pump|p1a: Cobalion|[miss]
|-miss|p2a: Starmie|p1a: Cobalion
|move|p1a: Cobalion|Volt Switch|p2a: Starmie
|-supereffective|p2a: Starmie
|-damage|p2a: Starmie|25/100
|
|t:|1651711769
|switch|p1a: Azumarill|Azumarill, F|81/100|[from]move: Volt Switch
|-damage|p1a: Azumarill|69/100|[from] Stealth Rock
|
|upkeep
|turn|34
|inactive|UULT91w HaxxLR has 60 seconds left.
|
|t:|1651711775
|switch|p2a: Amoonguss|Amoonguss, M|86/100
|-damage|p2a: Amoonguss|74/100|[from] Stealth Rock
|move|p1a: Azumarill|Aqua Jet|p2a: Amoonguss
|-resisted|p2a: Amoonguss
|-damage|p2a: Amoonguss|61/100
|
|upkeep
|turn|35
|inactive|UULT91w HaxxLR has 60 seconds left.
|
|t:|1651711787
|switch|p1a: Cobalion|Cobalion|70/100
|-damage|p1a: Cobalion|67/100|[from] Stealth Rock
|switch|p2a: Starmie|Starmie|25/100
|-damage|p2a: Starmie|13/100|[from] Stealth Rock
|
|upkeep
|turn|36
|j| hariyana grande
|
|t:|1651711794
|move|p2a: Starmie|Recover|p2a: Starmie
|-heal|p2a: Starmie|63/100
|move|p1a: Cobalion|Volt Switch|p2a: Starmie
|-supereffective|p2a: Starmie
|-damage|p2a: Starmie|23/100
|
|t:|1651711798
|switch|p1a: Azumarill|Azumarill, F|69/100|[from]move: Volt Switch
|-damage|p1a: Azumarill|56/100|[from] Stealth Rock
|
|upkeep
|turn|37
|
|t:|1651711802
|switch|p2a: Amoonguss|Amoonguss, M|94/100
|-damage|p2a: Amoonguss|82/100|[from] Stealth Rock
|switch|p1a: Cobalion|Cobalion|67/100
|-damage|p1a: Cobalion|64/100|[from] Stealth Rock
|
|upkeep
|turn|38
|
|t:|1651711816
|switch|p2a: Hippowdon|Hippowdon, F|59/100
|-damage|p2a: Hippowdon|53/100|[from] Stealth Rock
|-weather|Sandstorm|[from] ability: Sand Stream|[of] p2a: Hippowdon
|move|p1a: Cobalion|Close Combat|p2a: Hippowdon
|-damage|p2a: Hippowdon|22/100
|-unboost|p1a: Cobalion|def|1
|-unboost|p1a: Cobalion|spd|1
|
|-weather|Sandstorm|[upkeep]
|-heal|p2a: Hippowdon|28/100|[from] item: Leftovers
|upkeep
|turn|39
|c| suloxiv ♫|hariyana grand failure
|c| hariyana grande|what sulo WHAT do u want
|c| suloxiv ♫|LOL
|
|t:|1651711835
|switch|p2a: Amoonguss|Amoonguss, M|100/100
|-damage|p2a: Amoonguss|88/100|[from] Stealth Rock
|move|p1a: Cobalion|Close Combat|p2a: Amoonguss
|-resisted|p2a: Amoonguss
|-damage|p2a: Amoonguss|71/100
|-unboost|p1a: Cobalion|def|1
|-unboost|p1a: Cobalion|spd|1
|
|-weather|Sandstorm|[upkeep]
|-damage|p2a: Amoonguss|65/100|[from] Sandstorm
|upkeep
|turn|40
|
|t:|1651711850
|switch|p2a: Scizor|Scizor, M|100/100
|-damage|p2a: Scizor|88/100|[from] Stealth Rock
|move|p1a: Cobalion|Volt Switch|p2a: Scizor
|-damage|p2a: Scizor|71/100
|
|t:|1651711856
|switch|p1a: Azumarill|Azumarill, F|56/100|[from]move: Volt Switch
|-damage|p1a: Azumarill|44/100|[from] Stealth Rock
|
|-weather|Sandstorm|[upkeep]
|-damage|p1a: Azumarill|38/100|[from] Sandstorm
|upkeep
|turn|41
|
|t:|1651711865
|switch|p2a: Amoonguss|Amoonguss, M|98/100
|-damage|p2a: Amoonguss|86/100|[from] Stealth Rock
|move|p1a: Azumarill|Liquidation|p2a: Amoonguss
|-resisted|p2a: Amoonguss
|-damage|p2a: Amoonguss|56/100
|
|-weather|Sandstorm|[upkeep]
|-damage|p1a: Azumarill|32/100|[from] Sandstorm
|-damage|p2a: Amoonguss|50/100|[from] Sandstorm
|upkeep
|turn|42
|
|t:|1651711882
|switch|p1a: Cobalion|Cobalion|64/100
|-damage|p1a: Cobalion|61/100|[from] Stealth Rock
|move|p2a: Amoonguss|Giga Drain|p1a: Cobalion
|-resisted|p1a: Cobalion
|-damage|p1a: Cobalion|47/100
|-heal|p2a: Amoonguss|55/100|[from] drain|[of] p1a: Cobalion
|
|-weather|none
|upkeep
|turn|43
|j| mncmt
|
|t:|1651711896
|switch|p2a: Hippowdon|Hippowdon, F|28/100
|-damage|p2a: Hippowdon|22/100|[from] Stealth Rock
|-weather|Sandstorm|[from] ability: Sand Stream|[of] p2a: Hippowdon
|move|p1a: Cobalion|Stone Edge|p2a: Hippowdon|[miss]
|-miss|p1a: Cobalion|p2a: Hippowdon
|
|-weather|Sandstorm|[upkeep]
|-heal|p2a: Hippowdon|28/100|[from] item: Leftovers
|upkeep
|turn|44
|
|t:|1651711908
|move|p1a: Cobalion|Close Combat|p2a: Hippowdon
|-crit|p2a: Hippowdon
|-damage|p2a: Hippowdon|0 fnt
|-unboost|p1a: Cobalion|def|1
|-unboost|p1a: Cobalion|spd|1
|faint|p2a: Hippowdon
|
|-weather|Sandstorm|[upkeep]
|upkeep
|
|t:|1651711915
|switch|p2a: Starmie|Starmie|23/100
|-damage|p2a: Starmie|10/100|[from] Stealth Rock
|turn|45
|
|t:|1651711925
|move|p2a: Starmie|Recover|p2a: Starmie
|-heal|p2a: Starmie|61/100
|move|p1a: Cobalion|Volt Switch|p2a: Starmie
|-supereffective|p2a: Starmie
|-damage|p2a: Starmie|19/100
|
|t:|1651711935
|switch|p1a: Azumarill|Azumarill, F|32/100|[from]move: Volt Switch
|-damage|p1a: Azumarill|20/100|[from] Stealth Rock
|
|-weather|Sandstorm|[upkeep]
|-damage|p2a: Starmie|13/100|[from] Sandstorm
|-damage|p1a: Azumarill|14/100|[from] Sandstorm
|upkeep
|turn|46
|
|t:|1651711950
|switch|p2a: Amoonguss|Amoonguss, M|88/100
|-damage|p2a: Amoonguss|76/100|[from] Stealth Rock
|move|p1a: Azumarill|Knock Off|p2a: Amoonguss
|-damage|p2a: Amoonguss|43/100
|
|-weather|Sandstorm|[upkeep]
|-damage|p1a: Azumarill|8/100|[from] Sandstorm
|-damage|p2a: Amoonguss|37/100|[from] Sandstorm
|upkeep
|turn|47
|
|t:|1651711964
|move|p1a: Azumarill|Knock Off|p2a: Amoonguss
|-damage|p2a: Amoonguss|7/100
|move|p2a: Amoonguss|Giga Drain|p1a: Azumarill
|-supereffective|p1a: Azumarill
|-damage|p1a: Azumarill|0 fnt
|-heal|p2a: Amoonguss|11/100|[from] drain|[of] p1a: Azumarill
|faint|p1a: Azumarill
|
|-weather|none
|upkeep
|
|t:|1651711968
|switch|p1a: Cobalion|Cobalion|47/100
|-damage|p1a: Cobalion|44/100|[from] Stealth Rock
|turn|48
|
|t:|1651711975
|switch|p2a: Starmie|Starmie|13/100
|-damage|p2a: Starmie|1/100|[from] Stealth Rock
|move|p1a: Cobalion|Volt Switch|p2a: Starmie
|-supereffective|p2a: Starmie
|-damage|p2a: Starmie|0 fnt
|faint|p2a: Starmie
|
|t:|1651711980
|switch|p1a: Tangrowth|Tangrowth, M|49/100|[from]move: Volt Switch
|-damage|p1a: Tangrowth|36/100|[from] Stealth Rock
|
|upkeep
|
|t:|1651711983
|switch|p2a: Scizor|Scizor, M|71/100
|-damage|p2a: Scizor|58/100|[from] Stealth Rock
|turn|49
|
|t:|1651711989
|move|p2a: Scizor|U-turn|p1a: Tangrowth
|-supereffective|p1a: Tangrowth
|-damage|p1a: Tangrowth|0 fnt
|faint|p1a: Tangrowth
|
|t:|1651711993
|switch|p2a: Amoonguss|Amoonguss, M|44/100|[from]move: U-turn
|-damage|p2a: Amoonguss|32/100|[from] Stealth Rock
|
|upkeep
|
|t:|1651711995
|switch|p1a: Hydreigon|Hydreigon, M|34/100 slp
|-damage|p1a: Hydreigon|22/100 slp|[from] Stealth Rock
|turn|50
|
|t:|1651711999
|-curestatus|p1a: Hydreigon|slp|[msg]
|move|p1a: Hydreigon|Dark Pulse|p2a: Amoonguss
|-damage|p2a: Amoonguss|0 fnt
|faint|p2a: Amoonguss
|
|upkeep
|
|t:|1651712002
|switch|p2a: Scizor|Scizor, M|58/100
|-damage|p2a: Scizor|46/100|[from] Stealth Rock
|turn|51
|
|t:|1651712007
|switch|p1a: Cobalion|Cobalion|44/100
|-damage|p1a: Cobalion|40/100|[from] Stealth Rock
|move|p2a: Scizor|Bullet Punch|p1a: Cobalion
|-resisted|p1a: Cobalion
|-damage|p1a: Cobalion|26/100
|
|upkeep
|turn|52
|
|t:|1651712015
|move|p1a: Cobalion|Close Combat|p2a: Scizor
|-damage|p2a: Scizor|0 fnt
|-unboost|p1a: Cobalion|def|1
|-unboost|p1a: Cobalion|spd|1
|faint|p2a: Scizor
|
|win|UULT91w udon
|n|☆UULT91w udon|uult91wudon
|n|☆UULT91w HaxxLR|uult91whaxxlr
|n| suloxiv ♫|suloxiv
|n| PilarMan|pilarman
|n|+avarice|avarice
|n| hariyana grande|hariyanagrande
|n| mncmt|mncmt
|l| suloxiv ♫
|c|☆UULT91w udon|gg
|c|☆UULT91w HaxxLR|gg
|l|☆UULT91w udon
|l| hariyana grande
