|j|☆BratanDerNice
|j|☆Bamarah
|player|p1|BratanDerNice|226|1168
|player|p2|Bamarah|eusine-gen2|1339
|teamsize|p1|6
|teamsize|p2|6
|gametype|singles
|gen|8
|tier|[Gen 8] UU
|rated|
|clearpoke
|poke|p1|Toxtricity, F|
|poke|p1|Bewear, F|
|poke|p1|Goodra, M|
|poke|p1|Darmanitan, M|
|poke|p1|Gigalith, F|
|poke|p1|Weezing-Galar, F|
|poke|p2|Keldeo-Resolute|
|poke|p2|Celebi|
|poke|p2|Darmanitan, M|
|poke|p2|Xatu, M|
|poke|p2|Sylveon, F|
|poke|p2|Corsola-Galar, M|
|rule|Sleep Clause Mod: Limit one foe put to sleep
|rule|Species Clause: Limit one of each Pokémon
|rule|OHKO Clause: OHKO moves are banned
|rule|Evasion Moves Clause: Evasion moves are banned
|rule|Endless Battle Clause: Forcing endless battles is banned
|rule|HP Percentage Mod: HP is shown in percentages
|rule|Dynamax Clause: You cannot dynamax
|teampreview
|inactive|Battle timer is ON: inactive players will automatically lose when time's up. (requested by Bamarah)
|
|start
|switch|p1a: Gigalith|Gigalith, F|100/100
|switch|p2a: Darmanitan|Darmanitan, M, shiny|100/100
|-weather|Sandstorm|[from] ability: Sand Stream|[of] p1a: Gigalith
|turn|1
|
|move|p2a: Darmanitan|U-turn|p1a: Gigalith
|-damage|p1a: Gigalith|87/100
|
|switch|p2a: Xatu|Xatu, M, shiny|100/100|[from]move: U-turn
|move|p1a: Gigalith|Stone Edge|p2a: Xatu|[miss]
|-miss|p1a: Gigalith|p2a: Xatu
|
|-weather|Sandstorm|[upkeep]
|-damage|p2a: Xatu|95/100|[from] Sandstorm
|-heal|p1a: Gigalith|93/100|[from] item: Leftovers
|upkeep
|turn|2
|
|switch|p2a: Corsola|Corsola-Galar, M, shiny|100/100
|move|p1a: Gigalith|Stone Edge|p2a: Corsola
|-damage|p2a: Corsola|75/100
|
|-weather|Sandstorm|[upkeep]
|-damage|p2a: Corsola|69/100|[from] Sandstorm
|-heal|p1a: Gigalith|99/100|[from] item: Leftovers
|upkeep
|turn|3
|
|switch|p1a: Darmanitan|Darmanitan, M|100/100
|move|p2a: Corsola|Stealth Rock|p1a: Darmanitan
|-sidestart|p1: BratanDerNice|move: Stealth Rock
|
|-weather|Sandstorm|[upkeep]
|-damage|p1a: Darmanitan|95/100|[from] Sandstorm
|-damage|p2a: Corsola|63/100|[from] Sandstorm
|upkeep
|turn|4
|
|move|p1a: Darmanitan|Earthquake|p2a: Corsola
|-damage|p2a: Corsola|45/100
|move|p2a: Corsola|Strength Sap|p1a: Darmanitan
|-unboost|p1a: Darmanitan|atk|1
|-heal|p2a: Corsola|100/100
|
|-weather|Sandstorm|[upkeep]
|-damage|p1a: Darmanitan|89/100|[from] Sandstorm
|-damage|p2a: Corsola|94/100|[from] Sandstorm
|upkeep
|turn|5
|
|switch|p1a: Goodra|Goodra, M|100/100
|-damage|p1a: Goodra|88/100|[from] Stealth Rock
|move|p2a: Corsola|Night Shade|p1a: Goodra
|-damage|p1a: Goodra|62/100
|
|-weather|none
|upkeep
|turn|6
|
|move|p1a: Goodra|Dragon Pulse|p2a: Corsola
|-damage|p2a: Corsola|64/100
|-start|p1a: Goodra|Disable|Dragon Pulse|[from] ability: Cursed Body|[of] p2a: Corsola
|move|p2a: Corsola|Will-O-Wisp|p1a: Goodra
|-status|p1a: Goodra|brn
|
|-damage|p1a: Goodra|56/100 brn|[from] brn
|upkeep
|turn|7
|-message|BratanDerNice forfeited.
|
|win|Bamarah
|l|☆BratanDerNice
