|j|☆Gryphonex
|j|☆garybluebr
|t:|1666742528
|gametype|singles
|player|p1|Gryphonex|gardenia|1522
|player|p2|garybluebr|170|1459
|teamsize|p1|6
|teamsize|p2|6
|gen|8
|tier|[Gen 8] UU
|rated|
|rule|Sleep Clause Mod: Limit one foe put to sleep
|rule|Species Clause: Limit one of each Pokémon
|rule|OHKO Clause: OHKO moves are banned
|rule|Evasion Items Clause: Evasion items are banned
|rule|Evasion Moves Clause: Evasion moves are banned
|rule|Endless Battle Clause: Forcing endless battles is banned
|rule|HP Percentage Mod: HP is shown in percentages
|rule|Dynamax Clause: You cannot dynamax
|clearpoke
|poke|p1|Hydreigon, M|
|poke|p1|Crawdaunt, M|
|poke|p1|Zarude|
|poke|p1|Salamence, M|
|poke|p1|Chansey, F|
|poke|p1|Corsola-Galar, M|
|poke|p2|Azelf|
|poke|p2|Conkeldurr, M|
|poke|p2|Seismitoad, F|
|poke|p2|Chansey, F|
|poke|p2|Skarmory, F|
|poke|p2|Ditto|
|teampreview
|
|t:|1666742539
|start
|switch|p1a: Crawdaunt|Crawdaunt, M|100/100
|switch|p2a: Azelf|Azelf|100/100
|turn|1
|c|☆Gryphonex|Good luck
|c|☆garybluebr|u2
|
|t:|1666742555
|switch|p2a: Seismitoad|Seismitoad, F|100/100
|move|p1a: Crawdaunt|Aqua Jet|p2a: Seismitoad
|-immune|p2a: Seismitoad|[from] ability: Water Absorb
|
|upkeep
|turn|2
|
|t:|1666742563
|switch|p1a: Corsola|Corsola-Galar, M|100/100
|move|p2a: Seismitoad|Knock Off|p1a: Corsola
|-supereffective|p1a: Corsola
|-damage|p1a: Corsola|68/100
|-enditem|p1a: Corsola|Eviolite|[from] move: Knock Off|[of] p2a: Seismitoad
|
|upkeep
|turn|3
|
|t:|1666742573
|move|p2a: Seismitoad|Stealth Rock|p1a: Corsola
|-sidestart|p1: Gryphonex|move: Stealth Rock
|move|p1a: Corsola|Stealth Rock|p2a: Seismitoad
|-sidestart|p2: garybluebr|move: Stealth Rock
|
|upkeep
|turn|4
|
|t:|1666742578
|move|p2a: Seismitoad|Toxic|p1a: Corsola
|-status|p1a: Corsola|tox
|move|p1a: Corsola|Will-O-Wisp|p2a: Seismitoad
|-status|p2a: Seismitoad|brn
|
|-damage|p1a: Corsola|62/100 tox|[from] psn
|-damage|p2a: Seismitoad|94/100 brn|[from] brn
|upkeep
|turn|5
|
|t:|1666742588
|switch|p2a: Chansey|Chansey, F|100/100
|-damage|p2a: Chansey|88/100|[from] Stealth Rock
|move|p1a: Corsola|Strength Sap|p2a: Chansey
|-unboost|p2a: Chansey|atk|1
|-heal|p1a: Corsola|66/100 tox
|
|-damage|p1a: Corsola|53/100 tox|[from] psn
|upkeep
|turn|6
|
|t:|1666742598
|switch|p1a: Chansey|Chansey, F|100/100
|-damage|p1a: Chansey|88/100|[from] Stealth Rock
|move|p2a: Chansey|Teleport|p2a: Chansey
|
|t:|1666742603
|switch|p2a: Conkeldurr|Conkeldurr, M|100/100|[from]move: Teleport
|-damage|p2a: Conkeldurr|95/100|[from] Stealth Rock
|
|-status|p2a: Conkeldurr|brn|[from] item: Flame Orb
|upkeep
|turn|7
|
|t:|1666742610
|switch|p1a: Corsola|Corsola-Galar, M|53/100 tox
|-damage|p1a: Corsola|41/100 tox|[from] Stealth Rock
|move|p2a: Conkeldurr|Knock Off|p1a: Corsola
|-supereffective|p1a: Corsola
|-crit|p1a: Corsola
|-damage|p1a: Corsola|0 fnt
|faint|p1a: Corsola
|
|-damage|p2a: Conkeldurr|89/100 brn|[from] brn
|upkeep
|
|t:|1666742612
|switch|p1a: Hydreigon|Hydreigon, M|100/100
|-damage|p1a: Hydreigon|88/100|[from] Stealth Rock
|turn|8
|inactive|Battle timer is ON: inactive players will automatically lose when time's up. (requested by Gryphonex)
|
|t:|1666742686
|switch|p1a: Crawdaunt|Crawdaunt, M|100/100
|-damage|p1a: Crawdaunt|88/100|[from] Stealth Rock
|switch|p2a: Chansey|Chansey, F|88/100
|-damage|p2a: Chansey|75/100|[from] Stealth Rock
|
|upkeep
|turn|9
|
|t:|1666742704
|switch|p2a: Seismitoad|Seismitoad, F|94/100 brn
|-damage|p2a: Seismitoad|88/100 brn|[from] Stealth Rock
|move|p1a: Crawdaunt|Knock Off|p2a: Seismitoad
|-damage|p2a: Seismitoad|11/100 brn
|-enditem|p2a: Seismitoad|Leftovers|[from] move: Knock Off|[of] p1a: Crawdaunt
|
|-damage|p2a: Seismitoad|5/100 brn|[from] brn
|upkeep
|turn|10
|
|t:|1666742717
|move|p1a: Crawdaunt|Knock Off|p2a: Seismitoad
|-damage|p2a: Seismitoad|0 fnt
|faint|p2a: Seismitoad
|
|upkeep
|inactive|garybluebr has 120 seconds left.
|
|t:|1666742747
|switch|p2a: Azelf|Azelf|100/100
|turn|11
|inactive|garybluebr has 120 seconds left.
|
|t:|1666742754
|switch|p1a: Chansey|Chansey, F|88/100
|-damage|p1a: Chansey|76/100|[from] Stealth Rock
|move|p2a: Azelf|U-turn|p1a: Chansey
|-damage|p1a: Chansey|64/100
|inactive|garybluebr has 120 seconds left.
|
|t:|1666742760
|switch|p2a: Chansey|Chansey, F|75/100|[from]move: U-turn
|-damage|p2a: Chansey|63/100|[from] Stealth Rock
|
|upkeep
|turn|12
|inactive|garybluebr has 120 seconds left.
|
|t:|1666742770
|move|p2a: Chansey|Soft-Boiled|p2a: Chansey
|-heal|p2a: Chansey|100/100
|move|p1a: Chansey|Teleport|p1a: Chansey
|
|t:|1666742777
|switch|p1a: Crawdaunt|Crawdaunt, M|88/100|[from]move: Teleport
|-damage|p1a: Crawdaunt|76/100|[from] Stealth Rock
|
|upkeep
|turn|13
|
|t:|1666742782
|move|p1a: Crawdaunt|Knock Off|p2a: Chansey
|-damage|p2a: Chansey|29/100
|-enditem|p2a: Chansey|Eviolite|[from] move: Knock Off|[of] p1a: Crawdaunt
|move|p2a: Chansey|Teleport|p2a: Chansey
|
|t:|1666742788
|switch|p2a: Conkeldurr|Conkeldurr, M|89/100 brn|[from]move: Teleport
|-damage|p2a: Conkeldurr|83/100 brn|[from] Stealth Rock
|
|-damage|p2a: Conkeldurr|77/100 brn|[from] brn
|upkeep
|turn|14
|
|t:|1666742797
|switch|p1a: Salamence|Salamence, M|100/100
|-ability|p1a: Salamence|Intimidate|boost
|-unboost|p2a: Conkeldurr|atk|1
|move|p2a: Conkeldurr|Mach Punch|p1a: Salamence
|-resisted|p1a: Salamence
|-damage|p1a: Salamence|91/100
|
|-damage|p2a: Conkeldurr|71/100 brn|[from] brn
|upkeep
|turn|15
|
|t:|1666742807
|switch|p2a: Chansey|Chansey, F|29/100
|-damage|p2a: Chansey|17/100|[from] Stealth Rock
|move|p1a: Salamence|Defog|p2a: Chansey
|-unboost|p2a: Chansey|evasion|1
|-sideend|p2: garybluebr|Stealth Rock|[from] move: Defog|[of] p1a: Salamence
|-sideend|p1: Gryphonex|Stealth Rock|[from] move: Defog|[of] p1a: Salamence
|
|upkeep
|turn|16
|
|t:|1666742817
|switch|p1a: Crawdaunt|Crawdaunt, M|76/100
|move|p2a: Chansey|Soft-Boiled|p2a: Chansey
|-heal|p2a: Chansey|67/100
|
|upkeep
|turn|17
|
|t:|1666742823
|move|p1a: Crawdaunt|Crabhammer|p2a: Chansey
|-damage|p2a: Chansey|0 fnt
|faint|p2a: Chansey
|
|upkeep
|
|t:|1666742828
|switch|p2a: Conkeldurr|Conkeldurr, M|71/100 brn
|turn|18
|
|t:|1666742835
|move|p1a: Crawdaunt|Crabhammer|p2a: Conkeldurr
|-damage|p2a: Conkeldurr|0 fnt
|faint|p2a: Conkeldurr
|
|upkeep
|
|t:|1666742840
|switch|p2a: Skarmory|Skarmory, F|100/100
|turn|19
|
|t:|1666742843
|switch|p1a: Chansey|Chansey, F|64/100
|move|p2a: Skarmory|Body Press|p1a: Chansey
|-supereffective|p1a: Chansey
|-damage|p1a: Chansey|26/100
|
|upkeep
|turn|20
|
|t:|1666742851
|switch|p1a: Salamence|Salamence, M|91/100
|-ability|p1a: Salamence|Intimidate|boost
|-unboost|p2a: Skarmory|atk|1
|move|p2a: Skarmory|Body Press|p1a: Salamence
|-resisted|p1a: Salamence
|-damage|p1a: Salamence|79/100
|
|upkeep
|turn|21
|
|t:|1666742859
|move|p1a: Salamence|Flamethrower|p2a: Skarmory
|-supereffective|p2a: Skarmory
|-damage|p2a: Skarmory|35/100
|move|p2a: Skarmory|Spikes|p1a: Salamence
|-sidestart|p1: Gryphonex|Spikes
|
|upkeep
|turn|22
|
|t:|1666742869
|switch|p2a: Azelf|Azelf|100/100
|move|p1a: Salamence|Flamethrower|p2a: Azelf
|-damage|p2a: Azelf|62/100
|
|upkeep
|turn|23
|
|t:|1666742875
|move|p2a: Azelf|Psychic|p1a: Salamence
|-damage|p1a: Salamence|28/100
|move|p1a: Salamence|Toxic|p2a: Azelf
|-status|p2a: Azelf|tox
|
|-damage|p2a: Azelf|56/100 tox|[from] psn
|upkeep
|turn|24
|
|t:|1666742884
|move|p2a: Azelf|Psychic|p1a: Salamence
|-damage|p1a: Salamence|0 fnt
|faint|p1a: Salamence
|
|-damage|p2a: Azelf|43/100 tox|[from] psn
|upkeep
|
|t:|1666742888
|switch|p1a: Hydreigon|Hydreigon, M|88/100
|turn|25
|
|t:|1666742895
|move|p2a: Azelf|U-turn|p1a: Hydreigon
|-supereffective|p1a: Hydreigon
|-damage|p1a: Hydreigon|44/100
|
|t:|1666742899
|switch|p2a: Skarmory|Skarmory, F|35/100|[from]move: U-turn
|move|p1a: Hydreigon|Draco Meteor|p2a: Skarmory
|-resisted|p2a: Skarmory
|-damage|p2a: Skarmory|0 fnt
|-unboost|p1a: Hydreigon|spa|2
|faint|p2a: Skarmory
|
|upkeep
|
|t:|1666742907
|switch|p2a: Azelf|Azelf|43/100 tox
|turn|26
|
|t:|1666742913
|move|p2a: Azelf|U-turn|p1a: Hydreigon
|-supereffective|p1a: Hydreigon
|-damage|p1a: Hydreigon|0 fnt
|faint|p1a: Hydreigon
|
|t:|1666742916
|switch|p2a: Ditto|Ditto|100/100|[from]move: U-turn
|
|upkeep
|
|t:|1666742923
|switch|p1a: Zarude|Zarude|100/100
|-damage|p1a: Zarude|88/100|[from] Spikes
|turn|27
|
|t:|1666742928
|switch|p2a: Azelf|Azelf|43/100 tox
|move|p1a: Zarude|Darkest Lariat|p2a: Azelf
|-supereffective|p2a: Azelf
|-damage|p2a: Azelf|0 fnt
|faint|p2a: Azelf
|
|upkeep
|
|t:|1666742935
|switch|p2a: Ditto|Ditto|100/100
|-transform|p2a: Ditto|p1a: Zarude|[from] ability: Imposter
|turn|28
|
|t:|1666742944
|move|p2a: Ditto|Close Combat|p1a: Zarude
|-supereffective|p1a: Zarude
|-damage|p1a: Zarude|10/100
|-unboost|p2a: Ditto|def|1
|-unboost|p2a: Ditto|spd|1
|move|p1a: Zarude|Darkest Lariat|p2a: Ditto
|-resisted|p2a: Ditto
|-damage|p2a: Ditto|64/100
|
|upkeep
|turn|29
|
|t:|1666742952
|move|p2a: Ditto|Close Combat|p1a: Zarude
|-supereffective|p1a: Zarude
|-damage|p1a: Zarude|0 fnt
|-unboost|p2a: Ditto|def|1
|-unboost|p2a: Ditto|spd|1
|faint|p1a: Zarude
|
|upkeep
|
|t:|1666742955
|switch|p1a: Chansey|Chansey, F|26/100
|-damage|p1a: Chansey|14/100|[from] Spikes
|turn|30
|
|t:|1666742961
|move|p2a: Ditto|Close Combat|p1a: Chansey
|-supereffective|p1a: Chansey
|-damage|p1a: Chansey|0 fnt
|-unboost|p2a: Ditto|def|1
|-unboost|p2a: Ditto|spd|1
|faint|p1a: Chansey
|
|upkeep
|
|t:|1666742964
|switch|p1a: Crawdaunt|Crawdaunt, M|76/100
|-damage|p1a: Crawdaunt|63/100|[from] Spikes
|turn|31
|c|☆garybluebr|gg
|
|t:|1666742970
|move|p1a: Crawdaunt|Aqua Jet|p2a: Ditto
|-resisted|p2a: Ditto
|-damage|p2a: Ditto|7/100
|move|p2a: Ditto|Close Combat|p1a: Crawdaunt
|-supereffective|p1a: Crawdaunt
|-damage|p1a: Crawdaunt|0 fnt
|-unboost|p2a: Ditto|def|1
|-unboost|p2a: Ditto|spd|1
|faint|p1a: Crawdaunt
|
|win|garybluebr
|raw|Gryphonex's rating: 1522 &rarr; <strong>1498</strong><br />(-24 for losing)
|raw|garybluebr's rating: 1459 &rarr; <strong>1483</strong><br />(+24 for winning)
|c|☆Gryphonex|gg
