|j|☆coutcout54
|j|☆GryphonEX
|t:|1662647529
|gametype|singles
|player|p1|coutcout54|bugcatcher-gen4dp|1311
|player|p2|GryphonEX|gardenia|1502
|teamsize|p1|6
|teamsize|p2|6
|gen|8
|tier|[Gen 8] UU
|rated|
|rule|Sleep Clause Mod: Limit one foe put to sleep
|rule|Species Clause: Limit one of each Pokémon
|rule|OHKO Clause: OHKO moves are banned
|rule|Evasion Items Clause: Evasion items are banned
|rule|Evasion Moves Clause: Evasion moves are banned
|rule|Endless Battle Clause: Forcing endless battles is banned
|rule|HP Percentage Mod: HP is shown in percentages
|rule|Dynamax Clause: You cannot dynamax
|clearpoke
|poke|p1|Primarina, F|
|poke|p1|Hydreigon, M|
|poke|p1|Skarmory, F|
|poke|p1|Hippowdon, F|
|poke|p1|Slowbro-Galar, M|
|poke|p1|Azelf|
|poke|p2|Hydreigon, F|
|poke|p2|Suicune|
|poke|p2|Zarude|
|poke|p2|Salamence, F|
|poke|p2|Chansey, F|
|poke|p2|Corsola-Galar, M|
|teampreview
|c|☆GryphonEX|Good luck!
|
|t:|1662647549
|start
|switch|p1a: Hippowdon|Hippowdon, F|100/100
|switch|p2a: Suicune|Suicune|100/100
|-ability|p2a: Suicune|Pressure
|-weather|Sandstorm|[from] ability: Sand Stream|[of] p1a: Hippowdon
|turn|1
|
|t:|1662647553
|move|p2a: Suicune|Calm Mind|p2a: Suicune
|-boost|p2a: Suicune|spa|1
|-boost|p2a: Suicune|spd|1
|move|p1a: Hippowdon|Stealth Rock|p2a: Suicune
|-sidestart|p2: GryphonEX|move: Stealth Rock
|
|-weather|Sandstorm|[upkeep]
|-damage|p2a: Suicune|94/100|[from] Sandstorm
|-heal|p2a: Suicune|100/100|[from] item: Leftovers
|upkeep
|turn|2
|
|t:|1662647555
|switch|p1a: Primarina|Primarina, F|100/100
|move|p2a: Suicune|Scald|p1a: Primarina
|-resisted|p1a: Primarina
|-damage|p1a: Primarina|89/100
|
|-weather|Sandstorm|[upkeep]
|-damage|p2a: Suicune|94/100|[from] Sandstorm
|-damage|p1a: Primarina|83/100|[from] Sandstorm
|-heal|p2a: Suicune|100/100|[from] item: Leftovers
|-heal|p1a: Primarina|89/100|[from] item: Leftovers
|upkeep
|turn|3
|
|t:|1662647559
|switch|p2a: Chansey|Chansey, F|100/100
|-damage|p2a: Chansey|88/100|[from] Stealth Rock
|move|p1a: Primarina|Calm Mind|p1a: Primarina
|-boost|p1a: Primarina|spa|1
|-boost|p1a: Primarina|spd|1
|
|-weather|Sandstorm|[upkeep]
|-damage|p1a: Primarina|83/100|[from] Sandstorm
|-damage|p2a: Chansey|82/100|[from] Sandstorm
|-heal|p1a: Primarina|89/100|[from] item: Leftovers
|upkeep
|turn|4
|
|t:|1662647561
|move|p1a: Primarina|Calm Mind|p1a: Primarina
|-boost|p1a: Primarina|spa|1
|-boost|p1a: Primarina|spd|1
|move|p2a: Chansey|Thunder Wave|p1a: Primarina
|-status|p1a: Primarina|par
|
|-weather|Sandstorm|[upkeep]
|-damage|p2a: Chansey|76/100|[from] Sandstorm
|-damage|p1a: Primarina|83/100 par|[from] Sandstorm
|-heal|p1a: Primarina|89/100 par|[from] item: Leftovers
|upkeep
|turn|5
|
|t:|1662647566
|move|p1a: Primarina|Calm Mind|p1a: Primarina
|-boost|p1a: Primarina|spa|1
|-boost|p1a: Primarina|spd|1
|move|p2a: Chansey|Teleport|p2a: Chansey
|
|t:|1662647567
|switch|p2a: Zarude|Zarude|100/100|[from]move: Teleport
|-damage|p2a: Zarude|88/100|[from] Stealth Rock
|
|-weather|none
|-heal|p1a: Primarina|95/100 par|[from] item: Leftovers
|upkeep
|turn|6
|
|t:|1662647572
|switch|p1a: Skarmory|Skarmory, F|100/100
|move|p2a: Zarude|Power Whip|p1a: Skarmory
|-resisted|p1a: Skarmory
|-damage|p1a: Skarmory|86/100
|-damage|p2a: Zarude|72/100|[from] item: Rocky Helmet|[of] p1a: Skarmory
|
|upkeep
|turn|7
|
|t:|1662647575
|switch|p2a: Corsola|Corsola-Galar, M|100/100
|-damage|p2a: Corsola|88/100|[from] Stealth Rock
|move|p1a: Skarmory|Spikes|p2a: Corsola
|-sidestart|p2: GryphonEX|Spikes
|
|upkeep
|turn|8
|
|t:|1662647582
|switch|p1a: Hippowdon|Hippowdon, F|100/100
|-weather|Sandstorm|[from] ability: Sand Stream|[of] p1a: Hippowdon
|move|p2a: Corsola|Will-O-Wisp|p1a: Hippowdon
|-status|p1a: Hippowdon|brn
|
|-weather|Sandstorm|[upkeep]
|-damage|p2a: Corsola|82/100|[from] Sandstorm
|-damage|p1a: Hippowdon|94/100 brn|[from] brn
|upkeep
|turn|9
|
|t:|1662647587
|switch|p2a: Salamence|Salamence, F|100/100
|-ability|p2a: Salamence|Intimidate|boost
|-unboost|p1a: Hippowdon|atk|1
|move|p1a: Hippowdon|Toxic|p2a: Salamence
|-status|p2a: Salamence|tox
|
|-weather|Sandstorm|[upkeep]
|-damage|p2a: Salamence|94/100 tox|[from] Sandstorm
|-heal|p1a: Hippowdon|100/100 brn|[from] item: Leftovers
|-damage|p2a: Salamence|88/100 tox|[from] psn
|-damage|p1a: Hippowdon|94/100 brn|[from] brn
|upkeep
|turn|10
|
|t:|1662647593
|switch|p1a: Slowbro|Slowbro-Galar, M|100/100
|move|p2a: Salamence|Defog|p1a: Slowbro
|-unboost|p1a: Slowbro|evasion|1
|-sideend|p2: GryphonEX|Spikes|[from] move: Defog|[of] p2a: Salamence
|-sideend|p2: GryphonEX|Stealth Rock|[from] move: Defog|[of] p2a: Salamence
|
|-weather|Sandstorm|[upkeep]
|-damage|p2a: Salamence|82/100 tox|[from] Sandstorm
|-damage|p1a: Slowbro|94/100|[from] Sandstorm
|-damage|p2a: Salamence|70/100 tox|[from] psn
|upkeep
|turn|11
|
|t:|1662647598
|switch|p2a: Chansey|Chansey, F|76/100
|move|p1a: Slowbro|Future Sight|p2a: Chansey
|-start|p1a: Slowbro|move: Future Sight
|
|-weather|Sandstorm|[upkeep]
|-damage|p2a: Chansey|70/100|[from] Sandstorm
|-damage|p1a: Slowbro|88/100|[from] Sandstorm
|upkeep
|turn|12
|
|t:|1662647605
|switch|p1a: Primarina|Primarina, F|95/100 par
|move|p2a: Chansey|Thunder Wave|p1a: Primarina
|-fail|p1a: Primarina|par
|
|-weather|none
|-heal|p1a: Primarina|100/100 par|[from] item: Leftovers
|upkeep
|turn|13
|
|t:|1662647610
|cant|p1a: Primarina|par
|move|p2a: Chansey|Teleport|p2a: Chansey
|
|t:|1662647612
|switch|p2a: Zarude|Zarude|72/100|[from]move: Teleport
|
|-end|p2a: Zarude|move: Future Sight
|-immune|p2a: Zarude
|upkeep
|turn|14
|
|t:|1662647615
|switch|p1a: Skarmory|Skarmory, F|86/100
|move|p2a: Zarude|Power Whip|p1a: Skarmory
|-resisted|p1a: Skarmory
|-damage|p1a: Skarmory|73/100
|-damage|p2a: Zarude|55/100|[from] item: Rocky Helmet|[of] p1a: Skarmory
|
|upkeep
|turn|15
|
|t:|1662647620
|switch|p2a: Corsola|Corsola-Galar, M|82/100
|move|p1a: Skarmory|Spikes|p2a: Corsola
|-sidestart|p2: GryphonEX|Spikes
|
|upkeep
|turn|16
|
|t:|1662647626
|switch|p1a: Primarina|Primarina, F|100/100 par
|move|p2a: Corsola|Stealth Rock|p1a: Primarina
|-sidestart|p1: coutcout54|move: Stealth Rock
|
|upkeep
|turn|17
|
|t:|1662647629
|switch|p2a: Chansey|Chansey, F|70/100
|-damage|p2a: Chansey|57/100|[from] Spikes
|cant|p1a: Primarina|par
|
|upkeep
|turn|18
|
|t:|1662647632
|move|p2a: Chansey|Soft-Boiled|p2a: Chansey
|-heal|p2a: Chansey|100/100
|move|p1a: Primarina|Calm Mind|p1a: Primarina
|-boost|p1a: Primarina|spa|1
|-boost|p1a: Primarina|spd|1
|
|upkeep
|turn|19
|
|t:|1662647635
|move|p1a: Primarina|Calm Mind|p1a: Primarina
|-boost|p1a: Primarina|spa|1
|-boost|p1a: Primarina|spd|1
|move|p2a: Chansey|Teleport|p2a: Chansey
|
|t:|1662647641
|switch|p2a: Zarude|Zarude|55/100|[from]move: Teleport
|-damage|p2a: Zarude|43/100|[from] Spikes
|
|upkeep
|turn|20
|
|t:|1662647645
|move|p2a: Zarude|U-turn|p1a: Primarina
|-resisted|p1a: Primarina
|-crit|p1a: Primarina
|-damage|p1a: Primarina|73/100 par
|
|t:|1662647648
|switch|p2a: Chansey|Chansey, F|100/100|[from]move: U-turn
|-damage|p2a: Chansey|88/100|[from] Spikes
|cant|p1a: Primarina|par
|
|-heal|p1a: Primarina|79/100 par|[from] item: Leftovers
|upkeep
|turn|21
|
|t:|1662647657
|move|p2a: Chansey|Seismic Toss|p1a: Primarina
|-damage|p1a: Primarina|52/100 par
|cant|p1a: Primarina|par
|
|-heal|p1a: Primarina|58/100 par|[from] item: Leftovers
|upkeep
|turn|22
|
|t:|1662647660
|move|p2a: Chansey|Seismic Toss|p1a: Primarina
|-damage|p1a: Primarina|30/100 par
|move|p1a: Primarina|Rest|p1a: Primarina
|-status|p1a: Primarina|slp|[from] move: Rest
|-heal|p1a: Primarina|100/100 slp|[silent]
|
|upkeep
|turn|23
|
|t:|1662647662
|cant|p1a: Primarina|slp
|move|p1a: Primarina|Snore|p2a: Chansey
|-damage|p2a: Chansey|76/100
|cant|p2a: Chansey|flinch
|
|upkeep
|turn|24
|
|t:|1662647671
|switch|p2a: Suicune|Suicune|100/100
|-damage|p2a: Suicune|88/100|[from] Spikes
|-ability|p2a: Suicune|Pressure
|cant|p1a: Primarina|slp
|move|p1a: Primarina|Snore|p2a: Suicune
|-resisted|p2a: Suicune
|-damage|p2a: Suicune|74/100
|
|-heal|p2a: Suicune|80/100|[from] item: Leftovers
|upkeep
|turn|25
|
|t:|1662647674
|move|p2a: Suicune|Calm Mind|p2a: Suicune
|-boost|p2a: Suicune|spa|1
|-boost|p2a: Suicune|spd|1
|-curestatus|p1a: Primarina|slp|[msg]
|move|p1a: Primarina|Calm Mind|p1a: Primarina
|-boost|p1a: Primarina|spa|1
|-boost|p1a: Primarina|spd|1
|
|-heal|p2a: Suicune|86/100|[from] item: Leftovers
|upkeep
|turn|26
|
|t:|1662647680
|move|p2a: Suicune|Calm Mind|p2a: Suicune
|-boost|p2a: Suicune|spa|1
|-boost|p2a: Suicune|spd|1
|move|p1a: Primarina|Moonblast|p2a: Suicune
|-damage|p2a: Suicune|47/100
|
|-heal|p2a: Suicune|53/100|[from] item: Leftovers
|upkeep
|turn|27
|
|t:|1662647686
|move|p2a: Suicune|Calm Mind|p2a: Suicune
|-boost|p2a: Suicune|spa|1
|-boost|p2a: Suicune|spd|1
|move|p1a: Primarina|Moonblast|p2a: Suicune
|-damage|p2a: Suicune|25/100
|
|-heal|p2a: Suicune|31/100|[from] item: Leftovers
|upkeep
|turn|28
|
|t:|1662647692
|move|p2a: Suicune|Calm Mind|p2a: Suicune
|-boost|p2a: Suicune|spa|1
|-boost|p2a: Suicune|spd|1
|move|p1a: Primarina|Moonblast|p2a: Suicune
|-damage|p2a: Suicune|5/100
|
|-heal|p2a: Suicune|12/100|[from] item: Leftovers
|upkeep
|turn|29
|
|t:|1662647700
|move|p2a: Suicune|Rest|p2a: Suicune
|-status|p2a: Suicune|slp|[from] move: Rest
|-heal|p2a: Suicune|100/100 slp|[silent]
|move|p1a: Primarina|Calm Mind|p1a: Primarina
|-boost|p1a: Primarina|spa|1
|-boost|p1a: Primarina|spd|1
|
|upkeep
|turn|30
|
|t:|1662647702
|cant|p2a: Suicune|slp
|move|p1a: Primarina|Calm Mind|p1a: Primarina
|-boost|p1a: Primarina|spa|1
|-boost|p1a: Primarina|spd|1
|
|upkeep
|turn|31
|
|t:|1662647707
|cant|p2a: Suicune|slp
|move|p1a: Primarina|Calm Mind|p1a: Primarina
|-boost|p1a: Primarina|spa|1
|-boost|p1a: Primarina|spd|1
|
|upkeep
|turn|32
|
|t:|1662647710
|-curestatus|p2a: Suicune|slp|[msg]
|move|p2a: Suicune|Calm Mind|p2a: Suicune
|-boost|p2a: Suicune|spa|1
|-boost|p2a: Suicune|spd|1
|move|p1a: Primarina|Moonblast|p2a: Suicune
|-damage|p2a: Suicune|66/100
|
|-heal|p2a: Suicune|73/100|[from] item: Leftovers
|upkeep
|turn|33
|
|t:|1662647715
|move|p2a: Suicune|Calm Mind|p2a: Suicune
|-boost|p2a: Suicune|spa|1
|-boost|p2a: Suicune|spd|1
|move|p1a: Primarina|Moonblast|p2a: Suicune
|-damage|p2a: Suicune|41/100
|
|-heal|p2a: Suicune|48/100|[from] item: Leftovers
|upkeep
|turn|34
|inactive|Battle timer is ON: inactive players will automatically lose when time's up. (requested by coutcout54)
|
|t:|1662647723
|move|p2a: Suicune|Scald|p1a: Primarina
|-resisted|p1a: Primarina
|-damage|p1a: Primarina|93/100
|move|p1a: Primarina|Moonblast|p2a: Suicune
|-damage|p2a: Suicune|15/100
|
|-heal|p2a: Suicune|21/100|[from] item: Leftovers
|-heal|p1a: Primarina|99/100|[from] item: Leftovers
|upkeep
|turn|35
|
|t:|1662647729
|move|p2a: Suicune|Rest|p2a: Suicune
|-status|p2a: Suicune|slp|[from] move: Rest
|-heal|p2a: Suicune|100/100 slp|[silent]
|move|p1a: Primarina|Moonblast|p2a: Suicune
|-damage|p2a: Suicune|72/100 slp
|
|-heal|p2a: Suicune|78/100 slp|[from] item: Leftovers
|-heal|p1a: Primarina|100/100|[from] item: Leftovers
|upkeep
|turn|36
|
|t:|1662647732
|cant|p2a: Suicune|slp
|move|p1a: Primarina|Moonblast|p2a: Suicune
|-damage|p2a: Suicune|48/100 slp
|-unboost|p2a: Suicune|spa|1
|
|-heal|p2a: Suicune|54/100 slp|[from] item: Leftovers
|upkeep
|turn|37
|
|t:|1662647734
|cant|p2a: Suicune|slp
|move|p1a: Primarina|Moonblast|p2a: Suicune
|-damage|p2a: Suicune|24/100 slp
|-unboost|p2a: Suicune|spa|1
|
|-heal|p2a: Suicune|30/100 slp|[from] item: Leftovers
|upkeep
|turn|38
|
|t:|1662647746
|switch|p1a: Skarmory|Skarmory, F|73/100
|-damage|p1a: Skarmory|61/100|[from] Stealth Rock
|-curestatus|p2a: Suicune|slp|[msg]
|move|p2a: Suicune|Rest|p2a: Suicune
|-status|p2a: Suicune|slp|[from] move: Rest
|-heal|p2a: Suicune|100/100 slp|[silent]
|
|upkeep
|turn|39
|
|t:|1662647750
|cant|p2a: Suicune|slp
|move|p1a: Skarmory|Spikes|p2a: Suicune
|-sidestart|p2: GryphonEX|Spikes
|
|upkeep
|turn|40
|
|t:|1662647754
|cant|p2a: Suicune|slp
|move|p1a: Skarmory|Spikes|p2a: Suicune
|-sidestart|p2: GryphonEX|Spikes
|
|upkeep
|turn|41
|
|t:|1662647759
|switch|p1a: Slowbro|Slowbro-Galar, M|100/100
|-damage|p1a: Slowbro|88/100|[from] Stealth Rock
|-curestatus|p2a: Suicune|slp|[msg]
|move|p2a: Suicune|Scald|p1a: Slowbro
|-damage|p1a: Slowbro|46/100
|-status|p1a: Slowbro|brn
|
|-damage|p1a: Slowbro|40/100 brn|[from] brn
|upkeep
|turn|42
|
|t:|1662647764
|move|p2a: Suicune|Scald|p1a: Slowbro
|-damage|p1a: Slowbro|0 fnt
|faint|p1a: Slowbro
|
|upkeep
|
|t:|1662647767
|switch|p1a: Primarina|Primarina, F|100/100
|-damage|p1a: Primarina|88/100|[from] Stealth Rock
|turn|43
|
|t:|1662647768
|move|p2a: Suicune|Scald|p1a: Primarina
|-resisted|p1a: Primarina
|-damage|p1a: Primarina|66/100
|move|p1a: Primarina|Calm Mind|p1a: Primarina
|-boost|p1a: Primarina|spa|1
|-boost|p1a: Primarina|spd|1
|
|-heal|p1a: Primarina|72/100|[from] item: Leftovers
|upkeep
|turn|44
|
|t:|1662647774
|move|p2a: Suicune|Scald|p1a: Primarina
|-resisted|p1a: Primarina
|-damage|p1a: Primarina|54/100
|move|p1a: Primarina|Calm Mind|p1a: Primarina
|-boost|p1a: Primarina|spa|1
|-boost|p1a: Primarina|spd|1
|
|-heal|p1a: Primarina|60/100|[from] item: Leftovers
|upkeep
|turn|45
|
|t:|1662647780
|move|p2a: Suicune|Calm Mind|p2a: Suicune
|-boost|p2a: Suicune|spa|1
|-boost|p2a: Suicune|spd|0
|move|p1a: Primarina|Calm Mind|p1a: Primarina
|-boost|p1a: Primarina|spa|1
|-boost|p1a: Primarina|spd|1
|
|-heal|p1a: Primarina|66/100|[from] item: Leftovers
|upkeep
|turn|46
|
|t:|1662647781
|move|p2a: Suicune|Calm Mind|p2a: Suicune
|-boost|p2a: Suicune|spa|1
|-boost|p2a: Suicune|spd|0
|move|p1a: Primarina|Calm Mind|p1a: Primarina
|-boost|p1a: Primarina|spa|1
|-boost|p1a: Primarina|spd|1
|
|-heal|p1a: Primarina|72/100|[from] item: Leftovers
|upkeep
|turn|47
|
|t:|1662647785
|move|p2a: Suicune|Scald|p1a: Primarina
|-resisted|p1a: Primarina
|-damage|p1a: Primarina|60/100
|move|p1a: Primarina|Calm Mind|p1a: Primarina
|-boost|p1a: Primarina|spa|1
|-boost|p1a: Primarina|spd|1
|
|-heal|p1a: Primarina|66/100|[from] item: Leftovers
|upkeep
|turn|48
|
|t:|1662647793
|move|p2a: Suicune|Calm Mind|p2a: Suicune
|-boost|p2a: Suicune|spa|0
|-boost|p2a: Suicune|spd|0
|move|p1a: Primarina|Calm Mind|p1a: Primarina
|-boost|p1a: Primarina|spa|1
|-boost|p1a: Primarina|spd|1
|
|-heal|p1a: Primarina|72/100|[from] item: Leftovers
|upkeep
|turn|49
|
|t:|1662647797
|move|p2a: Suicune|Ice Beam|p1a: Primarina
|-resisted|p1a: Primarina
|-damage|p1a: Primarina|67/100
|move|p1a: Primarina|Rest|p1a: Primarina
|-status|p1a: Primarina|slp|[from] move: Rest
|-heal|p1a: Primarina|100/100 slp|[silent]
|
|upkeep
|turn|50
|
|t:|1662647806
|move|p2a: Suicune|Calm Mind|p2a: Suicune
|-boost|p2a: Suicune|spa|0
|-boost|p2a: Suicune|spd|0
|cant|p1a: Primarina|slp
|move|p1a: Primarina|Snore|p2a: Suicune
|-resisted|p2a: Suicune
|-damage|p2a: Suicune|92/100
|
|-heal|p2a: Suicune|99/100|[from] item: Leftovers
|upkeep
|turn|51
|
|t:|1662647812
|move|p2a: Suicune|Ice Beam|p1a: Primarina
|-resisted|p1a: Primarina
|-damage|p1a: Primarina|94/100 slp
|cant|p1a: Primarina|slp
|move|p1a: Primarina|Snore|p2a: Suicune
|-resisted|p2a: Suicune
|-damage|p2a: Suicune|90/100
|
|-heal|p2a: Suicune|96/100|[from] item: Leftovers
|-heal|p1a: Primarina|99/100 slp|[from] item: Leftovers
|upkeep
|turn|52
|
|t:|1662647819
|move|p2a: Suicune|Calm Mind|p2a: Suicune
|-boost|p2a: Suicune|spa|0
|-boost|p2a: Suicune|spd|0
|-curestatus|p1a: Primarina|slp|[msg]
|move|p1a: Primarina|Calm Mind|p1a: Primarina
|-boost|p1a: Primarina|spa|0
|-boost|p1a: Primarina|spd|0
|
|-heal|p2a: Suicune|100/100|[from] item: Leftovers
|-heal|p1a: Primarina|100/100|[from] item: Leftovers
|upkeep
|turn|53
|
|t:|1662647825
|move|p2a: Suicune|Calm Mind|p2a: Suicune
|-boost|p2a: Suicune|spa|0
|-boost|p2a: Suicune|spd|0
|move|p1a: Primarina|Calm Mind|p1a: Primarina
|-boost|p1a: Primarina|spa|0
|-boost|p1a: Primarina|spd|0
|
|upkeep
|turn|54
|c|☆GryphonEX|Can we agree to both switch out?
|c|☆coutcout54|no
|c|☆GryphonEX|Based tbh
|
|t:|1662647854
|move|p2a: Suicune|Calm Mind|p2a: Suicune
|-boost|p2a: Suicune|spa|0
|-boost|p2a: Suicune|spd|0
|move|p1a: Primarina|Calm Mind|p1a: Primarina
|-boost|p1a: Primarina|spa|0
|-boost|p1a: Primarina|spd|0
|
|upkeep
|turn|55
|
|t:|1662647857
|move|p2a: Suicune|Calm Mind|p2a: Suicune
|-boost|p2a: Suicune|spa|0
|-boost|p2a: Suicune|spd|0
|move|p1a: Primarina|Calm Mind|p1a: Primarina
|-boost|p1a: Primarina|spa|0
|-boost|p1a: Primarina|spd|0
|
|upkeep
|turn|56
|
|t:|1662647860
|move|p2a: Suicune|Calm Mind|p2a: Suicune
|-boost|p2a: Suicune|spa|0
|-boost|p2a: Suicune|spd|0
|move|p1a: Primarina|Calm Mind|p1a: Primarina
|-boost|p1a: Primarina|spa|0
|-boost|p1a: Primarina|spd|0
|
|upkeep
|turn|57
|
|t:|1662647861
|move|p2a: Suicune|Calm Mind|p2a: Suicune
|-boost|p2a: Suicune|spa|0
|-boost|p2a: Suicune|spd|0
|move|p1a: Primarina|Calm Mind|p1a: Primarina
|-boost|p1a: Primarina|spa|0
|-boost|p1a: Primarina|spd|0
|
|upkeep
|turn|58
|
|t:|1662647863
|move|p2a: Suicune|Calm Mind|p2a: Suicune
|-boost|p2a: Suicune|spa|0
|-boost|p2a: Suicune|spd|0
|move|p1a: Primarina|Calm Mind|p1a: Primarina
|-boost|p1a: Primarina|spa|0
|-boost|p1a: Primarina|spd|0
|
|upkeep
|turn|59
|
|t:|1662647865
|move|p2a: Suicune|Calm Mind|p2a: Suicune
|-boost|p2a: Suicune|spa|0
|-boost|p2a: Suicune|spd|0
|move|p1a: Primarina|Calm Mind|p1a: Primarina
|-boost|p1a: Primarina|spa|0
|-boost|p1a: Primarina|spd|0
|
|upkeep
|turn|60
|
|t:|1662647867
|move|p2a: Suicune|Calm Mind|p2a: Suicune
|-boost|p2a: Suicune|spa|0
|-boost|p2a: Suicune|spd|0
|move|p1a: Primarina|Calm Mind|p1a: Primarina
|-boost|p1a: Primarina|spa|0
|-boost|p1a: Primarina|spd|0
|
|upkeep
|turn|61
|
|t:|1662647869
|move|p2a: Suicune|Calm Mind|p2a: Suicune
|-boost|p2a: Suicune|spa|0
|-boost|p2a: Suicune|spd|0
|move|p1a: Primarina|Moonblast|p2a: Suicune
|-damage|p2a: Suicune|71/100
|
|-heal|p2a: Suicune|77/100|[from] item: Leftovers
|upkeep
|turn|62
|
|t:|1662647882
|move|p2a: Suicune|Scald|p1a: Primarina
|-resisted|p1a: Primarina
|-damage|p1a: Primarina|93/100
|move|p1a: Primarina|Snore||[still]
|-fail|p1a: Primarina
|
|-heal|p2a: Suicune|84/100|[from] item: Leftovers
|-heal|p1a: Primarina|99/100|[from] item: Leftovers
|upkeep
|turn|63
|
|t:|1662647890
|move|p2a: Suicune|Rest|p2a: Suicune
|-status|p2a: Suicune|slp|[from] move: Rest
|-heal|p2a: Suicune|100/100 slp|[silent]
|move|p1a: Primarina|Calm Mind|p1a: Primarina
|-boost|p1a: Primarina|spa|0
|-boost|p1a: Primarina|spd|0
|
|-heal|p1a: Primarina|100/100|[from] item: Leftovers
|upkeep
|turn|64
|
|t:|1662647895
|switch|p1a: Azelf|Azelf|100/100
|cant|p2a: Suicune|slp
|
|upkeep
|turn|65
|
|t:|1662647896
|move|p1a: Azelf|Knock Off|p2a: Suicune
|-damage|p2a: Suicune|88/100 slp
|-enditem|p2a: Suicune|Leftovers|[from] move: Knock Off|[of] p1a: Azelf
|cant|p2a: Suicune|slp
|
|upkeep
|turn|66
|
|t:|1662647901
|move|p1a: Azelf|U-turn|p2a: Suicune
|-damage|p2a: Suicune|78/100 slp
|
|t:|1662647903
|switch|p1a: Primarina|Primarina, F|100/100|[from]move: U-turn
|-damage|p1a: Primarina|88/100|[from] Stealth Rock
|-curestatus|p2a: Suicune|slp|[msg]
|move|p2a: Suicune|Scald|p1a: Primarina
|-resisted|p1a: Primarina
|-damage|p1a: Primarina|57/100
|
|-heal|p1a: Primarina|63/100|[from] item: Leftovers
|upkeep
|turn|67
|
|t:|1662647906
|move|p2a: Suicune|Scald|p1a: Primarina
|-resisted|p1a: Primarina
|-damage|p1a: Primarina|28/100
|move|p1a: Primarina|Calm Mind|p1a: Primarina
|-boost|p1a: Primarina|spa|1
|-boost|p1a: Primarina|spd|1
|
|-heal|p1a: Primarina|34/100|[from] item: Leftovers
|upkeep
|turn|68
|
|t:|1662647913
|move|p2a: Suicune|Rest|p2a: Suicune
|-status|p2a: Suicune|slp|[from] move: Rest
|-heal|p2a: Suicune|100/100 slp|[silent]
|move|p1a: Primarina|Rest|p1a: Primarina
|-status|p1a: Primarina|slp|[from] move: Rest
|-heal|p1a: Primarina|100/100 slp|[silent]
|
|upkeep
|turn|69
|
|t:|1662647915
|cant|p2a: Suicune|slp
|cant|p1a: Primarina|slp
|move|p1a: Primarina|Snore|p2a: Suicune
|-resisted|p2a: Suicune
|-damage|p2a: Suicune|98/100 slp
|
|upkeep
|turn|70
|
|t:|1662647918
|cant|p2a: Suicune|slp
|cant|p1a: Primarina|slp
|move|p1a: Primarina|Snore|p2a: Suicune
|-resisted|p2a: Suicune
|-damage|p2a: Suicune|95/100 slp
|
|upkeep
|turn|71
|
|t:|1662647927
|-curestatus|p2a: Suicune|slp|[msg]
|move|p2a: Suicune|Calm Mind|p2a: Suicune
|-boost|p2a: Suicune|spa|0
|-boost|p2a: Suicune|spd|0
|-curestatus|p1a: Primarina|slp|[msg]
|move|p1a: Primarina|Calm Mind|p1a: Primarina
|-boost|p1a: Primarina|spa|1
|-boost|p1a: Primarina|spd|1
|
|upkeep
|turn|72
|
|t:|1662647930
|move|p2a: Suicune|Calm Mind|p2a: Suicune
|-boost|p2a: Suicune|spa|0
|-boost|p2a: Suicune|spd|0
|move|p1a: Primarina|Calm Mind|p1a: Primarina
|-boost|p1a: Primarina|spa|1
|-boost|p1a: Primarina|spd|1
|
|upkeep
|turn|73
|
|t:|1662647933
|move|p2a: Suicune|Calm Mind|p2a: Suicune
|-boost|p2a: Suicune|spa|0
|-boost|p2a: Suicune|spd|0
|move|p1a: Primarina|Calm Mind|p1a: Primarina
|-boost|p1a: Primarina|spa|1
|-boost|p1a: Primarina|spd|1
|
|upkeep
|turn|74
|
|t:|1662647935
|move|p2a: Suicune|Calm Mind|p2a: Suicune
|-boost|p2a: Suicune|spa|0
|-boost|p2a: Suicune|spd|0
|move|p1a: Primarina|Calm Mind|p1a: Primarina
|-boost|p1a: Primarina|spa|1
|-boost|p1a: Primarina|spd|1
|
|upkeep
|turn|75
|
|t:|1662647938
|move|p2a: Suicune|Calm Mind|p2a: Suicune
|-boost|p2a: Suicune|spa|0
|-boost|p2a: Suicune|spd|0
|move|p1a: Primarina|Calm Mind|p1a: Primarina
|-boost|p1a: Primarina|spa|1
|-boost|p1a: Primarina|spd|1
|
|upkeep
|turn|76
|
|t:|1662647946
|move|p2a: Suicune|Ice Beam|p1a: Primarina
|-resisted|p1a: Primarina
|-damage|p1a: Primarina|94/100
|move|p1a: Primarina|Rest|p1a: Primarina
|-status|p1a: Primarina|slp|[from] move: Rest
|-heal|p1a: Primarina|100/100 slp|[silent]
|
|upkeep
|turn|77
|
|t:|1662647950
|move|p2a: Suicune|Rest|p2a: Suicune
|-status|p2a: Suicune|slp|[from] move: Rest
|-heal|p2a: Suicune|100/100 slp|[silent]
|cant|p1a: Primarina|slp
|
|upkeep
|turn|78
|
|t:|1662647952
|cant|p2a: Suicune|slp
|cant|p1a: Primarina|slp
|
|upkeep
|turn|79
|
|t:|1662647955
|cant|p2a: Suicune|slp
|-curestatus|p1a: Primarina|slp|[msg]
|move|p1a: Primarina|Snore||[still]
|-fail|p1a: Primarina
|
|upkeep
|turn|80
|
|t:|1662647960
|-curestatus|p2a: Suicune|slp|[msg]
|move|p2a: Suicune|Calm Mind|p2a: Suicune
|-boost|p2a: Suicune|spa|0
|-boost|p2a: Suicune|spd|0
|move|p1a: Primarina|Rest|p1a: Primarina
|-fail|p1a: Primarina|heal
|
|upkeep
|turn|81
|
|t:|1662647963
|move|p2a: Suicune|Calm Mind|p2a: Suicune
|-boost|p2a: Suicune|spa|0
|-boost|p2a: Suicune|spd|0
|move|p1a: Primarina|Rest|p1a: Primarina
|-fail|p1a: Primarina|heal
|
|upkeep
|turn|82
|
|t:|1662647971
|move|p2a: Suicune|Ice Beam|p1a: Primarina
|-resisted|p1a: Primarina
|-damage|p1a: Primarina|94/100
|move|p1a: Primarina|Rest|p1a: Primarina
|-status|p1a: Primarina|slp|[from] move: Rest
|-heal|p1a: Primarina|100/100 slp|[silent]
|
|upkeep
|turn|83
|
|t:|1662647977
|move|p2a: Suicune|Calm Mind|p2a: Suicune
|-boost|p2a: Suicune|spa|0
|-boost|p2a: Suicune|spd|0
|cant|p1a: Primarina|slp
|
|upkeep
|turn|84
|
|t:|1662647979
|move|p2a: Suicune|Calm Mind|p2a: Suicune
|-boost|p2a: Suicune|spa|0
|-boost|p2a: Suicune|spd|0
|cant|p1a: Primarina|slp
|
|upkeep
|turn|85
|
|t:|1662647982
|move|p2a: Suicune|Calm Mind|p2a: Suicune
|-boost|p2a: Suicune|spa|0
|-boost|p2a: Suicune|spd|0
|-curestatus|p1a: Primarina|slp|[msg]
|move|p1a: Primarina|Rest|p1a: Primarina
|-fail|p1a: Primarina|heal
|
|upkeep
|turn|86
|
|t:|1662647987
|move|p2a: Suicune|Calm Mind|p2a: Suicune
|-boost|p2a: Suicune|spa|0
|-boost|p2a: Suicune|spd|0
|move|p1a: Primarina|Rest|p1a: Primarina
|-fail|p1a: Primarina|heal
|
|upkeep
|turn|87
|
|t:|1662647996
|move|p2a: Suicune|Rest|p2a: Suicune
|-fail|p2a: Suicune|heal
|move|p1a: Primarina|Snore||[still]
|-fail|p1a: Primarina
|
|upkeep
|turn|88
|
|t:|1662648001
|move|p2a: Suicune|Scald|p1a: Primarina
|-resisted|p1a: Primarina
|-damage|p1a: Primarina|93/100
|move|p1a: Primarina|Snore||[still]
|-fail|p1a: Primarina
|
|-heal|p1a: Primarina|99/100|[from] item: Leftovers
|upkeep
|turn|89
|
|t:|1662648005
|move|p2a: Suicune|Ice Beam|p1a: Primarina
|-resisted|p1a: Primarina
|-damage|p1a: Primarina|92/100
|move|p1a: Primarina|Rest|p1a: Primarina
|-status|p1a: Primarina|slp|[from] move: Rest
|-heal|p1a: Primarina|100/100 slp|[silent]
|
|upkeep
|turn|90
|
|t:|1662648017
|move|p2a: Suicune|Ice Beam|p1a: Primarina
|-resisted|p1a: Primarina
|-damage|p1a: Primarina|94/100 slp
|cant|p1a: Primarina|slp
|
|-heal|p1a: Primarina|100/100 slp|[from] item: Leftovers
|upkeep
|turn|91
|
|t:|1662648021
|move|p2a: Suicune|Scald|p1a: Primarina
|-resisted|p1a: Primarina
|-damage|p1a: Primarina|93/100 slp
|cant|p1a: Primarina|slp
|
|-heal|p1a: Primarina|99/100 slp|[from] item: Leftovers
|upkeep
|turn|92
|
|t:|1662648029
|move|p2a: Suicune|Scald|p1a: Primarina
|-resisted|p1a: Primarina
|-damage|p1a: Primarina|92/100 slp
|-curestatus|p1a: Primarina|slp|[msg]
|move|p1a: Primarina|Rest|p1a: Primarina
|-status|p1a: Primarina|slp|[from] move: Rest
|-heal|p1a: Primarina|100/100 slp|[silent]
|
|upkeep
|turn|93
|
|t:|1662648037
|move|p2a: Suicune|Ice Beam|p1a: Primarina
|-resisted|p1a: Primarina
|-damage|p1a: Primarina|94/100 slp
|cant|p1a: Primarina|slp
|
|-heal|p1a: Primarina|99/100 slp|[from] item: Leftovers
|upkeep
|turn|94
|
|t:|1662648040
|move|p2a: Suicune|Ice Beam|p1a: Primarina
|-resisted|p1a: Primarina
|-damage|p1a: Primarina|94/100 slp
|cant|p1a: Primarina|slp
|
|-heal|p1a: Primarina|99/100 slp|[from] item: Leftovers
|upkeep
|turn|95
|
|t:|1662648044
|move|p2a: Suicune|Ice Beam|p1a: Primarina
|-resisted|p1a: Primarina
|-damage|p1a: Primarina|93/100 slp
|-curestatus|p1a: Primarina|slp|[msg]
|move|p1a: Primarina|Rest|p1a: Primarina
|-status|p1a: Primarina|slp|[from] move: Rest
|-heal|p1a: Primarina|100/100 slp|[silent]
|
|upkeep
|turn|96
|
|t:|1662648047
|move|p2a: Suicune|Ice Beam|p1a: Primarina
|-resisted|p1a: Primarina
|-damage|p1a: Primarina|95/100 slp
|cant|p1a: Primarina|slp
|
|-heal|p1a: Primarina|100/100 slp|[from] item: Leftovers
|upkeep
|turn|97
|
|t:|1662648050
|move|p2a: Suicune|Ice Beam|p1a: Primarina
|-resisted|p1a: Primarina
|-damage|p1a: Primarina|94/100 slp
|cant|p1a: Primarina|slp
|
|-heal|p1a: Primarina|99/100 slp|[from] item: Leftovers
|upkeep
|turn|98
|
|t:|1662648059
|move|p2a: Suicune|Rest|p2a: Suicune
|-fail|p2a: Suicune|heal
|-curestatus|p1a: Primarina|slp|[msg]
|move|p1a: Primarina|Rest|p1a: Primarina
|-status|p1a: Primarina|slp|[from] move: Rest
|-heal|p1a: Primarina|100/100 slp|[silent]
|
|upkeep
|turn|99
|
|t:|1662648075
|move|p2a: Suicune|Ice Beam|p1a: Primarina
|-resisted|p1a: Primarina
|-damage|p1a: Primarina|94/100 slp
|cant|p1a: Primarina|slp
|
|-heal|p1a: Primarina|100/100 slp|[from] item: Leftovers
|upkeep
|turn|100
|
|t:|1662648079
|move|p2a: Suicune|Ice Beam|p1a: Primarina
|-resisted|p1a: Primarina
|-damage|p1a: Primarina|94/100 slp
|cant|p1a: Primarina|slp
|
|-heal|p1a: Primarina|100/100 slp|[from] item: Leftovers
|upkeep
|turn|101
|
|t:|1662648084
|move|p2a: Suicune|Ice Beam|p1a: Primarina
|-resisted|p1a: Primarina
|-damage|p1a: Primarina|94/100 slp
|-curestatus|p1a: Primarina|slp|[msg]
|move|p1a: Primarina|Rest|p1a: Primarina
|-status|p1a: Primarina|slp|[from] move: Rest
|-heal|p1a: Primarina|100/100 slp|[silent]
|
|upkeep
|turn|102
|
|t:|1662648089
|move|p2a: Suicune|Ice Beam|p1a: Primarina
|-resisted|p1a: Primarina
|-damage|p1a: Primarina|94/100 slp
|cant|p1a: Primarina|slp
|
|-heal|p1a: Primarina|100/100 slp|[from] item: Leftovers
|upkeep
|turn|103
|
|t:|1662648091
|move|p2a: Suicune|Ice Beam|p1a: Primarina
|-resisted|p1a: Primarina
|-damage|p1a: Primarina|94/100 slp
|cant|p1a: Primarina|slp
|
|-heal|p1a: Primarina|99/100 slp|[from] item: Leftovers
|upkeep
|turn|104
|
|t:|1662648095
|move|p2a: Suicune|Scald|p1a: Primarina
|-resisted|p1a: Primarina
|-damage|p1a: Primarina|92/100 slp
|-curestatus|p1a: Primarina|slp|[msg]
|move|p1a: Primarina|Rest|p1a: Primarina
|-status|p1a: Primarina|slp|[from] move: Rest
|-heal|p1a: Primarina|100/100 slp|[silent]
|
|upkeep
|turn|105
|
|t:|1662648108
|move|p2a: Suicune|Scald|p1a: Primarina
|-resisted|p1a: Primarina
|-damage|p1a: Primarina|93/100 slp
|cant|p1a: Primarina|slp
|
|-heal|p1a: Primarina|99/100 slp|[from] item: Leftovers
|upkeep
|turn|106
|
|t:|1662648113
|move|p2a: Suicune|Rest|p2a: Suicune
|-fail|p2a: Suicune|heal
|cant|p1a: Primarina|slp
|
|-heal|p1a: Primarina|100/100 slp|[from] item: Leftovers
|upkeep
|turn|107
|
|t:|1662648124
|move|p2a: Suicune|Rest|p2a: Suicune
|-fail|p2a: Suicune|heal
|-curestatus|p1a: Primarina|slp|[msg]
|move|p1a: Primarina|Calm Mind|p1a: Primarina
|-boost|p1a: Primarina|spa|0
|-boost|p1a: Primarina|spd|0
|
|upkeep
|turn|108
|
|t:|1662648131
|move|p2a: Suicune|Scald|p1a: Primarina
|-resisted|p1a: Primarina
|-damage|p1a: Primarina|92/100
|move|p1a: Primarina|Snore||[still]
|-fail|p1a: Primarina
|
|-heal|p1a: Primarina|98/100|[from] item: Leftovers
|upkeep
|turn|109
|
|t:|1662648135
|move|p2a: Suicune|Rest|p2a: Suicune
|-fail|p2a: Suicune|heal
|move|p1a: Primarina|Rest|p1a: Primarina
|-status|p1a: Primarina|slp|[from] move: Rest
|-heal|p1a: Primarina|100/100 slp|[silent]
|
|upkeep
|turn|110
|
|t:|1662648139
|move|p2a: Suicune|Rest|p2a: Suicune
|-fail|p2a: Suicune|heal
|cant|p1a: Primarina|slp
|
|upkeep
|turn|111
|
|t:|1662648141
|move|p2a: Suicune|Scald|p1a: Primarina
|-resisted|p1a: Primarina
|-damage|p1a: Primarina|93/100 slp
|cant|p1a: Primarina|slp
|
|-heal|p1a: Primarina|99/100 slp|[from] item: Leftovers
|upkeep
|turn|112
|
|t:|1662648150
|move|p2a: Suicune|Rest|p2a: Suicune
|-fail|p2a: Suicune|heal
|-curestatus|p1a: Primarina|slp|[msg]
|move|p1a: Primarina|Snore||[still]
|-fail|p1a: Primarina
|
|-heal|p1a: Primarina|100/100|[from] item: Leftovers
|upkeep
|turn|113
|
|t:|1662648153
|move|p2a: Suicune|Rest|p2a: Suicune
|-fail|p2a: Suicune|heal
|move|p1a: Primarina|Snore||[still]
|-fail|p1a: Primarina
|
|upkeep
|turn|114
|
|t:|1662648164
|move|p2a: Suicune|Scald|p1a: Primarina
|-resisted|p1a: Primarina
|-damage|p1a: Primarina|93/100
|move|p1a: Primarina|Moonblast|p2a: Suicune
|-damage|p2a: Suicune|68/100
|-unboost|p2a: Suicune|spa|1
|
|-heal|p1a: Primarina|99/100|[from] item: Leftovers
|upkeep
|turn|115
|
|t:|1662648176
|switch|p1a: Skarmory|Skarmory, F|61/100
|-damage|p1a: Skarmory|48/100|[from] Stealth Rock
|move|p2a: Suicune|Scald|p1a: Skarmory
|-damage|p1a: Skarmory|0 fnt
|faint|p1a: Skarmory
|
|upkeep
|l|☆coutcout54
|inactive|coutcout54 disconnected and has a minute to reconnect!
|player|p1|
|inactive|coutcout54 has 30 seconds to reconnect!
|inactive|coutcout54 has 20 seconds to reconnect!
|inactive|coutcout54 has 15 seconds to reconnect!
|inactive|coutcout54 has 10 seconds to reconnect!
|inactive|coutcout54 has 5 seconds to reconnect!
|-message|coutcout54 lost due to inactivity.
|
|win|GryphonEX
|raw|coutcout54's rating: 1311 &rarr; <strong>1301</strong><br />(-10 for losing)
|raw|GryphonEX's rating: 1502 &rarr; <strong>1512</strong><br />(+10 for winning)
