|j|☆vive macron
|j|☆SUPER_CJYAJIN
|t:|1612906362
|player|p1|vive macron|tuber|1419
|player|p2|SUPER_CJYAJIN|youngster-gen4|1250
|teamsize|p1|6
|teamsize|p2|6
|gametype|singles
|gen|8
|tier|[Gen 8] UU
|rated|
|clearpoke
|poke|p1|Scizor, F|
|poke|p1|Slowking, M|
|poke|p1|Kommo-o, M|
|poke|p1|Ditto|
|poke|p1|Nihilego|
|poke|p1|Rotom-Heat|
|poke|p2|Moltres-Galar|
|poke|p2|Mamoswine, M|
|poke|p2|Crawdaunt, M|
|poke|p2|Grimmsnarl, M|
|poke|p2|Celesteela|
|poke|p2|Nihilego|
|rule|Sleep Clause Mod: Limit one foe put to sleep
|rule|Species Clause: Limit one of each Pokémon
|rule|OHKO Clause: OHKO moves are banned
|rule|Evasion Moves Clause: Evasion moves are banned
|rule|Endless Battle Clause: Forcing endless battles is banned
|rule|HP Percentage Mod: HP is shown in percentages
|rule|Dynamax Clause: You cannot dynamax
|teampreview
|
|t:|1612906385
|start
|switch|p1a: Scizor|Scizor, F|100/100
|switch|p2a: Mamoswine|Mamoswine, M|100/100
|turn|1
|
|t:|1612906394
|move|p1a: Scizor|Bullet Punch|p2a: Mamoswine
|-supereffective|p2a: Mamoswine
|-damage|p2a: Mamoswine|13/100
|-damage|p1a: Scizor|91/100|[from] item: Life Orb
|move|p2a: Mamoswine|Stealth Rock|p1a: Scizor
|-sidestart|p1: vive macron|move: Stealth Rock
|
|upkeep
|turn|2
|
|t:|1612906405
|move|p2a: Mamoswine|Ice Shard|p1a: Scizor
|-resisted|p1a: Scizor
|-damage|p1a: Scizor|81/100
|move|p1a: Scizor|Bullet Punch|p2a: Mamoswine
|-supereffective|p2a: Mamoswine
|-damage|p2a: Mamoswine|0 fnt
|-damage|p1a: Scizor|71/100|[from] item: Life Orb
|faint|p2a: Mamoswine
|
|upkeep
|
|t:|1612906419
|switch|p2a: Celesteela|Celesteela|100/100
|turn|3
|
|t:|1612906424
|switch|p1a: Rotom|Rotom-Heat|100/100
|move|p2a: Celesteela|Flamethrower|p1a: Rotom
|-resisted|p1a: Rotom
|-damage|p1a: Rotom|90/100
|
|upkeep
|turn|4
|
|t:|1612906430
|move|p2a: Celesteela|Protect|p2a: Celesteela
|-singleturn|p2a: Celesteela|Protect
|move|p1a: Rotom|Defog|p2a: Celesteela
|-activate|p2a: Celesteela|move: Protect
|
|upkeep
|turn|5
|
|t:|1612906437
|switch|p2a: Nihilego|Nihilego|100/100
|move|p1a: Rotom|Defog|p2a: Nihilego
|-unboost|p2a: Nihilego|evasion|1
|-sideend|p1: vive macron|Stealth Rock|[from] move: Defog|[of] p1a: Rotom
|
|upkeep
|turn|6
|
|t:|1612906451
|switch|p1a: Slowking|Slowking, M|100/100
|move|p2a: Nihilego|Power Gem|p1a: Slowking
|-damage|p1a: Slowking|65/100
|
|upkeep
|turn|7
|
|t:|1612906463
|switch|p2a: Crawdaunt|Crawdaunt, M|100/100
|move|p1a: Slowking|Future Sight|p2a: Crawdaunt
|-start|p1a: Slowking|move: Future Sight
|
|upkeep
|turn|8
|
|t:|1612906468
|switch|p1a: Kommo-o|Kommo-o, M|100/100
|move|p2a: Crawdaunt|Knock Off|p1a: Kommo-o
|-resisted|p1a: Kommo-o
|-crit|p1a: Kommo-o
|-damage|p1a: Kommo-o|53/100
|-enditem|p1a: Kommo-o|Leftovers|[from] move: Knock Off|[of] p2a: Crawdaunt
|
|upkeep
|turn|9
|
|t:|1612906476
|switch|p2a: Grimmsnarl|Grimmsnarl, M|100/100
|move|p1a: Kommo-o|Stealth Rock|p2a: Grimmsnarl
|-sidestart|p2: SUPER_CJYAJIN|move: Stealth Rock
|
|-end|p2a: Grimmsnarl|move: Future Sight
|-immune|p2a: Grimmsnarl
|upkeep
|turn|10
|
|t:|1612906492
|switch|p1a: Scizor|Scizor, F|71/100
|move|p2a: Grimmsnarl|Reflect|p2a: Grimmsnarl
|-sidestart|p2: SUPER_CJYAJIN|Reflect
|
|upkeep
|turn|11
|
|t:|1612906498
|switch|p2a: Moltres|Moltres-Galar|100/100
|move|p1a: Scizor|Roost|p1a: Scizor
|-heal|p1a: Scizor|100/100
|-singleturn|p1a: Scizor|move: Roost
|
|upkeep
|turn|12
|
|t:|1612906516
|move|p2a: Moltres|Hurricane|p1a: Scizor|[miss]
|-miss|p2a: Moltres|p1a: Scizor
|move|p1a: Scizor|U-turn|p2a: Moltres
|-damage|p2a: Moltres|75/100
|-damage|p1a: Scizor|91/100|[from] item: Life Orb
|
|t:|1612906530
|switch|p1a: Nihilego|Nihilego|100/100|[from]move: U-turn
|
|upkeep
|turn|13
|
|t:|1612906540
|switch|p2a: Celesteela|Celesteela|100/100
|-damage|p2a: Celesteela|88/100|[from] Stealth Rock
|move|p1a: Nihilego|Meteor Beam||[still]
|-prepare|p1a: Nihilego|Meteor Beam
|-boost|p1a: Nihilego|spa|1
|-enditem|p1a: Nihilego|Power Herb
|-anim|p1a: Nihilego|Meteor Beam|p2a: Celesteela
|-crit|p2a: Celesteela
|-damage|p2a: Celesteela|6/100
|
|-heal|p2a: Celesteela|12/100|[from] item: Leftovers
|upkeep
|turn|14
|
|t:|1612906557
|move|p2a: Celesteela|Protect|p2a: Celesteela
|-singleturn|p2a: Celesteela|Protect
|move|p1a: Nihilego|Power Gem|p2a: Celesteela
|-activate|p2a: Celesteela|move: Protect
|
|-heal|p2a: Celesteela|18/100|[from] item: Leftovers
|upkeep
|turn|15
|
|t:|1612906569
|move|p1a: Nihilego|Thunderbolt|p2a: Celesteela
|-supereffective|p2a: Celesteela
|-damage|p2a: Celesteela|0 fnt
|faint|p2a: Celesteela
|-ability|p1a: Nihilego|Beast Boost|boost
|-boost|p1a: Nihilego|spe|1
|
|upkeep
|
|t:|1612906575
|switch|p2a: Crawdaunt|Crawdaunt, M|100/100
|-damage|p2a: Crawdaunt|88/100|[from] Stealth Rock
|turn|16
|
|t:|1612906583
|move|p1a: Nihilego|Sludge Wave|p2a: Crawdaunt
|-damage|p2a: Crawdaunt|0 fnt
|faint|p2a: Crawdaunt
|-ability|p1a: Nihilego|Beast Boost|boost
|-boost|p1a: Nihilego|spe|1
|
|upkeep
|
|t:|1612906587
|switch|p2a: Grimmsnarl|Grimmsnarl, M|100/100
|-damage|p2a: Grimmsnarl|88/100|[from] Stealth Rock
|turn|17
|
|t:|1612906594
|move|p2a: Grimmsnarl|Light Screen|p2a: Grimmsnarl
|-sidestart|p2: SUPER_CJYAJIN|move: Light Screen
|move|p1a: Nihilego|Sludge Wave|p2a: Grimmsnarl
|-supereffective|p2a: Grimmsnarl
|-damage|p2a: Grimmsnarl|7/100
|
|-sideend|p2: SUPER_CJYAJIN|Reflect
|upkeep
|turn|18
|
|t:|1612906600
|move|p2a: Grimmsnarl|Reflect|p2a: Grimmsnarl
|-sidestart|p2: SUPER_CJYAJIN|Reflect
|move|p1a: Nihilego|Meteor Beam||[still]
|-prepare|p1a: Nihilego|Meteor Beam
|-boost|p1a: Nihilego|spa|1
|
|upkeep
|turn|19
|l|☆SUPER_CJYAJIN
|player|p2|
|j|☆SUPER_CJYAJIN
|player|p2|SUPER_CJYAJIN|youngster-gen4
|inactive|Battle timer is ON: inactive players will automatically lose when time's up. (requested by vive macron)
|
|t:|1612906642
|move|p1a: Nihilego|Meteor Beam|p2a: Grimmsnarl|[from]lockedmove
|-damage|p2a: Grimmsnarl|0 fnt
|faint|p2a: Grimmsnarl
|-ability|p1a: Nihilego|Beast Boost|boost
|-boost|p1a: Nihilego|spe|1
|
|upkeep
|
|t:|1612906646
|switch|p2a: Moltres|Moltres-Galar|75/100
|turn|20
|
|t:|1612906653
|move|p1a: Nihilego|Power Gem|p2a: Moltres
|-supereffective|p2a: Moltres
|-damage|p2a: Moltres|6/100
|-ability|p2a: Moltres|Berserk|boost
|-boost|p2a: Moltres|spa|1
|move|p2a: Moltres|Agility|p2a: Moltres
|-boost|p2a: Moltres|spe|2
|
|upkeep
|turn|21
|
|t:|1612906661
|move|p1a: Nihilego|Power Gem|p2a: Moltres
|-supereffective|p2a: Moltres
|-damage|p2a: Moltres|0 fnt
|faint|p2a: Moltres
|-ability|p1a: Nihilego|Beast Boost|boost
|-boost|p1a: Nihilego|spe|1
|
|upkeep
|-message|SUPER_CJYAJIN forfeited.
|
|win|vive macron
|l|☆SUPER_CJYAJIN
||Ladder (probably) updated, but score could not be retrieved (Request timeout).
