|j|☆ishouldstudyabit
|j|☆Raltzing Around
|player|p1|ishouldstudyabit|162|1625
|player|p2|Raltzing Around|146|1702
|teamsize|p1|6
|teamsize|p2|6
|gametype|singles
|gen|8
|tier|[Gen 8] UU
|rated|
|clearpoke
|poke|p1|Mantine, M|
|poke|p1|Drapion, F|
|poke|p1|Mamoswine, M|
|poke|p1|Dhelmise|
|poke|p1|Noivern, F|
|poke|p1|Gardevoir, F|
|poke|p2|Roserade, M|
|poke|p2|Rhyperior, F|
|poke|p2|Noivern, M|
|poke|p2|Milotic, M|
|poke|p2|Weavile, F|
|poke|p2|Doublade, M|
|rule|Sleep Clause Mod: Limit one foe put to sleep
|rule|Species Clause: Limit one of each Pokémon
|rule|OHKO Clause: OHKO moves are banned
|rule|Evasion Moves Clause: Evasion moves are banned
|rule|Endless Battle Clause: Forcing endless battles is banned
|rule|HP Percentage Mod: HP is shown in percentages
|rule|Dynamax Clause: You cannot dynamax
|teampreview
|
|start
|switch|p1a: Dhelmise|Dhelmise|100/100
|switch|p2a: Roserade|Roserade, M|100/100
|turn|1
|
|switch|p2a: Noivern|Noivern, M|100/100
|move|p1a: Dhelmise|Anchor Shot|p2a: Noivern
|-damage|p2a: Noivern|36/100
|-activate|p2a: Noivern|trapped
|
|upkeep
|turn|2
|
|move|p2a: Noivern|Roost|p2a: Noivern
|-heal|p2a: Noivern|86/100
|-singleturn|p2a: Noivern|move: Roost
|move|p1a: Dhelmise|Anchor Shot|p2a: Noivern
|-damage|p2a: Noivern|28/100
|
|upkeep
|turn|3
|
|move|p2a: Noivern|Hurricane|p1a: Dhelmise
|-supereffective|p1a: Dhelmise
|-damage|p1a: Dhelmise|33/100
|move|p1a: Dhelmise|Anchor Shot|p2a: Noivern
|-damage|p2a: Noivern|0 fnt
|faint|p2a: Noivern
|
|upkeep
|
|switch|p2a: Weavile|Weavile, F|100/100
|-ability|p2a: Weavile|Pressure
|turn|4
|
|switch|p1a: Mantine|Mantine, M|100/100
|move|p2a: Weavile|Throat Chop|p1a: Mantine
|-damage|p1a: Mantine|49/100
|-start|p1a: Mantine|Throat Chop|[silent]
|
|upkeep
|turn|5
|
|switch|p1a: Drapion|Drapion, F|100/100
|move|p2a: Weavile|Throat Chop|p1a: Drapion
|-resisted|p1a: Drapion
|-damage|p1a: Drapion|72/100
|-start|p1a: Drapion|Throat Chop|[silent]
|
|-heal|p1a: Drapion|78/100|[from] item: Black Sludge
|upkeep
|turn|6
|
|switch|p2a: Rhyperior|Rhyperior, F|100/100
|move|p1a: Drapion|Knock Off|p2a: Rhyperior
|-damage|p2a: Rhyperior|79/100
|-enditem|p2a: Rhyperior|Leftovers|[from] move: Knock Off|[of] p1a: Drapion
|
|-heal|p1a: Drapion|84/100|[from] item: Black Sludge
|-end|p1a: Drapion|Throat Chop|[silent]
|upkeep
|turn|7
|
|switch|p1a: Dhelmise|Dhelmise|33/100
|move|p2a: Rhyperior|Stealth Rock|p1a: Dhelmise
|-sidestart|p1: ishouldstudyabit|move: Stealth Rock
|
|upkeep
|turn|8
|
|switch|p2a: Doublade|Doublade, M|100/100
|move|p1a: Dhelmise|Shadow Claw|p2a: Doublade
|-supereffective|p2a: Doublade
|-damage|p2a: Doublade|60/100
|
|upkeep
|turn|9
|
|switch|p1a: Mantine|Mantine, M|49/100
|move|p2a: Doublade|Shadow Sneak|p1a: Mantine
|-damage|p1a: Mantine|33/100
|
|upkeep
|turn|10
|
|switch|p2a: Roserade|Roserade, M|100/100
|move|p1a: Mantine|Roost|p1a: Mantine
|-heal|p1a: Mantine|83/100
|-singleturn|p1a: Mantine|move: Roost
|
|upkeep
|turn|11
|
|switch|p1a: Drapion|Drapion, F|84/100
|-damage|p1a: Drapion|72/100|[from] Stealth Rock
|move|p2a: Roserade|Sleep Powder|p1a: Drapion
|-status|p1a: Drapion|slp|[from] move: Sleep Powder
|
|-heal|p1a: Drapion|78/100 slp|[from] item: Black Sludge
|upkeep
|turn|12
|
|switch|p2a: Weavile|Weavile, F|100/100
|-ability|p2a: Weavile|Pressure
|cant|p1a: Drapion|slp
|
|-heal|p1a: Drapion|84/100 slp|[from] item: Black Sludge
|upkeep
|turn|13
|inactive|Battle timer is ON: inactive players will automatically lose when time's up. (requested by Raltzing Around)
|
|switch|p1a: Mantine|Mantine, M|83/100
|move|p2a: Weavile|Icicle Crash|p1a: Mantine
|-damage|p1a: Mantine|35/100
|
|upkeep
|turn|14
|
|move|p2a: Weavile|Icicle Crash|p1a: Mantine
|-damage|p1a: Mantine|0 fnt
|faint|p1a: Mantine
|
|upkeep
|
|switch|p1a: Mamoswine|Mamoswine, M|100/100
|-damage|p1a: Mamoswine|88/100|[from] Stealth Rock
|turn|15
|
|switch|p2a: Milotic|Milotic, M|100/100
|move|p1a: Mamoswine|Earthquake|p2a: Milotic
|-damage|p2a: Milotic|33/100
|-damage|p1a: Mamoswine|78/100|[from] item: Life Orb
|
|-heal|p2a: Milotic|39/100|[from] item: Leftovers
|upkeep
|turn|16
|
|move|p1a: Mamoswine|Earthquake|p2a: Milotic
|-damage|p2a: Milotic|0 fnt
|-damage|p1a: Mamoswine|68/100|[from] item: Life Orb
|faint|p2a: Milotic
|
|upkeep
|inactive|Raltzing Around has 120 seconds left.
|
|switch|p2a: Roserade|Roserade, M|100/100
|turn|17
|
|switch|p2a: Weavile|Weavile, F|100/100
|-ability|p2a: Weavile|Pressure
|switch|p1a: Drapion|Drapion, F|84/100 slp
|-damage|p1a: Drapion|72/100 slp|[from] Stealth Rock
|
|-heal|p1a: Drapion|78/100 slp|[from] item: Black Sludge
|upkeep
|turn|18
|j| Aishud B Elswer
|
|switch|p1a: Dhelmise|Dhelmise|33/100
|-damage|p1a: Dhelmise|21/100|[from] Stealth Rock
|move|p2a: Weavile|Icicle Crash|p1a: Dhelmise
|-supereffective|p1a: Dhelmise
|-damage|p1a: Dhelmise|0 fnt
|faint|p1a: Dhelmise
|
|upkeep
|
|switch|p1a: Mamoswine|Mamoswine, M|68/100
|-damage|p1a: Mamoswine|56/100|[from] Stealth Rock
|turn|19
|inactive|Raltzing Around has 120 seconds left.
|
|switch|p2a: Rhyperior|Rhyperior, F|79/100
|move|p1a: Mamoswine|Earthquake|p2a: Rhyperior
|-supereffective|p2a: Rhyperior
|-damage|p2a: Rhyperior|16/100
|-damage|p1a: Mamoswine|46/100|[from] item: Life Orb
|
|upkeep
|turn|20
|inactive|ishouldstudyabit has 120 seconds left.
|
|move|p1a: Mamoswine|Earthquake|p2a: Rhyperior
|-supereffective|p2a: Rhyperior
|-damage|p2a: Rhyperior|0 fnt
|-damage|p1a: Mamoswine|36/100|[from] item: Life Orb
|faint|p2a: Rhyperior
|
|upkeep
|
|switch|p2a: Roserade|Roserade, M|100/100
|turn|21
|inactive|ishouldstudyabit has 120 seconds left.
|
|move|p2a: Roserade|Giga Drain|p1a: Mamoswine
|-supereffective|p1a: Mamoswine
|-damage|p1a: Mamoswine|0 fnt
|faint|p1a: Mamoswine
|
|upkeep
|
|switch|p1a: Noivern|Noivern, F|100/100
|-damage|p1a: Noivern|76/100|[from] Stealth Rock
|turn|22
|
|move|p1a: Noivern|Flamethrower|p2a: Roserade
|-supereffective|p2a: Roserade
|-damage|p2a: Roserade|1/100
|move|p2a: Roserade|Sludge Bomb|p1a: Noivern
|-damage|p1a: Noivern|19/100
|
|-heal|p2a: Roserade|7/100|[from] item: Black Sludge
|upkeep
|turn|23
|
|move|p1a: Noivern|Flamethrower|p2a: Roserade
|-supereffective|p2a: Roserade
|-damage|p2a: Roserade|0 fnt
|faint|p2a: Roserade
|
|upkeep
|
|switch|p2a: Weavile|Weavile, F|100/100
|-ability|p2a: Weavile|Pressure
|turn|24
|
|move|p2a: Weavile|Icicle Crash|p1a: Noivern
|-supereffective|p1a: Noivern
|-damage|p1a: Noivern|0 fnt
|faint|p1a: Noivern
|
|upkeep
|
|switch|p1a: Gardevoir|Gardevoir, F|100/100
|-damage|p1a: Gardevoir|88/100|[from] Stealth Rock
|-ability|p1a: Gardevoir|Pressure|[from] ability: Trace|[of] p2a: Weavile
|-ability|p1a: Gardevoir|Pressure
|turn|25
|
|move|p1a: Gardevoir|Moonblast|p2a: Weavile
|-supereffective|p2a: Weavile
|-damage|p2a: Weavile|0 fnt
|faint|p2a: Weavile
|
|upkeep
|
|switch|p2a: Doublade|Doublade, M|60/100
|turn|26
|
|move|p1a: Gardevoir|Moonblast|p2a: Doublade
|-resisted|p2a: Doublade
|-damage|p2a: Doublade|29/100
|move|p2a: Doublade|Swords Dance|p2a: Doublade
|-boost|p2a: Doublade|atk|2
|
|upkeep
|turn|27
|
|move|p2a: Doublade|Shadow Sneak|p1a: Gardevoir
|-supereffective|p1a: Gardevoir
|-damage|p1a: Gardevoir|0 fnt
|faint|p1a: Gardevoir
|
|upkeep
|
|switch|p1a: Drapion|Drapion, F|78/100 slp
|-damage|p1a: Drapion|65/100 slp|[from] Stealth Rock
|turn|28
|
|cant|p1a: Drapion|slp
|move|p2a: Doublade|Iron Head|p1a: Drapion
|-damage|p1a: Drapion|0 fnt
|faint|p1a: Drapion
|
|win|Raltzing Around
|l|☆ishouldstudyabit
|c|☆Raltzing Around|gg
|l| Aishud B Elswer
||Ladder (probably) updated, but score could not be retrieved (Response not received).
