|j|☆Curty
|j|☆Cena26
|player|p1|Curty|1|1531
|player|p2|Cena26|169|1594
|teamsize|p1|6
|teamsize|p2|6
|gametype|singles
|gen|8
|tier|[Gen 8] UU
|rated|
|clearpoke
|poke|p1|Gigalith, F|
|poke|p1|Jellicent, M|
|poke|p1|Gothitelle, M|
|poke|p1|Sirfetch'd, F|
|poke|p1|Sylveon, F|
|poke|p1|Flapple, F|
|poke|p2|Froslass, F|
|poke|p2|Rotom-Frost|
|poke|p2|Haxorus, F|
|poke|p2|Barbaracle, M|
|poke|p2|Polteageist|
|poke|p2|Indeedee, M|
|rule|Sleep Clause Mod: Limit one foe put to sleep
|rule|Species Clause: Limit one of each Pokémon
|rule|OHKO Clause: OHKO moves are banned
|rule|Evasion Moves Clause: Evasion moves are banned
|rule|Endless Battle Clause: Forcing endless battles is banned
|rule|HP Percentage Mod: HP is shown in percentages
|rule|Dynamax Clause: You cannot dynamax
|teampreview
|
|start
|switch|p1a: Gigalith|Gigalith, F|100/100
|switch|p2a: Froslass|Froslass, F|100/100
|-weather|Sandstorm|[from] ability: Sand Stream|[of] p1a: Gigalith
|turn|1
|
|move|p2a: Froslass|Spikes|p1a: Gigalith
|-sidestart|p1: Curty|Spikes
|move|p1a: Gigalith|Stone Edge|p2a: Froslass
|-supereffective|p2a: Froslass
|-enditem|p2a: Froslass|Focus Sash
|-damage|p2a: Froslass|1/100
|-start|p1a: Gigalith|Disable|Stone Edge|[from] ability: Cursed Body|[of] p2a: Froslass
|
|-weather|Sandstorm|[upkeep]
|-damage|p2a: Froslass|0 fnt|[from] Sandstorm
|faint|p2a: Froslass
|upkeep
|
|switch|p2a: Rotom|Rotom-Frost|100/100
|turn|2
|
|move|p2a: Rotom|Nasty Plot|p2a: Rotom
|-boost|p2a: Rotom|spa|2
|move|p1a: Gigalith|Stealth Rock|p2a: Rotom
|-sidestart|p2: Cena26|move: Stealth Rock
|
|-weather|Sandstorm|[upkeep]
|-damage|p2a: Rotom|94/100|[from] Sandstorm
|upkeep
|turn|3
|
|switch|p1a: Gothitelle|Gothitelle, M|100/100
|-damage|p1a: Gothitelle|88/100|[from] Spikes
|move|p2a: Rotom|Thunderbolt|p1a: Gothitelle
|-crit|p1a: Gothitelle
|-damage|p1a: Gothitelle|9/100
|
|-weather|Sandstorm|[upkeep]
|-damage|p2a: Rotom|88/100|[from] Sandstorm
|-damage|p1a: Gothitelle|3/100|[from] Sandstorm
|upkeep
|turn|4
|l|☆Cena26
|player|p2|
|j|☆Cena26
|player|p2|Cena26|169
|
|move|p2a: Rotom|Thunderbolt|p1a: Gothitelle
|-damage|p1a: Gothitelle|0 fnt
|faint|p1a: Gothitelle
|
|-weather|Sandstorm|[upkeep]
|-damage|p2a: Rotom|82/100|[from] Sandstorm
|upkeep
|inactive|Battle timer is ON: inactive players will automatically lose when time's up. (requested by Cena26)
|
|switch|p1a: Flapple|Flapple, F|100/100
|-damage|p1a: Flapple|88/100|[from] Spikes
|turn|5
|
|move|p1a: Flapple|Outrage|p2a: Rotom
|-damage|p2a: Rotom|0 fnt
|faint|p2a: Rotom
|
|-weather|none
|upkeep
|
|switch|p2a: Haxorus|Haxorus, F|100/100
|-damage|p2a: Haxorus|88/100|[from] Stealth Rock
|-ability|p2a: Haxorus|Mold Breaker
|turn|6
|
|move|p2a: Haxorus|First Impression|p1a: Flapple
|-supereffective|p1a: Flapple
|-damage|p1a: Flapple|0 fnt
|faint|p1a: Flapple
|
|upkeep
|
|switch|p1a: Sylveon|Sylveon, F|100/100
|-damage|p1a: Sylveon|88/100|[from] Spikes
|turn|7
|
|switch|p2a: Indeedee|Indeedee, M|100/100
|-damage|p2a: Indeedee|88/100|[from] Stealth Rock
|-fieldstart|move: Psychic Terrain|[from] ability: Psychic Surge|[of] p2a: Indeedee
|move|p1a: Sylveon|Hyper Voice|p2a: Indeedee
|-damage|p2a: Indeedee|37/100
|
|-heal|p1a: Sylveon|94/100|[from] item: Leftovers
|upkeep
|turn|8
|
|move|p2a: Indeedee|Psychic|p1a: Sylveon
|-damage|p1a: Sylveon|58/100
|-unboost|p1a: Sylveon|spd|1
|move|p1a: Sylveon|Wish|p1a: Sylveon
|
|-heal|p1a: Sylveon|64/100|[from] item: Leftovers
|upkeep
|turn|9
|
|move|p2a: Indeedee|Psychic|p1a: Sylveon
|-damage|p1a: Sylveon|9/100
|move|p1a: Sylveon|Calm Mind|p1a: Sylveon
|-boost|p1a: Sylveon|spa|1
|-boost|p1a: Sylveon|spd|1
|
|-heal|p1a: Sylveon|59/100|[from] move: Wish|[wisher] Sylveon
|-heal|p1a: Sylveon|65/100|[from] item: Leftovers
|upkeep
|turn|10
|
|move|p2a: Indeedee|Calm Mind|p2a: Indeedee
|-boost|p2a: Indeedee|spa|1
|-boost|p2a: Indeedee|spd|1
|move|p1a: Sylveon|Wish|p1a: Sylveon
|
|-heal|p1a: Sylveon|71/100|[from] item: Leftovers
|upkeep
|turn|11
|
|move|p2a: Indeedee|Psychic|p1a: Sylveon
|-damage|p1a: Sylveon|20/100
|move|p1a: Sylveon|Calm Mind|p1a: Sylveon
|-boost|p1a: Sylveon|spa|1
|-boost|p1a: Sylveon|spd|1
|
|-heal|p1a: Sylveon|70/100|[from] move: Wish|[wisher] Sylveon
|-heal|p1a: Sylveon|76/100|[from] item: Leftovers
|upkeep
|turn|12
|
|move|p2a: Indeedee|Mystical Fire|p1a: Sylveon
|-damage|p1a: Sylveon|60/100
|-unboost|p1a: Sylveon|spa|1
|move|p1a: Sylveon|Hyper Voice|p2a: Indeedee
|-damage|p2a: Indeedee|0 fnt
|faint|p2a: Indeedee
|
|-heal|p1a: Sylveon|66/100|[from] item: Leftovers
|upkeep
|
|switch|p2a: Barbaracle|Barbaracle, M|100/100
|-damage|p2a: Barbaracle|88/100|[from] Stealth Rock
|turn|13
|
|move|p2a: Barbaracle|Liquidation|p1a: Sylveon
|-damage|p1a: Sylveon|27/100
|-unboost|p1a: Sylveon|def|1
|move|p1a: Sylveon|Hyper Voice|p2a: Barbaracle
|-damage|p2a: Barbaracle|0 fnt
|faint|p2a: Barbaracle
|
|-heal|p1a: Sylveon|33/100|[from] item: Leftovers
|upkeep
|
|switch|p2a: Haxorus|Haxorus, F|88/100
|-damage|p2a: Haxorus|76/100|[from] Stealth Rock
|-ability|p2a: Haxorus|Mold Breaker
|turn|14
|
|move|p2a: Haxorus|Earthquake|p1a: Sylveon
|-damage|p1a: Sylveon|0 fnt
|faint|p1a: Sylveon
|
|-fieldend|move: Psychic Terrain
|upkeep
|
|switch|p1a: Jellicent|Jellicent, M|100/100
|-damage|p1a: Jellicent|88/100|[from] Spikes
|turn|15
|
|move|p2a: Haxorus|Dragon Dance|p2a: Haxorus
|-boost|p2a: Haxorus|atk|1
|-boost|p2a: Haxorus|spe|1
|move|p1a: Jellicent|Will-O-Wisp|p2a: Haxorus
|-status|p2a: Haxorus|brn
|-enditem|p2a: Haxorus|Lum Berry|[eat]
|-curestatus|p2a: Haxorus|brn|[msg]
|
|-heal|p1a: Jellicent|94/100|[from] item: Leftovers
|upkeep
|turn|16
|
|move|p2a: Haxorus|Outrage|p1a: Jellicent
|-damage|p1a: Jellicent|17/100
|move|p1a: Jellicent|Strength Sap|p2a: Haxorus
|-unboost|p2a: Haxorus|atk|1
|-heal|p1a: Jellicent|100/100
|
|upkeep
|turn|17
|
|move|p2a: Haxorus|Outrage|p1a: Jellicent|[from]lockedmove
|-damage|p1a: Jellicent|49/100
|-start|p2a: Haxorus|confusion|[fatigue]
|move|p1a: Jellicent|Will-O-Wisp|p2a: Haxorus
|-status|p2a: Haxorus|brn
|
|-heal|p1a: Jellicent|55/100|[from] item: Leftovers
|-damage|p2a: Haxorus|70/100 brn|[from] brn
|upkeep
|turn|18
|
|-activate|p2a: Haxorus|confusion
|move|p2a: Haxorus|Dragon Dance|p2a: Haxorus
|-boost|p2a: Haxorus|atk|1
|-boost|p2a: Haxorus|spe|1
|move|p1a: Jellicent|Strength Sap|p2a: Haxorus
|-unboost|p2a: Haxorus|atk|1
|-heal|p1a: Jellicent|100/100
|
|-damage|p2a: Haxorus|64/100 brn|[from] brn
|upkeep
|turn|19
|
|-activate|p2a: Haxorus|confusion
|move|p2a: Haxorus|Dragon Dance|p2a: Haxorus
|-boost|p2a: Haxorus|atk|1
|-boost|p2a: Haxorus|spe|1
|move|p1a: Jellicent|Scald|p2a: Haxorus
|-resisted|p2a: Haxorus
|-damage|p2a: Haxorus|46/100 brn
|
|-damage|p2a: Haxorus|40/100 brn|[from] brn
|upkeep
|turn|20
|
|-activate|p2a: Haxorus|confusion
|move|p2a: Haxorus|Outrage|p1a: Jellicent
|-damage|p1a: Jellicent|59/100
|move|p1a: Jellicent|Strength Sap|p2a: Haxorus
|-unboost|p2a: Haxorus|atk|1
|-heal|p1a: Jellicent|100/100
|
|-damage|p2a: Haxorus|34/100 brn|[from] brn
|upkeep
|turn|21
|
|-end|p2a: Haxorus|confusion
|move|p2a: Haxorus|Outrage|p1a: Jellicent|[from]lockedmove
|-damage|p1a: Jellicent|71/100
|-start|p2a: Haxorus|confusion|[fatigue]
|move|p1a: Jellicent|Strength Sap|p2a: Haxorus
|-unboost|p2a: Haxorus|atk|1
|-heal|p1a: Jellicent|100/100
|
|-damage|p2a: Haxorus|28/100 brn|[from] brn
|upkeep
|turn|22
|
|-activate|p2a: Haxorus|confusion
|move|p2a: Haxorus|Outrage|p1a: Jellicent
|-damage|p1a: Jellicent|83/100
|move|p1a: Jellicent|Scald|p2a: Haxorus
|-resisted|p2a: Haxorus
|-damage|p2a: Haxorus|9/100 brn
|
|-heal|p1a: Jellicent|90/100|[from] item: Leftovers
|-damage|p2a: Haxorus|3/100 brn|[from] brn
|upkeep
|turn|23
|
|-end|p2a: Haxorus|confusion
|move|p2a: Haxorus|Outrage|p1a: Jellicent|[from]lockedmove
|-damage|p1a: Jellicent|71/100
|-start|p2a: Haxorus|confusion|[fatigue]
|move|p1a: Jellicent|Strength Sap|p2a: Haxorus
|-unboost|p2a: Haxorus|atk|1
|-heal|p1a: Jellicent|100/100
|
|-damage|p2a: Haxorus|0 fnt|[from] brn
|faint|p2a: Haxorus
|upkeep
|
|switch|p2a: Polteageist|Polteageist|100/100
|-damage|p2a: Polteageist|88/100|[from] Stealth Rock
|turn|24
|
|move|p2a: Polteageist|Shell Smash|p2a: Polteageist
|-unboost|p2a: Polteageist|def|1
|-unboost|p2a: Polteageist|spd|1
|-boost|p2a: Polteageist|atk|2
|-boost|p2a: Polteageist|spa|2
|-boost|p2a: Polteageist|spe|2
|-enditem|p2a: Polteageist|White Herb
|-clearnegativeboost|p2a: Polteageist|[silent]
|move|p1a: Jellicent|Scald|p2a: Polteageist
|-damage|p2a: Polteageist|58/100
|
|upkeep
|turn|25
|
|move|p2a: Polteageist|Giga Drain|p1a: Jellicent
|-supereffective|p1a: Jellicent
|-damage|p1a: Jellicent|9/100
|-heal|p2a: Polteageist|100/100|[from] drain|[of] p1a: Jellicent
|move|p1a: Jellicent|Scald|p2a: Polteageist
|-damage|p2a: Polteageist|75/100
|-status|p2a: Polteageist|brn
|
|-heal|p1a: Jellicent|15/100|[from] item: Leftovers
|-damage|p2a: Polteageist|69/100 brn|[from] brn
|upkeep
|turn|26
|
|move|p2a: Polteageist|Giga Drain|p1a: Jellicent
|-supereffective|p1a: Jellicent
|-damage|p1a: Jellicent|0 fnt
|-heal|p2a: Polteageist|80/100 brn|[from] drain|[of] p1a: Jellicent
|faint|p1a: Jellicent
|
|-damage|p2a: Polteageist|74/100 brn|[from] brn
|upkeep
|j| pooperscoopr
|
|switch|p1a: Gigalith|Gigalith, F|100/100
|-damage|p1a: Gigalith|88/100|[from] Spikes
|-weather|Sandstorm|[from] ability: Sand Stream|[of] p1a: Gigalith
|turn|27
|l| pooperscoopr
|
|move|p2a: Polteageist|Giga Drain|p1a: Gigalith
|-supereffective|p1a: Gigalith
|-damage|p1a: Gigalith|25/100
|-heal|p2a: Polteageist|100/100 brn|[from] drain|[of] p1a: Gigalith
|move|p1a: Gigalith|Stone Edge|p2a: Polteageist
|-damage|p2a: Polteageist|22/100 brn
|-ability|p2a: Polteageist|Weak Armor|boost
|-unboost|p2a: Polteageist|def|1
|-boost|p2a: Polteageist|spe|2
|
|-weather|Sandstorm|[upkeep]
|-damage|p2a: Polteageist|16/100 brn|[from] Sandstorm
|-heal|p1a: Gigalith|31/100|[from] item: Leftovers
|-damage|p2a: Polteageist|10/100 brn|[from] brn
|upkeep
|turn|28
|
|move|p2a: Polteageist|Giga Drain|p1a: Gigalith
|-supereffective|p1a: Gigalith
|-damage|p1a: Gigalith|0 fnt
|-heal|p2a: Polteageist|32/100 brn|[from] drain|[of] p1a: Gigalith
|faint|p1a: Gigalith
|
|-weather|Sandstorm|[upkeep]
|-damage|p2a: Polteageist|26/100 brn|[from] Sandstorm
|-damage|p2a: Polteageist|20/100 brn|[from] brn
|upkeep
|c|☆Cena26|first impression probs kills
|c|☆Cena26|unfort
|c|☆Cena26|gg
|
|switch|p1a: Sirfetch'd|Sirfetch'd, F|100/100
|-damage|p1a: Sirfetch'd|88/100|[from] Spikes
|turn|29
|
|move|p1a: Sirfetch'd|First Impression|p2a: Polteageist
|-resisted|p2a: Polteageist
|-damage|p2a: Polteageist|0 fnt
|faint|p2a: Polteageist
|
|win|Curty
|raw|Curty's rating: 1531 &rarr; <strong>1555</strong><br />(+24 for winning)
|raw|Cena26's rating: 1594 &rarr; <strong>1570</strong><br />(-24 for losing)
|l|☆Cena26
