|raw|<div class="broadcast-blue"><strong>This battle is required to be public due to a player having a name starting with 'uult92q'.</div>
|j|☆chiharu haru
|j|☆UULT92q BFM
|t:|1652559015
|gametype|singles
|player|p1|chiharu haru|265|1654
|player|p2|UULT92q BFM|bugcatcher-gen4dp|1573
|teamsize|p1|6
|teamsize|p2|6
|gen|8
|tier|[Gen 8] UU
|rated|
|rule|Sleep Clause Mod: Limit one foe put to sleep
|rule|Species Clause: Limit one of each Pokémon
|rule|OHKO Clause: OHKO moves are banned
|rule|Evasion Moves Clause: Evasion moves are banned
|rule|Endless Battle Clause: Forcing endless battles is banned
|rule|HP Percentage Mod: HP is shown in percentages
|rule|Dynamax Clause: You cannot dynamax
|clearpoke
|poke|p1|Primarina, F|
|poke|p1|Aegislash, M|
|poke|p1|Cobalion|
|poke|p1|Amoonguss, M|
|poke|p1|Salamence, M|
|poke|p1|Zygarde-10%|
|poke|p2|Scizor, M|
|poke|p2|Swampert, M|
|poke|p2|Tentacruel, F|
|poke|p2|Hydreigon, F|
|poke|p2|Thundurus-Therian, M|
|poke|p2|Tapu Bulu|
|teampreview
|
|t:|1652559028
|start
|switch|p1a: Primarina|Primarina, F|100/100
|switch|p2a: Swampert|Swampert, M|100/100
|turn|1
|inactive|Battle timer is ON: inactive players will automatically lose when time's up. (requested by UULT92q BFM)
|j|+Mengy ㋛
|j| P.Otaku❄
|
|t:|1652559047
|move|p1a: Primarina|Scald|p2a: Swampert
|-damage|p2a: Swampert|77/100
|move|p2a: Swampert|Stealth Rock|p1a: Primarina
|-sidestart|p1: chiharu haru|move: Stealth Rock
|
|-heal|p2a: Swampert|83/100|[from] item: Leftovers
|upkeep
|turn|2
|
|t:|1652559058
|move|p1a: Primarina|Scald|p2a: Swampert
|-damage|p2a: Swampert|60/100
|-status|p2a: Swampert|brn
|move|p2a: Swampert|Toxic|p1a: Primarina|[miss]
|-miss|p2a: Swampert|p1a: Primarina
|
|-heal|p2a: Swampert|67/100 brn|[from] item: Leftovers
|-damage|p2a: Swampert|60/100 brn|[from] brn
|upkeep
|turn|3
|
|t:|1652559067
|move|p1a: Primarina|Moonblast|p2a: Swampert
|-damage|p2a: Swampert|34/100 brn
|-unboost|p2a: Swampert|spa|1
|move|p2a: Swampert|Flip Turn|p1a: Primarina
|-resisted|p1a: Primarina
|-damage|p1a: Primarina|95/100
|j| Ivehadenoughshit
|
|t:|1652559077
|switch|p2a: Tentacruel|Tentacruel, F|100/100|[from]move: Flip Turn
|
|-heal|p1a: Primarina|100/100|[from] item: Leftovers
|upkeep
|turn|4
|
|t:|1652559085
|switch|p1a: Cobalion|Cobalion|100/100
|-damage|p1a: Cobalion|97/100|[from] Stealth Rock
|move|p2a: Tentacruel|Scald|p1a: Cobalion
|-damage|p1a: Cobalion|66/100
|
|upkeep
|turn|5
|
|t:|1652559093
|move|p1a: Cobalion|Volt Switch|p2a: Tentacruel
|-supereffective|p2a: Tentacruel
|-damage|p2a: Tentacruel|79/100
|
|t:|1652559100
|switch|p1a: Amoonguss|Amoonguss, M|100/100|[from]move: Volt Switch
|-damage|p1a: Amoonguss|88/100|[from] Stealth Rock
|move|p2a: Tentacruel|Scald|p1a: Amoonguss
|-resisted|p1a: Amoonguss
|-damage|p1a: Amoonguss|78/100
|
|-heal|p2a: Tentacruel|85/100|[from] item: Black Sludge
|upkeep
|turn|6
|
|t:|1652559119
|switch|p2a: Hydreigon|Hydreigon, F|100/100
|move|p1a: Amoonguss|Spore|p2a: Hydreigon
|-status|p2a: Hydreigon|slp|[from] move: Spore
|
|upkeep
|turn|7
|
|t:|1652559125
|switch|p2a: Tentacruel|Tentacruel, F|85/100
|switch|p1a: Primarina|Primarina, F|100/100
|-damage|p1a: Primarina|88/100|[from] Stealth Rock
|
|-heal|p2a: Tentacruel|91/100|[from] item: Black Sludge
|-heal|p1a: Primarina|94/100|[from] item: Leftovers
|upkeep
|turn|8
|
|t:|1652559133
|switch|p1a: Amoonguss|Amoonguss, M|100/100
|-damage|p1a: Amoonguss|88/100|[from] Stealth Rock
|move|p2a: Tentacruel|Sludge Bomb|p1a: Amoonguss
|-damage|p1a: Amoonguss|64/100
|
|-heal|p2a: Tentacruel|97/100|[from] item: Black Sludge
|upkeep
|turn|9
|
|t:|1652559138
|move|p2a: Tentacruel|Scald|p1a: Amoonguss
|-resisted|p1a: Amoonguss
|-damage|p1a: Amoonguss|53/100
|move|p1a: Amoonguss|Synthesis|p1a: Amoonguss
|-heal|p1a: Amoonguss|100/100
|
|-heal|p2a: Tentacruel|100/100|[from] item: Black Sludge
|upkeep
|turn|10
|
|t:|1652559145
|move|p2a: Tentacruel|Scald|p1a: Amoonguss
|-resisted|p1a: Amoonguss
|-damage|p1a: Amoonguss|90/100
|move|p1a: Amoonguss|Foul Play|p2a: Tentacruel
|-damage|p2a: Tentacruel|84/100
|
|-heal|p2a: Tentacruel|90/100|[from] item: Black Sludge
|upkeep
|turn|11
|
|t:|1652559162
|move|p2a: Tentacruel|Scald|p1a: Amoonguss
|-resisted|p1a: Amoonguss
|-damage|p1a: Amoonguss|81/100
|move|p1a: Amoonguss|Foul Play|p2a: Tentacruel
|-damage|p2a: Tentacruel|72/100
|
|-heal|p2a: Tentacruel|78/100|[from] item: Black Sludge
|upkeep
|turn|12
|
|t:|1652559167
|move|p2a: Tentacruel|Scald|p1a: Amoonguss
|-resisted|p1a: Amoonguss
|-damage|p1a: Amoonguss|70/100
|move|p1a: Amoonguss|Foul Play|p2a: Tentacruel
|-damage|p2a: Tentacruel|61/100
|
|-heal|p2a: Tentacruel|67/100|[from] item: Black Sludge
|upkeep
|turn|13
|
|t:|1652559171
|move|p2a: Tentacruel|Scald|p1a: Amoonguss
|-resisted|p1a: Amoonguss
|-damage|p1a: Amoonguss|60/100
|-status|p1a: Amoonguss|brn
|move|p1a: Amoonguss|Foul Play|p2a: Tentacruel
|-damage|p2a: Tentacruel|58/100
|
|-heal|p2a: Tentacruel|64/100|[from] item: Black Sludge
|-damage|p1a: Amoonguss|54/100 brn|[from] brn
|upkeep
|turn|14
|
|t:|1652559189
|switch|p2a: Thundurus|Thundurus-Therian, M|100/100
|move|p1a: Amoonguss|Synthesis|p1a: Amoonguss
|-heal|p1a: Amoonguss|100/100 brn
|
|-damage|p1a: Amoonguss|94/100 brn|[from] brn
|upkeep
|turn|15
|
|t:|1652559196
|switch|p1a: Aegislash|Aegislash, M|100/100
|-damage|p1a: Aegislash|94/100|[from] Stealth Rock
|move|p2a: Thundurus|Psychic|p1a: Aegislash
|-resisted|p1a: Aegislash
|-damage|p1a: Aegislash|83/100
|
|-heal|p1a: Aegislash|89/100|[from] item: Leftovers
|upkeep
|turn|16
|
|t:|1652559206
|move|p2a: Thundurus|Knock Off|p1a: Aegislash
|-supereffective|p1a: Aegislash
|-damage|p1a: Aegislash|50/100
|-enditem|p1a: Aegislash|Leftovers|[from] move: Knock Off|[of] p2a: Thundurus
|-formechange|p1a: Aegislash|Aegislash-Blade||[from] ability: Stance Change
|move|p1a: Aegislash|Shadow Ball|p2a: Thundurus
|-damage|p2a: Thundurus|40/100
|
|upkeep
|turn|17
|
|t:|1652559218
|-formechange|p1a: Aegislash|Aegislash||[from] ability: Stance Change
|move|p1a: Aegislash|King's Shield|p1a: Aegislash
|-singleturn|p1a: Aegislash|Protect
|move|p2a: Thundurus|Volt Switch|p1a: Aegislash
|-activate|p1a: Aegislash|move: Protect
|
|upkeep
|turn|18
|
|t:|1652559223
|move|p2a: Thundurus|Volt Switch|p1a: Aegislash
|-damage|p1a: Aegislash|21/100
|
|t:|1652559229
|switch|p2a: Hydreigon|Hydreigon, F|100/100 slp|[from]move: Volt Switch
|-formechange|p1a: Aegislash|Aegislash-Blade||[from] ability: Stance Change
|move|p1a: Aegislash|Shadow Ball|p2a: Hydreigon
|-resisted|p2a: Hydreigon
|-damage|p2a: Hydreigon|76/100 slp
|-unboost|p2a: Hydreigon|spd|1
|
|upkeep
|turn|19
|
|t:|1652559238
|switch|p2a: Tentacruel|Tentacruel, F|64/100
|move|p1a: Aegislash|Close Combat|p2a: Tentacruel
|-resisted|p2a: Tentacruel
|-damage|p2a: Tentacruel|43/100
|-unboost|p1a: Aegislash|def|1
|-unboost|p1a: Aegislash|spd|1
|
|-heal|p2a: Tentacruel|49/100|[from] item: Black Sludge
|upkeep
|turn|20
|
|t:|1652559257
|switch|p1a: Salamence|Salamence, M|100/100
|-ability|p1a: Salamence|Intimidate|boost
|-unboost|p2a: Tentacruel|atk|1
|move|p2a: Tentacruel|Scald|p1a: Salamence
|-resisted|p1a: Salamence
|-damage|p1a: Salamence|89/100
|
|-heal|p2a: Tentacruel|55/100|[from] item: Black Sludge
|upkeep
|turn|21
|
|t:|1652559270
|move|p1a: Salamence|Defog|p2a: Tentacruel
|-unboost|p2a: Tentacruel|evasion|1
|-sideend|p1: chiharu haru|Stealth Rock|[from] move: Defog|[of] p1a: Salamence
|move|p2a: Tentacruel|Sludge Bomb|p1a: Salamence
|-damage|p1a: Salamence|60/100
|-status|p1a: Salamence|psn
|
|-heal|p2a: Tentacruel|61/100|[from] item: Black Sludge
|-damage|p1a: Salamence|47/100 psn|[from] psn
|upkeep
|turn|22
|j| mlt8m1 shamu
|l| mlt8m1 shamu
|
|t:|1652559285
|switch|p2a: Swampert|Swampert, M|34/100 brn
|move|p1a: Salamence|Hurricane|p2a: Swampert|[miss]
|-miss|p1a: Salamence|p2a: Swampert
|
|-heal|p2a: Swampert|41/100 brn|[from] item: Leftovers
|-damage|p1a: Salamence|35/100 psn|[from] psn
|-damage|p2a: Swampert|34/100 brn|[from] brn
|upkeep
|turn|23
|
|t:|1652559314
|move|p1a: Salamence|Roost|p1a: Salamence
|-heal|p1a: Salamence|85/100 psn
|-singleturn|p1a: Salamence|move: Roost
|move|p2a: Swampert|Flip Turn|p1a: Salamence
|-resisted|p1a: Salamence
|-damage|p1a: Salamence|79/100 psn
|
|t:|1652559321
|switch|p2a: Thundurus|Thundurus-Therian, M|40/100|[from]move: Flip Turn
|
|-damage|p1a: Salamence|66/100 psn|[from] psn
|upkeep
|turn|24
|j| ASKOV
|
|t:|1652559343
|switch|p1a: Zygarde|Zygarde-10%|100/100
|-ability|p1a: Zygarde|Aura Break
|move|p2a: Thundurus|Volt Switch|p1a: Zygarde
|-immune|p1a: Zygarde
|
|upkeep
|turn|25
|inactive|UULT92q BFM has 120 seconds left.
|
|t:|1652559369
|switch|p2a: Tapu Bulu|Tapu Bulu|100/100
|-fieldstart|move: Grassy Terrain|[from] ability: Grassy Surge|[of] p2a: Tapu Bulu
|move|p1a: Zygarde|Toxic|p2a: Tapu Bulu
|-status|p2a: Tapu Bulu|tox
|
|-damage|p2a: Tapu Bulu|94/100 tox|[from] psn
|upkeep
|turn|26
|inactive|UULT92q BFM has 120 seconds left.
|inactive|chiharu haru has 120 seconds left.
|
|t:|1652559395
|switch|p1a: Amoonguss|Amoonguss, M|100/100 brn
|switch|p2a: Scizor|Scizor, M|100/100
|
|-damage|p1a: Amoonguss|94/100 brn|[from] brn
|upkeep
|turn|27
|inactive|UULT92q BFM has 120 seconds left.
|
|t:|1652559401
|switch|p1a: Cobalion|Cobalion|66/100
|move|p2a: Scizor|Swords Dance|p2a: Scizor
|-boost|p2a: Scizor|atk|2
|
|-heal|p1a: Cobalion|72/100|[from] Grassy Terrain
|upkeep
|turn|28
|
|t:|1652559412
|move|p1a: Cobalion|Volt Switch|p2a: Scizor
|-damage|p2a: Scizor|87/100
|
|t:|1652559416
|switch|p1a: Aegislash|Aegislash, M|21/100|[from]move: Volt Switch
|move|p2a: Scizor|Swords Dance|p2a: Scizor
|-boost|p2a: Scizor|atk|2
|
|-heal|p2a: Scizor|93/100|[from] Grassy Terrain
|-heal|p1a: Aegislash|28/100|[from] Grassy Terrain
|upkeep
|turn|29
|inactive|UULT92q BFM has 120 seconds left.
|
|t:|1652559442
|move|p2a: Scizor|Bullet Punch|p1a: Aegislash
|-resisted|p1a: Aegislash
|-damage|p1a: Aegislash|0 fnt
|faint|p1a: Aegislash
|
|-heal|p2a: Scizor|99/100|[from] Grassy Terrain
|-fieldend|move: Grassy Terrain
|upkeep
|
|t:|1652559444
|switch|p1a: Salamence|Salamence, M|66/100 psn
|-ability|p1a: Salamence|Intimidate|boost
|-unboost|p2a: Scizor|atk|1
|turn|30
|
|t:|1652559453
|move|p2a: Scizor|Bullet Punch|p1a: Salamence
|-damage|p1a: Salamence|1/100 psn
|move|p1a: Salamence|Flamethrower|p2a: Scizor
|-supereffective|p2a: Scizor
|-damage|p2a: Scizor|0 fnt
|faint|p2a: Scizor
|
|-damage|p1a: Salamence|0 fnt|[from] psn
|faint|p1a: Salamence
|upkeep
|inactive|UULT92q BFM has 120 seconds left.
|
|t:|1652559476
|switch|p1a: Zygarde|Zygarde-10%|100/100
|switch|p2a: Swampert|Swampert, M|34/100 brn
|-ability|p1a: Zygarde|Aura Break
|turn|31
|
|t:|1652559479
|switch|p2a: Tapu Bulu|Tapu Bulu|94/100 tox
|-fieldstart|move: Grassy Terrain|[from] ability: Grassy Surge|[of] p2a: Tapu Bulu
|move|p1a: Zygarde|Thousand Arrows|p2a: Tapu Bulu
|-resisted|p2a: Tapu Bulu
|-damage|p2a: Tapu Bulu|73/100 tox
|
|-heal|p2a: Tapu Bulu|79/100 tox|[from] Grassy Terrain
|-damage|p2a: Tapu Bulu|73/100 tox|[from] psn
|upkeep
|turn|32
|
|t:|1652559486
|switch|p1a: Cobalion|Cobalion|72/100
|switch|p2a: Swampert|Swampert, M|34/100 brn
|
|-heal|p1a: Cobalion|78/100|[from] Grassy Terrain
|-heal|p2a: Swampert|41/100 brn|[from] Grassy Terrain
|-heal|p2a: Swampert|47/100 brn|[from] item: Leftovers
|-damage|p2a: Swampert|41/100 brn|[from] brn
|upkeep
|turn|33
|l| P.Otaku❄
|
|t:|1652559491
|move|p1a: Cobalion|Stealth Rock|p2a: Swampert
|-sidestart|p2: UULT92q BFM|move: Stealth Rock
|move|p2a: Swampert|Stealth Rock|p1a: Cobalion
|-sidestart|p1: chiharu haru|move: Stealth Rock
|
|-heal|p1a: Cobalion|84/100|[from] Grassy Terrain
|-heal|p2a: Swampert|47/100 brn|[from] Grassy Terrain
|-heal|p2a: Swampert|53/100 brn|[from] item: Leftovers
|-damage|p2a: Swampert|47/100 brn|[from] brn
|upkeep
|turn|34
|
|t:|1652559495
|move|p1a: Cobalion|Close Combat|p2a: Swampert
|-damage|p2a: Swampert|2/100 brn
|-unboost|p1a: Cobalion|def|1
|-unboost|p1a: Cobalion|spd|1
|move|p2a: Swampert|Flip Turn|p1a: Cobalion
|-damage|p1a: Cobalion|69/100
|-damage|p2a: Swampert|0 fnt|[from] item: Rocky Helmet|[of] p1a: Cobalion
|faint|p2a: Swampert
|
|-heal|p1a: Cobalion|75/100|[from] Grassy Terrain
|upkeep
|
|t:|1652559507
|switch|p2a: Tentacruel|Tentacruel, F|61/100
|-damage|p2a: Tentacruel|49/100|[from] Stealth Rock
|turn|35
|
|t:|1652559513
|move|p1a: Cobalion|Volt Switch|p2a: Tentacruel
|-supereffective|p2a: Tentacruel
|-damage|p2a: Tentacruel|27/100
|
|t:|1652559514
|switch|p1a: Zygarde|Zygarde-10%|100/100|[from]move: Volt Switch
|-damage|p1a: Zygarde|94/100|[from] Stealth Rock
|-ability|p1a: Zygarde|Aura Break
|move|p2a: Tentacruel|Rapid Spin|p1a: Zygarde
|-damage|p1a: Zygarde|79/100
|-boost|p2a: Tentacruel|spe|1
|-sideend|p2: UULT92q BFM|Stealth Rock|[from] move: Rapid Spin|[of] p2a: Tentacruel
|
|-heal|p2a: Tentacruel|33/100|[from] Grassy Terrain
|-heal|p2a: Tentacruel|39/100|[from] item: Black Sludge
|-heal|p1a: Zygarde|85/100|[from] Grassy Terrain
|-fieldend|move: Grassy Terrain
|upkeep
|turn|36
|j| The Benz Mafia@!
|
|t:|1652559524
|switch|p2a: Tapu Bulu|Tapu Bulu|73/100 tox
|-fieldstart|move: Grassy Terrain|[from] ability: Grassy Surge|[of] p2a: Tapu Bulu
|move|p1a: Zygarde|Thousand Arrows|p2a: Tapu Bulu
|-resisted|p2a: Tapu Bulu
|-damage|p2a: Tapu Bulu|54/100 tox
|
|-heal|p1a: Zygarde|91/100|[from] Grassy Terrain
|-heal|p2a: Tapu Bulu|60/100 tox|[from] Grassy Terrain
|-damage|p2a: Tapu Bulu|54/100 tox|[from] psn
|upkeep
|turn|37
|
|t:|1652559535
|switch|p1a: Amoonguss|Amoonguss, M|100/100 brn
|-damage|p1a: Amoonguss|88/100 brn|[from] Stealth Rock
|move|p2a: Tapu Bulu|Synthesis|p2a: Tapu Bulu
|-heal|p2a: Tapu Bulu|100/100 tox
|
|-heal|p1a: Amoonguss|94/100 brn|[from] Grassy Terrain
|-damage|p2a: Tapu Bulu|88/100 tox|[from] psn
|-damage|p1a: Amoonguss|88/100 brn|[from] brn
|upkeep
|turn|38
|
|t:|1652559544
|switch|p2a: Tentacruel|Tentacruel, F|39/100
|switch|p1a: Cobalion|Cobalion|75/100
|-damage|p1a: Cobalion|72/100|[from] Stealth Rock
|
|-heal|p1a: Cobalion|79/100|[from] Grassy Terrain
|-heal|p2a: Tentacruel|45/100|[from] Grassy Terrain
|-heal|p2a: Tentacruel|51/100|[from] item: Black Sludge
|upkeep
|turn|39
|
|t:|1652559552
|move|p1a: Cobalion|Volt Switch|p2a: Tentacruel
|-supereffective|p2a: Tentacruel
|-damage|p2a: Tentacruel|28/100
|
|t:|1652559560
|switch|p1a: Amoonguss|Amoonguss, M|100/100 brn|[from]move: Volt Switch
|-damage|p1a: Amoonguss|88/100 brn|[from] Stealth Rock
|move|p2a: Tentacruel|Scald|p1a: Amoonguss
|-resisted|p1a: Amoonguss
|-damage|p1a: Amoonguss|77/100 brn
|
|-heal|p2a: Tentacruel|34/100|[from] Grassy Terrain
|-heal|p2a: Tentacruel|40/100|[from] item: Black Sludge
|-heal|p1a: Amoonguss|83/100 brn|[from] Grassy Terrain
|-damage|p1a: Amoonguss|77/100 brn|[from] brn
|upkeep
|turn|40
|
|t:|1652559572
|move|p2a: Tentacruel|Scald|p1a: Amoonguss
|-resisted|p1a: Amoonguss
|-damage|p1a: Amoonguss|66/100 brn
|move|p1a: Amoonguss|Foul Play|p2a: Tentacruel
|-damage|p2a: Tentacruel|32/100
|
|-heal|p2a: Tentacruel|38/100|[from] Grassy Terrain
|-heal|p2a: Tentacruel|44/100|[from] item: Black Sludge
|-heal|p1a: Amoonguss|73/100 brn|[from] Grassy Terrain
|-damage|p1a: Amoonguss|66/100 brn|[from] brn
|-fieldend|move: Grassy Terrain
|upkeep
|turn|41
|
|t:|1652559586
|move|p2a: Tentacruel|Sludge Bomb|p1a: Amoonguss
|-damage|p1a: Amoonguss|42/100 brn
|move|p1a: Amoonguss|Synthesis|p1a: Amoonguss
|-heal|p1a: Amoonguss|92/100 brn
|
|-heal|p2a: Tentacruel|50/100|[from] item: Black Sludge
|-damage|p1a: Amoonguss|86/100 brn|[from] brn
|upkeep
|turn|42
|
|t:|1652559600
|move|p2a: Tentacruel|Scald|p1a: Amoonguss
|-resisted|p1a: Amoonguss
|-damage|p1a: Amoonguss|75/100 brn
|move|p1a: Amoonguss|Sludge Bomb|p2a: Tentacruel
|-resisted|p2a: Tentacruel
|-damage|p2a: Tentacruel|39/100
|
|-heal|p2a: Tentacruel|45/100|[from] item: Black Sludge
|-damage|p1a: Amoonguss|68/100 brn|[from] brn
|upkeep
|turn|43
|l| ASKOV
|
|t:|1652559610
|switch|p1a: Zygarde|Zygarde-10%|91/100
|-damage|p1a: Zygarde|85/100|[from] Stealth Rock
|-ability|p1a: Zygarde|Aura Break
|move|p2a: Tentacruel|Scald|p1a: Zygarde
|-damage|p1a: Zygarde|49/100
|
|-heal|p2a: Tentacruel|51/100|[from] item: Black Sludge
|upkeep
|turn|44
|
|t:|1652559621
|switch|p2a: Tapu Bulu|Tapu Bulu|88/100 tox
|-fieldstart|move: Grassy Terrain|[from] ability: Grassy Surge|[of] p2a: Tapu Bulu
|move|p1a: Zygarde|Thousand Arrows|p2a: Tapu Bulu
|-resisted|p2a: Tapu Bulu
|-damage|p2a: Tapu Bulu|68/100 tox
|
|-heal|p1a: Zygarde|55/100|[from] Grassy Terrain
|-heal|p2a: Tapu Bulu|74/100 tox|[from] Grassy Terrain
|-damage|p2a: Tapu Bulu|68/100 tox|[from] psn
|upkeep
|turn|45
|
|t:|1652559638
|switch|p1a: Cobalion|Cobalion|79/100
|-damage|p1a: Cobalion|75/100|[from] Stealth Rock
|move|p2a: Tapu Bulu|Synthesis|p2a: Tapu Bulu
|-heal|p2a: Tapu Bulu|100/100 tox
|
|-heal|p1a: Cobalion|82/100|[from] Grassy Terrain
|-damage|p2a: Tapu Bulu|88/100 tox|[from] psn
|upkeep
|turn|46
|
|t:|1652559645
|switch|p2a: Tentacruel|Tentacruel, F|51/100
|move|p1a: Cobalion|Stealth Rock|p2a: Tentacruel
|-sidestart|p2: UULT92q BFM|move: Stealth Rock
|
|-heal|p1a: Cobalion|88/100|[from] Grassy Terrain
|-heal|p2a: Tentacruel|58/100|[from] Grassy Terrain
|-heal|p2a: Tentacruel|64/100|[from] item: Black Sludge
|upkeep
|turn|47
|
|t:|1652559650
|move|p1a: Cobalion|Close Combat|p2a: Tentacruel
|-resisted|p2a: Tentacruel
|-damage|p2a: Tentacruel|33/100
|-unboost|p1a: Cobalion|def|1
|-unboost|p1a: Cobalion|spd|1
|move|p2a: Tentacruel|Rapid Spin|p1a: Cobalion
|-resisted|p1a: Cobalion
|-damage|p1a: Cobalion|83/100
|-boost|p2a: Tentacruel|spe|1
|-damage|p2a: Tentacruel|16/100|[from] item: Rocky Helmet|[of] p1a: Cobalion
|-sideend|p2: UULT92q BFM|Stealth Rock|[from] move: Rapid Spin|[of] p2a: Tentacruel
|
|-heal|p2a: Tentacruel|23/100|[from] Grassy Terrain
|-heal|p2a: Tentacruel|29/100|[from] item: Black Sludge
|-heal|p1a: Cobalion|89/100|[from] Grassy Terrain
|upkeep
|turn|48
|
|t:|1652559665
|move|p2a: Tentacruel|Scald|p1a: Cobalion
|-damage|p1a: Cobalion|44/100
|-status|p1a: Cobalion|brn
|move|p1a: Cobalion|Close Combat|p2a: Tentacruel
|-resisted|p2a: Tentacruel
|-damage|p2a: Tentacruel|14/100
|-unboost|p1a: Cobalion|def|1
|-unboost|p1a: Cobalion|spd|1
|
|-heal|p2a: Tentacruel|20/100|[from] Grassy Terrain
|-heal|p2a: Tentacruel|26/100|[from] item: Black Sludge
|-heal|p1a: Cobalion|50/100 brn|[from] Grassy Terrain
|-damage|p1a: Cobalion|44/100 brn|[from] brn
|-fieldend|move: Grassy Terrain
|upkeep
|turn|49
|
|t:|1652559679
|move|p2a: Tentacruel|Scald|p1a: Cobalion
|-damage|p1a: Cobalion|0 fnt
|faint|p1a: Cobalion
|
|-heal|p2a: Tentacruel|32/100|[from] item: Black Sludge
|upkeep
|
|t:|1652559681
|switch|p1a: Zygarde|Zygarde-10%|55/100
|-damage|p1a: Zygarde|49/100|[from] Stealth Rock
|-ability|p1a: Zygarde|Aura Break
|turn|50
|j| hariyana grande
|l| The Benz Mafia
|
|t:|1652559701
|switch|p2a: Tapu Bulu|Tapu Bulu|88/100 tox
|-fieldstart|move: Grassy Terrain|[from] ability: Grassy Surge|[of] p2a: Tapu Bulu
|switch|p1a: Amoonguss|Amoonguss, M|100/100 brn
|-damage|p1a: Amoonguss|88/100 brn|[from] Stealth Rock
|
|-heal|p2a: Tapu Bulu|94/100 tox|[from] Grassy Terrain
|-heal|p1a: Amoonguss|94/100 brn|[from] Grassy Terrain
|-damage|p2a: Tapu Bulu|88/100 tox|[from] psn
|-damage|p1a: Amoonguss|88/100 brn|[from] brn
|upkeep
|turn|51
|
|t:|1652559708
|switch|p2a: Tentacruel|Tentacruel, F|32/100
|switch|p1a: Primarina|Primarina, F|94/100
|-damage|p1a: Primarina|82/100|[from] Stealth Rock
|
|-heal|p2a: Tentacruel|39/100|[from] Grassy Terrain
|-heal|p2a: Tentacruel|45/100|[from] item: Black Sludge
|-heal|p1a: Primarina|88/100|[from] Grassy Terrain
|-heal|p1a: Primarina|94/100|[from] item: Leftovers
|upkeep
|turn|52
|
|t:|1652559718
|move|p2a: Tentacruel|Sludge Bomb|p1a: Primarina
|-supereffective|p1a: Primarina
|-damage|p1a: Primarina|58/100
|move|p1a: Primarina|Scald|p2a: Tentacruel
|-resisted|p2a: Tentacruel
|-damage|p2a: Tentacruel|31/100
|-status|p2a: Tentacruel|brn
|
|-heal|p2a: Tentacruel|37/100 brn|[from] Grassy Terrain
|-heal|p2a: Tentacruel|43/100 brn|[from] item: Black Sludge
|-heal|p1a: Primarina|64/100|[from] Grassy Terrain
|-heal|p1a: Primarina|70/100|[from] item: Leftovers
|-damage|p2a: Tentacruel|37/100 brn|[from] brn
|upkeep
|turn|53
|j| Aiyaru
|
|t:|1652559729
|move|p2a: Tentacruel|Sludge Bomb|p1a: Primarina
|-supereffective|p1a: Primarina
|-damage|p1a: Primarina|33/100
|move|p1a: Primarina|Rest|p1a: Primarina
|-status|p1a: Primarina|slp|[from] move: Rest
|-heal|p1a: Primarina|100/100 slp|[silent]
|
|-heal|p2a: Tentacruel|43/100 brn|[from] Grassy Terrain
|-heal|p2a: Tentacruel|50/100 brn|[from] item: Black Sludge
|-damage|p2a: Tentacruel|43/100 brn|[from] brn
|upkeep
|turn|54
|
|t:|1652559742
|move|p2a: Tentacruel|Sludge Bomb|p1a: Primarina
|-supereffective|p1a: Primarina
|-damage|p1a: Primarina|69/100 slp
|cant|p1a: Primarina|slp
|move|p1a: Primarina|Sleep Talk|p1a: Primarina
|move|p1a: Primarina|Scald|p2a: Tentacruel|[from]move: Sleep Talk
|-resisted|p2a: Tentacruel
|-damage|p2a: Tentacruel|31/100 brn
|
|-heal|p2a: Tentacruel|37/100 brn|[from] Grassy Terrain
|-heal|p2a: Tentacruel|43/100 brn|[from] item: Black Sludge
|-heal|p1a: Primarina|75/100 slp|[from] Grassy Terrain
|-heal|p1a: Primarina|81/100 slp|[from] item: Leftovers
|-damage|p2a: Tentacruel|37/100 brn|[from] brn
|-fieldend|move: Grassy Terrain
|upkeep
|turn|55
|
|t:|1652559750
|switch|p2a: Tapu Bulu|Tapu Bulu|88/100 tox
|-fieldstart|move: Grassy Terrain|[from] ability: Grassy Surge|[of] p2a: Tapu Bulu
|cant|p1a: Primarina|slp
|move|p1a: Primarina|Sleep Talk|p1a: Primarina
|move|p1a: Primarina|Scald|p2a: Tapu Bulu|[from]move: Sleep Talk
|-resisted|p2a: Tapu Bulu
|-damage|p2a: Tapu Bulu|69/100 tox
|
|-heal|p2a: Tapu Bulu|75/100 tox|[from] Grassy Terrain
|-heal|p1a: Primarina|87/100 slp|[from] Grassy Terrain
|-heal|p1a: Primarina|93/100 slp|[from] item: Leftovers
|-damage|p2a: Tapu Bulu|69/100 tox|[from] psn
|upkeep
|turn|56
|l| hariyana grande
|
|t:|1652559778
|switch|p2a: Tentacruel|Tentacruel, F|37/100 brn
|switch|p1a: Amoonguss|Amoonguss, M|100/100 brn
|-damage|p1a: Amoonguss|88/100 brn|[from] Stealth Rock
|
|-heal|p2a: Tentacruel|43/100 brn|[from] Grassy Terrain
|-heal|p2a: Tentacruel|49/100 brn|[from] item: Black Sludge
|-heal|p1a: Amoonguss|94/100 brn|[from] Grassy Terrain
|-damage|p2a: Tentacruel|43/100 brn|[from] brn
|-damage|p1a: Amoonguss|88/100 brn|[from] brn
|upkeep
|turn|57
|
|t:|1652559789
|move|p2a: Tentacruel|Sludge Bomb|p1a: Amoonguss
|-damage|p1a: Amoonguss|65/100 brn
|move|p1a: Amoonguss|Sludge Bomb|p2a: Tentacruel
|-resisted|p2a: Tentacruel
|-damage|p2a: Tentacruel|33/100 brn
|
|-heal|p2a: Tentacruel|39/100 brn|[from] Grassy Terrain
|-heal|p2a: Tentacruel|45/100 brn|[from] item: Black Sludge
|-heal|p1a: Amoonguss|71/100 brn|[from] Grassy Terrain
|-damage|p2a: Tentacruel|39/100 brn|[from] brn
|-damage|p1a: Amoonguss|65/100 brn|[from] brn
|upkeep
|turn|58
|
|t:|1652559797
|switch|p2a: Thundurus|Thundurus-Therian, M|40/100
|switch|p1a: Primarina|Primarina, F|93/100 slp
|-damage|p1a: Primarina|80/100 slp|[from] Stealth Rock
|
|-heal|p1a: Primarina|86/100 slp|[from] Grassy Terrain
|-heal|p1a: Primarina|93/100 slp|[from] item: Leftovers
|upkeep
|turn|59
|
|t:|1652559814
|move|p2a: Thundurus|Knock Off|p1a: Primarina
|-resisted|p1a: Primarina
|-damage|p1a: Primarina|81/100 slp
|-enditem|p1a: Primarina|Leftovers|[from] move: Knock Off|[of] p2a: Thundurus
|-curestatus|p1a: Primarina|slp|[msg]
|move|p1a: Primarina|Moonblast|p2a: Thundurus
|-damage|p2a: Thundurus|0 fnt
|faint|p2a: Thundurus
|
|-heal|p1a: Primarina|87/100|[from] Grassy Terrain
|-fieldend|move: Grassy Terrain
|upkeep
|
|t:|1652559821
|switch|p2a: Tapu Bulu|Tapu Bulu|69/100 tox
|-fieldstart|move: Grassy Terrain|[from] ability: Grassy Surge|[of] p2a: Tapu Bulu
|turn|60
|
|t:|1652559827
|switch|p2a: Tentacruel|Tentacruel, F|39/100 brn
|switch|p1a: Amoonguss|Amoonguss, M|98/100 brn
|-damage|p1a: Amoonguss|86/100 brn|[from] Stealth Rock
|
|-heal|p2a: Tentacruel|45/100 brn|[from] Grassy Terrain
|-heal|p2a: Tentacruel|51/100 brn|[from] item: Black Sludge
|-heal|p1a: Amoonguss|92/100 brn|[from] Grassy Terrain
|-damage|p2a: Tentacruel|45/100 brn|[from] brn
|-damage|p1a: Amoonguss|86/100 brn|[from] brn
|upkeep
|turn|61
|
|t:|1652559835
|move|p2a: Tentacruel|Sludge Bomb|p1a: Amoonguss
|-damage|p1a: Amoonguss|62/100 brn
|move|p1a: Amoonguss|Sludge Bomb|p2a: Tentacruel
|-resisted|p2a: Tentacruel
|-damage|p2a: Tentacruel|35/100 brn
|
|-heal|p2a: Tentacruel|41/100 brn|[from] Grassy Terrain
|-heal|p2a: Tentacruel|47/100 brn|[from] item: Black Sludge
|-heal|p1a: Amoonguss|69/100 brn|[from] Grassy Terrain
|-damage|p2a: Tentacruel|41/100 brn|[from] brn
|-damage|p1a: Amoonguss|62/100 brn|[from] brn
|upkeep
|turn|62
|
|t:|1652559841
|move|p2a: Tentacruel|Sludge Bomb|p1a: Amoonguss
|-damage|p1a: Amoonguss|40/100 brn
|move|p1a: Amoonguss|Synthesis|p1a: Amoonguss
|-heal|p1a: Amoonguss|90/100 brn
|
|-heal|p2a: Tentacruel|47/100 brn|[from] Grassy Terrain
|-heal|p2a: Tentacruel|53/100 brn|[from] item: Black Sludge
|-heal|p1a: Amoonguss|96/100 brn|[from] Grassy Terrain
|-damage|p2a: Tentacruel|47/100 brn|[from] brn
|-damage|p1a: Amoonguss|90/100 brn|[from] brn
|upkeep
|turn|63
|
|t:|1652559846
|move|p2a: Tentacruel|Sludge Bomb|p1a: Amoonguss
|-damage|p1a: Amoonguss|65/100 brn
|move|p1a: Amoonguss|Sludge Bomb|p2a: Tentacruel
|-resisted|p2a: Tentacruel
|-damage|p2a: Tentacruel|36/100 brn
|
|-heal|p2a: Tentacruel|42/100 brn|[from] Grassy Terrain
|-heal|p2a: Tentacruel|48/100 brn|[from] item: Black Sludge
|-heal|p1a: Amoonguss|71/100 brn|[from] Grassy Terrain
|-damage|p2a: Tentacruel|42/100 brn|[from] brn
|-damage|p1a: Amoonguss|65/100 brn|[from] brn
|upkeep
|turn|64
|j| P.Otaku❄
|
|t:|1652559851
|move|p2a: Tentacruel|Sludge Bomb|p1a: Amoonguss
|-damage|p1a: Amoonguss|40/100 brn
|move|p1a: Amoonguss|Synthesis|p1a: Amoonguss
|-heal|p1a: Amoonguss|90/100 brn
|
|-heal|p2a: Tentacruel|48/100 brn|[from] Grassy Terrain
|-heal|p2a: Tentacruel|54/100 brn|[from] item: Black Sludge
|-heal|p1a: Amoonguss|96/100 brn|[from] Grassy Terrain
|-damage|p2a: Tentacruel|48/100 brn|[from] brn
|-damage|p1a: Amoonguss|90/100 brn|[from] brn
|-fieldend|move: Grassy Terrain
|upkeep
|turn|65
|l| P.Otaku❄
|
|t:|1652559858
|move|p2a: Tentacruel|Sludge Bomb|p1a: Amoonguss
|-damage|p1a: Amoonguss|67/100 brn
|move|p1a: Amoonguss|Sludge Bomb|p2a: Tentacruel
|-resisted|p2a: Tentacruel
|-damage|p2a: Tentacruel|38/100 brn
|
|-heal|p2a: Tentacruel|44/100 brn|[from] item: Black Sludge
|-damage|p2a: Tentacruel|38/100 brn|[from] brn
|-damage|p1a: Amoonguss|61/100 brn|[from] brn
|upkeep
|turn|66
|
|t:|1652559869
|move|p2a: Tentacruel|Sludge Bomb|p1a: Amoonguss
|-damage|p1a: Amoonguss|39/100 brn
|move|p1a: Amoonguss|Sludge Bomb|p2a: Tentacruel
|-resisted|p2a: Tentacruel
|-damage|p2a: Tentacruel|28/100 brn
|
|-heal|p2a: Tentacruel|34/100 brn|[from] item: Black Sludge
|-damage|p2a: Tentacruel|28/100 brn|[from] brn
|-damage|p1a: Amoonguss|32/100 brn|[from] brn
|upkeep
|turn|67
|
|t:|1652559878
|switch|p2a: Hydreigon|Hydreigon, F|76/100 slp
|move|p1a: Amoonguss|Synthesis|p1a: Amoonguss
|-heal|p1a: Amoonguss|82/100 brn
|
|-damage|p1a: Amoonguss|76/100 brn|[from] brn
|upkeep
|turn|68
|
|t:|1652559883
|switch|p1a: Primarina|Primarina, F|87/100
|-damage|p1a: Primarina|74/100|[from] Stealth Rock
|cant|p2a: Hydreigon|slp
|
|upkeep
|turn|69
|
|t:|1652559892
|cant|p2a: Hydreigon|slp
|move|p1a: Primarina|Moonblast|p2a: Hydreigon
|-supereffective|p2a: Hydreigon
|-damage|p2a: Hydreigon|0 fnt
|faint|p2a: Hydreigon
|
|upkeep
|
|t:|1652559894
|switch|p2a: Tapu Bulu|Tapu Bulu|69/100 tox
|-fieldstart|move: Grassy Terrain|[from] ability: Grassy Surge|[of] p2a: Tapu Bulu
|turn|70
|
|t:|1652559900
|switch|p2a: Tentacruel|Tentacruel, F|28/100 brn
|switch|p1a: Amoonguss|Amoonguss, M|100/100 brn
|-damage|p1a: Amoonguss|88/100 brn|[from] Stealth Rock
|
|-heal|p2a: Tentacruel|34/100 brn|[from] Grassy Terrain
|-heal|p2a: Tentacruel|40/100 brn|[from] item: Black Sludge
|-heal|p1a: Amoonguss|94/100 brn|[from] Grassy Terrain
|-damage|p2a: Tentacruel|34/100 brn|[from] brn
|-damage|p1a: Amoonguss|88/100 brn|[from] brn
|upkeep
|turn|71
|
|t:|1652559906
|move|p2a: Tentacruel|Sludge Bomb|p1a: Amoonguss
|-damage|p1a: Amoonguss|63/100 brn
|move|p1a: Amoonguss|Sludge Bomb|p2a: Tentacruel
|-resisted|p2a: Tentacruel
|-damage|p2a: Tentacruel|23/100 brn
|
|-heal|p2a: Tentacruel|29/100 brn|[from] Grassy Terrain
|-heal|p2a: Tentacruel|35/100 brn|[from] item: Black Sludge
|-heal|p1a: Amoonguss|70/100 brn|[from] Grassy Terrain
|-damage|p2a: Tentacruel|29/100 brn|[from] brn
|-damage|p1a: Amoonguss|63/100 brn|[from] brn
|upkeep
|turn|72
|
|t:|1652559911
|move|p2a: Tentacruel|Sludge Bomb|p1a: Amoonguss
|-damage|p1a: Amoonguss|41/100 brn
|move|p1a: Amoonguss|Synthesis|p1a: Amoonguss
|-heal|p1a: Amoonguss|91/100 brn
|
|-heal|p2a: Tentacruel|35/100 brn|[from] Grassy Terrain
|-heal|p2a: Tentacruel|42/100 brn|[from] item: Black Sludge
|-heal|p1a: Amoonguss|97/100 brn|[from] Grassy Terrain
|-damage|p2a: Tentacruel|35/100 brn|[from] brn
|-damage|p1a: Amoonguss|91/100 brn|[from] brn
|upkeep
|turn|73
|
|t:|1652559912
|move|p2a: Tentacruel|Sludge Bomb|p1a: Amoonguss
|-damage|p1a: Amoonguss|67/100 brn
|move|p1a: Amoonguss|Sludge Bomb|p2a: Tentacruel
|-resisted|p2a: Tentacruel
|-damage|p2a: Tentacruel|26/100 brn
|
|-heal|p2a: Tentacruel|32/100 brn|[from] Grassy Terrain
|-heal|p2a: Tentacruel|38/100 brn|[from] item: Black Sludge
|-heal|p1a: Amoonguss|73/100 brn|[from] Grassy Terrain
|-damage|p2a: Tentacruel|32/100 brn|[from] brn
|-damage|p1a: Amoonguss|67/100 brn|[from] brn
|upkeep
|turn|74
|
|t:|1652559918
|switch|p1a: Primarina|Primarina, F|74/100
|-damage|p1a: Primarina|62/100|[from] Stealth Rock
|move|p2a: Tentacruel|Scald|p1a: Primarina
|-resisted|p1a: Primarina
|-damage|p1a: Primarina|54/100
|
|-heal|p2a: Tentacruel|38/100 brn|[from] Grassy Terrain
|-heal|p2a: Tentacruel|44/100 brn|[from] item: Black Sludge
|-heal|p1a: Primarina|60/100|[from] Grassy Terrain
|-damage|p2a: Tentacruel|38/100 brn|[from] brn
|-fieldend|move: Grassy Terrain
|upkeep
|turn|75
|
|t:|1652559927
|switch|p2a: Tapu Bulu|Tapu Bulu|69/100 tox
|-fieldstart|move: Grassy Terrain|[from] ability: Grassy Surge|[of] p2a: Tapu Bulu
|move|p1a: Primarina|Moonblast|p2a: Tapu Bulu
|-damage|p2a: Tapu Bulu|26/100 tox
|
|-heal|p2a: Tapu Bulu|33/100 tox|[from] Grassy Terrain
|-heal|p1a: Primarina|66/100|[from] Grassy Terrain
|-damage|p2a: Tapu Bulu|26/100 tox|[from] psn
|upkeep
|turn|76
|c|☆chiharu haru|gg
|
|t:|1652559940
|switch|p1a: Amoonguss|Amoonguss, M|99/100 brn
|-damage|p1a: Amoonguss|88/100 brn|[from] Stealth Rock
|move|p2a: Tapu Bulu|Synthesis|p2a: Tapu Bulu
|-heal|p2a: Tapu Bulu|76/100 tox
|
|-heal|p2a: Tapu Bulu|82/100 tox|[from] Grassy Terrain
|-heal|p1a: Amoonguss|94/100 brn|[from] Grassy Terrain
|-damage|p2a: Tapu Bulu|70/100 tox|[from] psn
|-damage|p1a: Amoonguss|88/100 brn|[from] brn
|upkeep
|turn|77
|
|t:|1652559944
|switch|p2a: Tentacruel|Tentacruel, F|38/100 brn
|move|p1a: Amoonguss|Sludge Bomb|p2a: Tentacruel
|-resisted|p2a: Tentacruel
|-damage|p2a: Tentacruel|26/100 brn
|
|-heal|p2a: Tentacruel|32/100 brn|[from] Grassy Terrain
|-heal|p2a: Tentacruel|38/100 brn|[from] item: Black Sludge
|-heal|p1a: Amoonguss|94/100 brn|[from] Grassy Terrain
|-damage|p2a: Tentacruel|32/100 brn|[from] brn
|-damage|p1a: Amoonguss|88/100 brn|[from] brn
|upkeep
|turn|78
|
|t:|1652559952
|switch|p1a: Primarina|Primarina, F|66/100
|-damage|p1a: Primarina|54/100|[from] Stealth Rock
|move|p2a: Tentacruel|Scald|p1a: Primarina
|-resisted|p1a: Primarina
|-damage|p1a: Primarina|46/100
|
|-heal|p2a: Tentacruel|38/100 brn|[from] Grassy Terrain
|-heal|p2a: Tentacruel|44/100 brn|[from] item: Black Sludge
|-heal|p1a: Primarina|52/100|[from] Grassy Terrain
|-damage|p2a: Tentacruel|38/100 brn|[from] brn
|upkeep
|turn|79
|
|t:|1652559960
|move|p2a: Tentacruel|Scald|p1a: Primarina
|-resisted|p1a: Primarina
|-damage|p1a: Primarina|43/100
|move|p1a: Primarina|Rest|p1a: Primarina
|-status|p1a: Primarina|slp|[from] move: Rest
|-heal|p1a: Primarina|100/100 slp|[silent]
|
|-heal|p2a: Tentacruel|44/100 brn|[from] Grassy Terrain
|-heal|p2a: Tentacruel|50/100 brn|[from] item: Black Sludge
|-damage|p2a: Tentacruel|44/100 brn|[from] brn
|-fieldend|move: Grassy Terrain
|upkeep
|turn|80
|
|t:|1652559966
|switch|p2a: Tapu Bulu|Tapu Bulu|70/100 tox
|-fieldstart|move: Grassy Terrain|[from] ability: Grassy Surge|[of] p2a: Tapu Bulu
|cant|p1a: Primarina|slp
|move|p1a: Primarina|Sleep Talk|p1a: Primarina
|move|p1a: Primarina|Rest||[from]move: Sleep Talk|[still]
|-fail|p1a: Primarina
|
|-heal|p2a: Tapu Bulu|76/100 tox|[from] Grassy Terrain
|-damage|p2a: Tapu Bulu|70/100 tox|[from] psn
|upkeep
|turn|81
|
|t:|1652559977
|switch|p2a: Tentacruel|Tentacruel, F|44/100 brn
|switch|p1a: Amoonguss|Amoonguss, M|100/100 brn
|-damage|p1a: Amoonguss|88/100 brn|[from] Stealth Rock
|
|-heal|p2a: Tentacruel|50/100 brn|[from] Grassy Terrain
|-heal|p2a: Tentacruel|56/100 brn|[from] item: Black Sludge
|-heal|p1a: Amoonguss|94/100 brn|[from] Grassy Terrain
|-damage|p2a: Tentacruel|50/100 brn|[from] brn
|-damage|p1a: Amoonguss|88/100 brn|[from] brn
|upkeep
|turn|82
|
|t:|1652559990
|move|p2a: Tentacruel|Rapid Spin|p1a: Amoonguss
|-damage|p1a: Amoonguss|85/100 brn
|-boost|p2a: Tentacruel|spe|1
|-damage|p2a: Tentacruel|34/100 brn|[from] item: Rocky Helmet|[of] p1a: Amoonguss
|move|p1a: Amoonguss|Sludge Bomb|p2a: Tentacruel
|-resisted|p2a: Tentacruel
|-damage|p2a: Tentacruel|24/100 brn
|
|-heal|p2a: Tentacruel|30/100 brn|[from] Grassy Terrain
|-heal|p2a: Tentacruel|36/100 brn|[from] item: Black Sludge
|-heal|p1a: Amoonguss|91/100 brn|[from] Grassy Terrain
|-damage|p2a: Tentacruel|30/100 brn|[from] brn
|-damage|p1a: Amoonguss|85/100 brn|[from] brn
|upkeep
|turn|83
|j| UULT92q Sir
|
|t:|1652559999
|move|p2a: Tentacruel|Haze|p2a: Tentacruel
|-clearallboost
|move|p1a: Amoonguss|Foul Play|p2a: Tentacruel
|-damage|p2a: Tentacruel|21/100 brn
|
|-heal|p2a: Tentacruel|27/100 brn|[from] Grassy Terrain
|-heal|p2a: Tentacruel|34/100 brn|[from] item: Black Sludge
|-heal|p1a: Amoonguss|91/100 brn|[from] Grassy Terrain
|-damage|p2a: Tentacruel|27/100 brn|[from] brn
|-damage|p1a: Amoonguss|85/100 brn|[from] brn
|upkeep
|turn|84
|
|t:|1652560007
|switch|p1a: Primarina|Primarina, F|100/100 slp
|-damage|p1a: Primarina|88/100 slp|[from] Stealth Rock
|move|p2a: Tentacruel|Scald|p1a: Primarina
|-resisted|p1a: Primarina
|-damage|p1a: Primarina|80/100 slp
|
|-heal|p2a: Tentacruel|34/100 brn|[from] Grassy Terrain
|-heal|p2a: Tentacruel|40/100 brn|[from] item: Black Sludge
|-heal|p1a: Primarina|86/100 slp|[from] Grassy Terrain
|-damage|p2a: Tentacruel|34/100 brn|[from] brn
|-fieldend|move: Grassy Terrain
|upkeep
|turn|85
|
|t:|1652560013
|switch|p2a: Tapu Bulu|Tapu Bulu|70/100 tox
|-fieldstart|move: Grassy Terrain|[from] ability: Grassy Surge|[of] p2a: Tapu Bulu
|cant|p1a: Primarina|slp
|move|p1a: Primarina|Sleep Talk|p1a: Primarina
|move|p1a: Primarina|Moonblast|p2a: Tapu Bulu|[from]move: Sleep Talk
|-damage|p2a: Tapu Bulu|26/100 tox
|-unboost|p2a: Tapu Bulu|spa|1
|
|-heal|p2a: Tapu Bulu|32/100 tox|[from] Grassy Terrain
|-heal|p1a: Primarina|92/100 slp|[from] Grassy Terrain
|-damage|p2a: Tapu Bulu|26/100 tox|[from] psn
|upkeep
|turn|86
|
|t:|1652560019
|switch|p1a: Amoonguss|Amoonguss, M|100/100 brn
|-damage|p1a: Amoonguss|88/100 brn|[from] Stealth Rock
|move|p2a: Tapu Bulu|Synthesis|p2a: Tapu Bulu
|-heal|p2a: Tapu Bulu|76/100 tox
|
|-heal|p2a: Tapu Bulu|82/100 tox|[from] Grassy Terrain
|-heal|p1a: Amoonguss|94/100 brn|[from] Grassy Terrain
|-damage|p2a: Tapu Bulu|70/100 tox|[from] psn
|-damage|p1a: Amoonguss|88/100 brn|[from] brn
|upkeep
|turn|87
|-message|UULT92q BFM forfeited.
|
|win|chiharu haru
|raw|chiharu haru's rating: 1654 &rarr; <strong>1669</strong><br />(+15 for winning)
|raw|UULT92q BFM's rating: 1573 &rarr; <strong>1558</strong><br />(-15 for losing)
