|j|☆JadedNoMore
|j|☆DDD951
|t:|1655049571
|gametype|singles
|player|p1|JadedNoMore|acetrainerf-gen4dp|1294
|player|p2|DDD951|170|1486
|teamsize|p1|6
|teamsize|p2|6
|gen|8
|tier|[Gen 8] UU
|rated|
|rule|Sleep Clause Mod: Limit one foe put to sleep
|rule|Species Clause: Limit one of each Pokémon
|rule|OHKO Clause: OHKO moves are banned
|rule|Evasion Moves Clause: Evasion moves are banned
|rule|Endless Battle Clause: Forcing endless battles is banned
|rule|HP Percentage Mod: HP is shown in percentages
|rule|Dynamax Clause: You cannot dynamax
|clearpoke
|poke|p1|Amoonguss, F|
|poke|p1|Slowking, M|
|poke|p1|Rotom-Heat|
|poke|p1|Mamoswine, F|
|poke|p1|Lycanroc-Dusk, F|
|poke|p1|Jirachi|
|poke|p2|Scizor, M|
|poke|p2|Gyarados, M|
|poke|p2|Starmie|
|poke|p2|Nihilego|
|poke|p2|Tangrowth, F|
|poke|p2|Darmanitan, F|
|teampreview
|
|t:|1655049581
|start
|switch|p1a: LechonksGrandpa|Mamoswine, F|100/100
|switch|p2a: Darmanitan|Darmanitan, F|100/100
|turn|1
|
|t:|1655049586
|switch|p1a: Fallout 4|Rotom-Heat|100/100
|move|p2a: Darmanitan|U-turn|p1a: Fallout 4
|-resisted|p1a: Fallout 4
|-damage|p1a: Fallout 4|83/100
|
|t:|1655049592
|switch|p2a: Nihilego|Nihilego|100/100|[from]move: U-turn
|
|upkeep
|turn|2
|
|t:|1655049598
|move|p1a: Fallout 4|Volt Switch|p2a: Nihilego
|-damage|p2a: Nihilego|78/100
|
|t:|1655049609
|switch|p1a: Electric Melon|Lycanroc-Dusk, F|100/100|[from]move: Volt Switch
|move|p2a: Nihilego|Stealth Rock|p1a: Electric Melon
|-sidestart|p1: JadedNoMore|move: Stealth Rock
|
|-heal|p2a: Nihilego|84/100|[from] item: Black Sludge
|upkeep
|turn|3
|
|t:|1655049617
|switch|p2a: Tangrowth|Tangrowth, F|100/100
|move|p1a: Electric Melon|Drill Run|p2a: Tangrowth
|-resisted|p2a: Tangrowth
|-damage|p2a: Tangrowth|86/100
|-damage|p1a: Electric Melon|91/100|[from] item: Life Orb
|
|upkeep
|turn|4
|
|t:|1655049625
|switch|p1a: Psilolegendary|Amoonguss, F|100/100
|-damage|p1a: Psilolegendary|88/100|[from] Stealth Rock
|move|p2a: Tangrowth|Knock Off|p1a: Psilolegendary
|-damage|p1a: Psilolegendary|64/100
|-damage|p2a: Tangrowth|70/100|[from] item: Rocky Helmet|[of] p1a: Psilolegendary
|-enditem|p1a: Psilolegendary|Rocky Helmet|[from] move: Knock Off|[of] p2a: Tangrowth
|
|upkeep
|turn|5
|
|t:|1655049634
|switch|p2a: Darmanitan|Darmanitan, F|100/100
|move|p1a: Psilolegendary|Sludge Bomb|p2a: Darmanitan
|-damage|p2a: Darmanitan|35/100
|-status|p2a: Darmanitan|psn
|
|-damage|p2a: Darmanitan|23/100 psn|[from] psn
|upkeep
|turn|6
|
|t:|1655049643
|switch|p1a: Fallout 4|Rotom-Heat|83/100
|-damage|p1a: Fallout 4|58/100|[from] Stealth Rock
|move|p2a: Darmanitan|U-turn|p1a: Fallout 4
|-resisted|p1a: Fallout 4
|-damage|p1a: Fallout 4|40/100
|
|t:|1655049651
|switch|p2a: Nihilego|Nihilego|84/100|[from]move: U-turn
|
|-heal|p2a: Nihilego|90/100|[from] item: Black Sludge
|upkeep
|turn|7
|
|t:|1655049661
|move|p1a: Fallout 4|Volt Switch|p2a: Nihilego
|-damage|p2a: Nihilego|67/100
|
|t:|1655049688
|switch|p1a: Electric Melon|Lycanroc-Dusk, F|91/100|[from]move: Volt Switch
|-damage|p1a: Electric Melon|78/100|[from] Stealth Rock
|move|p2a: Nihilego|Knock Off|p1a: Electric Melon
|-damage|p1a: Electric Melon|59/100
|-enditem|p1a: Electric Melon|Life Orb|[from] move: Knock Off|[of] p2a: Nihilego
|
|-heal|p2a: Nihilego|74/100|[from] item: Black Sludge
|upkeep
|turn|8
|
|t:|1655049697
|switch|p2a: Tangrowth|Tangrowth, F|100/100
|move|p1a: Electric Melon|Close Combat|p2a: Tangrowth
|-damage|p2a: Tangrowth|62/100
|-unboost|p1a: Electric Melon|def|1
|-unboost|p1a: Electric Melon|spd|1
|
|upkeep
|turn|9
|
|t:|1655049704
|switch|p1a: Psilolegendary|Amoonguss, F|97/100
|-damage|p1a: Psilolegendary|85/100|[from] Stealth Rock
|move|p2a: Tangrowth|Giga Drain|p1a: Psilolegendary
|-resisted|p1a: Psilolegendary
|-damage|p1a: Psilolegendary|78/100
|-heal|p2a: Tangrowth|66/100|[from] drain|[of] p1a: Psilolegendary
|
|upkeep
|turn|10
|
|t:|1655049715
|switch|p2a: Nihilego|Nihilego|74/100
|move|p1a: Psilolegendary|Spore|p2a: Nihilego
|-status|p2a: Nihilego|slp|[from] move: Spore
|
|-heal|p2a: Nihilego|80/100 slp|[from] item: Black Sludge
|upkeep
|turn|11
|
|t:|1655049723
|switch|p2a: Scizor|Scizor, M|100/100
|move|p1a: Psilolegendary|Giga Drain|p2a: Scizor
|-resisted|p2a: Scizor
|-damage|p2a: Scizor|90/100
|-heal|p1a: Psilolegendary|82/100|[from] drain|[of] p2a: Scizor
|
|-heal|p2a: Scizor|96/100|[from] item: Leftovers
|upkeep
|turn|12
|
|t:|1655049747
|switch|p1a: Fallout 4|Rotom-Heat|40/100
|-damage|p1a: Fallout 4|15/100|[from] Stealth Rock
|move|p2a: Scizor|U-turn|p1a: Fallout 4
|-resisted|p1a: Fallout 4
|-damage|p1a: Fallout 4|0 fnt
|faint|p1a: Fallout 4
|
|t:|1655049757
|switch|p2a: Starmie|Starmie|100/100|[from]move: U-turn
|
|upkeep
|
|t:|1655049768
|switch|p1a: Jirachi|Jirachi|100/100
|-damage|p1a: Jirachi|94/100|[from] Stealth Rock
|turn|13
|
|t:|1655049774
|switch|p2a: Scizor|Scizor, M|96/100
|move|p1a: Jirachi|Body Slam|p2a: Scizor
|-resisted|p2a: Scizor
|-damage|p2a: Scizor|86/100
|-status|p2a: Scizor|par
|
|-heal|p2a: Scizor|92/100 par|[from] item: Leftovers
|upkeep
|turn|14
|
|t:|1655049783
|move|p1a: Jirachi|Iron Head|p2a: Scizor
|-resisted|p2a: Scizor
|-damage|p2a: Scizor|79/100 par
|move|p2a: Scizor|Swords Dance|p2a: Scizor
|-boost|p2a: Scizor|atk|2
|
|-heal|p2a: Scizor|85/100 par|[from] item: Leftovers
|upkeep
|turn|15
|
|t:|1655049790
|move|p1a: Jirachi|Iron Head|p2a: Scizor
|-resisted|p2a: Scizor
|-damage|p2a: Scizor|72/100 par
|cant|p2a: Scizor|par
|
|-heal|p2a: Scizor|78/100 par|[from] item: Leftovers
|upkeep
|turn|16
|
|t:|1655049798
|move|p1a: Jirachi|Iron Head|p2a: Scizor
|-resisted|p2a: Scizor
|-damage|p2a: Scizor|64/100 par
|cant|p2a: Scizor|flinch
|
|-heal|p2a: Scizor|70/100 par|[from] item: Leftovers
|upkeep
|turn|17
|
|t:|1655049805
|move|p2a: Scizor|Bullet Punch|p1a: Jirachi
|-resisted|p1a: Jirachi
|-damage|p1a: Jirachi|66/100
|-damage|p2a: Scizor|53/100 par|[from] item: Rocky Helmet|[of] p1a: Jirachi
|move|p1a: Jirachi|Iron Head|p2a: Scizor
|-resisted|p2a: Scizor
|-damage|p2a: Scizor|39/100 par
|
|-heal|p2a: Scizor|45/100 par|[from] item: Leftovers
|upkeep
|turn|18
|
|t:|1655049818
|switch|p2a: Gyarados|Gyarados, M|100/100
|-ability|p2a: Gyarados|Intimidate|boost
|-unboost|p1a: Jirachi|atk|1
|move|p1a: Jirachi|Stealth Rock|p2a: Gyarados
|-sidestart|p2: DDD951|move: Stealth Rock
|
|upkeep
|turn|19
|
|t:|1655049825
|move|p1a: Jirachi|Body Slam|p2a: Gyarados
|-damage|p2a: Gyarados|81/100
|move|p2a: Gyarados|Substitute|p2a: Gyarados
|-start|p2a: Gyarados|Substitute
|-damage|p2a: Gyarados|56/100
|
|-heal|p2a: Gyarados|63/100|[from] item: Leftovers
|upkeep
|turn|20
|
|t:|1655049833
|move|p1a: Jirachi|Body Slam|p2a: Gyarados
|-activate|p2a: Gyarados|move: Substitute|[damage]
|move|p2a: Gyarados|Dragon Dance|p2a: Gyarados
|-boost|p2a: Gyarados|atk|1
|-boost|p2a: Gyarados|spe|1
|
|-heal|p2a: Gyarados|69/100|[from] item: Leftovers
|upkeep
|turn|21
|
|t:|1655049842
|switch|p1a: Wwwyzzerdd|Slowking, M|100/100
|-damage|p1a: Wwwyzzerdd|88/100|[from] Stealth Rock
|move|p2a: Gyarados|Dragon Dance|p2a: Gyarados
|-boost|p2a: Gyarados|atk|1
|-boost|p2a: Gyarados|spe|1
|
|-heal|p2a: Gyarados|75/100|[from] item: Leftovers
|upkeep
|turn|22
|
|t:|1655049850
|move|p2a: Gyarados|Dragon Dance|p2a: Gyarados
|-boost|p2a: Gyarados|atk|1
|-boost|p2a: Gyarados|spe|1
|move|p1a: Wwwyzzerdd|Psyshock|p2a: Gyarados
|-end|p2a: Gyarados|Substitute
|
|-heal|p2a: Gyarados|81/100|[from] item: Leftovers
|upkeep
|turn|23
|
|t:|1655049858
|move|p2a: Gyarados|Bounce||[still]
|-prepare|p2a: Gyarados|Bounce
|move|p1a: Wwwyzzerdd|Psyshock|p2a: Gyarados|[miss]
|-miss|p1a: Wwwyzzerdd|p2a: Gyarados
|
|-heal|p2a: Gyarados|87/100|[from] item: Leftovers
|upkeep
|turn|24
|
|t:|1655049864
|move|p2a: Gyarados|Bounce|p1a: Wwwyzzerdd|[from]lockedmove
|-damage|p1a: Wwwyzzerdd|0 fnt
|faint|p1a: Wwwyzzerdd
|
|-heal|p2a: Gyarados|93/100|[from] item: Leftovers
|upkeep
|
|t:|1655049870
|switch|p1a: Electric Melon|Lycanroc-Dusk, F|59/100
|-damage|p1a: Electric Melon|47/100|[from] Stealth Rock
|turn|25
|
|t:|1655049875
|move|p1a: Electric Melon|Accelerock|p2a: Gyarados
|-supereffective|p2a: Gyarados
|-damage|p2a: Gyarados|38/100
|move|p2a: Gyarados|Waterfall|p1a: Electric Melon
|-supereffective|p1a: Electric Melon
|-damage|p1a: Electric Melon|0 fnt
|faint|p1a: Electric Melon
|
|-heal|p2a: Gyarados|44/100|[from] item: Leftovers
|upkeep
|
|t:|1655049883
|switch|p1a: Psilolegendary|Amoonguss, F|100/100
|-damage|p1a: Psilolegendary|88/100|[from] Stealth Rock
|turn|26
|
|t:|1655049887
|move|p2a: Gyarados|Bounce||[still]
|-prepare|p2a: Gyarados|Bounce
|move|p1a: Psilolegendary|Giga Drain|p2a: Gyarados|[miss]
|-miss|p1a: Psilolegendary|p2a: Gyarados
|
|-heal|p2a: Gyarados|50/100|[from] item: Leftovers
|upkeep
|turn|27
|
|t:|1655049892
|move|p2a: Gyarados|Bounce|p1a: Psilolegendary|[from]lockedmove
|-supereffective|p1a: Psilolegendary
|-damage|p1a: Psilolegendary|0 fnt
|faint|p1a: Psilolegendary
|
|-heal|p2a: Gyarados|56/100|[from] item: Leftovers
|upkeep
|
|t:|1655049900
|switch|p1a: LechonksGrandpa|Mamoswine, F|100/100
|-damage|p1a: LechonksGrandpa|88/100|[from] Stealth Rock
|turn|28
|
|t:|1655049904
|move|p2a: Gyarados|Waterfall|p1a: LechonksGrandpa
|-supereffective|p1a: LechonksGrandpa
|-damage|p1a: LechonksGrandpa|0 fnt
|faint|p1a: LechonksGrandpa
|
|-heal|p2a: Gyarados|63/100|[from] item: Leftovers
|upkeep
|
|t:|1655049911
|switch|p1a: Jirachi|Jirachi|66/100
|-damage|p1a: Jirachi|60/100|[from] Stealth Rock
|turn|29
|
|t:|1655049915
|move|p2a: Gyarados|Waterfall|p1a: Jirachi
|-damage|p1a: Jirachi|0 fnt
|-damage|p2a: Gyarados|46/100|[from] item: Rocky Helmet|[of] p1a: Jirachi
|faint|p1a: Jirachi
|
|win|DDD951
|raw|JadedNoMore's rating: 1294 &rarr; <strong>1282</strong><br />(-12 for losing)
|raw|DDD951's rating: 1486 &rarr; <strong>1496</strong><br />(+10 for winning)
|l|☆JadedNoMore
||Ladder isn't responding, score probably updated but might not have (Request timeout).
