|j|☆big baz
|j|☆Modelbirdman
|player|p1|big baz|ltsurge|1544
|player|p2|Modelbirdman|269|1479
|teamsize|p1|6
|teamsize|p2|6
|gametype|singles
|gen|8
|tier|[Gen 8] UU
|rated|
|clearpoke
|poke|p1|Weezing-Galar, M|
|poke|p1|Umbreon, M|
|poke|p1|Pangoro, M|
|poke|p1|Kyurem|
|poke|p1|Jirachi|
|poke|p1|Keldeo-Resolute|
|poke|p2|Obstagoon, F|
|poke|p2|Araquanid, F|
|poke|p2|Dragalge, M|
|poke|p2|Darmanitan, M|
|poke|p2|Lucario, M|
|poke|p2|Klefki, M|
|rule|Sleep Clause Mod: Limit one foe put to sleep
|rule|Species Clause: Limit one of each Pokémon
|rule|OHKO Clause: OHKO moves are banned
|rule|Evasion Moves Clause: Evasion moves are banned
|rule|Endless Battle Clause: Forcing endless battles is banned
|rule|HP Percentage Mod: HP is shown in percentages
|rule|Dynamax Clause: You cannot dynamax
|teampreview
|
|start
|switch|p1a: Kyurem|Kyurem|100/100
|switch|p2a: Araquanid|Araquanid, F|100/100
|-ability|p1a: Kyurem|Pressure
|turn|1
|
|move|p1a: Kyurem|Substitute|p1a: Kyurem
|-start|p1a: Kyurem|Substitute
|-damage|p1a: Kyurem|76/100
|move|p2a: Araquanid|Sticky Web|p1a: Kyurem
|-sidestart|p1: big baz|move: Sticky Web
|
|-heal|p1a: Kyurem|82/100|[from] item: Leftovers
|upkeep
|turn|2
|
|move|p1a: Kyurem|Freeze-Dry|p2a: Araquanid
|-supereffective|p2a: Araquanid
|-damage|p2a: Araquanid|39/100
|move|p2a: Araquanid|Mirror Coat|p1a: Kyurem
|-end|p1a: Kyurem|Substitute
|
|-heal|p1a: Kyurem|88/100|[from] item: Leftovers
|upkeep
|turn|3
|
|move|p1a: Kyurem|Substitute|p1a: Kyurem
|-start|p1a: Kyurem|Substitute
|-damage|p1a: Kyurem|63/100
|move|p2a: Araquanid|Liquidation|p1a: Kyurem
|-resisted|p1a: Kyurem
|-activate|p1a: Kyurem|move: Substitute|[damage]
|
|-heal|p1a: Kyurem|69/100|[from] item: Leftovers
|upkeep
|turn|4
|
|switch|p2a: Klefki|Klefki, M|100/100
|move|p1a: Kyurem|Freeze-Dry|p2a: Klefki
|-resisted|p2a: Klefki
|-damage|p2a: Klefki|84/100
|
|-heal|p1a: Kyurem|75/100|[from] item: Leftovers
|upkeep
|turn|5
|
|move|p2a: Klefki|Light Screen|p2a: Klefki
|-sidestart|p2: Modelbirdman|move: Light Screen
|move|p1a: Kyurem|Earth Power|p2a: Klefki
|-supereffective|p2a: Klefki
|-damage|p2a: Klefki|51/100
|
|-heal|p1a: Kyurem|82/100|[from] item: Leftovers
|upkeep
|turn|6
|
|switch|p2a: Obstagoon|Obstagoon, F|100/100
|move|p1a: Kyurem|Earth Power|p2a: Obstagoon
|-damage|p2a: Obstagoon|84/100
|
|-heal|p1a: Kyurem|88/100|[from] item: Leftovers
|-status|p2a: Obstagoon|brn|[from] item: Flame Orb
|upkeep
|turn|7
|
|move|p1a: Kyurem|Protect|p1a: Kyurem
|-singleturn|p1a: Kyurem|Protect
|move|p2a: Obstagoon|Knock Off|p1a: Kyurem
|-activate|p1a: Kyurem|move: Protect
|
|-heal|p1a: Kyurem|94/100|[from] item: Leftovers
|-damage|p2a: Obstagoon|78/100 brn|[from] brn
|upkeep
|turn|8
|
|move|p1a: Kyurem|Freeze-Dry|p2a: Obstagoon
|-damage|p2a: Obstagoon|60/100 brn
|move|p2a: Obstagoon|Knock Off|p1a: Kyurem
|-end|p1a: Kyurem|Substitute
|
|-heal|p1a: Kyurem|99/100|[from] item: Leftovers
|-damage|p2a: Obstagoon|53/100 brn|[from] brn
|upkeep
|turn|9
|
|move|p1a: Kyurem|Protect|p1a: Kyurem
|-singleturn|p1a: Kyurem|Protect
|move|p2a: Obstagoon|Facade|p1a: Kyurem
|-activate|p1a: Kyurem|move: Protect
|
|-heal|p1a: Kyurem|100/100|[from] item: Leftovers
|-damage|p2a: Obstagoon|47/100 brn|[from] brn
|upkeep
|turn|10
|
|switch|p1a: Weezing|Weezing-Galar, M|100/100
|-ability|p1a: Weezing|Neutralizing Gas
|-activate|p1a: Weezing|move: Sticky Web
|-unboost|p1a: Weezing|spe|1
|move|p2a: Obstagoon|Close Combat|p1a: Weezing
|-resisted|p1a: Weezing
|-damage|p1a: Weezing|98/100
|-unboost|p2a: Obstagoon|def|1
|-unboost|p2a: Obstagoon|spd|1
|
|-heal|p1a: Weezing|100/100|[from] item: Black Sludge
|-damage|p2a: Obstagoon|41/100 brn|[from] brn
|upkeep
|turn|11
|
|move|p2a: Obstagoon|Facade|p1a: Weezing
|-damage|p1a: Weezing|62/100
|move|p1a: Weezing|Defog|p2a: Obstagoon
|-unboost|p2a: Obstagoon|evasion|1
|-sideend|p2: Modelbirdman|move: Light Screen
|-sideend|p1: big baz|Sticky Web|[from] move: Defog|[of] p1a: Weezing
|
|-heal|p1a: Weezing|68/100|[from] item: Black Sludge
|-damage|p2a: Obstagoon|35/100 brn|[from] brn
|upkeep
|turn|12
|
|move|p2a: Obstagoon|Parting Shot|p1a: Weezing
|-unboost|p1a: Weezing|atk|1
|-unboost|p1a: Weezing|spa|1
|
|switch|p2a: Darmanitan|Darmanitan, M|100/100|[from]move: Parting Shot
|move|p1a: Weezing|Sludge Bomb|p2a: Darmanitan
|-crit|p2a: Darmanitan
|-damage|p2a: Darmanitan|40/100
|
|-heal|p1a: Weezing|74/100|[from] item: Black Sludge
|upkeep
|turn|13
|
|move|p2a: Darmanitan|Flare Blitz|p1a: Weezing
|-damage|p1a: Weezing|30/100
|-damage|p2a: Darmanitan|26/100|[from] Recoil
|move|p1a: Weezing|Sludge Bomb|p2a: Darmanitan
|-damage|p2a: Darmanitan|0 fnt
|faint|p2a: Darmanitan
|
|-heal|p1a: Weezing|36/100|[from] item: Black Sludge
|upkeep
|
|switch|p2a: Lucario|Lucario, M|100/100
|turn|14
|
|switch|p1a: Keldeo|Keldeo-Resolute|100/100
|move|p2a: Lucario|Meteor Mash|p1a: Keldeo
|-resisted|p1a: Keldeo
|-damage|p1a: Keldeo|70/100
|-damage|p2a: Lucario|91/100|[from] item: Life Orb
|
|-heal|p1a: Keldeo|77/100|[from] item: Leftovers
|upkeep
|turn|15
|
|switch|p2a: Dragalge|Dragalge, M|100/100
|move|p1a: Keldeo|Secret Sword|p2a: Dragalge
|-resisted|p2a: Dragalge
|-damage|p2a: Dragalge|70/100
|
|-heal|p1a: Keldeo|83/100|[from] item: Leftovers
|upkeep
|turn|16
|
|move|p1a: Keldeo|Substitute|p1a: Keldeo
|-start|p1a: Keldeo|Substitute
|-damage|p1a: Keldeo|58/100
|move|p2a: Dragalge|Flip Turn|p1a: Keldeo
|-resisted|p1a: Keldeo
|-activate|p1a: Keldeo|move: Substitute|[damage]
|
|switch|p2a: Araquanid|Araquanid, F|39/100|[from]move: Flip Turn
|
|-heal|p1a: Keldeo|64/100|[from] item: Leftovers
|upkeep
|turn|17
|
|move|p1a: Keldeo|Calm Mind|p1a: Keldeo
|-boost|p1a: Keldeo|spa|1
|-boost|p1a: Keldeo|spd|1
|move|p2a: Araquanid|Sticky Web|p1a: Keldeo
|-sidestart|p1: big baz|move: Sticky Web
|
|-heal|p1a: Keldeo|70/100|[from] item: Leftovers
|upkeep
|turn|18
|
|move|p1a: Keldeo|Secret Sword|p2a: Araquanid
|-resisted|p2a: Araquanid
|-damage|p2a: Araquanid|0 fnt
|faint|p2a: Araquanid
|
|-heal|p1a: Keldeo|77/100|[from] item: Leftovers
|upkeep
|
|switch|p2a: Klefki|Klefki, M|51/100
|turn|19
|
|move|p2a: Klefki|Light Screen|p2a: Klefki
|-sidestart|p2: Modelbirdman|move: Light Screen
|move|p1a: Keldeo|Secret Sword|p2a: Klefki
|-damage|p2a: Klefki|23/100
|
|-heal|p1a: Keldeo|83/100|[from] item: Leftovers
|upkeep
|turn|20
|
|move|p2a: Klefki|Spikes|p1a: Keldeo
|-sidestart|p1: big baz|Spikes
|move|p1a: Keldeo|Secret Sword|p2a: Klefki
|-damage|p2a: Klefki|0 fnt
|faint|p2a: Klefki
|
|-heal|p1a: Keldeo|89/100|[from] item: Leftovers
|upkeep
|
|switch|p2a: Dragalge|Dragalge, M|70/100
|turn|21
|
|move|p1a: Keldeo|Scald|p2a: Dragalge
|-resisted|p2a: Dragalge
|-damage|p2a: Dragalge|55/100
|-status|p2a: Dragalge|brn
|move|p2a: Dragalge|Sludge Wave|p1a: Keldeo
|-end|p1a: Keldeo|Substitute
|
|-heal|p1a: Keldeo|95/100|[from] item: Leftovers
|-damage|p2a: Dragalge|49/100 brn|[from] brn
|upkeep
|turn|22
|
|switch|p1a: Jirachi|Jirachi|100/100
|-damage|p1a: Jirachi|88/100|[from] Spikes
|-activate|p1a: Jirachi|move: Sticky Web
|-unboost|p1a: Jirachi|spe|1
|move|p2a: Dragalge|Sludge Wave|p1a: Jirachi
|-immune|p1a: Jirachi
|
|-damage|p2a: Dragalge|43/100 brn|[from] brn
|upkeep
|turn|23
|
|switch|p2a: Obstagoon|Obstagoon, F|35/100 brn
|move|p1a: Jirachi|U-turn|p2a: Obstagoon
|-supereffective|p2a: Obstagoon
|-damage|p2a: Obstagoon|0 fnt
|faint|p2a: Obstagoon
|inactive|Battle timer is ON: inactive players will automatically lose when time's up. (requested by Modelbirdman)
|
|switch|p1a: Keldeo|Keldeo-Resolute|95/100|[from]move: U-turn
|-damage|p1a: Keldeo|83/100|[from] Spikes
|-activate|p1a: Keldeo|move: Sticky Web
|-unboost|p1a: Keldeo|spe|1
|
|-heal|p1a: Keldeo|89/100|[from] item: Leftovers
|upkeep
|
|switch|p2a: Lucario|Lucario, M|91/100
|turn|24
|
|move|p2a: Lucario|Close Combat|p1a: Keldeo
|-damage|p1a: Keldeo|5/100
|-unboost|p2a: Lucario|def|1
|-unboost|p2a: Lucario|spd|1
|-damage|p2a: Lucario|81/100|[from] item: Life Orb
|move|p1a: Keldeo|Secret Sword|p2a: Lucario
|-supereffective|p2a: Lucario
|-damage|p2a: Lucario|0 fnt
|faint|p2a: Lucario
|
|-heal|p1a: Keldeo|12/100|[from] item: Leftovers
|upkeep
|-message|Modelbirdman forfeited.
|
|win|big baz
|l|☆Modelbirdman
|raw|big baz's rating: 1544 &rarr; <strong>1560</strong><br />(+16 for winning)
|raw|Modelbirdman's rating: 1480 &rarr; <strong>1463</strong><br />(-17 for losing)
