|j|☆IndeedeIsKing
|j|☆Fousfull
|t:|1666174932
|gametype|singles
|player|p1|IndeedeIsKing|doctor-gen8|1567
|player|p2|Fousfull|blackbelt-gen4|1661
|teamsize|p1|6
|teamsize|p2|6
|gen|8
|tier|[Gen 8] UU
|rated|
|rule|Sleep Clause Mod: Limit one foe put to sleep
|rule|Species Clause: Limit one of each Pokémon
|rule|OHKO Clause: OHKO moves are banned
|rule|Evasion Items Clause: Evasion items are banned
|rule|Evasion Moves Clause: Evasion moves are banned
|rule|Endless Battle Clause: Forcing endless battles is banned
|rule|HP Percentage Mod: HP is shown in percentages
|rule|Dynamax Clause: You cannot dynamax
|clearpoke
|poke|p1|Tentacruel, M|
|poke|p1|Chansey, F|
|poke|p1|Hippowdon, M|
|poke|p1|Skarmory, F|
|poke|p1|Hydreigon, M|
|poke|p1|Crobat, M|
|poke|p2|Mamoswine, F|
|poke|p2|Zarude-Dada|
|poke|p2|Slowking, M|
|poke|p2|Nihilego|
|poke|p2|Salamence, F|
|poke|p2|Cobalion|
|teampreview
|inactive|Battle timer is ON: inactive players will automatically lose when time's up. (requested by IndeedeIsKing)
|
|t:|1666174942
|start
|switch|p1a: Crobat|Crobat, M|100/100
|switch|p2a: Zarude|Zarude-Dada|100/100
|turn|1
|
|t:|1666174945
|move|p2a: Zarude|U-turn|p1a: Crobat
|-resisted|p1a: Crobat
|-damage|p1a: Crobat|94/100
|
|t:|1666174946
|switch|p2a: Cobalion|Cobalion|100/100|[from]move: U-turn
|move|p1a: Crobat|U-turn|p2a: Cobalion
|-resisted|p2a: Cobalion
|-damage|p2a: Cobalion|97/100
|-damage|p1a: Crobat|77/100|[from] item: Rocky Helmet|[of] p2a: Cobalion
|
|t:|1666174952
|switch|p1a: Hippowdon|Hippowdon, M|100/100|[from]move: U-turn
|-weather|Sandstorm|[from] ability: Sand Stream|[of] p1a: Hippowdon
|
|-weather|Sandstorm|[upkeep]
|upkeep
|turn|2
|
|t:|1666174956
|move|p2a: Cobalion|Stealth Rock|p1a: Hippowdon
|-sidestart|p1: IndeedeIsKing|move: Stealth Rock
|move|p1a: Hippowdon|Stealth Rock|p2a: Cobalion
|-sidestart|p2: Fousfull|move: Stealth Rock
|
|-weather|Sandstorm|[upkeep]
|upkeep
|turn|3
|
|t:|1666174958
|switch|p2a: Slowking|Slowking, M|100/100
|-damage|p2a: Slowking|88/100|[from] Stealth Rock
|move|p1a: Hippowdon|Toxic|p2a: Slowking
|-status|p2a: Slowking|tox
|
|-weather|Sandstorm|[upkeep]
|-damage|p2a: Slowking|82/100 tox|[from] Sandstorm
|-damage|p2a: Slowking|76/100 tox|[from] psn
|upkeep
|turn|4
|
|t:|1666174962
|switch|p1a: Tentacruel|Tentacruel, M|100/100
|-damage|p1a: Tentacruel|88/100|[from] Stealth Rock
|move|p2a: Slowking|Teleport|p2a: Slowking
|
|t:|1666174969
|switch|p2a: Nihilego|Nihilego|100/100|[from]move: Teleport
|-damage|p2a: Nihilego|88/100|[from] Stealth Rock
|
|-weather|Sandstorm|[upkeep]
|-damage|p1a: Tentacruel|82/100|[from] Sandstorm
|-heal|p1a: Tentacruel|88/100|[from] item: Black Sludge
|upkeep
|turn|5
|
|t:|1666174973
|switch|p1a: Chansey|Chansey, F|100/100
|-damage|p1a: Chansey|88/100|[from] Stealth Rock
|move|p2a: Nihilego|Meteor Beam||[still]
|-prepare|p2a: Nihilego|Meteor Beam
|-boost|p2a: Nihilego|spa|1
|-enditem|p2a: Nihilego|Power Herb
|-anim|p2a: Nihilego|Meteor Beam|p1a: Chansey
|-damage|p1a: Chansey|59/100
|
|-weather|none
|upkeep
|turn|6
|
|t:|1666174976
|switch|p2a: Mamoswine|Mamoswine, F|100/100
|-damage|p2a: Mamoswine|88/100|[from] Stealth Rock
|move|p1a: Chansey|Soft-Boiled|p1a: Chansey
|-heal|p1a: Chansey|100/100
|
|upkeep
|turn|7
|
|t:|1666174978
|switch|p1a: Skarmory|Skarmory, F|100/100
|-damage|p1a: Skarmory|88/100|[from] Stealth Rock
|move|p2a: Mamoswine|Icicle Crash|p1a: Skarmory
|-damage|p1a: Skarmory|41/100
|
|upkeep
|turn|8
|
|t:|1666174989
|switch|p1a: Tentacruel|Tentacruel, M|88/100
|-damage|p1a: Tentacruel|76/100|[from] Stealth Rock
|move|p2a: Mamoswine|Icicle Crash|p1a: Tentacruel
|-resisted|p1a: Tentacruel
|-damage|p1a: Tentacruel|38/100
|
|-heal|p1a: Tentacruel|44/100|[from] item: Black Sludge
|upkeep
|turn|9
|
|t:|1666174993
|switch|p2a: Cobalion|Cobalion|97/100
|-damage|p2a: Cobalion|94/100|[from] Stealth Rock
|move|p1a: Tentacruel|Rapid Spin|p2a: Cobalion
|-resisted|p2a: Cobalion
|-damage|p2a: Cobalion|90/100
|-boost|p1a: Tentacruel|spe|1
|-damage|p1a: Tentacruel|27/100|[from] item: Rocky Helmet|[of] p2a: Cobalion
|-sideend|p1: IndeedeIsKing|Stealth Rock|[from] move: Rapid Spin|[of] p1a: Tentacruel
|
|-heal|p1a: Tentacruel|33/100|[from] item: Black Sludge
|upkeep
|turn|10
|
|t:|1666174997
|move|p1a: Tentacruel|Scald|p2a: Cobalion
|-damage|p2a: Cobalion|57/100
|move|p2a: Cobalion|Stone Edge|p1a: Tentacruel
|-damage|p1a: Tentacruel|7/100
|
|-heal|p1a: Tentacruel|13/100|[from] item: Black Sludge
|upkeep
|turn|11
|
|t:|1666175004
|switch|p2a: Slowking|Slowking, M|100/100 tox
|-damage|p2a: Slowking|88/100 tox|[from] Stealth Rock
|move|p1a: Tentacruel|Scald|p2a: Slowking
|-resisted|p2a: Slowking
|-crit|p2a: Slowking
|-damage|p2a: Slowking|74/100 tox
|
|-heal|p1a: Tentacruel|19/100|[from] item: Black Sludge
|-damage|p2a: Slowking|68/100 tox|[from] psn
|upkeep
|turn|12
|
|t:|1666175009
|switch|p1a: Hydreigon|Hydreigon, M|100/100
|move|p2a: Slowking|Teleport|p2a: Slowking
|
|t:|1666175011
|switch|p2a: Zarude|Zarude-Dada|100/100|[from]move: Teleport
|-damage|p2a: Zarude|88/100|[from] Stealth Rock
|
|upkeep
|turn|13
|
|t:|1666175014
|move|p2a: Zarude|U-turn|p1a: Hydreigon
|-supereffective|p1a: Hydreigon
|-damage|p1a: Hydreigon|48/100
|
|t:|1666175016
|switch|p2a: Nihilego|Nihilego|88/100|[from]move: U-turn
|-damage|p2a: Nihilego|76/100|[from] Stealth Rock
|move|p1a: Hydreigon|Dark Pulse|p2a: Nihilego
|-damage|p2a: Nihilego|34/100
|
|upkeep
|turn|14
|
|t:|1666175022
|switch|p2a: Cobalion|Cobalion|57/100
|-damage|p2a: Cobalion|54/100|[from] Stealth Rock
|switch|p1a: Chansey|Chansey, F|100/100
|
|upkeep
|turn|15
|
|t:|1666175025
|move|p2a: Cobalion|Stealth Rock|p1a: Chansey
|-sidestart|p1: IndeedeIsKing|move: Stealth Rock
|move|p1a: Chansey|Wish|p1a: Chansey
|
|upkeep
|turn|16
|
|t:|1666175033
|move|p2a: Cobalion|Close Combat|p1a: Chansey
|-supereffective|p1a: Chansey
|-damage|p1a: Chansey|34/100
|-unboost|p2a: Cobalion|def|1
|-unboost|p2a: Cobalion|spd|1
|move|p1a: Chansey|Seismic Toss|p2a: Cobalion
|-damage|p2a: Cobalion|23/100
|-damage|p1a: Chansey|17/100|[from] item: Rocky Helmet|[of] p2a: Cobalion
|
|-heal|p1a: Chansey|67/100|[from] move: Wish|[wisher] Chansey
|upkeep
|turn|17
|
|t:|1666175037
|switch|p1a: Hippowdon|Hippowdon, M|100/100
|-damage|p1a: Hippowdon|94/100|[from] Stealth Rock
|-weather|Sandstorm|[from] ability: Sand Stream|[of] p1a: Hippowdon
|move|p2a: Cobalion|Swords Dance|p2a: Cobalion
|-boost|p2a: Cobalion|atk|2
|
|-weather|Sandstorm|[upkeep]
|-heal|p1a: Hippowdon|100/100|[from] item: Leftovers
|upkeep
|turn|18
|
|t:|1666175045
|switch|p2a: Slowking|Slowking, M|100/100 tox
|-damage|p2a: Slowking|88/100 tox|[from] Stealth Rock
|move|p1a: Hippowdon|Earthquake|p2a: Slowking
|-damage|p2a: Slowking|60/100 tox
|
|-weather|Sandstorm|[upkeep]
|-damage|p2a: Slowking|54/100 tox|[from] Sandstorm
|-damage|p2a: Slowking|48/100 tox|[from] psn
|upkeep
|turn|19
|
|t:|1666175047
|move|p1a: Hippowdon|Earthquake|p2a: Slowking
|-damage|p2a: Slowking|19/100 tox
|move|p2a: Slowking|Teleport|p2a: Slowking
|
|t:|1666175049
|switch|p2a: Mamoswine|Mamoswine, F|88/100|[from]move: Teleport
|-damage|p2a: Mamoswine|76/100|[from] Stealth Rock
|
|-weather|Sandstorm|[upkeep]
|upkeep
|turn|20
|
|t:|1666175058
|move|p2a: Mamoswine|Icicle Crash|p1a: Hippowdon
|-supereffective|p1a: Hippowdon
|-damage|p1a: Hippowdon|3/100
|cant|p1a: Hippowdon|flinch
|
|-weather|Sandstorm|[upkeep]
|-heal|p1a: Hippowdon|9/100|[from] item: Leftovers
|upkeep
|turn|21
|
|t:|1666175064
|move|p2a: Mamoswine|Icicle Crash|p1a: Hippowdon|[miss]
|-miss|p2a: Mamoswine|p1a: Hippowdon
|move|p1a: Hippowdon|Earthquake|p2a: Mamoswine
|-damage|p2a: Mamoswine|34/100
|
|-weather|none
|-heal|p1a: Hippowdon|15/100|[from] item: Leftovers
|upkeep
|turn|22
|
|t:|1666175077
|switch|p1a: Skarmory|Skarmory, F|41/100
|-damage|p1a: Skarmory|28/100|[from] Stealth Rock
|move|p2a: Mamoswine|Icicle Crash|p1a: Skarmory
|-damage|p1a: Skarmory|0 fnt
|faint|p1a: Skarmory
|
|upkeep
|
|t:|1666175080
|switch|p1a: Crobat|Crobat, M|77/100
|turn|23
|
|t:|1666175084
|switch|p2a: Salamence|Salamence, F|100/100
|-ability|p2a: Salamence|Intimidate|boost
|-fail|p1a: Crobat|unboost|Attack|[from] ability: Inner Focus|[of] p1a: Crobat
|move|p1a: Crobat|Brave Bird|p2a: Salamence
|-damage|p2a: Salamence|44/100
|-damage|p1a: Crobat|59/100|[from] Recoil
|
|upkeep
|turn|24
|
|t:|1666175090
|switch|p2a: Cobalion|Cobalion|23/100
|-damage|p2a: Cobalion|20/100|[from] Stealth Rock
|move|p1a: Crobat|Brave Bird|p2a: Cobalion
|-crit|p2a: Cobalion
|-damage|p2a: Cobalion|0 fnt
|-damage|p1a: Crobat|43/100|[from] item: Rocky Helmet|[of] p2a: Cobalion
|faint|p2a: Cobalion
|-damage|p1a: Crobat|36/100|[from] Recoil
|
|upkeep
|
|t:|1666175096
|switch|p2a: Zarude|Zarude-Dada|88/100
|-damage|p2a: Zarude|76/100|[from] Stealth Rock
|turn|25
|
|t:|1666175101
|switch|p1a: Tentacruel|Tentacruel, M|19/100
|-damage|p1a: Tentacruel|7/100|[from] Stealth Rock
|move|p2a: Zarude|Darkest Lariat|p1a: Tentacruel
|-damage|p1a: Tentacruel|0 fnt
|faint|p1a: Tentacruel
|
|upkeep
|
|t:|1666175102
|switch|p1a: Chansey|Chansey, F|67/100
|-damage|p1a: Chansey|55/100|[from] Stealth Rock
|turn|26
|
|t:|1666175106
|switch|p2a: Slowking|Slowking, M|52/100 tox
|-damage|p2a: Slowking|40/100 tox|[from] Stealth Rock
|move|p1a: Chansey|Soft-Boiled|p1a: Chansey
|-heal|p1a: Chansey|100/100
|
|-damage|p2a: Slowking|34/100 tox|[from] psn
|upkeep
|turn|27
|
|t:|1666175108
|move|p1a: Chansey|Wish|p1a: Chansey
|move|p2a: Slowking|Teleport|p2a: Slowking
|
|t:|1666175110
|switch|p2a: Mamoswine|Mamoswine, F|34/100|[from]move: Teleport
|-damage|p2a: Mamoswine|21/100|[from] Stealth Rock
|
|upkeep
|turn|28
|
|t:|1666175112
|move|p2a: Mamoswine|Knock Off|p1a: Chansey
|-damage|p1a: Chansey|66/100
|-enditem|p1a: Chansey|Eviolite|[from] move: Knock Off|[of] p2a: Mamoswine
|move|p1a: Chansey|Seismic Toss|p2a: Mamoswine
|-damage|p2a: Mamoswine|0 fnt
|faint|p2a: Mamoswine
|
|-heal|p1a: Chansey|100/100|[from] move: Wish|[wisher] Chansey
|upkeep
|
|t:|1666175120
|switch|p2a: Zarude|Zarude-Dada|76/100
|-damage|p2a: Zarude|64/100|[from] Stealth Rock
|turn|29
|
|t:|1666175124
|switch|p1a: Hippowdon|Hippowdon, M|15/100
|-damage|p1a: Hippowdon|9/100|[from] Stealth Rock
|-weather|Sandstorm|[from] ability: Sand Stream|[of] p1a: Hippowdon
|move|p2a: Zarude|Power Whip|p1a: Hippowdon|[miss]
|-miss|p2a: Zarude|p1a: Hippowdon
|
|-weather|Sandstorm|[upkeep]
|-damage|p2a: Zarude|58/100|[from] Sandstorm
|-heal|p1a: Hippowdon|15/100|[from] item: Leftovers
|upkeep
|turn|30
|
|t:|1666175129
|move|p2a: Zarude|Power Whip|p1a: Hippowdon
|-supereffective|p1a: Hippowdon
|-damage|p1a: Hippowdon|0 fnt
|faint|p1a: Hippowdon
|
|-weather|Sandstorm|[upkeep]
|-damage|p2a: Zarude|52/100|[from] Sandstorm
|upkeep
|
|t:|1666175130
|switch|p1a: Crobat|Crobat, M|36/100
|turn|31
|
|t:|1666175133
|switch|p2a: Nihilego|Nihilego|34/100
|-damage|p2a: Nihilego|22/100|[from] Stealth Rock
|move|p1a: Crobat|Roost|p1a: Crobat
|-heal|p1a: Crobat|86/100
|-singleturn|p1a: Crobat|move: Roost
|
|-weather|Sandstorm|[upkeep]
|-damage|p1a: Crobat|80/100|[from] Sandstorm
|upkeep
|turn|32
|
|t:|1666175135
|move|p1a: Crobat|Brave Bird|p2a: Nihilego
|-resisted|p2a: Nihilego
|-damage|p2a: Nihilego|0 fnt
|faint|p2a: Nihilego
|-damage|p1a: Crobat|73/100|[from] Recoil
|
|-weather|Sandstorm|[upkeep]
|-damage|p1a: Crobat|66/100|[from] Sandstorm
|upkeep
|
|t:|1666175139
|switch|p2a: Zarude|Zarude-Dada|52/100
|-damage|p2a: Zarude|40/100|[from] Stealth Rock
|turn|33
|inactive|IndeedeIsKing has 120 seconds left.
|
|t:|1666175169
|move|p2a: Zarude|Darkest Lariat|p1a: Crobat
|-damage|p1a: Crobat|19/100
|move|p1a: Crobat|U-turn|p2a: Zarude
|-supereffective|p2a: Zarude
|-damage|p2a: Zarude|0 fnt
|faint|p2a: Zarude
|
|t:|1666175172
|switch|p1a: Chansey|Chansey, F|100/100|[from]move: U-turn
|-damage|p1a: Chansey|88/100|[from] Stealth Rock
|
|-weather|none
|upkeep
|-message|Fousfull forfeited.
|
|win|IndeedeIsKing
|raw|IndeedeIsKing's rating: 1567 &rarr; <strong>1592</strong><br />(+25 for winning)
|raw|Fousfull's rating: 1661 &rarr; <strong>1636</strong><br />(-25 for losing)
|l|☆Fousfull
