|j|☆Bennero
|j|☆Xoyjaz
|player|p1|Bennero|70|1406
|player|p2|Xoyjaz|lucas|1387
|teamsize|p1|6
|teamsize|p2|6
|gametype|singles
|gen|8
|tier|[Gen 8] UU
|rated|
|clearpoke
|poke|p1|Heliolisk, M|
|poke|p1|Weezing-Galar, F|
|poke|p1|Salazzle, F|
|poke|p1|Mamoswine, F|
|poke|p1|Milotic, F|
|poke|p1|Barraskewda, M|
|poke|p2|Mamoswine, M|
|poke|p2|Milotic, M|
|poke|p2|Scrafty, F|
|poke|p2|Noivern, M|
|poke|p2|Chandelure, F|
|poke|p2|Haxorus, M|
|rule|Sleep Clause Mod: Limit one foe put to sleep
|rule|Species Clause: Limit one of each Pokémon
|rule|OHKO Clause: OHKO moves are banned
|rule|Evasion Moves Clause: Evasion moves are banned
|rule|Endless Battle Clause: Forcing endless battles is banned
|rule|HP Percentage Mod: HP is shown in percentages
|rule|Dynamax Clause: You cannot dynamax
|teampreview
|inactive|Battle timer is ON: inactive players will automatically lose when time's up. (requested by Bennero)
|
|start
|switch|p1a: Barraskewda|Barraskewda, M|100/100
|switch|p2a: Bombaclat|Mamoswine, M|100/100
|turn|1
|
|move|p1a: Barraskewda|Liquidation|p2a: Bombaclat
|-supereffective|p2a: Bombaclat
|-enditem|p2a: Bombaclat|Focus Sash
|-damage|p2a: Bombaclat|1/100
|move|p2a: Bombaclat|Earthquake|p1a: Barraskewda
|-crit|p1a: Barraskewda
|-damage|p1a: Barraskewda|0 fnt
|faint|p1a: Barraskewda
|
|upkeep
|j| Andresa<3
|
|switch|p1a: Mamoswine|Mamoswine, F|100/100
|turn|2
|l| Andresa<3
|inactive|Xoyjaz has 120 seconds left.
|inactive|Xoyjaz has 90 seconds left.
|
|move|p1a: Mamoswine|Ice Shard|p2a: Bombaclat
|-damage|p2a: Bombaclat|0 fnt
|faint|p2a: Bombaclat
|
|upkeep
|
|switch|p2a: Scrafty|Scrafty, F|100/100
|turn|3
|
|switch|p1a: Weezing|Weezing-Galar, F|100/100
|move|p2a: Scrafty|Drain Punch|p1a: Weezing
|-resisted|p1a: Weezing
|-damage|p1a: Weezing|97/100
|
|-heal|p1a: Weezing|100/100|[from] item: Leftovers
|upkeep
|turn|4
|
|switch|p2a: Aqua|Chandelure, F, shiny|100/100
|move|p1a: Weezing|Will-O-Wisp|p2a: Aqua
|-immune|p2a: Aqua
|
|upkeep
|turn|5
|
|switch|p1a: Milotic|Milotic, F|100/100
|move|p2a: Aqua|Energy Ball|p1a: Milotic
|-supereffective|p1a: Milotic
|-damage|p1a: Milotic|31/100
|
|-status|p1a: Milotic|brn|[from] item: Flame Orb
|upkeep
|turn|6
|
|move|p2a: Aqua|Energy Ball|p1a: Milotic
|-supereffective|p1a: Milotic
|-damage|p1a: Milotic|0 fnt
|faint|p1a: Milotic
|
|upkeep
|
|switch|p1a: Heliolisk|Heliolisk, M|100/100
|turn|7
|
|switch|p2a: Noivern|Noivern, M|100/100
|move|p1a: Heliolisk|Surf|p2a: Noivern
|-resisted|p2a: Noivern
|-damage|p2a: Noivern|71/100
|
|-heal|p2a: Noivern|77/100|[from] item: Leftovers
|upkeep
|turn|8
|
|switch|p1a: Mamoswine|Mamoswine, F|100/100
|move|p2a: Noivern|Hurricane|p1a: Mamoswine
|-damage|p1a: Mamoswine|29/100
|
|-heal|p2a: Noivern|83/100|[from] item: Leftovers
|upkeep
|turn|9
|inactive|Xoyjaz has 120 seconds left.
|inactive|Xoyjaz has 90 seconds left.
|
|move|p1a: Mamoswine|Stealth Rock|p2a: Noivern
|-sidestart|p2: Xoyjaz|move: Stealth Rock
|move|p2a: Noivern|U-turn|p1a: Mamoswine
|-damage|p1a: Mamoswine|17/100
|
|switch|p2a: Haxorus|Haxorus, M, shiny|100/100|[from]move: U-turn
|-damage|p2a: Haxorus|88/100|[from] Stealth Rock
|-ability|p2a: Haxorus|Mold Breaker
|
|upkeep
|turn|10
|
|switch|p1a: Weezing|Weezing-Galar, F|100/100
|move|p2a: Haxorus|First Impression|p1a: Weezing
|-resisted|p1a: Weezing
|-damage|p1a: Weezing|95/100
|
|-heal|p1a: Weezing|100/100|[from] item: Leftovers
|upkeep
|turn|11
|inactive|Xoyjaz has 90 seconds left.
|
|switch|p2a: Aqua|Chandelure, F, shiny|100/100
|-damage|p2a: Aqua|76/100|[from] Stealth Rock
|switch|p1a: Mamoswine|Mamoswine, F|17/100
|
|upkeep
|turn|12
|
|switch|p2a: Noivern|Noivern, M|83/100
|-damage|p2a: Noivern|59/100|[from] Stealth Rock
|move|p1a: Mamoswine|Icicle Crash|p2a: Noivern
|-supereffective|p2a: Noivern
|-damage|p2a: Noivern|0 fnt
|faint|p2a: Noivern
|
|upkeep
|
|switch|p2a: RABGAFBON|Milotic, M, shiny|100/100
|-damage|p2a: RABGAFBON|88/100|[from] Stealth Rock
|turn|13
|
|switch|p1a: Heliolisk|Heliolisk, M|100/100
|move|p2a: RABGAFBON|Toxic|p1a: Heliolisk
|-status|p1a: Heliolisk|tox
|
|-heal|p2a: RABGAFBON|94/100|[from] item: Leftovers
|-damage|p1a: Heliolisk|94/100 tox|[from] psn
|upkeep
|turn|14
|
|move|p1a: Heliolisk|Volt Switch|p2a: RABGAFBON
|-supereffective|p2a: RABGAFBON
|-damage|p2a: RABGAFBON|36/100
|
|switch|p1a: Weezing|Weezing-Galar, F|100/100|[from]move: Volt Switch
|move|p2a: RABGAFBON|Recover|p2a: RABGAFBON
|-heal|p2a: RABGAFBON|86/100
|
|-heal|p2a: RABGAFBON|92/100|[from] item: Leftovers
|upkeep
|turn|15
|inactive|Xoyjaz has 120 seconds left.
|inactive|Bennero has 120 seconds left.
|
|switch|p1a: Heliolisk|Heliolisk, M|94/100 tox
|move|p2a: RABGAFBON|Scald|p1a: Heliolisk
|-heal|p1a: Heliolisk|100/100 tox|[from] ability: Dry Skin|[of] p2a: RABGAFBON
|
|-heal|p2a: RABGAFBON|98/100|[from] item: Leftovers
|-damage|p1a: Heliolisk|94/100 tox|[from] psn
|upkeep
|turn|16
|
|move|p1a: Heliolisk|Thunderbolt|p2a: RABGAFBON
|-supereffective|p2a: RABGAFBON
|-damage|p2a: RABGAFBON|25/100
|move|p2a: RABGAFBON|Recover|p2a: RABGAFBON
|-heal|p2a: RABGAFBON|75/100
|
|-heal|p2a: RABGAFBON|81/100|[from] item: Leftovers
|-damage|p1a: Heliolisk|82/100 tox|[from] psn
|upkeep
|turn|17
|inactive|Xoyjaz has 120 seconds left.
|
|switch|p1a: Mamoswine|Mamoswine, F|17/100
|move|p2a: RABGAFBON|Recover|p2a: RABGAFBON
|-heal|p2a: RABGAFBON|100/100
|
|upkeep
|turn|18
|
|switch|p1a: Heliolisk|Heliolisk, M|82/100 tox
|move|p2a: RABGAFBON|Toxic|p1a: Heliolisk
|-fail|p1a: Heliolisk|tox
|
|-damage|p1a: Heliolisk|76/100 tox|[from] psn
|upkeep
|turn|19
|inactive|Bennero has 120 seconds left.
|
|move|p1a: Heliolisk|Thunderbolt|p2a: RABGAFBON
|-supereffective|p2a: RABGAFBON
|-damage|p2a: RABGAFBON|30/100
|move|p2a: RABGAFBON|Recover|p2a: RABGAFBON
|-heal|p2a: RABGAFBON|80/100
|
|-heal|p2a: RABGAFBON|86/100|[from] item: Leftovers
|-damage|p1a: Heliolisk|64/100 tox|[from] psn
|upkeep
|turn|20
|inactive|Bennero has 120 seconds left.
|
|move|p1a: Heliolisk|Thunderbolt|p2a: RABGAFBON
|-supereffective|p2a: RABGAFBON
|-damage|p2a: RABGAFBON|11/100
|-status|p2a: RABGAFBON|par
|move|p2a: RABGAFBON|Recover|p2a: RABGAFBON
|-heal|p2a: RABGAFBON|61/100 par
|
|-heal|p2a: RABGAFBON|67/100 par|[from] item: Leftovers
|-damage|p1a: Heliolisk|46/100 tox|[from] psn
|upkeep
|turn|21
|inactive|Bennero has 120 seconds left.
|
|switch|p1a: Mamoswine|Mamoswine, F|17/100
|move|p2a: RABGAFBON|Recover|p2a: RABGAFBON
|-heal|p2a: RABGAFBON|100/100 par
|
|upkeep
|turn|22
|inactive|Bennero has 120 seconds left.
|inactive|Xoyjaz has 120 seconds left.
|
|switch|p1a: Heliolisk|Heliolisk, M|46/100 tox
|move|p2a: RABGAFBON|Scald|p1a: Heliolisk
|-heal|p1a: Heliolisk|71/100 tox|[from] ability: Dry Skin|[of] p2a: RABGAFBON
|
|-damage|p1a: Heliolisk|65/100 tox|[from] psn
|upkeep
|turn|23
|
|move|p1a: Heliolisk|Volt Switch|p2a: RABGAFBON
|-supereffective|p2a: RABGAFBON
|-damage|p2a: RABGAFBON|41/100 par
|j| Rumiilyn
|
|switch|p1a: Mamoswine|Mamoswine, F|17/100|[from]move: Volt Switch
|move|p2a: RABGAFBON|Recover|p2a: RABGAFBON
|-heal|p2a: RABGAFBON|91/100 par
|
|-heal|p2a: RABGAFBON|97/100 par|[from] item: Leftovers
|upkeep
|turn|24
|j| Soren-sage
|inactive|Bennero has 120 seconds left.
|inactive|Xoyjaz has 120 seconds left.
|
|switch|p1a: Heliolisk|Heliolisk, M|65/100 tox
|switch|p2a: Scrafty|Scrafty, F|100/100
|-damage|p2a: Scrafty|95/100|[from] Stealth Rock
|
|-heal|p2a: Scrafty|100/100|[from] item: Leftovers
|-damage|p1a: Heliolisk|59/100 tox|[from] psn
|upkeep
|turn|25
|
|move|p1a: Heliolisk|Volt Switch|p2a: Scrafty
|-damage|p2a: Scrafty|65/100
|
|switch|p1a: Weezing|Weezing-Galar, F|100/100|[from]move: Volt Switch
|move|p2a: Scrafty|Knock Off|p1a: Weezing
|-resisted|p1a: Weezing
|-damage|p1a: Weezing|90/100
|-enditem|p1a: Weezing|Leftovers|[from] move: Knock Off|[of] p2a: Scrafty
|
|-heal|p2a: Scrafty|71/100|[from] item: Leftovers
|upkeep
|turn|26
|
|switch|p1a: Mamoswine|Mamoswine, F|17/100
|switch|p2a: RABGAFBON|Milotic, M, shiny|97/100 par
|-damage|p2a: RABGAFBON|85/100 par|[from] Stealth Rock
|
|-heal|p2a: RABGAFBON|91/100 par|[from] item: Leftovers
|upkeep
|turn|27
|
|move|p1a: Mamoswine|Earthquake|p2a: RABGAFBON
|-damage|p2a: RABGAFBON|31/100 par
|cant|p2a: RABGAFBON|par
|
|-heal|p2a: RABGAFBON|37/100 par|[from] item: Leftovers
|upkeep
|turn|28
|
|move|p1a: Mamoswine|Earthquake|p2a: RABGAFBON
|-damage|p2a: RABGAFBON|0 fnt
|faint|p2a: RABGAFBON
|
|upkeep
|
|switch|p2a: Haxorus|Haxorus, M, shiny|88/100
|-damage|p2a: Haxorus|76/100|[from] Stealth Rock
|-ability|p2a: Haxorus|Mold Breaker
|turn|29
|
|move|p2a: Haxorus|Earthquake|p1a: Mamoswine
|-damage|p1a: Mamoswine|0 fnt
|faint|p1a: Mamoswine
|
|upkeep
|l| Rumiilyn
|inactive|Bennero has 120 seconds left.
|
|switch|p1a: Salazzle|Salazzle, F|100/100
|turn|30
|inactive|Xoyjaz has 120 seconds left.
|
|move|p2a: Haxorus|Earthquake|p1a: Salazzle
|-supereffective|p1a: Salazzle
|-enditem|p1a: Salazzle|Focus Sash
|-damage|p1a: Salazzle|1/100
|move|p1a: Salazzle|Sludge Wave|p2a: Haxorus
|-damage|p2a: Haxorus|12/100
|
|upkeep
|turn|31
|inactive|Bennero has 90 seconds left.
|l|☆Bennero
|inactive|Bennero disconnected and has a minute to reconnect!
|player|p1|
|j|☆Bennero
|inactive|Bennero reconnected and has 50 seconds left.
|player|p1|Bennero|70
|
|move|p2a: Haxorus|Earthquake|p1a: Salazzle
|-supereffective|p1a: Salazzle
|-damage|p1a: Salazzle|0 fnt
|faint|p1a: Salazzle
|
|upkeep
|
|switch|p1a: Weezing|Weezing-Galar, F|90/100
|turn|32
|
|move|p2a: Haxorus|Earthquake|p1a: Weezing
|-supereffective|p1a: Weezing
|-damage|p1a: Weezing|31/100
|move|p1a: Weezing|Strange Steam|p2a: Haxorus
|-supereffective|p2a: Haxorus
|-damage|p2a: Haxorus|0 fnt
|faint|p2a: Haxorus
|
|upkeep
|
|switch|p2a: Aqua|Chandelure, F, shiny|76/100
|-damage|p2a: Aqua|51/100|[from] Stealth Rock
|turn|33
|
|switch|p1a: Heliolisk|Heliolisk, M|59/100 tox
|move|p2a: Aqua|Fire Blast|p1a: Heliolisk|[miss]
|-miss|p2a: Aqua|p1a: Heliolisk
|
|-damage|p1a: Heliolisk|53/100 tox|[from] psn
|upkeep
|turn|34
|
|switch|p2a: Scrafty|Scrafty, F|71/100
|-damage|p2a: Scrafty|65/100|[from] Stealth Rock
|move|p1a: Heliolisk|Thunderbolt|p2a: Scrafty
|-damage|p2a: Scrafty|24/100
|
|-heal|p2a: Scrafty|30/100|[from] item: Leftovers
|-damage|p1a: Heliolisk|41/100 tox|[from] psn
|upkeep
|turn|35
|
|move|p1a: Heliolisk|Thunderbolt|p2a: Scrafty
|-damage|p2a: Scrafty|0 fnt
|faint|p2a: Scrafty
|
|-damage|p1a: Heliolisk|23/100 tox|[from] psn
|upkeep
|l|☆Xoyjaz
|inactive|Xoyjaz disconnected and has a minute to reconnect!
|player|p2|
|inactive|Xoyjaz has 30 seconds to reconnect!
|inactive|Xoyjaz has 20 seconds to reconnect!
|inactive|Xoyjaz has 15 seconds to reconnect!
|inactive|Xoyjaz has 10 seconds to reconnect!
|inactive|Xoyjaz has 5 seconds to reconnect!
|-message|Xoyjaz lost due to inactivity.
|
|win|Bennero
|raw|Bennero's rating: 1406 &rarr; <strong>1425</strong><br />(+19 for winning)
|raw|Xoyjaz's rating: 1387 &rarr; <strong>1369</strong><br />(-18 for losing)
