|j|☆pringl
|j|☆Lnua
|player|p1|pringl|220|1494
|player|p2|Lnua|misty-gen2|1542
|teamsize|p1|6
|teamsize|p2|6
|gametype|singles
|gen|8
|tier|[Gen 8] UU
|rated|
|clearpoke
|poke|p1|Torkoal, F|
|poke|p1|Incineroar, M|
|poke|p1|Venusaur, F|
|poke|p1|Darmanitan, F|
|poke|p1|Shiftry, F|
|poke|p1|Gigalith, F|
|poke|p2|Noivern, F|
|poke|p2|Rhyperior, F|
|poke|p2|Sylveon, F|
|poke|p2|Reuniclus, M|
|poke|p2|Milotic, M|
|poke|p2|Cobalion|
|rule|Sleep Clause Mod: Limit one foe put to sleep
|rule|Species Clause: Limit one of each Pokémon
|rule|OHKO Clause: OHKO moves are banned
|rule|Evasion Moves Clause: Evasion moves are banned
|rule|Endless Battle Clause: Forcing endless battles is banned
|rule|HP Percentage Mod: HP is shown in percentages
|rule|Dynamax Clause: You cannot dynamax
|teampreview
|j| Z the Legendary
|
|start
|switch|p1a: Venusaur|Venusaur, F|100/100
|switch|p2a: Rhyperior|Rhyperior, F|100/100
|turn|1
|
|switch|p1a: Torkoal|Torkoal, F|100/100
|-weather|SunnyDay|[from] ability: Drought|[of] p1a: Torkoal
|switch|p2a: DrReuniclus3|Reuniclus, M|100/100
|
|-weather|SunnyDay|[upkeep]
|upkeep
|turn|2
|
|switch|p2a: Noivern|Noivern, F|100/100
|-item|p1a: Torkoal|Heat Rock|[from] ability: Frisk|[of] p2a: Noivern|[identify]
|move|p1a: Torkoal|Yawn|p2a: Noivern
|-start|p2a: Noivern|move: Yawn|[of] p1a: Torkoal
|
|-weather|SunnyDay|[upkeep]
|upkeep
|turn|3
|
|switch|p2a: Rhyperior|Rhyperior, F|100/100
|move|p1a: Torkoal|Stealth Rock|p2a: Rhyperior
|-sidestart|p2: Lnua|move: Stealth Rock
|
|-weather|SunnyDay|[upkeep]
|upkeep
|turn|4
|
|move|p2a: Rhyperior|Stealth Rock|p1a: Torkoal
|-sidestart|p1: pringl|move: Stealth Rock
|move|p1a: Torkoal|Yawn|p2a: Rhyperior
|-start|p2a: Rhyperior|move: Yawn|[of] p1a: Torkoal
|
|-weather|SunnyDay|[upkeep]
|upkeep
|turn|5
|
|switch|p2a: yawn|Sylveon, F|100/100
|-damage|p2a: yawn|88/100|[from] Stealth Rock
|move|p1a: Torkoal|Rapid Spin|p2a: yawn
|-damage|p2a: yawn|81/100
|-boost|p1a: Torkoal|spe|1
|-sideend|p1: pringl|Stealth Rock|[from] move: Rapid Spin|[of] p1a: Torkoal
|
|-weather|SunnyDay|[upkeep]
|-heal|p2a: yawn|87/100|[from] item: Leftovers
|upkeep
|turn|6
|
|switch|p1a: Venusaur|Venusaur, F|100/100
|move|p2a: yawn|Calm Mind|p2a: yawn
|-boost|p2a: yawn|spa|1
|-boost|p2a: yawn|spd|1
|
|-weather|SunnyDay|[upkeep]
|-heal|p2a: yawn|93/100|[from] item: Leftovers
|upkeep
|turn|7
|
|switch|p2a: DrReuniclus3|Reuniclus, M|100/100
|-damage|p2a: DrReuniclus3|88/100|[from] Stealth Rock
|move|p1a: Venusaur|Growth|p1a: Venusaur
|-boost|p1a: Venusaur|atk|2
|-boost|p1a: Venusaur|spa|2
|
|-weather|SunnyDay|[upkeep]
|upkeep
|turn|8
|
|move|p1a: Venusaur|Weather Ball|p2a: DrReuniclus3
|-damage|p2a: DrReuniclus3|30/100
|-damage|p1a: Venusaur|91/100|[from] item: Life Orb
|move|p2a: DrReuniclus3|Psychic|p1a: Venusaur
|-supereffective|p1a: Venusaur
|-damage|p1a: Venusaur|8/100
|-unboost|p1a: Venusaur|spd|1
|
|-weather|none
|upkeep
|turn|9
|
|switch|p2a: Cobalion|Cobalion|100/100
|-damage|p2a: Cobalion|97/100|[from] Stealth Rock
|move|p1a: Venusaur|Giga Drain|p2a: Cobalion
|-resisted|p2a: Cobalion
|-damage|p2a: Cobalion|34/100
|-heal|p1a: Venusaur|42/100|[from] drain|[of] p2a: Cobalion
|-damage|p1a: Venusaur|32/100|[from] item: Life Orb
|
|upkeep
|turn|10
|
|switch|p1a: Torkoal|Torkoal, F|100/100
|-weather|SunnyDay|[from] ability: Drought|[of] p1a: Torkoal
|move|p2a: Cobalion|Stone Edge|p1a: Torkoal
|-supereffective|p1a: Torkoal
|-damage|p1a: Torkoal|68/100
|
|-weather|SunnyDay|[upkeep]
|upkeep
|turn|11
|
|switch|p2a: Rhyperior|Rhyperior, F|100/100
|-damage|p2a: Rhyperior|94/100|[from] Stealth Rock
|switch|p1a: Shiftry|Shiftry, F|100/100
|
|-weather|SunnyDay|[upkeep]
|-heal|p2a: Rhyperior|100/100|[from] item: Leftovers
|upkeep
|turn|12
|
|switch|p2a: yawn|Sylveon, F|93/100
|-damage|p2a: yawn|81/100|[from] Stealth Rock
|move|p1a: Shiftry|Solar Blade||[still]
|-prepare|p1a: Shiftry|Solar Blade|p2a: yawn
|-anim|p1a: Shiftry|Solar Blade|p2a: yawn
|-damage|p2a: yawn|26/100
|-damage|p1a: Shiftry|91/100|[from] item: Life Orb
|
|-weather|SunnyDay|[upkeep]
|-heal|p2a: yawn|33/100|[from] item: Leftovers
|upkeep
|turn|13
|
|switch|p2a: Noivern|Noivern, F|100/100
|-item|p1a: Shiftry|Life Orb|[from] ability: Frisk|[of] p2a: Noivern|[identify]
|move|p1a: Shiftry|Solar Blade||[still]
|-prepare|p1a: Shiftry|Solar Blade|p2a: Noivern
|-anim|p1a: Shiftry|Solar Blade|p2a: Noivern
|-resisted|p2a: Noivern
|-damage|p2a: Noivern|76/100
|-damage|p1a: Shiftry|81/100|[from] item: Life Orb
|
|-weather|SunnyDay|[upkeep]
|upkeep
|turn|14
|
|move|p1a: Shiftry|Knock Off|p2a: Noivern
|-damage|p2a: Noivern|9/100
|-enditem|p2a: Noivern|Heavy-Duty Boots|[from] move: Knock Off|[of] p1a: Shiftry
|-damage|p1a: Shiftry|71/100|[from] item: Life Orb
|move|p2a: Noivern|Flamethrower|p1a: Shiftry
|-supereffective|p1a: Shiftry
|-damage|p1a: Shiftry|0 fnt
|faint|p1a: Shiftry
|
|-weather|SunnyDay|[upkeep]
|upkeep
|
|switch|p1a: Venusaur|Venusaur, F|32/100
|turn|15
|
|move|p1a: Venusaur|Giga Drain|p2a: Noivern
|-resisted|p2a: Noivern
|-damage|p2a: Noivern|0 fnt
|-heal|p1a: Venusaur|36/100|[from] drain|[of] p2a: Noivern
|-damage|p1a: Venusaur|26/100|[from] item: Life Orb
|faint|p2a: Noivern
|
|-weather|SunnyDay|[upkeep]
|upkeep
|
|switch|p2a: DrReuniclus3|Reuniclus, M|63/100
|-damage|p2a: DrReuniclus3|51/100|[from] Stealth Rock
|turn|16
|
|switch|p1a: Incineroar|Incineroar, M|100/100
|-ability|p1a: Incineroar|Intimidate|boost
|-unboost|p2a: DrReuniclus3|atk|1
|move|p2a: DrReuniclus3|Focus Blast|p1a: Incineroar
|-supereffective|p1a: Incineroar
|-crit|p1a: Incineroar
|-damage|p1a: Incineroar|17/100
|
|-weather|SunnyDay|[upkeep]
|upkeep
|turn|17
|
|switch|p2a: Rhyperior|Rhyperior, F|100/100
|-damage|p2a: Rhyperior|94/100|[from] Stealth Rock
|move|p1a: Incineroar|Knock Off|p2a: Rhyperior
|-damage|p2a: Rhyperior|70/100
|-enditem|p2a: Rhyperior|Leftovers|[from] move: Knock Off|[of] p1a: Incineroar
|
|-weather|none
|upkeep
|turn|18
|
|move|p1a: Incineroar|Will-O-Wisp|p2a: Rhyperior
|-status|p2a: Rhyperior|brn
|move|p2a: Rhyperior|Earthquake|p1a: Incineroar
|-supereffective|p1a: Incineroar
|-damage|p1a: Incineroar|0 fnt
|faint|p1a: Incineroar
|
|-damage|p2a: Rhyperior|64/100 brn|[from] brn
|upkeep
|
|switch|p1a: Torkoal|Torkoal, F|68/100
|-weather|SunnyDay|[from] ability: Drought|[of] p1a: Torkoal
|turn|19
|
|switch|p1a: Venusaur|Venusaur, F|26/100
|move|p2a: Rhyperior|Earthquake|p1a: Venusaur
|-damage|p1a: Venusaur|0 fnt
|faint|p1a: Venusaur
|
|-weather|SunnyDay|[upkeep]
|-damage|p2a: Rhyperior|58/100 brn|[from] brn
|upkeep
|
|switch|p1a: Darmanitan|Darmanitan, F|100/100
|turn|20
|
|move|p1a: Darmanitan|Flare Blitz|p2a: Rhyperior
|-resisted|p2a: Rhyperior
|-damage|p2a: Rhyperior|0 fnt
|-damage|p1a: Darmanitan|77/100|[from] Recoil
|faint|p2a: Rhyperior
|
|-weather|SunnyDay|[upkeep]
|upkeep
|
|switch|p2a: Milotic|Milotic, M|100/100
|-damage|p2a: Milotic|88/100|[from] Stealth Rock
|turn|21
|
|move|p1a: Darmanitan|Flare Blitz|p2a: Milotic
|-resisted|p2a: Milotic
|-damage|p2a: Milotic|7/100
|-damage|p1a: Darmanitan|47/100|[from] Recoil
|move|p2a: Milotic|Scald|p1a: Darmanitan
|-supereffective|p1a: Darmanitan
|-damage|p1a: Darmanitan|6/100
|
|-weather|SunnyDay|[upkeep]
|-heal|p2a: Milotic|13/100|[from] item: Leftovers
|upkeep
|turn|22
|
|switch|p2a: DrReuniclus3|Reuniclus, M|84/100
|-damage|p2a: DrReuniclus3|72/100|[from] Stealth Rock
|move|p1a: Darmanitan|Flare Blitz|p2a: DrReuniclus3
|-damage|p2a: DrReuniclus3|0 fnt
|-damage|p1a: Darmanitan|0 fnt|[from] Recoil
|faint|p2a: DrReuniclus3
|faint|p1a: Darmanitan
|
|-weather|SunnyDay|[upkeep]
|upkeep
|inactive|Battle timer is ON: inactive players will automatically lose when time's up. (requested by pringl)
|inactive|Lnua has 120 seconds left.
|
|switch|p1a: Gigalith|Gigalith, F|100/100
|switch|p2a: Milotic|Milotic, M|13/100
|-damage|p2a: Milotic|1/100|[from] Stealth Rock
|-weather|Sandstorm|[from] ability: Sand Stream|[of] p1a: Gigalith
|turn|23
|
|move|p2a: Milotic|Recover|p2a: Milotic
|-heal|p2a: Milotic|51/100
|move|p1a: Gigalith|Rock Blast|p2a: Milotic
|-damage|p2a: Milotic|41/100
|-damage|p2a: Milotic|31/100
|-damage|p2a: Milotic|22/100
|-hitcount|p2a: Milotic|3
|
|-weather|Sandstorm|[upkeep]
|-damage|p2a: Milotic|16/100|[from] Sandstorm
|-heal|p2a: Milotic|22/100|[from] item: Leftovers
|upkeep
|turn|24
|
|switch|p1a: Torkoal|Torkoal, F|68/100
|-weather|SunnyDay|[from] ability: Drought|[of] p1a: Torkoal
|move|p2a: Milotic|Recover|p2a: Milotic
|-heal|p2a: Milotic|72/100
|
|-weather|SunnyDay|[upkeep]
|-heal|p2a: Milotic|79/100|[from] item: Leftovers
|upkeep
|turn|25
|inactive|Lnua has 120 seconds left.
|
|move|p2a: Milotic|Scald|p1a: Torkoal
|-supereffective|p1a: Torkoal
|-damage|p1a: Torkoal|31/100
|move|p1a: Torkoal|Yawn|p2a: Milotic
|-start|p2a: Milotic|move: Yawn|[of] p1a: Torkoal
|
|-weather|SunnyDay|[upkeep]
|-heal|p2a: Milotic|85/100|[from] item: Leftovers
|upkeep
|turn|26
|
|switch|p2a: Cobalion|Cobalion|34/100
|-damage|p2a: Cobalion|31/100|[from] Stealth Rock
|move|p1a: Torkoal|Lava Plume|p2a: Cobalion
|-supereffective|p2a: Cobalion
|-damage|p2a: Cobalion|0 fnt
|faint|p2a: Cobalion
|
|-weather|SunnyDay|[upkeep]
|upkeep
|
|switch|p2a: Milotic|Milotic, M|85/100
|-damage|p2a: Milotic|72/100|[from] Stealth Rock
|turn|27
|inactive|Lnua has 90 seconds left.
|
|move|p2a: Milotic|Scald|p1a: Torkoal
|-supereffective|p1a: Torkoal
|-damage|p1a: Torkoal|0 fnt
|faint|p1a: Torkoal
|
|-weather|SunnyDay|[upkeep]
|-heal|p2a: Milotic|78/100|[from] item: Leftovers
|upkeep
|
|switch|p1a: Gigalith|Gigalith, F|100/100
|-weather|Sandstorm|[from] ability: Sand Stream|[of] p1a: Gigalith
|turn|28
|c|☆pringl|ggwp
|
|move|p2a: Milotic|Scald|p1a: Gigalith
|-supereffective|p1a: Gigalith
|-damage|p1a: Gigalith|69/100
|move|p1a: Gigalith|Rock Blast|p2a: Milotic|[miss]
|-miss|p1a: Gigalith|p2a: Milotic
|
|-weather|Sandstorm|[upkeep]
|-damage|p2a: Milotic|72/100|[from] Sandstorm
|-heal|p2a: Milotic|78/100|[from] item: Leftovers
|-heal|p1a: Gigalith|76/100|[from] item: Leftovers
|upkeep
|turn|29
|-message|pringl forfeited.
|
|win|Lnua
|l|☆pringl
|c|☆Lnua|gg you too
|raw|pringl's rating: 1494 &rarr; <strong>1476</strong><br />(-18 for losing)
|raw|Lnua's rating: 1542 &rarr; <strong>1559</strong><br />(+17 for winning)
