|j|☆bebo7788
|j|☆ishouldstudyabit
|player|p1|bebo7788|2|1673
|player|p2|ishouldstudyabit|162|1587
|teamsize|p1|6
|teamsize|p2|6
|gametype|singles
|gen|8
|tier|[Gen 8] UU
|rated|
|clearpoke
|poke|p1|Milotic, F|
|poke|p1|Bronzong|
|poke|p1|Noivern, M|
|poke|p1|Roserade, F|
|poke|p1|Diggersby, F|
|poke|p1|Sirfetch'd, F|
|poke|p2|Noivern, M|
|poke|p2|Bewear, M|
|poke|p2|Gardevoir, M|
|poke|p2|Umbreon, F|
|poke|p2|Haxorus, M|
|poke|p2|Coalossal, F|
|rule|Sleep Clause Mod: Limit one foe put to sleep
|rule|Species Clause: Limit one of each Pokémon
|rule|OHKO Clause: OHKO moves are banned
|rule|Evasion Moves Clause: Evasion moves are banned
|rule|Endless Battle Clause: Forcing endless battles is banned
|rule|HP Percentage Mod: HP is shown in percentages
|rule|Dynamax Clause: You cannot dynamax
|teampreview
|c|☆bebo7788|hi!
|c|☆bebo7788|didnt i beat u once
|c|☆bebo7788|heh
|inactive|Battle timer is ON: inactive players will automatically lose when time's up. (requested by bebo7788)
|c|☆ishouldstudyabit|yo
|c|☆ishouldstudyabit|sure
|c|☆ishouldstudyabit|everybody beat me once
|inactive|ishouldstudyabit has 120 seconds left.
|c|☆ishouldstudyabit|i'm just shuffling teams
|
|start
|switch|p1a: Diggersby|Diggersby, F|100/100
|switch|p2a: Coalossal|Coalossal, F|100/100
|turn|1
|
|move|p1a: Diggersby|Ice Punch|p2a: Coalossal
|-resisted|p2a: Coalossal
|-damage|p2a: Coalossal|92/100
|-status|p1a: Diggersby|brn|[from] ability: Flame Body|[of] p2a: Coalossal
|move|p2a: Coalossal|Stealth Rock|p1a: Diggersby
|-sidestart|p1: bebo7788|move: Stealth Rock
|
|-damage|p1a: Diggersby|94/100 brn|[from] brn
|upkeep
|turn|2
|c|☆bebo7788|what
|c|☆bebo7788|..
|c|☆bebo7788|aight
|
|switch|p2a: Haxorus|Haxorus, M|100/100
|-ability|p2a: Haxorus|Mold Breaker
|move|p1a: Diggersby|Ice Punch|p2a: Haxorus
|-supereffective|p2a: Haxorus
|-damage|p2a: Haxorus|61/100
|
|-damage|p1a: Diggersby|88/100 brn|[from] brn
|upkeep
|turn|3
|
|move|p1a: Diggersby|Ice Punch|p2a: Haxorus
|-supereffective|p2a: Haxorus
|-damage|p2a: Haxorus|21/100
|move|p2a: Haxorus|Earthquake|p1a: Diggersby
|-damage|p1a: Diggersby|19/100 brn
|
|-damage|p1a: Diggersby|12/100 brn|[from] brn
|upkeep
|turn|4
|
|switch|p1a: Milotic|Milotic, F|100/100
|-damage|p1a: Milotic|88/100|[from] Stealth Rock
|switch|p2a: Bewear|Bewear, M|100/100
|
|-heal|p1a: Milotic|94/100|[from] item: Leftovers
|upkeep
|turn|5
|
|switch|p2a: Umbreon|Umbreon, F|100/100
|move|p1a: Milotic|Scald|p2a: Umbreon
|-damage|p2a: Umbreon|87/100
|-status|p2a: Umbreon|brn
|-activate|p2a: Umbreon|ability: Synchronize
|-status|p1a: Milotic|brn
|
|-heal|p1a: Milotic|99/100 brn|[from] item: Leftovers
|-heal|p2a: Umbreon|93/100 brn|[from] item: Leftovers
|-damage|p1a: Milotic|94/100 brn|[from] brn
|-damage|p2a: Umbreon|87/100 brn|[from] brn
|upkeep
|turn|6
|
|switch|p1a: Bronzong|Bronzong|100/100
|-damage|p1a: Bronzong|94/100|[from] Stealth Rock
|switch|p2a: Noivern|Noivern, M|100/100
|
|-heal|p1a: Bronzong|100/100|[from] item: Leftovers
|upkeep
|turn|7
|
|move|p2a: Noivern|Flamethrower|p1a: Bronzong
|-supereffective|p1a: Bronzong
|-damage|p1a: Bronzong|43/100
|move|p1a: Bronzong|Stealth Rock|p2a: Noivern
|-sidestart|p2: ishouldstudyabit|move: Stealth Rock
|
|-heal|p1a: Bronzong|49/100|[from] item: Leftovers
|upkeep
|turn|8
|
|switch|p1a: Milotic|Milotic, F|94/100 brn
|-damage|p1a: Milotic|82/100 brn|[from] Stealth Rock
|move|p2a: Noivern|Flamethrower|p1a: Milotic
|-resisted|p1a: Milotic
|-damage|p1a: Milotic|71/100 brn
|
|-heal|p1a: Milotic|77/100 brn|[from] item: Leftovers
|-damage|p1a: Milotic|71/100 brn|[from] brn
|upkeep
|turn|9
|
|switch|p1a: Sirfetch'd|Sirfetch'd, F|100/100
|-damage|p1a: Sirfetch'd|94/100|[from] Stealth Rock
|move|p2a: Noivern|Flamethrower|p1a: Sirfetch'd
|-crit|p1a: Sirfetch'd
|-damage|p1a: Sirfetch'd|9/100
|
|upkeep
|turn|10
|
|switch|p1a: Milotic|Milotic, F|71/100 brn
|-damage|p1a: Milotic|58/100 brn|[from] Stealth Rock
|move|p2a: Noivern|Flamethrower|p1a: Milotic
|-resisted|p1a: Milotic
|-damage|p1a: Milotic|46/100 brn
|
|-heal|p1a: Milotic|52/100 brn|[from] item: Leftovers
|-damage|p1a: Milotic|46/100 brn|[from] brn
|upkeep
|turn|11
|c|☆bebo7788|if u wanna play
|c|☆bebo7788|crackhead
|c|☆bebo7788|give me a second
|c|☆ishouldstudyabit|lol
|inactive|ishouldstudyabit has 120 seconds left.
|c|☆bebo7788|cmon click
|c|☆bebo7788|what r u thinking about
|c|☆bebo7788|lol.
|c|☆ishouldstudyabit|sorry i'm in a call
|
|move|p2a: Noivern|Flamethrower|p1a: Milotic
|-resisted|p1a: Milotic
|-damage|p1a: Milotic|36/100 brn
|move|p1a: Milotic|Recover|p1a: Milotic
|-heal|p1a: Milotic|86/100 brn
|
|-heal|p1a: Milotic|92/100 brn|[from] item: Leftovers
|-damage|p1a: Milotic|86/100 brn|[from] brn
|upkeep
|turn|12
|
|switch|p2a: Gardevoir|Gardevoir, M|100/100
|-damage|p2a: Gardevoir|88/100|[from] Stealth Rock
|-ability|p2a: Gardevoir|Marvel Scale|[from] ability: Trace|[of] p1a: Milotic
|move|p1a: Milotic|Ice Beam|p2a: Gardevoir
|-crit|p2a: Gardevoir
|-damage|p2a: Gardevoir|52/100
|
|-heal|p1a: Milotic|92/100 brn|[from] item: Leftovers
|-damage|p1a: Milotic|86/100 brn|[from] brn
|upkeep
|turn|13
|
|switch|p2a: Bewear|Bewear, M|100/100
|-damage|p2a: Bewear|94/100|[from] Stealth Rock
|switch|p1a: Diggersby|Diggersby, F|12/100 brn
|-damage|p1a: Diggersby|6/100 brn|[from] Stealth Rock
|
|-heal|p2a: Bewear|100/100|[from] item: Leftovers
|-damage|p1a: Diggersby|0 fnt|[from] brn
|faint|p1a: Diggersby
|upkeep
|
|switch|p1a: Sirfetch'd|Sirfetch'd, F|9/100
|-damage|p1a: Sirfetch'd|3/100|[from] Stealth Rock
|turn|14
|
|move|p1a: Sirfetch'd|Close Combat|p2a: Bewear
|-supereffective|p2a: Bewear
|-damage|p2a: Bewear|14/100
|-unboost|p1a: Sirfetch'd|def|1
|-unboost|p1a: Sirfetch'd|spd|1
|move|p2a: Bewear|Drain Punch|p1a: Sirfetch'd
|-damage|p1a: Sirfetch'd|0 fnt
|-heal|p2a: Bewear|15/100|[from] drain|[of] p1a: Sirfetch'd
|faint|p1a: Sirfetch'd
|
|-heal|p2a: Bewear|21/100|[from] item: Leftovers
|upkeep
|
|switch|p1a: Milotic|Milotic, F|86/100 brn
|-damage|p1a: Milotic|73/100 brn|[from] Stealth Rock
|turn|15
|
|switch|p2a: Umbreon|Umbreon, F|87/100 brn
|-damage|p2a: Umbreon|74/100 brn|[from] Stealth Rock
|move|p1a: Milotic|Scald|p2a: Umbreon
|-damage|p2a: Umbreon|60/100 brn
|
|-heal|p1a: Milotic|79/100 brn|[from] item: Leftovers
|-heal|p2a: Umbreon|66/100 brn|[from] item: Leftovers
|-damage|p1a: Milotic|73/100 brn|[from] brn
|-damage|p2a: Umbreon|60/100 brn|[from] brn
|upkeep
|turn|16
|
|move|p1a: Milotic|Recover|p1a: Milotic
|-heal|p1a: Milotic|100/100 brn
|move|p2a: Umbreon|Wish|p2a: Umbreon
|
|-heal|p2a: Umbreon|66/100 brn|[from] item: Leftovers
|-damage|p1a: Milotic|94/100 brn|[from] brn
|-damage|p2a: Umbreon|60/100 brn|[from] brn
|upkeep
|turn|17
|
|switch|p2a: Gardevoir|Gardevoir, M|52/100
|-damage|p2a: Gardevoir|40/100|[from] Stealth Rock
|-ability|p2a: Gardevoir|Marvel Scale|[from] ability: Trace|[of] p1a: Milotic
|move|p1a: Milotic|Scald|p2a: Gardevoir
|-damage|p2a: Gardevoir|7/100
|-status|p2a: Gardevoir|brn
|
|-heal|p2a: Gardevoir|78/100 brn|[from] move: Wish|[wisher] Umbreon
|-heal|p1a: Milotic|100/100 brn|[from] item: Leftovers
|-damage|p2a: Gardevoir|72/100 brn|[from] brn
|-damage|p1a: Milotic|94/100 brn|[from] brn
|upkeep
|turn|18
|inactive|ishouldstudyabit has 120 seconds left.
|j| Adrift & Rising
|
|switch|p2a: Umbreon|Umbreon, F|60/100 brn
|-damage|p2a: Umbreon|48/100 brn|[from] Stealth Rock
|move|p1a: Milotic|Recover|p1a: Milotic
|-heal|p1a: Milotic|100/100 brn
|
|-heal|p2a: Umbreon|54/100 brn|[from] item: Leftovers
|-damage|p1a: Milotic|94/100 brn|[from] brn
|-damage|p2a: Umbreon|48/100 brn|[from] brn
|upkeep
|turn|19
|
|switch|p1a: Roserade|Roserade, F|100/100
|-damage|p1a: Roserade|88/100|[from] Stealth Rock
|move|p2a: Umbreon|Wish|p2a: Umbreon
|
|-heal|p2a: Umbreon|54/100 brn|[from] item: Leftovers
|-damage|p2a: Umbreon|48/100 brn|[from] brn
|upkeep
|turn|20
|
|switch|p1a: Milotic|Milotic, F|94/100 brn
|-damage|p1a: Milotic|82/100 brn|[from] Stealth Rock
|move|p2a: Umbreon|Foul Play|p1a: Milotic
|-damage|p1a: Milotic|78/100 brn
|
|-heal|p2a: Umbreon|98/100 brn|[from] move: Wish|[wisher] Umbreon
|-heal|p1a: Milotic|84/100 brn|[from] item: Leftovers
|-heal|p2a: Umbreon|100/100 brn|[from] item: Leftovers
|-damage|p1a: Milotic|78/100 brn|[from] brn
|-damage|p2a: Umbreon|94/100 brn|[from] brn
|upkeep
|turn|21
|j| GAS IN THE BLUNT
|
|move|p1a: Milotic|Ice Beam|p2a: Umbreon
|-damage|p2a: Umbreon|83/100 brn
|move|p2a: Umbreon|Wish|p2a: Umbreon
|
|-heal|p1a: Milotic|84/100 brn|[from] item: Leftovers
|-heal|p2a: Umbreon|90/100 brn|[from] item: Leftovers
|-damage|p1a: Milotic|78/100 brn|[from] brn
|-damage|p2a: Umbreon|83/100 brn|[from] brn
|upkeep
|turn|22
|
|switch|p1a: Roserade|Roserade, F|88/100
|-damage|p1a: Roserade|76/100|[from] Stealth Rock
|switch|p2a: Gardevoir|Gardevoir, M|72/100 brn
|-damage|p2a: Gardevoir|60/100 brn|[from] Stealth Rock
|-ability|p2a: Gardevoir|Natural Cure|[from] ability: Trace|[of] p1a: Roserade
|
|-heal|p2a: Gardevoir|100/100 brn|[from] move: Wish|[wisher] Umbreon
|-damage|p2a: Gardevoir|94/100 brn|[from] brn
|upkeep
|turn|23
|
|switch|p1a: Milotic|Milotic, F|78/100 brn
|-damage|p1a: Milotic|65/100 brn|[from] Stealth Rock
|move|p2a: Gardevoir|Psychic|p1a: Milotic
|-damage|p1a: Milotic|37/100 brn
|
|-heal|p1a: Milotic|43/100 brn|[from] item: Leftovers
|-damage|p2a: Gardevoir|88/100 brn|[from] brn
|-damage|p1a: Milotic|37/100 brn|[from] brn
|upkeep
|turn|24
|
|switch|p2a: Haxorus|Haxorus, M|21/100
|-damage|p2a: Haxorus|9/100|[from] Stealth Rock
|-ability|p2a: Haxorus|Mold Breaker
|move|p1a: Milotic|Recover|p1a: Milotic
|-heal|p1a: Milotic|87/100 brn
|
|-heal|p1a: Milotic|93/100 brn|[from] item: Leftovers
|-damage|p1a: Milotic|87/100 brn|[from] brn
|upkeep
|turn|25
|
|move|p2a: Haxorus|Outrage|p1a: Milotic
|-damage|p1a: Milotic|0 fnt
|faint|p1a: Milotic
|
|upkeep
|c|☆ishouldstudyabit|gone
|
|switch|p1a: Noivern|Noivern, M|100/100
|turn|26
|c|☆ishouldstudyabit|lol
|
|move|p1a: Noivern|Flamethrower|p2a: Haxorus
|-resisted|p2a: Haxorus
|-damage|p2a: Haxorus|0 fnt
|faint|p2a: Haxorus
|
|upkeep
|c|☆bebo7788|lol
|c|☆bebo7788|keep playing like shit
|c|☆ishouldstudyabit|?
|c|☆bebo7788|next time we play
|c|☆bebo7788|i know exactly
|c|☆bebo7788|what ur gonna do
|c| GAS IN THE BLUNT|**HE SAID KEEP PLAYING LIKE SHIT**
|c|☆ishouldstudyabit|yeah like that's gonna matter?
|inactive|ishouldstudyabit has 120 seconds left.
|c|☆bebo7788|yes
|c|☆bebo7788|bcuz ur shit
|c|☆bebo7788|now keep playing
|c|☆ishouldstudyabit|ouch
|
|switch|p2a: Coalossal|Coalossal, F|92/100
|turn|27
|
|move|p1a: Noivern|Hurricane|p2a: Coalossal|[miss]
|-miss|p1a: Noivern|p2a: Coalossal
|move|p2a: Coalossal|Rapid Spin|p1a: Noivern
|-crit|p1a: Noivern
|-damage|p1a: Noivern|85/100
|-sideend|p2: ishouldstudyabit|Stealth Rock|[from] move: Rapid Spin|[of] p2a: Coalossal
|-boost|p2a: Coalossal|spe|1
|
|upkeep
|turn|28
|
|move|p1a: Noivern|Hurricane|p2a: Coalossal
|-resisted|p2a: Coalossal
|-damage|p2a: Coalossal|77/100
|move|p2a: Coalossal|Stone Edge|p1a: Noivern
|-supereffective|p1a: Noivern
|-damage|p1a: Noivern|24/100
|
|upkeep
|turn|29
|
|move|p1a: Noivern|Roost|p1a: Noivern
|-heal|p1a: Noivern|74/100
|-singleturn|p1a: Noivern|move: Roost
|move|p2a: Coalossal|Rapid Spin|p1a: Noivern
|-damage|p1a: Noivern|63/100
|-boost|p2a: Coalossal|spe|1
|
|upkeep
|turn|30
|
|move|p1a: Noivern|Roost|p1a: Noivern
|-heal|p1a: Noivern|100/100
|-singleturn|p1a: Noivern|move: Roost
|move|p2a: Coalossal|Stone Edge|p1a: Noivern
|-damage|p1a: Noivern|67/100
|
|upkeep
|turn|31
|
|move|p1a: Noivern|Defog|p2a: Coalossal
|-unboost|p2a: Coalossal|evasion|1
|-sideend|p1: bebo7788|Stealth Rock|[from] move: Defog|[of] p1a: Noivern
|move|p2a: Coalossal|Rapid Spin|p1a: Noivern
|-damage|p1a: Noivern|56/100
|-boost|p2a: Coalossal|spe|1
|
|upkeep
|turn|32
|
|move|p1a: Noivern|Roost|p1a: Noivern
|-heal|p1a: Noivern|100/100
|-singleturn|p1a: Noivern|move: Roost
|move|p2a: Coalossal|Stealth Rock|p1a: Noivern
|-sidestart|p1: bebo7788|move: Stealth Rock
|
|upkeep
|turn|33
|
|move|p1a: Noivern|Defog|p2a: Coalossal
|-unboost|p2a: Coalossal|evasion|1
|-sideend|p1: bebo7788|Stealth Rock|[from] move: Defog|[of] p1a: Noivern
|move|p2a: Coalossal|Rapid Spin|p1a: Noivern
|-damage|p1a: Noivern|90/100
|-boost|p2a: Coalossal|spe|1
|
|upkeep
|turn|34
|
|move|p1a: Noivern|Roost|p1a: Noivern
|-heal|p1a: Noivern|100/100
|-singleturn|p1a: Noivern|move: Roost
|move|p2a: Coalossal|Stealth Rock|p1a: Noivern
|-sidestart|p1: bebo7788|move: Stealth Rock
|
|upkeep
|turn|35
|
|move|p1a: Noivern|Defog|p2a: Coalossal
|-unboost|p2a: Coalossal|evasion|1
|-sideend|p1: bebo7788|Stealth Rock|[from] move: Defog|[of] p1a: Noivern
|move|p2a: Coalossal|Rapid Spin|p1a: Noivern
|-crit|p1a: Noivern
|-damage|p1a: Noivern|85/100
|-boost|p2a: Coalossal|spe|1
|
|upkeep
|turn|36
|
|move|p1a: Noivern|Defog|p2a: Coalossal
|-unboost|p2a: Coalossal|evasion|1
|move|p2a: Coalossal|Rapid Spin|p1a: Noivern
|-damage|p1a: Noivern|73/100
|-boost|p2a: Coalossal|spe|1
|
|upkeep
|turn|37
|
|move|p1a: Noivern|Roost|p1a: Noivern
|-heal|p1a: Noivern|100/100
|-singleturn|p1a: Noivern|move: Roost
|move|p2a: Coalossal|Stealth Rock|p1a: Noivern
|-sidestart|p1: bebo7788|move: Stealth Rock
|
|upkeep
|turn|38
|c|☆ishouldstudyabit|i'm still not faster
|c|☆ishouldstudyabit|lol
|c|☆ishouldstudyabit|this thing is slow
|c|☆bebo7788|shut up and play
|c|☆ishouldstudyabit|calm down my boy
|
|move|p1a: Noivern|Defog|p2a: Coalossal
|-unboost|p2a: Coalossal|evasion|1
|-sideend|p1: bebo7788|Stealth Rock|[from] move: Defog|[of] p1a: Noivern
|move|p2a: Coalossal|Stone Edge|p1a: Noivern
|-supereffective|p1a: Noivern
|-damage|p1a: Noivern|40/100
|
|upkeep
|turn|39
|
|switch|p2a: Gardevoir|Gardevoir, M|88/100
|-ability|p2a: Gardevoir|Infiltrator|[from] ability: Trace|[of] p1a: Noivern
|move|p1a: Noivern|Roost|p1a: Noivern
|-heal|p1a: Noivern|90/100
|-singleturn|p1a: Noivern|move: Roost
|
|upkeep
|turn|40
|
|switch|p1a: Roserade|Roserade, F|76/100
|move|p2a: Gardevoir|Moonblast|p1a: Roserade
|-resisted|p1a: Roserade
|-damage|p1a: Roserade|47/100
|
|upkeep
|turn|41
|
|switch|p2a: Umbreon|Umbreon, F|83/100 brn
|move|p1a: Roserade|Sludge Bomb|p2a: Umbreon
|-damage|p2a: Umbreon|52/100 brn
|-damage|p1a: Roserade|37/100|[from] item: Life Orb
|
|-heal|p2a: Umbreon|58/100 brn|[from] item: Leftovers
|-damage|p2a: Umbreon|52/100 brn|[from] brn
|upkeep
|turn|42
|
|move|p1a: Roserade|Synthesis|p1a: Roserade
|-heal|p1a: Roserade|87/100
|move|p2a: Umbreon|Foul Play|p1a: Roserade
|-damage|p1a: Roserade|71/100
|
|-heal|p2a: Umbreon|58/100 brn|[from] item: Leftovers
|-damage|p2a: Umbreon|52/100 brn|[from] brn
|upkeep
|turn|43
|
|switch|p1a: Bronzong|Bronzong|49/100
|move|p2a: Umbreon|Wish|p2a: Umbreon
|
|-heal|p2a: Umbreon|58/100 brn|[from] item: Leftovers
|-heal|p1a: Bronzong|56/100|[from] item: Leftovers
|-damage|p2a: Umbreon|52/100 brn|[from] brn
|upkeep
|turn|44
|
|switch|p2a: Bewear|Bewear, M|21/100
|move|p1a: Bronzong|Body Press|p2a: Bewear
|-supereffective|p2a: Bewear
|-damage|p2a: Bewear|3/100
|
|-heal|p2a: Bewear|48/100|[from] move: Wish|[wisher] Umbreon
|-heal|p2a: Bewear|54/100|[from] item: Leftovers
|-heal|p1a: Bronzong|62/100|[from] item: Leftovers
|upkeep
|turn|45
|
|switch|p1a: Noivern|Noivern, M|90/100
|move|p2a: Bewear|Body Slam|p1a: Noivern
|-damage|p1a: Noivern|46/100
|
|-heal|p2a: Bewear|60/100|[from] item: Leftovers
|upkeep
|turn|46
|j| erurto
|
|switch|p2a: Coalossal|Coalossal, F|77/100
|move|p1a: Noivern|Roost|p1a: Noivern
|-heal|p1a: Noivern|96/100
|-singleturn|p1a: Noivern|move: Roost
|
|upkeep
|turn|47
|l| erurto
|
|move|p1a: Noivern|Hurricane|p2a: Coalossal|[miss]
|-miss|p1a: Noivern|p2a: Coalossal
|move|p2a: Coalossal|Stealth Rock|p1a: Noivern
|-sidestart|p1: bebo7788|move: Stealth Rock
|
|upkeep
|turn|48
|
|move|p1a: Noivern|Hurricane|p2a: Coalossal|[miss]
|-miss|p1a: Noivern|p2a: Coalossal
|move|p2a: Coalossal|Stone Edge|p1a: Noivern|[miss]
|-miss|p2a: Coalossal|p1a: Noivern
|
|upkeep
|turn|49
|
|switch|p2a: Gardevoir|Gardevoir, M|88/100
|-ability|p2a: Gardevoir|Infiltrator|[from] ability: Trace|[of] p1a: Noivern
|move|p1a: Noivern|Defog|p2a: Gardevoir
|-unboost|p2a: Gardevoir|evasion|1
|-sideend|p1: bebo7788|Stealth Rock|[from] move: Defog|[of] p1a: Noivern
|
|upkeep
|turn|50
|j| Poopy Socks Gaming
|c| Poopy Socks Gaming|we major what
|j| kickassin666
|
|switch|p1a: Bronzong|Bronzong|62/100
|move|p2a: Gardevoir|Moonblast|p1a: Bronzong
|-resisted|p1a: Bronzong
|-damage|p1a: Bronzong|44/100
|-unboost|p1a: Bronzong|spa|1
|
|-heal|p1a: Bronzong|50/100|[from] item: Leftovers
|upkeep
|turn|51
|
|switch|p2a: Bewear|Bewear, M|60/100
|move|p1a: Bronzong|Stealth Rock|p2a: Bewear
|-sidestart|p2: ishouldstudyabit|move: Stealth Rock
|
|-heal|p2a: Bewear|66/100|[from] item: Leftovers
|-heal|p1a: Bronzong|57/100|[from] item: Leftovers
|upkeep
|turn|52
|
|switch|p1a: Noivern|Noivern, M|96/100
|move|p2a: Bewear|Body Slam|p1a: Noivern
|-damage|p1a: Noivern|52/100
|-status|p1a: Noivern|par
|
|-heal|p2a: Bewear|72/100|[from] item: Leftovers
|upkeep
|turn|53
|
|switch|p2a: Coalossal|Coalossal, F|77/100
|move|p1a: Noivern|Flamethrower|p2a: Coalossal
|-resisted|p2a: Coalossal
|-damage|p2a: Coalossal|73/100
|
|upkeep
|turn|54
|
|move|p1a: Noivern|Roost|p1a: Noivern
|-heal|p1a: Noivern|100/100 par
|-singleturn|p1a: Noivern|move: Roost
|move|p2a: Coalossal|Rapid Spin|p1a: Noivern
|-damage|p1a: Noivern|90/100 par
|-sideend|p2: ishouldstudyabit|Stealth Rock|[from] move: Rapid Spin|[of] p2a: Coalossal
|-boost|p2a: Coalossal|spe|1
|
|upkeep
|turn|55
|
|move|p1a: Noivern|Hurricane|p2a: Coalossal
|-resisted|p2a: Coalossal
|-damage|p2a: Coalossal|58/100
|move|p2a: Coalossal|Stealth Rock|p1a: Noivern
|-sidestart|p1: bebo7788|move: Stealth Rock
|
|upkeep
|turn|56
|
|switch|p2a: Gardevoir|Gardevoir, M|88/100
|-ability|p2a: Gardevoir|Infiltrator|[from] ability: Trace|[of] p1a: Noivern
|move|p1a: Noivern|Defog|p2a: Gardevoir
|-unboost|p2a: Gardevoir|evasion|1
|-sideend|p1: bebo7788|Stealth Rock|[from] move: Defog|[of] p1a: Noivern
|
|upkeep
|turn|57
|
|switch|p1a: Roserade|Roserade, F|71/100
|move|p2a: Gardevoir|Psychic|p1a: Roserade
|-supereffective|p1a: Roserade
|-crit|p1a: Roserade
|-damage|p1a: Roserade|0 fnt
|faint|p1a: Roserade
|
|upkeep
|c|☆ishouldstudyabit|ayoo
|c|☆ishouldstudyabit|gotem
|c|☆bebo7788|shut up
|c|☆ishouldstudyabit|how can you be so salty
|c| Poopy Socks Gaming|LOL
|c|☆ishouldstudyabit|over pokemon
|c|☆bebo7788|go study
|c|☆ishouldstudyabit|LOL
|c|☆bebo7788|ur like 13
|-message|bebo7788 forfeited.
|
|win|ishouldstudyabit
|l|☆bebo7788
|c|☆ishouldstudyabit|gg ma man
|raw|bebo7788's rating: 1673 &rarr; <strong>1647</strong><br />(-26 for losing)
|raw|ishouldstudyabit's rating: 1560 &rarr; <strong>1586</strong><br />(+26 for winning)
|c| Poopy Socks Gaming|an said
|l|☆ishouldstudyabit
|l| Adrift & Rising
|c| Poopy Socks Gaming|go study
|c| Poopy Socks Gaming|youre 13
|j|☆ishouldstudyabit
|player|p2|ishouldstudyabit|162
|l| Poopy Socks Gaming
|l| kickassin666
|l| GAS IN THE BLUNT
|l|☆ishouldstudyabit
|player|p2|
|j|☆ishouldstudyabit
|player|p2|ishouldstudyabit|162
