|j|☆Appleking123
|j|☆enoelr
|t:|1654980965
|gametype|singles
|player|p1|Appleking123|hiker-gen4|
|player|p2|enoelr|birdkeeper-gen4dp|
|teamsize|p1|6
|teamsize|p2|6
|gen|8
|tier|[Gen 8] UU
|rule|Sleep Clause Mod: Limit one foe put to sleep
|rule|Species Clause: Limit one of each Pokémon
|rule|OHKO Clause: OHKO moves are banned
|rule|Evasion Moves Clause: Evasion moves are banned
|rule|Endless Battle Clause: Forcing endless battles is banned
|rule|HP Percentage Mod: HP is shown in percentages
|rule|Dynamax Clause: You cannot dynamax
|clearpoke
|poke|p1|Keldeo-Resolute|
|poke|p1|Moltres|
|poke|p1|Zarude|
|poke|p1|Slowking, F|
|poke|p1|Chansey, F|
|poke|p1|Scizor, F|
|poke|p2|Mamoswine, F|
|poke|p2|Salazzle, F|
|poke|p2|Zarude-Dada|
|poke|p2|Cobalion|
|poke|p2|Slowking, M|
|poke|p2|Celesteela|
|teampreview
|c|☆enoelr|glhf
|c|☆Appleking123|u 2
|
|t:|1654981001
|start
|switch|p1a: Flamin' Hot|Moltres|100/100
|switch|p2a: Cobalion|Cobalion|100/100
|turn|1
|
|t:|1654981009
|move|p2a: Cobalion|Stone Edge|p1a: Flamin' Hot|[miss]
|-miss|p2a: Cobalion|p1a: Flamin' Hot
|move|p1a: Flamin' Hot|Flamethrower|p2a: Cobalion
|-supereffective|p2a: Cobalion
|-damage|p2a: Cobalion|0 fnt
|faint|p2a: Cobalion
|
|upkeep
|c|☆enoelr|unfort
|c|☆Appleking123|i uh
|
|t:|1654981021
|switch|p2a: Slowking|Slowking, M|100/100
|turn|2
|c|☆Appleking123|thought that was the pivot rocker
|c|☆enoelr|it was
|c|☆Appleking123|oh
|c|☆enoelr|but it has edge too
|
|t:|1654981039
|move|p1a: Flamin' Hot|U-turn|p2a: Slowking
|-supereffective|p2a: Slowking
|-damage|p2a: Slowking|81/100
|c|☆Appleking123|i see
|
|t:|1654981045
|switch|p1a: Monke|Zarude|100/100|[from]move: U-turn
|move|p2a: Slowking|Teleport|p2a: Slowking
|c|☆enoelr|!showset 4
|c| enoelr|/raw <div class="infobox">Cobalion @ Rocky Helmet  <br />Ability: Justified  <br />EVs: 252 Atk &#x2f; 4 SpD &#x2f; 252 Spe  <br />Jolly Nature  <br />- Stealth Rock  <br />- Close Combat  <br />- Stone Edge  <br />- Volt Switch  <br /><br /></div>
|c|☆Appleking123|i mightve just lost if that hit lol
|c|☆enoelr|think so too
|c|☆Appleking123|welp
|
|t:|1654981094
|switch|p2a: Salazzle|Salazzle, F|100/100|[from]move: Teleport
|
|upkeep
|turn|3
|
|t:|1654981097
|switch|p1a: Egg|Chansey, F|100/100
|move|p2a: Salazzle|Knock Off|p1a: Egg
|-damage|p1a: Egg|91/100
|-enditem|p1a: Egg|Eviolite|[from] move: Knock Off|[of] p2a: Salazzle
|
|upkeep
|turn|4
|
|t:|1654981102
|switch|p2a: Mamoswine|Mamoswine, F|100/100
|move|p1a: Egg|Teleport|p1a: Egg
|
|t:|1654981105
|switch|p1a: HONSE|Keldeo-Resolute|100/100|[from]move: Teleport
|
|upkeep
|turn|5
|
|t:|1654981108
|switch|p2a: Slowking|Slowking, M|100/100
|move|p1a: HONSE|Flip Turn|p2a: Slowking
|-resisted|p2a: Slowking
|-damage|p2a: Slowking|95/100
|
|t:|1654981114
|switch|p1a: Monke|Zarude|100/100|[from]move: Flip Turn
|
|upkeep
|turn|6
|
|t:|1654981121
|switch|p2a: Celesteela|Celesteela|100/100
|move|p1a: Monke|U-turn|p2a: Celesteela
|-resisted|p2a: Celesteela
|-damage|p2a: Celesteela|96/100
|
|t:|1654981127
|switch|p1a: Bruh Moment|Slowking, F|100/100|[from]move: U-turn
|
|-heal|p2a: Celesteela|100/100|[from] item: Leftovers
|upkeep
|turn|7
|
|t:|1654981134
|switch|p2a: Zarude|Zarude-Dada|100/100
|move|p1a: Bruh Moment|Scald|p2a: Zarude
|-resisted|p2a: Zarude
|-damage|p2a: Zarude|87/100
|
|upkeep
|turn|8
|
|t:|1654981152
|switch|p1a: Flamin' Hot|Moltres|100/100
|move|p2a: Zarude|Darkest Lariat|p1a: Flamin' Hot
|-damage|p1a: Flamin' Hot|56/100
|
|upkeep
|turn|9
|
|t:|1654981159
|switch|p2a: Slowking|Slowking, M|100/100
|move|p1a: Flamin' Hot|Hurricane|p2a: Slowking
|-damage|p2a: Slowking|57/100
|
|upkeep
|turn|10
|
|t:|1654981165
|move|p1a: Flamin' Hot|Hurricane|p2a: Slowking|[miss]
|-miss|p1a: Flamin' Hot|p2a: Slowking
|move|p2a: Slowking|Teleport|p2a: Slowking
|c|☆Appleking123|shit
|
|t:|1654981174
|switch|p2a: Salazzle|Salazzle, F|100/100|[from]move: Teleport
|
|upkeep
|turn|11
|
|t:|1654981181
|switch|p2a: Mamoswine|Mamoswine, F|100/100
|move|p1a: Flamin' Hot|Hurricane|p2a: Mamoswine
|-damage|p2a: Mamoswine|29/100
|-start|p2a: Mamoswine|confusion
|
|upkeep
|turn|12
|
|t:|1654981186
|switch|p2a: Slowking|Slowking, M|90/100
|move|p1a: Flamin' Hot|Hurricane|p2a: Slowking
|-damage|p2a: Slowking|51/100
|
|upkeep
|turn|13
|
|t:|1654981189
|move|p1a: Flamin' Hot|U-turn|p2a: Slowking
|-supereffective|p2a: Slowking
|-damage|p2a: Slowking|31/100
|
|t:|1654981193
|switch|p1a: Monke|Zarude|100/100|[from]move: U-turn
|move|p2a: Slowking|Scald|p1a: Monke
|-resisted|p1a: Monke
|-damage|p1a: Monke|88/100
|
|upkeep
|turn|14
|
|t:|1654981196
|switch|p2a: Celesteela|Celesteela|100/100
|move|p1a: Monke|U-turn|p2a: Celesteela
|-resisted|p2a: Celesteela
|-damage|p2a: Celesteela|96/100
|
|t:|1654981198
|switch|p1a: HONSE|Keldeo-Resolute|100/100|[from]move: U-turn
|
|-heal|p2a: Celesteela|100/100|[from] item: Leftovers
|upkeep
|turn|15
|
|t:|1654981200
|move|p2a: Celesteela|Protect|p2a: Celesteela
|-singleturn|p2a: Celesteela|Protect
|move|p1a: HONSE|Hydro Pump|p2a: Celesteela
|-activate|p2a: Celesteela|move: Protect
|
|upkeep
|turn|16
|
|t:|1654981207
|switch|p1a: Bruh Moment|Slowking, F|100/100
|switch|p2a: Slowking|Slowking, M|64/100
|
|upkeep
|turn|17
|
|t:|1654981209
|move|p2a: Slowking|Teleport|p2a: Slowking
|
|t:|1654981220
|switch|p2a: Salazzle|Salazzle, F|100/100|[from]move: Teleport
|move|p1a: Bruh Moment|Teleport|p1a: Bruh Moment
|
|t:|1654981229
|switch|p1a: Egg|Chansey, F|91/100|[from]move: Teleport
|
|upkeep
|turn|18
|
|t:|1654981246
|switch|p2a: Mamoswine|Mamoswine, F|29/100
|move|p1a: Egg|Stealth Rock|p2a: Mamoswine
|-sidestart|p2: enoelr|move: Stealth Rock
|
|upkeep
|turn|19
|
|t:|1654981262
|switch|p1a: Bruh Moment|Slowking, F|100/100
|move|p2a: Mamoswine|Earthquake|p1a: Bruh Moment
|-damage|p1a: Bruh Moment|47/100
|-damage|p2a: Mamoswine|19/100|[from] item: Life Orb
|
|upkeep
|turn|20
|
|t:|1654981269
|switch|p1a: Flamin' Hot|Moltres|56/100
|move|p2a: Mamoswine|Icicle Crash|p1a: Flamin' Hot
|-damage|p1a: Flamin' Hot|0 fnt
|faint|p1a: Flamin' Hot
|-damage|p2a: Mamoswine|9/100|[from] item: Life Orb
|
|upkeep
|
|t:|1654981277
|switch|p1a: Snippit|Scizor, F|100/100
|turn|21
|
|t:|1654981280
|switch|p2a: Celesteela|Celesteela|100/100
|-damage|p2a: Celesteela|88/100|[from] Stealth Rock
|move|p1a: Snippit|Bullet Punch|p2a: Celesteela
|-resisted|p2a: Celesteela
|-damage|p2a: Celesteela|78/100
|
|-heal|p2a: Celesteela|84/100|[from] item: Leftovers
|upkeep
|turn|22
|
|t:|1654981294
|switch|p1a: Egg|Chansey, F|91/100
|move|p2a: Celesteela|Leech Seed|p1a: Egg|[miss]
|-miss|p2a: Celesteela|p1a: Egg
|
|-heal|p2a: Celesteela|90/100|[from] item: Leftovers
|upkeep
|turn|23
|
|t:|1654981299
|move|p2a: Celesteela|Heavy Slam|p1a: Egg
|-damage|p1a: Egg|54/100
|move|p1a: Egg|Seismic Toss|p2a: Celesteela
|-damage|p2a: Celesteela|65/100
|
|-heal|p2a: Celesteela|71/100|[from] item: Leftovers
|upkeep
|turn|24
|
|t:|1654981302
|switch|p1a: Bruh Moment|Slowking, F|80/100
|move|p2a: Celesteela|Leech Seed|p1a: Bruh Moment
|-start|p1a: Bruh Moment|move: Leech Seed
|
|-heal|p2a: Celesteela|77/100|[from] item: Leftovers
|-damage|p1a: Bruh Moment|68/100|[from] Leech Seed|[of] p2a: Celesteela
|-heal|p2a: Celesteela|89/100|[silent]
|upkeep
|turn|25
|
|t:|1654981308
|switch|p2a: Zarude|Zarude-Dada|87/100
|move|p1a: Bruh Moment|Scald|p2a: Zarude
|-resisted|p2a: Zarude
|-damage|p2a: Zarude|74/100
|
|-damage|p1a: Bruh Moment|55/100|[from] Leech Seed|[of] p2a: Zarude
|-heal|p2a: Zarude|88/100|[silent]
|upkeep
|turn|26
|
|t:|1654981319
|move|p2a: Zarude|U-turn|p1a: Bruh Moment
|-supereffective|p1a: Bruh Moment
|-damage|p1a: Bruh Moment|23/100
|
|t:|1654981326
|switch|p2a: Slowking|Slowking, M|97/100|[from]move: U-turn
|move|p1a: Bruh Moment|Teleport|p1a: Bruh Moment
|
|t:|1654981329
|switch|p1a: Monke|Zarude|88/100|[from]move: Teleport
|
|upkeep
|turn|27
|
|t:|1654981391
|switch|p2a: Celesteela|Celesteela|89/100
|-damage|p2a: Celesteela|77/100|[from] Stealth Rock
|move|p1a: Monke|Darkest Lariat|p2a: Celesteela
|-damage|p2a: Celesteela|45/100
|
|-heal|p2a: Celesteela|51/100|[from] item: Leftovers
|upkeep
|turn|28
|
|t:|1654981395
|move|p2a: Celesteela|Protect|p2a: Celesteela
|-singleturn|p2a: Celesteela|Protect
|move|p1a: Monke|U-turn|p2a: Celesteela
|-activate|p2a: Celesteela|move: Protect
|
|-heal|p2a: Celesteela|57/100|[from] item: Leftovers
|upkeep
|turn|29
|
|t:|1654981399
|move|p1a: Monke|Darkest Lariat|p2a: Celesteela
|-damage|p2a: Celesteela|23/100
|move|p2a: Celesteela|Flamethrower|p1a: Monke
|-supereffective|p1a: Monke
|-damage|p1a: Monke|43/100
|
|-heal|p2a: Celesteela|29/100|[from] item: Leftovers
|upkeep
|turn|30
|
|t:|1654981403
|move|p2a: Celesteela|Protect|p2a: Celesteela
|-singleturn|p2a: Celesteela|Protect
|move|p1a: Monke|Jungle Healing|p1a: Monke
|-heal|p1a: Monke|68/100
|
|-heal|p2a: Celesteela|35/100|[from] item: Leftovers
|upkeep
|turn|31
|
|t:|1654981406
|switch|p2a: Zarude|Zarude-Dada|88/100
|move|p1a: Monke|Darkest Lariat|p2a: Zarude
|-resisted|p2a: Zarude
|-damage|p2a: Zarude|67/100
|
|upkeep
|turn|32
|
|t:|1654981412
|switch|p1a: Snippit|Scizor, F|100/100
|move|p2a: Zarude|U-turn|p1a: Snippit
|-resisted|p1a: Snippit
|-damage|p1a: Snippit|89/100
|
|t:|1654981428
|switch|p2a: Celesteela|Celesteela|35/100|[from]move: U-turn
|-damage|p2a: Celesteela|23/100|[from] Stealth Rock
|
|-heal|p2a: Celesteela|29/100|[from] item: Leftovers
|upkeep
|turn|33
|
|t:|1654981432
|switch|p1a: Bruh Moment|Slowking, F|56/100
|move|p2a: Celesteela|Leech Seed|p1a: Bruh Moment
|-start|p1a: Bruh Moment|move: Leech Seed
|
|-heal|p2a: Celesteela|35/100|[from] item: Leftovers
|-damage|p1a: Bruh Moment|44/100|[from] Leech Seed|[of] p2a: Celesteela
|-heal|p2a: Celesteela|47/100|[silent]
|upkeep
|turn|34
|
|t:|1654981441
|move|p2a: Celesteela|Heavy Slam|p1a: Bruh Moment
|-resisted|p1a: Bruh Moment
|-damage|p1a: Bruh Moment|28/100
|move|p1a: Bruh Moment|Teleport|p1a: Bruh Moment
|
|t:|1654981444
|switch|p1a: HONSE|Keldeo-Resolute|100/100|[from]move: Teleport
|
|-heal|p2a: Celesteela|53/100|[from] item: Leftovers
|upkeep
|turn|35
|
|t:|1654981446
|move|p2a: Celesteela|Protect|p2a: Celesteela
|-singleturn|p2a: Celesteela|Protect
|move|p1a: HONSE|Hydro Pump|p2a: Celesteela
|-activate|p2a: Celesteela|move: Protect
|
|-heal|p2a: Celesteela|59/100|[from] item: Leftovers
|upkeep
|turn|36
|
|t:|1654981449
|switch|p1a: Monke|Zarude|68/100
|switch|p2a: Slowking|Slowking, M|100/100
|
|upkeep
|turn|37
|
|t:|1654981454
|switch|p2a: Mamoswine|Mamoswine, F|9/100
|-damage|p2a: Mamoswine|0 fnt|[from] Stealth Rock
|faint|p2a: Mamoswine
|move|p1a: Monke|Darkest Lariat|p2: Mamoswine|[notarget]
|-fail|p1a: Monke
|
|upkeep
|
|t:|1654981486
|switch|p2a: Zarude|Zarude-Dada|67/100
|turn|38
|
|t:|1654981493
|switch|p1a: Snippit|Scizor, F|89/100
|move|p2a: Zarude|U-turn|p1a: Snippit
|-resisted|p1a: Snippit
|-crit|p1a: Snippit
|-damage|p1a: Snippit|74/100
|
|t:|1654981505
|switch|p2a: Celesteela|Celesteela|59/100|[from]move: U-turn
|-damage|p2a: Celesteela|47/100|[from] Stealth Rock
|
|-heal|p2a: Celesteela|53/100|[from] item: Leftovers
|upkeep
|turn|39
|
|t:|1654981519
|switch|p2a: Zarude|Zarude-Dada|67/100
|move|p1a: Snippit|Knock Off|p2a: Zarude
|-resisted|p2a: Zarude
|-damage|p2a: Zarude|52/100
|-enditem|p2a: Zarude|Heavy-Duty Boots|[from] move: Knock Off|[of] p1a: Snippit
|
|upkeep
|turn|40
|
|t:|1654981528
|move|p2a: Zarude|U-turn|p1a: Snippit
|-resisted|p1a: Snippit
|-damage|p1a: Snippit|63/100
|
|t:|1654981531
|switch|p2a: Salazzle|Salazzle, F|100/100|[from]move: U-turn
|move|p1a: Snippit|Knock Off|p2a: Salazzle
|-damage|p2a: Salazzle|38/100
|-enditem|p2a: Salazzle|Heavy-Duty Boots|[from] move: Knock Off|[of] p1a: Snippit
|
|upkeep
|turn|41
|
|t:|1654981544
|switch|p1a: Egg|Chansey, F|54/100
|move|p2a: Salazzle|Flamethrower|p1a: Egg
|-damage|p1a: Egg|34/100
|
|upkeep
|turn|42
|
|t:|1654981550
|switch|p2a: Zarude|Zarude-Dada|52/100
|-damage|p2a: Zarude|40/100|[from] Stealth Rock
|move|p1a: Egg|Soft-Boiled|p1a: Egg
|-heal|p1a: Egg|84/100
|
|upkeep
|turn|43
|
|t:|1654981557
|move|p2a: Zarude|Darkest Lariat|p1a: Egg
|-damage|p1a: Egg|43/100
|move|p1a: Egg|Teleport|p1a: Egg
|
|t:|1654981563
|switch|p1a: HONSE|Keldeo-Resolute|100/100|[from]move: Teleport
|
|upkeep
|turn|44
|
|t:|1654981567
|switch|p2a: Slowking|Slowking, M|100/100
|move|p1a: HONSE|Flip Turn|p2a: Slowking
|-resisted|p2a: Slowking
|-damage|p2a: Slowking|95/100
|
|t:|1654981569
|switch|p1a: Monke|Zarude|68/100|[from]move: Flip Turn
|
|upkeep
|turn|45
|
|t:|1654981589
|move|p1a: Monke|Darkest Lariat|p2a: Slowking
|-supereffective|p2a: Slowking
|-damage|p2a: Slowking|33/100
|move|p2a: Slowking|Teleport|p2a: Slowking
|
|t:|1654981593
|switch|p2a: Salazzle|Salazzle, F|38/100|[from]move: Teleport
|-damage|p2a: Salazzle|13/100|[from] Stealth Rock
|
|upkeep
|turn|46
|
|t:|1654981597
|switch|p1a: Egg|Chansey, F|43/100
|move|p2a: Salazzle|Flamethrower|p1a: Egg
|-damage|p1a: Egg|22/100
|
|upkeep
|turn|47
|
|t:|1654981603
|move|p2a: Salazzle|Flamethrower|p1a: Egg
|-damage|p1a: Egg|1/100
|move|p1a: Egg|Soft-Boiled|p1a: Egg
|-heal|p1a: Egg|51/100
|
|upkeep
|turn|48
|c|☆enoelr|shit
|c|☆enoelr|gg
|c|☆Appleking123|gg
|
|t:|1654981609
|move|p2a: Salazzle|Toxic|p1a: Egg
|-status|p1a: Egg|tox
|move|p1a: Egg|Soft-Boiled|p1a: Egg
|-heal|p1a: Egg|100/100 tox
|
|-damage|p1a: Egg|94/100 tox|[from] psn
|upkeep
|turn|49
|
|t:|1654981626
|switch|p2a: Slowking|Slowking, M|66/100
|move|p1a: Egg|Teleport|p1a: Egg
|
|t:|1654981631
|-curestatus|p1a: Egg|tox|[from] ability: Natural Cure
|switch|p1a: Monke|Zarude|68/100|[from]move: Teleport
|
|upkeep
|turn|50
|
|t:|1654981644
|move|p1a: Monke|Darkest Lariat|p2a: Slowking
|-supereffective|p2a: Slowking
|-damage|p2a: Slowking|5/100
|move|p2a: Slowking|Slack Off|p2a: Slowking
|-heal|p2a: Slowking|55/100
|
|upkeep
|turn|51
|
|t:|1654981648
|switch|p2a: Salazzle|Salazzle, F|13/100
|-damage|p2a: Salazzle|0 fnt|[from] Stealth Rock
|faint|p2a: Salazzle
|move|p1a: Monke|Darkest Lariat|p2: Salazzle|[notarget]
|-fail|p1a: Monke
|
|upkeep
|
|t:|1654981652
|switch|p2a: Zarude|Zarude-Dada|40/100
|-damage|p2a: Zarude|27/100|[from] Stealth Rock
|turn|52
|
|t:|1654981658
|switch|p1a: Snippit|Scizor, F|63/100
|move|p2a: Zarude|Darkest Lariat|p1a: Snippit
|-damage|p1a: Snippit|24/100
|
|upkeep
|turn|53
|
|t:|1654981664
|switch|p2a: Celesteela|Celesteela|53/100
|-damage|p2a: Celesteela|41/100|[from] Stealth Rock
|move|p1a: Snippit|Bullet Punch|p2a: Celesteela
|-resisted|p2a: Celesteela
|-damage|p2a: Celesteela|30/100
|
|-heal|p2a: Celesteela|36/100|[from] item: Leftovers
|upkeep
|turn|54
|
|t:|1654981666
|move|p1a: Snippit|Knock Off|p2a: Celesteela
|-damage|p2a: Celesteela|13/100
|-enditem|p2a: Celesteela|Leftovers|[from] move: Knock Off|[of] p1a: Snippit
|move|p2a: Celesteela|Leech Seed|p1a: Snippit
|-start|p1a: Snippit|move: Leech Seed
|
|-damage|p1a: Snippit|11/100|[from] Leech Seed|[of] p2a: Celesteela
|-heal|p2a: Celesteela|23/100|[silent]
|upkeep
|turn|55
|
|t:|1654981674
|switch|p1a: Bruh Moment|Slowking, F|61/100
|move|p2a: Celesteela|Leech Seed|p1a: Bruh Moment
|-start|p1a: Bruh Moment|move: Leech Seed
|
|-damage|p1a: Bruh Moment|49/100|[from] Leech Seed|[of] p2a: Celesteela
|-heal|p2a: Celesteela|35/100|[silent]
|upkeep
|turn|56
|
|t:|1654981684
|switch|p2a: Zarude|Zarude-Dada|27/100
|-damage|p2a: Zarude|15/100|[from] Stealth Rock
|move|p1a: Bruh Moment|Teleport|p1a: Bruh Moment
|
|t:|1654981689
|switch|p1a: HONSE|Keldeo-Resolute|100/100|[from]move: Teleport
|
|upkeep
|turn|57
|
|t:|1654981693
|move|p1a: HONSE|Flip Turn|p2a: Zarude
|-resisted|p2a: Zarude
|-damage|p2a: Zarude|8/100
|
|t:|1654981696
|switch|p1a: Snippit|Scizor, F|11/100|[from]move: Flip Turn
|move|p2a: Zarude|U-turn|p1a: Snippit
|-resisted|p1a: Snippit
|-damage|p1a: Snippit|1/100
|c|☆enoelr|come on
|c|☆enoelr|xD
|c|☆Appleking123|no Xd
|
|t:|1654981717
|switch|p2a: Celesteela|Celesteela|35/100|[from]move: U-turn
|-damage|p2a: Celesteela|23/100|[from] Stealth Rock
|
|upkeep
|turn|58
|
|t:|1654981722
|move|p1a: Snippit|Knock Off|p2a: Celesteela
|-damage|p2a: Celesteela|8/100
|move|p2a: Celesteela|Flamethrower|p1a: Snippit
|-supereffective|p1a: Snippit
|-damage|p1a: Snippit|0 fnt
|faint|p1a: Snippit
|-ability|p2a: Celesteela|Beast Boost|boost
|-boost|p2a: Celesteela|spd|1
|
|upkeep
|
|t:|1654981725
|switch|p1a: HONSE|Keldeo-Resolute|100/100
|turn|59
|c|☆enoelr|should have just not risked cobal t1 man
|c|☆enoelr|stupid good here
|
|t:|1654981737
|move|p2a: Celesteela|Protect|p2a: Celesteela
|-singleturn|p2a: Celesteela|Protect
|move|p1a: HONSE|Flip Turn|p2a: Celesteela
|-activate|p2a: Celesteela|move: Protect
|
|upkeep
|turn|60
|c|☆Appleking123|yeah
|c|☆Appleking123|stone edge bad
|c|☆Appleking123|no use
|
|t:|1654981744
|move|p1a: HONSE|Flip Turn|p2a: Celesteela
|-damage|p2a: Celesteela|0 fnt
|faint|p2a: Celesteela
|
|t:|1654981749
|switch|p1a: Monke|Zarude|68/100|[from]move: Flip Turn
|
|upkeep
|
|t:|1654981756
|switch|p2a: Slowking|Slowking, M|89/100
|turn|61
|c|☆Appleking123|moltres is carried by the fact that 0 rock moves are accurate
|
|t:|1654981769
|move|p1a: Monke|Power Whip|p2a: Slowking
|-supereffective|p2a: Slowking
|-damage|p2a: Slowking|0 fnt
|faint|p2a: Slowking
|
|upkeep
|
|t:|1654981773
|switch|p2a: Zarude|Zarude-Dada|8/100
|-damage|p2a: Zarude|0 fnt|[from] Stealth Rock
|faint|p2a: Zarude
|
|win|Appleking123
|c|☆Appleking123|gg
|c|☆enoelr|gg
