|j|☆Amane Misa
|j|☆Indigo Plateau
|t:|1644777733
|gametype|singles
|player|p1|Amane Misa|#amanemisa|
|player|p2|Indigo Plateau|#indigoplateau|
|teamsize|p1|6
|teamsize|p2|6
|gen|8
|tier|[Gen 8] UU
|rule|Sleep Clause Mod: Limit one foe put to sleep
|rule|Species Clause: Limit one of each Pokémon
|rule|OHKO Clause: OHKO moves are banned
|rule|Evasion Moves Clause: Evasion moves are banned
|rule|Endless Battle Clause: Forcing endless battles is banned
|rule|HP Percentage Mod: HP is shown in percentages
|rule|Dynamax Clause: You cannot dynamax
|clearpoke
|poke|p1|Zarude|
|poke|p1|Nidoking, M|
|poke|p1|Gyarados, M|
|poke|p1|Celesteela|
|poke|p1|Salamence, M|
|poke|p1|Azumarill, M|
|poke|p2|Aegislash, M|
|poke|p2|Tangrowth, F|
|poke|p2|Conkeldurr, M|
|poke|p2|Chansey, F|
|poke|p2|Salamence, F|
|poke|p2|Tentacruel, M|
|teampreview
|c|☆Indigo Plateau|hf
|c|☆Amane Misa|U2
|c|☆Indigo Plateau|is it public
|c|☆Indigo Plateau|or do u mind
|c|☆Amane Misa|Oh
|c|☆Amane Misa|Idc it can be public
|c|☆Amane Misa|Idk how to make it public tho
|c|☆Indigo Plateau|lemme see if i remember commands lol
|c|☆Indigo Plateau|slash publicroom
|c|☆Indigo Plateau|is the command
|c|☆Amane Misa|/log Amane Misa made this room public.
|c|☆Amane Misa|Nice
|c|☆Indigo Plateau|ok cool
|
|t:|1644777864
|start
|switch|p1a: Nidoking|Nidoking, M|100/100
|switch|p2a: Chansey|Chansey, F|100/100
|turn|1
|
|t:|1644777871
|move|p1a: Nidoking|Stealth Rock|p2a: Chansey
|-sidestart|p2: Indigo Plateau|move: Stealth Rock
|move|p2a: Chansey|Stealth Rock|p1a: Nidoking
|-sidestart|p1: Amane Misa|move: Stealth Rock
|
|upkeep
|turn|2
|
|t:|1644777876
|switch|p1a: Celesteela|Celesteela|100/100
|-damage|p1a: Celesteela|88/100|[from] Stealth Rock
|move|p2a: Chansey|Seismic Toss|p1a: Celesteela
|-damage|p1a: Celesteela|63/100
|
|-heal|p1a: Celesteela|69/100|[from] item: Leftovers
|upkeep
|turn|3
|
|t:|1644777893
|switch|p1a: Azumarill|Azumarill, M|100/100
|-damage|p1a: Azumarill|88/100|[from] Stealth Rock
|move|p2a: Chansey|Seismic Toss|p1a: Azumarill
|-damage|p1a: Azumarill|62/100
|
|upkeep
|turn|4
|
|t:|1644777901
|switch|p2a: Tangrowth|Tangrowth, F|100/100
|-damage|p2a: Tangrowth|88/100|[from] Stealth Rock
|move|p1a: Azumarill|Knock Off|p2a: Tangrowth
|-damage|p2a: Tangrowth|63/100
|-damage|p1a: Azumarill|45/100|[from] item: Rocky Helmet|[of] p2a: Tangrowth
|-enditem|p2a: Tangrowth|Rocky Helmet|[from] move: Knock Off|[of] p1a: Azumarill
|
|upkeep
|turn|5
|j| Aqua8Jet
|
|t:|1644777913
|switch|p1a: Salamence|Salamence, M|100/100
|-ability|p1a: Salamence|Intimidate|boost
|-unboost|p2a: Tangrowth|atk|1
|move|p2a: Tangrowth|Knock Off|p1a: Salamence
|-damage|p1a: Salamence|81/100
|-enditem|p1a: Salamence|Heavy-Duty Boots|[from] move: Knock Off|[of] p2a: Tangrowth
|
|upkeep
|turn|6
|j| KM
|j|@Lily
|j| Can'tFight
|
|t:|1644777928
|switch|p2a: Aegislash|Aegislash, M|100/100
|-damage|p2a: Aegislash|95/100|[from] Stealth Rock
|move|p1a: Salamence|Draco Meteor|p2a: Aegislash
|-resisted|p2a: Aegislash
|-damage|p2a: Aegislash|71/100
|-unboost|p1a: Salamence|spa|2
|
|-heal|p2a: Aegislash|77/100|[from] item: Leftovers
|upkeep
|turn|7
|j| screaminsquirrel69
|
|t:|1644777941
|switch|p1a: Celesteela|Celesteela|69/100
|-damage|p1a: Celesteela|57/100|[from] Stealth Rock
|switch|p2a: Conkeldurr|Conkeldurr, M|100/100
|-damage|p2a: Conkeldurr|94/100|[from] Stealth Rock
|
|-heal|p1a: Celesteela|63/100|[from] item: Leftovers
|-heal|p2a: Conkeldurr|100/100|[from] item: Leftovers
|upkeep
|turn|8
|l| screaminsquirrel69
|j|+AVARICE
|c|+AVARICE|yall playing on main i..
|j| Juno
|
|t:|1644777949
|switch|p2a: Tentacruel|Tentacruel, M|100/100
|-damage|p2a: Tentacruel|88/100|[from] Stealth Rock
|move|p1a: Celesteela|Leech Seed|p2a: Tentacruel|[miss]
|-miss|p1a: Celesteela|p2a: Tentacruel
|
|-heal|p2a: Tentacruel|94/100|[from] item: Black Sludge
|-heal|p1a: Celesteela|69/100|[from] item: Leftovers
|upkeep
|turn|9
|j| ASKOV
|j| Permission Slip
|c| KM|right like
|j| ford focus 2022
|c|☆Indigo Plateau|im on my phone avarice shut up
|j| MegaTotomon
|j|+Sage
|
|t:|1644777968
|move|p2a: Tentacruel|Rapid Spin|p1a: Celesteela
|-resisted|p1a: Celesteela
|-damage|p1a: Celesteela|66/100
|-boost|p2a: Tentacruel|spe|1
|-sideend|p2: Indigo Plateau|Stealth Rock|[from] move: Rapid Spin|[of] p2a: Tentacruel
|move|p1a: Celesteela|Heavy Slam|p2a: Tentacruel
|-resisted|p2a: Tentacruel
|-damage|p2a: Tentacruel|73/100
|
|-heal|p2a: Tentacruel|79/100|[from] item: Black Sludge
|-heal|p1a: Celesteela|72/100|[from] item: Leftovers
|upkeep
|turn|10
|
|t:|1644777971
|move|p2a: Tentacruel|Knock Off|p1a: Celesteela
|-damage|p1a: Celesteela|59/100
|-enditem|p1a: Celesteela|Leftovers|[from] move: Knock Off|[of] p2a: Tentacruel
|move|p1a: Celesteela|Heavy Slam|p2a: Tentacruel
|-resisted|p2a: Tentacruel
|-damage|p2a: Tentacruel|57/100
|
|-heal|p2a: Tentacruel|63/100|[from] item: Black Sludge
|upkeep
|turn|11
|
|t:|1644777976
|move|p2a: Tentacruel|Scald|p1a: Celesteela
|-damage|p1a: Celesteela|45/100
|move|p1a: Celesteela|Heavy Slam|p2a: Tentacruel
|-resisted|p2a: Tentacruel
|-damage|p2a: Tentacruel|39/100
|
|-heal|p2a: Tentacruel|45/100|[from] item: Black Sludge
|upkeep
|turn|12
|
|t:|1644777983
|switch|p1a: Zarude|Zarude|100/100
|-damage|p1a: Zarude|88/100|[from] Stealth Rock
|move|p2a: Tentacruel|Scald|p1a: Zarude
|-resisted|p1a: Zarude
|-damage|p1a: Zarude|77/100
|
|-heal|p2a: Tentacruel|51/100|[from] item: Black Sludge
|upkeep
|turn|13
|j| Monky25
|l| Permission Slip
|l|+Sage
|j| Permission Slip
|
|t:|1644777996
|switch|p2a: Salamence|Salamence, F|100/100
|-ability|p2a: Salamence|Intimidate|boost
|-unboost|p1a: Zarude|atk|1
|move|p1a: Zarude|U-turn|p2a: Salamence
|-resisted|p2a: Salamence
|-damage|p2a: Salamence|91/100
|
|t:|1644778007
|switch|p1a: Azumarill|Azumarill, M|45/100|[from]move: U-turn
|-damage|p1a: Azumarill|33/100|[from] Stealth Rock
|
|upkeep
|turn|14
|
|t:|1644778014
|switch|p2a: Tangrowth|Tangrowth, F|96/100
|move|p1a: Azumarill|Play Rough|p2a: Tangrowth
|-damage|p2a: Tangrowth|61/100
|
|upkeep
|turn|15
|
|t:|1644778020
|switch|p1a: Salamence|Salamence, M|81/100
|-damage|p1a: Salamence|56/100|[from] Stealth Rock
|-ability|p1a: Salamence|Intimidate|boost
|-unboost|p2a: Tangrowth|atk|1
|move|p2a: Tangrowth|Earthquake|p1a: Salamence
|-immune|p1a: Salamence
|
|upkeep
|turn|16
|
|t:|1644778027
|switch|p2a: Chansey|Chansey, F|100/100
|move|p1a: Salamence|Defog|p2a: Chansey
|-unboost|p2a: Chansey|evasion|1
|-sideend|p1: Amane Misa|Stealth Rock|[from] move: Defog|[of] p1a: Salamence
|
|upkeep
|turn|17
|
|t:|1644778032
|switch|p1a: Nidoking|Nidoking, M|100/100
|move|p2a: Chansey|Stealth Rock|p1a: Nidoking
|-sidestart|p1: Amane Misa|move: Stealth Rock
|
|upkeep
|turn|18
|
|t:|1644778035
|move|p1a: Nidoking|Stealth Rock|p2a: Chansey
|-sidestart|p2: Indigo Plateau|move: Stealth Rock
|move|p2a: Chansey|Seismic Toss|p1a: Nidoking
|-damage|p1a: Nidoking|67/100
|
|upkeep
|turn|19
|j| night dawn
|
|t:|1644778038
|switch|p1a: Salamence|Salamence, M|56/100
|-damage|p1a: Salamence|32/100|[from] Stealth Rock
|-ability|p1a: Salamence|Intimidate|boost
|-unboost|p2a: Chansey|atk|1
|move|p2a: Chansey|Seismic Toss|p1a: Salamence
|-damage|p1a: Salamence|1/100
|
|upkeep
|turn|20
|
|t:|1644778042
|move|p1a: Salamence|Roost|p1a: Salamence
|-heal|p1a: Salamence|52/100
|-singleturn|p1a: Salamence|move: Roost
|move|p2a: Chansey|Toxic|p1a: Salamence
|-status|p1a: Salamence|tox
|
|-damage|p1a: Salamence|46/100 tox|[from] psn
|upkeep
|turn|21
|
|t:|1644778045
|move|p1a: Salamence|Roost|p1a: Salamence
|-heal|p1a: Salamence|96/100 tox
|-singleturn|p1a: Salamence|move: Roost
|move|p2a: Chansey|Seismic Toss|p1a: Salamence
|-damage|p1a: Salamence|65/100 tox
|
|-damage|p1a: Salamence|53/100 tox|[from] psn
|upkeep
|turn|22
|
|t:|1644778048
|move|p1a: Salamence|Roost|p1a: Salamence
|-heal|p1a: Salamence|100/100 tox
|-singleturn|p1a: Salamence|move: Roost
|move|p2a: Chansey|Seismic Toss|p1a: Salamence
|-damage|p1a: Salamence|70/100 tox
|
|-damage|p1a: Salamence|52/100 tox|[from] psn
|upkeep
|turn|23
|l| Monky25
|
|t:|1644778052
|switch|p1a: Celesteela|Celesteela|45/100
|-damage|p1a: Celesteela|33/100|[from] Stealth Rock
|move|p2a: Chansey|Seismic Toss|p1a: Celesteela
|-damage|p1a: Celesteela|8/100
|
|upkeep
|turn|24
|j| avg
|j| Corperate N
|j| Monky25
|
|t:|1644778058
|move|p1a: Celesteela|Heavy Slam|p2a: Chansey
|-crit|p2a: Chansey
|-damage|p2a: Chansey|62/100
|move|p2a: Chansey|Seismic Toss|p1a: Celesteela
|-damage|p1a: Celesteela|0 fnt
|faint|p1a: Celesteela
|
|upkeep
|
|t:|1644778064
|switch|p1a: Azumarill|Azumarill, M|33/100
|-damage|p1a: Azumarill|20/100|[from] Stealth Rock
|turn|25
|j|+Sage
|l|+Sage
|j| hariyana grande
|l| Juno
|
|t:|1644778124
|switch|p2a: Tentacruel|Tentacruel, M|51/100
|-damage|p2a: Tentacruel|39/100|[from] Stealth Rock
|move|p1a: Azumarill|Knock Off|p2a: Tentacruel
|-damage|p2a: Tentacruel|0 fnt
|-enditem|p2a: Tentacruel|Black Sludge|[from] move: Knock Off|[of] p1a: Azumarill
|faint|p2a: Tentacruel
|
|upkeep
|
|t:|1644778134
|switch|p2a: Salamence|Salamence, F|91/100
|-ability|p2a: Salamence|Intimidate|boost
|-unboost|p1a: Azumarill|atk|1
|turn|26
|
|t:|1644778145
|move|p2a: Salamence|Dual Wingbeat|p1a: Azumarill
|-damage|p1a: Azumarill|0 fnt
|faint|p1a: Azumarill
|-hitcount|p1: Azumarill|1
|
|upkeep
|
|t:|1644778156
|switch|p1a: Gyarados|Gyarados, M|100/100
|-damage|p1a: Gyarados|76/100|[from] Stealth Rock
|-ability|p1a: Gyarados|Intimidate|boost
|-unboost|p2a: Salamence|atk|1
|turn|27
|
|t:|1644778175
|move|p2a: Salamence|Dragon Dance|p2a: Salamence
|-boost|p2a: Salamence|atk|1
|-boost|p2a: Salamence|spe|1
|move|p1a: Gyarados|Dragon Dance|p1a: Gyarados
|-boost|p1a: Gyarados|atk|1
|-boost|p1a: Gyarados|spe|1
|
|-heal|p1a: Gyarados|82/100|[from] item: Leftovers
|upkeep
|turn|28
|
|t:|1644778187
|move|p2a: Salamence|Dragon Dance|p2a: Salamence
|-boost|p2a: Salamence|atk|1
|-boost|p2a: Salamence|spe|1
|move|p1a: Gyarados|Bounce||[still]
|-prepare|p1a: Gyarados|Bounce
|
|-heal|p1a: Gyarados|88/100|[from] item: Leftovers
|upkeep
|turn|29
|
|t:|1644778244
|move|p2a: Salamence|Dragon Dance|p2a: Salamence
|-boost|p2a: Salamence|atk|1
|-boost|p2a: Salamence|spe|1
|move|p1a: Gyarados|Bounce|p2a: Salamence|[from]lockedmove
|-damage|p2a: Salamence|16/100
|
|-heal|p1a: Gyarados|94/100|[from] item: Leftovers
|upkeep
|turn|30
|
|t:|1644778249
|switch|p1a: Salamence|Salamence, M|52/100 tox
|-damage|p1a: Salamence|27/100 tox|[from] Stealth Rock
|-ability|p1a: Salamence|Intimidate|boost
|-unboost|p2a: Salamence|atk|1
|move|p2a: Salamence|Dual Wingbeat|p1a: Salamence
|-damage|p1a: Salamence|0 fnt
|faint|p1a: Salamence
|-hitcount|p1: Salamence|1
|
|upkeep
|
|t:|1644778252
|switch|p1a: Gyarados|Gyarados, M|94/100
|-damage|p1a: Gyarados|69/100|[from] Stealth Rock
|-ability|p1a: Gyarados|Intimidate|boost
|-unboost|p2a: Salamence|atk|1
|turn|31
|
|t:|1644778307
|switch|p1a: Nidoking|Nidoking, M|67/100
|-damage|p1a: Nidoking|62/100|[from] Stealth Rock
|move|p2a: Salamence|Dual Wingbeat|p1a: Nidoking|[miss]
|-miss|p2a: Salamence|p1a: Nidoking
|
|upkeep
|turn|32
|
|t:|1644778314
|move|p2a: Salamence|Earthquake|p1a: Nidoking
|-supereffective|p1a: Nidoking
|-damage|p1a: Nidoking|0 fnt
|faint|p1a: Nidoking
|
|upkeep
|
|t:|1644778316
|switch|p1a: Gyarados|Gyarados, M|69/100
|-damage|p1a: Gyarados|44/100|[from] Stealth Rock
|-ability|p1a: Gyarados|Intimidate|boost
|-unboost|p2a: Salamence|atk|1
|turn|33
|
|t:|1644778323
|move|p2a: Salamence|Dual Wingbeat|p1a: Gyarados|[miss]
|-miss|p2a: Salamence|p1a: Gyarados
|move|p1a: Gyarados|Waterfall|p2a: Salamence
|-resisted|p2a: Salamence
|-damage|p2a: Salamence|0 fnt
|faint|p2a: Salamence
|
|-heal|p1a: Gyarados|50/100|[from] item: Leftovers
|upkeep
|l| avg
|
|t:|1644778401
|switch|p2a: Tangrowth|Tangrowth, F|95/100
|-damage|p2a: Tangrowth|82/100|[from] Stealth Rock
|turn|34
|
|t:|1644778407
|move|p1a: Gyarados|Substitute|p1a: Gyarados
|-start|p1a: Gyarados|Substitute
|-damage|p1a: Gyarados|25/100
|move|p2a: Tangrowth|Giga Drain|p1a: Gyarados
|-end|p1a: Gyarados|Substitute
|-heal|p2a: Tangrowth|93/100|[from] drain|[of] p1a: Gyarados
|
|-heal|p1a: Gyarados|31/100|[from] item: Leftovers
|upkeep
|turn|35
|
|t:|1644778410
|move|p1a: Gyarados|Dragon Dance|p1a: Gyarados
|-boost|p1a: Gyarados|atk|1
|-boost|p1a: Gyarados|spe|1
|move|p2a: Tangrowth|Giga Drain|p1a: Gyarados
|-crit|p1a: Gyarados
|-damage|p1a: Gyarados|0 fnt
|-heal|p2a: Tangrowth|100/100|[from] drain|[of] p1a: Gyarados
|faint|p1a: Gyarados
|
|upkeep
|c|☆Amane Misa|gg
|c|☆Indigo Plateau|gg
|-message|Amane Misa forfeited.
|
|win|Indigo Plateau
|l| Permission Slip
|l|☆Amane Misa
