|j|☆You Are A Vernt
|j|☆Oudatoma
|t:|1662323687
|gametype|singles
|player|p1|You Are A Vernt|hexmaniac-gen6|1492
|player|p2|Oudatoma|lucas-gen4pt|1310
|teamsize|p1|6
|teamsize|p2|6
|gen|8
|tier|[Gen 8] UU
|rated|
|rule|Sleep Clause Mod: Limit one foe put to sleep
|rule|Species Clause: Limit one of each Pokémon
|rule|OHKO Clause: OHKO moves are banned
|rule|Evasion Items Clause: Evasion items are banned
|rule|Evasion Moves Clause: Evasion moves are banned
|rule|Endless Battle Clause: Forcing endless battles is banned
|rule|HP Percentage Mod: HP is shown in percentages
|rule|Dynamax Clause: You cannot dynamax
|clearpoke
|poke|p1|Scizor, M|
|poke|p1|Tapu Bulu|
|poke|p1|Rotom-Wash|
|poke|p1|Skarmory, M|
|poke|p1|Chansey, F|
|poke|p1|Mandibuzz, F|
|poke|p2|Slowking, F|
|poke|p2|Hatterene, F|
|poke|p2|Skarmory, F|
|poke|p2|Gastrodon, M|
|poke|p2|Nihilego|
|poke|p2|Darmanitan, M|
|teampreview
|
|t:|1662323700
|start
|switch|p1a: Rotom|Rotom-Wash|100/100
|switch|p2a: Gigi|Darmanitan, M|100/100
|turn|1
|
|t:|1662323709
|move|p2a: Gigi|U-turn|p1a: Rotom
|-damage|p1a: Rotom|80/100
|
|t:|1662323719
|switch|p2a: Gastrodon|Gastrodon, M|100/100|[from]move: U-turn
|move|p1a: Rotom|Will-O-Wisp|p2a: Gastrodon
|-status|p2a: Gastrodon|brn
|
|-heal|p1a: Rotom|86/100|[from] item: Leftovers
|-damage|p2a: Gastrodon|94/100 brn|[from] brn
|upkeep
|turn|2
|
|t:|1662323773
|switch|p1a: Chansey|Chansey, F|100/100
|switch|p2a: Roigada|Slowking, F|100/100
|
|upkeep
|turn|3
|
|t:|1662323779
|switch|p2a: Eléonore|Hatterene, F, shiny|100/100
|move|p1a: Chansey|Stealth Rock|p2a: Eléonore
|move|p2a: Eléonore|Stealth Rock|p1a: Chansey|[from]ability: Magic Bounce
|-sidestart|p1: You Are A Vernt|move: Stealth Rock
|
|upkeep
|turn|4
|
|t:|1662323803
|switch|p2a: Zébroïd|Nihilego|100/100
|move|p1a: Chansey|Seismic Toss|p2a: Zébroïd
|-damage|p2a: Zébroïd|73/100
|
|-heal|p2a: Zébroïd|79/100|[from] item: Black Sludge
|upkeep
|turn|5
|j| whyad
|
|t:|1662323809
|move|p2a: Zébroïd|Knock Off|p1a: Chansey
|-damage|p1a: Chansey|92/100
|-enditem|p1a: Chansey|Eviolite|[from] move: Knock Off|[of] p2a: Zébroïd
|move|p1a: Chansey|Seismic Toss|p2a: Zébroïd
|-damage|p2a: Zébroïd|51/100
|
|-heal|p2a: Zébroïd|57/100|[from] item: Black Sludge
|upkeep
|turn|6
|
|t:|1662323825
|switch|p2a: Airmure|Skarmory, F|100/100
|move|p1a: Chansey|Seismic Toss|p2a: Airmure
|-damage|p2a: Airmure|71/100
|-damage|p1a: Chansey|76/100|[from] item: Rocky Helmet|[of] p2a: Airmure
|
|upkeep
|turn|7
|
|t:|1662323838
|switch|p2a: Gigi|Darmanitan, M|100/100
|switch|p1a: Skarmory|Skarmory, M|100/100
|-damage|p1a: Skarmory|88/100|[from] Stealth Rock
|
|upkeep
|turn|8
|
|t:|1662323848
|switch|p1a: Rotom|Rotom-Wash|86/100
|-damage|p1a: Rotom|74/100|[from] Stealth Rock
|move|p2a: Gigi|Flare Blitz|p1a: Rotom
|-resisted|p1a: Rotom
|-damage|p1a: Rotom|35/100
|-damage|p2a: Gigi|89/100|[from] Recoil
|
|-heal|p1a: Rotom|41/100|[from] item: Leftovers
|upkeep
|turn|9
|
|t:|1662323884
|switch|p2a: Roigada|Slowking, F|100/100
|move|p1a: Rotom|Pain Split|p2a: Roigada
|-sethp|p2a: Roigada|66/100|[from] move: Pain Split|[silent]
|-sethp|p1a: Rotom|86/100|[from] move: Pain Split
|
|-heal|p1a: Rotom|92/100|[from] item: Leftovers
|upkeep
|turn|10
|
|t:|1662323894
|move|p1a: Rotom|Volt Switch|p2a: Roigada
|-supereffective|p2a: Roigada
|-damage|p2a: Roigada|37/100
|
|t:|1662323898
|switch|p1a: Mandibuzz|Mandibuzz, F|100/100|[from]move: Volt Switch
|move|p2a: Roigada|Future Sight|p1a: Mandibuzz
|-start|p2a: Roigada|move: Future Sight
|
|upkeep
|turn|11
|
|t:|1662323915
|switch|p2a: Gastrodon|Gastrodon, M|94/100 brn
|move|p1a: Mandibuzz|Defog|p2a: Gastrodon
|-unboost|p2a: Gastrodon|evasion|1
|-sideend|p1: You Are A Vernt|Stealth Rock|[from] move: Defog|[of] p1a: Mandibuzz
|
|-heal|p2a: Gastrodon|100/100 brn|[from] item: Leftovers
|-damage|p2a: Gastrodon|94/100 brn|[from] brn
|upkeep
|turn|12
|
|t:|1662323927
|switch|p1a: Chansey|Chansey, F|76/100
|move|p2a: Gastrodon|Toxic|p1a: Chansey
|-status|p1a: Chansey|tox
|
|-end|p1a: Chansey|move: Future Sight
|-damage|p1a: Chansey|56/100 tox
|-heal|p2a: Gastrodon|100/100 brn|[from] item: Leftovers
|-damage|p1a: Chansey|50/100 tox|[from] psn
|-damage|p2a: Gastrodon|94/100 brn|[from] brn
|upkeep
|turn|13
|
|t:|1662323933
|switch|p2a: Eléonore|Hatterene, F, shiny|100/100
|move|p1a: Chansey|Soft-Boiled|p1a: Chansey
|-heal|p1a: Chansey|99/100 tox
|
|-damage|p1a: Chansey|87/100 tox|[from] psn
|upkeep
|turn|14
|
|t:|1662323939
|-curestatus|p1a: Chansey|tox|[from] ability: Natural Cure
|switch|p1a: Tapu Bulu|Tapu Bulu|100/100
|-fieldstart|move: Grassy Terrain|[from] ability: Grassy Surge|[of] p1a: Tapu Bulu
|move|p2a: Eléonore|Calm Mind|p2a: Eléonore
|-boost|p2a: Eléonore|spa|1
|-boost|p2a: Eléonore|spd|1
|
|upkeep
|turn|15
|
|t:|1662323944
|switch|p2a: Airmure|Skarmory, F|71/100
|move|p1a: Tapu Bulu|Horn Leech|p2a: Airmure
|-resisted|p2a: Airmure
|-damage|p2a: Airmure|60/100
|-damage|p1a: Tapu Bulu|84/100|[from] item: Rocky Helmet|[of] p2a: Airmure
|-damage|p1a: Tapu Bulu|74/100|[from] item: Life Orb
|
|-heal|p1a: Tapu Bulu|80/100|[from] Grassy Terrain
|upkeep
|turn|16
|
|t:|1662323951
|switch|p1a: Rotom|Rotom-Wash|92/100
|move|p2a: Airmure|Roost|p2a: Airmure
|-heal|p2a: Airmure|100/100
|-singleturn|p2a: Airmure|move: Roost
|
|-heal|p1a: Rotom|98/100|[from] item: Leftovers
|upkeep
|turn|17
|
|t:|1662323956
|switch|p1a: Tapu Bulu|Tapu Bulu|80/100
|switch|p2a: Gastrodon|Gastrodon, M|94/100 brn
|
|-heal|p1a: Tapu Bulu|86/100|[from] Grassy Terrain
|-heal|p2a: Gastrodon|100/100 brn|[from] Grassy Terrain
|-damage|p2a: Gastrodon|94/100 brn|[from] brn
|upkeep
|turn|18
|
|t:|1662323963
|switch|p2a: Airmure|Skarmory, F|100/100
|move|p1a: Tapu Bulu|Stone Edge|p2a: Airmure
|-damage|p2a: Airmure|73/100
|-damage|p1a: Tapu Bulu|76/100|[from] item: Life Orb
|
|-heal|p1a: Tapu Bulu|82/100|[from] Grassy Terrain
|-fieldend|move: Grassy Terrain
|upkeep
|turn|19
|
|t:|1662323977
|switch|p2a: Gigi|Darmanitan, M|89/100
|move|p1a: Tapu Bulu|Swords Dance|p1a: Tapu Bulu
|-boost|p1a: Tapu Bulu|atk|2
|
|upkeep
|turn|20
|
|t:|1662323987
|switch|p1a: Rotom|Rotom-Wash|98/100
|move|p2a: Gigi|U-turn|p1a: Rotom
|-damage|p1a: Rotom|78/100
|
|t:|1662324007
|switch|p2a: Roigada|Slowking, F|70/100|[from]move: U-turn
|
|-heal|p1a: Rotom|84/100|[from] item: Leftovers
|upkeep
|turn|21
|
|t:|1662324021
|move|p1a: Rotom|Volt Switch|p2a: Roigada
|-supereffective|p2a: Roigada
|-damage|p2a: Roigada|42/100
|
|t:|1662324024
|switch|p1a: Chansey|Chansey, F|87/100|[from]move: Volt Switch
|move|p2a: Roigada|Scald|p1a: Chansey
|-damage|p1a: Chansey|74/100
|
|upkeep
|turn|22
|
|t:|1662324033
|switch|p2a: Eléonore|Hatterene, F, shiny|100/100
|move|p1a: Chansey|Seismic Toss|p2a: Eléonore
|-damage|p2a: Eléonore|69/100
|
|-heal|p2a: Eléonore|75/100|[from] item: Leftovers
|upkeep
|turn|23
|
|t:|1662324045
|switch|p1a: Scizor|Scizor, M|100/100
|switch|p2a: Roigada|Slowking, F|76/100
|
|upkeep
|turn|24
|
|t:|1662324051
|switch|p2a: Airmure|Skarmory, F|73/100
|move|p1a: Scizor|Knock Off|p2a: Airmure
|-damage|p2a: Airmure|39/100
|-damage|p1a: Scizor|84/100|[from] item: Rocky Helmet|[of] p2a: Airmure
|-enditem|p2a: Airmure|Rocky Helmet|[from] move: Knock Off|[of] p1a: Scizor
|
|upkeep
|turn|25
|
|t:|1662324056
|switch|p1a: Rotom|Rotom-Wash|84/100
|move|p2a: Airmure|Roost|p2a: Airmure
|-heal|p2a: Airmure|89/100
|-singleturn|p2a: Airmure|move: Roost
|
|-heal|p1a: Rotom|90/100|[from] item: Leftovers
|upkeep
|turn|26
|
|t:|1662324066
|switch|p2a: Gastrodon|Gastrodon, M|94/100 brn
|move|p1a: Rotom|Volt Switch|p2a: Gastrodon
|-immune|p2a: Gastrodon
|
|-heal|p1a: Rotom|96/100|[from] item: Leftovers
|-heal|p2a: Gastrodon|100/100 brn|[from] item: Leftovers
|-damage|p2a: Gastrodon|94/100 brn|[from] brn
|upkeep
|turn|27
|
|t:|1662324076
|switch|p1a: Chansey|Chansey, F|74/100
|switch|p2a: Gigi|Darmanitan, M|89/100
|
|upkeep
|turn|28
|l| whyad
|
|t:|1662324096
|switch|p1a: Rotom|Rotom-Wash|96/100
|move|p2a: Gigi|Zen Headbutt|p1a: Rotom
|-damage|p1a: Rotom|65/100
|
|-heal|p1a: Rotom|71/100|[from] item: Leftovers
|upkeep
|turn|29
|
|t:|1662324123
|switch|p2a: Roigada|Slowking, F|100/100
|move|p1a: Rotom|Pain Split|p2a: Roigada
|-sethp|p2a: Roigada|78/100|[from] move: Pain Split|[silent]
|-sethp|p1a: Rotom|100/100|[from] move: Pain Split
|
|upkeep
|turn|30
|
|t:|1662324130
|move|p1a: Rotom|Volt Switch|p2a: Roigada
|-supereffective|p2a: Roigada
|-damage|p2a: Roigada|49/100
|
|t:|1662324133
|switch|p1a: Scizor|Scizor, M|84/100|[from]move: Volt Switch
|move|p2a: Roigada|Teleport|p2a: Roigada
|
|t:|1662324139
|switch|p2a: Gigi|Darmanitan, M|89/100|[from]move: Teleport
|
|upkeep
|turn|31
|
|t:|1662324146
|switch|p1a: Rotom|Rotom-Wash|100/100
|move|p2a: Gigi|U-turn|p1a: Rotom
|-crit|p1a: Rotom
|-damage|p1a: Rotom|69/100
|
|t:|1662324164
|switch|p2a: Zébroïd|Nihilego|57/100|[from]move: U-turn
|
|-heal|p2a: Zébroïd|63/100|[from] item: Black Sludge
|-heal|p1a: Rotom|75/100|[from] item: Leftovers
|upkeep
|turn|32
|
|t:|1662324174
|switch|p1a: Chansey|Chansey, F|74/100
|move|p2a: Zébroïd|Knock Off|p1a: Chansey
|-damage|p1a: Chansey|66/100
|
|-heal|p2a: Zébroïd|69/100|[from] item: Black Sludge
|upkeep
|turn|33
|
|t:|1662324185
|switch|p1a: Scizor|Scizor, M|84/100
|move|p2a: Zébroïd|Stealth Rock|p1a: Scizor
|-sidestart|p1: You Are A Vernt|move: Stealth Rock
|
|-heal|p2a: Zébroïd|75/100|[from] item: Black Sludge
|upkeep
|turn|34
|
|t:|1662324191
|switch|p2a: Airmure|Skarmory, F|89/100
|move|p1a: Scizor|U-turn|p2a: Airmure
|-resisted|p2a: Airmure
|-damage|p2a: Airmure|79/100
|
|t:|1662324197
|switch|p1a: Rotom|Rotom-Wash|75/100|[from]move: U-turn
|-damage|p1a: Rotom|63/100|[from] Stealth Rock
|
|-heal|p1a: Rotom|68/100|[from] item: Leftovers
|upkeep
|turn|35
|
|t:|1662324208
|switch|p2a: Gastrodon|Gastrodon, M|94/100 brn
|move|p1a: Rotom|Volt Switch|p2a: Gastrodon
|-immune|p2a: Gastrodon
|
|-heal|p1a: Rotom|74/100|[from] item: Leftovers
|-heal|p2a: Gastrodon|100/100 brn|[from] item: Leftovers
|-damage|p2a: Gastrodon|94/100 brn|[from] brn
|upkeep
|turn|36
|
|t:|1662324218
|switch|p1a: Skarmory|Skarmory, M|88/100
|-damage|p1a: Skarmory|76/100|[from] Stealth Rock
|move|p2a: Gastrodon|Toxic|p1a: Skarmory
|-immune|p1a: Skarmory
|
|-heal|p2a: Gastrodon|100/100 brn|[from] item: Leftovers
|-damage|p2a: Gastrodon|94/100 brn|[from] brn
|upkeep
|turn|37
|
|t:|1662324226
|switch|p1a: Mandibuzz|Mandibuzz, F|100/100
|move|p2a: Gastrodon|Ice Beam|p1a: Mandibuzz
|-supereffective|p1a: Mandibuzz
|-damage|p1a: Mandibuzz|68/100
|
|-heal|p2a: Gastrodon|100/100 brn|[from] item: Leftovers
|-damage|p2a: Gastrodon|94/100 brn|[from] brn
|upkeep
|turn|38
|
|t:|1662324233
|switch|p1a: Chansey|Chansey, F|66/100
|-damage|p1a: Chansey|53/100|[from] Stealth Rock
|move|p2a: Gastrodon|Toxic|p1a: Chansey
|-status|p1a: Chansey|tox
|
|-heal|p2a: Gastrodon|100/100 brn|[from] item: Leftovers
|-damage|p1a: Chansey|47/100 tox|[from] psn
|-damage|p2a: Gastrodon|94/100 brn|[from] brn
|upkeep
|turn|39
|
|t:|1662324248
|switch|p2a: Eléonore|Hatterene, F, shiny|75/100
|move|p1a: Chansey|Soft-Boiled|p1a: Chansey
|-heal|p1a: Chansey|97/100 tox
|
|-heal|p2a: Eléonore|81/100|[from] item: Leftovers
|-damage|p1a: Chansey|85/100 tox|[from] psn
|upkeep
|turn|40
|
|t:|1662324259
|move|p1a: Chansey|Seismic Toss|p2a: Eléonore
|-damage|p2a: Eléonore|50/100
|move|p2a: Eléonore|Mystical Fire|p1a: Chansey
|-damage|p1a: Chansey|75/100 tox
|-unboost|p1a: Chansey|spa|1
|
|-heal|p2a: Eléonore|56/100|[from] item: Leftovers
|-damage|p1a: Chansey|57/100 tox|[from] psn
|upkeep
|turn|41
|
|t:|1662324266
|-curestatus|p1a: Chansey|tox|[from] ability: Natural Cure
|switch|p1a: Scizor|Scizor, M|84/100
|-damage|p1a: Scizor|72/100|[from] Stealth Rock
|move|p2a: Eléonore|Psyshock|p1a: Scizor
|-resisted|p1a: Scizor
|-damage|p1a: Scizor|53/100
|
|-heal|p2a: Eléonore|62/100|[from] item: Leftovers
|upkeep
|turn|42
|
|t:|1662324300
|switch|p2a: Airmure|Skarmory, F|79/100
|move|p1a: Scizor|U-turn|p2a: Airmure
|-resisted|p2a: Airmure
|-damage|p2a: Airmure|71/100
|
|t:|1662324305
|switch|p1a: Rotom|Rotom-Wash|74/100|[from]move: U-turn
|-damage|p1a: Rotom|62/100|[from] Stealth Rock
|
|-heal|p1a: Rotom|68/100|[from] item: Leftovers
|upkeep
|turn|43
|
|t:|1662324314
|switch|p1a: Tapu Bulu|Tapu Bulu|82/100
|-damage|p1a: Tapu Bulu|70/100|[from] Stealth Rock
|-fieldstart|move: Grassy Terrain|[from] ability: Grassy Surge|[of] p1a: Tapu Bulu
|switch|p2a: Gastrodon|Gastrodon, M|94/100 brn
|
|-heal|p1a: Tapu Bulu|76/100|[from] Grassy Terrain
|-heal|p2a: Gastrodon|100/100 brn|[from] Grassy Terrain
|-damage|p2a: Gastrodon|94/100 brn|[from] brn
|upkeep
|turn|44
|
|t:|1662324320
|switch|p2a: Airmure|Skarmory, F|71/100
|move|p1a: Tapu Bulu|Swords Dance|p1a: Tapu Bulu
|-boost|p1a: Tapu Bulu|atk|2
|
|-heal|p1a: Tapu Bulu|82/100|[from] Grassy Terrain
|upkeep
|turn|45
|
|t:|1662324326
|move|p1a: Tapu Bulu|Stone Edge|p2a: Airmure|[miss]
|-miss|p1a: Tapu Bulu|p2a: Airmure
|move|p2a: Airmure|Brave Bird|p1a: Tapu Bulu
|-supereffective|p1a: Tapu Bulu
|-damage|p1a: Tapu Bulu|5/100
|-damage|p2a: Airmure|50/100|[from] Recoil
|
|-heal|p1a: Tapu Bulu|11/100|[from] Grassy Terrain
|upkeep
|turn|46
|
|t:|1662324332
|move|p1a: Tapu Bulu|Stone Edge|p2a: Airmure
|-damage|p2a: Airmure|0 fnt
|faint|p2a: Airmure
|-damage|p1a: Tapu Bulu|1/100|[from] item: Life Orb
|
|-heal|p1a: Tapu Bulu|7/100|[from] Grassy Terrain
|upkeep
|
|t:|1662324351
|switch|p2a: Gigi|Darmanitan, M|89/100
|turn|47
|
|t:|1662324358
|move|p2a: Gigi|Flare Blitz|p1a: Tapu Bulu
|-supereffective|p1a: Tapu Bulu
|-damage|p1a: Tapu Bulu|0 fnt
|faint|p1a: Tapu Bulu
|-damage|p2a: Gigi|88/100|[from] Recoil
|
|-heal|p2a: Gigi|94/100|[from] Grassy Terrain
|-fieldend|move: Grassy Terrain
|upkeep
|
|t:|1662324361
|switch|p1a: Rotom|Rotom-Wash|68/100
|-damage|p1a: Rotom|56/100|[from] Stealth Rock
|turn|48
|
|t:|1662324396
|switch|p2a: Gastrodon|Gastrodon, M|94/100 brn
|move|p1a: Rotom|Pain Split|p2a: Gastrodon
|-sethp|p2a: Gastrodon|67/100 brn|[from] move: Pain Split|[silent]
|-sethp|p1a: Rotom|94/100|[from] move: Pain Split
|
|-heal|p1a: Rotom|99/100|[from] item: Leftovers
|-heal|p2a: Gastrodon|73/100 brn|[from] item: Leftovers
|-damage|p2a: Gastrodon|67/100 brn|[from] brn
|upkeep
|turn|49
|
|t:|1662324404
|switch|p1a: Mandibuzz|Mandibuzz, F|68/100
|switch|p2a: Gigi|Darmanitan, M|94/100
|
|upkeep
|turn|50
|
|t:|1662324407
|move|p2a: Gigi|Flare Blitz|p1a: Mandibuzz
|-damage|p1a: Mandibuzz|20/100
|-damage|p2a: Gigi|75/100|[from] Recoil
|move|p1a: Mandibuzz|Defog|p2a: Gigi
|-unboost|p2a: Gigi|evasion|1
|-sideend|p1: You Are A Vernt|Stealth Rock|[from] move: Defog|[of] p1a: Mandibuzz
|
|upkeep
|turn|51
|
|t:|1662324413
|switch|p1a: Rotom|Rotom-Wash|99/100
|move|p2a: Gigi|Flare Blitz|p1a: Rotom
|-resisted|p1a: Rotom
|-damage|p1a: Rotom|66/100
|-damage|p2a: Gigi|65/100|[from] Recoil
|
|-heal|p1a: Rotom|71/100|[from] item: Leftovers
|upkeep
|turn|52
|
|t:|1662324420
|switch|p2a: Gastrodon|Gastrodon, M|67/100 brn
|switch|p1a: Scizor|Scizor, M|53/100
|
|-heal|p2a: Gastrodon|73/100 brn|[from] item: Leftovers
|-damage|p2a: Gastrodon|67/100 brn|[from] brn
|upkeep
|turn|53
|
|t:|1662324428
|move|p1a: Scizor|U-turn|p2a: Gastrodon
|-damage|p2a: Gastrodon|25/100 brn
|
|t:|1662324431
|switch|p1a: Chansey|Chansey, F|57/100|[from]move: U-turn
|move|p2a: Gastrodon|Earth Power|p1a: Chansey
|-damage|p1a: Chansey|44/100
|
|-heal|p2a: Gastrodon|31/100 brn|[from] item: Leftovers
|-damage|p2a: Gastrodon|25/100 brn|[from] brn
|upkeep
|turn|54
|
|t:|1662324439
|switch|p2a: Gigi|Darmanitan, M|65/100
|move|p1a: Chansey|Soft-Boiled|p1a: Chansey
|-heal|p1a: Chansey|94/100
|
|upkeep
|turn|55
|
|t:|1662324448
|switch|p1a: Mandibuzz|Mandibuzz, F|20/100
|move|p2a: Gigi|U-turn|p1a: Mandibuzz
|-damage|p1a: Mandibuzz|4/100
|
|t:|1662324453
|switch|p2a: Zébroïd|Nihilego|75/100|[from]move: U-turn
|
|-heal|p2a: Zébroïd|82/100|[from] item: Black Sludge
|upkeep
|turn|56
|
|t:|1662324467
|move|p2a: Zébroïd|Power Gem|p1a: Mandibuzz
|-supereffective|p1a: Mandibuzz
|-damage|p1a: Mandibuzz|0 fnt
|faint|p1a: Mandibuzz
|-ability|p2a: Zébroïd|Beast Boost|boost
|-boost|p2a: Zébroïd|spa|1
|
|-heal|p2a: Zébroïd|88/100|[from] item: Black Sludge
|upkeep
|
|t:|1662324470
|switch|p1a: Scizor|Scizor, M|53/100
|turn|57
|
|t:|1662324482
|switch|p2a: Gastrodon|Gastrodon, M|25/100 brn
|move|p1a: Scizor|Bullet Punch|p2a: Gastrodon
|-resisted|p2a: Gastrodon
|-damage|p2a: Gastrodon|7/100 brn
|
|-heal|p2a: Gastrodon|13/100 brn|[from] item: Leftovers
|-damage|p2a: Gastrodon|7/100 brn|[from] brn
|upkeep
|turn|58
|
|t:|1662324485
|move|p1a: Scizor|Bullet Punch|p2a: Gastrodon
|-resisted|p2a: Gastrodon
|-damage|p2a: Gastrodon|0 fnt
|faint|p2a: Gastrodon
|
|upkeep
|
|t:|1662324509
|switch|p2a: Gigi|Darmanitan, M|65/100
|turn|59
|
|t:|1662324523
|switch|p1a: Skarmory|Skarmory, M|76/100
|move|p2a: Gigi|U-turn|p1a: Skarmory
|-resisted|p1a: Skarmory
|-damage|p1a: Skarmory|72/100
|-damage|p2a: Gigi|48/100|[from] item: Rocky Helmet|[of] p1a: Skarmory
|
|t:|1662324532
|switch|p2a: Zébroïd|Nihilego|88/100|[from]move: U-turn
|
|-heal|p2a: Zébroïd|94/100|[from] item: Black Sludge
|upkeep
|turn|60
|
|t:|1662324555
|move|p2a: Zébroïd|Stealth Rock|p1a: Skarmory
|-sidestart|p1: You Are A Vernt|move: Stealth Rock
|move|p1a: Skarmory|Body Press|p2a: Zébroïd
|-damage|p2a: Zébroïd|44/100
|
|-heal|p2a: Zébroïd|50/100|[from] item: Black Sludge
|upkeep
|turn|61
|j| KOD2099
|
|t:|1662324568
|switch|p2a: Eléonore|Hatterene, F, shiny|62/100
|move|p1a: Skarmory|Body Press|p2a: Eléonore
|-resisted|p2a: Eléonore
|-damage|p2a: Eléonore|55/100
|
|-heal|p2a: Eléonore|61/100|[from] item: Leftovers
|upkeep
|turn|62
|
|t:|1662324576
|switch|p1a: Chansey|Chansey, F|94/100
|-damage|p1a: Chansey|82/100|[from] Stealth Rock
|move|p2a: Eléonore|Mystical Fire|p1a: Chansey
|-damage|p1a: Chansey|71/100
|-unboost|p1a: Chansey|spa|1
|
|-heal|p2a: Eléonore|67/100|[from] item: Leftovers
|upkeep
|turn|63
|
|t:|1662324589
|move|p1a: Chansey|Seismic Toss|p2a: Eléonore
|-damage|p2a: Eléonore|35/100
|move|p2a: Eléonore|Mystical Fire|p1a: Chansey
|-damage|p1a: Chansey|62/100
|-unboost|p1a: Chansey|spa|1
|
|-heal|p2a: Eléonore|41/100|[from] item: Leftovers
|upkeep
|turn|64
|
|t:|1662324602
|switch|p2a: Roigada|Slowking, F|82/100
|move|p1a: Chansey|Seismic Toss|p2a: Roigada
|-damage|p2a: Roigada|56/100
|
|upkeep
|turn|65
|
|t:|1662324605
|move|p1a: Chansey|Stealth Rock|p2a: Roigada
|-sidestart|p2: Oudatoma|move: Stealth Rock
|move|p2a: Roigada|Teleport|p2a: Roigada
|
|t:|1662324607
|switch|p2a: Eléonore|Hatterene, F, shiny|41/100|[from]move: Teleport
|-damage|p2a: Eléonore|29/100|[from] Stealth Rock
|
|-heal|p2a: Eléonore|35/100|[from] item: Leftovers
|upkeep
|turn|66
|
|t:|1662324610
|move|p1a: Chansey|Seismic Toss|p2a: Eléonore
|-damage|p2a: Eléonore|4/100
|move|p2a: Eléonore|Psyshock|p1a: Chansey
|-damage|p1a: Chansey|29/100
|
|-heal|p2a: Eléonore|10/100|[from] item: Leftovers
|upkeep
|turn|67
|
|t:|1662324616
|move|p1a: Chansey|Soft-Boiled|p1a: Chansey
|-heal|p1a: Chansey|79/100
|move|p2a: Eléonore|Psyshock|p1a: Chansey
|-damage|p1a: Chansey|43/100
|
|-heal|p2a: Eléonore|16/100|[from] item: Leftovers
|upkeep
|turn|68
|
|t:|1662324622
|move|p1a: Chansey|Soft-Boiled|p1a: Chansey
|-heal|p1a: Chansey|93/100
|move|p2a: Eléonore|Psyshock|p1a: Chansey
|-damage|p1a: Chansey|60/100
|
|-heal|p2a: Eléonore|22/100|[from] item: Leftovers
|upkeep
|turn|69
|
|t:|1662324626
|move|p1a: Chansey|Seismic Toss|p2a: Eléonore
|-damage|p2a: Eléonore|0 fnt
|faint|p2a: Eléonore
|
|upkeep
|
|t:|1662324630
|switch|p2a: Gigi|Darmanitan, M|48/100
|-damage|p2a: Gigi|23/100|[from] Stealth Rock
|turn|70
|
|t:|1662324632
|switch|p1a: Skarmory|Skarmory, M|72/100
|-damage|p1a: Skarmory|60/100|[from] Stealth Rock
|move|p2a: Gigi|Flare Blitz|p1a: Skarmory
|-supereffective|p1a: Skarmory
|-damage|p1a: Skarmory|0 fnt
|-damage|p2a: Gigi|7/100|[from] item: Rocky Helmet|[of] p1a: Skarmory
|faint|p1a: Skarmory
|-damage|p2a: Gigi|0 fnt|[from] Recoil
|faint|p2a: Gigi
|
|upkeep
|c|☆Oudatoma|Gg
|c|☆You Are A Vernt|gg
|
|t:|1662324640
|switch|p2a: Zébroïd|Nihilego|50/100
|switch|p1a: Scizor|Scizor, M|53/100
|-damage|p2a: Zébroïd|37/100|[from] Stealth Rock
|-damage|p1a: Scizor|41/100|[from] Stealth Rock
|turn|71
|
|t:|1662324643
|move|p1a: Scizor|Bullet Punch|p2a: Zébroïd
|-supereffective|p2a: Zébroïd
|-damage|p2a: Zébroïd|0 fnt
|faint|p2a: Zébroïd
|
|upkeep
|c|☆Oudatoma|Wp
|
|t:|1662324649
|switch|p2a: Roigada|Slowking, F|90/100
|turn|72
|c|☆You Are A Vernt|u2
|
|t:|1662324652
|switch|p1a: Chansey|Chansey, F|60/100
|-damage|p1a: Chansey|48/100|[from] Stealth Rock
|move|p2a: Roigada|Scald|p1a: Chansey
|-damage|p1a: Chansey|36/100
|
|upkeep
|turn|73
|
|t:|1662324656
|move|p1a: Chansey|Seismic Toss|p2a: Roigada
|-damage|p2a: Roigada|64/100
|move|p2a: Roigada|Scald|p1a: Chansey
|-damage|p1a: Chansey|22/100
|-status|p1a: Chansey|brn
|
|-damage|p1a: Chansey|15/100 brn|[from] brn
|upkeep
|turn|74
|
|t:|1662324659
|move|p1a: Chansey|Soft-Boiled|p1a: Chansey
|-heal|p1a: Chansey|66/100 brn
|move|p2a: Roigada|Future Sight|p1a: Chansey
|-start|p2a: Roigada|move: Future Sight
|
|-damage|p1a: Chansey|59/100 brn|[from] brn
|upkeep
|turn|75
|
|t:|1662324661
|move|p1a: Chansey|Seismic Toss|p2a: Roigada
|-damage|p2a: Roigada|39/100
|move|p2a: Roigada|Teleport||[still]
|-fail|p2a: Roigada
|
|-damage|p1a: Chansey|53/100 brn|[from] brn
|upkeep
|turn|76
|
|t:|1662324665
|move|p1a: Chansey|Seismic Toss|p2a: Roigada
|-damage|p2a: Roigada|13/100
|move|p2a: Roigada|Slack Off|p2a: Roigada
|-heal|p2a: Roigada|64/100
|
|-end|p1a: Chansey|move: Future Sight
|-damage|p1a: Chansey|33/100 brn
|-damage|p1a: Chansey|27/100 brn|[from] brn
|upkeep
|turn|77
|
|t:|1662324669
|move|p1a: Chansey|Toxic|p2a: Roigada|[miss]
|-miss|p1a: Chansey|p2a: Roigada
|move|p2a: Roigada|Slack Off|p2a: Roigada
|-heal|p2a: Roigada|100/100
|
|-damage|p1a: Chansey|21/100 brn|[from] brn
|upkeep
|turn|78
|
|t:|1662324672
|move|p1a: Chansey|Soft-Boiled|p1a: Chansey
|-heal|p1a: Chansey|71/100 brn
|move|p2a: Roigada|Scald|p1a: Chansey
|-damage|p1a: Chansey|59/100 brn
|
|-damage|p1a: Chansey|52/100 brn|[from] brn
|upkeep
|turn|79
|
|t:|1662324675
|move|p1a: Chansey|Toxic|p2a: Roigada
|-status|p2a: Roigada|tox
|move|p2a: Roigada|Future Sight|p1a: Chansey
|-start|p2a: Roigada|move: Future Sight
|
|-damage|p2a: Roigada|94/100 tox|[from] psn
|-damage|p1a: Chansey|46/100 brn|[from] brn
|upkeep
|turn|80
|c|☆Oudatoma|Wp
|-message|Oudatoma forfeited.
|
|win|You Are A Vernt
|raw|You Are A Vernt's rating: 1492 &rarr; <strong>1502</strong><br />(+10 for winning)
|raw|Oudatoma's rating: 1310 &rarr; <strong>1300</strong><br />(-10 for losing)
|l|☆Oudatoma
|c|☆You Are A Vernt|u2
