|j|☆MinimanC
|j|☆GryphonEX
|t:|1654885791
|gametype|singles
|player|p1|MinimanC|giovanni|1282
|player|p2|GryphonEX|gardenia|1401
|teamsize|p1|6
|teamsize|p2|6
|gen|8
|tier|[Gen 8] UU
|rated|
|rule|Sleep Clause Mod: Limit one foe put to sleep
|rule|Species Clause: Limit one of each Pokémon
|rule|OHKO Clause: OHKO moves are banned
|rule|Evasion Moves Clause: Evasion moves are banned
|rule|Endless Battle Clause: Forcing endless battles is banned
|rule|HP Percentage Mod: HP is shown in percentages
|rule|Dynamax Clause: You cannot dynamax
|clearpoke
|poke|p1|Primarina, F|
|poke|p1|Mandibuzz, F|
|poke|p1|Claydol|
|poke|p1|Amoonguss, F|
|poke|p1|Darmanitan, M|
|poke|p1|Noivern, F|
|poke|p2|Hydreigon, M|
|poke|p2|Corsola-Galar, F|
|poke|p2|Zarude|
|poke|p2|Salamence, F|
|poke|p2|Chansey, F|
|poke|p2|Suicune|
|teampreview
|
|t:|1654885807
|start
|switch|p1a: Darmanitan|Darmanitan, M|100/100
|switch|p2a: Corsola|Corsola-Galar, F|100/100
|turn|1
|c|☆GryphonEX|Good luck
|
|t:|1654885814
|move|p1a: Darmanitan|Flare Blitz|p2a: Corsola
|-damage|p2a: Corsola|6/100
|-damage|p1a: Darmanitan|72/100|[from] Recoil
|move|p2a: Corsola|Stealth Rock|p1a: Darmanitan
|-sidestart|p1: MinimanC|move: Stealth Rock
|
|upkeep
|turn|2
|
|t:|1654885819
|switch|p2a: Salamence|Salamence, F|100/100
|-ability|p2a: Salamence|Intimidate|boost
|-unboost|p1a: Darmanitan|atk|1
|move|p1a: Darmanitan|Flare Blitz|p2a: Salamence
|-resisted|p2a: Salamence
|-damage|p2a: Salamence|70/100
|-damage|p1a: Darmanitan|60/100|[from] Recoil
|
|upkeep
|turn|3
|
|t:|1654885827
|switch|p1a: Mandibuzz|Mandibuzz, F|100/100
|move|p2a: Salamence|Toxic|p1a: Mandibuzz
|-status|p1a: Mandibuzz|tox
|
|-damage|p1a: Mandibuzz|94/100 tox|[from] psn
|upkeep
|turn|4
|
|t:|1654885833
|switch|p2a: Suicune|Suicune|100/100
|-ability|p2a: Suicune|Pressure
|move|p1a: Mandibuzz|Defog|p2a: Suicune
|-unboost|p2a: Suicune|evasion|1
|-sideend|p1: MinimanC|Stealth Rock|[from] move: Defog|[of] p1a: Mandibuzz
|
|-damage|p1a: Mandibuzz|82/100 tox|[from] psn
|upkeep
|turn|5
|
|t:|1654885841
|move|p2a: Suicune|Calm Mind|p2a: Suicune
|-boost|p2a: Suicune|spa|1
|-boost|p2a: Suicune|spd|1
|move|p1a: Mandibuzz|Knock Off|p2a: Suicune
|-damage|p2a: Suicune|88/100
|-enditem|p2a: Suicune|Leftovers|[from] move: Knock Off|[of] p1a: Mandibuzz
|
|-damage|p1a: Mandibuzz|64/100 tox|[from] psn
|upkeep
|turn|6
|
|t:|1654885851
|switch|p1a: Amoonguss|Amoonguss, F|100/100
|move|p2a: Suicune|Calm Mind|p2a: Suicune
|-boost|p2a: Suicune|spa|1
|-boost|p2a: Suicune|spd|1
|
|upkeep
|turn|7
|
|t:|1654885856
|move|p2a: Suicune|Ice Beam|p1a: Amoonguss
|-supereffective|p1a: Amoonguss
|-damage|p1a: Amoonguss|47/100
|move|p1a: Amoonguss|Toxic|p2a: Suicune
|-status|p2a: Suicune|tox
|
|-damage|p2a: Suicune|81/100 tox|[from] psn
|upkeep
|turn|8
|
|t:|1654885864
|switch|p1a: Primarina|Primarina, F|100/100
|move|p2a: Suicune|Ice Beam|p1a: Primarina
|-resisted|p1a: Primarina
|-damage|p1a: Primarina|81/100
|
|-damage|p2a: Suicune|69/100 tox|[from] psn
|upkeep
|turn|9
|
|t:|1654885871
|move|p1a: Primarina|Moonblast|p2a: Suicune
|-damage|p2a: Suicune|48/100 tox
|-unboost|p2a: Suicune|spa|1
|move|p2a: Suicune|Calm Mind|p2a: Suicune
|-boost|p2a: Suicune|spa|1
|-boost|p2a: Suicune|spd|1
|
|-damage|p2a: Suicune|30/100 tox|[from] psn
|upkeep
|turn|10
|
|t:|1654885880
|move|p1a: Primarina|Moonblast|p2a: Suicune
|-damage|p2a: Suicune|13/100 tox
|move|p2a: Suicune|Rest|p2a: Suicune
|-status|p2a: Suicune|slp|[from] move: Rest
|-heal|p2a: Suicune|100/100 slp|[silent]
|
|upkeep
|turn|11
|
|t:|1654885887
|switch|p1a: Darmanitan|Darmanitan, M|60/100
|cant|p2a: Suicune|slp
|
|upkeep
|turn|12
|
|t:|1654885894
|move|p1a: Darmanitan|Flare Blitz|p2a: Suicune
|-resisted|p2a: Suicune
|-damage|p2a: Suicune|67/100 slp
|-damage|p1a: Darmanitan|48/100|[from] Recoil
|cant|p2a: Suicune|slp
|
|upkeep
|turn|13
|
|t:|1654885903
|switch|p1a: Amoonguss|Amoonguss, F|80/100
|-curestatus|p2a: Suicune|slp|[msg]
|move|p2a: Suicune|Scald|p1a: Amoonguss
|-resisted|p1a: Amoonguss
|-damage|p1a: Amoonguss|62/100
|
|upkeep
|turn|14
|
|t:|1654885910
|move|p2a: Suicune|Ice Beam|p1a: Amoonguss
|-supereffective|p1a: Amoonguss
|-damage|p1a: Amoonguss|17/100
|move|p1a: Amoonguss|Toxic|p2a: Suicune
|-status|p2a: Suicune|tox
|
|-damage|p2a: Suicune|61/100 tox|[from] psn
|upkeep
|turn|15
|
|t:|1654885917
|switch|p1a: Primarina|Primarina, F|81/100
|move|p2a: Suicune|Calm Mind|p2a: Suicune
|-boost|p2a: Suicune|spa|1
|-boost|p2a: Suicune|spd|1
|
|-damage|p2a: Suicune|49/100 tox|[from] psn
|upkeep
|turn|16
|
|t:|1654885925
|move|p1a: Primarina|Moonblast|p2a: Suicune
|-crit|p2a: Suicune
|-damage|p2a: Suicune|0 fnt
|faint|p2a: Suicune
|
|upkeep
|
|t:|1654885938
|switch|p2a: Chansey|Chansey, F|100/100
|turn|17
|
|t:|1654885941
|switch|p1a: Darmanitan|Darmanitan, M|48/100
|move|p2a: Chansey|Seismic Toss|p1a: Darmanitan
|-damage|p1a: Darmanitan|19/100
|
|upkeep
|turn|18
|
|t:|1654885946
|switch|p2a: Salamence|Salamence, F|70/100
|-ability|p2a: Salamence|Intimidate|boost
|-unboost|p1a: Darmanitan|atk|1
|move|p1a: Darmanitan|Flare Blitz|p2a: Salamence
|-resisted|p2a: Salamence
|-damage|p2a: Salamence|40/100
|-damage|p1a: Darmanitan|8/100|[from] Recoil
|
|upkeep
|turn|19
|
|t:|1654885955
|switch|p1a: Claydol|Claydol|100/100
|move|p2a: Salamence|Roost|p2a: Salamence
|-heal|p2a: Salamence|90/100
|-singleturn|p2a: Salamence|move: Roost
|
|upkeep
|turn|20
|
|t:|1654885961
|move|p2a: Salamence|Toxic|p1a: Claydol
|-status|p1a: Claydol|tox
|move|p1a: Claydol|Stealth Rock|p2a: Salamence
|-sidestart|p2: GryphonEX|move: Stealth Rock
|
|-damage|p1a: Claydol|94/100 tox|[from] psn
|upkeep
|turn|21
|
|t:|1654885967
|move|p2a: Salamence|Defog|p1a: Claydol
|-unboost|p1a: Claydol|evasion|1
|-sideend|p2: GryphonEX|Stealth Rock|[from] move: Defog|[of] p2a: Salamence
|move|p1a: Claydol|Teleport|p1a: Claydol
|
|t:|1654885970
|switch|p1a: Noivern|Noivern, F|100/100|[from]move: Teleport
|-item|p2a: Salamence|Heavy-Duty Boots|[from] ability: Frisk|[of] p1a: Noivern|[identify]
|
|upkeep
|turn|22
|
|t:|1654885975
|switch|p2a: Chansey|Chansey, F|100/100
|move|p1a: Noivern|U-turn|p2a: Chansey
|-damage|p2a: Chansey|92/100
|-damage|p1a: Noivern|91/100|[from] item: Life Orb
|
|t:|1654885982
|switch|p1a: Darmanitan|Darmanitan, M|8/100|[from]move: U-turn
|
|upkeep
|turn|23
|
|t:|1654885987
|switch|p1a: Claydol|Claydol|94/100 tox
|switch|p2a: Salamence|Salamence, F|90/100
|-ability|p2a: Salamence|Intimidate|boost
|-unboost|p1a: Claydol|atk|1
|
|-damage|p1a: Claydol|88/100 tox|[from] psn
|upkeep
|turn|24
|
|t:|1654885994
|move|p2a: Salamence|Hurricane|p1a: Claydol
|-damage|p1a: Claydol|63/100 tox
|move|p1a: Claydol|Stealth Rock|p2a: Salamence
|-sidestart|p2: GryphonEX|move: Stealth Rock
|
|-damage|p1a: Claydol|50/100 tox|[from] psn
|upkeep
|turn|25
|
|t:|1654886000
|move|p2a: Salamence|Defog|p1a: Claydol
|-unboost|p1a: Claydol|evasion|1
|-sideend|p2: GryphonEX|Stealth Rock|[from] move: Defog|[of] p2a: Salamence
|move|p1a: Claydol|Teleport|p1a: Claydol
|
|t:|1654886004
|switch|p1a: Primarina|Primarina, F|81/100|[from]move: Teleport
|
|upkeep
|turn|26
|
|t:|1654886011
|switch|p1a: Mandibuzz|Mandibuzz, F|64/100 tox
|move|p2a: Salamence|Toxic|p1a: Mandibuzz
|-fail|p1a: Mandibuzz|tox
|
|-damage|p1a: Mandibuzz|58/100 tox|[from] psn
|upkeep
|turn|27
|
|t:|1654886021
|move|p2a: Salamence|Hurricane|p1a: Mandibuzz
|-damage|p1a: Mandibuzz|22/100 tox
|move|p1a: Mandibuzz|Knock Off|p2a: Salamence
|-crit|p2a: Salamence
|-damage|p2a: Salamence|63/100
|-enditem|p2a: Salamence|Heavy-Duty Boots|[from] move: Knock Off|[of] p1a: Mandibuzz
|
|-damage|p1a: Mandibuzz|10/100 tox|[from] psn
|upkeep
|turn|28
|
|t:|1654886034
|switch|p1a: Claydol|Claydol|50/100 tox
|move|p2a: Salamence|Hurricane|p1a: Claydol
|-damage|p1a: Claydol|24/100 tox
|-start|p1a: Claydol|confusion
|-enditem|p1a: Claydol|Aguav Berry|[eat]
|-heal|p1a: Claydol|56/100 tox|[from] item: Aguav Berry
|
|-damage|p1a: Claydol|50/100 tox|[from] psn
|upkeep
|turn|29
|
|t:|1654886043
|move|p2a: Salamence|Hurricane|p1a: Claydol
|-damage|p1a: Claydol|22/100 tox
|-activate|p1a: Claydol|confusion
|move|p1a: Claydol|Stealth Rock|p2a: Salamence
|-sidestart|p2: GryphonEX|move: Stealth Rock
|
|-damage|p1a: Claydol|10/100 tox|[from] psn
|upkeep
|turn|30
|
|t:|1654886051
|move|p2a: Salamence|Defog|p1a: Claydol
|-unboost|p1a: Claydol|evasion|1
|-sideend|p2: GryphonEX|Stealth Rock|[from] move: Defog|[of] p2a: Salamence
|-activate|p1a: Claydol|confusion
|-damage|p1a: Claydol|2/100 tox|[from] confusion
|
|-damage|p1a: Claydol|0 fnt|[from] psn
|faint|p1a: Claydol
|upkeep
|
|t:|1654886059
|switch|p1a: Primarina|Primarina, F|81/100
|turn|31
|
|t:|1654886063
|switch|p2a: Chansey|Chansey, F|92/100
|move|p1a: Primarina|Moonblast|p2a: Chansey
|-damage|p2a: Chansey|75/100
|
|upkeep
|turn|32
|
|t:|1654886067
|move|p1a: Primarina|Moonblast|p2a: Chansey
|-damage|p2a: Chansey|59/100
|move|p2a: Chansey|Seismic Toss|p1a: Primarina
|-damage|p1a: Primarina|48/100
|
|upkeep
|turn|33
|
|t:|1654886073
|switch|p1a: Amoonguss|Amoonguss, F|50/100
|move|p2a: Chansey|Toxic|p1a: Amoonguss
|-immune|p1a: Amoonguss
|
|upkeep
|turn|34
|
|t:|1654886078
|move|p2a: Chansey|Soft-Boiled|p2a: Chansey
|-heal|p2a: Chansey|100/100
|move|p1a: Amoonguss|Synthesis|p1a: Amoonguss
|-heal|p1a: Amoonguss|99/100
|
|upkeep
|turn|35
|
|t:|1654886083
|move|p1a: Amoonguss|Toxic|p2a: Chansey
|-status|p2a: Chansey|tox
|move|p2a: Chansey|Teleport|p2a: Chansey
|
|t:|1654886086
|-curestatus|p2a: Chansey|tox|[from] ability: Natural Cure
|switch|p2a: Hydreigon|Hydreigon, M|100/100|[from]move: Teleport
|
|upkeep
|turn|36
|
|t:|1654886094
|move|p2a: Hydreigon|Flamethrower|p1a: Amoonguss
|-supereffective|p1a: Amoonguss
|-damage|p1a: Amoonguss|51/100
|-damage|p2a: Hydreigon|91/100|[from] item: Life Orb
|move|p1a: Amoonguss|Toxic|p2a: Hydreigon
|-status|p2a: Hydreigon|tox
|
|-damage|p2a: Hydreigon|84/100 tox|[from] psn
|upkeep
|turn|37
|
|t:|1654886103
|switch|p2a: Zarude|Zarude|100/100
|switch|p1a: Primarina|Primarina, F|48/100
|
|upkeep
|turn|38
|
|t:|1654886112
|switch|p1a: Amoonguss|Amoonguss, F|85/100
|move|p2a: Zarude|Close Combat|p1a: Amoonguss
|-resisted|p1a: Amoonguss
|-damage|p1a: Amoonguss|54/100
|-unboost|p2a: Zarude|def|1
|-unboost|p2a: Zarude|spd|1
|-damage|p2a: Zarude|84/100|[from] item: Rocky Helmet|[of] p1a: Amoonguss
|
|upkeep
|turn|39
|
|t:|1654886120
|switch|p2a: Chansey|Chansey, F|100/100
|move|p1a: Amoonguss|Toxic|p2a: Chansey
|-status|p2a: Chansey|tox
|
|-damage|p2a: Chansey|94/100 tox|[from] psn
|upkeep
|turn|40
|
|t:|1654886126
|move|p2a: Chansey|Seismic Toss|p1a: Amoonguss
|-damage|p1a: Amoonguss|31/100
|-damage|p2a: Chansey|78/100 tox|[from] item: Rocky Helmet|[of] p1a: Amoonguss
|move|p1a: Amoonguss|Synthesis|p1a: Amoonguss
|-heal|p1a: Amoonguss|81/100
|
|-damage|p2a: Chansey|66/100 tox|[from] psn
|upkeep
|turn|41
|
|t:|1654886160
|move|p1a: Amoonguss|Giga Drain|p2a: Chansey
|-damage|p2a: Chansey|59/100 tox
|-heal|p1a: Amoonguss|86/100|[from] drain|[of] p2a: Chansey
|move|p2a: Chansey|Teleport|p2a: Chansey
|
|t:|1654886163
|-curestatus|p2a: Chansey|tox|[from] ability: Natural Cure
|switch|p2a: Hydreigon|Hydreigon, M|84/100 tox|[from]move: Teleport
|
|-damage|p2a: Hydreigon|78/100 tox|[from] psn
|upkeep
|turn|42
|
|t:|1654886172
|switch|p1a: Primarina|Primarina, F|48/100
|move|p2a: Hydreigon|Flamethrower|p1a: Primarina
|-resisted|p1a: Primarina
|-damage|p1a: Primarina|29/100
|-damage|p2a: Hydreigon|68/100 tox|[from] item: Life Orb
|
|-damage|p2a: Hydreigon|56/100 tox|[from] psn
|upkeep
|turn|43
|l|☆GryphonEX
|player|p2|
|inactive|Battle timer is ON: inactive players will automatically lose when time's up. (requested by MinimanC)
|j|☆GryphonEX
|inactive|GryphonEX reconnected and has 140 seconds left.
|player|p2|GryphonEX|gardenia
|
|t:|1654886232
|switch|p1a: Amoonguss|Amoonguss, F|100/100
|switch|p2a: Chansey|Chansey, F|59/100
|
|upkeep
|turn|44
|
|t:|1654886237
|move|p2a: Chansey|Soft-Boiled|p2a: Chansey
|-heal|p2a: Chansey|100/100
|move|p1a: Amoonguss|Toxic|p2a: Chansey
|-status|p2a: Chansey|tox
|
|-damage|p2a: Chansey|94/100 tox|[from] psn
|upkeep
|turn|45
|
|t:|1654886258
|move|p1a: Amoonguss|Giga Drain|p2a: Chansey
|-damage|p2a: Chansey|87/100 tox
|move|p2a: Chansey|Teleport|p2a: Chansey
|l|☆GryphonEX
|inactive|GryphonEX disconnected and has a minute to reconnect!
|player|p2|
|j|☆GryphonEX
|inactive|GryphonEX reconnected and has 135 seconds left.
|player|p2|GryphonEX|gardenia
|
|t:|1654886284
|-curestatus|p2a: Chansey|tox|[from] ability: Natural Cure
|switch|p2a: Hydreigon|Hydreigon, M|56/100 tox|[from]move: Teleport
|
|-damage|p2a: Hydreigon|50/100 tox|[from] psn
|upkeep
|turn|46
|
|t:|1654886292
|switch|p1a: Primarina|Primarina, F|29/100
|move|p2a: Hydreigon|Roost|p2a: Hydreigon
|-heal|p2a: Hydreigon|99/100 tox
|-singleturn|p2a: Hydreigon|move: Roost
|
|-damage|p2a: Hydreigon|88/100 tox|[from] psn
|upkeep
|turn|47
|
|t:|1654886298
|switch|p2a: Chansey|Chansey, F|87/100
|move|p1a: Primarina|Moonblast|p2a: Chansey
|-damage|p2a: Chansey|71/100
|
|upkeep
|turn|48
|
|t:|1654886303
|switch|p1a: Amoonguss|Amoonguss, F|100/100
|move|p2a: Chansey|Seismic Toss|p1a: Amoonguss
|-damage|p1a: Amoonguss|77/100
|-damage|p2a: Chansey|55/100|[from] item: Rocky Helmet|[of] p1a: Amoonguss
|
|upkeep
|turn|49
|
|t:|1654886309
|move|p2a: Chansey|Soft-Boiled|p2a: Chansey
|-heal|p2a: Chansey|100/100
|move|p1a: Amoonguss|Toxic|p2a: Chansey
|-status|p2a: Chansey|tox
|
|-damage|p2a: Chansey|94/100 tox|[from] psn
|upkeep
|turn|50
|
|t:|1654886327
|switch|p1a: Noivern|Noivern, F|91/100
|-item|p2a: Chansey|Eviolite|[from] ability: Frisk|[of] p1a: Noivern|[identify]
|move|p2a: Chansey|Teleport|p2a: Chansey
|
|t:|1654886336
|-curestatus|p2a: Chansey|tox|[from] ability: Natural Cure
|switch|p2a: Corsola|Corsola-Galar, F|6/100|[from]move: Teleport
|
|upkeep
|turn|51
|
|t:|1654886341
|switch|p2a: Chansey|Chansey, F|94/100
|move|p1a: Noivern|U-turn|p2a: Chansey
|-damage|p2a: Chansey|86/100
|-damage|p1a: Noivern|81/100|[from] item: Life Orb
|
|t:|1654886349
|switch|p1a: Darmanitan|Darmanitan, M|8/100|[from]move: U-turn
|
|upkeep
|turn|52
|
|t:|1654886358
|switch|p2a: Salamence|Salamence, F|63/100
|-ability|p2a: Salamence|Intimidate|boost
|-unboost|p1a: Darmanitan|atk|1
|move|p1a: Darmanitan|U-turn|p2a: Salamence
|-resisted|p2a: Salamence
|-damage|p2a: Salamence|54/100
|
|t:|1654886367
|switch|p1a: Primarina|Primarina, F|29/100|[from]move: U-turn
|
|upkeep
|turn|53
|
|t:|1654886371
|switch|p2a: Chansey|Chansey, F|86/100
|move|p1a: Primarina|Moonblast|p2a: Chansey
|-damage|p2a: Chansey|68/100
|
|upkeep
|turn|54
|
|t:|1654886376
|switch|p1a: Amoonguss|Amoonguss, F|100/100
|move|p2a: Chansey|Teleport|p2a: Chansey
|
|t:|1654886384
|switch|p2a: Hydreigon|Hydreigon, M|88/100 tox|[from]move: Teleport
|
|-damage|p2a: Hydreigon|82/100 tox|[from] psn
|upkeep
|turn|55
|
|t:|1654886393
|switch|p1a: Primarina|Primarina, F|29/100
|move|p2a: Hydreigon|Flamethrower|p1a: Primarina
|-resisted|p1a: Primarina
|-damage|p1a: Primarina|10/100
|-status|p1a: Primarina|brn
|-damage|p2a: Hydreigon|72/100 tox|[from] item: Life Orb
|
|-damage|p2a: Hydreigon|60/100 tox|[from] psn
|-damage|p1a: Primarina|4/100 brn|[from] brn
|upkeep
|turn|56
|
|t:|1654886403
|switch|p2a: Chansey|Chansey, F|68/100
|move|p1a: Primarina|Moonblast|p2a: Chansey
|-damage|p2a: Chansey|51/100
|
|-damage|p1a: Primarina|0 fnt|[from] brn
|faint|p1a: Primarina
|upkeep
|
|t:|1654886411
|switch|p1a: Darmanitan|Darmanitan, M|8/100
|turn|57
|
|t:|1654886418
|switch|p2a: Salamence|Salamence, F|54/100
|-ability|p2a: Salamence|Intimidate|boost
|-unboost|p1a: Darmanitan|atk|1
|move|p1a: Darmanitan|Rock Slide|p2a: Salamence
|-supereffective|p2a: Salamence
|-damage|p2a: Salamence|1/100
|
|upkeep
|turn|58
|
|t:|1654886429
|switch|p1a: Amoonguss|Amoonguss, F|100/100
|switch|p2a: Zarude|Zarude|84/100
|
|upkeep
|turn|59
|
|t:|1654886436
|move|p2a: Zarude|U-turn|p1a: Amoonguss
|-damage|p1a: Amoonguss|63/100
|-damage|p2a: Zarude|67/100|[from] item: Rocky Helmet|[of] p1a: Amoonguss
|
|t:|1654886438
|switch|p2a: Chansey|Chansey, F|51/100|[from]move: U-turn
|move|p1a: Amoonguss|Toxic|p2a: Chansey
|-status|p2a: Chansey|tox
|
|-damage|p2a: Chansey|45/100 tox|[from] psn
|upkeep
|turn|60
|
|t:|1654886444
|move|p2a: Chansey|Seismic Toss|p1a: Amoonguss
|-damage|p1a: Amoonguss|40/100
|-damage|p2a: Chansey|28/100 tox|[from] item: Rocky Helmet|[of] p1a: Amoonguss
|move|p1a: Amoonguss|Synthesis|p1a: Amoonguss
|-heal|p1a: Amoonguss|90/100
|
|-damage|p2a: Chansey|16/100 tox|[from] psn
|upkeep
|turn|61
|
|t:|1654886455
|switch|p1a: Noivern|Noivern, F|81/100
|-item|p2a: Chansey|Eviolite|[from] ability: Frisk|[of] p1a: Noivern|[identify]
|move|p2a: Chansey|Soft-Boiled|p2a: Chansey
|-heal|p2a: Chansey|66/100 tox
|
|-damage|p2a: Chansey|48/100 tox|[from] psn
|upkeep
|turn|62
|
|t:|1654886466
|-curestatus|p2a: Chansey|tox|[from] ability: Natural Cure
|switch|p2a: Corsola|Corsola-Galar, F|6/100
|move|p1a: Noivern|Draco Meteor|p2a: Corsola
|-damage|p2a: Corsola|0 fnt
|-unboost|p1a: Noivern|spa|2
|faint|p2a: Corsola
|-damage|p1a: Noivern|71/100|[from] item: Life Orb
|
|upkeep
|
|t:|1654886475
|switch|p2a: Zarude|Zarude|67/100
|turn|63
|
|t:|1654886488
|switch|p2a: Salamence|Salamence, F|1/100
|-ability|p2a: Salamence|Intimidate|boost
|-unboost|p1a: Noivern|atk|1
|move|p1a: Noivern|U-turn|p2a: Salamence
|-resisted|p2a: Salamence
|-damage|p2a: Salamence|0 fnt
|faint|p2a: Salamence
|-damage|p1a: Noivern|61/100|[from] item: Life Orb
|
|t:|1654886497
|switch|p1a: Amoonguss|Amoonguss, F|100/100|[from]move: U-turn
|
|upkeep
|
|t:|1654886502
|switch|p2a: Chansey|Chansey, F|48/100
|turn|64
|
|t:|1654886505
|move|p2a: Chansey|Soft-Boiled|p2a: Chansey
|-heal|p2a: Chansey|98/100
|move|p1a: Amoonguss|Toxic|p2a: Chansey
|-status|p2a: Chansey|tox
|
|-damage|p2a: Chansey|92/100 tox|[from] psn
|upkeep
|turn|65
|
|t:|1654886513
|move|p1a: Amoonguss|Giga Drain|p2a: Chansey
|-damage|p2a: Chansey|84/100 tox
|move|p2a: Chansey|Teleport|p2a: Chansey
|
|t:|1654886518
|-curestatus|p2a: Chansey|tox|[from] ability: Natural Cure
|switch|p2a: Hydreigon|Hydreigon, M|60/100 tox|[from]move: Teleport
|
|-damage|p2a: Hydreigon|53/100 tox|[from] psn
|upkeep
|turn|66
|
|t:|1654886529
|switch|p1a: Mandibuzz|Mandibuzz, F|10/100 tox
|move|p2a: Hydreigon|Roost|p2a: Hydreigon
|-heal|p2a: Hydreigon|100/100 tox
|-singleturn|p2a: Hydreigon|move: Roost
|
|-damage|p2a: Hydreigon|88/100 tox|[from] psn
|-damage|p1a: Mandibuzz|4/100 tox|[from] psn
|upkeep
|turn|67
|
|t:|1654886543
|move|p2a: Hydreigon|Dark Pulse|p1a: Mandibuzz
|-resisted|p1a: Mandibuzz
|-damage|p1a: Mandibuzz|0 fnt
|faint|p1a: Mandibuzz
|-damage|p2a: Hydreigon|78/100 tox|[from] item: Life Orb
|
|-damage|p2a: Hydreigon|60/100 tox|[from] psn
|upkeep
|
|t:|1654886550
|switch|p1a: Noivern|Noivern, F|61/100
|-item|p2a: Hydreigon|Life Orb|[from] ability: Frisk|[of] p1a: Noivern|[identify]
|turn|68
|
|t:|1654886553
|switch|p2a: Chansey|Chansey, F|84/100
|move|p1a: Noivern|U-turn|p2a: Chansey
|-damage|p2a: Chansey|74/100
|-damage|p1a: Noivern|51/100|[from] item: Life Orb
|
|t:|1654886559
|switch|p1a: Darmanitan|Darmanitan, M|8/100|[from]move: U-turn
|
|upkeep
|turn|69
|
|t:|1654886562
|move|p1a: Darmanitan|U-turn|p2a: Chansey
|-damage|p2a: Chansey|50/100
|
|t:|1654886565
|switch|p1a: Amoonguss|Amoonguss, F|100/100|[from]move: U-turn
|move|p2a: Chansey|Seismic Toss|p1a: Amoonguss
|-damage|p1a: Amoonguss|77/100
|-damage|p2a: Chansey|33/100|[from] item: Rocky Helmet|[of] p1a: Amoonguss
|
|upkeep
|turn|70
|
|t:|1654886572
|move|p2a: Chansey|Soft-Boiled|p2a: Chansey
|-heal|p2a: Chansey|83/100
|move|p1a: Amoonguss|Toxic|p2a: Chansey
|-status|p2a: Chansey|tox
|
|-damage|p2a: Chansey|77/100 tox|[from] psn
|upkeep
|turn|71
|
|t:|1654886580
|move|p1a: Amoonguss|Giga Drain|p2a: Chansey
|-damage|p2a: Chansey|70/100 tox
|-heal|p1a: Amoonguss|83/100|[from] drain|[of] p2a: Chansey
|move|p2a: Chansey|Teleport|p2a: Chansey
|
|t:|1654886583
|-curestatus|p2a: Chansey|tox|[from] ability: Natural Cure
|switch|p2a: Hydreigon|Hydreigon, M|60/100 tox|[from]move: Teleport
|
|-damage|p2a: Hydreigon|54/100 tox|[from] psn
|upkeep
|turn|72
|
|t:|1654886591
|switch|p1a: Noivern|Noivern, F|51/100
|-item|p2a: Hydreigon|Life Orb|[from] ability: Frisk|[of] p1a: Noivern|[identify]
|move|p2a: Hydreigon|Flamethrower|p1a: Noivern
|-resisted|p1a: Noivern
|-damage|p1a: Noivern|26/100
|-damage|p2a: Hydreigon|44/100 tox|[from] item: Life Orb
|
|-damage|p2a: Hydreigon|32/100 tox|[from] psn
|upkeep
|turn|73
|
|t:|1654886600
|switch|p2a: Chansey|Chansey, F|70/100
|move|p1a: Noivern|Roost|p1a: Noivern
|-heal|p1a: Noivern|76/100
|-singleturn|p1a: Noivern|move: Roost
|
|upkeep
|turn|74
|
|t:|1654886606
|move|p1a: Noivern|U-turn|p2a: Chansey
|-damage|p2a: Chansey|60/100
|-damage|p1a: Noivern|66/100|[from] item: Life Orb
|
|t:|1654886609
|switch|p1a: Amoonguss|Amoonguss, F|100/100|[from]move: U-turn
|move|p2a: Chansey|Toxic|p1a: Amoonguss
|-immune|p1a: Amoonguss
|
|upkeep
|turn|75
|
|t:|1654886614
|move|p2a: Chansey|Soft-Boiled|p2a: Chansey
|-heal|p2a: Chansey|100/100
|move|p1a: Amoonguss|Toxic|p2a: Chansey
|-status|p2a: Chansey|tox
|
|-damage|p2a: Chansey|94/100 tox|[from] psn
|upkeep
|turn|76
|
|t:|1654886620
|switch|p1a: Noivern|Noivern, F|66/100
|-item|p2a: Chansey|Eviolite|[from] ability: Frisk|[of] p1a: Noivern|[identify]
|move|p2a: Chansey|Teleport|p2a: Chansey
|
|t:|1654886626
|-curestatus|p2a: Chansey|tox|[from] ability: Natural Cure
|switch|p2a: Zarude|Zarude|67/100|[from]move: Teleport
|
|upkeep
|turn|77
|
|t:|1654886630
|switch|p2a: Chansey|Chansey, F|94/100
|move|p1a: Noivern|U-turn|p2a: Chansey
|-damage|p2a: Chansey|85/100
|-damage|p1a: Noivern|56/100|[from] item: Life Orb
|
|t:|1654886636
|switch|p1a: Darmanitan|Darmanitan, M|8/100|[from]move: U-turn
|
|upkeep
|turn|78
|
|t:|1654886643
|move|p1a: Darmanitan|U-turn|p2a: Chansey
|-damage|p2a: Chansey|60/100
|
|t:|1654886647
|switch|p1a: Amoonguss|Amoonguss, F|100/100|[from]move: U-turn
|move|p2a: Chansey|Soft-Boiled|p2a: Chansey
|-heal|p2a: Chansey|100/100
|
|upkeep
|turn|79
|
|t:|1654886652
|move|p1a: Amoonguss|Toxic|p2a: Chansey
|-status|p2a: Chansey|tox
|move|p2a: Chansey|Teleport|p2a: Chansey
|
|t:|1654886654
|-curestatus|p2a: Chansey|tox|[from] ability: Natural Cure
|switch|p2a: Hydreigon|Hydreigon, M|32/100 tox|[from]move: Teleport
|
|-damage|p2a: Hydreigon|25/100 tox|[from] psn
|upkeep
|turn|80
|
|t:|1654886675
|move|p2a: Hydreigon|Roost|p2a: Hydreigon
|-heal|p2a: Hydreigon|76/100 tox
|-singleturn|p2a: Hydreigon|move: Roost
|move|p1a: Amoonguss|Clear Smog|p2a: Hydreigon
|-damage|p2a: Hydreigon|59/100 tox
|-clearboost|p2a: Hydreigon
|
|-damage|p2a: Hydreigon|47/100 tox|[from] psn
|upkeep
|turn|81
|
|t:|1654886689
|switch|p2a: Chansey|Chansey, F|100/100
|move|p1a: Amoonguss|Giga Drain|p2a: Chansey
|-damage|p2a: Chansey|94/100
|
|upkeep
|turn|82
|
|t:|1654886694
|move|p1a: Amoonguss|Toxic|p2a: Chansey
|-status|p2a: Chansey|tox
|move|p2a: Chansey|Teleport|p2a: Chansey
|
|t:|1654886696
|-curestatus|p2a: Chansey|tox|[from] ability: Natural Cure
|switch|p2a: Hydreigon|Hydreigon, M|47/100 tox|[from]move: Teleport
|
|-damage|p2a: Hydreigon|40/100 tox|[from] psn
|upkeep
|turn|83
|
|t:|1654886701
|move|p2a: Hydreigon|Roost|p2a: Hydreigon
|-heal|p2a: Hydreigon|91/100 tox
|-singleturn|p2a: Hydreigon|move: Roost
|move|p1a: Amoonguss|Giga Drain|p2a: Hydreigon
|-resisted|p2a: Hydreigon
|-damage|p2a: Hydreigon|77/100 tox
|
|-damage|p2a: Hydreigon|65/100 tox|[from] psn
|upkeep
|turn|84
|
|t:|1654886708
|switch|p2a: Chansey|Chansey, F|94/100
|move|p1a: Amoonguss|Clear Smog|p2a: Chansey
|-damage|p2a: Chansey|89/100
|-clearboost|p2a: Chansey
|
|upkeep
|turn|85
|
|t:|1654886715
|switch|p1a: Noivern|Noivern, F|56/100
|-item|p2a: Chansey|Eviolite|[from] ability: Frisk|[of] p1a: Noivern|[identify]
|move|p2a: Chansey|Seismic Toss|p1a: Noivern
|-damage|p1a: Noivern|24/100
|
|upkeep
|turn|86
|
|t:|1654886722
|move|p1a: Noivern|Roost|p1a: Noivern
|-heal|p1a: Noivern|74/100
|-singleturn|p1a: Noivern|move: Roost
|move|p2a: Chansey|Toxic|p1a: Noivern
|-status|p1a: Noivern|tox
|
|-damage|p1a: Noivern|68/100 tox|[from] psn
|upkeep
|turn|87
|
|t:|1654886730
|move|p1a: Noivern|U-turn|p2a: Chansey
|-damage|p2a: Chansey|80/100
|-damage|p1a: Noivern|58/100 tox|[from] item: Life Orb
|
|t:|1654886734
|switch|p1a: Amoonguss|Amoonguss, F|100/100|[from]move: U-turn
|move|p2a: Chansey|Teleport|p2a: Chansey
|
|t:|1654886739
|switch|p2a: Hydreigon|Hydreigon, M|65/100 tox|[from]move: Teleport
|
|-damage|p2a: Hydreigon|59/100 tox|[from] psn
|upkeep
|turn|88
|
|t:|1654886743
|switch|p2a: Chansey|Chansey, F|80/100
|move|p1a: Amoonguss|Clear Smog|p2a: Chansey
|-damage|p2a: Chansey|75/100
|-clearboost|p2a: Chansey
|
|upkeep
|turn|89
|
|t:|1654886749
|move|p2a: Chansey|Seismic Toss|p1a: Amoonguss
|-damage|p1a: Amoonguss|77/100
|-damage|p2a: Chansey|58/100|[from] item: Rocky Helmet|[of] p1a: Amoonguss
|move|p1a: Amoonguss|Clear Smog|p2a: Chansey
|-damage|p2a: Chansey|53/100
|-clearboost|p2a: Chansey
|
|upkeep
|turn|90
|
|t:|1654886757
|move|p2a: Chansey|Soft-Boiled|p2a: Chansey
|-heal|p2a: Chansey|100/100
|move|p1a: Amoonguss|Giga Drain|p2a: Chansey
|-damage|p2a: Chansey|94/100
|-heal|p1a: Amoonguss|83/100|[from] drain|[of] p2a: Chansey
|
|upkeep
|turn|91
|
|t:|1654886763
|move|p2a: Chansey|Seismic Toss|p1a: Amoonguss
|-damage|p1a: Amoonguss|60/100
|-damage|p2a: Chansey|77/100|[from] item: Rocky Helmet|[of] p1a: Amoonguss
|move|p1a: Amoonguss|Giga Drain|p2a: Chansey
|-damage|p2a: Chansey|70/100
|-heal|p1a: Amoonguss|65/100|[from] drain|[of] p2a: Chansey
|
|upkeep
|turn|92
|
|t:|1654886773
|move|p1a: Amoonguss|Giga Drain|p2a: Chansey
|-damage|p2a: Chansey|64/100
|-heal|p1a: Amoonguss|71/100|[from] drain|[of] p2a: Chansey
|move|p2a: Chansey|Teleport|p2a: Chansey
|
|t:|1654886775
|switch|p2a: Hydreigon|Hydreigon, M|59/100 tox|[from]move: Teleport
|
|-damage|p2a: Hydreigon|53/100 tox|[from] psn
|upkeep
|turn|93
|
|t:|1654886780
|move|p2a: Hydreigon|Roost|p2a: Hydreigon
|-heal|p2a: Hydreigon|100/100 tox
|-singleturn|p2a: Hydreigon|move: Roost
|move|p1a: Amoonguss|Synthesis|p1a: Amoonguss
|-heal|p1a: Amoonguss|100/100
|
|-damage|p2a: Hydreigon|88/100 tox|[from] psn
|upkeep
|turn|94
|
|t:|1654886789
|move|p2a: Hydreigon|Flamethrower|p1a: Amoonguss
|-supereffective|p1a: Amoonguss
|-damage|p1a: Amoonguss|49/100
|-damage|p2a: Hydreigon|78/100 tox|[from] item: Life Orb
|move|p1a: Amoonguss|Clear Smog|p2a: Hydreigon
|-damage|p2a: Hydreigon|62/100 tox
|-clearboost|p2a: Hydreigon
|
|-damage|p2a: Hydreigon|43/100 tox|[from] psn
|upkeep
|turn|95
|
|t:|1654886799
|switch|p2a: Chansey|Chansey, F|64/100
|switch|p1a: Noivern|Noivern, F|58/100 tox
|-item|p2a: Chansey|Eviolite|[from] ability: Frisk|[of] p1a: Noivern|[identify]
|
|-damage|p1a: Noivern|52/100 tox|[from] psn
|upkeep
|turn|96
|
|t:|1654886806
|move|p1a: Noivern|U-turn|p2a: Chansey
|-damage|p2a: Chansey|55/100
|-damage|p1a: Noivern|42/100 tox|[from] item: Life Orb
|
|t:|1654886810
|switch|p1a: Darmanitan|Darmanitan, M|8/100|[from]move: U-turn
|move|p2a: Chansey|Soft-Boiled|p2a: Chansey
|-heal|p2a: Chansey|100/100
|
|upkeep
|turn|97
|
|t:|1654886815
|move|p1a: Darmanitan|U-turn|p2a: Chansey
|-damage|p2a: Chansey|77/100
|
|t:|1654886818
|switch|p1a: Amoonguss|Amoonguss, F|82/100|[from]move: U-turn
|move|p2a: Chansey|Seismic Toss|p1a: Amoonguss
|-damage|p1a: Amoonguss|59/100
|-damage|p2a: Chansey|61/100|[from] item: Rocky Helmet|[of] p1a: Amoonguss
|
|upkeep
|turn|98
|
|t:|1654886825
|move|p1a: Amoonguss|Synthesis|p1a: Amoonguss
|-heal|p1a: Amoonguss|100/100
|move|p2a: Chansey|Teleport|p2a: Chansey
|
|t:|1654886827
|switch|p2a: Hydreigon|Hydreigon, M|43/100 tox|[from]move: Teleport
|
|-damage|p2a: Hydreigon|37/100 tox|[from] psn
|upkeep
|turn|99
|
|t:|1654886832
|move|p2a: Hydreigon|Roost|p2a: Hydreigon
|-heal|p2a: Hydreigon|87/100 tox
|-singleturn|p2a: Hydreigon|move: Roost
|move|p1a: Amoonguss|Clear Smog|p2a: Hydreigon
|-damage|p2a: Hydreigon|69/100 tox
|-clearboost|p2a: Hydreigon
|
|-damage|p2a: Hydreigon|57/100 tox|[from] psn
|upkeep
|turn|100
|
|t:|1654886842
|switch|p2a: Chansey|Chansey, F|61/100
|move|p1a: Amoonguss|Clear Smog|p2a: Chansey
|-damage|p2a: Chansey|56/100
|-clearboost|p2a: Chansey
|
|upkeep
|turn|101
|
|t:|1654886849
|move|p1a: Amoonguss|Giga Drain|p2a: Chansey
|-damage|p2a: Chansey|48/100
|move|p2a: Chansey|Teleport|p2a: Chansey
|
|t:|1654886853
|switch|p2a: Zarude|Zarude|67/100|[from]move: Teleport
|
|upkeep
|turn|102
|
|t:|1654886863
|switch|p2a: Chansey|Chansey, F|48/100
|move|p1a: Amoonguss|Toxic|p2a: Chansey
|-status|p2a: Chansey|tox
|
|-damage|p2a: Chansey|42/100 tox|[from] psn
|upkeep
|turn|103
|
|t:|1654886871
|move|p2a: Chansey|Soft-Boiled|p2a: Chansey
|-heal|p2a: Chansey|92/100 tox
|move|p1a: Amoonguss|Giga Drain|p2a: Chansey
|-damage|p2a: Chansey|85/100 tox
|
|-damage|p2a: Chansey|73/100 tox|[from] psn
|upkeep
|turn|104
|
|t:|1654886878
|move|p1a: Amoonguss|Giga Drain|p2a: Chansey
|-damage|p2a: Chansey|66/100 tox
|move|p2a: Chansey|Teleport|p2a: Chansey
|
|t:|1654886880
|-curestatus|p2a: Chansey|tox|[from] ability: Natural Cure
|switch|p2a: Zarude|Zarude|67/100|[from]move: Teleport
|
|upkeep
|turn|105
|
|t:|1654886887
|move|p2a: Zarude|Darkest Lariat|p1a: Amoonguss
|-damage|p1a: Amoonguss|30/100
|-damage|p2a: Zarude|51/100|[from] item: Rocky Helmet|[of] p1a: Amoonguss
|move|p1a: Amoonguss|Clear Smog|p2a: Zarude
|-supereffective|p2a: Zarude
|-damage|p2a: Zarude|20/100
|-clearboost|p2a: Zarude
|
|upkeep
|turn|106
|
|t:|1654886897
|switch|p1a: Noivern|Noivern, F|42/100 tox
|-item|p2a: Zarude|Choice Band|[from] ability: Frisk|[of] p1a: Noivern|[identify]
|move|p2a: Zarude|Darkest Lariat|p1a: Noivern
|-damage|p1a: Noivern|0 fnt
|faint|p1a: Noivern
|
|upkeep
|
|t:|1654886905
|switch|p1a: Darmanitan|Darmanitan, M|8/100
|turn|107
|
|t:|1654886913
|switch|p2a: Hydreigon|Hydreigon, M|57/100 tox
|move|p1a: Darmanitan|U-turn|p2a: Hydreigon
|-supereffective|p2a: Hydreigon
|-damage|p2a: Hydreigon|0 fnt
|faint|p2a: Hydreigon
|
|t:|1654886918
|switch|p1a: Amoonguss|Amoonguss, F|63/100|[from]move: U-turn
|
|upkeep
|
|t:|1654886921
|switch|p2a: Zarude|Zarude|20/100
|turn|108
|
|t:|1654886926
|move|p2a: Zarude|Darkest Lariat|p1a: Amoonguss
|-damage|p1a: Amoonguss|1/100
|-damage|p2a: Zarude|4/100|[from] item: Rocky Helmet|[of] p1a: Amoonguss
|move|p1a: Amoonguss|Synthesis|p1a: Amoonguss
|-heal|p1a: Amoonguss|51/100
|
|upkeep
|turn|109
|
|t:|1654886932
|move|p2a: Zarude|Darkest Lariat|p1a: Amoonguss
|-damage|p1a: Amoonguss|0 fnt
|-damage|p2a: Zarude|0 fnt|[from] item: Rocky Helmet|[of] p1a: Amoonguss
|faint|p1a: Amoonguss
|faint|p2a: Zarude
|
|upkeep
|
|t:|1654886937
|switch|p2a: Chansey|Chansey, F|66/100
|switch|p1a: Darmanitan|Darmanitan, M|8/100
|turn|110
|
|t:|1654886941
|move|p1a: Darmanitan|Flare Blitz|p2a: Chansey
|-damage|p2a: Chansey|0 fnt
|faint|p2a: Chansey
|-damage|p1a: Darmanitan|0 fnt|[from] Recoil
|faint|p1a: Darmanitan
|
|win|MinimanC
|raw|MinimanC's rating: 1282 &rarr; <strong>1315</strong><br />(+33 for winning)
|raw|GryphonEX's rating: 1401 &rarr; <strong>1374</strong><br />(-27 for losing)
|c|☆MinimanC|get fucked
||Ladder isn't responding, score probably updated but might not have (Request timeout).
