|html|<div class="broadcast-blue"><strong>[Gen 8] UU is currently suspecting Latias! For information on how to participate check out the <a href="https://www.smogon.com/forums/threads/np-ss-uu-stage-10-airplanes-latias-retest.3691692/page-3#post-9007205">suspect thread</a>.</strong></div>
|j|☆nina rosario
|j|‽IDRINKWHENIWANT
|t:|1634697343
|gametype|singles
|player|p1|nina rosario|n|1685
|player|p2|IDRINKWHENIWANT|ninjaboy|1681
|teamsize|p1|6
|teamsize|p2|6
|gen|8
|tier|[Gen 8] UU
|rated|
|rule|Sleep Clause Mod: Limit one foe put to sleep
|rule|Species Clause: Limit one of each Pokémon
|rule|OHKO Clause: OHKO moves are banned
|rule|Evasion Moves Clause: Evasion moves are banned
|rule|Endless Battle Clause: Forcing endless battles is banned
|rule|HP Percentage Mod: HP is shown in percentages
|rule|Dynamax Clause: You cannot dynamax
|clearpoke
|poke|p1|Gigalith, M|
|poke|p1|Excadrill, F|
|poke|p1|Conkeldurr, M|
|poke|p1|Amoonguss, M|
|poke|p1|Azelf|
|poke|p1|Latias, F|
|poke|p2|Zygarde-10%|
|poke|p2|Skarmory, F|
|poke|p2|Hatterene, F|
|poke|p2|Zarude-Dada|
|poke|p2|Conkeldurr, M|
|poke|p2|Chansey, F|
|teampreview
|inactive|Battle timer is ON: inactive players will automatically lose when time's up. (requested by nina rosario)
|inactive|IDRINKWHENIWANT has 120 seconds left.
|
|t:|1634697386
|start
|switch|p1a: Azelf|Azelf|100/100
|switch|p2a: Zarude|Zarude-Dada|100/100
|turn|1
|
|t:|1634697396
|switch|p2a: Skarmory|Skarmory, F|100/100
|move|p1a: Azelf|U-turn|p2a: Skarmory
|-resisted|p2a: Skarmory
|-crit|p2a: Skarmory
|-damage|p2a: Skarmory|97/100
|-damage|p1a: Azelf|84/100|[from] item: Rocky Helmet|[of] p2a: Skarmory
|
|t:|1634697404
|switch|p1a: Latias|Latias, F|100/100|[from]move: U-turn
|
|upkeep
|turn|2
|
|t:|1634697413
|switch|p1a: Conkeldurr|Conkeldurr, M|100/100
|switch|p2a: Conkeldurr|Conkeldurr, M|100/100
|
|-status|p1a: Conkeldurr|brn|[from] item: Flame Orb
|-status|p2a: Conkeldurr|brn|[from] item: Flame Orb
|upkeep
|turn|3
|inactive|IDRINKWHENIWANT has 120 seconds left.
|inactive|IDRINKWHENIWANT has 90 seconds left.
|inactive|IDRINKWHENIWANT has 60 seconds left.
|
|t:|1634697507
|switch|p1a: Amoonguss|Amoonguss, M|100/100
|move|p2a: Conkeldurr|Drain Punch|p1a: Amoonguss
|-resisted|p1a: Amoonguss
|-damage|p1a: Amoonguss|79/100
|-enditem|p1a: Amoonguss|Eject Button
|
|t:|1634697514
|switch|p1a: Latias|Latias, F|100/100
|
|-damage|p2a: Conkeldurr|94/100 brn|[from] brn
|upkeep
|turn|4
|inactive|IDRINKWHENIWANT has 60 seconds left.
|
|t:|1634697553
|switch|p1a: Conkeldurr|Conkeldurr, M|100/100 brn
|switch|p2a: Hatterene|Hatterene, F|100/100
|
|-damage|p1a: Conkeldurr|95/100 brn|[from] brn
|upkeep
|turn|5
|j| Jacovish
|inactive|IDRINKWHENIWANT has 30 seconds left.
|l| Jacovish
|inactive|IDRINKWHENIWANT has 20 seconds left.
|
|t:|1634697584
|switch|p1a: Gigalith|Gigalith, M|100/100
|-weather|Sandstorm|[from] ability: Sand Stream|[of] p1a: Gigalith
|move|p2a: Hatterene|Draining Kiss|p1a: Gigalith
|-crit|p1a: Gigalith
|-damage|p1a: Gigalith|82/100
|
|-weather|Sandstorm|[upkeep]
|-damage|p2a: Hatterene|95/100|[from] Sandstorm
|-heal|p2a: Hatterene|100/100|[from] item: Leftovers
|upkeep
|turn|6
|inactive|IDRINKWHENIWANT has 30 seconds left this turn.
|
|t:|1634697589
|move|p2a: Hatterene|Calm Mind|p2a: Hatterene
|-boost|p2a: Hatterene|spa|1
|-boost|p2a: Hatterene|spd|1
|move|p1a: Gigalith|Rock Blast|p2a: Hatterene
|-damage|p2a: Hatterene|91/100
|-damage|p2a: Hatterene|83/100
|-damage|p2a: Hatterene|73/100
|-damage|p2a: Hatterene|62/100
|-damage|p2a: Hatterene|53/100
|-hitcount|p2a: Hatterene|5
|
|-weather|Sandstorm|[upkeep]
|-damage|p2a: Hatterene|47/100|[from] Sandstorm
|-heal|p2a: Hatterene|53/100|[from] item: Leftovers
|upkeep
|turn|7
|
|t:|1634697598
|move|p2a: Hatterene|Psyshock|p1a: Gigalith
|-damage|p1a: Gigalith|41/100
|move|p1a: Gigalith|Rock Blast|p2a: Hatterene
|-damage|p2a: Hatterene|45/100
|-damage|p2a: Hatterene|36/100
|-damage|p2a: Hatterene|27/100
|-damage|p2a: Hatterene|17/100
|-damage|p2a: Hatterene|8/100
|-hitcount|p2a: Hatterene|5
|
|-weather|Sandstorm|[upkeep]
|-damage|p2a: Hatterene|2/100|[from] Sandstorm
|-heal|p2a: Hatterene|8/100|[from] item: Leftovers
|upkeep
|turn|8
|
|t:|1634697614
|switch|p1a: Azelf|Azelf|84/100
|move|p2a: Hatterene|Mystical Fire|p1a: Azelf
|-damage|p1a: Azelf|28/100
|-unboost|p1a: Azelf|spa|1
|
|-weather|Sandstorm|[upkeep]
|-damage|p1a: Azelf|22/100|[from] Sandstorm
|-damage|p2a: Hatterene|2/100|[from] Sandstorm
|-heal|p2a: Hatterene|8/100|[from] item: Leftovers
|upkeep
|turn|9
|j| Jacovish
|
|t:|1634697632
|switch|p2a: Chansey|Chansey, F|100/100
|move|p1a: Azelf|U-turn|p2a: Chansey
|-damage|p2a: Chansey|87/100
|j| PhoHoa
|
|t:|1634697635
|switch|p1a: Conkeldurr|Conkeldurr, M|95/100 brn|[from]move: U-turn
|
|-weather|Sandstorm|[upkeep]
|-damage|p1a: Conkeldurr|89/100 brn|[from] Sandstorm
|-damage|p2a: Chansey|81/100|[from] Sandstorm
|-damage|p1a: Conkeldurr|83/100 brn|[from] brn
|upkeep
|turn|10
|
|t:|1634697642
|switch|p2a: Hatterene|Hatterene, F|8/100
|move|p1a: Conkeldurr|Close Combat|p2a: Hatterene
|-resisted|p2a: Hatterene
|-damage|p2a: Hatterene|0 fnt
|-unboost|p1a: Conkeldurr|def|1
|-unboost|p1a: Conkeldurr|spd|1
|faint|p2a: Hatterene
|
|-weather|Sandstorm|[upkeep]
|-damage|p1a: Conkeldurr|77/100 brn|[from] Sandstorm
|-damage|p1a: Conkeldurr|71/100 brn|[from] brn
|upkeep
|
|t:|1634697654
|switch|p2a: Zygarde|Zygarde-10%|100/100
|-ability|p2a: Zygarde|Aura Break
|turn|11
|
|t:|1634697659
|switch|p1a: Amoonguss|Amoonguss, M|100/100
|move|p2a: Zygarde|Thousand Arrows|p1a: Amoonguss
|-damage|p1a: Amoonguss|59/100
|
|-weather|Sandstorm|[upkeep]
|-damage|p1a: Amoonguss|53/100|[from] Sandstorm
|upkeep
|turn|12
|inactive|IDRINKWHENIWANT has 60 seconds left.
|
|t:|1634697675
|switch|p2a: Zarude|Zarude-Dada|100/100
|move|p1a: Amoonguss|Spore|p2a: Zarude
|-immune|p2a: Zarude
|
|-weather|none
|upkeep
|turn|13
|
|t:|1634697685
|move|p2a: Zarude|U-turn|p1a: Amoonguss
|-damage|p1a: Amoonguss|35/100
|
|t:|1634697688
|switch|p2a: Zygarde|Zygarde-10%|100/100|[from]move: U-turn
|-ability|p2a: Zygarde|Aura Break
|move|p1a: Amoonguss|Sludge Bomb|p2a: Zygarde
|-resisted|p2a: Zygarde
|-damage|p2a: Zygarde|79/100
|-status|p2a: Zygarde|psn
|
|-damage|p2a: Zygarde|67/100 psn|[from] psn
|upkeep
|turn|14
|
|t:|1634697697
|move|p2a: Zygarde|Thousand Arrows|p1a: Amoonguss
|-crit|p1a: Amoonguss
|-damage|p1a: Amoonguss|0 fnt
|faint|p1a: Amoonguss
|
|-damage|p2a: Zygarde|54/100 psn|[from] psn
|upkeep
|
|t:|1634697699
|switch|p1a: Azelf|Azelf|22/100
|turn|15
|inactive|IDRINKWHENIWANT has 60 seconds left.
|
|t:|1634697730
|switch|p2a: Skarmory|Skarmory, F|97/100
|move|p1a: Azelf|U-turn|p2a: Skarmory
|-resisted|p2a: Skarmory
|-damage|p2a: Skarmory|94/100
|-damage|p1a: Azelf|5/100|[from] item: Rocky Helmet|[of] p2a: Skarmory
|
|t:|1634697733
|switch|p1a: Conkeldurr|Conkeldurr, M|71/100 brn|[from]move: U-turn
|
|-damage|p1a: Conkeldurr|65/100 brn|[from] brn
|upkeep
|turn|16
|inactive|IDRINKWHENIWANT has 60 seconds left.
|
|t:|1634697749
|move|p1a: Conkeldurr|Close Combat|p2a: Skarmory
|-crit|p2a: Skarmory
|-damage|p2a: Skarmory|4/100
|-unboost|p1a: Conkeldurr|def|1
|-unboost|p1a: Conkeldurr|spd|1
|-damage|p1a: Conkeldurr|48/100 brn|[from] item: Rocky Helmet|[of] p2a: Skarmory
|move|p2a: Skarmory|Body Press|p1a: Conkeldurr
|-damage|p1a: Conkeldurr|0 fnt
|faint|p1a: Conkeldurr
|
|upkeep
|
|t:|1634697768
|switch|p1a: Azelf|Azelf|5/100
|turn|17
|
|t:|1634697778
|switch|p2a: Chansey|Chansey, F|81/100
|move|p1a: Azelf|Psychic|p2a: Chansey
|-damage|p2a: Chansey|66/100
|
|upkeep
|turn|18
|
|t:|1634697784
|switch|p1a: Gigalith|Gigalith, M|41/100
|-weather|Sandstorm|[from] ability: Sand Stream|[of] p1a: Gigalith
|switch|p2a: Skarmory|Skarmory, F|4/100
|
|-weather|Sandstorm|[upkeep]
|upkeep
|turn|19
|
|t:|1634697793
|move|p2a: Skarmory|Roost|p2a: Skarmory
|-heal|p2a: Skarmory|54/100
|-singleturn|p2a: Skarmory|move: Roost
|move|p1a: Gigalith|Stealth Rock|p2a: Skarmory
|-sidestart|p2: IDRINKWHENIWANT|move: Stealth Rock
|
|-weather|Sandstorm|[upkeep]
|upkeep
|turn|20
|
|t:|1634697795
|switch|p1a: Latias|Latias, F|100/100
|move|p2a: Skarmory|Spikes|p1a: Latias
|-sidestart|p1: nina rosario|Spikes
|
|-weather|Sandstorm|[upkeep]
|-damage|p1a: Latias|94/100|[from] Sandstorm
|upkeep
|turn|21
|inactive|IDRINKWHENIWANT has 90 seconds left.
|
|t:|1634697811
|switch|p2a: Zarude|Zarude-Dada|100/100
|move|p1a: Latias|Psyshock|p2a: Zarude
|-immune|p2a: Zarude
|
|-weather|Sandstorm|[upkeep]
|-damage|p2a: Zarude|94/100|[from] Sandstorm
|-damage|p1a: Latias|88/100|[from] Sandstorm
|upkeep
|turn|22
|
|t:|1634697818
|switch|p1a: Azelf|Azelf|5/100
|move|p2a: Zarude|Darkest Lariat|p1a: Azelf
|-supereffective|p1a: Azelf
|-damage|p1a: Azelf|0 fnt
|faint|p1a: Azelf
|
|-weather|Sandstorm|[upkeep]
|-damage|p2a: Zarude|88/100|[from] Sandstorm
|upkeep
|
|t:|1634697823
|switch|p1a: Excadrill|Excadrill, F|100/100
|-damage|p1a: Excadrill|88/100|[from] Spikes
|turn|23
|
|t:|1634697826
|switch|p2a: Skarmory|Skarmory, F|54/100
|-damage|p2a: Skarmory|42/100|[from] Stealth Rock
|move|p1a: Excadrill|Swords Dance|p1a: Excadrill
|-boost|p1a: Excadrill|atk|2
|
|-weather|Sandstorm|[upkeep]
|upkeep
|turn|24
|
|t:|1634697828
|move|p1a: Excadrill|Rock Slide|p2a: Skarmory|[miss]
|-miss|p1a: Excadrill|p2a: Skarmory
|move|p2a: Skarmory|Body Press|p1a: Excadrill
|-supereffective|p1a: Excadrill
|-damage|p1a: Excadrill|4/100
|
|-weather|Sandstorm|[upkeep]
|upkeep
|turn|25
|
|t:|1634697830
|move|p1a: Excadrill|Rock Slide|p2a: Skarmory
|-damage|p2a: Skarmory|0 fnt
|faint|p2a: Skarmory
|-damage|p1a: Excadrill|0 fnt|[from] item: Life Orb
|faint|p1a: Excadrill
|
|-weather|none
|upkeep
|
|t:|1634697836
|switch|p1a: Latias|Latias, F|88/100
|switch|p2a: Zygarde|Zygarde-10%|54/100 psn
|-damage|p2a: Zygarde|48/100 psn|[from] Stealth Rock
|-ability|p2a: Zygarde|Aura Break
|turn|26
|
|t:|1634697838
|move|p2a: Zygarde|Outrage|p1a: Latias
|-supereffective|p1a: Latias
|-damage|p1a: Latias|0 fnt
|faint|p1a: Latias
|
|-damage|p2a: Zygarde|36/100 psn|[from] psn
|upkeep
|
|t:|1634697840
|switch|p1a: Gigalith|Gigalith, M|41/100
|-damage|p1a: Gigalith|29/100|[from] Spikes
|-weather|Sandstorm|[from] ability: Sand Stream|[of] p1a: Gigalith
|turn|27
|
|t:|1634697841
|move|p2a: Zygarde|Outrage|p1a: Gigalith|[from]lockedmove
|-damage|p1a: Gigalith|0 fnt
|faint|p1a: Gigalith
|-start|p2a: Zygarde|confusion|[fatigue]
|
|win|IDRINKWHENIWANT
|raw|nina rosario's rating: 1685 &rarr; <strong>1665</strong><br />(-20 for losing)
|raw|IDRINKWHENIWANT's rating: 1681 &rarr; <strong>1701</strong><br />(+20 for winning)
|l| PhoHoa
|l|☆nina rosario
|l| Jacovish
|j| 467 11 11p
|l| 467 11 11p
|j| Jacovish
|l| Jacovish
|l|‽IDRINKWHENIWANT
|j|‽IDRINKWHENIWANT
|player|p2|IDRINKWHENIWANT|ninjaboy
