|j|☆kwasar
|j|☆Roserade UU
|player|p1|kwasar|219|1319
|player|p2|Roserade UU|152|1255
|teamsize|p1|6
|teamsize|p2|6
|gametype|singles
|gen|8
|tier|[Gen 8] UU
|rated|
|rule|Sleep Clause Mod: Limit one foe put to sleep
|rule|Species Clause: Limit one of each Pokémon
|rule|OHKO Clause: OHKO moves are banned
|rule|Evasion Moves Clause: Evasion moves are banned
|rule|Endless Battle Clause: Forcing endless battles is banned
|rule|HP Percentage Mod: HP is shown in percentages
|clearpoke
|poke|p1|Haxorus, F|
|poke|p1|Gigalith, F|
|poke|p1|Araquanid, M|
|poke|p1|Mamoswine, F|
|poke|p1|Duraludon, M|
|poke|p1|Gengar, F|
|poke|p2|Pyukumuku, F|
|poke|p2|Hippowdon, M|
|poke|p2|Doublade, M|
|poke|p2|Umbreon, M|
|poke|p2|Sigilyph, F|
|poke|p2|Roserade, M|
|teampreview
|inactive|Battle timer is ON: inactive players will automatically lose when time's up. (requested by Roserade UU)
|
|start
|switch|p1a: Araquanid|Araquanid, M, shiny|100/100
|switch|p2a: Hippowdon|Hippowdon, M|100/100
|-weather|Sandstorm|[from] ability: Sand Stream|[of] p2a: Hippowdon
|turn|1
|
|move|p2a: Hippowdon|Stealth Rock|p1a: Araquanid
|-sidestart|p1: kwasar|move: Stealth Rock
|move|p1a: Araquanid|Liquidation|p2a: Hippowdon
|-supereffective|p2a: Hippowdon
|-damage|p2a: Hippowdon|9/100
|
|-weather|Sandstorm|[upkeep]
|-damage|p1a: Araquanid|94/100|[from] Sandstorm
|-heal|p2a: Hippowdon|15/100|[from] item: Leftovers
|upkeep
|turn|2
|
|switch|p2a: Pyukumuku|Pyukumuku, F|100/100
|move|p1a: Araquanid|Sticky Web|p2a: Pyukumuku
|-sidestart|p2: Roserade UU|move: Sticky Web
|
|-weather|Sandstorm|[upkeep]
|-damage|p1a: Araquanid|88/100|[from] Sandstorm
|-damage|p2a: Pyukumuku|94/100|[from] Sandstorm
|-heal|p2a: Pyukumuku|100/100|[from] item: Leftovers
|upkeep
|turn|3
|
|switch|p1a: Duraludon|Duraludon, M, shiny|100/100
|-damage|p1a: Duraludon|94/100|[from] Stealth Rock
|move|p2a: Pyukumuku|Toxic|p1a: Duraludon
|-immune|p1a: Duraludon
|
|-weather|Sandstorm|[upkeep]
|-damage|p2a: Pyukumuku|94/100|[from] Sandstorm
|-heal|p2a: Pyukumuku|100/100|[from] item: Leftovers
|upkeep
|turn|4
|
|-start|p1a: Duraludon|Dynamax
|-heal|p1a: Duraludon|94/100|[silent]
|move|p1a: Duraludon|Max Wyrmwind|p2a: Pyukumuku
|-damage|p2a: Pyukumuku|55/100
|-unboost|p2a: Pyukumuku|atk|1
|move|p2a: Pyukumuku|Soak|p1a: Duraludon
|-start|p1a: Duraludon|typechange|Water
|
|-weather|Sandstorm|[upkeep]
|-damage|p1a: Duraludon|91/100|[from] Sandstorm
|-damage|p2a: Pyukumuku|49/100|[from] Sandstorm
|-heal|p2a: Pyukumuku|55/100|[from] item: Leftovers
|upkeep
|turn|5
|
|move|p1a: Duraludon|Max Lightning|p2a: Pyukumuku
|-supereffective|p2a: Pyukumuku
|-damage|p2a: Pyukumuku|0 fnt
|-fieldstart|move: Electric Terrain
|faint|p2a: Pyukumuku
|
|-weather|none
|upkeep
|
|switch|p2a: Umbreon|Umbreon, M|100/100
|-activate|p2a: Umbreon|move: Sticky Web
|-unboost|p2a: Umbreon|spe|1
|turn|6
|
|move|p1a: Duraludon|Max Steelspike|p2a: Umbreon
|-damage|p2a: Umbreon|76/100
|-boost|p1a: Duraludon|def|1
|move|p2a: Umbreon|Foul Play|p1a: Duraludon
|-damage|p1a: Duraludon|82/100
|
|-heal|p2a: Umbreon|82/100|[from] item: Leftovers
|-end|p1a: Duraludon|Dynamax
|-heal|p1a: Duraludon|82/100|[silent]
|upkeep
|turn|7
|
|move|p1a: Duraludon|Draco Meteor|p2a: Umbreon
|-damage|p2a: Umbreon|50/100
|-unboost|p1a: Duraludon|spa|2
|move|p2a: Umbreon|Wish|p2a: Umbreon
|
|-heal|p2a: Umbreon|56/100|[from] item: Leftovers
|upkeep
|turn|8
|
|switch|p1a: Araquanid|Araquanid, M, shiny|88/100
|-damage|p1a: Araquanid|63/100|[from] Stealth Rock
|move|p2a: Umbreon|Foul Play|p1a: Araquanid
|-damage|p1a: Araquanid|23/100
|
|-heal|p2a: Umbreon|100/100|[from] move: Wish|[wisher] Umbreon
|upkeep
|turn|9
|
|switch|p2a: Hippowdon|Hippowdon, M|15/100
|-activate|p2a: Hippowdon|move: Sticky Web
|-unboost|p2a: Hippowdon|spe|1
|-weather|Sandstorm|[from] ability: Sand Stream|[of] p2a: Hippowdon
|move|p1a: Araquanid|Liquidation|p2a: Hippowdon
|-supereffective|p2a: Hippowdon
|-damage|p2a: Hippowdon|0 fnt
|faint|p2a: Hippowdon
|
|-weather|Sandstorm|[upkeep]
|-damage|p1a: Araquanid|16/100|[from] Sandstorm
|-fieldend|move: Electric Terrain
|upkeep
|
|switch|p2a: Sigilyph|Sigilyph, F|100/100
|turn|10
|
|move|p2a: Sigilyph|Psychic|p1a: Araquanid
|-damage|p1a: Araquanid|0 fnt
|faint|p1a: Araquanid
|
|-weather|Sandstorm|[upkeep]
|upkeep
|
|switch|p1a: Gigalith|Gigalith, F, shiny|100/100
|-damage|p1a: Gigalith|88/100|[from] Stealth Rock
|turn|11
|
|switch|p2a: Umbreon|Umbreon, M|100/100
|-activate|p2a: Umbreon|move: Sticky Web
|-unboost|p2a: Umbreon|spe|1
|move|p1a: Gigalith|Stone Edge|p2a: Umbreon
|-damage|p2a: Umbreon|54/100
|
|-weather|Sandstorm|[upkeep]
|-damage|p2a: Umbreon|48/100|[from] Sandstorm
|-heal|p2a: Umbreon|54/100|[from] item: Leftovers
|upkeep
|turn|12
|
|move|p2a: Umbreon|Protect|p2a: Umbreon
|-singleturn|p2a: Umbreon|Protect
|move|p1a: Gigalith|Stone Edge|p2a: Umbreon
|-activate|p2a: Umbreon|move: Protect
|
|-weather|Sandstorm|[upkeep]
|-damage|p2a: Umbreon|48/100|[from] Sandstorm
|-heal|p2a: Umbreon|54/100|[from] item: Leftovers
|upkeep
|turn|13
|
|move|p2a: Umbreon|Wish|p2a: Umbreon
|move|p1a: Gigalith|Stone Edge|p2a: Umbreon
|-damage|p2a: Umbreon|6/100
|
|-weather|none
|-heal|p2a: Umbreon|12/100|[from] item: Leftovers
|upkeep
|turn|14
|
|switch|p1a: Duraludon|Duraludon, M, shiny|82/100
|-damage|p1a: Duraludon|76/100|[from] Stealth Rock
|move|p2a: Umbreon|Protect||[still]
|-fail|p2a: Umbreon
|
|-heal|p2a: Umbreon|62/100|[from] move: Wish|[wisher] Umbreon
|-heal|p2a: Umbreon|68/100|[from] item: Leftovers
|upkeep
|turn|15
|
|move|p1a: Duraludon|Draco Meteor|p2a: Umbreon
|-damage|p2a: Umbreon|15/100
|-unboost|p1a: Duraludon|spa|2
|move|p2a: Umbreon|Wish|p2a: Umbreon
|
|-heal|p2a: Umbreon|21/100|[from] item: Leftovers
|upkeep
|turn|16
|
|switch|p1a: Mamoswine|Mamoswine, F|100/100
|-damage|p1a: Mamoswine|88/100|[from] Stealth Rock
|move|p2a: Umbreon|Protect||[still]
|-fail|p2a: Umbreon
|
|-heal|p2a: Umbreon|71/100|[from] move: Wish|[wisher] Umbreon
|-heal|p2a: Umbreon|77/100|[from] item: Leftovers
|upkeep
|turn|17
|
|move|p1a: Mamoswine|Earthquake|p2a: Umbreon
|-damage|p2a: Umbreon|20/100
|-damage|p1a: Mamoswine|78/100|[from] item: Life Orb
|move|p2a: Umbreon|Wish|p2a: Umbreon
|
|-heal|p2a: Umbreon|26/100|[from] item: Leftovers
|upkeep
|turn|18
|
|move|p2a: Umbreon|Protect|p2a: Umbreon
|-singleturn|p2a: Umbreon|Protect
|move|p1a: Mamoswine|Stealth Rock|p2a: Umbreon
|-sidestart|p2: Roserade UU|move: Stealth Rock
|
|-heal|p2a: Umbreon|76/100|[from] move: Wish|[wisher] Umbreon
|-heal|p2a: Umbreon|82/100|[from] item: Leftovers
|upkeep
|turn|19
|
|move|p1a: Mamoswine|Earthquake|p2a: Umbreon
|-damage|p2a: Umbreon|28/100
|-damage|p1a: Mamoswine|68/100|[from] item: Life Orb
|move|p2a: Umbreon|Wish|p2a: Umbreon
|
|-heal|p2a: Umbreon|34/100|[from] item: Leftovers
|upkeep
|turn|20
|
|switch|p1a: Gigalith|Gigalith, F, shiny|88/100
|-damage|p1a: Gigalith|76/100|[from] Stealth Rock
|-weather|Sandstorm|[from] ability: Sand Stream|[of] p1a: Gigalith
|move|p2a: Umbreon|Protect||[still]
|-fail|p2a: Umbreon
|
|-weather|Sandstorm|[upkeep]
|-damage|p2a: Umbreon|28/100|[from] Sandstorm
|-heal|p2a: Umbreon|78/100|[from] move: Wish|[wisher] Umbreon
|-heal|p2a: Umbreon|84/100|[from] item: Leftovers
|upkeep
|turn|21
|
|switch|p2a: Doublade|Doublade, M|100/100
|-activate|p2a: Doublade|move: Sticky Web
|-unboost|p2a: Doublade|spe|1
|-damage|p2a: Doublade|94/100|[from] Stealth Rock
|move|p1a: Gigalith|Stone Edge|p2a: Doublade
|-resisted|p2a: Doublade
|-damage|p2a: Doublade|80/100
|
|-weather|Sandstorm|[upkeep]
|upkeep
|turn|22
|
|move|p1a: Gigalith|Earthquake|p2a: Doublade
|-supereffective|p2a: Doublade
|-damage|p2a: Doublade|42/100
|move|p2a: Doublade|Iron Head|p1a: Gigalith
|-supereffective|p1a: Gigalith
|-damage|p1a: Gigalith|30/100
|
|-weather|Sandstorm|[upkeep]
|upkeep
|turn|23
|
|switch|p1a: Duraludon|Duraludon, M, shiny|76/100
|-damage|p1a: Duraludon|70/100|[from] Stealth Rock
|move|p2a: Doublade|Iron Head|p1a: Duraludon
|-resisted|p1a: Duraludon
|-damage|p1a: Duraludon|53/100
|
|-weather|Sandstorm|[upkeep]
|upkeep
|turn|24
|
|switch|p2a: Umbreon|Umbreon, M|84/100
|-damage|p2a: Umbreon|71/100|[from] Stealth Rock
|-activate|p2a: Umbreon|move: Sticky Web
|-unboost|p2a: Umbreon|spe|1
|move|p1a: Duraludon|Draco Meteor|p2a: Umbreon
|-crit|p2a: Umbreon
|-damage|p2a: Umbreon|0 fnt
|-unboost|p1a: Duraludon|spa|2
|faint|p2a: Umbreon
|
|-weather|none
|upkeep
|
|switch|p2a: Sigilyph|Sigilyph, F|100/100
|turn|25
|
|switch|p1a: Gigalith|Gigalith, F, shiny|30/100
|-damage|p1a: Gigalith|18/100|[from] Stealth Rock
|-weather|Sandstorm|[from] ability: Sand Stream|[of] p1a: Gigalith
|-start|p2a: Sigilyph|Dynamax
|-heal|p2a: Sigilyph|100/100|[silent]
|move|p2a: Sigilyph|Max Airstream|p1a: Gigalith
|-resisted|p1a: Gigalith
|-damage|p1a: Gigalith|1/100
|-boost|p2a: Sigilyph|spe|1
|
|-weather|Sandstorm|[upkeep]
|upkeep
|turn|26
|
|move|p2a: Sigilyph|Max Mindstorm|p1a: Gigalith
|-damage|p1a: Gigalith|0 fnt
|-fieldstart|move: Psychic Terrain
|faint|p1a: Gigalith
|
|-weather|Sandstorm|[upkeep]
|upkeep
|
|switch|p1a: Duraludon|Duraludon, M, shiny|53/100
|-damage|p1a: Duraludon|47/100|[from] Stealth Rock
|turn|27
|
|move|p2a: Sigilyph|Max Flare|p1a: Duraludon
|-damage|p1a: Duraludon|0 fnt
|-weather|SunnyDay
|faint|p1a: Duraludon
|
|-weather|SunnyDay|[upkeep]
|-end|p2a: Sigilyph|Dynamax
|-heal|p2a: Sigilyph|100/100|[silent]
|upkeep
|
|switch|p1a: Haxorus|Haxorus, F, shiny|100/100
|-damage|p1a: Haxorus|88/100|[from] Stealth Rock
|-ability|p1a: Haxorus|Mold Breaker
|turn|28
|
|move|p2a: Sigilyph|Psychic|p1a: Haxorus
|-damage|p1a: Haxorus|0 fnt
|faint|p1a: Haxorus
|
|-weather|SunnyDay|[upkeep]
|upkeep
|
|switch|p1a: Mamoswine|Mamoswine, F|68/100
|-damage|p1a: Mamoswine|56/100|[from] Stealth Rock
|turn|29
|
|move|p1a: Mamoswine|Ice Shard|p2a: Sigilyph
|-supereffective|p2a: Sigilyph
|-damage|p2a: Sigilyph|16/100
|-damage|p1a: Mamoswine|46/100|[from] item: Life Orb
|move|p2a: Sigilyph|Psychic|p1a: Mamoswine
|-damage|p1a: Mamoswine|0 fnt
|faint|p1a: Mamoswine
|
|-weather|SunnyDay|[upkeep]
|upkeep
|
|switch|p1a: Gengar|Gengar, F, shiny|100/100
|-damage|p1a: Gengar|88/100|[from] Stealth Rock
|turn|30
|
|move|p2a: Sigilyph|Psychic|p1a: Gengar
|-supereffective|p1a: Gengar
|-damage|p1a: Gengar|0 fnt
|-start|p2a: Sigilyph|Disable|Psychic|[from] ability: Cursed Body|[of] p1a: Gengar
|faint|p1a: Gengar
|
|win|Roserade UU
|c|☆Roserade UU|gg!
||Ladder (probably) updated, but score could not be retrieved (Response not received).
|error|Unexpected response null from ladder server.
