|j|☆UULT91wpokemonisfu
|j|☆Springerk
|t:|1652032369
|gametype|singles
|player|p1|UULT91wpokemonisfu|#uutrio2ladder|1732
|player|p2|Springerk|tuberf|1425
|teamsize|p1|6
|teamsize|p2|6
|gen|8
|tier|[Gen 8] UU
|rated|
|rule|Sleep Clause Mod: Limit one foe put to sleep
|rule|Species Clause: Limit one of each Pokémon
|rule|OHKO Clause: OHKO moves are banned
|rule|Evasion Moves Clause: Evasion moves are banned
|rule|Endless Battle Clause: Forcing endless battles is banned
|rule|HP Percentage Mod: HP is shown in percentages
|rule|Dynamax Clause: You cannot dynamax
|clearpoke
|poke|p1|Zygarde-10%|
|poke|p1|Primarina, M|
|poke|p1|Scizor, M|
|poke|p1|Slowking, F|
|poke|p1|Krookodile, F|
|poke|p1|Rotom-Heat|
|poke|p2|Tangrowth, M|
|poke|p2|Mamoswine, F|
|poke|p2|Hydreigon, M|
|poke|p2|Keldeo-Resolute|
|poke|p2|Crobat, M|
|poke|p2|Jirachi|
|teampreview
|j|+Mengy ㋛
|c|+Mengy ㋛|pifu ramo is playing for pspl soon
|c|+Mengy ㋛|in case you wanna watch
|c|☆UULT91wpokemonisfu|thanks
|c|☆Springerk|gl hf
|c|☆UULT91wpokemonisfu|glhf
|
|t:|1652032407
|start
|switch|p1a: think PINK|Slowking, F|100/100
|switch|p2a: Doyen des Glaciers|Mamoswine, F|100/100
|turn|1
|j| uult91w corp n
|
|t:|1652032413
|move|p2a: Doyen des Glaciers|Knock Off|p1a: think PINK
|-supereffective|p1a: think PINK
|-enditem|p1a: think PINK|Colbur Berry|[eat]
|-enditem|p1a: think PINK|Colbur Berry|[weaken]
|-damage|p1a: think PINK|64/100
|-damage|p2a: Doyen des Glaciers|91/100|[from] item: Life Orb
|move|p1a: think PINK|Scald|p2a: Doyen des Glaciers
|-supereffective|p2a: Doyen des Glaciers
|-damage|p2a: Doyen des Glaciers|14/100
|-status|p2a: Doyen des Glaciers|brn
|
|-damage|p2a: Doyen des Glaciers|7/100 brn|[from] brn
|upkeep
|turn|2
|
|t:|1652032422
|switch|p2a: Génie des Désirs|Jirachi|100/100
|move|p1a: think PINK|Future Sight|p2a: Génie des Désirs
|-start|p1a: think PINK|move: Future Sight
|
|upkeep
|turn|3
|
|t:|1652032427
|move|p2a: Génie des Désirs|Stealth Rock|p1a: think PINK
|-sidestart|p1: UULT91wpokemonisfu|move: Stealth Rock
|move|p1a: think PINK|Teleport|p1a: think PINK
|
|t:|1652032440
|switch|p1a: mitey bitey|Krookodile, F|100/100|[from]move: Teleport
|-damage|p1a: mitey bitey|94/100|[from] Stealth Rock
|-ability|p1a: mitey bitey|Intimidate|boost
|-unboost|p2a: Génie des Désirs|atk|1
|
|-heal|p1a: mitey bitey|100/100|[from] item: Leftovers
|upkeep
|turn|4
|
|t:|1652032448
|move|p2a: Génie des Désirs|U-turn|p1a: mitey bitey
|-supereffective|p1a: mitey bitey
|-damage|p1a: mitey bitey|73/100
|
|t:|1652032462
|switch|p2a: Assassin des bois|Tangrowth, M|100/100|[from]move: U-turn
|move|p1a: mitey bitey|Stealth Rock|p2a: Assassin des bois
|-sidestart|p2: Springerk|move: Stealth Rock
|
|-end|p2a: Assassin des bois|move: Future Sight
|-damage|p2a: Assassin des bois|42/100
|-heal|p1a: mitey bitey|79/100|[from] item: Leftovers
|upkeep
|turn|5
|j| career ended
|
|t:|1652032477
|switch|p1a: chuggy buggy|Scizor, M|100/100
|move|p2a: Assassin des bois|Sleep Powder|p1a: chuggy buggy
|-status|p1a: chuggy buggy|slp|[from] move: Sleep Powder
|
|upkeep
|turn|6
|
|t:|1652032487
|switch|p2a: Hydre des Enfers|Hydreigon, M|100/100
|-damage|p2a: Hydre des Enfers|88/100|[from] Stealth Rock
|cant|p1a: chuggy buggy|slp
|
|upkeep
|turn|7
|
|t:|1652032494
|switch|p1a: seal that squeals|Primarina, M|100/100
|-damage|p1a: seal that squeals|88/100|[from] Stealth Rock
|move|p2a: Hydre des Enfers|Dark Pulse|p1a: seal that squeals
|-resisted|p1a: seal that squeals
|-damage|p1a: seal that squeals|55/100
|
|upkeep
|turn|8
|j| Ibleachyourskin
|
|t:|1652032506
|switch|p2a: Génie des Désirs|Jirachi|100/100
|-damage|p2a: Génie des Désirs|94/100|[from] Stealth Rock
|move|p1a: seal that squeals|Surf|p2a: Génie des Désirs
|-damage|p2a: Génie des Désirs|30/100
|
|-heal|p2a: Génie des Désirs|36/100|[from] item: Leftovers
|upkeep
|turn|9
|j| UULT91W TT
|j| Opela
|j| Galacman
|
|t:|1652032554
|switch|p1a: shakey bakey|Rotom-Heat|100/100
|move|p2a: Génie des Désirs|U-turn|p1a: shakey bakey
|-resisted|p1a: shakey bakey
|-damage|p1a: shakey bakey|93/100
|l| Galacman
|
|t:|1652032568
|switch|p2a: Hydre des Enfers|Hydreigon, M|88/100|[from]move: U-turn
|-damage|p2a: Hydre des Enfers|76/100|[from] Stealth Rock
|
|upkeep
|turn|10
|j| Aiyaru
|
|t:|1652032589
|move|p2a: Hydre des Enfers|Dark Pulse|p1a: shakey bakey
|-damage|p1a: shakey bakey|25/100
|move|p1a: shakey bakey|Pain Split|p2a: Hydre des Enfers
|-sethp|p2a: Hydre des Enfers|49/100|[from] move: Pain Split|[silent]
|-sethp|p1a: shakey bakey|53/100|[from] move: Pain Split
|
|upkeep
|turn|11
|
|t:|1652032600
|switch|p1a: mitey bitey|Krookodile, F|79/100
|-damage|p1a: mitey bitey|73/100|[from] Stealth Rock
|-ability|p1a: mitey bitey|Intimidate|boost
|-unboost|p2a: Hydre des Enfers|atk|1
|move|p2a: Hydre des Enfers|Dark Pulse|p1a: mitey bitey
|-resisted|p1a: mitey bitey
|-damage|p1a: mitey bitey|29/100
|
|-heal|p1a: mitey bitey|35/100|[from] item: Leftovers
|upkeep
|turn|12
|
|t:|1652032608
|move|p2a: Hydre des Enfers|Dark Pulse|p1a: mitey bitey
|-resisted|p1a: mitey bitey
|-damage|p1a: mitey bitey|0 fnt
|faint|p1a: mitey bitey
|
|upkeep
|j| Dunoks
|
|t:|1652032619
|switch|p1a: Zygarde-10% off|Zygarde-10%|100/100
|-damage|p1a: Zygarde-10% off|94/100|[from] Stealth Rock
|-ability|p1a: Zygarde-10% off|Aura Break
|turn|13
|l| UULT91W TT
|
|t:|1652032650
|switch|p2a: Assassin des bois|Tangrowth, M|75/100
|-damage|p2a: Assassin des bois|63/100|[from] Stealth Rock
|move|p1a: Zygarde-10% off|Outrage|p2a: Assassin des bois
|-damage|p2a: Assassin des bois|21/100
|-damage|p1a: Zygarde-10% off|78/100|[from] item: Rocky Helmet|[of] p2a: Assassin des bois
|
|upkeep
|turn|14
|
|t:|1652032667
|move|p1a: Zygarde-10% off|Outrage|p2a: Assassin des bois|[from]lockedmove
|-damage|p2a: Assassin des bois|0 fnt
|-damage|p1a: Zygarde-10% off|62/100|[from] item: Rocky Helmet|[of] p2a: Assassin des bois
|faint|p2a: Assassin des bois
|
|upkeep
|
|t:|1652032679
|switch|p2a: Gardien des nuages|Crobat, M|100/100
|turn|15
|
|t:|1652032683
|move|p2a: Gardien des nuages|Brave Bird|p1a: Zygarde-10% off
|-damage|p1a: Zygarde-10% off|0 fnt
|faint|p1a: Zygarde-10% off
|-damage|p2a: Gardien des nuages|84/100|[from] Recoil
|
|upkeep
|
|t:|1652032693
|switch|p1a: chuggy buggy|Scizor, M|100/100 slp
|turn|16
|
|t:|1652032756
|move|p2a: Gardien des nuages|U-turn|p1a: chuggy buggy
|-resisted|p1a: chuggy buggy
|-damage|p1a: chuggy buggy|94/100 slp
|
|t:|1652032759
|switch|p2a: Hydre des Enfers|Hydreigon, M|49/100|[from]move: U-turn
|-damage|p2a: Hydre des Enfers|37/100|[from] Stealth Rock
|cant|p1a: chuggy buggy|slp
|
|upkeep
|turn|17
|l| Ibleachyourskin
|
|t:|1652032824
|switch|p1a: shakey bakey|Rotom-Heat|53/100
|move|p2a: Hydre des Enfers|Flamethrower|p1a: shakey bakey
|-resisted|p1a: shakey bakey
|-damage|p1a: shakey bakey|28/100
|
|upkeep
|turn|18
|
|t:|1652032852
|switch|p2a: Doyen des Glaciers|Mamoswine, F|7/100 brn
|-damage|p2a: Doyen des Glaciers|0 fnt|[from] Stealth Rock
|faint|p2a: Doyen des Glaciers
|move|p1a: shakey bakey|Overheat|p2: Doyen des Glaciers|[notarget]
|-fail|p1a: shakey bakey
|
|upkeep
|
|t:|1652032864
|switch|p2a: Génie des Désirs|Jirachi|36/100
|-damage|p2a: Génie des Désirs|30/100|[from] Stealth Rock
|turn|19
|j| UULT91w Mantis
|l| UULT91w Mantis
|
|t:|1652032878
|move|p2a: Génie des Désirs|Healing Wish|p2a: Génie des Désirs
|faint|p2a: Génie des Désirs
|move|p1a: shakey bakey|Overheat|p2: Génie des Désirs|[notarget]
|-fail|p1a: shakey bakey
|
|upkeep
|
|t:|1652032885
|switch|p2a: Hydre des Enfers|Hydreigon, M|37/100
|-heal|p2a: Hydre des Enfers|100/100|[from] move: Healing Wish
|-damage|p2a: Hydre des Enfers|88/100|[from] Stealth Rock
|turn|20
|
|t:|1652032890
|move|p2a: Hydre des Enfers|Dark Pulse|p1a: shakey bakey
|-damage|p1a: shakey bakey|0 fnt
|faint|p1a: shakey bakey
|
|upkeep
|
|t:|1652032901
|switch|p1a: seal that squeals|Primarina, M|55/100
|-damage|p1a: seal that squeals|43/100|[from] Stealth Rock
|turn|21
|
|t:|1652032924
|switch|p2a: Gardien des nuages|Crobat, M|84/100
|move|p1a: seal that squeals|Surf|p2a: Gardien des nuages
|-damage|p2a: Gardien des nuages|0 fnt
|faint|p2a: Gardien des nuages
|
|upkeep
|
|t:|1652032932
|switch|p2a: Hydre des Enfers|Hydreigon, M|88/100
|-damage|p2a: Hydre des Enfers|76/100|[from] Stealth Rock
|turn|22
|
|t:|1652032934
|move|p2a: Hydre des Enfers|Dark Pulse|p1a: seal that squeals
|-resisted|p1a: seal that squeals
|-damage|p1a: seal that squeals|15/100
|move|p1a: seal that squeals|Surf|p2a: Hydre des Enfers
|-resisted|p2a: Hydre des Enfers
|-damage|p2a: Hydre des Enfers|12/100
|
|upkeep
|turn|23
|
|t:|1652032940
|move|p2a: Hydre des Enfers|Dark Pulse|p1a: seal that squeals
|-resisted|p1a: seal that squeals
|-damage|p1a: seal that squeals|0 fnt
|faint|p1a: seal that squeals
|
|upkeep
|
|t:|1652032942
|switch|p1a: chuggy buggy|Scizor, M|94/100 slp
|turn|24
|
|t:|1652032953
|cant|p1a: chuggy buggy|slp
|move|p2a: Hydre des Enfers|Dark Pulse|p1a: chuggy buggy
|-damage|p1a: chuggy buggy|25/100 slp
|
|upkeep
|turn|25
|
|t:|1652032956
|-curestatus|p1a: chuggy buggy|slp|[msg]
|move|p1a: chuggy buggy|Bullet Punch|p2a: Hydre des Enfers
|-damage|p2a: Hydre des Enfers|0 fnt
|faint|p2a: Hydre des Enfers
|
|upkeep
|
|t:|1652032959
|switch|p2a: Cheval indomptable|Keldeo-Resolute|100/100
|-damage|p2a: Cheval indomptable|94/100|[from] Stealth Rock
|turn|26
|
|t:|1652032963
|move|p2a: Cheval indomptable|Calm Mind|p2a: Cheval indomptable
|-boost|p2a: Cheval indomptable|spa|1
|-boost|p2a: Cheval indomptable|spd|1
|move|p1a: chuggy buggy|Swords Dance|p1a: chuggy buggy
|-boost|p1a: chuggy buggy|atk|2
|
|-heal|p2a: Cheval indomptable|100/100|[from] item: Leftovers
|upkeep
|turn|27
|
|t:|1652032968
|move|p1a: chuggy buggy|Bullet Punch|p2a: Cheval indomptable
|-resisted|p2a: Cheval indomptable
|-crit|p2a: Cheval indomptable
|-damage|p2a: Cheval indomptable|59/100
|move|p2a: Cheval indomptable|Secret Sword|p1a: chuggy buggy
|-damage|p1a: chuggy buggy|0 fnt
|faint|p1a: chuggy buggy
|
|-heal|p2a: Cheval indomptable|66/100|[from] item: Leftovers
|upkeep
|
|t:|1652032971
|switch|p1a: think PINK|Slowking, F|98/100
|-damage|p1a: think PINK|85/100|[from] Stealth Rock
|turn|28
|
|t:|1652033007
|move|p2a: Cheval indomptable|Calm Mind|p2a: Cheval indomptable
|-boost|p2a: Cheval indomptable|spa|1
|-boost|p2a: Cheval indomptable|spd|1
|move|p1a: think PINK|Future Sight|p2a: Cheval indomptable
|-start|p1a: think PINK|move: Future Sight
|
|-heal|p2a: Cheval indomptable|72/100|[from] item: Leftovers
|upkeep
|turn|29
|c|+Mengy ㋛|okay my french knowledge was working until this one
|c|+Mengy ㋛|indomptable horse
|
|t:|1652033023
|move|p2a: Cheval indomptable|Calm Mind|p2a: Cheval indomptable
|-boost|p2a: Cheval indomptable|spa|1
|-boost|p2a: Cheval indomptable|spd|1
|move|p1a: think PINK|Scald|p2a: Cheval indomptable
|-resisted|p2a: Cheval indomptable
|-damage|p2a: Cheval indomptable|65/100
|
|-heal|p2a: Cheval indomptable|71/100|[from] item: Leftovers
|upkeep
|turn|30
|c|+Mengy ㋛|I don't know what that means
|
|t:|1652033029
|move|p2a: Cheval indomptable|Substitute|p2a: Cheval indomptable
|-start|p2a: Cheval indomptable|Substitute
|-damage|p2a: Cheval indomptable|47/100
|move|p1a: think PINK|Scald|p2a: Cheval indomptable
|-resisted|p2a: Cheval indomptable
|-activate|p2a: Cheval indomptable|move: Substitute|[damage]
|
|-end|p2a: Cheval indomptable|move: Future Sight
|-supereffective|p2a: Cheval indomptable
|-end|p2a: Cheval indomptable|Substitute
|-heal|p2a: Cheval indomptable|53/100|[from] item: Leftovers
|upkeep
|turn|31
|c|☆Springerk|untameable I think
|
|t:|1652033071
|move|p2a: Cheval indomptable|Calm Mind|p2a: Cheval indomptable
|-boost|p2a: Cheval indomptable|spa|1
|-boost|p2a: Cheval indomptable|spd|1
|move|p1a: think PINK|Future Sight|p2a: Cheval indomptable
|-start|p1a: think PINK|move: Future Sight
|
|-heal|p2a: Cheval indomptable|59/100|[from] item: Leftovers
|upkeep
|turn|32
|
|t:|1652033091
|move|p2a: Cheval indomptable|Secret Sword|p1a: think PINK
|-resisted|p1a: think PINK
|-damage|p1a: think PINK|39/100
|move|p1a: think PINK|Slack Off|p1a: think PINK
|-heal|p1a: think PINK|89/100
|
|-heal|p2a: Cheval indomptable|65/100|[from] item: Leftovers
|upkeep
|turn|33
|c|+Mengy ㋛|oh I see
|
|t:|1652033099
|move|p2a: Cheval indomptable|Substitute|p2a: Cheval indomptable
|-start|p2a: Cheval indomptable|Substitute
|-damage|p2a: Cheval indomptable|40/100
|move|p1a: think PINK|Slack Off|p1a: think PINK
|-heal|p1a: think PINK|100/100
|
|-end|p2a: Cheval indomptable|move: Future Sight
|-supereffective|p2a: Cheval indomptable
|-end|p2a: Cheval indomptable|Substitute
|-heal|p2a: Cheval indomptable|47/100|[from] item: Leftovers
|upkeep
|turn|34
|
|t:|1652033108
|move|p2a: Cheval indomptable|Calm Mind|p2a: Cheval indomptable
|-boost|p2a: Cheval indomptable|spa|1
|-boost|p2a: Cheval indomptable|spd|1
|move|p1a: think PINK|Future Sight|p2a: Cheval indomptable
|-start|p1a: think PINK|move: Future Sight
|
|-heal|p2a: Cheval indomptable|53/100|[from] item: Leftovers
|upkeep
|turn|35
|
|t:|1652033119
|move|p2a: Cheval indomptable|Calm Mind|p2a: Cheval indomptable
|-boost|p2a: Cheval indomptable|spa|1
|-boost|p2a: Cheval indomptable|spd|1
|move|p1a: think PINK|Scald|p2a: Cheval indomptable
|-resisted|p2a: Cheval indomptable
|-damage|p2a: Cheval indomptable|49/100
|
|-heal|p2a: Cheval indomptable|55/100|[from] item: Leftovers
|upkeep
|turn|36
|
|t:|1652033126
|move|p2a: Cheval indomptable|Substitute|p2a: Cheval indomptable
|-start|p2a: Cheval indomptable|Substitute
|-damage|p2a: Cheval indomptable|31/100
|move|p1a: think PINK|Scald|p2a: Cheval indomptable
|-resisted|p2a: Cheval indomptable
|-activate|p2a: Cheval indomptable|move: Substitute|[damage]
|
|-end|p2a: Cheval indomptable|move: Future Sight
|-supereffective|p2a: Cheval indomptable
|-end|p2a: Cheval indomptable|Substitute
|-heal|p2a: Cheval indomptable|37/100|[from] item: Leftovers
|upkeep
|turn|37
|
|t:|1652033135
|move|p2a: Cheval indomptable|Secret Sword|p1a: think PINK
|-resisted|p1a: think PINK
|-damage|p1a: think PINK|41/100
|move|p1a: think PINK|Future Sight|p2a: Cheval indomptable
|-start|p1a: think PINK|move: Future Sight
|
|-heal|p2a: Cheval indomptable|43/100|[from] item: Leftovers
|upkeep
|turn|38
|-message|UULT91wpokemonisfu forfeited.
|
|win|Springerk
|raw|UULT91wpokemonisfu's rating: 1732 &rarr; <strong>1698</strong><br />(-34 for losing)
|raw|Springerk's rating: 1425 &rarr; <strong>1459</strong><br />(+34 for winning)
|c|☆UULT91wpokemonisfu|gg
|c|☆Springerk|gg
|l|+Mengy ㋛
|l| uult91w corp n
||Ladder isn't responding, score probably updated but might not have (Request timeout).
|l| Dunoks
|j| cryingg
|l| cryingg
|l| Aiyaru
