|j|☆Moontalks
|j|☆skullgirls124
|inactive|Battle timer is ON: inactive players will automatically lose when time's up.
|t:|1662404395
|gametype|singles
|player|p1|Moontalks|acetrainersnowf|
|player|p2|skullgirls124|bellelba|
|teamsize|p1|6
|teamsize|p2|6
|gen|8
|tier|[Gen 8] UU
|rated|Tournament battle
|rule|Sleep Clause Mod: Limit one foe put to sleep
|rule|Species Clause: Limit one of each Pokémon
|rule|OHKO Clause: OHKO moves are banned
|rule|Evasion Items Clause: Evasion items are banned
|rule|Evasion Moves Clause: Evasion moves are banned
|rule|Endless Battle Clause: Forcing endless battles is banned
|rule|HP Percentage Mod: HP is shown in percentages
|rule|Dynamax Clause: You cannot dynamax
|clearpoke
|poke|p1|Cobalion|
|poke|p1|Rotom-Wash|
|poke|p1|Tangrowth, M|
|poke|p1|Diggersby, M|
|poke|p1|Salamence, F|
|poke|p1|Nihilego|
|poke|p2|Zoroark, M|
|poke|p2|Registeel|
|poke|p2|Conkeldurr, M|
|poke|p2|Primarina, M|
|poke|p2|Salamence, M|
|poke|p2|Lycanroc-Dusk, F|
|teampreview
|inactive|Moontalks also wants the timer to be on.
|j| Zero Reaper 0.0
|c| Zero Reaper 0.0|Niiice Teeaam.
|inactive|Moontalks has 120 seconds left.
|c|☆Moontalks|regi
|c|☆Moontalks|gg
|
|t:|1662404449
|start
|switch|p1a: Tangrowth|Tangrowth, M|100/100
|switch|p2a: Registeel|Registeel|100/100
|turn|1
|c|☆skullgirls124|hf
|
|t:|1662404466
|move|p2a: Registeel|Stealth Rock|p1a: Tangrowth
|-sidestart|p1: Moontalks|move: Stealth Rock
|move|p1a: Tangrowth|Knock Off|p2a: Registeel
|-damage|p2a: Registeel|85/100
|-enditem|p2a: Registeel|Leftovers|[from] move: Knock Off|[of] p1a: Tangrowth
|
|upkeep
|turn|2
|c|☆Moontalks|ah c'est sr
|c|☆Moontalks|oklm
|c|☆Moontalks|hf
|
|t:|1662404482
|move|p2a: Registeel|Curse|p2a: Registeel
|-unboost|p2a: Registeel|spe|1
|-boost|p2a: Registeel|atk|1
|-boost|p2a: Registeel|def|1
|move|p1a: Tangrowth|Focus Blast|p2a: Registeel
|-supereffective|p2a: Registeel
|-damage|p2a: Registeel|52/100
|
|upkeep
|turn|3
|
|t:|1662404488
|move|p1a: Tangrowth|Focus Blast|p2a: Registeel
|-supereffective|p2a: Registeel
|-damage|p2a: Registeel|19/100
|move|p2a: Registeel|Explosion|p1a: Tangrowth
|-damage|p1a: Tangrowth|58/100
|faint|p2a: Registeel
|
|upkeep
|
|t:|1662404496
|switch|p2a: Salamence|Salamence, M|100/100
|-ability|p2a: Salamence|Intimidate|boost
|-unboost|p1a: Tangrowth|atk|1
|turn|4
|
|t:|1662404499
|switch|p1a: Nihilego|Nihilego|100/100
|-damage|p1a: Nihilego|88/100|[from] Stealth Rock
|move|p2a: Salamence|Hurricane|p1a: Nihilego
|-resisted|p1a: Nihilego
|-damage|p1a: Nihilego|70/100
|
|-heal|p1a: Nihilego|76/100|[from] item: Black Sludge
|upkeep
|turn|5
|
|t:|1662404503
|switch|p2a: Lycanroc|Lycanroc-Dusk, F|100/100
|move|p1a: Nihilego|Stealth Rock|p2a: Lycanroc
|-sidestart|p2: skullgirls124|move: Stealth Rock
|
|-heal|p1a: Nihilego|82/100|[from] item: Black Sludge
|upkeep
|turn|6
|
|t:|1662404507
|switch|p1a: Tangrowth|Tangrowth, M|91/100
|-damage|p1a: Tangrowth|78/100|[from] Stealth Rock
|move|p2a: Lycanroc|Drill Run|p1a: Tangrowth
|-resisted|p1a: Tangrowth
|-damage|p1a: Tangrowth|64/100
|
|upkeep
|turn|7
|
|t:|1662404514
|switch|p2a: Salamence|Salamence, M|100/100
|-ability|p2a: Salamence|Intimidate|boost
|-unboost|p1a: Tangrowth|atk|1
|move|p1a: Tangrowth|Knock Off|p2a: Salamence
|-damage|p2a: Salamence|82/100
|-enditem|p2a: Salamence|Heavy-Duty Boots|[from] move: Knock Off|[of] p1a: Tangrowth
|
|upkeep
|turn|8
|
|t:|1662404517
|switch|p1a: Nihilego|Nihilego|82/100
|-damage|p1a: Nihilego|70/100|[from] Stealth Rock
|move|p2a: Salamence|Fire Blast|p1a: Nihilego
|-resisted|p1a: Nihilego
|-damage|p1a: Nihilego|58/100
|
|-heal|p1a: Nihilego|64/100|[from] item: Black Sludge
|upkeep
|turn|9
|
|t:|1662404522
|move|p1a: Nihilego|Power Gem|p2a: Salamence
|-supereffective|p2a: Salamence
|-damage|p2a: Salamence|0 fnt
|faint|p2a: Salamence
|-ability|p1a: Nihilego|Beast Boost|boost
|-boost|p1a: Nihilego|spe|1
|
|-heal|p1a: Nihilego|70/100|[from] item: Black Sludge
|upkeep
|
|t:|1662404530
|switch|p2a: Conkeldurr|Conkeldurr, M|100/100
|-damage|p2a: Conkeldurr|95/100|[from] Stealth Rock
|turn|10
|
|t:|1662404534
|switch|p1a: Salamence|Salamence, F|100/100
|-ability|p1a: Salamence|Intimidate|boost
|-unboost|p2a: Conkeldurr|atk|1
|move|p2a: Conkeldurr|Knock Off|p1a: Salamence
|-damage|p1a: Salamence|78/100
|-enditem|p1a: Salamence|Heavy-Duty Boots|[from] move: Knock Off|[of] p2a: Conkeldurr
|
|-status|p2a: Conkeldurr|brn|[from] item: Flame Orb
|upkeep
|turn|11
|
|t:|1662404542
|switch|p2a: Lycanroc|Lycanroc-Dusk, F|100/100
|-damage|p2a: Lycanroc|88/100|[from] Stealth Rock
|move|p1a: Salamence|Dual Wingbeat|p2a: Lycanroc
|-resisted|p2a: Lycanroc
|-damage|p2a: Lycanroc|72/100
|-resisted|p2a: Lycanroc
|-damage|p2a: Lycanroc|57/100
|-hitcount|p2a: Lycanroc|2
|
|upkeep
|turn|12
|
|t:|1662404557
|switch|p1a: Tangrowth|Tangrowth, M|97/100
|-damage|p1a: Tangrowth|84/100|[from] Stealth Rock
|move|p2a: Lycanroc|Accelerock|p1a: Tangrowth
|-damage|p1a: Tangrowth|63/100
|
|upkeep
|turn|13
|
|t:|1662404560
|move|p2a: Lycanroc|Accelerock|p1a: Tangrowth
|-damage|p1a: Tangrowth|41/100
|move|p1a: Tangrowth|Power Whip|p2a: Lycanroc
|-supereffective|p2a: Lycanroc
|-damage|p2a: Lycanroc|0 fnt
|faint|p2a: Lycanroc
|
|upkeep
|
|t:|1662404565
|switch|p2a: Conkeldurr|Conkeldurr, M|100/100
|-damage|p2a: Conkeldurr|88/100|[from] Stealth Rock
|turn|14
|
|t:|1662404569
|switch|p1a: Salamence|Salamence, F|78/100
|-damage|p1a: Salamence|54/100|[from] Stealth Rock
|-ability|p1a: Salamence|Intimidate|boost
|-unboost|p2a: Conkeldurr|atk|1
|move|p2a: Conkeldurr|Dark Pulse|p1a: Salamence
|-damage|p1a: Salamence|7/100
|
|upkeep
|turn|15
|
|t:|1662404573
|switch|p1a: Nihilego|Nihilego|70/100
|-damage|p1a: Nihilego|58/100|[from] Stealth Rock
|move|p2a: Conkeldurr|Dark Pulse|p1a: Nihilego
|-damage|p1a: Nihilego|27/100
|
|-heal|p1a: Nihilego|33/100|[from] item: Black Sludge
|upkeep
|turn|16
|
|t:|1662404576
|move|p2a: Conkeldurr|Dark Pulse|p1a: Nihilego
|-damage|p1a: Nihilego|1/100
|move|p1a: Nihilego|Pain Split|p2a: Conkeldurr
|-sethp|p2a: Conkeldurr|45/100|[from] move: Pain Split|[silent]
|-sethp|p1a: Nihilego|33/100|[from] move: Pain Split
|
|-heal|p1a: Nihilego|39/100|[from] item: Black Sludge
|upkeep
|turn|17
|
|t:|1662404580
|move|p2a: Conkeldurr|Dark Pulse|p1a: Nihilego
|-damage|p1a: Nihilego|6/100
|move|p1a: Nihilego|Power Gem|p2a: Conkeldurr
|-damage|p2a: Conkeldurr|0 fnt
|replace|p2a: Zoroark|Zoroark, M
|-end|p2a: Zoroark|Illusion
|faint|p2a: Zoroark
|-ability|p1a: Nihilego|Beast Boost|boost
|-boost|p1a: Nihilego|spe|1
|
|-heal|p1a: Nihilego|12/100|[from] item: Black Sludge
|upkeep
|
|t:|1662404584
|switch|p2a: Conkeldurr|Conkeldurr, M|95/100 brn
|-damage|p2a: Conkeldurr|89/100 brn|[from] Stealth Rock
|turn|18
|
|t:|1662404599
|move|p2a: Conkeldurr|Mach Punch|p1a: Nihilego
|-damage|p1a: Nihilego|0 fnt
|faint|p1a: Nihilego
|
|-damage|p2a: Conkeldurr|83/100 brn|[from] brn
|upkeep
|
|t:|1662404601
|switch|p1a: Rotom|Rotom-Wash|100/100
|-damage|p1a: Rotom|88/100|[from] Stealth Rock
|turn|19
|
|t:|1662404608
|move|p1a: Rotom|Volt Switch|p2a: Conkeldurr
|-damage|p2a: Conkeldurr|55/100 brn
|
|t:|1662404611
|switch|p1a: Salamence|Salamence, F|7/100|[from]move: Volt Switch
|-damage|p1a: Salamence|0 fnt|[from] Stealth Rock
|faint|p1a: Salamence
|move|p2a: Conkeldurr|Knock Off|p1: Salamence|[notarget]
|-fail|p2a: Conkeldurr
|
|-damage|p2a: Conkeldurr|49/100 brn|[from] brn
|upkeep
|
|t:|1662404613
|switch|p1a: Rotom|Rotom-Wash|88/100
|-damage|p1a: Rotom|76/100|[from] Stealth Rock
|turn|20
|
|t:|1662404616
|move|p1a: Rotom|Hydro Pump|p2a: Conkeldurr
|-damage|p2a: Conkeldurr|8/100 brn
|move|p2a: Conkeldurr|Knock Off|p1a: Rotom
|-damage|p1a: Rotom|16/100
|-enditem|p1a: Rotom|Leftovers|[from] move: Knock Off|[of] p2a: Conkeldurr
|
|-damage|p2a: Conkeldurr|2/100 brn|[from] brn
|upkeep
|turn|21
|
|t:|1662404620
|move|p2a: Conkeldurr|Mach Punch|p1a: Rotom
|-damage|p1a: Rotom|0 fnt
|faint|p1a: Rotom
|
|-damage|p2a: Conkeldurr|0 fnt|[from] brn
|faint|p2a: Conkeldurr
|upkeep
|
|t:|1662404624
|switch|p1a: Tangrowth|Tangrowth, M|74/100
|switch|p2a: Primarina|Primarina, M|100/100
|-damage|p2a: Primarina|88/100|[from] Stealth Rock
|-damage|p1a: Tangrowth|62/100|[from] Stealth Rock
|turn|22
|j| lemonstre1
|
|t:|1662404630
|move|p2a: Primarina|Moonblast|p1a: Tangrowth
|-crit|p1a: Tangrowth
|-damage|p1a: Tangrowth|0 fnt
|faint|p1a: Tangrowth
|
|upkeep
|l| lemonstre1
|c|☆Moontalks|ah
|c|☆Moontalks|sympa
|
|t:|1662404637
|switch|p1a: Cobalion|Cobalion|100/100
|-damage|p1a: Cobalion|98/100|[from] Stealth Rock
|turn|23
|
|t:|1662404640
|move|p1a: Cobalion|Calm Mind|p1a: Cobalion
|-boost|p1a: Cobalion|spa|1
|-boost|p1a: Cobalion|spd|1
|move|p2a: Primarina|Moonblast|p1a: Cobalion
|-damage|p1a: Cobalion|48/100
|
|-heal|p1a: Cobalion|54/100|[from] item: Leftovers
|upkeep
|turn|24
|
|t:|1662404646
|move|p1a: Cobalion|Flash Cannon|p2a: Primarina
|-damage|p2a: Primarina|55/100
|move|p2a: Primarina|Moonblast|p1a: Cobalion
|-damage|p1a: Cobalion|4/100
|
|-heal|p1a: Cobalion|10/100|[from] item: Leftovers
|upkeep
|turn|25
|
|t:|1662404649
|move|p1a: Cobalion|Flash Cannon|p2a: Primarina
|-damage|p2a: Primarina|23/100
|move|p2a: Primarina|Moonblast|p1a: Cobalion
|-damage|p1a: Cobalion|0 fnt
|faint|p1a: Cobalion
|
|upkeep
|
|t:|1662404650
|switch|p1a: Diggersby|Diggersby, M|100/100
|-damage|p1a: Diggersby|94/100|[from] Stealth Rock
|turn|26
|c|☆skullgirls124|gg partner
|c|☆Moontalks|gg
|
|t:|1662404659
|move|p1a: Diggersby|Earthquake|p2a: Primarina
|-damage|p2a: Primarina|0 fnt
|faint|p2a: Primarina
|
|win|Moontalks
|n|☆Moontalks|moontalks
|n|☆skullgirls124|skullgirls124
|n| Zero Reaper 0.0|zeroreaper00
