|raw|<div class="broadcast-blue"><strong>This battle is required to be public due to a player having a name starting with 'uult93j'.</div>
|j|☆UULT93J Glomerule
|j|☆UULT93J pif
|t:|1653292014
|gametype|singles
|player|p1|UULT93J Glomerule|scientist-gen4dp|1674
|player|p2|UULT93J pif|#uutrio2ladder|1689
|teamsize|p1|6
|teamsize|p2|6
|gen|8
|tier|[Gen 8] UU
|rated|
|rule|Sleep Clause Mod: Limit one foe put to sleep
|rule|Species Clause: Limit one of each Pokémon
|rule|OHKO Clause: OHKO moves are banned
|rule|Evasion Moves Clause: Evasion moves are banned
|rule|Endless Battle Clause: Forcing endless battles is banned
|rule|HP Percentage Mod: HP is shown in percentages
|rule|Dynamax Clause: You cannot dynamax
|clearpoke
|poke|p1|Hippowdon, M|
|poke|p1|Amoonguss, F|
|poke|p1|Chandelure, F|
|poke|p1|Rotom-Wash|
|poke|p1|Hatterene, F|
|poke|p1|Excadrill, F|
|poke|p2|Scizor, F|
|poke|p2|Rotom-Wash|
|poke|p2|Hippowdon, F|
|poke|p2|Zarude|
|poke|p2|Moltres|
|poke|p2|Zygarde-10%|
|teampreview
|c|☆UULT93J Glomerule|..
|c|☆UULT93J Glomerule|how are u even awake
|inactive|Battle timer is ON: inactive players will automatically lose when time's up. (requested by UULT93J Glomerule)
|c|☆UULT93J pif|i woke up at 3am
|c|☆UULT93J pif|to do shit
|c|☆UULT93J pif|and remmebered
|c|☆UULT93J pif|i had o do this
|inactive|UULT93J pif has 120 seconds left.
|j| HaxxLR
|j| Micciu20250
|c| Micciu20250|PIFFFF
|
|t:|1653292087
|start
|switch|p1a: Chandelure|Chandelure, F|100/100
|switch|p2a: wishy washy|Rotom-Wash|100/100
|turn|1
|c|☆UULT93J pif|hi micciu
|c| Micciu20250|Go win pif pls
|c| Micciu20250|😭
|inactive|UULT93J Glomerule has 120 seconds left.
|inactive|UULT93J Glomerule has 90 seconds left.
|
|t:|1653292158
|switch|p1a: Hatterene|Hatterene, F|100/100
|move|p2a: wishy washy|Volt Switch|p1a: Hatterene
|-damage|p1a: Hatterene|72/100
|inactive|UULT93J pif has 120 seconds left.
|
|t:|1653292188
|switch|p2a: command the sand|Hippowdon, F|100/100|[from]move: Volt Switch
|-weather|Sandstorm|[from] ability: Sand Stream|[of] p2a: command the sand
|
|-weather|Sandstorm|[upkeep]
|-damage|p1a: Hatterene|66/100|[from] Sandstorm
|-heal|p1a: Hatterene|72/100|[from] item: Leftovers
|upkeep
|turn|2
|inactive|UULT93J Glomerule has 90 seconds left.
|inactive|UULT93J pif has 120 seconds left.
|j| darascres
|inactive|UULT93J Glomerule has 60 seconds left.
|inactive|UULT93J pif has 90 seconds left.
|l| darascres
|inactive|UULT93J Glomerule has 30 seconds left.
|
|t:|1653292262
|switch|p1a: Rotom|Rotom-Wash|100/100
|move|p2a: command the sand|Earthquake|p1a: Rotom
|-immune|p1a: Rotom|[from] ability: Levitate
|
|-weather|Sandstorm|[upkeep]
|-damage|p1a: Rotom|94/100|[from] Sandstorm
|-heal|p1a: Rotom|100/100|[from] item: Leftovers
|upkeep
|turn|3
|inactive|UULT93J Glomerule has 30 seconds left.
|inactive|UULT93J pif has 60 seconds left.
|
|t:|1653292287
|switch|p1a: Hatterene|Hatterene, F|72/100
|switch|p2a: zapolite|Zarude|100/100
|
|-weather|Sandstorm|[upkeep]
|-damage|p2a: zapolite|95/100|[from] Sandstorm
|-damage|p1a: Hatterene|66/100|[from] Sandstorm
|-heal|p1a: Hatterene|72/100|[from] item: Leftovers
|upkeep
|turn|4
|inactive|UULT93J Glomerule has 30 seconds left.
|
|t:|1653292298
|switch|p1a: Amoonguss|Amoonguss, F|100/100
|move|p2a: zapolite|U-turn|p1a: Amoonguss
|-damage|p1a: Amoonguss|77/100
|-damage|p2a: zapolite|78/100|[from] item: Rocky Helmet|[of] p1a: Amoonguss
|inactive|UULT93J Glomerule has 30 seconds left this turn.
|
|t:|1653292305
|switch|p2a: cutter butter|Scizor, F|100/100|[from]move: U-turn
|
|-weather|Sandstorm|[upkeep]
|-damage|p1a: Amoonguss|71/100|[from] Sandstorm
|upkeep
|turn|5
|inactive|UULT93J Glomerule has 30 seconds left.
|
|t:|1653292317
|switch|p1a: Rotom|Rotom-Wash|100/100
|move|p2a: cutter butter|Knock Off|p1a: Rotom
|-damage|p1a: Rotom|66/100
|-enditem|p1a: Rotom|Leftovers|[from] move: Knock Off|[of] p2a: cutter butter
|
|-weather|none
|upkeep
|turn|6
|
|t:|1653292340
|switch|p2a: zapolite|Zarude|78/100
|move|p1a: Rotom|Volt Switch|p2a: zapolite
|-resisted|p2a: zapolite
|-damage|p2a: zapolite|65/100
|inactive|UULT93J Glomerule has 30 seconds left.
|inactive|UULT93J Glomerule has 20 seconds left.
|inactive|UULT93J Glomerule has 15 seconds left.
|
|t:|1653292367
|switch|p1a: Hatterene|Hatterene, F|72/100|[from]move: Volt Switch
|
|-heal|p1a: Hatterene|78/100|[from] item: Leftovers
|upkeep
|turn|7
|inactive|UULT93J Glomerule has 25 seconds left this turn.
|inactive|UULT93J Glomerule has 20 seconds left.
|j| aaa_skd
|j| sergent fantoche
|inactive|UULT93J pif has 60 seconds left.
|inactive|UULT93J Glomerule has 15 seconds left.
|
|t:|1653292395
|switch|p1a: Amoonguss|Amoonguss, F|100/100
|move|p2a: zapolite|U-turn|p1a: Amoonguss
|-damage|p1a: Amoonguss|74/100
|-damage|p2a: zapolite|48/100|[from] item: Rocky Helmet|[of] p1a: Amoonguss
|inactive|UULT93J Glomerule has 20 seconds left this turn.
|j| Playmakertest01
|
|t:|1653292405
|switch|p2a: cutter butter|Scizor, F|100/100|[from]move: U-turn
|
|upkeep
|turn|8
|inactive|UULT93J Glomerule has 30 seconds left this turn.
|inactive|UULT93J pif has 60 seconds left.
|
|t:|1653292410
|move|p2a: cutter butter|U-turn|p1a: Amoonguss
|-damage|p1a: Amoonguss|50/100
|-damage|p2a: cutter butter|84/100|[from] item: Rocky Helmet|[of] p1a: Amoonguss
|inactive|UULT93J pif has 60 seconds left.
|
|t:|1653292415
|switch|p2a: zapolite|Zarude|48/100|[from]move: U-turn
|move|p1a: Amoonguss|Foul Play|p2a: zapolite
|-resisted|p2a: zapolite
|-damage|p2a: zapolite|33/100
|
|upkeep
|turn|9
|inactive|UULT93J Glomerule has 30 seconds left.
|inactive|UULT93J Glomerule has 20 seconds left.
|inactive|UULT93J pif has 60 seconds left.
|inactive|UULT93J Glomerule has 15 seconds left.
|
|t:|1653292448
|switch|p1a: Hippowdon|Hippowdon, M|100/100
|-weather|Sandstorm|[from] ability: Sand Stream|[of] p1a: Hippowdon
|move|p2a: zapolite|U-turn|p1a: Hippowdon
|-damage|p1a: Hippowdon|76/100
|inactive|UULT93J Glomerule has 20 seconds left this turn.
|inactive|UULT93J pif has 60 seconds left.
|
|t:|1653292464
|switch|p2a: cutter butter|Scizor, F|84/100|[from]move: U-turn
|
|-weather|Sandstorm|[upkeep]
|upkeep
|turn|10
|inactive|UULT93J Glomerule has 30 seconds left this turn.
|inactive|UULT93J Glomerule has 20 seconds left.
|
|t:|1653292480
|move|p2a: cutter butter|U-turn|p1a: Hippowdon
|-damage|p1a: Hippowdon|55/100
|inactive|UULT93J Glomerule has 25 seconds left this turn.
|
|t:|1653292489
|switch|p2a: wishy washy|Rotom-Wash|100/100|[from]move: U-turn
|move|p1a: Hippowdon|Slack Off|p1a: Hippowdon
|-heal|p1a: Hippowdon|100/100
|
|-weather|Sandstorm|[upkeep]
|-damage|p2a: wishy washy|94/100|[from] Sandstorm
|-heal|p2a: wishy washy|100/100|[from] item: Leftovers
|upkeep
|turn|11
|inactive|UULT93J Glomerule has 30 seconds left.
|
|t:|1653292497
|move|p2a: wishy washy|Hydro Pump|p1a: Hippowdon
|-supereffective|p1a: Hippowdon
|-damage|p1a: Hippowdon|39/100
|move|p1a: Hippowdon|Toxic|p2a: wishy washy
|-status|p2a: wishy washy|tox
|
|-weather|Sandstorm|[upkeep]
|-damage|p2a: wishy washy|94/100 tox|[from] Sandstorm
|-heal|p2a: wishy washy|100/100 tox|[from] item: Leftovers
|-damage|p2a: wishy washy|94/100 tox|[from] psn
|upkeep
|turn|12
|inactive|UULT93J pif has 60 seconds left.
|
|t:|1653292505
|move|p2a: wishy washy|Volt Switch|p1a: Hippowdon
|-immune|p1a: Hippowdon
|move|p1a: Hippowdon|Slack Off|p1a: Hippowdon
|-heal|p1a: Hippowdon|89/100
|
|-weather|Sandstorm|[upkeep]
|-damage|p2a: wishy washy|88/100 tox|[from] Sandstorm
|-heal|p2a: wishy washy|94/100 tox|[from] item: Leftovers
|-damage|p2a: wishy washy|82/100 tox|[from] psn
|upkeep
|turn|13
|
|t:|1653292515
|move|p2a: wishy washy|Hydro Pump|p1a: Hippowdon
|-supereffective|p1a: Hippowdon
|-damage|p1a: Hippowdon|31/100
|move|p1a: Hippowdon|Slack Off|p1a: Hippowdon
|-heal|p1a: Hippowdon|81/100
|
|-weather|Sandstorm|[upkeep]
|-damage|p2a: wishy washy|75/100 tox|[from] Sandstorm
|-heal|p2a: wishy washy|82/100 tox|[from] item: Leftovers
|-damage|p2a: wishy washy|63/100 tox|[from] psn
|upkeep
|turn|14
|c| Playmakertest01|The ballsiest Hippowdon
|
|t:|1653292528
|switch|p1a: Amoonguss|Amoonguss, F|83/100
|move|p2a: wishy washy|Hydro Pump|p1a: Amoonguss|[miss]
|-miss|p2a: wishy washy|p1a: Amoonguss
|
|-weather|Sandstorm|[upkeep]
|-damage|p2a: wishy washy|57/100 tox|[from] Sandstorm
|-damage|p1a: Amoonguss|77/100|[from] Sandstorm
|-heal|p2a: wishy washy|63/100 tox|[from] item: Leftovers
|-damage|p2a: wishy washy|38/100 tox|[from] psn
|upkeep
|turn|15
|
|t:|1653292540
|switch|p2a: cutter butter|Scizor, F|84/100
|move|p1a: Amoonguss|Spore|p2a: cutter butter
|-activate|p2a: cutter butter|item: Safety Goggles|Spore
|
|-weather|Sandstorm|[upkeep]
|-damage|p1a: Amoonguss|71/100|[from] Sandstorm
|upkeep
|turn|16
|
|t:|1653292555
|move|p2a: cutter butter|Knock Off|p1a: Amoonguss
|-damage|p1a: Amoonguss|48/100
|-damage|p2a: cutter butter|67/100|[from] item: Rocky Helmet|[of] p1a: Amoonguss
|-enditem|p1a: Amoonguss|Rocky Helmet|[from] move: Knock Off|[of] p2a: cutter butter
|move|p1a: Amoonguss|Foul Play|p2a: cutter butter
|-damage|p2a: cutter butter|40/100
|
|-weather|none
|upkeep
|turn|17
|
|t:|1653292563
|switch|p1a: Chandelure|Chandelure, F|100/100
|move|p2a: cutter butter|U-turn|p1a: Chandelure
|-resisted|p1a: Chandelure
|-damage|p1a: Chandelure|89/100
|
|t:|1653292572
|switch|p2a: Zygarde-10% off|Zygarde-10%|100/100|[from]move: U-turn
|-ability|p2a: Zygarde-10% off|Aura Break
|
|upkeep
|turn|18
|inactive|UULT93J pif has 90 seconds left.
|inactive|UULT93J Glomerule has 30 seconds left.
|inactive|UULT93J Glomerule has 20 seconds left.
|inactive|UULT93J Glomerule has 15 seconds left.
|inactive|UULT93J Glomerule has 10 seconds left.
|inactive|UULT93J Glomerule has 5 seconds left.
|
|t:|1653292630
|move|p1a: Chandelure|Memento|p2a: Zygarde-10% off
|-unboost|p2a: Zygarde-10% off|atk|2
|-unboost|p2a: Zygarde-10% off|spa|2
|faint|p1a: Chandelure
|move|p2a: Zygarde-10% off|Thousand Arrows|p1: Chandelure|[notarget]
|-fail|p2a: Zygarde-10% off
|
|upkeep
|inactive|UULT93J Glomerule has 10 seconds left this turn.
|inactive|UULT93J Glomerule has 5 seconds left.
|
|t:|1653292635
|switch|p1a: Hatterene|Hatterene, F|78/100
|turn|19
|inactive|UULT93J Glomerule has 15 seconds left this turn.
|inactive|UULT93J pif has 90 seconds left.
|inactive|UULT93J pif has 60 seconds left.
|
|t:|1653292700
|switch|p2a: moltres leches|Moltres|100/100
|move|p1a: Hatterene|Calm Mind|p1a: Hatterene
|-boost|p1a: Hatterene|spa|1
|-boost|p1a: Hatterene|spd|1
|
|-heal|p1a: Hatterene|84/100|[from] item: Leftovers
|upkeep
|turn|20
|inactive|UULT93J Glomerule has 25 seconds left this turn.
|inactive|UULT93J Glomerule has 20 seconds left.
|
|t:|1653292708
|move|p2a: moltres leches|Flamethrower|p1a: Hatterene
|-damage|p1a: Hatterene|59/100
|-status|p1a: Hatterene|brn
|move|p1a: Hatterene|Calm Mind|p1a: Hatterene
|-boost|p1a: Hatterene|spa|1
|-boost|p1a: Hatterene|spd|1
|
|-heal|p1a: Hatterene|65/100 brn|[from] item: Leftovers
|-damage|p1a: Hatterene|59/100 brn|[from] brn
|upkeep
|turn|21
|inactive|UULT93J Glomerule has 30 seconds left this turn.
|c|☆UULT93J Glomerule|ofc
|
|t:|1653292716
|move|p2a: moltres leches|U-turn|p1a: Hatterene
|-damage|p1a: Hatterene|46/100 brn
|inactive|UULT93J Glomerule has 30 seconds left this turn.
|
|t:|1653292728
|switch|p2a: cutter butter|Scizor, F|40/100|[from]move: U-turn
|move|p1a: Hatterene|Mystical Fire|p2a: cutter butter
|-supereffective|p2a: cutter butter
|-damage|p2a: cutter butter|0 fnt
|faint|p2a: cutter butter
|
|-heal|p1a: Hatterene|52/100 brn|[from] item: Leftovers
|-damage|p1a: Hatterene|46/100 brn|[from] brn
|upkeep
|c|☆UULT93J Glomerule|ez
|
|t:|1653292739
|switch|p2a: zapolite|Zarude|33/100
|turn|22
|inactive|UULT93J Glomerule has 30 seconds left.
|inactive|UULT93J Glomerule has 20 seconds left.
|inactive|UULT93J pif has 30 seconds left.
|inactive|UULT93J Glomerule has 15 seconds left.
|inactive|UULT93J Glomerule has 10 seconds left.
|inactive|UULT93J pif has 20 seconds left.
|
|t:|1653292778
|move|p2a: zapolite|Darkest Lariat|p1a: Hatterene
|-damage|p1a: Hatterene|0 fnt
|faint|p1a: Hatterene
|
|upkeep
|inactive|UULT93J Glomerule has 15 seconds left this turn.
|inactive|UULT93J pif has 25 seconds left this turn.
|l| Playmakertest01
|
|t:|1653292783
|switch|p1a: Amoonguss|Amoonguss, F|82/100
|turn|23
|inactive|UULT93J Glomerule has 25 seconds left this turn.
|inactive|UULT93J Glomerule has 20 seconds left.
|inactive|UULT93J pif has 30 seconds left.
|inactive|UULT93J pif has 20 seconds left.
|
|t:|1653292800
|switch|p2a: moltres leches|Moltres|100/100
|move|p1a: Amoonguss|Sludge Bomb|p2a: moltres leches
|-damage|p2a: moltres leches|73/100
|
|upkeep
|turn|24
|inactive|UULT93J Glomerule has 30 seconds left this turn.
|inactive|UULT93J pif has 30 seconds left this turn.
|inactive|UULT93J pif has 20 seconds left.
|
|t:|1653292813
|move|p2a: moltres leches|Flamethrower|p1a: Amoonguss
|-supereffective|p1a: Amoonguss
|-damage|p1a: Amoonguss|19/100
|move|p1a: Amoonguss|Spore|p2a: moltres leches
|-status|p2a: moltres leches|slp|[from] move: Spore
|
|upkeep
|turn|25
|inactive|UULT93J pif has 30 seconds left this turn.
|inactive|UULT93J Glomerule has 30 seconds left.
|inactive|UULT93J pif has 20 seconds left.
|
|t:|1653292825
|switch|p2a: Zygarde-10% off|Zygarde-10%|100/100
|-ability|p2a: Zygarde-10% off|Aura Break
|switch|p1a: Hippowdon|Hippowdon, M|81/100
|-weather|Sandstorm|[from] ability: Sand Stream|[of] p1a: Hippowdon
|
|-weather|Sandstorm|[upkeep]
|upkeep
|turn|26
|inactive|UULT93J pif has 30 seconds left this turn.
|j| Jorgeta57
|inactive|UULT93J Glomerule has 30 seconds left.
|inactive|UULT93J pif has 20 seconds left.
|inactive|UULT93J pif has 15 seconds left.
|inactive|UULT93J Glomerule has 20 seconds left.
|inactive|UULT93J pif has 10 seconds left.
|
|t:|1653292848
|switch|p2a: wishy washy|Rotom-Wash|38/100 tox
|move|p1a: Hippowdon|Slack Off|p1a: Hippowdon
|-heal|p1a: Hippowdon|100/100
|
|-weather|Sandstorm|[upkeep]
|-damage|p2a: wishy washy|32/100 tox|[from] Sandstorm
|-heal|p2a: wishy washy|38/100 tox|[from] item: Leftovers
|-damage|p2a: wishy washy|32/100 tox|[from] psn
|upkeep
|turn|27
|inactive|UULT93J Glomerule has 30 seconds left this turn.
|inactive|UULT93J pif has 20 seconds left this turn.
|inactive|UULT93J pif has 15 seconds left.
|
|t:|1653292855
|switch|p1a: Rotom|Rotom-Wash|66/100
|move|p2a: wishy washy|Pain Split|p1a: Rotom
|-sethp|p1a: Rotom|49/100|[from] move: Pain Split|[silent]
|-sethp|p2a: wishy washy|48/100 tox|[from] move: Pain Split
|
|-weather|Sandstorm|[upkeep]
|-damage|p1a: Rotom|43/100|[from] Sandstorm
|-damage|p2a: wishy washy|42/100 tox|[from] Sandstorm
|-heal|p2a: wishy washy|48/100 tox|[from] item: Leftovers
|-damage|p2a: wishy washy|35/100 tox|[from] psn
|upkeep
|turn|28
|inactive|UULT93J pif has 25 seconds left this turn.
|inactive|UULT93J Glomerule has 30 seconds left.
|inactive|UULT93J pif has 20 seconds left.
|inactive|UULT93J pif has 15 seconds left.
|
|t:|1653292867
|switch|p2a: Zygarde-10% off|Zygarde-10%|100/100
|-ability|p2a: Zygarde-10% off|Aura Break
|move|p1a: Rotom|Hydro Pump|p2a: Zygarde-10% off
|-damage|p2a: Zygarde-10% off|38/100
|
|-weather|Sandstorm|[upkeep]
|-damage|p1a: Rotom|37/100|[from] Sandstorm
|upkeep
|turn|29
|inactive|UULT93J pif has 25 seconds left this turn.
|inactive|UULT93J pif has 20 seconds left.
|
|t:|1653292876
|switch|p1a: Hippowdon|Hippowdon, M|100/100
|move|p2a: Zygarde-10% off|Thousand Arrows|p1a: Hippowdon
|-damage|p1a: Hippowdon|60/100
|
|-weather|Sandstorm|[upkeep]
|upkeep
|turn|30
|inactive|UULT93J pif has 30 seconds left this turn.
|inactive|UULT93J pif has 20 seconds left.
|
|t:|1653292887
|move|p2a: Zygarde-10% off|Thousand Arrows|p1a: Hippowdon
|-damage|p1a: Hippowdon|22/100
|move|p1a: Hippowdon|Slack Off|p1a: Hippowdon
|-heal|p1a: Hippowdon|72/100
|
|-weather|Sandstorm|[upkeep]
|upkeep
|turn|31
|inactive|UULT93J pif has 30 seconds left this turn.
|
|t:|1653292895
|move|p2a: Zygarde-10% off|Thousand Arrows|p1a: Hippowdon
|-damage|p1a: Hippowdon|33/100
|move|p1a: Hippowdon|Slack Off|p1a: Hippowdon
|-heal|p1a: Hippowdon|84/100
|
|-weather|Sandstorm|[upkeep]
|upkeep
|turn|32
|inactive|UULT93J pif has 30 seconds left.
|inactive|UULT93J pif has 20 seconds left.
|
|t:|1653292913
|switch|p2a: zapolite|Zarude|33/100
|move|p1a: Hippowdon|Stealth Rock|p2a: zapolite
|-sidestart|p2: UULT93J pif|move: Stealth Rock
|
|-weather|none
|upkeep
|turn|33
|inactive|UULT93J pif has 30 seconds left this turn.
|j| Codename Magnum
|inactive|UULT93J Glomerule has 60 seconds left.
|
|t:|1653292926
|move|p2a: zapolite|Darkest Lariat|p1a: Hippowdon
|-damage|p1a: Hippowdon|36/100
|move|p1a: Hippowdon|Slack Off|p1a: Hippowdon
|-heal|p1a: Hippowdon|86/100
|
|upkeep
|turn|34
|inactive|UULT93J Glomerule has 60 seconds left.
|
|t:|1653292931
|move|p2a: zapolite|Darkest Lariat|p1a: Hippowdon
|-damage|p1a: Hippowdon|40/100
|move|p1a: Hippowdon|Slack Off|p1a: Hippowdon
|-heal|p1a: Hippowdon|90/100
|
|upkeep
|turn|35
|
|t:|1653292937
|move|p2a: zapolite|Darkest Lariat|p1a: Hippowdon
|-damage|p1a: Hippowdon|46/100
|move|p1a: Hippowdon|Slack Off|p1a: Hippowdon
|-heal|p1a: Hippowdon|96/100
|
|upkeep
|turn|36
|
|t:|1653292945
|switch|p2a: wishy washy|Rotom-Wash|35/100 tox
|-damage|p2a: wishy washy|23/100 tox|[from] Stealth Rock
|move|p1a: Hippowdon|Slack Off|p1a: Hippowdon
|-heal|p1a: Hippowdon|100/100
|
|-heal|p2a: wishy washy|29/100 tox|[from] item: Leftovers
|-damage|p2a: wishy washy|23/100 tox|[from] psn
|upkeep
|turn|37
|j| UULT93j Mantiss
|
|t:|1653292974
|switch|p1a: Amoonguss|Amoonguss, F|52/100
|move|p2a: wishy washy|Volt Switch|p1a: Amoonguss
|-resisted|p1a: Amoonguss
|-damage|p1a: Amoonguss|41/100
|inactive|UULT93J pif has 30 seconds left.
|inactive|UULT93J pif has 20 seconds left.
|
|t:|1653292995
|switch|p2a: Zygarde-10% off|Zygarde-10%|38/100|[from]move: Volt Switch
|-damage|p2a: Zygarde-10% off|32/100|[from] Stealth Rock
|-ability|p2a: Zygarde-10% off|Aura Break
|
|upkeep
|turn|38
|inactive|UULT93J pif has 30 seconds left this turn.
|
|t:|1653293002
|switch|p1a: Hippowdon|Hippowdon, M|100/100
|-weather|Sandstorm|[from] ability: Sand Stream|[of] p1a: Hippowdon
|move|p2a: Zygarde-10% off|Outrage|p1a: Hippowdon
|-damage|p1a: Hippowdon|43/100
|
|-weather|Sandstorm|[upkeep]
|upkeep
|turn|39
|
|t:|1653293005
|switch|p1a: Excadrill|Excadrill, F|100/100
|move|p2a: Zygarde-10% off|Outrage|p1a: Excadrill|[from]lockedmove
|-resisted|p1a: Excadrill
|-damage|p1a: Excadrill|44/100
|-start|p2a: Zygarde-10% off|confusion|[fatigue]
|
|-weather|Sandstorm|[upkeep]
|upkeep
|turn|40
|inactive|UULT93J Glomerule has 90 seconds left.
|
|t:|1653293025
|switch|p2a: command the sand|Hippowdon, F|100/100
|-damage|p2a: command the sand|94/100|[from] Stealth Rock
|move|p1a: Excadrill|Earthquake|p2a: command the sand
|-damage|p2a: command the sand|60/100
|
|-weather|Sandstorm|[upkeep]
|-heal|p2a: command the sand|66/100|[from] item: Leftovers
|upkeep
|turn|41
|
|t:|1653293040
|switch|p1a: Amoonguss|Amoonguss, F|74/100
|move|p2a: command the sand|Slack Off|p2a: command the sand
|-heal|p2a: command the sand|100/100
|
|-weather|Sandstorm|[upkeep]
|-damage|p1a: Amoonguss|68/100|[from] Sandstorm
|upkeep
|turn|42
|inactive|UULT93J Glomerule has 90 seconds left.
|inactive|UULT93J pif has 30 seconds left.
|
|t:|1653293071
|move|p2a: command the sand|Earthquake|p1a: Amoonguss
|-damage|p1a: Amoonguss|39/100
|move|p1a: Amoonguss|Giga Drain|p2a: command the sand
|-supereffective|p2a: command the sand
|-damage|p2a: command the sand|55/100
|-heal|p1a: Amoonguss|61/100|[from] drain|[of] p2a: command the sand
|
|-weather|Sandstorm|[upkeep]
|-damage|p1a: Amoonguss|55/100|[from] Sandstorm
|-heal|p2a: command the sand|61/100|[from] item: Leftovers
|upkeep
|turn|43
|inactive|UULT93J pif has 30 seconds left.
|
|t:|1653293078
|switch|p2a: moltres leches|Moltres|73/100 slp
|move|p1a: Amoonguss|Giga Drain|p2a: moltres leches
|-resisted|p2a: moltres leches
|-crit|p2a: moltres leches
|-damage|p2a: moltres leches|64/100 slp
|-heal|p1a: Amoonguss|59/100|[from] drain|[of] p2a: moltres leches
|
|-weather|Sandstorm|[upkeep]
|-damage|p2a: moltres leches|58/100 slp|[from] Sandstorm
|-damage|p1a: Amoonguss|53/100|[from] Sandstorm
|upkeep
|turn|44
|
|t:|1653293089
|switch|p2a: command the sand|Hippowdon, F|61/100
|-damage|p2a: command the sand|55/100|[from] Stealth Rock
|switch|p1a: Excadrill|Excadrill, F|44/100
|
|-weather|Sandstorm|[upkeep]
|-heal|p2a: command the sand|61/100|[from] item: Leftovers
|upkeep
|turn|45
|
|t:|1653293103
|switch|p1a: Amoonguss|Amoonguss, F|86/100
|move|p2a: command the sand|Slack Off|p2a: command the sand
|-heal|p2a: command the sand|100/100
|
|-weather|none
|upkeep
|turn|46
|
|t:|1653293114
|switch|p2a: moltres leches|Moltres|58/100 slp
|move|p1a: Amoonguss|Sludge Bomb|p2a: moltres leches
|-damage|p2a: moltres leches|31/100 slp
|
|upkeep
|turn|47
|
|t:|1653293136
|switch|p1a: Hippowdon|Hippowdon, M|43/100
|-weather|Sandstorm|[from] ability: Sand Stream|[of] p1a: Hippowdon
|cant|p2a: moltres leches|slp
|
|-weather|Sandstorm|[upkeep]
|-damage|p2a: moltres leches|25/100 slp|[from] Sandstorm
|upkeep
|turn|48
|j| uult93jmich
|
|t:|1653293162
|switch|p1a: Rotom|Rotom-Wash|37/100
|-curestatus|p2a: moltres leches|slp|[msg]
|move|p2a: moltres leches|U-turn|p1a: Rotom
|-crit|p1a: Rotom
|-damage|p1a: Rotom|13/100
|inactive|UULT93J pif has 30 seconds left.
|inactive|UULT93J pif has 20 seconds left.
|
|t:|1653293184
|switch|p2a: Zygarde-10% off|Zygarde-10%|32/100|[from]move: U-turn
|-damage|p2a: Zygarde-10% off|26/100|[from] Stealth Rock
|-ability|p2a: Zygarde-10% off|Aura Break
|
|-weather|Sandstorm|[upkeep]
|-damage|p1a: Rotom|7/100|[from] Sandstorm
|upkeep
|turn|49
|inactive|UULT93J pif has 30 seconds left this turn.
|
|t:|1653293192
|switch|p1a: Hippowdon|Hippowdon, M|43/100
|move|p2a: Zygarde-10% off|Thousand Arrows|p1a: Hippowdon
|-damage|p1a: Hippowdon|0 fnt
|faint|p1a: Hippowdon
|
|-weather|Sandstorm|[upkeep]
|upkeep
|inactive|UULT93J pif has 30 seconds left this turn.
|
|t:|1653293197
|switch|p1a: Amoonguss|Amoonguss, F|100/100
|turn|50
|
|t:|1653293219
|move|p2a: Zygarde-10% off|Thousand Arrows|p1a: Amoonguss
|-damage|p1a: Amoonguss|54/100
|move|p1a: Amoonguss|Giga Drain|p2a: Zygarde-10% off
|-damage|p2a: Zygarde-10% off|0 fnt
|-heal|p1a: Amoonguss|62/100|[from] drain|[of] p2a: Zygarde-10% off
|faint|p2a: Zygarde-10% off
|
|-weather|Sandstorm|[upkeep]
|-damage|p1a: Amoonguss|56/100|[from] Sandstorm
|upkeep
|
|t:|1653293225
|switch|p2a: moltres leches|Moltres|25/100
|turn|51
|
|t:|1653293230
|switch|p1a: Rotom|Rotom-Wash|7/100
|move|p2a: moltres leches|Flamethrower|p1a: Rotom
|-resisted|p1a: Rotom
|-damage|p1a: Rotom|0 fnt
|faint|p1a: Rotom
|
|-weather|Sandstorm|[upkeep]
|-damage|p2a: moltres leches|19/100|[from] Sandstorm
|upkeep
|
|t:|1653293233
|switch|p1a: Excadrill|Excadrill, F|44/100
|turn|52
|l| Jorgeta57
|inactive|UULT93J Glomerule has 120 seconds left.
|
|t:|1653293251
|switch|p1a: Amoonguss|Amoonguss, F|89/100
|switch|p2a: command the sand|Hippowdon, F|100/100
|-damage|p2a: command the sand|94/100|[from] Stealth Rock
|
|-weather|Sandstorm|[upkeep]
|-damage|p1a: Amoonguss|83/100|[from] Sandstorm
|-heal|p2a: command the sand|100/100|[from] item: Leftovers
|upkeep
|turn|53
|inactive|UULT93J Glomerule has 120 seconds left.
|
|t:|1653293263
|switch|p2a: wishy washy|Rotom-Wash|23/100 tox
|-damage|p2a: wishy washy|10/100 tox|[from] Stealth Rock
|move|p1a: Amoonguss|Giga Drain|p2a: wishy washy
|-supereffective|p2a: wishy washy
|-damage|p2a: wishy washy|0 fnt
|-heal|p1a: Amoonguss|86/100|[from] drain|[of] p2a: wishy washy
|faint|p2a: wishy washy
|
|-weather|Sandstorm|[upkeep]
|-damage|p1a: Amoonguss|80/100|[from] Sandstorm
|upkeep
|
|t:|1653293266
|switch|p2a: zapolite|Zarude|33/100
|-damage|p2a: zapolite|21/100|[from] Stealth Rock
|turn|54
|inactive|UULT93J Glomerule has 120 seconds left.
|c|☆UULT93J Glomerule|bailed by the one turn sleep ..
|c|☆UULT93J pif|gg
|inactive|UULT93J Glomerule has 90 seconds left.
|c| UULT93j Mantiss|one turn of sleep is all Meru is getting tonight
|c| UULT93j Mantiss|and apparently was all pif got
|c| Micciu20250|Piffff 🥹
|c|☆UULT93J pif|i jst woke up
|
|t:|1653293340
|move|p2a: zapolite|Darkest Lariat|p1a: Amoonguss
|-damage|p1a: Amoonguss|35/100
|move|p1a: Amoonguss|Sludge Bomb|p2a: zapolite
|-supereffective|p2a: zapolite
|-damage|p2a: zapolite|0 fnt
|faint|p2a: zapolite
|
|-weather|none
|upkeep
|
|t:|1653293345
|switch|p2a: moltres leches|Moltres|19/100
|turn|55
|
|t:|1653293348
|switch|p1a: Excadrill|Excadrill, F|44/100
|move|p2a: moltres leches|Flamethrower|p1a: Excadrill
|-supereffective|p1a: Excadrill
|-damage|p1a: Excadrill|0 fnt
|faint|p1a: Excadrill
|
|upkeep
|
|t:|1653293350
|switch|p1a: Amoonguss|Amoonguss, F|69/100
|turn|56
|inactive|UULT93J Glomerule has 90 seconds left.
|inactive|UULT93J pif has 90 seconds left.
|
|t:|1653293359
|move|p2a: moltres leches|Flamethrower|p1a: Amoonguss
|-supereffective|p1a: Amoonguss
|-damage|p1a: Amoonguss|6/100
|move|p1a: Amoonguss|Spore|p2a: moltres leches
|-status|p2a: moltres leches|slp|[from] move: Spore
|
|upkeep
|turn|57
|
|t:|1653293364
|cant|p2a: moltres leches|slp
|move|p1a: Amoonguss|Giga Drain|p2a: moltres leches
|-resisted|p2a: moltres leches
|-damage|p2a: moltres leches|13/100 slp
|-heal|p1a: Amoonguss|8/100|[from] drain|[of] p2a: moltres leches
|
|upkeep
|turn|58
|
|t:|1653293370
|-curestatus|p2a: moltres leches|slp|[msg]
|move|p2a: moltres leches|Flamethrower|p1a: Amoonguss
|-supereffective|p1a: Amoonguss
|-damage|p1a: Amoonguss|0 fnt
|faint|p1a: Amoonguss
|
|win|UULT93J pif
|raw|UULT93J Glomerule's rating: 1674 &rarr; <strong>1655</strong><br />(-19 for losing)
|raw|UULT93J pif's rating: 1689 &rarr; <strong>1708</strong><br />(+19 for winning)
|c|☆UULT93J Glomerule|bailed
