|j|☆pain perdu
|j|☆big baz
|player|p1|pain perdu|blue-gen7|1582
|player|p2|big baz|ltsurge|1522
|teamsize|p1|6
|teamsize|p2|6
|gametype|singles
|gen|8
|tier|[Gen 8] UU
|rated|
|clearpoke
|poke|p1|Ditto|
|poke|p1|Skarmory, F|
|poke|p1|Slowking, M|
|poke|p1|Roserade, M|
|poke|p1|Terrakion|
|poke|p1|Jirachi|
|poke|p2|Weezing-Galar, F|
|poke|p2|Umbreon, M|
|poke|p2|Pangoro, M|
|poke|p2|Kyurem|
|poke|p2|Jirachi|
|poke|p2|Keldeo-Resolute|
|rule|Sleep Clause Mod: Limit one foe put to sleep
|rule|Species Clause: Limit one of each Pokémon
|rule|OHKO Clause: OHKO moves are banned
|rule|Evasion Moves Clause: Evasion moves are banned
|rule|Endless Battle Clause: Forcing endless battles is banned
|rule|HP Percentage Mod: HP is shown in percentages
|rule|Dynamax Clause: You cannot dynamax
|teampreview
|j| Phantom㋛Hurious ✈
|
|start
|switch|p1a: Ditto|Ditto|100/100
|switch|p2a: Kyurem|Kyurem|100/100
|-ability|p2a: Kyurem|Pressure
|-transform|p1a: Ditto|p2a: Kyurem|[from] ability: Imposter
|-ability|p1a: Ditto|Pressure
|turn|1
|
|move|p2a: Kyurem|Protect|p2a: Kyurem
|-singleturn|p2a: Kyurem|Protect
|move|p1a: Ditto|Freeze-Dry|p2a: Kyurem
|-activate|p2a: Kyurem|move: Protect
|
|upkeep
|turn|2
|
|switch|p2a: Jirachi|Jirachi|100/100
|move|p1a: Ditto|Freeze-Dry|p2a: Jirachi
|-resisted|p2a: Jirachi
|-damage|p2a: Jirachi|86/100
|
|upkeep
|turn|3
|
|switch|p1a: Skarmory|Skarmory, F|100/100
|move|p2a: Jirachi|U-turn|p1a: Skarmory
|-resisted|p1a: Skarmory
|-damage|p1a: Skarmory|98/100
|-damage|p2a: Jirachi|70/100|[from] item: Rocky Helmet|[of] p1a: Skarmory
|
|switch|p2a: Kyurem|Kyurem|100/100|[from]move: U-turn
|-ability|p2a: Kyurem|Pressure
|
|upkeep
|turn|4
|
|move|p2a: Kyurem|Freeze-Dry|p1a: Skarmory
|-crit|p1a: Skarmory
|-damage|p1a: Skarmory|39/100
|move|p1a: Skarmory|Stealth Rock|p2a: Kyurem
|-sidestart|p2: big baz|move: Stealth Rock
|
|upkeep
|turn|5
|c|☆pain perdu|man
|
|switch|p1a: Jirachi|Jirachi|100/100
|move|p2a: Kyurem|Freeze-Dry|p1a: Jirachi
|-resisted|p1a: Jirachi
|-damage|p1a: Jirachi|86/100
|
|-heal|p1a: Jirachi|92/100|[from] item: Leftovers
|upkeep
|turn|6
|
|switch|p2a: Pangoro|Pangoro, M|100/100
|-damage|p2a: Pangoro|94/100|[from] Stealth Rock
|move|p1a: Jirachi|Calm Mind|p1a: Jirachi
|-boost|p1a: Jirachi|spa|1
|-boost|p1a: Jirachi|spd|1
|
|-heal|p1a: Jirachi|98/100|[from] item: Leftovers
|upkeep
|turn|7
|
|move|p1a: Jirachi|Aura Sphere|p2a: Pangoro
|-supereffective|p2a: Pangoro
|-damage|p2a: Pangoro|6/100
|move|p2a: Pangoro|Knock Off|p1a: Jirachi
|-supereffective|p1a: Jirachi
|-crit|p1a: Jirachi
|-damage|p1a: Jirachi|0 fnt
|-enditem|p1a: Jirachi|Leftovers|[from] move: Knock Off|[of] p2a: Pangoro
|faint|p1a: Jirachi
|
|upkeep
|
|switch|p1a: Terrakion|Terrakion|100/100
|turn|8
|
|move|p1a: Terrakion|Stone Edge|p2a: Pangoro
|-resisted|p2a: Pangoro
|-damage|p2a: Pangoro|0 fnt
|faint|p2a: Pangoro
|
|upkeep
|
|switch|p2a: Keldeo|Keldeo-Resolute|100/100
|-damage|p2a: Keldeo|94/100|[from] Stealth Rock
|turn|9
|
|switch|p2a: Kyurem|Kyurem|100/100
|-damage|p2a: Kyurem|76/100|[from] Stealth Rock
|-ability|p2a: Kyurem|Pressure
|switch|p1a: Slowking|Slowking, M|100/100
|
|-heal|p2a: Kyurem|82/100|[from] item: Leftovers
|upkeep
|turn|10
|
|move|p2a: Kyurem|Substitute|p2a: Kyurem
|-start|p2a: Kyurem|Substitute
|-damage|p2a: Kyurem|57/100
|move|p1a: Slowking|Psyshock|p2a: Kyurem
|-activate|p2a: Kyurem|move: Substitute|[damage]
|
|-heal|p2a: Kyurem|63/100|[from] item: Leftovers
|upkeep
|turn|11
|
|move|p2a: Kyurem|Freeze-Dry|p1a: Slowking
|-supereffective|p1a: Slowking
|-damage|p1a: Slowking|56/100
|move|p1a: Slowking|Psyshock|p2a: Kyurem
|-end|p2a: Kyurem|Substitute
|
|-heal|p2a: Kyurem|69/100|[from] item: Leftovers
|upkeep
|turn|12
|
|move|p2a: Kyurem|Substitute|p2a: Kyurem
|-start|p2a: Kyurem|Substitute
|-damage|p2a: Kyurem|44/100
|move|p1a: Slowking|Teleport|p1a: Slowking
|
|switch|p1a: Ditto|Ditto|100/100|[from]move: Teleport
|
|-heal|p2a: Kyurem|50/100|[from] item: Leftovers
|upkeep
|turn|13
|
|switch|p1a: Slowking|Slowking, M|89/100
|move|p2a: Kyurem|Freeze-Dry|p1a: Slowking
|-supereffective|p1a: Slowking
|-damage|p1a: Slowking|44/100
|-status|p1a: Slowking|frz
|
|-heal|p2a: Kyurem|57/100|[from] item: Leftovers
|upkeep
|turn|14
|-message|pain perdu forfeited.
|
|win|big baz
|l|☆pain perdu
||Ladder (probably) updated, but score could not be retrieved (Request timeout).
