|j|☆Zephyyyr
|j|☆Draphirion
|t:|1663517540
|gametype|singles
|player|p1|Zephyyyr|richboy|
|player|p2|Draphirion|youngster-gen4dp|
|teamsize|p1|6
|teamsize|p2|6
|gen|8
|tier|[Gen 8] UU
|rule|Sleep Clause Mod: Limit one foe put to sleep
|rule|Species Clause: Limit one of each Pokémon
|rule|OHKO Clause: OHKO moves are banned
|rule|Evasion Items Clause: Evasion items are banned
|rule|Evasion Moves Clause: Evasion moves are banned
|rule|Endless Battle Clause: Forcing endless battles is banned
|rule|HP Percentage Mod: HP is shown in percentages
|rule|Dynamax Clause: You cannot dynamax
|clearpoke
|poke|p1|Vanilluxe, M|
|poke|p1|Excadrill, M|
|poke|p1|Amoonguss, M|
|poke|p1|Cobalion|
|poke|p1|Slowking, L99, M|
|poke|p1|Noivern, M|
|poke|p2|Noivern, F|
|poke|p2|Slowbro-Galar, F|
|poke|p2|Hippowdon, F|
|poke|p2|Zarude|
|poke|p2|Skarmory, F|
|poke|p2|Rotom-Wash|
|teampreview
|c|☆Draphirion|hf
|c|☆Zephyyyr|Hf
|j| cestuneaberration
|j| Masskeauuu
|j| Uber45
|j| Banal paradis ☆〜ゝ。
|j| Cauet Burger
|j| Beka ❤
|j|+Dragonillis
|j| Hurtadoo
|l| Banal paradis ☆〜ゝ。
|j| TaoTDW
|j| PLT42 mimilimi ♫☯
|c| Beka ❤|oml go zeph
|j| zs
|j| Deckline
|j|+Staxi
|j| Futtoka
|c| Futtoka|voilaaaa
|c| Hurtadoo|ZEEEEEPH
|j| Micciu20250
|c| Futtoka|go both
|j| infinitroll
|j| Wedjene
|j| Skyrio
|j| Sharow 水上
|inactive|Battle timer is ON: inactive players will automatically lose when time's up. (requested by Zephyyyr)
|l| Sharow 水上
|j| SiTuM.
|j|+kino
|c|+kino|allez zeph
|inactive|Draphirion has 270 seconds left.
|j| la sauce a mendy
|l|wedjene
|c| la sauce a mendy|level 99
|j| Khemissi
|j| SvartPest
|inactive|Draphirion has 240 seconds left.
|
|t:|1663517716
|start
|switch|p1a: The Apparition|Slowking, L99, M|100/100
|switch|p2a: Médaille|Noivern, F|100/100
|turn|1
|j| Prodigezz
|j|%Mihowk
|j| leches mes sorboul
|
|t:|1663517728
|move|p2a: Médaille|U-turn|p1a: The Apparition
|-supereffective|p1a: The Apparition
|-damage|p1a: The Apparition|85/100
|
|t:|1663517731
|switch|p2a: Y2|Slowbro-Galar, F|100/100|[from]move: U-turn
|move|p1a: The Apparition|Teleport|p1a: The Apparition
|j|+Altthiel
|j|@ironwater
|
|t:|1663517735
|switch|p1a: Childhood's End|Excadrill, M|100/100|[from]move: Teleport
|-ability|p1a: Childhood's End|Mold Breaker
|
|upkeep
|turn|2
|j|+SFG
|j| Le Dieun ❤ notor
|inactive|Zephyyyr has 270 seconds left.
|j| Banal paradis ☆〜ゝ。
|
|t:|1663517768
|switch|p1a: The Apparition|Slowking, L99, M|100/100
|move|p2a: Y2|Scald|p1a: The Apparition
|-resisted|p1a: The Apparition
|-damage|p1a: The Apparition|93/100
|
|upkeep
|turn|3
|
|t:|1663517774
|move|p2a: Y2|Calm Mind|p2a: Y2
|-boost|p2a: Y2|spa|1
|-boost|p2a: Y2|spd|1
|move|p1a: The Apparition|Future Sight|p2a: Y2
|-start|p1a: The Apparition|move: Future Sight
|
|upkeep
|turn|4
|j| Adri
|
|t:|1663517785
|switch|p1a: Childhood's End|Excadrill, M|100/100
|-ability|p1a: Childhood's End|Mold Breaker
|move|p2a: Y2|Sludge Bomb|p1a: Childhood's End
|-immune|p1a: Childhood's End
|
|upkeep
|turn|5
|j| Bhalal
|
|t:|1663517790
|switch|p2a: Avenue|Skarmory, F|100/100
|move|p1a: Childhood's End|Earthquake|p2a: Avenue
|-immune|p2a: Avenue
|
|-end|p2a: Avenue|move: Future Sight
|-resisted|p2a: Avenue
|-damage|p2a: Avenue|72/100
|upkeep
|turn|6
|j| Trognon
|j| Shafofficiel
|
|t:|1663517804
|switch|p1a: Fear Is The Key|Noivern, M|100/100
|move|p2a: Avenue|Body Press|p1a: Fear Is The Key
|-resisted|p1a: Fear Is The Key
|-damage|p1a: Fear Is The Key|80/100
|
|upkeep
|turn|7
|
|t:|1663517813
|switch|p2a: Y2|Slowbro-Galar, F|100/100
|move|p1a: Fear Is The Key|U-turn|p2a: Y2
|-damage|p2a: Y2|93/100
|j|&Alpha@!
|
|t:|1663517815
|switch|p1a: Fear Of The Dark|Vanilluxe, M, shiny|100/100|[from]move: U-turn
|-weather|Hail|[from] ability: Snow Warning|[of] p1a: Fear Of The Dark
|
|-weather|Hail|[upkeep]
|-damage|p2a: Y2|87/100|[from] Hail
|upkeep
|turn|8
|j| RichardMillePlain
|
|t:|1663517829
|move|p1a: Fear Of The Dark|Blizzard|p2a: Y2
|-damage|p2a: Y2|0 fnt
|faint|p2a: Y2
|
|-weather|Hail|[upkeep]
|upkeep
|n| Shoka|cestuneaberration
|
|t:|1663517836
|switch|p2a: Draxter|Zarude|100/100
|turn|9
|c| Uber45|Pouf
|n| Astreau|lasauceamendy
|
|t:|1663517843
|switch|p1a: Chains Of Misery|Cobalion, shiny|100/100
|move|p2a: Draxter|Power Whip|p1a: Chains Of Misery
|-resisted|p1a: Chains Of Misery
|-damage|p1a: Chains Of Misery|66/100
|-damage|p2a: Draxter|84/100|[from] item: Rocky Helmet|[of] p1a: Chains Of Misery
|
|-weather|Hail|[upkeep]
|-damage|p1a: Chains Of Misery|60/100|[from] Hail
|-damage|p2a: Draxter|78/100|[from] Hail
|upkeep
|turn|10
|l| Trognon
|j|%Clementine
|
|t:|1663517874
|switch|p1a: Fear Of The Dark|Vanilluxe, M, shiny|100/100
|move|p2a: Draxter|Power Whip|p1a: Fear Of The Dark
|-damage|p1a: Fear Of The Dark|0 fnt
|faint|p1a: Fear Of The Dark
|
|-weather|Hail|[upkeep]
|-damage|p2a: Draxter|72/100|[from] Hail
|upkeep
|
|t:|1663517882
|switch|p1a: The Fugitive|Amoonguss, M, shiny|100/100
|turn|11
|j| Spoire 45
|j| tf
|inactive|Draphirion has 270 seconds left.
|j| Trognon
|j| Jojos ❤
|
|t:|1663517921
|switch|p2a: Eléphant|Hippowdon, F|100/100
|-weather|Sandstorm|[from] ability: Sand Stream|[of] p2a: Eléphant
|move|p1a: The Fugitive|Spore|p2a: Eléphant
|-status|p2a: Eléphant|slp|[from] move: Spore
|
|-weather|Sandstorm|[upkeep]
|-damage|p1a: The Fugitive|94/100|[from] Sandstorm
|-heal|p1a: The Fugitive|100/100|[from] item: Black Sludge
|upkeep
|turn|12
|l|+SFG
|
|t:|1663517936
|switch|p1a: The Apparition|Slowking, L99, M|100/100
|cant|p2a: Eléphant|slp
|
|-weather|Sandstorm|[upkeep]
|-damage|p1a: The Apparition|94/100|[from] Sandstorm
|upkeep
|turn|13
|
|t:|1663517946
|switch|p2a: Hi-Fi|Rotom-Wash|100/100
|move|p1a: The Apparition|Scald|p2a: Hi-Fi
|-resisted|p2a: Hi-Fi
|-damage|p2a: Hi-Fi|87/100
|
|-weather|Sandstorm|[upkeep]
|-damage|p2a: Hi-Fi|81/100|[from] Sandstorm
|-damage|p1a: The Apparition|88/100|[from] Sandstorm
|upkeep
|turn|14
|l|☆Draphirion
|inactive|Draphirion disconnected and has 300 seconds to reconnect!
|player|p2|
|l| Trognon
|c| zs|reviens ici tout de suite
|j|☆Draphirion
|inactive|Draphirion reconnected and has 245 seconds left.
|player|p2|Draphirion|youngster-gen4dp
|inactive|Draphirion has 240 seconds left.
|j| Trognon
|j| Shimosa
|n| Lyliath|hurtadoo
|
|t:|1663518015
|switch|p1a: Childhood's End|Excadrill, M|100/100
|-ability|p1a: Childhood's End|Mold Breaker
|move|p2a: Hi-Fi|Trick|p1a: Childhood's End
|-activate|p2a: Hi-Fi|move: Trick|[of] p1a: Childhood's End
|-item|p1a: Childhood's End|Choice Scarf|[from] move: Trick
|-item|p2a: Hi-Fi|Leftovers|[from] move: Trick
|
|-weather|Sandstorm|[upkeep]
|-damage|p2a: Hi-Fi|75/100|[from] Sandstorm
|-heal|p2a: Hi-Fi|81/100|[from] item: Leftovers
|upkeep
|turn|15
|j| Schizoption
|
|t:|1663518027
|switch|p1a: Fear Is The Key|Noivern, M|80/100
|switch|p2a: Avenue|Skarmory, F|72/100
|
|-weather|none
|upkeep
|turn|16
|l| Banal paradis ☆〜ゝ。
|
|t:|1663518042
|switch|p2a: Eléphant|Hippowdon, F|100/100 slp
|-weather|Sandstorm|[from] ability: Sand Stream|[of] p2a: Eléphant
|move|p1a: Fear Is The Key|Flamethrower|p2a: Eléphant
|-damage|p2a: Eléphant|81/100 slp
|
|-weather|Sandstorm|[upkeep]
|-damage|p1a: Fear Is The Key|74/100|[from] Sandstorm
|-heal|p2a: Eléphant|87/100 slp|[from] item: Leftovers
|upkeep
|turn|17
|
|t:|1663518048
|move|p1a: Fear Is The Key|U-turn|p2a: Eléphant
|-damage|p2a: Eléphant|80/100 slp
|
|t:|1663518056
|switch|p1a: The Fugitive|Amoonguss, M, shiny|100/100|[from]move: U-turn
|-curestatus|p2a: Eléphant|slp|[msg]
|move|p2a: Eléphant|Stealth Rock|p1a: The Fugitive
|-sidestart|p1: Zephyyyr|move: Stealth Rock
|
|-weather|Sandstorm|[upkeep]
|-damage|p1a: The Fugitive|94/100|[from] Sandstorm
|-heal|p2a: Eléphant|86/100|[from] item: Leftovers
|-heal|p1a: The Fugitive|100/100|[from] item: Black Sludge
|upkeep
|turn|18
|
|t:|1663518067
|switch|p2a: Avenue|Skarmory, F|72/100
|move|p1a: The Fugitive|Spore|p2a: Avenue
|-status|p2a: Avenue|slp|[from] move: Spore
|
|-weather|Sandstorm|[upkeep]
|-damage|p1a: The Fugitive|94/100|[from] Sandstorm
|-heal|p1a: The Fugitive|100/100|[from] item: Black Sludge
|upkeep
|turn|19
|
|t:|1663518078
|switch|p1a: The Apparition|Slowking, L99, M|100/100
|-damage|p1a: The Apparition|88/100|[from] Stealth Rock
|cant|p2a: Avenue|slp
|
|-weather|Sandstorm|[upkeep]
|-damage|p1a: The Apparition|82/100|[from] Sandstorm
|upkeep
|turn|20
|
|t:|1663518082
|switch|p2a: Hi-Fi|Rotom-Wash|81/100
|move|p1a: The Apparition|Future Sight|p2a: Hi-Fi
|-start|p1a: The Apparition|move: Future Sight
|
|-weather|none
|-heal|p2a: Hi-Fi|87/100|[from] item: Leftovers
|upkeep
|turn|21
|inactive|Draphirion has 270 seconds left.
|
|t:|1663518088
|move|p2a: Hi-Fi|Volt Switch|p1a: The Apparition
|-supereffective|p1a: The Apparition
|-damage|p1a: The Apparition|42/100
|
|t:|1663518091
|switch|p2a: Draxter|Zarude|72/100|[from]move: Volt Switch
|move|p1a: The Apparition|Teleport|p1a: The Apparition
|
|t:|1663518094
|switch|p1a: Chains Of Misery|Cobalion, shiny|60/100|[from]move: Teleport
|-damage|p1a: Chains Of Misery|57/100|[from] Stealth Rock
|
|upkeep
|turn|22
|
|t:|1663518097
|switch|p2a: Eléphant|Hippowdon, F|86/100
|-weather|Sandstorm|[from] ability: Sand Stream|[of] p2a: Eléphant
|move|p1a: Chains Of Misery|Close Combat|p2a: Eléphant
|-damage|p2a: Eléphant|53/100
|-unboost|p1a: Chains Of Misery|def|1
|-unboost|p1a: Chains Of Misery|spd|1
|
|-weather|Sandstorm|[upkeep]
|-end|p2a: Eléphant|move: Future Sight
|-damage|p2a: Eléphant|20/100
|-heal|p2a: Eléphant|26/100|[from] item: Leftovers
|upkeep
|turn|23
|
|t:|1663518108
|switch|p2a: Médaille|Noivern, F|100/100
|move|p1a: Chains Of Misery|Close Combat|p2a: Médaille
|-resisted|p2a: Médaille
|-damage|p2a: Médaille|71/100
|-unboost|p1a: Chains Of Misery|def|1
|-unboost|p1a: Chains Of Misery|spd|1
|
|-weather|Sandstorm|[upkeep]
|-damage|p2a: Médaille|65/100|[from] Sandstorm
|upkeep
|turn|24
|
|t:|1663518119
|switch|p1a: Childhood's End|Excadrill, M|100/100
|-damage|p1a: Childhood's End|97/100|[from] Stealth Rock
|-ability|p1a: Childhood's End|Mold Breaker
|move|p2a: Médaille|Draco Meteor|p1a: Childhood's End
|-resisted|p1a: Childhood's End
|-damage|p1a: Childhood's End|68/100
|-unboost|p2a: Médaille|spa|2
|
|-weather|Sandstorm|[upkeep]
|-damage|p2a: Médaille|59/100|[from] Sandstorm
|upkeep
|turn|25
|
|t:|1663518129
|switch|p2a: Avenue|Skarmory, F|72/100 slp
|move|p1a: Childhood's End|Rapid Spin|p2a: Avenue
|-resisted|p2a: Avenue
|-damage|p2a: Avenue|68/100 slp
|-boost|p1a: Childhood's End|spe|1
|-damage|p1a: Childhood's End|51/100|[from] item: Rocky Helmet|[of] p2a: Avenue
|-sideend|p1: Zephyyyr|Stealth Rock|[from] move: Rapid Spin|[of] p1a: Childhood's End
|
|-weather|Sandstorm|[upkeep]
|upkeep
|turn|26
|
|t:|1663518135
|switch|p1a: Fear Is The Key|Noivern, M|74/100
|switch|p2a: Médaille|Noivern, F|59/100
|
|-weather|none
|upkeep
|turn|27
|
|t:|1663518145
|switch|p1a: The Apparition|Slowking, L99, M|75/100
|move|p2a: Médaille|Draco Meteor|p1a: The Apparition
|-damage|p1a: The Apparition|33/100
|-unboost|p2a: Médaille|spa|2
|
|upkeep
|turn|28
|
|t:|1663518150
|move|p2a: Médaille|U-turn|p1a: The Apparition
|-supereffective|p1a: The Apparition
|-damage|p1a: The Apparition|16/100
|
|t:|1663518155
|switch|p2a: Draxter|Zarude|72/100|[from]move: U-turn
|move|p1a: The Apparition|Teleport|p1a: The Apparition
|
|t:|1663518164
|switch|p1a: Fear Is The Key|Noivern, M|74/100|[from]move: Teleport
|
|upkeep
|turn|29
|
|t:|1663518174
|switch|p2a: Hi-Fi|Rotom-Wash|87/100
|move|p1a: Fear Is The Key|U-turn|p2a: Hi-Fi
|-damage|p2a: Hi-Fi|75/100
|
|t:|1663518177
|switch|p1a: Childhood's End|Excadrill, M|51/100|[from]move: U-turn
|-ability|p1a: Childhood's End|Mold Breaker
|
|-heal|p2a: Hi-Fi|81/100|[from] item: Leftovers
|upkeep
|turn|30
|
|t:|1663518184
|switch|p1a: Fear Is The Key|Noivern, M|74/100
|switch|p2a: Avenue|Skarmory, F|68/100 slp
|
|upkeep
|turn|31
|j| Gigatouad
|
|t:|1663518191
|switch|p2a: Hi-Fi|Rotom-Wash|81/100
|move|p1a: Fear Is The Key|Draco Meteor|p2a: Hi-Fi
|-damage|p2a: Hi-Fi|24/100
|-unboost|p1a: Fear Is The Key|spa|2
|
|-heal|p2a: Hi-Fi|30/100|[from] item: Leftovers
|upkeep
|turn|32
|
|t:|1663518218
|move|p1a: Fear Is The Key|Draco Meteor|p2a: Hi-Fi
|-damage|p2a: Hi-Fi|3/100
|-unboost|p1a: Fear Is The Key|spa|2
|move|p2a: Hi-Fi|Volt Switch|p1a: Fear Is The Key
|-damage|p1a: Fear Is The Key|38/100
|
|t:|1663518223
|switch|p2a: Eléphant|Hippowdon, F|26/100|[from]move: Volt Switch
|-weather|Sandstorm|[from] ability: Sand Stream|[of] p2a: Eléphant
|
|-weather|Sandstorm|[upkeep]
|-damage|p1a: Fear Is The Key|32/100|[from] Sandstorm
|-heal|p2a: Eléphant|32/100|[from] item: Leftovers
|upkeep
|turn|33
|
|t:|1663518226
|move|p1a: Fear Is The Key|U-turn|p2a: Eléphant
|-damage|p2a: Eléphant|25/100
|j| Giga㋛Chandelure-☂
|
|t:|1663518232
|switch|p1a: The Apparition|Slowking, L99, M|49/100|[from]move: U-turn
|move|p2a: Eléphant|Slack Off|p2a: Eléphant
|-heal|p2a: Eléphant|75/100
|
|-weather|Sandstorm|[upkeep]
|-damage|p1a: The Apparition|43/100|[from] Sandstorm
|-heal|p2a: Eléphant|81/100|[from] item: Leftovers
|upkeep
|turn|34
|
|t:|1663518247
|switch|p1a: The Fugitive|Amoonguss, M, shiny|100/100
|move|p2a: Eléphant|Toxic|p1a: The Fugitive
|-immune|p1a: The Fugitive
|
|-weather|Sandstorm|[upkeep]
|-damage|p1a: The Fugitive|94/100|[from] Sandstorm
|-heal|p2a: Eléphant|88/100|[from] item: Leftovers
|-heal|p1a: The Fugitive|100/100|[from] item: Black Sludge
|upkeep
|turn|35
|l| Trognon
|
|t:|1663518266
|move|p2a: Eléphant|Toxic|p1a: The Fugitive|[miss]
|-miss|p2a: Eléphant|p1a: The Fugitive
|move|p1a: The Fugitive|Sludge Bomb|p2a: Eléphant
|-resisted|p2a: Eléphant
|-damage|p2a: Eléphant|76/100
|-status|p2a: Eléphant|psn
|
|-weather|Sandstorm|[upkeep]
|-damage|p1a: The Fugitive|94/100|[from] Sandstorm
|-heal|p2a: Eléphant|83/100 psn|[from] item: Leftovers
|-heal|p1a: The Fugitive|100/100|[from] item: Black Sludge
|-damage|p2a: Eléphant|70/100 psn|[from] psn
|upkeep
|turn|36
|j| ty-tyui↻
|
|t:|1663518281
|switch|p2a: Médaille|Noivern, F|59/100
|switch|p1a: The Apparition|Slowking, L99, M|76/100
|
|-weather|none
|upkeep
|turn|37
|
|t:|1663518284
|move|p2a: Médaille|U-turn|p1a: The Apparition
|-supereffective|p1a: The Apparition
|-damage|p1a: The Apparition|59/100
|
|t:|1663518287
|switch|p2a: Draxter|Zarude|72/100|[from]move: U-turn
|move|p1a: The Apparition|Teleport|p1a: The Apparition
|j| Grimbert
|j| HaxxLR
|
|t:|1663518299
|switch|p1a: Chains Of Misery|Cobalion, shiny|57/100|[from]move: Teleport
|
|upkeep
|turn|38
|
|t:|1663518305
|switch|p2a: Médaille|Noivern, F|59/100
|move|p1a: Chains Of Misery|Swords Dance|p1a: Chains Of Misery
|-boost|p1a: Chains Of Misery|atk|2
|
|upkeep
|turn|39
|
|t:|1663518316
|switch|p1a: The Apparition|Slowking, L99, M|92/100
|move|p2a: Médaille|U-turn|p1a: The Apparition
|-supereffective|p1a: The Apparition
|-damage|p1a: The Apparition|75/100
|
|t:|1663518318
|switch|p2a: Draxter|Zarude|72/100|[from]move: U-turn
|
|upkeep
|turn|40
|
|t:|1663518325
|switch|p1a: The Fugitive|Amoonguss, M, shiny|100/100
|move|p2a: Draxter|Darkest Lariat|p1a: The Fugitive
|-damage|p1a: The Fugitive|53/100
|
|-heal|p1a: The Fugitive|59/100|[from] item: Black Sludge
|upkeep
|turn|41
|n| famzy|tytyui
|
|t:|1663518347
|move|p2a: Draxter|Darkest Lariat|p1a: The Fugitive
|-damage|p1a: The Fugitive|16/100
|move|p1a: The Fugitive|Sludge Bomb|p2a: Draxter
|-supereffective|p2a: Draxter
|-damage|p2a: Draxter|16/100
|-status|p2a: Draxter|psn
|
|-heal|p1a: The Fugitive|23/100|[from] item: Black Sludge
|-damage|p2a: Draxter|3/100 psn|[from] psn
|upkeep
|turn|42
|l| leches mes sorboul
|
|t:|1663518372
|switch|p1a: The Apparition|Slowking, L99, M|100/100
|move|p2a: Draxter|Darkest Lariat|p1a: The Apparition
|-supereffective|p1a: The Apparition
|-enditem|p1a: The Apparition|Colbur Berry|[eat]
|-enditem|p1a: The Apparition|Colbur Berry|[weaken]
|-damage|p1a: The Apparition|52/100
|
|-damage|p2a: Draxter|0 fnt|[from] psn
|faint|p2a: Draxter
|upkeep
|l| Gigatouad
|inactive|Draphirion has 270 seconds left.
|inactive|Draphirion has 240 seconds left.
|inactive|Draphirion has 210 seconds left.
|
|t:|1663518464
|switch|p2a: Hi-Fi|Rotom-Wash|3/100
|turn|43
|l| Grimbert
|
|t:|1663518488
|switch|p1a: The Fugitive|Amoonguss, M, shiny|56/100
|move|p2a: Hi-Fi|Volt Switch|p1a: The Fugitive
|-resisted|p1a: The Fugitive
|-damage|p1a: The Fugitive|45/100
|l|%Clementine
|inactive|Draphirion has 210 seconds left.
|
|t:|1663518504
|switch|p2a: Médaille|Noivern, F|59/100|[from]move: Volt Switch
|
|-heal|p1a: The Fugitive|51/100|[from] item: Black Sludge
|upkeep
|turn|44
|inactive|Draphirion has 210 seconds left.
|
|t:|1663518529
|switch|p1a: The Apparition|Slowking, L99, M|85/100
|move|p2a: Médaille|Draco Meteor|p1a: The Apparition
|-damage|p1a: The Apparition|38/100
|-unboost|p2a: Médaille|spa|2
|
|upkeep
|turn|45
|
|t:|1663518537
|move|p2a: Médaille|Draco Meteor|p1a: The Apparition
|-damage|p1a: The Apparition|13/100
|-unboost|p2a: Médaille|spa|2
|move|p1a: The Apparition|Slack Off|p1a: The Apparition
|-heal|p1a: The Apparition|63/100
|
|upkeep
|turn|46
|inactive|Draphirion has 210 seconds left.
|
|t:|1663518551
|move|p2a: Médaille|U-turn|p1a: The Apparition
|-supereffective|p1a: The Apparition
|-damage|p1a: The Apparition|47/100
|
|t:|1663518554
|switch|p2a: Hi-Fi|Rotom-Wash|3/100|[from]move: U-turn
|move|p1a: The Apparition|Scald|p2a: Hi-Fi
|-resisted|p2a: Hi-Fi
|-damage|p2a: Hi-Fi|0 fnt
|faint|p2a: Hi-Fi
|
|upkeep
|
|t:|1663518558
|switch|p2a: Médaille|Noivern, F|59/100
|turn|47
|
|t:|1663518573
|switch|p1a: The Fugitive|Amoonguss, M, shiny|85/100
|move|p2a: Médaille|Flamethrower|p1a: The Fugitive
|-supereffective|p1a: The Fugitive
|-damage|p1a: The Fugitive|38/100
|
|-heal|p1a: The Fugitive|45/100|[from] item: Black Sludge
|upkeep
|turn|48
|
|t:|1663518579
|switch|p1a: The Apparition|Slowking, L99, M|80/100
|move|p2a: Médaille|Draco Meteor|p1a: The Apparition
|-damage|p1a: The Apparition|35/100
|-unboost|p2a: Médaille|spa|2
|
|upkeep
|turn|49
|
|t:|1663518587
|switch|p1a: The Fugitive|Amoonguss, M, shiny|78/100
|move|p2a: Médaille|U-turn|p1a: The Fugitive
|-damage|p1a: The Fugitive|69/100
|
|t:|1663518590
|switch|p2a: Avenue|Skarmory, F|68/100 slp|[from]move: U-turn
|
|-heal|p1a: The Fugitive|76/100|[from] item: Black Sludge
|upkeep
|turn|50
|inactive|Draphirion has 240 seconds left.
|
|t:|1663518604
|switch|p1a: The Apparition|Slowking, L99, M|69/100
|-curestatus|p2a: Avenue|slp|[msg]
|move|p2a: Avenue|Spikes|p1a: The Apparition
|-sidestart|p1: Zephyyyr|Spikes
|
|upkeep
|turn|51
|
|t:|1663518609
|move|p2a: Avenue|Roost|p2a: Avenue
|-heal|p2a: Avenue|100/100
|-singleturn|p2a: Avenue|move: Roost
|move|p1a: The Apparition|Future Sight|p2a: Avenue
|-start|p1a: The Apparition|move: Future Sight
|
|upkeep
|turn|52
|
|t:|1663518615
|move|p2a: Avenue|Iron Defense|p2a: Avenue
|-boost|p2a: Avenue|def|2
|move|p1a: The Apparition|Scald|p2a: Avenue
|-crit|p2a: Avenue
|-damage|p2a: Avenue|45/100
|
|upkeep
|turn|53
|j| Jeza.p
|j| Chose Truc
|
|t:|1663518625
|move|p2a: Avenue|Roost|p2a: Avenue
|-heal|p2a: Avenue|95/100
|-singleturn|p2a: Avenue|move: Roost
|move|p1a: The Apparition|Teleport|p1a: The Apparition
|
|t:|1663518629
|switch|p1a: Fear Is The Key|Noivern, M|32/100|[from]move: Teleport
|
|-end|p2a: Avenue|move: Future Sight
|-resisted|p2a: Avenue
|-damage|p2a: Avenue|68/100
|upkeep
|turn|54
|j| Trognon
|l|☆Draphirion
|inactive|Draphirion disconnected and has 285 seconds to reconnect!
|player|p2|
|j|%Clementine
|inactive|Draphirion has 270 seconds to reconnect!
|j| Nael222
|j|☆Draphirion
|inactive|Draphirion reconnected and has 265 seconds left.
|player|p2|Draphirion|youngster-gen4dp
|c|%Clementine|roh la co de mort du gars
|
|t:|1663518687
|switch|p2a: Eléphant|Hippowdon, F|70/100 psn
|-weather|Sandstorm|[from] ability: Sand Stream|[of] p2a: Eléphant
|move|p1a: Fear Is The Key|Flamethrower|p2a: Eléphant
|-damage|p2a: Eléphant|50/100 psn
|
|-weather|Sandstorm|[upkeep]
|-damage|p1a: Fear Is The Key|26/100|[from] Sandstorm
|-heal|p2a: Eléphant|56/100 psn|[from] item: Leftovers
|-damage|p2a: Eléphant|43/100 psn|[from] psn
|upkeep
|turn|55
|inactive|Draphirion has 240 seconds left.
|
|t:|1663518705
|move|p1a: Fear Is The Key|Roost|p1a: Fear Is The Key
|-heal|p1a: Fear Is The Key|76/100
|-singleturn|p1a: Fear Is The Key|move: Roost
|move|p2a: Eléphant|Slack Off|p2a: Eléphant
|-heal|p2a: Eléphant|93/100 psn
|
|-weather|Sandstorm|[upkeep]
|-damage|p1a: Fear Is The Key|70/100|[from] Sandstorm
|-heal|p2a: Eléphant|99/100 psn|[from] item: Leftovers
|-damage|p2a: Eléphant|87/100 psn|[from] psn
|upkeep
|turn|56
|j| Gigatouad
|
|t:|1663518711
|move|p1a: Fear Is The Key|U-turn|p2a: Eléphant
|-damage|p2a: Eléphant|80/100 psn
|
|t:|1663518713
|switch|p1a: The Fugitive|Amoonguss, M, shiny|100/100|[from]move: U-turn
|-damage|p1a: The Fugitive|88/100|[from] Spikes
|move|p2a: Eléphant|Stealth Rock|p1a: The Fugitive
|-sidestart|p1: Zephyyyr|move: Stealth Rock
|
|-weather|Sandstorm|[upkeep]
|-damage|p1a: The Fugitive|82/100|[from] Sandstorm
|-heal|p2a: Eléphant|86/100 psn|[from] item: Leftovers
|-heal|p1a: The Fugitive|88/100|[from] item: Black Sludge
|-damage|p2a: Eléphant|74/100 psn|[from] psn
|upkeep
|turn|57
|
|t:|1663518723
|switch|p2a: Avenue|Skarmory, F|68/100
|move|p1a: The Fugitive|Sludge Bomb|p2a: Avenue
|-immune|p2a: Avenue
|
|-weather|Sandstorm|[upkeep]
|-damage|p1a: The Fugitive|82/100|[from] Sandstorm
|-heal|p1a: The Fugitive|88/100|[from] item: Black Sludge
|upkeep
|turn|58
|j| Givra no bi ☯
|l| Nael222
|
|t:|1663518731
|move|p2a: Avenue|Roost|p2a: Avenue
|-heal|p2a: Avenue|100/100
|-singleturn|p2a: Avenue|move: Roost
|move|p1a: The Fugitive|Spore|p2a: Avenue
|-status|p2a: Avenue|slp|[from] move: Spore
|
|-weather|none
|-heal|p1a: The Fugitive|94/100|[from] item: Black Sludge
|upkeep
|turn|59
|
|t:|1663518754
|switch|p1a: The Apparition|Slowking, L99, M|100/100
|-damage|p1a: The Apparition|88/100|[from] Spikes
|-damage|p1a: The Apparition|76/100|[from] Stealth Rock
|cant|p2a: Avenue|slp
|
|upkeep
|turn|60
|
|t:|1663518761
|cant|p2a: Avenue|slp
|move|p1a: The Apparition|Future Sight|p2a: Avenue
|-start|p1a: The Apparition|move: Future Sight
|
|upkeep
|turn|61
|
|t:|1663518767
|cant|p2a: Avenue|slp
|move|p1a: The Apparition|Scald|p2a: Avenue
|-damage|p2a: Avenue|66/100 slp
|
|upkeep
|turn|62
|
|t:|1663518771
|-curestatus|p2a: Avenue|slp|[msg]
|move|p2a: Avenue|Roost|p2a: Avenue
|-heal|p2a: Avenue|100/100
|-singleturn|p2a: Avenue|move: Roost
|move|p1a: The Apparition|Teleport|p1a: The Apparition
|
|t:|1663518774
|switch|p1a: Fear Is The Key|Noivern, M|70/100|[from]move: Teleport
|
|-end|p2a: Avenue|move: Future Sight
|-resisted|p2a: Avenue
|-damage|p2a: Avenue|71/100
|upkeep
|turn|63
|
|t:|1663518777
|switch|p2a: Eléphant|Hippowdon, F|74/100 psn
|-weather|Sandstorm|[from] ability: Sand Stream|[of] p2a: Eléphant
|move|p1a: Fear Is The Key|Flamethrower|p2a: Eléphant
|-damage|p2a: Eléphant|54/100 psn
|
|-weather|Sandstorm|[upkeep]
|-damage|p1a: Fear Is The Key|64/100|[from] Sandstorm
|-heal|p2a: Eléphant|60/100 psn|[from] item: Leftovers
|-damage|p2a: Eléphant|48/100 psn|[from] psn
|upkeep
|turn|64
|
|t:|1663518784
|move|p1a: Fear Is The Key|U-turn|p2a: Eléphant
|-damage|p2a: Eléphant|41/100 psn
|
|t:|1663518790
|switch|p1a: The Fugitive|Amoonguss, M, shiny|100/100|[from]move: U-turn
|-damage|p1a: The Fugitive|88/100|[from] Spikes
|-damage|p1a: The Fugitive|75/100|[from] Stealth Rock
|move|p2a: Eléphant|Slack Off|p2a: Eléphant
|-heal|p2a: Eléphant|91/100 psn
|
|-weather|Sandstorm|[upkeep]
|-damage|p1a: The Fugitive|69/100|[from] Sandstorm
|-heal|p2a: Eléphant|98/100 psn|[from] item: Leftovers
|-heal|p1a: The Fugitive|75/100|[from] item: Black Sludge
|-damage|p2a: Eléphant|85/100 psn|[from] psn
|upkeep
|turn|65
|
|t:|1663518800
|switch|p2a: Avenue|Skarmory, F|71/100
|move|p1a: The Fugitive|Sludge Bomb|p2a: Avenue
|-immune|p2a: Avenue
|
|-weather|Sandstorm|[upkeep]
|-damage|p1a: The Fugitive|69/100|[from] Sandstorm
|-heal|p1a: The Fugitive|75/100|[from] item: Black Sludge
|upkeep
|turn|66
|
|t:|1663518808
|move|p2a: Avenue|Roost|p2a: Avenue
|-heal|p2a: Avenue|100/100
|-singleturn|p2a: Avenue|move: Roost
|move|p1a: The Fugitive|Stun Spore|p2a: Avenue
|-status|p2a: Avenue|par
|
|-weather|Sandstorm|[upkeep]
|-damage|p1a: The Fugitive|69/100|[from] Sandstorm
|-heal|p1a: The Fugitive|75/100|[from] item: Black Sludge
|upkeep
|turn|67
|
|t:|1663518812
|switch|p1a: Fear Is The Key|Noivern, M|64/100
|move|p2a: Avenue|Iron Defense|p2a: Avenue
|-boost|p2a: Avenue|def|2
|
|-weather|none
|upkeep
|turn|68
|j| Ciro napoli
|
|t:|1663518816
|switch|p2a: Eléphant|Hippowdon, F|85/100 psn
|-weather|Sandstorm|[from] ability: Sand Stream|[of] p2a: Eléphant
|move|p1a: Fear Is The Key|Flamethrower|p2a: Eléphant
|-damage|p2a: Eléphant|64/100 psn
|
|-weather|Sandstorm|[upkeep]
|-damage|p1a: Fear Is The Key|58/100|[from] Sandstorm
|-heal|p2a: Eléphant|70/100 psn|[from] item: Leftovers
|-damage|p2a: Eléphant|58/100 psn|[from] psn
|upkeep
|turn|69
|
|t:|1663518824
|move|p1a: Fear Is The Key|U-turn|p2a: Eléphant
|-damage|p2a: Eléphant|51/100 psn
|l| Uber45
|
|t:|1663518828
|switch|p1a: The Fugitive|Amoonguss, M, shiny|100/100|[from]move: U-turn
|-damage|p1a: The Fugitive|88/100|[from] Spikes
|-damage|p1a: The Fugitive|75/100|[from] Stealth Rock
|move|p2a: Eléphant|Slack Off|p2a: Eléphant
|-heal|p2a: Eléphant|100/100 psn
|
|-weather|Sandstorm|[upkeep]
|-damage|p1a: The Fugitive|69/100|[from] Sandstorm
|-heal|p1a: The Fugitive|75/100|[from] item: Black Sludge
|-damage|p2a: Eléphant|88/100 psn|[from] psn
|upkeep
|turn|70
|c| Ciro napoli|Yo za
|
|t:|1663518855
|move|p2a: Eléphant|Toxic|p1a: The Fugitive
|-immune|p1a: The Fugitive
|move|p1a: The Fugitive|Sludge Bomb|p2a: Eléphant
|-resisted|p2a: Eléphant
|-damage|p2a: Eléphant|77/100 psn
|
|-weather|Sandstorm|[upkeep]
|-damage|p1a: The Fugitive|69/100|[from] Sandstorm
|-heal|p2a: Eléphant|84/100 psn|[from] item: Leftovers
|-heal|p1a: The Fugitive|75/100|[from] item: Black Sludge
|-damage|p2a: Eléphant|71/100 psn|[from] psn
|upkeep
|turn|71
|inactive|Zephyyyr has 270 seconds left.
|
|t:|1663518874
|switch|p2a: Avenue|Skarmory, F|100/100 par
|move|p1a: The Fugitive|Sludge Bomb|p2a: Avenue
|-immune|p2a: Avenue
|
|-weather|Sandstorm|[upkeep]
|-damage|p1a: The Fugitive|69/100|[from] Sandstorm
|-heal|p1a: The Fugitive|75/100|[from] item: Black Sludge
|upkeep
|turn|72
|l|+Dragonillis
|
|t:|1663518879
|switch|p1a: The Apparition|Slowking, L99, M|100/100
|-damage|p1a: The Apparition|88/100|[from] Spikes
|-damage|p1a: The Apparition|76/100|[from] Stealth Rock
|cant|p2a: Avenue|par
|
|-weather|none
|upkeep
|turn|73
|
|t:|1663518884
|move|p2a: Avenue|Iron Defense|p2a: Avenue
|-boost|p2a: Avenue|def|2
|move|p1a: The Apparition|Future Sight|p2a: Avenue
|-start|p1a: The Apparition|move: Future Sight
|
|upkeep
|turn|74
|
|t:|1663518891
|cant|p2a: Avenue|par
|move|p1a: The Apparition|Scald|p2a: Avenue
|-damage|p2a: Avenue|65/100 par
|
|upkeep
|turn|75
|
|t:|1663518912
|move|p2a: Avenue|Roost|p2a: Avenue
|-heal|p2a: Avenue|100/100 par
|-singleturn|p2a: Avenue|move: Roost
|move|p1a: The Apparition|Teleport|p1a: The Apparition
|
|t:|1663518915
|switch|p1a: Fear Is The Key|Noivern, M|58/100|[from]move: Teleport
|
|-end|p2a: Avenue|move: Future Sight
|-resisted|p2a: Avenue
|-damage|p2a: Avenue|75/100 par
|upkeep
|turn|76
|
|t:|1663518921
|switch|p2a: Eléphant|Hippowdon, F|71/100 psn
|-weather|Sandstorm|[from] ability: Sand Stream|[of] p2a: Eléphant
|move|p1a: Fear Is The Key|Flamethrower|p2a: Eléphant
|-damage|p2a: Eléphant|51/100 psn
|
|-weather|Sandstorm|[upkeep]
|-damage|p1a: Fear Is The Key|52/100|[from] Sandstorm
|-heal|p2a: Eléphant|57/100 psn|[from] item: Leftovers
|-damage|p2a: Eléphant|45/100 psn|[from] psn
|upkeep
|turn|77
|
|t:|1663518927
|move|p1a: Fear Is The Key|Draco Meteor|p2a: Eléphant
|-damage|p2a: Eléphant|0 fnt
|-unboost|p1a: Fear Is The Key|spa|2
|faint|p2a: Eléphant
|
|-weather|Sandstorm|[upkeep]
|-damage|p1a: Fear Is The Key|46/100|[from] Sandstorm
|upkeep
|
|t:|1663518930
|switch|p2a: Médaille|Noivern, F|59/100
|turn|78
|l| Ciro napoli
|
|t:|1663518942
|switch|p1a: The Apparition|Slowking, L99, M|100/100
|-damage|p1a: The Apparition|88/100|[from] Spikes
|-damage|p1a: The Apparition|76/100|[from] Stealth Rock
|move|p2a: Médaille|Draco Meteor|p1a: The Apparition
|-damage|p1a: The Apparition|33/100
|-unboost|p2a: Médaille|spa|2
|
|-weather|Sandstorm|[upkeep]
|-damage|p2a: Médaille|53/100|[from] Sandstorm
|-damage|p1a: The Apparition|27/100|[from] Sandstorm
|upkeep
|turn|79
|
|t:|1663518957
|switch|p1a: The Fugitive|Amoonguss, M, shiny|100/100
|-damage|p1a: The Fugitive|88/100|[from] Spikes
|-damage|p1a: The Fugitive|75/100|[from] Stealth Rock
|move|p2a: Médaille|U-turn|p1a: The Fugitive
|-damage|p1a: The Fugitive|67/100
|
|t:|1663518960
|switch|p2a: Avenue|Skarmory, F|75/100 par|[from]move: U-turn
|
|-weather|Sandstorm|[upkeep]
|-damage|p1a: The Fugitive|61/100|[from] Sandstorm
|-heal|p1a: The Fugitive|67/100|[from] item: Black Sludge
|upkeep
|turn|80
|
|t:|1663518968
|switch|p1a: The Apparition|Slowking, L99, M|60/100
|-damage|p1a: The Apparition|48/100|[from] Spikes
|-damage|p1a: The Apparition|35/100|[from] Stealth Rock
|cant|p2a: Avenue|par
|
|-weather|none
|upkeep
|turn|81
|
|t:|1663518973
|cant|p2a: Avenue|par
|move|p1a: The Apparition|Slack Off|p1a: The Apparition
|-heal|p1a: The Apparition|86/100
|
|upkeep
|turn|82
|
|t:|1663518978
|move|p2a: Avenue|Spikes|p1a: The Apparition
|-sidestart|p1: Zephyyyr|Spikes
|move|p1a: The Apparition|Future Sight|p2a: Avenue
|-start|p1a: The Apparition|move: Future Sight
|
|upkeep
|turn|83
|
|t:|1663518986
|move|p2a: Avenue|Roost|p2a: Avenue
|-heal|p2a: Avenue|100/100 par
|-singleturn|p2a: Avenue|move: Roost
|move|p1a: The Apparition|Teleport|p1a: The Apparition
|l| RichardMillePlain
|
|t:|1663518992
|switch|p1a: Childhood's End|Excadrill, M|51/100|[from]move: Teleport
|-damage|p1a: Childhood's End|35/100|[from] Spikes
|-damage|p1a: Childhood's End|32/100|[from] Stealth Rock
|-ability|p1a: Childhood's End|Mold Breaker
|
|upkeep
|turn|84
|
|t:|1663518998
|move|p1a: Childhood's End|Rapid Spin|p2a: Avenue
|-resisted|p2a: Avenue
|-damage|p2a: Avenue|96/100 par
|-boost|p1a: Childhood's End|spe|1
|-damage|p1a: Childhood's End|15/100|[from] item: Rocky Helmet|[of] p2a: Avenue
|-sideend|p1: Zephyyyr|Spikes|[from] move: Rapid Spin|[of] p1a: Childhood's End
|-sideend|p1: Zephyyyr|Stealth Rock|[from] move: Rapid Spin|[of] p1a: Childhood's End
|move|p2a: Avenue|Body Press|p1a: Childhood's End
|-supereffective|p1a: Childhood's End
|-damage|p1a: Childhood's End|0 fnt
|faint|p1a: Childhood's End
|
|-end|p2a: Avenue|move: Future Sight
|-resisted|p2a: Avenue
|-damage|p2a: Avenue|69/100 par
|upkeep
|
|t:|1663519009
|switch|p1a: Fear Is The Key|Noivern, M|46/100
|turn|85
|
|t:|1663519015
|move|p1a: Fear Is The Key|Flamethrower|p2a: Avenue
|-supereffective|p2a: Avenue
|-damage|p2a: Avenue|0 fnt
|faint|p2a: Avenue
|
|upkeep
|
|t:|1663519017
|switch|p2a: Médaille|Noivern, F|53/100
|turn|86
|c|☆Draphirion|g_g
|
|t:|1663519026
|move|p1a: Fear Is The Key|Draco Meteor|p2a: Médaille
|-supereffective|p2a: Médaille
|-damage|p2a: Médaille|0 fnt
|-unboost|p1a: Fear Is The Key|spa|2
|faint|p2a: Médaille
|
|win|Zephyyyr
|c|☆Zephyyyr|Gg
|l|☆Draphirion
|l| Cauet Burger
|l| Shoka
|l| Gigatouad
|l| HaxxLR
|l| Micciu20250
|l| Giga㋛Chandelure-☂
|l| infinitroll
|l| SvartPest
|l| Shimosa
|l| Prodigezz
|l| Shafofficiel
|l| Khemissi
|l| Spoire 45
|j| Daruma
|l| Masskeauuu
|l| Daruma
|l| Le Dieun ❤ notor
|l| Beka ❤
|j|☆Draphirion
|player|p2|Draphirion|youngster-gen4dp
|l|%Clementine
|l|%Mihowk
|l| TaoTDW
|l| Astreau
