|j|☆Youngster Maxance
|j|☆sky queen mavis
|player|p1|Youngster Maxance|unknown|1268
|player|p2|sky queen mavis|winona-gen6|1129
|teamsize|p1|6
|teamsize|p2|6
|gametype|singles
|gen|8
|tier|[Gen 8] UU
|rated|
|clearpoke
|poke|p1|Avalugg, F|
|poke|p1|Pyukumuku, M|
|poke|p1|Umbreon, M|
|poke|p1|Noivern, F|
|poke|p1|Sandaconda, M|
|poke|p1|Reuniclus, F|
|poke|p2|Incineroar, M|
|poke|p2|Sylveon, F|
|poke|p2|Rotom-Wash|
|poke|p2|Cobalion|
|poke|p2|Haxorus, M|
|poke|p2|Noivern, F|
|rule|Sleep Clause Mod: Limit one foe put to sleep
|rule|Species Clause: Limit one of each Pokémon
|rule|OHKO Clause: OHKO moves are banned
|rule|Evasion Moves Clause: Evasion moves are banned
|rule|Endless Battle Clause: Forcing endless battles is banned
|rule|HP Percentage Mod: HP is shown in percentages
|rule|Dynamax Clause: You cannot dynamax
|teampreview
|j| badatbattle302
|inactive|Battle timer is ON: inactive players will automatically lose when time's up. (requested by Youngster Maxance)
|inactive|Youngster Maxance has 120 seconds left.
|
|start
|switch|p1a: Pyukumuku|Pyukumuku, M|100/100
|switch|p2a: tigerstar|Incineroar, M|100/100
|-ability|p2a: tigerstar|Intimidate|boost
|-unboost|p1a: Pyukumuku|atk|1
|turn|1
|
|move|p2a: tigerstar|Toxic|p1a: Pyukumuku
|-status|p1a: Pyukumuku|tox
|move|p1a: Pyukumuku|Block|p2a: tigerstar
|-activate|p2a: tigerstar|trapped
|
|-damage|p1a: Pyukumuku|94/100 tox|[from] psn
|upkeep
|turn|2
|
|switch|p1a: Umbreon|Umbreon, M|100/100
|move|p2a: tigerstar|Parting Shot|p1a: Umbreon
|-unboost|p1a: Umbreon|atk|1
|-unboost|p1a: Umbreon|spa|1
|
|switch|p2a: THE WORLD|Haxorus, M|100/100|[from]move: Parting Shot
|-ability|p2a: THE WORLD|Mold Breaker
|
|upkeep
|turn|3
|
|move|p2a: THE WORLD|Close Combat|p1a: Umbreon
|-supereffective|p1a: Umbreon
|-damage|p1a: Umbreon|0 fnt
|-unboost|p2a: THE WORLD|def|1
|-unboost|p2a: THE WORLD|spd|1
|faint|p1a: Umbreon
|
|upkeep
|c| badatbattle302|i like peepee
|
|switch|p1a: Sandaconda|Sandaconda, M|100/100
|turn|4
|l| badatbattle302
|
|switch|p2a: spin cycle|Rotom-Wash|100/100
|move|p1a: Sandaconda|Iron Defense|p1a: Sandaconda
|-boost|p1a: Sandaconda|def|2
|
|upkeep
|turn|5
|
|move|p2a: spin cycle|Hydro Pump|p1a: Sandaconda
|-supereffective|p1a: Sandaconda
|-damage|p1a: Sandaconda|0 fnt
|faint|p1a: Sandaconda
|
|upkeep
|-message|Youngster Maxance forfeited.
|
|win|sky queen mavis
|l|☆Youngster Maxance
