|j|☆pokemonisfun
|j|☆Tempest brute
|t:|1664329174
|gametype|singles
|player|p1|pokemonisfun|#uutrio2ladder|1784
|player|p2|Tempest brute|169|1664
|teamsize|p1|6
|teamsize|p2|6
|gen|8
|tier|[Gen 8] UU
|rated|
|rule|Sleep Clause Mod: Limit one foe put to sleep
|rule|Species Clause: Limit one of each Pokémon
|rule|OHKO Clause: OHKO moves are banned
|rule|Evasion Items Clause: Evasion items are banned
|rule|Evasion Moves Clause: Evasion moves are banned
|rule|Endless Battle Clause: Forcing endless battles is banned
|rule|HP Percentage Mod: HP is shown in percentages
|rule|Dynamax Clause: You cannot dynamax
|clearpoke
|poke|p1|Golisopod, M|
|poke|p1|Cobalion|
|poke|p1|Zygarde-10%|
|poke|p1|Chansey, F|
|poke|p1|Salamence, F|
|poke|p1|Tentacruel, M|
|poke|p2|Skarmory, F|
|poke|p2|Hydreigon, F|
|poke|p2|Cresselia, F|
|poke|p2|Primarina, F|
|poke|p2|Golisopod, M|
|poke|p2|Thundurus-Therian, M|
|teampreview
|c|☆Tempest brute|yes
|c|☆Tempest brute|a fellow
|j| bladee arteezy
|c|☆Tempest brute|golspod user
|c|☆pokemonisfun|why are there so many god pods
|
|t:|1664329235
|start
|switch|p1a: isoGOD|Golisopod, M|100/100
|switch|p2a: Skarmory|Skarmory, F|100/100
|turn|1
|
|t:|1664329239
|move|p2a: Skarmory|Spikes|p1a: isoGOD
|-sidestart|p1: pokemonisfun|Spikes
|move|p1a: isoGOD|Knock Off|p2a: Skarmory
|-damage|p2a: Skarmory|76/100
|-damage|p1a: isoGOD|84/100|[from] item: Rocky Helmet|[of] p2a: Skarmory
|-enditem|p2a: Skarmory|Rocky Helmet|[from] move: Knock Off|[of] p1a: isoGOD
|
|upkeep
|turn|2
|
|t:|1664329243
|move|p2a: Skarmory|Roost|p2a: Skarmory
|-heal|p2a: Skarmory|100/100
|-singleturn|p2a: Skarmory|move: Roost
|move|p1a: isoGOD|Spikes|p2a: Skarmory
|-sidestart|p2: Tempest brute|Spikes
|
|upkeep
|turn|3
|
|t:|1664329246
|switch|p1a: hoisin poison|Tentacruel, M|100/100
|-damage|p1a: hoisin poison|88/100|[from] Spikes
|move|p2a: Skarmory|Spikes|p1a: hoisin poison
|-sidestart|p1: pokemonisfun|Spikes
|
|-heal|p1a: hoisin poison|94/100|[from] item: Black Sludge
|upkeep
|turn|4
|j| 467 11 11p
|
|t:|1664329250
|switch|p2a: Thundurus|Thundurus-Therian, M|100/100
|move|p1a: hoisin poison|Rapid Spin|p2a: Thundurus
|-damage|p2a: Thundurus|89/100
|-boost|p1a: hoisin poison|spe|1
|-sideend|p1: pokemonisfun|Spikes|[from] move: Rapid Spin|[of] p1a: hoisin poison
|
|-heal|p1a: hoisin poison|99/100|[from] item: Black Sludge
|upkeep
|turn|5
|c| 467 11 11p|hi pif stream
|l| 467 11 11p
|j| StarFalcon555
|inactive|Battle timer is ON: inactive players will automatically lose when time's up. (requested by Tempest brute)
|inactive|pokemonisfun has 120 seconds left.
|
|t:|1664329315
|switch|p1a: megan the eggin|Chansey, F|100/100
|move|p2a: Thundurus|Nasty Plot|p2a: Thundurus
|-boost|p2a: Thundurus|spa|2
|
|upkeep
|turn|6
|
|t:|1664329335
|switch|p1a: isoGOD|Golisopod, M|84/100
|move|p2a: Thundurus|Focus Blast|p1a: isoGOD
|-resisted|p1a: isoGOD
|-damage|p1a: isoGOD|33/100
|-activate|p1a: isoGOD|ability: Emergency Exit
|
|t:|1664329341
|switch|p1a: Zygarde-10% off|Zygarde-10%|100/100
|-ability|p1a: Zygarde-10% off|Aura Break
|
|upkeep
|turn|7
|
|t:|1664329350
|switch|p2a: Cresselia|Cresselia, F|100/100
|move|p1a: Zygarde-10% off|Outrage|p2a: Cresselia
|-crit|p2a: Cresselia
|-damage|p2a: Cresselia|36/100
|
|-heal|p2a: Cresselia|42/100|[from] item: Leftovers
|upkeep
|turn|8
|
|t:|1664329359
|switch|p2a: Skarmory|Skarmory, F|100/100
|move|p1a: Zygarde-10% off|Outrage|p2a: Skarmory|[from]lockedmove
|-resisted|p2a: Skarmory
|-damage|p2a: Skarmory|75/100
|
|upkeep
|turn|9
|
|t:|1664329366
|move|p1a: Zygarde-10% off|Outrage|p2a: Skarmory|[from]lockedmove
|-resisted|p2a: Skarmory
|-damage|p2a: Skarmory|50/100
|-start|p1a: Zygarde-10% off|confusion|[fatigue]
|move|p2a: Skarmory|Spikes|p1a: Zygarde-10% off
|-sidestart|p1: pokemonisfun|Spikes
|
|upkeep
|turn|10
|
|t:|1664329373
|switch|p1a: hoisin poison|Tentacruel, M|99/100
|-damage|p1a: hoisin poison|88/100|[from] Spikes
|move|p2a: Skarmory|Roost|p2a: Skarmory
|-heal|p2a: Skarmory|99/100
|-singleturn|p2a: Skarmory|move: Roost
|
|-heal|p1a: hoisin poison|94/100|[from] item: Black Sludge
|upkeep
|turn|11
|
|t:|1664329376
|switch|p2a: Cresselia|Cresselia, F|42/100
|move|p1a: hoisin poison|Rapid Spin|p2a: Cresselia
|-crit|p2a: Cresselia
|-damage|p2a: Cresselia|37/100
|-boost|p1a: hoisin poison|spe|1
|-sideend|p1: pokemonisfun|Spikes|[from] move: Rapid Spin|[of] p1a: hoisin poison
|
|-heal|p1a: hoisin poison|99/100|[from] item: Black Sludge
|-heal|p2a: Cresselia|43/100|[from] item: Leftovers
|upkeep
|turn|12
|
|t:|1664329382
|switch|p1a: coba truthin|Cobalion|100/100
|move|p2a: Cresselia|Moonlight|p2a: Cresselia
|-heal|p2a: Cresselia|93/100
|
|-heal|p2a: Cresselia|99/100|[from] item: Leftovers
|upkeep
|turn|13
|
|t:|1664329385
|switch|p2a: Skarmory|Skarmory, F|99/100
|move|p1a: coba truthin|Stealth Rock|p2a: Skarmory
|-sidestart|p2: Tempest brute|move: Stealth Rock
|
|upkeep
|turn|14
|
|t:|1664329395
|move|p1a: coba truthin|Swords Dance|p1a: coba truthin
|-boost|p1a: coba truthin|atk|2
|move|p2a: Skarmory|Iron Defense|p2a: Skarmory
|-boost|p2a: Skarmory|def|2
|
|upkeep
|turn|15
|l| StarFalcon555
|
|t:|1664329398
|switch|p1a: mencey wencey|Salamence, F|100/100
|-ability|p1a: mencey wencey|Intimidate|boost
|-unboost|p2a: Skarmory|atk|1
|move|p2a: Skarmory|Body Press|p1a: mencey wencey
|-resisted|p1a: mencey wencey
|-damage|p1a: mencey wencey|74/100
|
|upkeep
|turn|16
|j| StarFalcon555
|inactive|pokemonisfun has 120 seconds left.
|
|t:|1664329434
|switch|p2a: Cresselia|Cresselia, F|99/100
|-damage|p2a: Cresselia|86/100|[from] Stealth Rock
|move|p1a: mencey wencey|Flamethrower|p2a: Cresselia
|-crit|p2a: Cresselia
|-damage|p2a: Cresselia|69/100
|
|-heal|p2a: Cresselia|75/100|[from] item: Leftovers
|upkeep
|turn|17
|inactive|pokemonisfun has 120 seconds left.
|
|t:|1664329447
|switch|p1a: megan the eggin|Chansey, F|100/100
|move|p2a: Cresselia|Ice Beam|p1a: megan the eggin
|-damage|p1a: megan the eggin|95/100
|
|-heal|p2a: Cresselia|81/100|[from] item: Leftovers
|upkeep
|turn|18
|inactive|pokemonisfun has 120 seconds left.
|
|t:|1664329454
|switch|p2a: Skarmory|Skarmory, F|99/100
|-damage|p2a: Skarmory|87/100|[from] Stealth Rock
|move|p1a: megan the eggin|Seismic Toss|p2a: Skarmory
|-damage|p2a: Skarmory|57/100
|
|upkeep
|turn|19
|
|t:|1664329459
|switch|p1a: hoisin poison|Tentacruel, M|99/100
|move|p2a: Skarmory|Roost|p2a: Skarmory
|-heal|p2a: Skarmory|100/100
|-singleturn|p2a: Skarmory|move: Roost
|
|-heal|p1a: hoisin poison|100/100|[from] item: Black Sludge
|upkeep
|turn|20
|
|t:|1664329478
|switch|p2a: Hydreigon|Hydreigon, F|100/100
|-damage|p2a: Hydreigon|88/100|[from] Stealth Rock
|move|p1a: hoisin poison|Sludge Bomb|p2a: Hydreigon
|-damage|p2a: Hydreigon|71/100
|
|-heal|p2a: Hydreigon|77/100|[from] item: Leftovers
|upkeep
|turn|21
|c|☆pokemonisfun|excuse me
|
|t:|1664329486
|switch|p1a: megan the eggin|Chansey, F|95/100
|move|p2a: Hydreigon|Thunder Wave|p1a: megan the eggin
|-status|p1a: megan the eggin|par
|
|-heal|p2a: Hydreigon|83/100|[from] item: Leftovers
|upkeep
|turn|22
|
|t:|1664329493
|switch|p2a: Skarmory|Skarmory, F|100/100
|-damage|p2a: Skarmory|88/100|[from] Stealth Rock
|cant|p1a: megan the eggin|par
|
|upkeep
|turn|23
|
|t:|1664329498
|switch|p2a: Golisopod|Golisopod, M|100/100
|-curestatus|p1a: megan the eggin|par|[from] ability: Natural Cure
|switch|p1a: hoisin poison|Tentacruel, M|100/100
|
|upkeep
|turn|24
|
|t:|1664329510
|switch|p1a: mencey wencey|Salamence, F|74/100
|-ability|p1a: mencey wencey|Intimidate|boost
|-unboost|p2a: Golisopod|atk|1
|move|p2a: Golisopod|Knock Off|p1a: mencey wencey
|-damage|p1a: mencey wencey|52/100
|-enditem|p1a: mencey wencey|Heavy-Duty Boots|[from] move: Knock Off|[of] p2a: Golisopod
|
|upkeep
|turn|25
|
|t:|1664329516
|switch|p2a: Cresselia|Cresselia, F|81/100
|-damage|p2a: Cresselia|69/100|[from] Stealth Rock
|move|p1a: mencey wencey|Roost|p1a: mencey wencey
|-heal|p1a: mencey wencey|100/100
|-singleturn|p1a: mencey wencey|move: Roost
|
|-heal|p2a: Cresselia|75/100|[from] item: Leftovers
|upkeep
|turn|26
|
|t:|1664329524
|switch|p1a: megan the eggin|Chansey, F|95/100
|move|p2a: Cresselia|Ice Beam|p1a: megan the eggin
|-damage|p1a: megan the eggin|90/100
|
|-heal|p2a: Cresselia|81/100|[from] item: Leftovers
|upkeep
|turn|27
|
|t:|1664329547
|switch|p2a: Primarina|Primarina, F|100/100
|-damage|p2a: Primarina|88/100|[from] Spikes
|-damage|p2a: Primarina|76/100|[from] Stealth Rock
|move|p1a: megan the eggin|Teleport|p1a: megan the eggin
|
|t:|1664329552
|switch|p1a: hoisin poison|Tentacruel, M|100/100|[from]move: Teleport
|
|-heal|p2a: Primarina|82/100|[from] item: Leftovers
|upkeep
|turn|28
|
|t:|1664329557
|switch|p2a: Hydreigon|Hydreigon, F|83/100
|-damage|p2a: Hydreigon|71/100|[from] Stealth Rock
|move|p1a: hoisin poison|Sludge Bomb|p2a: Hydreigon
|-damage|p2a: Hydreigon|53/100
|
|-heal|p2a: Hydreigon|60/100|[from] item: Leftovers
|upkeep
|turn|29
|
|t:|1664329561
|switch|p1a: megan the eggin|Chansey, F|90/100
|move|p2a: Hydreigon|Roost|p2a: Hydreigon
|-heal|p2a: Hydreigon|100/100
|-singleturn|p2a: Hydreigon|move: Roost
|
|upkeep
|turn|30
|
|t:|1664329567
|move|p2a: Hydreigon|Nasty Plot|p2a: Hydreigon
|-boost|p2a: Hydreigon|spa|2
|move|p1a: megan the eggin|Teleport|p1a: megan the eggin
|
|t:|1664329570
|switch|p1a: coba truthin|Cobalion|100/100|[from]move: Teleport
|
|upkeep
|turn|31
|
|t:|1664329573
|switch|p1a: megan the eggin|Chansey, F|90/100
|move|p2a: Hydreigon|Thunder Wave|p1a: megan the eggin
|-status|p1a: megan the eggin|par
|
|upkeep
|turn|32
|
|t:|1664329580
|move|p2a: Hydreigon|Nasty Plot|p2a: Hydreigon
|-boost|p2a: Hydreigon|spa|2
|move|p1a: megan the eggin|Toxic|p2a: Hydreigon
|-status|p2a: Hydreigon|tox
|
|-damage|p2a: Hydreigon|94/100 tox|[from] psn
|upkeep
|turn|33
|
|t:|1664329585
|move|p2a: Hydreigon|Dark Pulse|p1a: megan the eggin
|-damage|p1a: megan the eggin|62/100 par
|cant|p1a: megan the eggin|flinch
|
|-heal|p2a: Hydreigon|100/100 tox|[from] item: Leftovers
|-damage|p2a: Hydreigon|88/100 tox|[from] psn
|upkeep
|turn|34
|
|t:|1664329589
|switch|p2a: Thundurus|Thundurus-Therian, M|89/100
|cant|p1a: megan the eggin|par
|
|upkeep
|turn|35
|
|t:|1664329594
|-curestatus|p1a: megan the eggin|par|[from] ability: Natural Cure
|switch|p1a: Zygarde-10% off|Zygarde-10%|100/100
|-ability|p1a: Zygarde-10% off|Aura Break
|move|p2a: Thundurus|Nasty Plot|p2a: Thundurus
|-boost|p2a: Thundurus|spa|2
|
|upkeep
|turn|36
|
|t:|1664329601
|switch|p2a: Golisopod|Golisopod, M|100/100
|move|p1a: Zygarde-10% off|Thousand Arrows|p2a: Golisopod
|-resisted|p2a: Golisopod
|-damage|p2a: Golisopod|78/100
|
|upkeep
|turn|37
|
|t:|1664329610
|switch|p1a: mencey wencey|Salamence, F|100/100
|-ability|p1a: mencey wencey|Intimidate|boost
|-unboost|p2a: Golisopod|atk|1
|switch|p2a: Thundurus|Thundurus-Therian, M|89/100
|
|upkeep
|turn|38
|
|t:|1664329616
|switch|p1a: Zygarde-10% off|Zygarde-10%|100/100
|-ability|p1a: Zygarde-10% off|Aura Break
|move|p2a: Thundurus|Nasty Plot|p2a: Thundurus
|-boost|p2a: Thundurus|spa|2
|
|upkeep
|turn|39
|
|t:|1664329619
|move|p1a: Zygarde-10% off|Thousand Arrows|p2a: Thundurus
|-damage|p2a: Thundurus|5/100
|-start|p2a: Thundurus|Smack Down
|move|p2a: Thundurus|Focus Blast|p1a: Zygarde-10% off
|-damage|p1a: Zygarde-10% off|0 fnt
|faint|p1a: Zygarde-10% off
|
|upkeep
|
|t:|1664329627
|switch|p1a: coba truthin|Cobalion|100/100
|turn|40
|
|t:|1664329633
|switch|p2a: Golisopod|Golisopod, M|78/100
|move|p1a: coba truthin|Close Combat|p2a: Golisopod
|-resisted|p2a: Golisopod
|-damage|p2a: Golisopod|58/100
|-unboost|p1a: coba truthin|def|1
|-unboost|p1a: coba truthin|spd|1
|
|upkeep
|turn|41
|
|t:|1664329642
|move|p2a: Golisopod|First Impression|p1a: coba truthin
|-resisted|p1a: coba truthin
|-damage|p1a: coba truthin|84/100
|-damage|p2a: Golisopod|41/100|[from] item: Rocky Helmet|[of] p1a: coba truthin
|-activate|p2a: Golisopod|ability: Emergency Exit
|
|t:|1664329648
|switch|p2a: Skarmory|Skarmory, F|88/100
|-damage|p2a: Skarmory|76/100|[from] Stealth Rock
|move|p1a: coba truthin|Close Combat|p2a: Skarmory
|-damage|p2a: Skarmory|43/100
|-unboost|p1a: coba truthin|def|1
|-unboost|p1a: coba truthin|spd|1
|
|upkeep
|turn|42
|inactive|pokemonisfun has 120 seconds left.
|
|t:|1664329681
|switch|p1a: mencey wencey|Salamence, F|100/100
|-ability|p1a: mencey wencey|Intimidate|boost
|-unboost|p2a: Skarmory|atk|1
|move|p2a: Skarmory|Roost|p2a: Skarmory
|-heal|p2a: Skarmory|93/100
|-singleturn|p2a: Skarmory|move: Roost
|
|upkeep
|turn|43
|
|t:|1664329688
|switch|p2a: Primarina|Primarina, F|82/100
|-damage|p2a: Primarina|69/100|[from] Spikes
|-damage|p2a: Primarina|57/100|[from] Stealth Rock
|move|p1a: mencey wencey|Wish|p1a: mencey wencey
|
|-heal|p2a: Primarina|63/100|[from] item: Leftovers
|upkeep
|turn|44
|
|t:|1664329701
|switch|p1a: megan the eggin|Chansey, F|62/100
|move|p2a: Primarina|Moonblast|p1a: megan the eggin
|-damage|p1a: megan the eggin|48/100
|
|-heal|p1a: megan the eggin|76/100|[from] move: Wish|[wisher] mencey wencey
|-heal|p2a: Primarina|69/100|[from] item: Leftovers
|upkeep
|turn|45
|
|t:|1664329711
|switch|p2a: Skarmory|Skarmory, F|93/100
|-damage|p2a: Skarmory|81/100|[from] Stealth Rock
|move|p1a: megan the eggin|Toxic|p2a: Skarmory
|-immune|p2a: Skarmory
|
|upkeep
|turn|46
|
|t:|1664329716
|switch|p1a: hoisin poison|Tentacruel, M|100/100
|move|p2a: Skarmory|Spikes|p1a: hoisin poison
|-sidestart|p1: pokemonisfun|Spikes
|
|upkeep
|turn|47
|
|t:|1664329720
|move|p1a: hoisin poison|Rapid Spin|p2a: Skarmory
|-resisted|p2a: Skarmory
|-damage|p2a: Skarmory|79/100
|-boost|p1a: hoisin poison|spe|1
|-sideend|p1: pokemonisfun|Spikes|[from] move: Rapid Spin|[of] p1a: hoisin poison
|move|p2a: Skarmory|Spikes|p1a: hoisin poison
|-sidestart|p1: pokemonisfun|Spikes
|
|upkeep
|turn|48
|
|t:|1664329729
|switch|p2a: Cresselia|Cresselia, F|81/100
|-damage|p2a: Cresselia|69/100|[from] Stealth Rock
|move|p1a: hoisin poison|Rapid Spin|p2a: Cresselia
|-damage|p2a: Cresselia|64/100
|-boost|p1a: hoisin poison|spe|1
|-sideend|p1: pokemonisfun|Spikes|[from] move: Rapid Spin|[of] p1a: hoisin poison
|
|-heal|p2a: Cresselia|70/100|[from] item: Leftovers
|upkeep
|turn|49
|
|t:|1664329736
|switch|p1a: megan the eggin|Chansey, F|76/100
|move|p2a: Cresselia|Calm Mind|p2a: Cresselia
|-boost|p2a: Cresselia|spa|1
|-boost|p2a: Cresselia|spd|1
|
|-heal|p2a: Cresselia|76/100|[from] item: Leftovers
|upkeep
|turn|50
|
|t:|1664329742
|switch|p2a: Skarmory|Skarmory, F|79/100
|-damage|p2a: Skarmory|67/100|[from] Stealth Rock
|move|p1a: megan the eggin|Seismic Toss|p2a: Skarmory
|-damage|p2a: Skarmory|37/100
|
|upkeep
|turn|51
|
|t:|1664329745
|switch|p1a: mencey wencey|Salamence, F|100/100
|-ability|p1a: mencey wencey|Intimidate|boost
|-unboost|p2a: Skarmory|atk|1
|move|p2a: Skarmory|Roost|p2a: Skarmory
|-heal|p2a: Skarmory|87/100
|-singleturn|p2a: Skarmory|move: Roost
|
|upkeep
|turn|52
|
|t:|1664329750
|switch|p2a: Primarina|Primarina, F|69/100
|-damage|p2a: Primarina|57/100|[from] Spikes
|-damage|p2a: Primarina|44/100|[from] Stealth Rock
|move|p1a: mencey wencey|Wish|p1a: mencey wencey
|
|-heal|p2a: Primarina|50/100|[from] item: Leftovers
|upkeep
|turn|53
|
|t:|1664329757
|switch|p1a: hoisin poison|Tentacruel, M|100/100
|move|p2a: Primarina|Moonblast|p1a: hoisin poison
|-resisted|p1a: hoisin poison
|-damage|p1a: hoisin poison|84/100
|
|-heal|p1a: hoisin poison|100/100|[from] move: Wish|[wisher] mencey wencey
|-heal|p2a: Primarina|57/100|[from] item: Leftovers
|upkeep
|turn|54
|
|t:|1664329763
|move|p1a: hoisin poison|Sludge Bomb|p2a: Primarina
|-supereffective|p2a: Primarina
|-damage|p2a: Primarina|25/100
|move|p2a: Primarina|Scald|p1a: hoisin poison
|-resisted|p1a: hoisin poison
|-damage|p1a: hoisin poison|80/100
|-status|p1a: hoisin poison|brn
|
|-heal|p1a: hoisin poison|86/100 brn|[from] item: Black Sludge
|-heal|p2a: Primarina|31/100|[from] item: Leftovers
|-damage|p1a: hoisin poison|80/100 brn|[from] brn
|upkeep
|turn|55
|
|t:|1664329772
|switch|p2a: Cresselia|Cresselia, F|76/100
|-damage|p2a: Cresselia|64/100|[from] Stealth Rock
|move|p1a: hoisin poison|Sludge Bomb|p2a: Cresselia
|-damage|p2a: Cresselia|50/100
|
|-heal|p1a: hoisin poison|86/100 brn|[from] item: Black Sludge
|-heal|p2a: Cresselia|56/100|[from] item: Leftovers
|-damage|p1a: hoisin poison|80/100 brn|[from] brn
|upkeep
|turn|56
|
|t:|1664329779
|switch|p1a: coba truthin|Cobalion|84/100
|move|p2a: Cresselia|Moonlight|p2a: Cresselia
|-heal|p2a: Cresselia|100/100
|
|upkeep
|turn|57
|
|t:|1664329786
|switch|p1a: megan the eggin|Chansey, F|76/100
|move|p2a: Cresselia|Psyshock|p1a: megan the eggin
|-damage|p1a: megan the eggin|60/100
|
|upkeep
|turn|58
|
|t:|1664329802
|switch|p2a: Primarina|Primarina, F|31/100
|-damage|p2a: Primarina|18/100|[from] Spikes
|-damage|p2a: Primarina|6/100|[from] Stealth Rock
|move|p1a: megan the eggin|Seismic Toss|p2a: Primarina
|-damage|p2a: Primarina|0 fnt
|faint|p2a: Primarina
|
|upkeep
|
|t:|1664329804
|switch|p2a: Golisopod|Golisopod, M|41/100
|turn|59
|
|t:|1664329808
|switch|p2a: Cresselia|Cresselia, F|100/100
|-damage|p2a: Cresselia|88/100|[from] Stealth Rock
|switch|p1a: mencey wencey|Salamence, F|100/100
|-ability|p1a: mencey wencey|Intimidate|boost
|-unboost|p2a: Cresselia|atk|1
|
|-heal|p2a: Cresselia|94/100|[from] item: Leftovers
|upkeep
|turn|60
|
|t:|1664329815
|switch|p1a: megan the eggin|Chansey, F|60/100
|move|p2a: Cresselia|Calm Mind|p2a: Cresselia
|-boost|p2a: Cresselia|spa|1
|-boost|p2a: Cresselia|spd|1
|
|-heal|p2a: Cresselia|99/100|[from] item: Leftovers
|upkeep
|turn|61
|
|t:|1664329832
|switch|p2a: Skarmory|Skarmory, F|87/100
|-damage|p2a: Skarmory|74/100|[from] Stealth Rock
|move|p1a: megan the eggin|Soft-Boiled|p1a: megan the eggin
|-heal|p1a: megan the eggin|100/100
|
|upkeep
|turn|62
|
|t:|1664329840
|switch|p1a: hoisin poison|Tentacruel, M|80/100 brn
|move|p2a: Skarmory|Spikes|p1a: hoisin poison
|-sidestart|p1: pokemonisfun|Spikes
|
|-heal|p1a: hoisin poison|86/100 brn|[from] item: Black Sludge
|-damage|p1a: hoisin poison|80/100 brn|[from] brn
|upkeep
|turn|63
|
|t:|1664329845
|switch|p2a: Cresselia|Cresselia, F|99/100
|-damage|p2a: Cresselia|88/100|[from] Stealth Rock
|move|p1a: hoisin poison|Rapid Spin|p2a: Cresselia
|-damage|p2a: Cresselia|86/100
|-boost|p1a: hoisin poison|spe|1
|-sideend|p1: pokemonisfun|Spikes|[from] move: Rapid Spin|[of] p1a: hoisin poison
|
|-heal|p1a: hoisin poison|86/100 brn|[from] item: Black Sludge
|-heal|p2a: Cresselia|92/100|[from] item: Leftovers
|-damage|p1a: hoisin poison|80/100 brn|[from] brn
|upkeep
|turn|64
|
|t:|1664329850
|switch|p1a: megan the eggin|Chansey, F|100/100
|switch|p2a: Skarmory|Skarmory, F|74/100
|-damage|p2a: Skarmory|62/100|[from] Stealth Rock
|
|upkeep
|turn|65
|
|t:|1664329872
|switch|p1a: mencey wencey|Salamence, F|100/100
|-ability|p1a: mencey wencey|Intimidate|boost
|-unboost|p2a: Skarmory|atk|1
|move|p2a: Skarmory|Roost|p2a: Skarmory
|-heal|p2a: Skarmory|100/100
|-singleturn|p2a: Skarmory|move: Roost
|
|upkeep
|turn|66
|
|t:|1664329879
|switch|p2a: Hydreigon|Hydreigon, F|88/100 tox
|-damage|p2a: Hydreigon|76/100 tox|[from] Stealth Rock
|move|p1a: mencey wencey|Wish|p1a: mencey wencey
|
|-heal|p2a: Hydreigon|82/100 tox|[from] item: Leftovers
|-damage|p2a: Hydreigon|76/100 tox|[from] psn
|upkeep
|turn|67
|
|t:|1664329891
|switch|p1a: hoisin poison|Tentacruel, M|80/100 brn
|move|p2a: Hydreigon|Thunder Wave||[still]
|-fail|p2a: Hydreigon
|
|-heal|p1a: hoisin poison|100/100 brn|[from] move: Wish|[wisher] mencey wencey
|-heal|p2a: Hydreigon|82/100 tox|[from] item: Leftovers
|-damage|p2a: Hydreigon|70/100 tox|[from] psn
|-damage|p1a: hoisin poison|94/100 brn|[from] brn
|upkeep
|turn|68
|
|t:|1664329895
|switch|p1a: megan the eggin|Chansey, F|100/100
|move|p2a: Hydreigon|Roost|p2a: Hydreigon
|-heal|p2a: Hydreigon|100/100 tox
|-singleturn|p2a: Hydreigon|move: Roost
|
|-damage|p2a: Hydreigon|82/100 tox|[from] psn
|upkeep
|turn|69
|
|t:|1664329898
|switch|p2a: Skarmory|Skarmory, F|100/100
|-damage|p2a: Skarmory|88/100|[from] Stealth Rock
|move|p1a: megan the eggin|Teleport|p1a: megan the eggin
|
|t:|1664329902
|switch|p1a: mencey wencey|Salamence, F|100/100|[from]move: Teleport
|-ability|p1a: mencey wencey|Intimidate|boost
|-unboost|p2a: Skarmory|atk|1
|
|upkeep
|turn|70
|
|t:|1664329909
|switch|p1a: megan the eggin|Chansey, F|100/100
|switch|p2a: Cresselia|Cresselia, F|92/100
|-damage|p2a: Cresselia|79/100|[from] Stealth Rock
|
|-heal|p2a: Cresselia|85/100|[from] item: Leftovers
|upkeep
|turn|71
|
|t:|1664329913
|switch|p2a: Skarmory|Skarmory, F|88/100
|-damage|p2a: Skarmory|76/100|[from] Stealth Rock
|move|p1a: megan the eggin|Teleport|p1a: megan the eggin
|
|t:|1664329915
|switch|p1a: mencey wencey|Salamence, F|100/100|[from]move: Teleport
|-ability|p1a: mencey wencey|Intimidate|boost
|-unboost|p2a: Skarmory|atk|1
|
|upkeep
|turn|72
|
|t:|1664329917
|switch|p1a: megan the eggin|Chansey, F|100/100
|move|p2a: Skarmory|Roost|p2a: Skarmory
|-heal|p2a: Skarmory|100/100
|-singleturn|p2a: Skarmory|move: Roost
|
|upkeep
|turn|73
|
|t:|1664329923
|switch|p1a: hoisin poison|Tentacruel, M|94/100 brn
|move|p2a: Skarmory|Spikes|p1a: hoisin poison
|-sidestart|p1: pokemonisfun|Spikes
|
|-heal|p1a: hoisin poison|100/100 brn|[from] item: Black Sludge
|-damage|p1a: hoisin poison|94/100 brn|[from] brn
|upkeep
|turn|74
|
|t:|1664329925
|move|p1a: hoisin poison|Rapid Spin|p2a: Skarmory
|-resisted|p2a: Skarmory
|-damage|p2a: Skarmory|99/100
|-boost|p1a: hoisin poison|spe|1
|-sideend|p1: pokemonisfun|Spikes|[from] move: Rapid Spin|[of] p1a: hoisin poison
|move|p2a: Skarmory|Spikes|p1a: hoisin poison
|-sidestart|p1: pokemonisfun|Spikes
|
|-heal|p1a: hoisin poison|100/100 brn|[from] item: Black Sludge
|-damage|p1a: hoisin poison|94/100 brn|[from] brn
|upkeep
|turn|75
|
|t:|1664329930
|switch|p2a: Cresselia|Cresselia, F|85/100
|-damage|p2a: Cresselia|73/100|[from] Stealth Rock
|move|p1a: hoisin poison|Rapid Spin|p2a: Cresselia
|-damage|p2a: Cresselia|71/100
|-boost|p1a: hoisin poison|spe|1
|-sideend|p1: pokemonisfun|Spikes|[from] move: Rapid Spin|[of] p1a: hoisin poison
|
|-heal|p1a: hoisin poison|100/100 brn|[from] item: Black Sludge
|-heal|p2a: Cresselia|77/100|[from] item: Leftovers
|-damage|p1a: hoisin poison|94/100 brn|[from] brn
|upkeep
|turn|76
|
|t:|1664329936
|switch|p1a: megan the eggin|Chansey, F|100/100
|switch|p2a: Skarmory|Skarmory, F|99/100
|-damage|p2a: Skarmory|87/100|[from] Stealth Rock
|
|upkeep
|turn|77
|
|t:|1664329942
|switch|p1a: hoisin poison|Tentacruel, M|94/100 brn
|move|p2a: Skarmory|Spikes|p1a: hoisin poison
|-sidestart|p1: pokemonisfun|Spikes
|
|-heal|p1a: hoisin poison|100/100 brn|[from] item: Black Sludge
|-damage|p1a: hoisin poison|94/100 brn|[from] brn
|upkeep
|turn|78
|
|t:|1664329944
|move|p1a: hoisin poison|Rapid Spin|p2a: Skarmory
|-resisted|p2a: Skarmory
|-damage|p2a: Skarmory|86/100
|-boost|p1a: hoisin poison|spe|1
|-sideend|p1: pokemonisfun|Spikes|[from] move: Rapid Spin|[of] p1a: hoisin poison
|move|p2a: Skarmory|Body Press|p1a: hoisin poison
|-resisted|p1a: hoisin poison
|-damage|p1a: hoisin poison|80/100 brn
|
|-heal|p1a: hoisin poison|86/100 brn|[from] item: Black Sludge
|-damage|p1a: hoisin poison|80/100 brn|[from] brn
|upkeep
|turn|79
|
|t:|1664329949
|switch|p2a: Cresselia|Cresselia, F|77/100
|-damage|p2a: Cresselia|65/100|[from] Stealth Rock
|move|p1a: hoisin poison|Sludge Bomb|p2a: Cresselia
|-damage|p2a: Cresselia|50/100
|-status|p2a: Cresselia|psn
|
|-heal|p1a: hoisin poison|86/100 brn|[from] item: Black Sludge
|-heal|p2a: Cresselia|56/100 psn|[from] item: Leftovers
|-damage|p2a: Cresselia|44/100 psn|[from] psn
|-damage|p1a: hoisin poison|80/100 brn|[from] brn
|upkeep
|turn|80
|c|☆Tempest brute|finally
|
|t:|1664329958
|switch|p1a: megan the eggin|Chansey, F|100/100
|move|p2a: Cresselia|Moonlight|p2a: Cresselia
|-heal|p2a: Cresselia|94/100 psn
|
|-heal|p2a: Cresselia|99/100 psn|[from] item: Leftovers
|-damage|p2a: Cresselia|88/100 psn|[from] psn
|upkeep
|turn|81
|
|t:|1664329964
|move|p2a: Cresselia|Calm Mind|p2a: Cresselia
|-boost|p2a: Cresselia|spa|1
|-boost|p2a: Cresselia|spd|1
|move|p1a: megan the eggin|Seismic Toss|p2a: Cresselia
|-damage|p2a: Cresselia|65/100 psn
|
|-heal|p2a: Cresselia|71/100 psn|[from] item: Leftovers
|-damage|p2a: Cresselia|59/100 psn|[from] psn
|upkeep
|turn|82
|
|t:|1664329967
|move|p2a: Cresselia|Calm Mind|p2a: Cresselia
|-boost|p2a: Cresselia|spa|1
|-boost|p2a: Cresselia|spd|1
|move|p1a: megan the eggin|Seismic Toss|p2a: Cresselia
|-damage|p2a: Cresselia|36/100 psn
|
|-heal|p2a: Cresselia|42/100 psn|[from] item: Leftovers
|-damage|p2a: Cresselia|30/100 psn|[from] psn
|upkeep
|turn|83
|
|t:|1664329970
|move|p2a: Cresselia|Moonlight|p2a: Cresselia
|-heal|p2a: Cresselia|80/100 psn
|move|p1a: megan the eggin|Seismic Toss|p2a: Cresselia
|-damage|p2a: Cresselia|57/100 psn
|
|-heal|p2a: Cresselia|64/100 psn|[from] item: Leftovers
|-damage|p2a: Cresselia|51/100 psn|[from] psn
|upkeep
|turn|84
|
|t:|1664329974
|move|p2a: Cresselia|Calm Mind|p2a: Cresselia
|-boost|p2a: Cresselia|spa|1
|-boost|p2a: Cresselia|spd|1
|move|p1a: megan the eggin|Seismic Toss|p2a: Cresselia
|-damage|p2a: Cresselia|29/100 psn
|
|-heal|p2a: Cresselia|35/100 psn|[from] item: Leftovers
|-damage|p2a: Cresselia|22/100 psn|[from] psn
|upkeep
|turn|85
|
|t:|1664329977
|move|p2a: Cresselia|Moonlight|p2a: Cresselia
|-heal|p2a: Cresselia|72/100 psn
|move|p1a: megan the eggin|Seismic Toss|p2a: Cresselia
|-damage|p2a: Cresselia|50/100 psn
|
|-heal|p2a: Cresselia|56/100 psn|[from] item: Leftovers
|-damage|p2a: Cresselia|44/100 psn|[from] psn
|upkeep
|turn|86
|
|t:|1664329981
|move|p2a: Cresselia|Moonlight|p2a: Cresselia
|-heal|p2a: Cresselia|94/100 psn
|move|p1a: megan the eggin|Seismic Toss|p2a: Cresselia
|-damage|p2a: Cresselia|71/100 psn
|
|-heal|p2a: Cresselia|77/100 psn|[from] item: Leftovers
|-damage|p2a: Cresselia|65/100 psn|[from] psn
|upkeep
|turn|87
|
|t:|1664329984
|move|p2a: Cresselia|Calm Mind|p2a: Cresselia
|-boost|p2a: Cresselia|spa|1
|-boost|p2a: Cresselia|spd|1
|move|p1a: megan the eggin|Seismic Toss|p2a: Cresselia
|-damage|p2a: Cresselia|42/100 psn
|
|-heal|p2a: Cresselia|48/100 psn|[from] item: Leftovers
|-damage|p2a: Cresselia|36/100 psn|[from] psn
|upkeep
|turn|88
|
|t:|1664329987
|move|p2a: Cresselia|Calm Mind|p2a: Cresselia
|-boost|p2a: Cresselia|spa|1
|-boost|p2a: Cresselia|spd|1
|move|p1a: megan the eggin|Seismic Toss|p2a: Cresselia
|-damage|p2a: Cresselia|13/100 psn
|
|-heal|p2a: Cresselia|19/100 psn|[from] item: Leftovers
|-damage|p2a: Cresselia|7/100 psn|[from] psn
|upkeep
|turn|89
|
|t:|1664329991
|move|p2a: Cresselia|Moonlight|p2a: Cresselia
|-heal|p2a: Cresselia|57/100 psn
|move|p1a: megan the eggin|Teleport|p1a: megan the eggin
|
|t:|1664329993
|switch|p1a: isoGOD|Golisopod, M|33/100|[from]move: Teleport
|
|-heal|p2a: Cresselia|63/100 psn|[from] item: Leftovers
|-damage|p2a: Cresselia|51/100 psn|[from] psn
|upkeep
|turn|90
|
|t:|1664329997
|move|p1a: isoGOD|First Impression|p2a: Cresselia
|-supereffective|p2a: Cresselia
|-damage|p2a: Cresselia|0 fnt
|faint|p2a: Cresselia
|
|upkeep
|-message|Tempest brute forfeited.
|
|win|pokemonisfun
|raw|pokemonisfun's rating: 1784 &rarr; <strong>1797</strong><br />(+13 for winning)
|raw|Tempest brute's rating: 1664 &rarr; <strong>1651</strong><br />(-13 for losing)
|c|☆pokemonisfun|gg
|c|☆Tempest brute|gg
|c|☆Tempest brute|any tips on how to break chansey
|c|☆Tempest brute|reliably
|c|☆pokemonisfun|uh
|c|☆pokemonisfun|snore prim with cm?
||Ladder isn't responding, score probably updated but might not have (Request timeout).
|c|☆pokemonisfun|maybe taunt hydrei
|c|☆Tempest brute|I will try the calm mind prim
|l| StarFalcon555
|c|☆pokemonisfun|gl
|l|☆Tempest brute
|l| bladee arteezy
|j| bladee arteezy
|j| Queen of Bean ✿
|l| Queen of Bean ✿
|l| bladee arteezy
|n| pif|pokemonisfun
