|j|☆SwitchTheGreat
|j|☆Mister Magnus
|t:|1662854621
|gametype|singles
|player|p1|SwitchTheGreat|266|1541
|player|p2|Mister Magnus|gentleman-gen4|1469
|teamsize|p1|6
|teamsize|p2|6
|gen|8
|tier|[Gen 8] UU
|rated|
|rule|Sleep Clause Mod: Limit one foe put to sleep
|rule|Species Clause: Limit one of each Pokémon
|rule|OHKO Clause: OHKO moves are banned
|rule|Evasion Items Clause: Evasion items are banned
|rule|Evasion Moves Clause: Evasion moves are banned
|rule|Endless Battle Clause: Forcing endless battles is banned
|rule|HP Percentage Mod: HP is shown in percentages
|rule|Dynamax Clause: You cannot dynamax
|clearpoke
|poke|p1|Gastrodon-East, F|
|poke|p1|Chandelure, M|
|poke|p1|Cobalion|
|poke|p1|Hippowdon, M|
|poke|p1|Excadrill, F|
|poke|p1|Salamence, F|
|poke|p2|Cobalion|
|poke|p2|Chandelure, F|
|poke|p2|Milotic, M|
|poke|p2|Umbreon, M|
|poke|p2|Amoonguss, M|
|poke|p2|Salamence, M|
|teampreview
|inactive|Battle timer is ON: inactive players will automatically lose when time's up. (requested by SwitchTheGreat)
|
|t:|1662854664
|start
|switch|p1a: Hippowdon|Hippowdon, M|100/100
|switch|p2a: Amoonguss|Amoonguss, M|100/100
|-weather|Sandstorm|[from] ability: Sand Stream|[of] p1a: Hippowdon
|turn|1
|inactive|SwitchTheGreat has 120 seconds left.
|
|t:|1662854695
|move|p1a: Hippowdon|Stealth Rock|p2a: Amoonguss
|-sidestart|p2: Mister Magnus|move: Stealth Rock
|move|p2a: Amoonguss|Spore|p1a: Hippowdon
|-status|p1a: Hippowdon|slp|[from] move: Spore
|
|-weather|Sandstorm|[upkeep]
|-damage|p2a: Amoonguss|94/100|[from] Sandstorm
|upkeep
|turn|2
|
|t:|1662854704
|switch|p1a: Chandelure|Chandelure, M, shiny|100/100
|switch|p2a: Salamence|Salamence, M|100/100
|-ability|p2a: Salamence|Intimidate|boost
|-unboost|p1a: Chandelure|atk|1
|
|-weather|Sandstorm|[upkeep]
|-damage|p2a: Salamence|94/100|[from] Sandstorm
|-damage|p1a: Chandelure|94/100|[from] Sandstorm
|upkeep
|turn|3
|
|t:|1662854711
|move|p2a: Salamence|Dual Wingbeat|p1a: Chandelure|[miss]
|-miss|p2a: Salamence|p1a: Chandelure
|move|p1a: Chandelure|Toxic|p2a: Salamence
|-status|p2a: Salamence|tox
|
|-weather|Sandstorm|[upkeep]
|-damage|p2a: Salamence|88/100 tox|[from] Sandstorm
|-damage|p1a: Chandelure|88/100|[from] Sandstorm
|-damage|p2a: Salamence|82/100 tox|[from] psn
|upkeep
|turn|4
|
|t:|1662854716
|switch|p1a: Cobalion|Cobalion|100/100
|move|p2a: Salamence|Defog|p1a: Cobalion
|-unboost|p1a: Cobalion|evasion|1
|-sideend|p2: Mister Magnus|Stealth Rock|[from] move: Defog|[of] p2a: Salamence
|
|-weather|Sandstorm|[upkeep]
|-damage|p2a: Salamence|76/100 tox|[from] Sandstorm
|-damage|p2a: Salamence|64/100 tox|[from] psn
|upkeep
|turn|5
|
|t:|1662854727
|switch|p2a: Amoonguss|Amoonguss, M|100/100
|move|p1a: Cobalion|Volt Switch|p2a: Amoonguss
|-resisted|p2a: Amoonguss
|-damage|p2a: Amoonguss|94/100
|
|t:|1662854729
|switch|p1a: Chandelure|Chandelure, M, shiny|88/100|[from]move: Volt Switch
|
|-weather|Sandstorm|[upkeep]
|-damage|p1a: Chandelure|82/100|[from] Sandstorm
|-damage|p2a: Amoonguss|88/100|[from] Sandstorm
|upkeep
|turn|6
|
|t:|1662854738
|switch|p2a: Umbreon|Umbreon, M|100/100
|move|p1a: Chandelure|Taunt|p2a: Umbreon
|-start|p2a: Umbreon|move: Taunt
|
|-weather|Sandstorm|[upkeep]
|-damage|p1a: Chandelure|76/100|[from] Sandstorm
|-damage|p2a: Umbreon|94/100|[from] Sandstorm
|-heal|p2a: Umbreon|100/100|[from] item: Leftovers
|upkeep
|turn|7
|inactive|SwitchTheGreat has 120 seconds left.
|
|t:|1662854787
|switch|p2a: Milotic|Milotic, M|100/100
|move|p1a: Chandelure|Taunt|p2a: Milotic
|-start|p2a: Milotic|move: Taunt
|
|-weather|Sandstorm|[upkeep]
|-damage|p1a: Chandelure|70/100|[from] Sandstorm
|-damage|p2a: Milotic|94/100|[from] Sandstorm
|upkeep
|turn|8
|
|t:|1662854807
|switch|p1a: Gastrodon|Gastrodon-East, F, shiny|100/100
|switch|p2a: Umbreon|Umbreon, M|100/100
|
|-weather|none
|upkeep
|turn|9
|
|t:|1662854817
|switch|p1a: Cobalion|Cobalion|100/100
|move|p2a: Umbreon|Heal Bell|p2a: Umbreon
|-activate|p2a: Umbreon|move: Heal Bell
|-curestatus|p2: Salamence|tox|[msg]
|
|upkeep
|turn|10
|j| necroparanoid
|
|t:|1662854836
|switch|p2a: Amoonguss|Amoonguss, M|100/100
|move|p1a: Cobalion|Volt Switch|p2a: Amoonguss
|-resisted|p2a: Amoonguss
|-damage|p2a: Amoonguss|95/100
|inactive|SwitchTheGreat has 90 seconds left.
|
|t:|1662854872
|switch|p1a: Salamence|Salamence, F|100/100|[from]move: Volt Switch
|-ability|p1a: Salamence|Intimidate|boost
|-unboost|p2a: Amoonguss|atk|1
|
|upkeep
|turn|11
|inactive|SwitchTheGreat has 60 seconds left.
|
|t:|1662854889
|switch|p1a: Cobalion|Cobalion|100/100
|switch|p2a: Umbreon|Umbreon, M|100/100
|
|upkeep
|turn|12
|
|t:|1662854893
|move|p2a: Umbreon|Protect|p2a: Umbreon
|-singleturn|p2a: Umbreon|Protect
|move|p1a: Cobalion|Close Combat|p2a: Umbreon
|-activate|p2a: Umbreon|move: Protect
|
|upkeep
|turn|13
|
|t:|1662854900
|switch|p2a: Amoonguss|Amoonguss, M|100/100
|move|p1a: Cobalion|Volt Switch|p2a: Amoonguss
|-resisted|p2a: Amoonguss
|-damage|p2a: Amoonguss|95/100
|inactive|SwitchTheGreat has 60 seconds left.
|
|t:|1662854923
|switch|p1a: Salamence|Salamence, F|100/100|[from]move: Volt Switch
|-ability|p1a: Salamence|Intimidate|boost
|-unboost|p2a: Amoonguss|atk|1
|
|upkeep
|turn|14
|
|t:|1662854932
|switch|p1a: Hippowdon|Hippowdon, M|100/100 slp
|-weather|Sandstorm|[from] ability: Sand Stream|[of] p1a: Hippowdon
|switch|p2a: Umbreon|Umbreon, M|100/100
|
|-weather|Sandstorm|[upkeep]
|-damage|p2a: Umbreon|94/100|[from] Sandstorm
|-heal|p2a: Umbreon|100/100|[from] item: Leftovers
|upkeep
|turn|15
|
|t:|1662854941
|switch|p2a: Cobalion|Cobalion|100/100
|cant|p1a: Hippowdon|slp
|
|-weather|Sandstorm|[upkeep]
|upkeep
|turn|16
|
|t:|1662854944
|move|p2a: Cobalion|Stealth Rock|p1a: Hippowdon
|-sidestart|p1: SwitchTheGreat|move: Stealth Rock
|cant|p1a: Hippowdon|slp
|
|-weather|Sandstorm|[upkeep]
|upkeep
|turn|17
|
|t:|1662854950
|switch|p2a: Amoonguss|Amoonguss, M|100/100
|-curestatus|p1a: Hippowdon|slp|[msg]
|move|p1a: Hippowdon|Stealth Rock|p2a: Amoonguss
|-sidestart|p2: Mister Magnus|move: Stealth Rock
|
|-weather|Sandstorm|[upkeep]
|-damage|p2a: Amoonguss|94/100|[from] Sandstorm
|upkeep
|turn|18
|inactive|SwitchTheGreat has 90 seconds left.
|
|t:|1662854969
|move|p1a: Hippowdon|Earthquake|p2a: Amoonguss
|-damage|p2a: Amoonguss|66/100
|move|p2a: Amoonguss|Spore|p1a: Hippowdon
|-status|p1a: Hippowdon|slp|[from] move: Spore
|
|-weather|Sandstorm|[upkeep]
|-damage|p2a: Amoonguss|60/100|[from] Sandstorm
|upkeep
|turn|19
|
|t:|1662854976
|cant|p1a: Hippowdon|slp
|move|p2a: Amoonguss|Giga Drain|p1a: Hippowdon
|-supereffective|p1a: Hippowdon
|-damage|p1a: Hippowdon|61/100 slp
|-heal|p2a: Amoonguss|79/100|[from] drain|[of] p1a: Hippowdon
|
|-weather|Sandstorm|[upkeep]
|-damage|p2a: Amoonguss|73/100|[from] Sandstorm
|upkeep
|turn|20
|
|t:|1662854981
|switch|p1a: Salamence|Salamence, F|100/100
|-ability|p1a: Salamence|Intimidate|boost
|-unboost|p2a: Amoonguss|atk|1
|move|p2a: Amoonguss|Sludge Bomb|p1a: Salamence
|-damage|p1a: Salamence|74/100
|-status|p1a: Salamence|psn
|
|-weather|Sandstorm|[upkeep]
|-damage|p1a: Salamence|68/100 psn|[from] Sandstorm
|-damage|p2a: Amoonguss|67/100|[from] Sandstorm
|-damage|p1a: Salamence|55/100 psn|[from] psn
|upkeep
|turn|21
|
|t:|1662854992
|switch|p2a: Umbreon|Umbreon, M|100/100
|-damage|p2a: Umbreon|88/100|[from] Stealth Rock
|move|p1a: Salamence|Roost|p1a: Salamence
|-heal|p1a: Salamence|100/100 psn
|-singleturn|p1a: Salamence|move: Roost
|
|-weather|none
|-heal|p2a: Umbreon|94/100|[from] item: Leftovers
|-damage|p1a: Salamence|88/100 psn|[from] psn
|upkeep
|turn|22
|
|t:|1662854997
|switch|p1a: Cobalion|Cobalion|100/100
|-damage|p1a: Cobalion|97/100|[from] Stealth Rock
|move|p2a: Umbreon|Wish|p2a: Umbreon
|
|-heal|p2a: Umbreon|99/100|[from] item: Leftovers
|upkeep
|turn|23
|j| JustFranco‽
|
|t:|1662855003
|switch|p2a: Salamence|Salamence, M|64/100
|-ability|p2a: Salamence|Intimidate|boost
|-unboost|p1a: Cobalion|atk|1
|move|p1a: Cobalion|Toxic|p2a: Salamence
|-status|p2a: Salamence|tox
|
|-heal|p2a: Salamence|100/100 tox|[from] move: Wish|[wisher] Umbreon
|-damage|p2a: Salamence|94/100 tox|[from] psn
|upkeep
|turn|24
|
|t:|1662855021
|move|p1a: Cobalion|Volt Switch|p2a: Salamence
|-damage|p2a: Salamence|80/100 tox
|
|t:|1662855025
|switch|p1a: Chandelure|Chandelure, M, shiny|70/100|[from]move: Volt Switch
|move|p2a: Salamence|Flamethrower|p1a: Chandelure
|-start|p1a: Chandelure|ability: Flash Fire
|
|-damage|p2a: Salamence|68/100 tox|[from] psn
|upkeep
|turn|25
|
|t:|1662855033
|move|p2a: Salamence|Dual Wingbeat|p1a: Chandelure
|-damage|p1a: Chandelure|48/100
|-damage|p1a: Chandelure|22/100
|-hitcount|p1a: Chandelure|2
|move|p1a: Chandelure|Taunt|p2a: Salamence
|-start|p2a: Salamence|move: Taunt
|
|-damage|p2a: Salamence|50/100 tox|[from] psn
|upkeep
|turn|26
|
|t:|1662855042
|-end|p1a: Chandelure|ability: Flash Fire|[silent]
|switch|p1a: Cobalion|Cobalion|97/100
|-damage|p1a: Cobalion|94/100|[from] Stealth Rock
|move|p2a: Salamence|Dual Wingbeat|p1a: Cobalion
|-damage|p1a: Cobalion|80/100
|-damage|p2a: Salamence|33/100 tox|[from] item: Rocky Helmet|[of] p1a: Cobalion
|-damage|p1a: Cobalion|66/100
|-damage|p2a: Salamence|17/100 tox|[from] item: Rocky Helmet|[of] p1a: Cobalion
|-hitcount|p1a: Cobalion|2
|
|-damage|p2a: Salamence|0 fnt|[from] psn
|faint|p2a: Salamence
|upkeep
|
|t:|1662855048
|switch|p2a: Cobalion|Cobalion|100/100
|-damage|p2a: Cobalion|97/100|[from] Stealth Rock
|turn|27
|
|t:|1662855057
|switch|p1a: Salamence|Salamence, F|88/100 psn
|-ability|p1a: Salamence|Intimidate|boost
|-unboost|p2a: Cobalion|atk|1
|move|p2a: Cobalion|Close Combat|p1a: Salamence
|-resisted|p1a: Salamence
|-damage|p1a: Salamence|75/100 psn
|-unboost|p2a: Cobalion|def|1
|-unboost|p2a: Cobalion|spd|1
|
|-damage|p1a: Salamence|62/100 psn|[from] psn
|upkeep
|turn|28
|
|t:|1662855064
|move|p2a: Cobalion|Stone Edge|p1a: Salamence
|-supereffective|p1a: Salamence
|-damage|p1a: Salamence|30/100 psn
|move|p1a: Salamence|Roost|p1a: Salamence
|-heal|p1a: Salamence|80/100 psn
|-singleturn|p1a: Salamence|move: Roost
|
|-damage|p1a: Salamence|67/100 psn|[from] psn
|upkeep
|turn|29
|
|t:|1662855071
|switch|p1a: Hippowdon|Hippowdon, M|61/100 slp
|-damage|p1a: Hippowdon|55/100 slp|[from] Stealth Rock
|-weather|Sandstorm|[from] ability: Sand Stream|[of] p1a: Hippowdon
|move|p2a: Cobalion|Swords Dance|p2a: Cobalion
|-boost|p2a: Cobalion|atk|2
|
|-weather|Sandstorm|[upkeep]
|upkeep
|turn|30
|
|t:|1662855080
|move|p2a: Cobalion|Close Combat|p1a: Hippowdon
|-damage|p1a: Hippowdon|8/100 slp
|-unboost|p2a: Cobalion|def|1
|-unboost|p2a: Cobalion|spd|1
|cant|p1a: Hippowdon|slp
|
|-weather|Sandstorm|[upkeep]
|upkeep
|turn|31
|
|t:|1662855086
|switch|p1a: Salamence|Salamence, F|67/100 psn
|-ability|p1a: Salamence|Intimidate|boost
|-unboost|p2a: Cobalion|atk|1
|move|p2a: Cobalion|Close Combat|p1a: Salamence
|-resisted|p1a: Salamence
|-damage|p1a: Salamence|48/100 psn
|-unboost|p2a: Cobalion|def|1
|-unboost|p2a: Cobalion|spd|1
|
|-weather|Sandstorm|[upkeep]
|-damage|p1a: Salamence|42/100 psn|[from] Sandstorm
|-damage|p1a: Salamence|29/100 psn|[from] psn
|upkeep
|turn|32
|
|t:|1662855092
|switch|p1a: Excadrill|Excadrill, F, shiny|100/100
|-damage|p1a: Excadrill|97/100|[from] Stealth Rock
|move|p2a: Cobalion|Stone Edge|p1a: Excadrill
|-resisted|p1a: Excadrill
|-damage|p1a: Excadrill|87/100
|
|-weather|Sandstorm|[upkeep]
|upkeep
|turn|33
|
|t:|1662855106
|switch|p2a: Chandelure|Chandelure, F|100/100
|move|p1a: Excadrill|Earthquake|p2a: Chandelure
|-supereffective|p2a: Chandelure
|-damage|p2a: Chandelure|0 fnt
|faint|p2a: Chandelure
|-damage|p1a: Excadrill|78/100|[from] item: Life Orb
|
|-weather|Sandstorm|[upkeep]
|upkeep
|
|t:|1662855113
|switch|p2a: Umbreon|Umbreon, M|99/100
|-damage|p2a: Umbreon|88/100|[from] Stealth Rock
|turn|34
|
|t:|1662855117
|switch|p1a: Cobalion|Cobalion|66/100
|-damage|p1a: Cobalion|63/100|[from] Stealth Rock
|move|p2a: Umbreon|Foul Play|p1a: Cobalion
|-resisted|p1a: Cobalion
|-damage|p1a: Cobalion|47/100
|-damage|p2a: Umbreon|71/100|[from] item: Rocky Helmet|[of] p1a: Cobalion
|-ability|p1a: Cobalion|Justified|boost
|-boost|p1a: Cobalion|atk|1
|
|-weather|Sandstorm|[upkeep]
|-damage|p2a: Umbreon|65/100|[from] Sandstorm
|-heal|p2a: Umbreon|71/100|[from] item: Leftovers
|upkeep
|turn|35
|
|t:|1662855123
|switch|p2a: Amoonguss|Amoonguss, M|99/100
|-damage|p2a: Amoonguss|88/100|[from] Stealth Rock
|move|p1a: Cobalion|Volt Switch|p2a: Amoonguss
|-resisted|p2a: Amoonguss
|-damage|p2a: Amoonguss|82/100
|
|t:|1662855126
|switch|p1a: Chandelure|Chandelure, M, shiny|22/100|[from]move: Volt Switch
|
|-weather|Sandstorm|[upkeep]
|-damage|p1a: Chandelure|16/100|[from] Sandstorm
|-damage|p2a: Amoonguss|75/100|[from] Sandstorm
|upkeep
|turn|36
|
|t:|1662855133
|switch|p2a: Milotic|Milotic, M|94/100
|move|p1a: Chandelure|Flamethrower|p2a: Milotic
|-resisted|p2a: Milotic
|-damage|p2a: Milotic|79/100
|-status|p2a: Milotic|brn
|
|-weather|none
|-damage|p2a: Milotic|73/100 brn|[from] brn
|upkeep
|turn|37
|
|t:|1662855144
|move|p1a: Chandelure|Hex|p2a: Milotic
|-damage|p2a: Milotic|32/100 brn
|move|p2a: Milotic|Recover|p2a: Milotic
|-heal|p2a: Milotic|82/100 brn
|
|-damage|p2a: Milotic|76/100 brn|[from] brn
|upkeep
|turn|38
|
|t:|1662855160
|switch|p1a: Gastrodon|Gastrodon-East, F, shiny|100/100
|move|p2a: Milotic|Scald|p1a: Gastrodon
|-ability|p1a: Gastrodon|Storm Drain|boost
|-boost|p1a: Gastrodon|spa|1
|
|-damage|p2a: Milotic|70/100 brn|[from] brn
|upkeep
|turn|39
|
|t:|1662855169
|switch|p1a: Salamence|Salamence, F|29/100 psn
|-ability|p1a: Salamence|Intimidate|boost
|-unboost|p2a: Milotic|atk|1
|move|p2a: Milotic|Mirror Coat||[still]
|-fail|p2a: Milotic
|
|-damage|p1a: Salamence|17/100 psn|[from] psn
|-damage|p2a: Milotic|64/100 brn|[from] brn
|upkeep
|turn|40
|
|t:|1662855172
|switch|p2a: Cobalion|Cobalion|97/100
|-damage|p2a: Cobalion|94/100|[from] Stealth Rock
|move|p1a: Salamence|Roost|p1a: Salamence
|-heal|p1a: Salamence|67/100 psn
|-singleturn|p1a: Salamence|move: Roost
|
|-damage|p1a: Salamence|55/100 psn|[from] psn
|upkeep
|turn|41
|
|t:|1662855178
|switch|p1a: Hippowdon|Hippowdon, M|8/100 slp
|-damage|p1a: Hippowdon|2/100 slp|[from] Stealth Rock
|-weather|Sandstorm|[from] ability: Sand Stream|[of] p1a: Hippowdon
|move|p2a: Cobalion|Swords Dance|p2a: Cobalion
|-boost|p2a: Cobalion|atk|2
|
|-weather|Sandstorm|[upkeep]
|upkeep
|turn|42
|
|t:|1662855182
|move|p2a: Cobalion|Stone Edge|p1a: Hippowdon
|-resisted|p1a: Hippowdon
|-damage|p1a: Hippowdon|0 fnt
|faint|p1a: Hippowdon
|
|-weather|Sandstorm|[upkeep]
|upkeep
|
|t:|1662855183
|switch|p1a: Excadrill|Excadrill, F, shiny|78/100
|-damage|p1a: Excadrill|74/100|[from] Stealth Rock
|turn|43
|
|t:|1662855191
|switch|p2a: Milotic|Milotic, M|64/100 brn
|move|p1a: Excadrill|Earthquake|p2a: Milotic
|-damage|p2a: Milotic|21/100 brn
|-damage|p1a: Excadrill|64/100|[from] item: Life Orb
|
|-weather|Sandstorm|[upkeep]
|-damage|p2a: Milotic|15/100 brn|[from] Sandstorm
|-damage|p2a: Milotic|9/100 brn|[from] brn
|upkeep
|turn|44
|
|t:|1662855196
|move|p1a: Excadrill|Earthquake|p2a: Milotic
|-damage|p2a: Milotic|0 fnt
|faint|p2a: Milotic
|-damage|p1a: Excadrill|55/100|[from] item: Life Orb
|
|-weather|Sandstorm|[upkeep]
|upkeep
|
|t:|1662855199
|switch|p2a: Umbreon|Umbreon, M|71/100
|-damage|p2a: Umbreon|59/100|[from] Stealth Rock
|turn|45
|inactive|SwitchTheGreat has 120 seconds left.
|inactive|SwitchTheGreat has 90 seconds left.
|
|t:|1662855281
|switch|p1a: Cobalion|Cobalion|47/100
|-damage|p1a: Cobalion|44/100|[from] Stealth Rock
|move|p2a: Umbreon|Wish|p2a: Umbreon
|
|-weather|Sandstorm|[upkeep]
|-damage|p2a: Umbreon|53/100|[from] Sandstorm
|-heal|p2a: Umbreon|59/100|[from] item: Leftovers
|upkeep
|turn|46
|inactive|SwitchTheGreat has 60 seconds left.
|
|t:|1662855307
|move|p2a: Umbreon|Protect|p2a: Umbreon
|-singleturn|p2a: Umbreon|Protect
|move|p1a: Cobalion|Close Combat|p2a: Umbreon
|-activate|p2a: Umbreon|move: Protect
|
|-weather|Sandstorm|[upkeep]
|-damage|p2a: Umbreon|53/100|[from] Sandstorm
|-heal|p2a: Umbreon|100/100|[from] move: Wish|[wisher] Umbreon
|upkeep
|turn|47
|inactive|SwitchTheGreat has 60 seconds left.
|
|t:|1662855318
|move|p1a: Cobalion|Close Combat|p2a: Umbreon
|-supereffective|p2a: Umbreon
|-damage|p2a: Umbreon|39/100
|-unboost|p1a: Cobalion|def|1
|-unboost|p1a: Cobalion|spd|1
|move|p2a: Umbreon|Wish|p2a: Umbreon
|
|-weather|Sandstorm|[upkeep]
|-damage|p2a: Umbreon|33/100|[from] Sandstorm
|-heal|p2a: Umbreon|39/100|[from] item: Leftovers
|upkeep
|turn|48
|inactive|SwitchTheGreat has 60 seconds left.
|
|t:|1662855327
|move|p2a: Umbreon|Protect|p2a: Umbreon
|-singleturn|p2a: Umbreon|Protect
|move|p1a: Cobalion|Volt Switch|p2a: Umbreon
|-activate|p2a: Umbreon|move: Protect
|
|-weather|none
|-heal|p2a: Umbreon|89/100|[from] move: Wish|[wisher] Umbreon
|-heal|p2a: Umbreon|95/100|[from] item: Leftovers
|upkeep
|turn|49
|
|t:|1662855333
|move|p1a: Cobalion|Volt Switch|p2a: Umbreon
|-crit|p2a: Umbreon
|-damage|p2a: Umbreon|80/100
|
|t:|1662855334
|switch|p1a: Chandelure|Chandelure, M, shiny|16/100|[from]move: Volt Switch
|move|p2a: Umbreon|Wish|p2a: Umbreon
|
|-heal|p2a: Umbreon|87/100|[from] item: Leftovers
|upkeep
|turn|50
|
|t:|1662855339
|move|p1a: Chandelure|Toxic|p2a: Umbreon
|-status|p2a: Umbreon|tox
|-activate|p2a: Umbreon|ability: Synchronize
|-status|p1a: Chandelure|tox
|move|p2a: Umbreon|Foul Play|p1a: Chandelure
|-supereffective|p1a: Chandelure
|-crit|p1a: Chandelure
|-damage|p1a: Chandelure|0 fnt
|faint|p1a: Chandelure
|
|-heal|p2a: Umbreon|100/100 tox|[from] move: Wish|[wisher] Umbreon
|-damage|p2a: Umbreon|94/100 tox|[from] psn
|upkeep
|
|t:|1662855341
|switch|p1a: Cobalion|Cobalion|44/100
|-damage|p1a: Cobalion|41/100|[from] Stealth Rock
|turn|51
|inactive|SwitchTheGreat has 90 seconds left.
|inactive|SwitchTheGreat has 60 seconds left.
|inactive|SwitchTheGreat has 30 seconds left.
|
|t:|1662855416
|move|p1a: Cobalion|Volt Switch|p2a: Umbreon
|-damage|p2a: Umbreon|85/100 tox
|
|t:|1662855417
|switch|p1a: Excadrill|Excadrill, F, shiny|55/100|[from]move: Volt Switch
|-damage|p1a: Excadrill|51/100|[from] Stealth Rock
|move|p2a: Umbreon|Heal Bell|p2a: Umbreon
|-activate|p2a: Umbreon|move: Heal Bell
|-curestatus|p2a: Umbreon|tox|[msg]
|
|-heal|p2a: Umbreon|91/100|[from] item: Leftovers
|upkeep
|turn|52
|
|t:|1662855425
|move|p1a: Excadrill|Earthquake|p2a: Umbreon
|-damage|p2a: Umbreon|47/100
|-damage|p1a: Excadrill|41/100|[from] item: Life Orb
|move|p2a: Umbreon|Foul Play|p1a: Excadrill
|-damage|p1a: Excadrill|0 fnt
|faint|p1a: Excadrill
|
|-heal|p2a: Umbreon|53/100|[from] item: Leftovers
|upkeep
|
|t:|1662855427
|switch|p1a: Cobalion|Cobalion|41/100
|-damage|p1a: Cobalion|38/100|[from] Stealth Rock
|turn|53
|
|t:|1662855436
|move|p2a: Umbreon|Protect|p2a: Umbreon
|-singleturn|p2a: Umbreon|Protect
|move|p1a: Cobalion|Close Combat|p2a: Umbreon
|-activate|p2a: Umbreon|move: Protect
|
|-heal|p2a: Umbreon|59/100|[from] item: Leftovers
|upkeep
|turn|54
|
|t:|1662855447
|switch|p2a: Amoonguss|Amoonguss, M|100/100
|-damage|p2a: Amoonguss|88/100|[from] Stealth Rock
|move|p1a: Cobalion|Close Combat|p2a: Amoonguss
|-resisted|p2a: Amoonguss
|-damage|p2a: Amoonguss|70/100
|-unboost|p1a: Cobalion|def|1
|-unboost|p1a: Cobalion|spd|1
|-damage|p1a: Cobalion|22/100|[from] item: Rocky Helmet|[of] p2a: Amoonguss
|
|upkeep
|turn|55
|
|t:|1662855455
|move|p1a: Cobalion|Volt Switch|p2a: Amoonguss
|-resisted|p2a: Amoonguss
|-damage|p2a: Amoonguss|64/100
|
|t:|1662855457
|switch|p1a: Salamence|Salamence, F|55/100 psn|[from]move: Volt Switch
|-ability|p1a: Salamence|Intimidate|boost
|-unboost|p2a: Amoonguss|atk|1
|move|p2a: Amoonguss|Spore||[still]
|-fail|p2a: Amoonguss
|
|-damage|p1a: Salamence|42/100 psn|[from] psn
|upkeep
|turn|56
|inactive|SwitchTheGreat has 60 seconds left.
|
|t:|1662855478
|switch|p1a: Cobalion|Cobalion|22/100
|-damage|p1a: Cobalion|18/100|[from] Stealth Rock
|switch|p2a: Umbreon|Umbreon, M|59/100
|-damage|p2a: Umbreon|47/100|[from] Stealth Rock
|
|-heal|p2a: Umbreon|53/100|[from] item: Leftovers
|upkeep
|turn|57
|inactive|SwitchTheGreat has 60 seconds left.
|
|t:|1662855490
|switch|p2a: Amoonguss|Amoonguss, M|97/100
|-damage|p2a: Amoonguss|85/100|[from] Stealth Rock
|move|p1a: Cobalion|Toxic|p2a: Amoonguss
|-immune|p2a: Amoonguss
|
|upkeep
|turn|58
|
|t:|1662855496
|move|p1a: Cobalion|Volt Switch|p2a: Amoonguss
|-resisted|p2a: Amoonguss
|-damage|p2a: Amoonguss|78/100
|
|t:|1662855498
|switch|p1a: Salamence|Salamence, F|42/100 psn|[from]move: Volt Switch
|-ability|p1a: Salamence|Intimidate|boost
|-unboost|p2a: Amoonguss|atk|1
|move|p2a: Amoonguss|Sludge Bomb|p1a: Salamence
|-damage|p1a: Salamence|14/100 psn
|
|-damage|p1a: Salamence|2/100 psn|[from] psn
|upkeep
|turn|59
|
|t:|1662855508
|switch|p2a: Cobalion|Cobalion|94/100
|-damage|p2a: Cobalion|91/100|[from] Stealth Rock
|move|p1a: Salamence|Roost|p1a: Salamence
|-heal|p1a: Salamence|52/100 psn
|-singleturn|p1a: Salamence|move: Roost
|
|-damage|p1a: Salamence|39/100 psn|[from] psn
|upkeep
|turn|60
|
|t:|1662855516
|switch|p1a: Gastrodon|Gastrodon-East, F, shiny|100/100
|move|p2a: Cobalion|Swords Dance|p2a: Cobalion
|-boost|p2a: Cobalion|atk|2
|
|upkeep
|turn|61
|
|t:|1662855521
|move|p2a: Cobalion|Close Combat|p1a: Gastrodon
|-crit|p1a: Gastrodon
|-damage|p1a: Gastrodon|0 fnt
|-unboost|p2a: Cobalion|def|1
|-unboost|p2a: Cobalion|spd|1
|faint|p1a: Gastrodon
|
|upkeep
|inactive|SwitchTheGreat has 90 seconds left.
|-message|SwitchTheGreat forfeited.
|
|win|Mister Magnus
|raw|SwitchTheGreat's rating: 1541 &rarr; <strong>1517</strong><br />(-24 for losing)
|raw|Mister Magnus's rating: 1469 &rarr; <strong>1493</strong><br />(+24 for winning)
|l| necroparanoid
||Ladder isn't responding, score probably updated but might not have (Request timeout).
