|j|☆Corporate Donkey
|j|☆snorfucks
|t:|1655765208
|gametype|singles
|player|p1|Corporate Donkey|170|1412
|player|p2|snorfucks|265|1246
|teamsize|p1|6
|teamsize|p2|6
|gen|8
|tier|[Gen 8] UU
|rated|
|rule|Sleep Clause Mod: Limit one foe put to sleep
|rule|Species Clause: Limit one of each Pokémon
|rule|OHKO Clause: OHKO moves are banned
|rule|Evasion Moves Clause: Evasion moves are banned
|rule|Endless Battle Clause: Forcing endless battles is banned
|rule|HP Percentage Mod: HP is shown in percentages
|rule|Dynamax Clause: You cannot dynamax
|clearpoke
|poke|p1|Chansey, F|
|poke|p1|Skarmory, M|
|poke|p1|Noivern, M|
|poke|p1|Keldeo-Resolute|
|poke|p1|Scizor, M|
|poke|p1|Tangrowth, M|
|poke|p2|Hydreigon, F|
|poke|p2|Slowbro-Galar, M|
|poke|p2|Ditto|
|poke|p2|Scizor, M|
|poke|p2|Metagross|
|poke|p2|Cryogonal|
|teampreview
|inactive|Battle timer is ON: inactive players will automatically lose when time's up. (requested by snorfucks)
|c|☆Corporate Donkey|gl hf
|
|t:|1655765216
|start
|switch|p1a: Bruce|Noivern, M|100/100
|switch|p2a: Slowbro|Slowbro-Galar, M|100/100
|turn|1
|c|☆snorfucks|u2
|
|t:|1655765225
|move|p1a: Bruce|U-turn|p2a: Slowbro
|-damage|p2a: Slowbro|90/100
|
|t:|1655765229
|switch|p1a: Chansey|Chansey, F|100/100|[from]move: U-turn
|move|p2a: Slowbro|Ice Beam|p1a: Chansey
|-damage|p1a: Chansey|91/100
|
|upkeep
|turn|2
|
|t:|1655765235
|switch|p2a: Scizor|Scizor, M|100/100
|move|p1a: Chansey|Stealth Rock|p2a: Scizor
|-sidestart|p2: snorfucks|move: Stealth Rock
|
|upkeep
|turn|3
|
|t:|1655765240
|switch|p1a: Ferrous|Skarmory, M|100/100
|move|p2a: Scizor|Knock Off|p1a: Ferrous
|-damage|p1a: Ferrous|65/100
|-damage|p2a: Scizor|84/100|[from] item: Rocky Helmet|[of] p1a: Ferrous
|-enditem|p1a: Ferrous|Rocky Helmet|[from] move: Knock Off|[of] p2a: Scizor
|
|upkeep
|turn|4
|
|t:|1655765249
|move|p1a: Ferrous|Roost|p1a: Ferrous
|-heal|p1a: Ferrous|100/100
|-singleturn|p1a: Ferrous|move: Roost
|move|p2a: Scizor|Knock Off|p1a: Ferrous
|-damage|p1a: Ferrous|80/100
|
|upkeep
|turn|5
|
|t:|1655765255
|switch|p2a: Slowbro|Slowbro-Galar, M|90/100
|-damage|p2a: Slowbro|78/100|[from] Stealth Rock
|move|p1a: Ferrous|Iron Defense|p1a: Ferrous
|-boost|p1a: Ferrous|def|2
|
|upkeep
|turn|6
|
|t:|1655765263
|switch|p1a: Chansey|Chansey, F|91/100
|move|p2a: Slowbro|Flamethrower|p1a: Chansey
|-damage|p1a: Chansey|82/100
|
|upkeep
|turn|7
|
|t:|1655765273
|switch|p2a: Cryogonal|Cryogonal|100/100
|move|p1a: Chansey|Teleport|p1a: Chansey
|
|t:|1655765279
|switch|p1a: Slash|Scizor, M|100/100|[from]move: Teleport
|
|upkeep
|turn|8
|
|t:|1655765285
|move|p2a: Cryogonal|Rapid Spin|p1a: Slash
|-resisted|p1a: Slash
|-damage|p1a: Slash|97/100
|-boost|p2a: Cryogonal|spe|1
|-sideend|p2: snorfucks|Stealth Rock|[from] move: Rapid Spin|[of] p2a: Cryogonal
|move|p1a: Slash|Knock Off|p2a: Cryogonal
|-damage|p2a: Cryogonal|43/100
|-enditem|p2a: Cryogonal|Heavy-Duty Boots|[from] move: Knock Off|[of] p1a: Slash
|
|upkeep
|turn|9
|
|t:|1655765297
|move|p1a: Slash|Bullet Punch|p2a: Cryogonal
|-supereffective|p2a: Cryogonal
|-damage|p2a: Cryogonal|0 fnt
|faint|p2a: Cryogonal
|
|upkeep
|
|t:|1655765303
|switch|p2a: Hydreigon|Hydreigon, F|100/100
|turn|10
|
|t:|1655765313
|switch|p1a: Donicio|Keldeo-Resolute|100/100
|move|p2a: Hydreigon|Nasty Plot|p2a: Hydreigon
|-boost|p2a: Hydreigon|spa|2
|
|upkeep
|turn|11
|
|t:|1655765320
|move|p1a: Donicio|Secret Sword|p2a: Hydreigon
|-supereffective|p2a: Hydreigon
|-damage|p2a: Hydreigon|0 fnt
|faint|p2a: Hydreigon
|
|upkeep
|
|t:|1655765331
|switch|p2a: Scizor|Scizor, M|84/100
|turn|12
|
|t:|1655765336
|move|p1a: Donicio|Secret Sword|p2a: Scizor
|-damage|p2a: Scizor|23/100
|move|p2a: Scizor|Dual Wingbeat|p1a: Donicio
|-supereffective|p1a: Donicio
|-damage|p1a: Donicio|24/100
|-supereffective|p1a: Donicio
|-damage|p1a: Donicio|0 fnt
|faint|p1a: Donicio
|-hitcount|p1: Donicio|2
|
|upkeep
|
|t:|1655765344
|switch|p1a: Bruce|Noivern, M|100/100
|turn|13
|
|t:|1655765347
|move|p1a: Bruce|Flamethrower|p2a: Scizor
|-supereffective|p2a: Scizor
|-damage|p2a: Scizor|0 fnt
|faint|p2a: Scizor
|
|upkeep
|
|t:|1655765362
|switch|p2a: Slowbro|Slowbro-Galar, M|78/100
|turn|14
|
|t:|1655765368
|move|p1a: Bruce|U-turn|p2a: Slowbro
|-crit|p2a: Slowbro
|-damage|p2a: Slowbro|63/100
|
|t:|1655765373
|switch|p1a: Chansey|Chansey, F|82/100|[from]move: U-turn
|move|p2a: Slowbro|Calm Mind|p2a: Slowbro
|-boost|p2a: Slowbro|spa|1
|-boost|p2a: Slowbro|spd|1
|
|upkeep
|turn|15
|
|t:|1655765378
|move|p1a: Chansey|Stealth Rock|p2a: Slowbro
|-sidestart|p2: snorfucks|move: Stealth Rock
|move|p2a: Slowbro|Scald|p1a: Chansey
|-damage|p1a: Chansey|70/100
|
|upkeep
|turn|16
|
|t:|1655765384
|move|p1a: Chansey|Seismic Toss|p2a: Slowbro
|-damage|p2a: Slowbro|38/100
|move|p2a: Slowbro|Scald|p1a: Chansey
|-damage|p1a: Chansey|57/100
|
|upkeep
|turn|17
|
|t:|1655765391
|switch|p2a: Ditto|Ditto|100/100
|-damage|p2a: Ditto|88/100|[from] Stealth Rock
|-transform|p2a: Ditto|p1a: Chansey|[from] ability: Imposter
|move|p1a: Chansey|Soft-Boiled|p1a: Chansey
|-heal|p1a: Chansey|100/100
|
|upkeep
|turn|18
|
|t:|1655765400
|move|p2a: Ditto|Stealth Rock|p1a: Chansey
|-sidestart|p1: Corporate Donkey|move: Stealth Rock
|move|p1a: Chansey|Seismic Toss|p2a: Ditto
|-damage|p2a: Ditto|55/100
|
|upkeep
|turn|19
|
|t:|1655765406
|switch|p2a: Metagross|Metagross|100/100
|-damage|p2a: Metagross|95/100|[from] Stealth Rock
|move|p1a: Chansey|Teleport|p1a: Chansey
|
|t:|1655765415
|switch|p1a: Slash|Scizor, M|97/100|[from]move: Teleport
|
|upkeep
|turn|20
|
|t:|1655765424
|move|p2a: Metagross|Agility|p2a: Metagross
|-boost|p2a: Metagross|spe|2
|move|p1a: Slash|Knock Off|p2a: Metagross
|-supereffective|p2a: Metagross
|-damage|p2a: Metagross|35/100
|-enditem|p2a: Metagross|Weakness Policy
|-boost|p2a: Metagross|atk|2|[from] item: Weakness Policy
|-boost|p2a: Metagross|spa|2|[from] item: Weakness Policy
|
|upkeep
|turn|21
|
|t:|1655765440
|switch|p1a: Boyardee|Tangrowth, M|100/100
|-damage|p1a: Boyardee|88/100|[from] Stealth Rock
|move|p2a: Metagross|Thunder Punch|p1a: Boyardee
|-resisted|p1a: Boyardee
|-damage|p1a: Boyardee|67/100
|
|upkeep
|turn|22
|
|t:|1655765447
|move|p2a: Metagross|Ice Punch|p1a: Boyardee
|-supereffective|p1a: Boyardee
|-damage|p1a: Boyardee|0 fnt
|faint|p1a: Boyardee
|
|upkeep
|
|t:|1655765452
|switch|p1a: Ferrous|Skarmory, M|80/100
|-damage|p1a: Ferrous|68/100|[from] Stealth Rock
|turn|23
|
|t:|1655765460
|move|p2a: Metagross|Thunder Punch|p1a: Ferrous
|-supereffective|p1a: Ferrous
|-damage|p1a: Ferrous|0 fnt
|faint|p1a: Ferrous
|
|upkeep
|
|t:|1655765469
|switch|p1a: Chansey|Chansey, F|100/100
|-damage|p1a: Chansey|88/100|[from] Stealth Rock
|turn|24
|
|t:|1655765477
|move|p2a: Metagross|Earthquake|p1a: Chansey
|-damage|p1a: Chansey|42/100
|move|p1a: Chansey|Seismic Toss|p2a: Metagross
|-damage|p2a: Metagross|2/100
|
|upkeep
|turn|25
|
|t:|1655765483
|switch|p1a: Bruce|Noivern, M|100/100
|move|p2a: Metagross|Earthquake|p1a: Bruce
|-immune|p1a: Bruce
|
|upkeep
|turn|26
|
|t:|1655765494
|switch|p1a: Slash|Scizor, M|97/100
|move|p2a: Metagross|Ice Punch|p1a: Slash
|-resisted|p1a: Slash
|-damage|p1a: Slash|68/100
|
|upkeep
|turn|27
|
|t:|1655765501
|move|p1a: Slash|Bullet Punch|p2a: Metagross
|-resisted|p2a: Metagross
|-damage|p2a: Metagross|0 fnt
|faint|p2a: Metagross
|
|upkeep
|
|t:|1655765506
|switch|p2a: Slowbro|Slowbro-Galar, M|38/100
|-damage|p2a: Slowbro|26/100|[from] Stealth Rock
|turn|28
|-activate|p2a: Slowbro|ability: Quick Draw
|
|t:|1655765510
|move|p2a: Slowbro|Scald|p1a: Slash
|-damage|p1a: Slash|44/100
|-status|p1a: Slash|brn
|move|p1a: Slash|Knock Off|p2a: Slowbro
|-supereffective|p2a: Slowbro
|-damage|p2a: Slowbro|0 fnt
|-enditem|p2a: Slowbro|Quick Claw|[from] move: Knock Off|[of] p1a: Slash
|faint|p2a: Slowbro
|
|-damage|p1a: Slash|38/100 brn|[from] brn
|upkeep
|
|t:|1655765521
|switch|p2a: Ditto|Ditto|55/100
|-damage|p2a: Ditto|42/100|[from] Stealth Rock
|-transform|p2a: Ditto|p1a: Slash|[from] ability: Imposter
|turn|29
|
|t:|1655765534
|switch|p1a: Bruce|Noivern, M|100/100
|move|p2a: Ditto|Knock Off|p1a: Bruce
|-damage|p1a: Bruce|59/100
|-enditem|p1a: Bruce|Heavy-Duty Boots|[from] move: Knock Off|[of] p2a: Ditto
|
|upkeep
|turn|30
|
|t:|1655765541
|move|p1a: Bruce|Flamethrower|p2a: Ditto
|-supereffective|p2a: Ditto
|-damage|p2a: Ditto|0 fnt
|faint|p2a: Ditto
|
|win|Corporate Donkey
|raw|Corporate Donkey's rating: 1412 &rarr; <strong>1423</strong><br />(+11 for winning)
|raw|snorfucks's rating: 1246 &rarr; <strong>1232</strong><br />(-14 for losing)
|c|☆Corporate Donkey|gg
|c|☆snorfucks|no
|l|☆snorfucks
|c|☆Corporate Donkey|?
||Ladder isn't responding, score probably updated but might not have (Request timeout).
