|j|☆the untouchable2
|j|☆bluelavatar
|t:|1627264303
|gametype|singles
|player|p1|the untouchable2|101|
|player|p2|bluelavatar|biker-gen4|
|teamsize|p1|6
|teamsize|p2|6
|gen|8
|tier|[Gen 8] UU
|rated|Tournament battle
|rule|Sleep Clause Mod: Limit one foe put to sleep
|rule|Species Clause: Limit one of each Pokémon
|rule|OHKO Clause: OHKO moves are banned
|rule|Evasion Moves Clause: Evasion moves are banned
|rule|Endless Battle Clause: Forcing endless battles is banned
|rule|HP Percentage Mod: HP is shown in percentages
|rule|Dynamax Clause: You cannot dynamax
|clearpoke
|poke|p1|Shedinja|
|poke|p1|Chansey, F|
|poke|p1|Umbreon, F|
|poke|p1|Buzzwole|
|poke|p1|Amoonguss, F|
|poke|p1|Quagsire, F|
|poke|p2|Sandslash-Alola, M|
|poke|p2|Aegislash, M|
|poke|p2|Lycanroc-Dusk, F|
|poke|p2|Kommo-o, M|
|poke|p2|Ninetales-Alola, M|
|poke|p2|Moltres-Galar|
|teampreview
|j| Trick Home
|
|t:|1627264348
|start
|switch|p1a: Chansey|Chansey, F|100/100
|switch|p2a: Sandslash|Sandslash-Alola, M, shiny|100/100
|turn|1
|j| Kahiba
|
|t:|1627264368
|switch|p1a: Buzzwole|Buzzwole|100/100
|move|p2a: Sandslash|Knock Off|p1a: Buzzwole
|-resisted|p1a: Buzzwole
|-damage|p1a: Buzzwole|91/100
|-damage|p2a: Sandslash|84/100|[from] item: Rocky Helmet|[of] p1a: Buzzwole
|-enditem|p1a: Buzzwole|Rocky Helmet|[from] move: Knock Off|[of] p2a: Sandslash
|-damage|p2a: Sandslash|74/100|[from] item: Life Orb
|
|upkeep
|turn|2
|
|t:|1627264390
|switch|p2a: Aegislash|Aegislash, M|100/100
|move|p1a: Buzzwole|Earthquake|p2a: Aegislash
|-supereffective|p2a: Aegislash
|-damage|p2a: Aegislash|44/100
|-enditem|p2a: Aegislash|Weakness Policy
|-boost|p2a: Aegislash|atk|2|[from] item: Weakness Policy
|-boost|p2a: Aegislash|spa|2|[from] item: Weakness Policy
|
|upkeep
|turn|3
|
|t:|1627264403
|-formechange|p2a: Aegislash|Aegislash-Blade||[from] ability: Stance Change
|move|p2a: Aegislash|Shadow Sneak|p1a: Buzzwole
|-damage|p1a: Buzzwole|68/100
|move|p1a: Buzzwole|Earthquake|p2a: Aegislash
|-supereffective|p2a: Aegislash
|-damage|p2a: Aegislash|0 fnt
|faint|p2a: Aegislash
|-ability|p1a: Buzzwole|Beast Boost|boost
|-boost|p1a: Buzzwole|def|1
|
|upkeep
|
|t:|1627264413
|switch|p2a: pink armor|Kommo-o, M, shiny|100/100
|turn|4
|
|t:|1627264446
|switch|p1a: Amoonguss|Amoonguss, F|100/100
|move|p2a: pink armor|Clangorous Soul|p2a: pink armor
|-boost|p2a: pink armor|atk|1
|-boost|p2a: pink armor|def|1
|-boost|p2a: pink armor|spa|1
|-boost|p2a: pink armor|spd|1
|-boost|p2a: pink armor|spe|1
|-damage|p2a: pink armor|68/100
|-enditem|p2a: pink armor|Throat Spray
|-boost|p2a: pink armor|spa|1|[from] item: Throat Spray
|
|upkeep
|turn|5
|
|t:|1627264456
|move|p2a: pink armor|Flamethrower|p1a: Amoonguss
|-supereffective|p1a: Amoonguss
|-damage|p1a: Amoonguss|38/100
|move|p1a: Amoonguss|Spore|p2a: pink armor
|-immune|p2a: pink armor|[from] ability: Overcoat
|
|-heal|p1a: Amoonguss|44/100|[from] item: Black Sludge
|upkeep
|turn|6
|
|t:|1627264484
|switch|p1a: Quagsire|Quagsire, F|100/100
|move|p2a: pink armor|Flamethrower|p1a: Quagsire
|-resisted|p1a: Quagsire
|-damage|p1a: Quagsire|86/100
|
|-heal|p1a: Quagsire|92/100|[from] item: Leftovers
|upkeep
|turn|7
|
|t:|1627264494
|move|p2a: pink armor|Clanging Scales|p1a: Quagsire
|-damage|p1a: Quagsire|32/100
|-unboost|p2a: pink armor|def|1
|move|p1a: Quagsire|Toxic|p2a: pink armor
|-status|p2a: pink armor|tox
|
|-heal|p1a: Quagsire|39/100|[from] item: Leftovers
|-damage|p2a: pink armor|61/100 tox|[from] psn
|upkeep
|turn|8
|
|t:|1627264503
|move|p1a: Quagsire|Protect|p1a: Quagsire
|-singleturn|p1a: Quagsire|Protect
|move|p2a: pink armor|Boomburst|p1a: Quagsire
|-activate|p1a: Quagsire|move: Protect
|
|-heal|p1a: Quagsire|45/100|[from] item: Leftovers
|-damage|p2a: pink armor|49/100 tox|[from] psn
|upkeep
|turn|9
|
|t:|1627264511
|switch|p1a: Chansey|Chansey, F|100/100
|move|p2a: pink armor|Clanging Scales|p1a: Chansey
|-damage|p1a: Chansey|75/100
|-unboost|p2a: pink armor|def|1
|
|-damage|p2a: pink armor|30/100 tox|[from] psn
|upkeep
|turn|10
|
|t:|1627264532
|switch|p2a: Sandslash|Sandslash-Alola, M, shiny|74/100
|move|p1a: Chansey|Soft-Boiled|p1a: Chansey
|-heal|p1a: Chansey|100/100
|
|upkeep
|turn|11
|
|t:|1627264537
|switch|p1a: Buzzwole|Buzzwole|68/100
|move|p2a: Sandslash|Knock Off|p1a: Buzzwole
|-resisted|p1a: Buzzwole
|-damage|p1a: Buzzwole|62/100
|-damage|p2a: Sandslash|64/100|[from] item: Life Orb
|
|upkeep
|turn|12
|
|t:|1627264548
|switch|p2a: Moltres|Moltres-Galar|100/100
|move|p1a: Buzzwole|Roost|p1a: Buzzwole
|-heal|p1a: Buzzwole|100/100
|-singleturn|p1a: Buzzwole|move: Roost
|
|upkeep
|turn|13
|
|t:|1627264570
|switch|p1a: Chansey|Chansey, F|100/100
|move|p2a: Moltres|Nasty Plot|p2a: Moltres
|-boost|p2a: Moltres|spa|2
|
|upkeep
|turn|14
|
|t:|1627264578
|move|p2a: Moltres|Nasty Plot|p2a: Moltres
|-boost|p2a: Moltres|spa|2
|move|p1a: Chansey|Toxic|p2a: Moltres
|-status|p2a: Moltres|tox
|
|-damage|p2a: Moltres|94/100 tox|[from] psn
|upkeep
|turn|15
|
|t:|1627264588
|move|p2a: Moltres|Nasty Plot|p2a: Moltres
|-boost|p2a: Moltres|spa|2
|move|p1a: Chansey|Seismic Toss|p2a: Moltres
|-damage|p2a: Moltres|68/100 tox
|
|-damage|p2a: Moltres|56/100 tox|[from] psn
|upkeep
|turn|16
|
|t:|1627264597
|move|p2a: Moltres|Fiery Wrath|p1a: Chansey
|-damage|p1a: Chansey|56/100
|move|p1a: Chansey|Seismic Toss|p2a: Moltres
|-damage|p2a: Moltres|30/100 tox
|
|-damage|p2a: Moltres|12/100 tox|[from] psn
|upkeep
|turn|17
|
|t:|1627264604
|move|p2a: Moltres|Rest|p2a: Moltres
|-status|p2a: Moltres|slp|[from] move: Rest
|-heal|p2a: Moltres|100/100 slp|[silent]
|-enditem|p2a: Moltres|Chesto Berry|[eat]
|-curestatus|p2a: Moltres|slp|[msg]
|move|p1a: Chansey|Seismic Toss|p2a: Moltres
|-damage|p2a: Moltres|74/100
|
|upkeep
|turn|18
|
|t:|1627264621
|move|p2a: Moltres|Hurricane|p1a: Chansey
|-damage|p1a: Chansey|4/100
|move|p1a: Chansey|Soft-Boiled|p1a: Chansey
|-heal|p1a: Chansey|54/100
|
|upkeep
|turn|19
|
|t:|1627264637
|move|p2a: Moltres|Fiery Wrath|p1a: Chansey
|-damage|p1a: Chansey|8/100
|move|p1a: Chansey|Soft-Boiled|p1a: Chansey
|-heal|p1a: Chansey|58/100
|
|upkeep
|turn|20
|
|t:|1627264649
|move|p2a: Moltres|Fiery Wrath|p1a: Chansey
|-damage|p1a: Chansey|8/100
|move|p1a: Chansey|Soft-Boiled|p1a: Chansey
|-heal|p1a: Chansey|58/100
|
|upkeep
|turn|21
|c|☆bluelavatar|you are so lame
|
|t:|1627264667
|switch|p1a: Shedinja|Shedinja|100/100
|move|p2a: Moltres|Fiery Wrath|p1a: Shedinja
|-supereffective|p1a: Shedinja
|-damage|p1a: Shedinja|0 fnt
|faint|p1a: Shedinja
|
|upkeep
|c|☆bluelavatar|using a stall team in a tournament
|c|☆bluelavatar|that is not fun
|
|t:|1627264673
|switch|p1a: Quagsire|Quagsire, F|45/100
|turn|22
|
|t:|1627264680
|move|p1a: Quagsire|Protect|p1a: Quagsire
|-singleturn|p1a: Quagsire|Protect
|move|p2a: Moltres|Fiery Wrath|p1a: Quagsire
|-activate|p1a: Quagsire|move: Protect
|
|-heal|p1a: Quagsire|51/100|[from] item: Leftovers
|upkeep
|turn|23
|
|t:|1627264692
|move|p2a: Moltres|Hurricane|p1a: Quagsire
|-damage|p1a: Quagsire|0 fnt
|faint|p1a: Quagsire
|
|upkeep
|
|t:|1627264699
|switch|p1a: Umbreon|Umbreon, F|100/100
|turn|24
|c|☆the untouchable2|gg
|
|t:|1627264709
|move|p1a: Umbreon|Protect|p1a: Umbreon
|-singleturn|p1a: Umbreon|Protect
|move|p2a: Moltres|Hurricane|p1a: Umbreon
|-activate|p1a: Umbreon|move: Protect
|
|upkeep
|turn|25
|
|t:|1627264714
|move|p2a: Moltres|Hurricane|p1a: Umbreon
|-damage|p1a: Umbreon|0 fnt
|faint|p1a: Umbreon
|
|upkeep
|c|☆bluelavatar|yay
|-message|the untouchable2 forfeited.
|
|win|bluelavatar
|n|☆the untouchable2|theuntouchable2
|n|☆bluelavatar|bluelavatar
|n| Trick Home|trickhome
|n| Kahiba|kahiba
