|j|☆johnfisher225
|j|☆AlexPo14
|t:|1667816661
|gametype|singles
|player|p1|johnfisher225|janitor|1535
|player|p2|AlexPo14|roxie|1405
|teamsize|p1|6
|teamsize|p2|6
|gen|8
|tier|[Gen 8] UU
|rated|
|rule|Sleep Clause Mod: Limit one foe put to sleep
|rule|Species Clause: Limit one of each Pokémon
|rule|OHKO Clause: OHKO moves are banned
|rule|Evasion Items Clause: Evasion items are banned
|rule|Evasion Moves Clause: Evasion moves are banned
|rule|Endless Battle Clause: Forcing endless battles is banned
|rule|HP Percentage Mod: HP is shown in percentages
|rule|Dynamax Clause: You cannot dynamax
|clearpoke
|poke|p1|Lycanroc-Dusk, F|
|poke|p1|Azelf|
|poke|p1|Polteageist|
|poke|p1|Cobalion|
|poke|p1|Flygon, F|
|poke|p1|Celesteela|
|poke|p2|Araquanid, F|
|poke|p2|Darmanitan, M|
|poke|p2|Cobalion|
|poke|p2|Thundurus-Therian, M|
|poke|p2|Flygon, F|
|poke|p2|Primarina, M|
|teampreview
|inactive|Battle timer is ON: inactive players will automatically lose when time's up. (requested by johnfisher225)
|
|t:|1667816670
|start
|switch|p1a: Lycanroc|Lycanroc-Dusk, F|100/100
|switch|p2a: Araquanid|Araquanid, F|100/100
|turn|1
|j| Horuskoria
|
|t:|1667816687
|switch|p2a: Cobalion|Cobalion|100/100
|move|p1a: Lycanroc|Accelerock|p2a: Cobalion
|-resisted|p2a: Cobalion
|-damage|p2a: Cobalion|96/100
|-damage|p1a: Lycanroc|84/100|[from] item: Rocky Helmet|[of] p2a: Cobalion
|
|upkeep
|turn|2
|
|t:|1667816702
|switch|p2a: Araquanid|Araquanid, F|100/100
|move|p1a: Lycanroc|Stealth Rock|p2a: Araquanid
|-sidestart|p2: AlexPo14|move: Stealth Rock
|
|upkeep
|turn|3
|
|t:|1667816706
|switch|p2a: Flygon|Flygon, F|100/100
|-damage|p2a: Flygon|94/100|[from] Stealth Rock
|move|p1a: Lycanroc|Close Combat|p2a: Flygon
|-damage|p2a: Flygon|31/100
|-unboost|p1a: Lycanroc|def|1
|-unboost|p1a: Lycanroc|spd|1
|
|upkeep
|turn|4
|
|t:|1667816713
|move|p2a: Flygon|Earthquake|p1a: Lycanroc
|-supereffective|p1a: Lycanroc
|-damage|p1a: Lycanroc|0 fnt
|faint|p1a: Lycanroc
|
|upkeep
|
|t:|1667816720
|switch|p1a: Celesteela|Celesteela|100/100
|turn|5
|
|t:|1667816725
|switch|p2a: Cobalion|Cobalion|96/100
|-damage|p2a: Cobalion|93/100|[from] Stealth Rock
|move|p1a: Celesteela|Autotomize|p1a: Celesteela
|-boost|p1a: Celesteela|spe|2
|-start|p1a: Celesteela|Autotomize
|
|upkeep
|turn|6
|
|t:|1667816736
|move|p1a: Celesteela|Fire Blast|p2a: Cobalion
|-supereffective|p2a: Cobalion
|-damage|p2a: Cobalion|5/100
|move|p2a: Cobalion|Volt Switch|p1a: Celesteela
|-supereffective|p1a: Celesteela
|-damage|p1a: Celesteela|72/100
|
|t:|1667816749
|switch|p2a: Thundurus|Thundurus-Therian, M|100/100|[from]move: Volt Switch
|
|upkeep
|turn|7
|
|t:|1667816755
|switch|p2a: Primarina|Primarina, M|100/100
|-damage|p2a: Primarina|88/100|[from] Stealth Rock
|move|p1a: Celesteela|Meteor Beam||[still]
|-prepare|p1a: Celesteela|Meteor Beam
|-boost|p1a: Celesteela|spa|1
|-enditem|p1a: Celesteela|Power Herb
|-anim|p1a: Celesteela|Meteor Beam|p2a: Primarina|[miss]
|-miss|p1a: Celesteela|p2a: Primarina
|
|-heal|p2a: Primarina|94/100|[from] item: Leftovers
|upkeep
|turn|8
|
|t:|1667816764
|move|p1a: Celesteela|Air Slash|p2a: Primarina
|-damage|p2a: Primarina|49/100
|move|p2a: Primarina|Calm Mind|p2a: Primarina
|-boost|p2a: Primarina|spa|1
|-boost|p2a: Primarina|spd|1
|
|-heal|p2a: Primarina|55/100|[from] item: Leftovers
|upkeep
|turn|9
|
|t:|1667816771
|move|p1a: Celesteela|Air Slash|p2a: Primarina
|-damage|p2a: Primarina|23/100
|move|p2a: Primarina|Scald|p1a: Celesteela
|-damage|p1a: Celesteela|0 fnt
|faint|p1a: Celesteela
|
|-heal|p2a: Primarina|29/100|[from] item: Leftovers
|upkeep
|
|t:|1667816776
|switch|p1a: Flygon|Flygon, F|100/100
|turn|10
|
|t:|1667816785
|move|p1a: Flygon|Earthquake|p2a: Primarina
|-damage|p2a: Primarina|0 fnt
|faint|p2a: Primarina
|-damage|p1a: Flygon|91/100|[from] item: Life Orb
|
|upkeep
|
|t:|1667816789
|switch|p2a: Araquanid|Araquanid, F|100/100
|-damage|p2a: Araquanid|75/100|[from] Stealth Rock
|turn|11
|
|t:|1667816797
|move|p1a: Flygon|Dragon Dance|p1a: Flygon
|-boost|p1a: Flygon|atk|1
|-boost|p1a: Flygon|spe|1
|move|p2a: Araquanid|Sticky Web|p1a: Flygon
|-sidestart|p1: johnfisher225|move: Sticky Web
|
|-heal|p2a: Araquanid|82/100|[from] item: Leftovers
|upkeep
|turn|12
|
|t:|1667816800
|move|p1a: Flygon|Dragon Dance|p1a: Flygon
|-boost|p1a: Flygon|atk|1
|-boost|p1a: Flygon|spe|1
|move|p2a: Araquanid|Scald|p1a: Flygon
|-damage|p1a: Flygon|42/100
|
|-heal|p2a: Araquanid|88/100|[from] item: Leftovers
|upkeep
|turn|13
|
|t:|1667816803
|move|p1a: Flygon|Outrage|p2a: Araquanid
|-damage|p2a: Araquanid|0 fnt
|faint|p2a: Araquanid
|-damage|p1a: Flygon|32/100|[from] item: Life Orb
|
|upkeep
|
|t:|1667816808
|switch|p2a: Cobalion|Cobalion|5/100
|-damage|p2a: Cobalion|2/100|[from] Stealth Rock
|turn|14
|
|t:|1667816812
|move|p1a: Flygon|Outrage|p2a: Cobalion|[from]lockedmove
|-resisted|p2a: Cobalion
|-damage|p2a: Cobalion|0 fnt
|-damage|p1a: Flygon|16/100|[from] item: Rocky Helmet|[of] p2a: Cobalion
|faint|p2a: Cobalion
|-damage|p1a: Flygon|6/100|[from] item: Life Orb
|
|upkeep
|inactive|AlexPo14 has 120 seconds left.
|
|t:|1667816845
|switch|p2a: Flygon|Flygon, F|31/100
|-damage|p2a: Flygon|25/100|[from] Stealth Rock
|turn|15
|
|t:|1667816850
|move|p1a: Flygon|Outrage|p2a: Flygon|[from]lockedmove
|-supereffective|p2a: Flygon
|-damage|p2a: Flygon|0 fnt
|faint|p2a: Flygon
|-damage|p1a: Flygon|0 fnt|[from] item: Life Orb
|faint|p1a: Flygon
|
|upkeep
|
|t:|1667816864
|switch|p1a: Polteageist|Polteageist|100/100
|switch|p2a: Darmanitan|Darmanitan, M|100/100
|-damage|p2a: Darmanitan|75/100|[from] Stealth Rock
|-activate|p1a: Polteageist|move: Sticky Web
|-unboost|p1a: Polteageist|spe|1
|-enditem|p1a: Polteageist|White Herb
|-clearnegativeboost|p1a: Polteageist|[silent]
|turn|16
|inactive|AlexPo14 has 120 seconds left.
|
|t:|1667816881
|switch|p1a: Cobalion|Cobalion|100/100
|-activate|p1a: Cobalion|move: Sticky Web
|-unboost|p1a: Cobalion|spe|1
|move|p2a: Darmanitan|Fire Punch|p1a: Cobalion
|-supereffective|p1a: Cobalion
|-damage|p1a: Cobalion|0 fnt
|faint|p1a: Cobalion
|
|upkeep
|
|t:|1667816884
|switch|p1a: Azelf|Azelf|100/100
|turn|17
|
|t:|1667816889
|move|p1a: Azelf|Psyshock|p2a: Darmanitan
|-damage|p2a: Darmanitan|12/100
|move|p2a: Darmanitan|Fire Punch|p1a: Azelf
|-damage|p1a: Azelf|0 fnt
|faint|p1a: Azelf
|
|upkeep
|
|t:|1667816894
|switch|p1a: Polteageist|Polteageist|100/100
|-activate|p1a: Polteageist|move: Sticky Web
|-unboost|p1a: Polteageist|spe|1
|turn|18
|c|☆AlexPo14|gg
|
|t:|1667816897
|move|p2a: Darmanitan|Fire Punch|p1a: Polteageist
|-damage|p1a: Polteageist|0 fnt
|faint|p1a: Polteageist
|
|win|AlexPo14
|raw|johnfisher225's rating: 1535 &rarr; <strong>1508</strong><br />(-27 for losing)
|raw|AlexPo14's rating: 1405 &rarr; <strong>1432</strong><br />(+27 for winning)
|c|☆johnfisher225|gg
|l|☆johnfisher225
|l| Horuskoria
||Ladder isn't responding, score probably updated but might not have (Request timeout).
