|raw|<div class="broadcast-blue"><strong>This battle is required to be public due to a player having a name starting with 'uult91w'.</div>
|j|☆UULT91W TT
|j|☆UULT91W Huarguensy
|t:|1651692001
|gametype|singles
|player|p1|UULT91W TT|leon-tower|1480
|player|p2|UULT91W Huarguensy|steven|1560
|teamsize|p1|6
|teamsize|p2|6
|gen|8
|tier|[Gen 8] UU
|rated|
|rule|Sleep Clause Mod: Limit one foe put to sleep
|rule|Species Clause: Limit one of each Pokémon
|rule|OHKO Clause: OHKO moves are banned
|rule|Evasion Moves Clause: Evasion moves are banned
|rule|Endless Battle Clause: Forcing endless battles is banned
|rule|HP Percentage Mod: HP is shown in percentages
|rule|Dynamax Clause: You cannot dynamax
|clearpoke
|poke|p1|Hippowdon, F|
|poke|p1|Skarmory, M|
|poke|p1|Azumarill, F|
|poke|p1|Hydreigon, F|
|poke|p1|Slowbro-Galar, M|
|poke|p1|Scizor, M|
|poke|p2|Excadrill, F|
|poke|p2|Conkeldurr, F|
|poke|p2|Rotom-Heat|
|poke|p2|Mimikyu, F|
|poke|p2|Zarude|
|poke|p2|Gyarados, M|
|teampreview
|inactive|Battle timer is ON: inactive players will automatically lose when time's up. (requested by UULT91W Huarguensy)
|j| Dunoks
|inactive|UULT91W TT has 120 seconds left.
|j| roughskin sharpedo
|inactive|UULT91W TT has 90 seconds left.
|
|t:|1651692084
|start
|switch|p1a: Hydreigon|Hydreigon, F|100/100
|switch|p2a: Excadrill|Excadrill, F|100/100
|-ability|p2a: Excadrill|Mold Breaker
|turn|1
|
|t:|1651692088
|move|p1a: Hydreigon|Fire Blast|p2a: Excadrill
|-supereffective|p2a: Excadrill
|-enditem|p2a: Excadrill|Focus Sash
|-damage|p2a: Excadrill|1/100
|-status|p2a: Excadrill|brn
|move|p2a: Excadrill|Stealth Rock|p1a: Hydreigon
|-sidestart|p1: UULT91W TT|move: Stealth Rock
|
|-damage|p2a: Excadrill|0 fnt|[from] brn
|faint|p2a: Excadrill
|upkeep
|
|t:|1651692094
|switch|p2a: Conkeldurr|Conkeldurr, F|100/100
|turn|2
|
|t:|1651692104
|switch|p1a: Skarmory|Skarmory, M|100/100
|-damage|p1a: Skarmory|88/100|[from] Stealth Rock
|move|p2a: Conkeldurr|Close Combat|p1a: Skarmory
|-damage|p1a: Skarmory|41/100
|-unboost|p2a: Conkeldurr|def|1
|-unboost|p2a: Conkeldurr|spd|1
|-damage|p2a: Conkeldurr|84/100|[from] item: Rocky Helmet|[of] p1a: Skarmory
|
|-status|p2a: Conkeldurr|brn|[from] item: Flame Orb
|upkeep
|turn|3
|
|t:|1651692114
|move|p1a: Skarmory|Body Press|p2a: Conkeldurr
|-damage|p2a: Conkeldurr|40/100 brn
|move|p2a: Conkeldurr|Close Combat|p1a: Skarmory
|-crit|p1a: Skarmory
|-damage|p1a: Skarmory|0 fnt
|-unboost|p2a: Conkeldurr|def|1
|-unboost|p2a: Conkeldurr|spd|1
|-damage|p2a: Conkeldurr|23/100 brn|[from] item: Rocky Helmet|[of] p1a: Skarmory
|faint|p1a: Skarmory
|
|-damage|p2a: Conkeldurr|17/100 brn|[from] brn
|upkeep
|
|t:|1651692131
|switch|p1a: Scizor|Scizor, M|100/100
|turn|4
|
|t:|1651692133
|switch|p2a: Rotom|Rotom-Heat|100/100
|move|p1a: Scizor|Bullet Punch|p2a: Rotom
|-resisted|p2a: Rotom
|-damage|p2a: Rotom|91/100
|
|upkeep
|turn|5
|j| uult91w tsjstdrw
|
|t:|1651692143
|switch|p1a: Hippowdon|Hippowdon, F|100/100
|-damage|p1a: Hippowdon|94/100|[from] Stealth Rock
|-weather|Sandstorm|[from] ability: Sand Stream|[of] p1a: Hippowdon
|move|p2a: Rotom|Overheat|p1a: Hippowdon
|-damage|p1a: Hippowdon|29/100
|-unboost|p2a: Rotom|spa|2
|
|-weather|Sandstorm|[upkeep]
|-damage|p2a: Rotom|85/100|[from] Sandstorm
|-heal|p1a: Hippowdon|35/100|[from] item: Leftovers
|upkeep
|turn|6
|
|t:|1651692147
|switch|p2a: Gyarados|Gyarados, M|100/100
|move|p1a: Hippowdon|Slack Off|p1a: Hippowdon
|-heal|p1a: Hippowdon|85/100
|
|-weather|Sandstorm|[upkeep]
|-damage|p2a: Gyarados|94/100|[from] Sandstorm
|-heal|p1a: Hippowdon|92/100|[from] item: Leftovers
|upkeep
|turn|7
|
|t:|1651692151
|move|p2a: Gyarados|Waterfall|p1a: Hippowdon
|-supereffective|p1a: Hippowdon
|-damage|p1a: Hippowdon|9/100
|-damage|p2a: Gyarados|84/100|[from] item: Life Orb
|move|p1a: Hippowdon|Toxic|p2a: Gyarados
|-status|p2a: Gyarados|tox
|
|-weather|Sandstorm|[upkeep]
|-damage|p2a: Gyarados|78/100 tox|[from] Sandstorm
|-heal|p1a: Hippowdon|15/100|[from] item: Leftovers
|-damage|p2a: Gyarados|72/100 tox|[from] psn
|upkeep
|turn|8
|
|t:|1651692163
|move|p2a: Gyarados|Waterfall|p1a: Hippowdon
|-supereffective|p1a: Hippowdon
|-damage|p1a: Hippowdon|0 fnt
|faint|p1a: Hippowdon
|-ability|p2a: Gyarados|Moxie|boost
|-boost|p2a: Gyarados|atk|1
|-damage|p2a: Gyarados|62/100 tox|[from] item: Life Orb
|
|-weather|Sandstorm|[upkeep]
|-damage|p2a: Gyarados|56/100 tox|[from] Sandstorm
|-damage|p2a: Gyarados|44/100 tox|[from] psn
|upkeep
|
|t:|1651692164
|switch|p1a: Hydreigon|Hydreigon, F|100/100
|-damage|p1a: Hydreigon|88/100|[from] Stealth Rock
|turn|9
|
|t:|1651692174
|move|p1a: Hydreigon|Dark Pulse|p2a: Gyarados
|-damage|p2a: Gyarados|5/100 tox
|move|p2a: Gyarados|Bounce||[still]
|-prepare|p2a: Gyarados|Bounce
|
|-weather|none
|-damage|p2a: Gyarados|0 fnt|[from] psn
|faint|p2a: Gyarados
|upkeep
|
|t:|1651692191
|switch|p2a: Zarude|Zarude|100/100
|turn|10
|
|t:|1651692200
|switch|p1a: Scizor|Scizor, M|100/100
|move|p2a: Zarude|U-turn|p1a: Scizor
|-resisted|p1a: Scizor
|-damage|p1a: Scizor|90/100
|
|t:|1651692202
|switch|p2a: Rotom|Rotom-Heat|85/100|[from]move: U-turn
|
|upkeep
|turn|11
|
|t:|1651692205
|switch|p1a: Slowbro|Slowbro-Galar, M|100/100
|-damage|p1a: Slowbro|88/100|[from] Stealth Rock
|move|p2a: Rotom|Volt Switch|p1a: Slowbro
|-damage|p1a: Slowbro|62/100
|
|t:|1651692209
|switch|p2a: Conkeldurr|Conkeldurr, F|17/100 brn|[from]move: Volt Switch
|
|-damage|p2a: Conkeldurr|11/100 brn|[from] brn
|upkeep
|turn|12
|inactive|UULT91W TT has 120 seconds left.
|l| Dunoks
|
|t:|1651692247
|move|p2a: Conkeldurr|Knock Off|p1a: Slowbro
|-supereffective|p1a: Slowbro
|-damage|p1a: Slowbro|0 fnt
|-enditem|p1a: Slowbro|Assault Vest|[from] move: Knock Off|[of] p2a: Conkeldurr
|faint|p1a: Slowbro
|
|-damage|p2a: Conkeldurr|5/100 brn|[from] brn
|upkeep
|
|t:|1651692251
|switch|p1a: Scizor|Scizor, M|90/100
|turn|13
|
|t:|1651692258
|switch|p2a: Rotom|Rotom-Heat|85/100
|move|p1a: Scizor|Bullet Punch|p2a: Rotom
|-resisted|p2a: Rotom
|-damage|p2a: Rotom|75/100
|
|upkeep
|turn|14
|
|t:|1651692261
|switch|p1a: Hydreigon|Hydreigon, F|88/100
|-damage|p1a: Hydreigon|76/100|[from] Stealth Rock
|move|p2a: Rotom|Volt Switch|p1a: Hydreigon
|-resisted|p1a: Hydreigon
|-damage|p1a: Hydreigon|47/100
|
|t:|1651692264
|switch|p2a: Zarude|Zarude|100/100|[from]move: Volt Switch
|
|upkeep
|turn|15
|
|t:|1651692271
|move|p2a: Zarude|U-turn|p1a: Hydreigon
|-supereffective|p1a: Hydreigon
|-damage|p1a: Hydreigon|0 fnt
|faint|p1a: Hydreigon
|
|t:|1651692275
|switch|p2a: Rotom|Rotom-Heat|75/100|[from]move: U-turn
|
|upkeep
|
|t:|1651692278
|switch|p1a: Azumarill|Azumarill, F|100/100
|-damage|p1a: Azumarill|88/100|[from] Stealth Rock
|turn|16
|
|t:|1651692280
|switch|p2a: Conkeldurr|Conkeldurr, F|5/100 brn
|move|p1a: Azumarill|Aqua Jet|p2a: Conkeldurr
|-damage|p2a: Conkeldurr|0 fnt
|faint|p2a: Conkeldurr
|
|upkeep
|
|t:|1651692281
|switch|p2a: Zarude|Zarude|100/100
|turn|17
|
|t:|1651692287
|switch|p1a: Scizor|Scizor, M|90/100
|move|p2a: Zarude|Power Whip|p1a: Scizor
|-resisted|p1a: Scizor
|-damage|p1a: Scizor|78/100
|
|upkeep
|turn|18
|
|t:|1651692296
|switch|p2a: Mimikyu|Mimikyu, F|100/100
|move|p1a: Scizor|Knock Off|p2a: Mimikyu
|-activate|p2a: Mimikyu|ability: Disguise
|-damage|p2a: Mimikyu|100/100
|-enditem|p2a: Mimikyu|Life Orb|[from] move: Knock Off|[of] p1a: Scizor
|detailschange|p2a: Mimikyu|Mimikyu-Busted, F
|-damage|p2a: Mimikyu|88/100|[from] pokemon: Mimikyu-Busted
|
|upkeep
|turn|19
|
|t:|1651692304
|move|p2a: Mimikyu|Shadow Claw|p1a: Scizor
|-damage|p1a: Scizor|50/100
|move|p1a: Scizor|U-turn|p2a: Mimikyu
|-resisted|p2a: Mimikyu
|-damage|p2a: Mimikyu|74/100
|
|t:|1651692307
|switch|p1a: Azumarill|Azumarill, F|88/100|[from]move: U-turn
|-damage|p1a: Azumarill|76/100|[from] Stealth Rock
|
|upkeep
|turn|20
|
|t:|1651692322
|move|p2a: Mimikyu|Shadow Claw|p1a: Azumarill
|-damage|p1a: Azumarill|43/100
|move|p1a: Azumarill|Liquidation|p2a: Mimikyu
|-damage|p2a: Mimikyu|0 fnt
|faint|p2a: Mimikyu
|
|upkeep
|inactiveoff|Battle timer is now OFF.
|
|t:|1651692361
|switch|p2a: Rotom|Rotom-Heat|75/100
|turn|21
|
|t:|1651692369
|switch|p2a: Zarude|Zarude|100/100
|move|p1a: Azumarill|Liquidation|p2a: Zarude
|-resisted|p2a: Zarude
|-damage|p2a: Zarude|64/100
|
|upkeep
|turn|22
|
|t:|1651692386
|move|p2a: Zarude|Darkest Lariat|p1a: Azumarill
|-resisted|p1a: Azumarill
|-damage|p1a: Azumarill|20/100
|move|p1a: Azumarill|Liquidation|p2a: Zarude
|-resisted|p2a: Zarude
|-damage|p2a: Zarude|25/100
|
|upkeep
|turn|23
|
|t:|1651692390
|switch|p1a: Scizor|Scizor, M|50/100
|move|p2a: Zarude|Darkest Lariat|p1a: Scizor
|-damage|p1a: Scizor|12/100
|
|upkeep
|turn|24
|
|t:|1651692405
|switch|p2a: Rotom|Rotom-Heat|75/100
|move|p1a: Scizor|U-turn|p2a: Rotom
|-resisted|p2a: Rotom
|-damage|p2a: Rotom|54/100
|
|t:|1651692407
|switch|p1a: Azumarill|Azumarill, F|20/100|[from]move: U-turn
|-damage|p1a: Azumarill|8/100|[from] Stealth Rock
|
|upkeep
|turn|25
|
|t:|1651692409
|move|p1a: Azumarill|Aqua Jet|p2a: Rotom
|-supereffective|p2a: Rotom
|-damage|p2a: Rotom|0 fnt
|faint|p2a: Rotom
|
|upkeep
|
|t:|1651692411
|switch|p2a: Zarude|Zarude|25/100
|turn|26
|
|t:|1651692413
|move|p1a: Azumarill|Aqua Jet|p2a: Zarude
|-resisted|p2a: Zarude
|-damage|p2a: Zarude|6/100
|move|p2a: Zarude|Darkest Lariat|p1a: Azumarill
|-resisted|p1a: Azumarill
|-damage|p1a: Azumarill|0 fnt
|faint|p1a: Azumarill
|
|upkeep
|
|t:|1651692415
|switch|p1a: Scizor|Scizor, M|12/100
|turn|27
|c|☆UULT91W TT|gg
|c|☆UULT91W Huarguensy|Gg
|
|t:|1651692420
|move|p1a: Scizor|Bullet Punch|p2a: Zarude
|-damage|p2a: Zarude|0 fnt
|faint|p2a: Zarude
|
|win|UULT91W TT
|raw|UULT91W TT's rating: 1480 &rarr; <strong>1505</strong><br />(+25 for winning)
|raw|UULT91W Huarguensy's rating: 1560 &rarr; <strong>1535</strong><br />(-25 for losing)
|l|☆UULT91W Huarguensy
|l| uult91w tsjstdrw
|l| roughskin sharpedo
||Ladder isn't responding, score probably updated but might not have (Request timeout).
