|j|☆Mimilucha
|j|☆Scandrel-Spy
|inactive|Battle timer is ON: inactive players will automatically lose when time's up.
|t:|1660927266
|gametype|singles
|player|p1|Mimilucha|ethan-masters|
|player|p2|Scandrel-Spy|rocketgruntf|
|teamsize|p1|6
|teamsize|p2|6
|gen|8
|tier|[Gen 8] UU
|rated|Tournament battle
|rule|Sleep Clause Mod: Limit one foe put to sleep
|rule|Species Clause: Limit one of each Pokémon
|rule|OHKO Clause: OHKO moves are banned
|rule|Evasion Items Clause: Evasion items are banned
|rule|Evasion Moves Clause: Evasion moves are banned
|rule|Endless Battle Clause: Forcing endless battles is banned
|rule|HP Percentage Mod: HP is shown in percentages
|rule|Dynamax Clause: You cannot dynamax
|clearpoke
|poke|p1|Slowbro-Galar, F|
|poke|p1|Skarmory, F|
|poke|p1|Hippowdon, M|
|poke|p1|Zarude|
|poke|p1|Rotom-Wash|
|poke|p1|Noivern, F|
|poke|p2|Salamence, F|
|poke|p2|Swampert, M|
|poke|p2|Rotom-Heat|
|poke|p2|Haxorus, M|
|poke|p2|Chansey, F|
|poke|p2|Skarmory, M|
|teampreview
|j|*Lady Monita
|inactive|Mimilucha also wants the timer to be on.
|inactive|Scandrel-Spy has 120 seconds left.
|
|t:|1660927307
|start
|switch|p1a: Noivern|Noivern, F|100/100
|switch|p2a: Skarmory|Skarmory, M|100/100
|turn|1
|
|t:|1660927319
|move|p1a: Noivern|Flamethrower|p2a: Skarmory
|-supereffective|p2a: Skarmory
|-damage|p2a: Skarmory|24/100
|move|p2a: Skarmory|Stealth Rock|p1a: Noivern
|-sidestart|p1: Mimilucha|move: Stealth Rock
|
|upkeep
|turn|2
|
|t:|1660927323
|switch|p2a: Owen|Rotom-Heat|100/100
|move|p1a: Noivern|Flamethrower|p2a: Owen
|-resisted|p2a: Owen
|-damage|p2a: Owen|82/100
|
|upkeep
|turn|3
|
|t:|1660927327
|move|p1a: Noivern|Draco Meteor|p2a: Owen
|-damage|p2a: Owen|15/100
|-unboost|p1a: Noivern|spa|2
|move|p2a: Owen|Pain Split|p1a: Noivern
|-sethp|p1a: Noivern|56/100|[from] move: Pain Split|[silent]
|-sethp|p2a: Owen|72/100|[from] move: Pain Split
|
|upkeep
|turn|4
|
|t:|1660927331
|move|p1a: Noivern|U-turn|p2a: Owen
|-resisted|p2a: Owen
|-damage|p2a: Owen|64/100
|
|t:|1660927333
|switch|p1a: Hippowdon|Hippowdon, M|100/100|[from]move: U-turn
|-damage|p1a: Hippowdon|94/100|[from] Stealth Rock
|-weather|Sandstorm|[from] ability: Sand Stream|[of] p1a: Hippowdon
|move|p2a: Owen|Will-O-Wisp|p1a: Hippowdon|[miss]
|-miss|p2a: Owen|p1a: Hippowdon
|
|-weather|Sandstorm|[upkeep]
|-damage|p2a: Owen|57/100|[from] Sandstorm
|-heal|p1a: Hippowdon|100/100|[from] item: Leftovers
|upkeep
|turn|5
|
|t:|1660927354
|switch|p2a: Xaiver|Salamence, F|100/100
|move|p1a: Hippowdon|Stealth Rock|p2a: Xaiver
|-sidestart|p2: Scandrel-Spy|move: Stealth Rock
|
|-weather|Sandstorm|[upkeep]
|-damage|p2a: Xaiver|94/100|[from] Sandstorm
|-heal|p2a: Xaiver|100/100|[from] item: Leftovers
|upkeep
|turn|6
|
|t:|1660927358
|move|p2a: Xaiver|Substitute|p2a: Xaiver
|-start|p2a: Xaiver|Substitute
|-damage|p2a: Xaiver|76/100
|move|p1a: Hippowdon|Toxic||[still]
|-fail|p1a: Hippowdon
|
|-weather|Sandstorm|[upkeep]
|-damage|p2a: Xaiver|70/100|[from] Sandstorm
|-heal|p2a: Xaiver|76/100|[from] item: Leftovers
|upkeep
|turn|7
|
|t:|1660927382
|switch|p1a: Skarmory|Skarmory, F|100/100
|-damage|p1a: Skarmory|88/100|[from] Stealth Rock
|move|p2a: Xaiver|Dragon Dance|p2a: Xaiver
|-boost|p2a: Xaiver|atk|1
|-boost|p2a: Xaiver|spe|1
|
|-weather|Sandstorm|[upkeep]
|-damage|p2a: Xaiver|70/100|[from] Sandstorm
|-heal|p2a: Xaiver|76/100|[from] item: Leftovers
|upkeep
|turn|8
|
|t:|1660927384
|move|p2a: Xaiver|Dragon Dance|p2a: Xaiver
|-boost|p2a: Xaiver|atk|1
|-boost|p2a: Xaiver|spe|1
|move|p1a: Skarmory|Iron Defense|p1a: Skarmory
|-boost|p1a: Skarmory|def|2
|
|-weather|none
|-heal|p2a: Xaiver|82/100|[from] item: Leftovers
|upkeep
|turn|9
|
|t:|1660927386
|move|p2a: Xaiver|Dragon Dance|p2a: Xaiver
|-boost|p2a: Xaiver|atk|1
|-boost|p2a: Xaiver|spe|1
|move|p1a: Skarmory|Iron Defense|p1a: Skarmory
|-boost|p1a: Skarmory|def|2
|
|-heal|p2a: Xaiver|88/100|[from] item: Leftovers
|upkeep
|turn|10
|
|t:|1660927387
|move|p2a: Xaiver|Dragon Dance|p2a: Xaiver
|-boost|p2a: Xaiver|atk|1
|-boost|p2a: Xaiver|spe|1
|move|p1a: Skarmory|Body Press|p2a: Xaiver
|-resisted|p2a: Xaiver
|-end|p2a: Xaiver|Substitute
|
|-heal|p2a: Xaiver|94/100|[from] item: Leftovers
|upkeep
|turn|11
|
|t:|1660927392
|move|p2a: Xaiver|Dragon Claw|p1a: Skarmory
|-resisted|p1a: Skarmory
|-damage|p1a: Skarmory|73/100
|-damage|p2a: Xaiver|77/100|[from] item: Rocky Helmet|[of] p1a: Skarmory
|move|p1a: Skarmory|Iron Defense|p1a: Skarmory
|-boost|p1a: Skarmory|def|2
|
|-heal|p2a: Xaiver|83/100|[from] item: Leftovers
|upkeep
|turn|12
|
|t:|1660927396
|move|p2a: Xaiver|Dragon Claw|p1a: Skarmory
|-resisted|p1a: Skarmory
|-damage|p1a: Skarmory|63/100
|-damage|p2a: Xaiver|67/100|[from] item: Rocky Helmet|[of] p1a: Skarmory
|move|p1a: Skarmory|Roost|p1a: Skarmory
|-heal|p1a: Skarmory|100/100
|-singleturn|p1a: Skarmory|move: Roost
|
|-heal|p2a: Xaiver|73/100|[from] item: Leftovers
|upkeep
|turn|13
|c|☆Scandrel-Spy|oh i hate you for thatt'
|
|t:|1660927405
|switch|p2a: Owen|Rotom-Heat|57/100
|move|p1a: Skarmory|Spikes|p2a: Owen
|-sidestart|p2: Scandrel-Spy|Spikes
|
|upkeep
|turn|14
|
|t:|1660927410
|switch|p1a: Hippowdon|Hippowdon, M|100/100
|-damage|p1a: Hippowdon|94/100|[from] Stealth Rock
|-weather|Sandstorm|[from] ability: Sand Stream|[of] p1a: Hippowdon
|move|p2a: Owen|Pain Split|p1a: Hippowdon
|-sethp|p1a: Hippowdon|64/100|[from] move: Pain Split|[silent]
|-sethp|p2a: Owen|100/100|[from] move: Pain Split
|
|-weather|Sandstorm|[upkeep]
|-damage|p2a: Owen|94/100|[from] Sandstorm
|-heal|p1a: Hippowdon|70/100|[from] item: Leftovers
|upkeep
|turn|15
|j| BlazingLegendEX
|l| BlazingLegendEX
|
|t:|1660927433
|move|p2a: Owen|Will-O-Wisp|p1a: Hippowdon
|-status|p1a: Hippowdon|brn
|move|p1a: Hippowdon|Toxic|p2a: Owen
|-status|p2a: Owen|tox
|
|-weather|Sandstorm|[upkeep]
|-damage|p2a: Owen|88/100 tox|[from] Sandstorm
|-heal|p1a: Hippowdon|76/100 brn|[from] item: Leftovers
|-damage|p2a: Owen|82/100 tox|[from] psn
|-damage|p1a: Hippowdon|70/100 brn|[from] brn
|upkeep
|turn|16
|
|t:|1660927438
|switch|p2a: Chansey|Chansey, F|100/100
|-damage|p2a: Chansey|88/100|[from] Stealth Rock
|-damage|p2a: Chansey|76/100|[from] Spikes
|move|p1a: Hippowdon|Slack Off|p1a: Hippowdon
|-heal|p1a: Hippowdon|100/100 brn
|
|-weather|Sandstorm|[upkeep]
|-damage|p2a: Chansey|70/100|[from] Sandstorm
|-damage|p1a: Hippowdon|94/100 brn|[from] brn
|upkeep
|turn|17
|
|t:|1660927441
|switch|p1a: Skarmory|Skarmory, F|100/100
|-damage|p1a: Skarmory|88/100|[from] Stealth Rock
|move|p2a: Chansey|Soft-Boiled|p2a: Chansey
|-heal|p2a: Chansey|100/100
|
|-weather|Sandstorm|[upkeep]
|-damage|p2a: Chansey|94/100|[from] Sandstorm
|upkeep
|turn|18
|
|t:|1660927445
|move|p1a: Skarmory|Spikes|p2a: Chansey
|-sidestart|p2: Scandrel-Spy|Spikes
|move|p2a: Chansey|Seismic Toss|p1a: Skarmory
|-damage|p1a: Skarmory|56/100
|-damage|p2a: Chansey|78/100|[from] item: Rocky Helmet|[of] p1a: Skarmory
|
|-weather|none
|upkeep
|turn|19
|
|t:|1660927448
|move|p1a: Skarmory|Roost|p1a: Skarmory
|-heal|p1a: Skarmory|100/100
|-singleturn|p1a: Skarmory|move: Roost
|move|p2a: Chansey|Seismic Toss|p1a: Skarmory
|-damage|p1a: Skarmory|68/100
|-damage|p2a: Chansey|61/100|[from] item: Rocky Helmet|[of] p1a: Skarmory
|
|upkeep
|turn|20
|
|t:|1660927451
|switch|p2a: Owen|Rotom-Heat|82/100 tox
|move|p1a: Skarmory|Spikes|p2a: Owen
|-sidestart|p2: Scandrel-Spy|Spikes
|
|-damage|p2a: Owen|76/100 tox|[from] psn
|upkeep
|turn|21
|
|t:|1660927454
|switch|p2a: Swampy|Swampert, M|100/100
|-damage|p2a: Swampy|94/100|[from] Stealth Rock
|-damage|p2a: Swampy|69/100|[from] Spikes
|switch|p1a: Rotom|Rotom-Wash|100/100
|-damage|p1a: Rotom|88/100|[from] Stealth Rock
|
|upkeep
|turn|22
|
|t:|1660927458
|move|p1a: Rotom|Trick|p2a: Swampy
|-activate|p1a: Rotom|move: Trick|[of] p2a: Swampy
|-item|p2a: Swampy|Choice Scarf|[from] move: Trick
|-enditem|p1a: Rotom|Choice Scarf|[silent]|[from] move: Trick
|move|p2a: Swampy|Ice Punch|p1a: Rotom
|-resisted|p1a: Rotom
|-damage|p1a: Rotom|74/100
|
|upkeep
|turn|23
|inactive|Scandrel-Spy has 120 seconds left.
|
|t:|1660927489
|switch|p2a: Chansey|Chansey, F|61/100
|-damage|p2a: Chansey|49/100|[from] Stealth Rock
|-damage|p2a: Chansey|24/100|[from] Spikes
|move|p1a: Rotom|Volt Switch|p2a: Chansey
|-damage|p2a: Chansey|16/100
|
|t:|1660927492
|switch|p1a: Zarude|Zarude|100/100|[from]move: Volt Switch
|-damage|p1a: Zarude|88/100|[from] Stealth Rock
|
|upkeep
|turn|24
|
|t:|1660927503
|move|p2a: Chansey|Protect|p2a: Chansey
|-singleturn|p2a: Chansey|Protect
|move|p1a: Zarude|Darkest Lariat|p2a: Chansey
|-activate|p2a: Chansey|move: Protect
|
|upkeep
|turn|25
|
|t:|1660927506
|move|p1a: Zarude|Darkest Lariat|p2a: Chansey
|-damage|p2a: Chansey|0 fnt
|faint|p2a: Chansey
|
|upkeep
|
|t:|1660927509
|switch|p2a: Skarmory|Skarmory, M|24/100
|-damage|p2a: Skarmory|12/100|[from] Stealth Rock
|turn|26
|
|t:|1660927512
|move|p1a: Zarude|Darkest Lariat|p2a: Skarmory
|-damage|p2a: Skarmory|0 fnt
|-damage|p1a: Zarude|72/100|[from] item: Rocky Helmet|[of] p2a: Skarmory
|faint|p2a: Skarmory
|
|upkeep
|
|t:|1660927529
|switch|p2a: Owen|Rotom-Heat|76/100 tox
|turn|27
|
|t:|1660927531
|move|p1a: Zarude|Darkest Lariat|p2a: Owen
|-damage|p2a: Owen|0 fnt
|faint|p2a: Owen
|
|upkeep
|c|☆Scandrel-Spy|bruh
|
|t:|1660927540
|switch|p2a: Xaiver|Salamence, F|73/100
|-damage|p2a: Xaiver|48/100|[from] Stealth Rock
|turn|28
|
|t:|1660927542
|move|p1a: Zarude|Darkest Lariat|p2a: Xaiver
|-damage|p2a: Xaiver|0 fnt
|faint|p2a: Xaiver
|
|upkeep
|
|t:|1660927544
|switch|p2a: Onodex|Haxorus, M, shiny|100/100
|-damage|p2a: Onodex|88/100|[from] Stealth Rock
|-damage|p2a: Onodex|63/100|[from] Spikes
|turn|29
|
|t:|1660927547
|move|p1a: Zarude|Darkest Lariat|p2a: Onodex
|-damage|p2a: Onodex|0 fnt
|faint|p2a: Onodex
|
|upkeep
|
|t:|1660927550
|switch|p2a: Swampy|Swampert, M|69/100
|-damage|p2a: Swampy|63/100|[from] Stealth Rock
|-damage|p2a: Swampy|38/100|[from] Spikes
|turn|30
|
|t:|1660927552
|move|p1a: Zarude|Darkest Lariat|p2a: Swampy
|-damage|p2a: Swampy|0 fnt
|faint|p2a: Swampy
|
|win|Mimilucha
|n|☆Mimilucha|mimilucha
|n|☆Scandrel-Spy|scandrelspy
|n|*Lady Monita|ladymonita
|l|*Lady Monita
|l|☆Scandrel-Spy
|c|☆Mimilucha|gg
