|html|<div class="broadcast-blue"><strong>[Gen 8] UU is currently suspecting Scizor! For information on how to participate check out the <a href="https://www.smogon.com/forums/threads/ss-uu-stage-12-2-spider-dance.3704866/">suspect thread</a>.</strong></div>
|j|☆5 pia to the top
|j|☆DumboTheDino
|t:|1659231223
|gametype|singles
|player|p1|5 pia to the top|#uutrio2ladder|1126
|player|p2|DumboTheDino|265|1127
|teamsize|p1|5
|teamsize|p2|6
|gen|8
|tier|[Gen 8] UU
|rated|
|rule|Sleep Clause Mod: Limit one foe put to sleep
|rule|Species Clause: Limit one of each Pokémon
|rule|OHKO Clause: OHKO moves are banned
|rule|Evasion Moves Clause: Evasion moves are banned
|rule|Endless Battle Clause: Forcing endless battles is banned
|rule|HP Percentage Mod: HP is shown in percentages
|rule|Dynamax Clause: You cannot dynamax
|clearpoke
|poke|p1|Articuno|
|poke|p1|Umbreon, M|
|poke|p1|Quagsire, F|
|poke|p1|Skarmory, F|
|poke|p1|Nihilego|
|poke|p2|Torkoal, M|
|poke|p2|Venusaur, M|
|poke|p2|Darmanitan, M|
|poke|p2|Celesteela|
|poke|p2|Zarude|
|poke|p2|Azelf|
|teampreview
|j| Shelley_Swampert
|
|t:|1659231239
|start
|switch|p1a: stingy thingy|Nihilego|100/100
|switch|p2a: Torkoal|Torkoal, M|100/100
|-weather|SunnyDay|[from] ability: Drought|[of] p2a: Torkoal
|turn|1
|
|t:|1659231249
|switch|p2a: Venusaur|Venusaur, M|100/100
|move|p1a: stingy thingy|Stealth Rock|p2a: Venusaur
|-sidestart|p2: DumboTheDino|move: Stealth Rock
|
|-weather|SunnyDay|[upkeep]
|upkeep
|turn|2
|
|t:|1659231256
|move|p2a: Venusaur|Growth|p2a: Venusaur
|-boost|p2a: Venusaur|atk|2
|-boost|p2a: Venusaur|spa|2
|move|p1a: stingy thingy|Sludge Bomb|p2a: Venusaur
|-damage|p2a: Venusaur|49/100
|
|-weather|SunnyDay|[upkeep]
|upkeep
|turn|3
|
|t:|1659231264
|move|p2a: Venusaur|Giga Drain|p1a: stingy thingy
|-damage|p1a: stingy thingy|27/100
|-heal|p2a: Venusaur|93/100|[from] drain|[of] p1a: stingy thingy
|-damage|p2a: Venusaur|83/100|[from] item: Life Orb
|move|p1a: stingy thingy|Sludge Bomb|p2a: Venusaur
|-damage|p2a: Venusaur|29/100
|
|-weather|SunnyDay|[upkeep]
|-heal|p1a: stingy thingy|33/100|[from] item: Black Sludge
|upkeep
|turn|4
|
|t:|1659231273
|switch|p1a: freezey vreezey|Articuno|100/100
|-ability|p1a: freezey vreezey|Pressure
|move|p2a: Venusaur|Giga Drain|p1a: freezey vreezey
|-resisted|p1a: freezey vreezey
|-damage|p1a: freezey vreezey|75/100
|-heal|p2a: Venusaur|45/100|[from] drain|[of] p1a: freezey vreezey
|-damage|p2a: Venusaur|35/100|[from] item: Life Orb
|
|-weather|SunnyDay|[upkeep]
|upkeep
|turn|5
|
|t:|1659231279
|switch|p1a: muddy buddy|Quagsire, F|100/100
|move|p2a: Venusaur|Weather Ball|p1a: muddy buddy
|-resisted|p1a: muddy buddy
|-damage|p1a: muddy buddy|75/100
|-damage|p2a: Venusaur|25/100|[from] item: Life Orb
|
|-weather|SunnyDay|[upkeep]
|-heal|p1a: muddy buddy|81/100|[from] item: Leftovers
|upkeep
|turn|6
|
|t:|1659231286
|switch|p1a: freezey vreezey|Articuno|75/100
|-ability|p1a: freezey vreezey|Pressure
|move|p2a: Venusaur|Giga Drain|p1a: freezey vreezey
|-resisted|p1a: freezey vreezey
|-damage|p1a: freezey vreezey|50/100
|-heal|p2a: Venusaur|41/100|[from] drain|[of] p1a: freezey vreezey
|-damage|p2a: Venusaur|31/100|[from] item: Life Orb
|
|-weather|SunnyDay|[upkeep]
|upkeep
|turn|7
|
|t:|1659231293
|switch|p1a: muddy buddy|Quagsire, F|81/100
|move|p2a: Venusaur|Weather Ball|p1a: muddy buddy
|-resisted|p1a: muddy buddy
|-damage|p1a: muddy buddy|55/100
|-damage|p2a: Venusaur|21/100|[from] item: Life Orb
|
|-weather|SunnyDay|[upkeep]
|-heal|p1a: muddy buddy|61/100|[from] item: Leftovers
|upkeep
|turn|8
|
|t:|1659231306
|switch|p1a: freezey vreezey|Articuno|50/100
|-ability|p1a: freezey vreezey|Pressure
|move|p2a: Venusaur|Giga Drain|p1a: freezey vreezey
|-resisted|p1a: freezey vreezey
|-damage|p1a: freezey vreezey|25/100
|-heal|p2a: Venusaur|37/100|[from] drain|[of] p1a: freezey vreezey
|-damage|p2a: Venusaur|27/100|[from] item: Life Orb
|
|-weather|none
|upkeep
|turn|9
|
|t:|1659231315
|switch|p2a: Torkoal|Torkoal, M|100/100
|-damage|p2a: Torkoal|76/100|[from] Stealth Rock
|-weather|SunnyDay|[from] ability: Drought|[of] p2a: Torkoal
|switch|p1a: sturdy birdy|Skarmory, F|100/100
|
|-weather|SunnyDay|[upkeep]
|upkeep
|turn|10
|
|t:|1659231320
|switch|p1a: stingy thingy|Nihilego|33/100
|move|p2a: Torkoal|Lava Plume|p1a: stingy thingy
|-resisted|p1a: stingy thingy
|-damage|p1a: stingy thingy|19/100
|-status|p1a: stingy thingy|brn
|
|-weather|SunnyDay|[upkeep]
|-heal|p1a: stingy thingy|26/100 brn|[from] item: Black Sludge
|-damage|p1a: stingy thingy|19/100 brn|[from] brn
|upkeep
|turn|11
|
|t:|1659231331
|switch|p2a: Azelf|Azelf|100/100
|-damage|p2a: Azelf|88/100|[from] Stealth Rock
|move|p1a: stingy thingy|Power Gem|p2a: Azelf
|-damage|p2a: Azelf|29/100
|
|-weather|SunnyDay|[upkeep]
|-heal|p1a: stingy thingy|26/100 brn|[from] item: Black Sludge
|-damage|p1a: stingy thingy|19/100 brn|[from] brn
|upkeep
|turn|12
|
|t:|1659231342
|switch|p1a: umby wumby|Umbreon, M|100/100
|move|p2a: Azelf|Energy Ball|p1a: umby wumby
|-damage|p1a: umby wumby|78/100
|
|-weather|SunnyDay|[upkeep]
|-heal|p1a: umby wumby|84/100|[from] item: Leftovers
|upkeep
|turn|13
|j| Rezo950inat0r2
|
|t:|1659231350
|move|p2a: Azelf|U-turn|p1a: umby wumby
|-supereffective|p1a: umby wumby
|-damage|p1a: umby wumby|58/100
|
|t:|1659231352
|switch|p2a: Venusaur|Venusaur, M|27/100|[from]move: U-turn
|-damage|p2a: Venusaur|15/100|[from] Stealth Rock
|move|p1a: umby wumby|Foul Play|p2a: Venusaur
|-damage|p2a: Venusaur|0 fnt
|faint|p2a: Venusaur
|
|-weather|SunnyDay|[upkeep]
|-heal|p1a: umby wumby|64/100|[from] item: Leftovers
|upkeep
|
|t:|1659231359
|switch|p2a: Zarude|Zarude|100/100
|-damage|p2a: Zarude|88/100|[from] Stealth Rock
|turn|14
|
|t:|1659231365
|switch|p1a: sturdy birdy|Skarmory, F|100/100
|move|p2a: Zarude|Growth|p2a: Zarude
|-boost|p2a: Zarude|atk|2
|-boost|p2a: Zarude|spa|2
|
|-weather|SunnyDay|[upkeep]
|upkeep
|turn|15
|
|t:|1659231373
|move|p2a: Zarude|Darkest Lariat|p1a: sturdy birdy
|-damage|p1a: sturdy birdy|42/100
|-damage|p2a: Zarude|72/100|[from] item: Rocky Helmet|[of] p1a: sturdy birdy
|move|p1a: sturdy birdy|Body Press|p2a: Zarude
|-supereffective|p2a: Zarude
|-damage|p2a: Zarude|16/100
|
|-weather|SunnyDay|[upkeep]
|upkeep
|turn|16
|
|t:|1659231381
|move|p2a: Zarude|Darkest Lariat|p1a: sturdy birdy
|-damage|p1a: sturdy birdy|0 fnt
|-damage|p2a: Zarude|0 fnt|[from] item: Rocky Helmet|[of] p1a: sturdy birdy
|faint|p1a: sturdy birdy
|faint|p2a: Zarude
|
|-weather|none
|upkeep
|j| NoahDeKnight
|
|t:|1659231393
|switch|p2a: Torkoal|Torkoal, M|76/100
|switch|p1a: umby wumby|Umbreon, M|64/100
|-damage|p2a: Torkoal|51/100|[from] Stealth Rock
|-weather|SunnyDay|[from] ability: Drought|[of] p2a: Torkoal
|turn|17
|l| NoahDeKnight
|
|t:|1659231401
|move|p1a: umby wumby|Protect|p1a: umby wumby
|-singleturn|p1a: umby wumby|Protect
|move|p2a: Torkoal|Yawn|p1a: umby wumby
|-activate|p1a: umby wumby|move: Protect
|
|-weather|SunnyDay|[upkeep]
|-heal|p1a: umby wumby|70/100|[from] item: Leftovers
|upkeep
|turn|18
|
|t:|1659231409
|move|p1a: umby wumby|Wish|p1a: umby wumby
|move|p2a: Torkoal|Stealth Rock|p1a: umby wumby
|-sidestart|p1: 5 pia to the top|move: Stealth Rock
|
|-weather|SunnyDay|[upkeep]
|-heal|p1a: umby wumby|76/100|[from] item: Leftovers
|upkeep
|turn|19
|
|t:|1659231415
|switch|p1a: muddy buddy|Quagsire, F|61/100
|-damage|p1a: muddy buddy|55/100|[from] Stealth Rock
|move|p2a: Torkoal|Lava Plume|p1a: muddy buddy
|-resisted|p1a: muddy buddy
|-damage|p1a: muddy buddy|39/100
|
|-weather|SunnyDay|[upkeep]
|-heal|p1a: muddy buddy|89/100|[from] move: Wish|[wisher] umby wumby
|-heal|p1a: muddy buddy|95/100|[from] item: Leftovers
|upkeep
|turn|20
|
|t:|1659231419
|move|p1a: muddy buddy|Scald|p2a: Torkoal
|-supereffective|p2a: Torkoal
|-damage|p2a: Torkoal|25/100
|move|p2a: Torkoal|Rapid Spin|p1a: muddy buddy
|-damage|p1a: muddy buddy|86/100
|-boost|p2a: Torkoal|spe|1
|-sideend|p2: DumboTheDino|Stealth Rock|[from] move: Rapid Spin|[of] p2a: Torkoal
|
|-weather|SunnyDay|[upkeep]
|-heal|p1a: muddy buddy|92/100|[from] item: Leftovers
|upkeep
|turn|21
|
|t:|1659231431
|switch|p2a: Azelf|Azelf|29/100
|move|p1a: muddy buddy|Scald|p2a: Azelf
|-damage|p2a: Azelf|14/100
|-status|p2a: Azelf|brn
|
|-weather|SunnyDay|[upkeep]
|-heal|p1a: muddy buddy|98/100|[from] item: Leftovers
|-damage|p2a: Azelf|7/100 brn|[from] brn
|upkeep
|turn|22
|
|t:|1659231444
|switch|p1a: freezey vreezey|Articuno|25/100
|-ability|p1a: freezey vreezey|Pressure
|move|p2a: Azelf|Psychic|p1a: freezey vreezey
|-damage|p1a: freezey vreezey|0 fnt
|faint|p1a: freezey vreezey
|
|-weather|SunnyDay|[upkeep]
|-damage|p2a: Azelf|1/100 brn|[from] brn
|upkeep
|
|t:|1659231447
|switch|p1a: umby wumby|Umbreon, M|76/100
|-damage|p1a: umby wumby|64/100|[from] Stealth Rock
|turn|23
|
|t:|1659231454
|switch|p2a: Darmanitan|Darmanitan, M|100/100
|move|p1a: umby wumby|Protect||[still]
|-fail|p1a: umby wumby
|
|-weather|SunnyDay|[upkeep]
|-heal|p1a: umby wumby|70/100|[from] item: Leftovers
|upkeep
|turn|24
|
|t:|1659231457
|move|p1a: umby wumby|Protect|p1a: umby wumby
|-singleturn|p1a: umby wumby|Protect
|move|p2a: Darmanitan|U-turn|p1a: umby wumby
|-activate|p1a: umby wumby|move: Protect
|
|-weather|none
|-heal|p1a: umby wumby|76/100|[from] item: Leftovers
|upkeep
|turn|25
|
|t:|1659231460
|move|p2a: Darmanitan|U-turn|p1a: umby wumby
|-supereffective|p1a: umby wumby
|-damage|p1a: umby wumby|48/100
|
|t:|1659231464
|switch|p2a: Torkoal|Torkoal, M|25/100|[from]move: U-turn
|-weather|SunnyDay|[from] ability: Drought|[of] p2a: Torkoal
|move|p1a: umby wumby|Wish|p1a: umby wumby
|
|-weather|SunnyDay|[upkeep]
|-heal|p1a: umby wumby|54/100|[from] item: Leftovers
|upkeep
|turn|26
|
|t:|1659231469
|move|p1a: umby wumby|Foul Play|p2a: Torkoal
|-crit|p2a: Torkoal
|-damage|p2a: Torkoal|3/100
|move|p2a: Torkoal|Yawn|p1a: umby wumby
|-start|p1a: umby wumby|move: Yawn|[of] p2a: Torkoal
|
|-weather|SunnyDay|[upkeep]
|-heal|p1a: umby wumby|100/100|[from] move: Wish|[wisher] umby wumby
|upkeep
|turn|27
|
|t:|1659231478
|switch|p1a: muddy buddy|Quagsire, F|98/100
|-damage|p1a: muddy buddy|92/100|[from] Stealth Rock
|switch|p2a: Darmanitan|Darmanitan, M|100/100
|
|-weather|SunnyDay|[upkeep]
|-heal|p1a: muddy buddy|98/100|[from] item: Leftovers
|upkeep
|turn|28
|
|t:|1659231487
|move|p2a: Darmanitan|Earthquake|p1a: muddy buddy
|-crit|p1a: muddy buddy
|-damage|p1a: muddy buddy|41/100
|move|p1a: muddy buddy|Recover|p1a: muddy buddy
|-heal|p1a: muddy buddy|91/100
|
|-weather|SunnyDay|[upkeep]
|-heal|p1a: muddy buddy|97/100|[from] item: Leftovers
|upkeep
|turn|29
|
|t:|1659231493
|switch|p2a: Celesteela|Celesteela|100/100
|move|p1a: muddy buddy|Scald|p2a: Celesteela
|-damage|p2a: Celesteela|90/100
|-status|p2a: Celesteela|brn
|
|-weather|SunnyDay|[upkeep]
|-heal|p1a: muddy buddy|100/100|[from] item: Leftovers
|-damage|p2a: Celesteela|84/100 brn|[from] brn
|upkeep
|turn|30
|
|t:|1659231500
|switch|p1a: umby wumby|Umbreon, M|100/100
|-damage|p1a: umby wumby|88/100|[from] Stealth Rock
|move|p2a: Celesteela|Air Slash|p1a: umby wumby
|-damage|p1a: umby wumby|64/100
|
|-weather|SunnyDay|[upkeep]
|-heal|p1a: umby wumby|70/100|[from] item: Leftovers
|-damage|p2a: Celesteela|78/100 brn|[from] brn
|upkeep
|turn|31
|
|t:|1659231504
|move|p2a: Celesteela|Air Slash|p1a: umby wumby
|-damage|p1a: umby wumby|43/100
|move|p1a: umby wumby|Wish|p1a: umby wumby
|
|-weather|SunnyDay|[upkeep]
|-heal|p1a: umby wumby|49/100|[from] item: Leftovers
|-damage|p2a: Celesteela|72/100 brn|[from] brn
|upkeep
|turn|32
|
|t:|1659231517
|switch|p2a: Torkoal|Torkoal, M|3/100
|move|p1a: umby wumby|Protect||[still]
|-fail|p1a: umby wumby
|
|-weather|none
|-heal|p1a: umby wumby|99/100|[from] move: Wish|[wisher] umby wumby
|-heal|p1a: umby wumby|100/100|[from] item: Leftovers
|upkeep
|turn|33
|
|t:|1659231529
|switch|p2a: Azelf|Azelf|1/100 brn
|move|p1a: umby wumby|Foul Play|p2a: Azelf
|-supereffective|p2a: Azelf
|-damage|p2a: Azelf|0 fnt
|faint|p2a: Azelf
|
|upkeep
|
|t:|1659231532
|switch|p2a: Torkoal|Torkoal, M|3/100
|-weather|SunnyDay|[from] ability: Drought|[of] p2a: Torkoal
|turn|34
|
|t:|1659231546
|move|p1a: umby wumby|Foul Play|p2a: Torkoal
|-damage|p2a: Torkoal|0 fnt
|faint|p2a: Torkoal
|
|-weather|SunnyDay|[upkeep]
|upkeep
|
|t:|1659231553
|switch|p2a: Celesteela|Celesteela|72/100 brn
|turn|35
|
|t:|1659231559
|move|p2a: Celesteela|Meteor Beam||[still]
|-prepare|p2a: Celesteela|Meteor Beam
|-boost|p2a: Celesteela|spa|1
|-enditem|p2a: Celesteela|Power Herb
|-anim|p2a: Celesteela|Meteor Beam|p1a: umby wumby
|-damage|p1a: umby wumby|56/100
|move|p1a: umby wumby|Wish|p1a: umby wumby
|
|-weather|SunnyDay|[upkeep]
|-heal|p1a: umby wumby|62/100|[from] item: Leftovers
|-damage|p2a: Celesteela|66/100 brn|[from] brn
|upkeep
|turn|36
|
|t:|1659231567
|move|p2a: Celesteela|Air Slash|p1a: umby wumby
|-damage|p1a: umby wumby|25/100
|cant|p1a: umby wumby|flinch
|
|-weather|SunnyDay|[upkeep]
|-heal|p1a: umby wumby|75/100|[from] move: Wish|[wisher] umby wumby
|-heal|p1a: umby wumby|81/100|[from] item: Leftovers
|-damage|p2a: Celesteela|60/100 brn|[from] brn
|upkeep
|turn|37
|
|t:|1659231571
|move|p2a: Celesteela|Air Slash|p1a: umby wumby|[miss]
|-miss|p2a: Celesteela|p1a: umby wumby
|move|p1a: umby wumby|Wish|p1a: umby wumby
|
|-weather|SunnyDay|[upkeep]
|-heal|p1a: umby wumby|87/100|[from] item: Leftovers
|-damage|p2a: Celesteela|55/100 brn|[from] brn
|upkeep
|turn|38
|
|t:|1659231574
|move|p2a: Celesteela|Air Slash|p1a: umby wumby
|-damage|p1a: umby wumby|46/100
|move|p1a: umby wumby|Foul Play|p2a: Celesteela
|-damage|p2a: Celesteela|29/100 brn
|
|-weather|SunnyDay|[upkeep]
|-heal|p1a: umby wumby|96/100|[from] move: Wish|[wisher] umby wumby
|-heal|p1a: umby wumby|100/100|[from] item: Leftovers
|-damage|p2a: Celesteela|23/100 brn|[from] brn
|upkeep
|turn|39
|
|t:|1659231578
|move|p2a: Celesteela|Air Slash|p1a: umby wumby
|-damage|p1a: umby wumby|64/100
|move|p1a: umby wumby|Wish|p1a: umby wumby
|
|-weather|SunnyDay|[upkeep]
|-heal|p1a: umby wumby|71/100|[from] item: Leftovers
|-damage|p2a: Celesteela|17/100 brn|[from] brn
|upkeep
|turn|40
|
|t:|1659231586
|move|p2a: Celesteela|Air Slash|p1a: umby wumby
|-damage|p1a: umby wumby|31/100
|cant|p1a: umby wumby|flinch
|
|-weather|SunnyDay|[upkeep]
|-heal|p1a: umby wumby|81/100|[from] move: Wish|[wisher] umby wumby
|-heal|p1a: umby wumby|87/100|[from] item: Leftovers
|-damage|p2a: Celesteela|11/100 brn|[from] brn
|upkeep
|turn|41
|
|t:|1659231590
|move|p2a: Celesteela|Air Slash|p1a: umby wumby
|-damage|p1a: umby wumby|46/100
|move|p1a: umby wumby|Wish|p1a: umby wumby
|
|-weather|none
|-heal|p1a: umby wumby|52/100|[from] item: Leftovers
|-damage|p2a: Celesteela|5/100 brn|[from] brn
|upkeep
|turn|42
|
|t:|1659231595
|move|p1a: umby wumby|Protect|p1a: umby wumby
|-singleturn|p1a: umby wumby|Protect
|move|p2a: Celesteela|Air Slash|p1a: umby wumby
|-activate|p1a: umby wumby|move: Protect
|
|-heal|p1a: umby wumby|100/100|[from] move: Wish|[wisher] umby wumby
|-damage|p2a: Celesteela|0 fnt|[from] brn
|faint|p2a: Celesteela
|upkeep
|
|t:|1659231597
|switch|p2a: Darmanitan|Darmanitan, M|100/100
|turn|43
|j| NoahDeKnight
|l| NoahDeKnight
|
|t:|1659231611
|move|p2a: Darmanitan|Earthquake|p1a: umby wumby
|-damage|p1a: umby wumby|77/100
|move|p1a: umby wumby|Foul Play|p2a: Darmanitan
|-damage|p2a: Darmanitan|20/100
|
|-heal|p1a: umby wumby|83/100|[from] item: Leftovers
|upkeep
|turn|44
|
|t:|1659231614
|move|p2a: Darmanitan|Earthquake|p1a: umby wumby
|-damage|p1a: umby wumby|61/100
|move|p1a: umby wumby|Foul Play|p2a: Darmanitan
|-damage|p2a: Darmanitan|0 fnt
|faint|p2a: Darmanitan
|
|win|5 pia to the top
|raw|5 pia to the top's rating: 1126 &rarr; <strong>1151</strong><br />(+25 for winning)
|raw|DumboTheDino's rating: 1127 &rarr; <strong>1102</strong><br />(-25 for losing)
|c|☆DumboTheDino|gg
|c|☆5 pia to the top|gg
|l|☆DumboTheDino
|l| Shelley_Swampert
||Ladder isn't responding, score probably updated but might not have (Request timeout).
