|j|☆gryphonex
|j|☆Liz Angeles
|t:|1666890845
|gametype|singles
|player|p1|gryphonex|gardenia|1542
|player|p2|Liz Angeles|marley|1595
|teamsize|p1|6
|teamsize|p2|6
|gen|8
|tier|[Gen 8] UU
|rated|
|rule|Sleep Clause Mod: Limit one foe put to sleep
|rule|Species Clause: Limit one of each Pokémon
|rule|OHKO Clause: OHKO moves are banned
|rule|Evasion Items Clause: Evasion items are banned
|rule|Evasion Moves Clause: Evasion moves are banned
|rule|Endless Battle Clause: Forcing endless battles is banned
|rule|HP Percentage Mod: HP is shown in percentages
|rule|Dynamax Clause: You cannot dynamax
|clearpoke
|poke|p1|Hydreigon, M|
|poke|p1|Crawdaunt, F|
|poke|p1|Zarude|
|poke|p1|Salamence, F|
|poke|p1|Chansey, F|
|poke|p1|Corsola-Galar, F|
|poke|p2|Sirfetch’d, F|
|poke|p2|Sylveon, F|
|poke|p2|Salamence, F|
|poke|p2|Slowking, M|
|poke|p2|Nidoqueen, F|
|poke|p2|Zarude|
|teampreview
|
|t:|1666890854
|start
|switch|p1a: If you switch conk|Corsola-Galar, F|100/100
|switch|p2a: Slowking|Slowking, M|100/100
|turn|1
|c|☆gryphonex|Good luck
|
|t:|1666890862
|move|p1a: If you switch conk|Stealth Rock|p2a: Slowking
|-sidestart|p2: Liz Angeles|move: Stealth Rock
|move|p2a: Slowking|Toxic|p1a: If you switch conk
|-status|p1a: If you switch conk|tox
|
|-damage|p1a: If you switch conk|94/100 tox|[from] psn
|upkeep
|turn|2
|c|☆Liz Angeles|hf
|inactive|Battle timer is ON: inactive players will automatically lose when time's up. (requested by gryphonex)
|
|t:|1666890909
|move|p1a: If you switch conk|Will-O-Wisp|p2a: Slowking
|-status|p2a: Slowking|brn
|move|p2a: Slowking|Toxic|p1a: If you switch conk
|-fail|p1a: If you switch conk|tox
|
|-damage|p1a: If you switch conk|82/100 tox|[from] psn
|-damage|p2a: Slowking|94/100 brn|[from] brn
|upkeep
|turn|3
|
|t:|1666890915
|switch|p1a: Corsola-Kanye|Chansey, F|100/100
|move|p2a: Slowking|Toxic|p1a: Corsola-Kanye
|-status|p1a: Corsola-Kanye|tox
|
|-heal|p2a: Slowking|100/100 brn|[from] item: Leftovers
|-damage|p1a: Corsola-Kanye|94/100 tox|[from] psn
|-damage|p2a: Slowking|94/100 brn|[from] brn
|upkeep
|turn|4
|
|t:|1666890928
|switch|p2a: Sirfetch’d|Sirfetch’d, F|100/100
|-damage|p2a: Sirfetch’d|94/100|[from] Stealth Rock
|move|p1a: Corsola-Kanye|Teleport|p1a: Corsola-Kanye
|
|t:|1666890935
|-curestatus|p1a: Corsola-Kanye|tox|[from] ability: Natural Cure
|switch|p1a: r|Salamence, F|100/100|[from]move: Teleport
|-ability|p1a: r|Intimidate|boost
|-fail|p2a: Sirfetch’d|unboost|Attack|[from] ability: Scrappy|[of] p2a: Sirfetch’d
|
|upkeep
|turn|5
|
|t:|1666890954
|switch|p2a: Salamence|Salamence, F|100/100
|-ability|p2a: Salamence|Intimidate|boost
|-unboost|p1a: r|atk|1
|move|p1a: r|Toxic|p2a: Salamence
|-status|p2a: Salamence|tox
|
|-damage|p2a: Salamence|94/100 tox|[from] psn
|upkeep
|turn|6
|
|t:|1666890964
|switch|p1a: Gateskeeper|Hydreigon, M|100/100
|move|p2a: Salamence|Defog|p1a: Gateskeeper
|-unboost|p1a: Gateskeeper|evasion|1
|-sideend|p2: Liz Angeles|Stealth Rock|[from] move: Defog|[of] p2a: Salamence
|
|-damage|p2a: Salamence|82/100 tox|[from] psn
|upkeep
|turn|7
|
|t:|1666890973
|switch|p2a: Sylveon|Sylveon, F|100/100
|move|p1a: Gateskeeper|Flash Cannon|p2a: Sylveon
|-supereffective|p2a: Sylveon
|-damage|p2a: Sylveon|58/100
|
|-heal|p2a: Sylveon|64/100|[from] item: Leftovers
|upkeep
|turn|8
|
|t:|1666890982
|switch|p1a: Corsola-Kanye|Chansey, F|94/100
|move|p2a: Sylveon|Wish|p2a: Sylveon
|
|-heal|p2a: Sylveon|70/100|[from] item: Leftovers
|upkeep
|turn|9
|
|t:|1666890987
|move|p2a: Sylveon|Hyper Voice|p1a: Corsola-Kanye
|-damage|p1a: Corsola-Kanye|82/100
|move|p1a: Corsola-Kanye|Thunder Wave|p2a: Sylveon
|-status|p2a: Sylveon|par
|
|-heal|p2a: Sylveon|100/100 par|[from] move: Wish|[wisher] Sylveon
|upkeep
|turn|10
|
|t:|1666890990
|move|p2a: Sylveon|Heal Bell|p2a: Sylveon
|-activate|p2a: Sylveon|move: Heal Bell
|-curestatus|p2a: Sylveon|par|[msg]
|-curestatus|p2: Salamence|tox|[msg]
|-curestatus|p2: Slowking|brn|[msg]
|move|p1a: Corsola-Kanye|Teleport|p1a: Corsola-Kanye
|
|t:|1666890996
|switch|p1a: Plastic popper|Zarude|100/100|[from]move: Teleport
|
|upkeep
|turn|11
|
|t:|1666891004
|move|p2a: Sylveon|Protect|p2a: Sylveon
|-singleturn|p2a: Sylveon|Protect
|move|p1a: Plastic popper|U-turn|p2a: Sylveon
|-activate|p2a: Sylveon|move: Protect
|
|upkeep
|turn|12
|
|t:|1666891007
|move|p1a: Plastic popper|U-turn|p2a: Sylveon
|-resisted|p2a: Sylveon
|-damage|p2a: Sylveon|82/100
|
|t:|1666891010
|switch|p1a: Corsola-Kanye|Chansey, F|82/100|[from]move: U-turn
|move|p2a: Sylveon|Hyper Voice|p1a: Corsola-Kanye
|-damage|p1a: Corsola-Kanye|69/100
|
|-heal|p2a: Sylveon|88/100|[from] item: Leftovers
|upkeep
|turn|13
|
|t:|1666891015
|switch|p2a: Sirfetch’d|Sirfetch’d, F|94/100
|move|p1a: Corsola-Kanye|Teleport|p1a: Corsola-Kanye
|
|t:|1666891018
|switch|p1a: r|Salamence, F|100/100|[from]move: Teleport
|-ability|p1a: r|Intimidate|boost
|-fail|p2a: Sirfetch’d|unboost|Attack|[from] ability: Scrappy|[of] p2a: Sirfetch’d
|
|upkeep
|turn|14
|
|t:|1666891022
|switch|p2a: Sylveon|Sylveon, F|88/100
|move|p1a: r|Flamethrower|p2a: Sylveon
|-damage|p2a: Sylveon|75/100
|
|-heal|p2a: Sylveon|81/100|[from] item: Leftovers
|upkeep
|turn|15
|
|t:|1666891027
|switch|p1a: Corsola-Kanye|Chansey, F|69/100
|switch|p2a: Sirfetch’d|Sirfetch’d, F|94/100
|
|upkeep
|turn|16
|
|t:|1666891031
|switch|p1a: r|Salamence, F|100/100
|-ability|p1a: r|Intimidate|boost
|-fail|p2a: Sirfetch’d|unboost|Attack|[from] ability: Scrappy|[of] p2a: Sirfetch’d
|move|p2a: Sirfetch’d|Knock Off|p1a: r
|-crit|p1a: r
|-damage|p1a: r|60/100
|-enditem|p1a: r|Heavy-Duty Boots|[from] move: Knock Off|[of] p2a: Sirfetch’d
|
|upkeep
|turn|17
|
|t:|1666891036
|switch|p2a: Sylveon|Sylveon, F|81/100
|move|p1a: r|Roost|p1a: r
|-heal|p1a: r|100/100
|-singleturn|p1a: r|move: Roost
|
|-heal|p2a: Sylveon|88/100|[from] item: Leftovers
|upkeep
|turn|18
|
|t:|1666891039
|switch|p2a: Nidoqueen|Nidoqueen, F|100/100
|move|p1a: r|Toxic|p2a: Nidoqueen
|-immune|p2a: Nidoqueen
|
|upkeep
|turn|19
|
|t:|1666891047
|move|p1a: r|Flamethrower|p2a: Nidoqueen
|-damage|p2a: Nidoqueen|75/100
|move|p2a: Nidoqueen|Sludge Wave|p1a: r
|-damage|p1a: r|35/100
|
|upkeep
|turn|20
|
|t:|1666891055
|switch|p1a: Corsola-Kanye|Chansey, F|69/100
|move|p2a: Nidoqueen|Stealth Rock|p1a: Corsola-Kanye
|-sidestart|p1: gryphonex|move: Stealth Rock
|
|upkeep
|turn|21
|
|t:|1666891057
|switch|p2a: Sirfetch’d|Sirfetch’d, F|94/100
|move|p1a: Corsola-Kanye|Seismic Toss|p2a: Sirfetch’d
|-damage|p2a: Sirfetch’d|57/100
|
|upkeep
|turn|22
|
|t:|1666891062
|switch|p1a: r|Salamence, F|35/100
|-damage|p1a: r|10/100|[from] Stealth Rock
|-ability|p1a: r|Intimidate|boost
|-fail|p2a: Sirfetch’d|unboost|Attack|[from] ability: Scrappy|[of] p2a: Sirfetch’d
|move|p2a: Sirfetch’d|Close Combat|p1a: r
|-resisted|p1a: r
|-damage|p1a: r|0 fnt
|-unboost|p2a: Sirfetch’d|def|1
|-unboost|p2a: Sirfetch’d|spd|1
|faint|p1a: r
|
|upkeep
|
|t:|1666891066
|switch|p1a: Diggs W|Crawdaunt, F|100/100
|-damage|p1a: Diggs W|88/100|[from] Stealth Rock
|turn|23
|
|t:|1666891072
|switch|p2a: Salamence|Salamence, F|82/100
|-ability|p2a: Salamence|Intimidate|boost
|-unboost|p1a: Diggs W|atk|1
|move|p1a: Diggs W|Aqua Jet|p2a: Salamence
|-resisted|p2a: Salamence
|-damage|p2a: Salamence|71/100
|
|upkeep
|turn|24
|
|t:|1666891079
|switch|p2a: Sirfetch’d|Sirfetch’d, F|57/100
|switch|p1a: If you switch conk|Corsola-Galar, F|82/100 tox
|-damage|p1a: If you switch conk|70/100 tox|[from] Stealth Rock
|
|-damage|p1a: If you switch conk|63/100 tox|[from] psn
|upkeep
|turn|25
|inactive|Liz Angeles has 120 seconds left.
|
|t:|1666891112
|switch|p2a: Sylveon|Sylveon, F|88/100
|move|p1a: If you switch conk|Strength Sap|p2a: Sylveon
|-unboost|p2a: Sylveon|atk|1
|-heal|p1a: If you switch conk|100/100 tox
|
|-heal|p2a: Sylveon|94/100|[from] item: Leftovers
|-damage|p1a: If you switch conk|88/100 tox|[from] psn
|upkeep
|turn|26
|
|t:|1666891117
|move|p2a: Sylveon|Hyper Voice|p1a: If you switch conk
|-damage|p1a: If you switch conk|68/100 tox
|move|p1a: If you switch conk|Stealth Rock|p2a: Sylveon
|-sidestart|p2: Liz Angeles|move: Stealth Rock
|
|-heal|p2a: Sylveon|99/100|[from] item: Leftovers
|-damage|p1a: If you switch conk|49/100 tox|[from] psn
|upkeep
|turn|27
|
|t:|1666891125
|switch|p1a: Corsola-Kanye|Chansey, F|69/100
|-damage|p1a: Corsola-Kanye|57/100|[from] Stealth Rock
|move|p2a: Sylveon|Hyper Voice|p1a: Corsola-Kanye
|-damage|p1a: Corsola-Kanye|45/100
|
|-heal|p2a: Sylveon|100/100|[from] item: Leftovers
|upkeep
|turn|28
|
|t:|1666891128
|switch|p2a: Sirfetch’d|Sirfetch’d, F|57/100
|-damage|p2a: Sirfetch’d|51/100|[from] Stealth Rock
|move|p1a: Corsola-Kanye|Thunder Wave|p2a: Sirfetch’d
|-status|p2a: Sirfetch’d|par
|
|upkeep
|turn|29
|
|t:|1666891132
|move|p1a: Corsola-Kanye|Soft-Boiled|p1a: Corsola-Kanye
|-heal|p1a: Corsola-Kanye|95/100
|move|p2a: Sirfetch’d|Close Combat|p1a: Corsola-Kanye
|-supereffective|p1a: Corsola-Kanye
|-damage|p1a: Corsola-Kanye|0 fnt
|-unboost|p2a: Sirfetch’d|def|1
|-unboost|p2a: Sirfetch’d|spd|1
|faint|p1a: Corsola-Kanye
|
|upkeep
|
|t:|1666891136
|switch|p1a: Diggs W|Crawdaunt, F|88/100
|-damage|p1a: Diggs W|76/100|[from] Stealth Rock
|turn|30
|
|t:|1666891144
|switch|p2a: Zarude|Zarude|100/100
|-damage|p2a: Zarude|88/100|[from] Stealth Rock
|move|p1a: Diggs W|Knock Off|p2a: Zarude
|-resisted|p2a: Zarude
|-damage|p2a: Zarude|40/100
|-enditem|p2a: Zarude|Choice Scarf|[from] move: Knock Off|[of] p1a: Diggs W
|
|upkeep
|turn|31
|
|t:|1666891151
|switch|p1a: If you switch conk|Corsola-Galar, F|49/100 tox
|-damage|p1a: If you switch conk|37/100 tox|[from] Stealth Rock
|move|p2a: Zarude|U-turn|p1a: If you switch conk
|-resisted|p1a: If you switch conk
|-damage|p1a: If you switch conk|29/100 tox
|
|t:|1666891158
|switch|p2a: Sylveon|Sylveon, F|100/100|[from]move: U-turn
|-damage|p2a: Sylveon|88/100|[from] Stealth Rock
|
|-heal|p2a: Sylveon|94/100|[from] item: Leftovers
|-damage|p1a: If you switch conk|23/100 tox|[from] psn
|upkeep
|turn|32
|
|t:|1666891165
|move|p2a: Sylveon|Heal Bell|p2a: Sylveon
|-activate|p2a: Sylveon|move: Heal Bell
|-curestatus|p2: Sirfetch’d|par|[msg]
|move|p1a: If you switch conk|Strength Sap|p2a: Sylveon
|-unboost|p2a: Sylveon|atk|1
|-heal|p1a: If you switch conk|60/100 tox
|
|-heal|p2a: Sylveon|99/100|[from] item: Leftovers
|-damage|p1a: If you switch conk|48/100 tox|[from] psn
|upkeep
|turn|33
|
|t:|1666891168
|move|p2a: Sylveon|Hyper Voice|p1a: If you switch conk
|-damage|p1a: If you switch conk|25/100 tox
|-start|p2a: Sylveon|Disable|Hyper Voice|[from] ability: Cursed Body|[of] p1a: If you switch conk
|move|p1a: If you switch conk|Will-O-Wisp|p2a: Sylveon
|-status|p2a: Sylveon|brn
|
|-heal|p2a: Sylveon|100/100 brn|[from] item: Leftovers
|-damage|p1a: If you switch conk|7/100 tox|[from] psn
|-damage|p2a: Sylveon|94/100 brn|[from] brn
|upkeep
|turn|34
|
|t:|1666891173
|move|p2a: Sylveon|Protect|p2a: Sylveon
|-singleturn|p2a: Sylveon|Protect
|move|p1a: If you switch conk|Night Shade|p2a: Sylveon
|-activate|p2a: Sylveon|move: Protect
|
|-heal|p2a: Sylveon|100/100 brn|[from] item: Leftovers
|-damage|p1a: If you switch conk|0 fnt|[from] psn
|faint|p1a: If you switch conk
|-damage|p2a: Sylveon|94/100 brn|[from] brn
|upkeep
|
|t:|1666891177
|switch|p1a: Plastic popper|Zarude|100/100
|-damage|p1a: Plastic popper|88/100|[from] Stealth Rock
|turn|35
|
|t:|1666891183
|switch|p2a: Salamence|Salamence, F|71/100
|-ability|p2a: Salamence|Intimidate|boost
|-unboost|p1a: Plastic popper|atk|1
|move|p1a: Plastic popper|Power Whip|p2a: Salamence
|-resisted|p2a: Salamence
|-damage|p2a: Salamence|58/100
|
|upkeep
|turn|36
|
|t:|1666891196
|switch|p1a: Diggs W|Crawdaunt, F|76/100
|-damage|p1a: Diggs W|63/100|[from] Stealth Rock
|switch|p2a: Sirfetch’d|Sirfetch’d, F|51/100
|-damage|p2a: Sirfetch’d|45/100|[from] Stealth Rock
|
|upkeep
|turn|37
|l|☆Liz Angeles
|inactive|Liz Angeles disconnected and has a minute to reconnect!
|player|p2|
|j|☆Liz Angeles
|inactive|Liz Angeles reconnected and has 140 seconds left.
|player|p2|Liz Angeles|marley
|
|t:|1666891214
|move|p2a: Sirfetch’d|First Impression|p1a: Diggs W
|-supereffective|p1a: Diggs W
|-crit|p1a: Diggs W
|-damage|p1a: Diggs W|0 fnt
|faint|p1a: Diggs W
|
|upkeep
|
|t:|1666891222
|switch|p1a: Gateskeeper|Hydreigon, M|100/100
|-damage|p1a: Gateskeeper|88/100|[from] Stealth Rock
|turn|38
|
|t:|1666891226
|switch|p2a: Sylveon|Sylveon, F|94/100 brn
|-damage|p2a: Sylveon|82/100 brn|[from] Stealth Rock
|move|p1a: Gateskeeper|Dark Pulse|p2a: Sylveon
|-resisted|p2a: Sylveon
|-damage|p2a: Sylveon|64/100 brn
|
|-heal|p2a: Sylveon|70/100 brn|[from] item: Leftovers
|-damage|p2a: Sylveon|64/100 brn|[from] brn
|upkeep
|turn|39
|
|t:|1666891231
|move|p1a: Gateskeeper|Dark Pulse|p2a: Sylveon
|-resisted|p2a: Sylveon
|-damage|p2a: Sylveon|47/100 brn
|move|p2a: Sylveon|Heal Bell|p2a: Sylveon
|-activate|p2a: Sylveon|move: Heal Bell
|-curestatus|p2a: Sylveon|brn|[msg]
|
|-heal|p2a: Sylveon|53/100|[from] item: Leftovers
|upkeep
|turn|40
|
|t:|1666891238
|move|p1a: Gateskeeper|Dark Pulse|p2a: Sylveon
|-resisted|p2a: Sylveon
|-damage|p2a: Sylveon|35/100
|move|p2a: Sylveon|Hyper Voice|p1a: Gateskeeper
|-supereffective|p1a: Gateskeeper
|-damage|p1a: Gateskeeper|0 fnt
|faint|p1a: Gateskeeper
|
|-heal|p2a: Sylveon|41/100|[from] item: Leftovers
|upkeep
|
|t:|1666891241
|switch|p1a: Plastic popper|Zarude|88/100
|-damage|p1a: Plastic popper|76/100|[from] Stealth Rock
|turn|41
|
|t:|1666891246
|move|p2a: Sylveon|Protect|p2a: Sylveon
|-singleturn|p2a: Sylveon|Protect
|move|p1a: Plastic popper|Darkest Lariat|p2a: Sylveon
|-activate|p2a: Sylveon|move: Protect
|
|-heal|p2a: Sylveon|47/100|[from] item: Leftovers
|upkeep
|turn|42
|c|☆gryphonex|gg
|c|☆Liz Angeles|gg
|
|t:|1666891253
|move|p1a: Plastic popper|Darkest Lariat|p2a: Sylveon
|-resisted|p2a: Sylveon
|-damage|p2a: Sylveon|17/100
|move|p2a: Sylveon|Hyper Voice|p1a: Plastic popper
|-supereffective|p1a: Plastic popper
|-damage|p1a: Plastic popper|0 fnt
|faint|p1a: Plastic popper
|
|win|Liz Angeles
|raw|gryphonex's rating: 1542 &rarr; <strong>1525</strong><br />(-17 for losing)
|raw|Liz Angeles's rating: 1595 &rarr; <strong>1612</strong><br />(+17 for winning)
|l|☆gryphonex
||Ladder isn't responding, score probably updated but might not have (Request timeout).
|l|☆Liz Angeles
|j|☆Liz Angeles
|player|p2|Liz Angeles|marley
