|j|☆Mitochon17
|j|☆Corporate Donkey
|t:|1654660521
|gametype|singles
|player|p1|Mitochon17|266|1239
|player|p2|Corporate Donkey|ingo|1411
|teamsize|p1|6
|teamsize|p2|6
|gen|8
|tier|[Gen 8] UU
|rated|
|rule|Sleep Clause Mod: Limit one foe put to sleep
|rule|Species Clause: Limit one of each Pokémon
|rule|OHKO Clause: OHKO moves are banned
|rule|Evasion Moves Clause: Evasion moves are banned
|rule|Endless Battle Clause: Forcing endless battles is banned
|rule|HP Percentage Mod: HP is shown in percentages
|rule|Dynamax Clause: You cannot dynamax
|clearpoke
|poke|p1|Goodra, F|
|poke|p1|Umbreon, F|
|poke|p1|Weezing-Galar, M|
|poke|p1|Celesteela|
|poke|p1|Rotom-Heat|
|poke|p1|Runerigus, M|
|poke|p2|Cobalion|
|poke|p2|Moltres|
|poke|p2|Hydreigon, M|
|poke|p2|Reuniclus, M|
|poke|p2|Primarina, F|
|poke|p2|Tangrowth, M|
|teampreview
|c|☆Corporate Donkey|gl hf
|
|t:|1654660534
|start
|switch|p1a: Runerigus|Runerigus, M|100/100
|switch|p2a: Ricardo|Hydreigon, M|100/100
|turn|1
|
|t:|1654660540
|move|p2a: Ricardo|Dark Pulse|p1a: Runerigus
|-supereffective|p1a: Runerigus
|-enditem|p1a: Runerigus|Colbur Berry|[eat]
|-enditem|p1a: Runerigus|Colbur Berry|[weaken]
|-damage|p1a: Runerigus|52/100
|cant|p1a: Runerigus|flinch
|
|upkeep
|turn|2
|
|t:|1654660565
|switch|p1a: Umbreon|Umbreon, F|100/100
|move|p2a: Ricardo|Dark Pulse|p1a: Umbreon
|-resisted|p1a: Umbreon
|-damage|p1a: Umbreon|90/100
|
|-heal|p1a: Umbreon|96/100|[from] item: Leftovers
|upkeep
|turn|3
|
|t:|1654660574
|switch|p2a: Sirena|Primarina, F|100/100
|switch|p1a: Celesteela|Celesteela|100/100
|
|upkeep
|turn|4
|
|t:|1654660579
|move|p2a: Sirena|Substitute|p2a: Sirena
|-start|p2a: Sirena|Substitute
|-damage|p2a: Sirena|76/100
|move|p1a: Celesteela|Leech Seed||[still]
|-fail|p1a: Celesteela
|
|-heal|p2a: Sirena|82/100|[from] item: Leftovers
|upkeep
|turn|5
|
|t:|1654660586
|switch|p1a: Rotom|Rotom-Heat|100/100
|move|p2a: Sirena|Scald|p1a: Rotom
|-supereffective|p1a: Rotom
|-damage|p1a: Rotom|4/100
|
|-heal|p2a: Sirena|88/100|[from] item: Leftovers
|upkeep
|turn|6
|
|t:|1654660594
|move|p1a: Rotom|Volt Switch|p2a: Sirena
|-supereffective|p2a: Sirena
|-end|p2a: Sirena|Substitute
|
|t:|1654660604
|switch|p1a: Umbreon|Umbreon, F|96/100|[from]move: Volt Switch
|move|p2a: Sirena|Scald|p1a: Umbreon
|-damage|p1a: Umbreon|73/100
|
|-heal|p2a: Sirena|94/100|[from] item: Leftovers
|-heal|p1a: Umbreon|79/100|[from] item: Leftovers
|upkeep
|turn|7
|
|t:|1654660615
|move|p2a: Sirena|Substitute|p2a: Sirena
|-start|p2a: Sirena|Substitute
|-damage|p2a: Sirena|69/100
|move|p1a: Umbreon|Wish|p1a: Umbreon
|
|-heal|p2a: Sirena|75/100|[from] item: Leftovers
|-heal|p1a: Umbreon|85/100|[from] item: Leftovers
|upkeep
|turn|8
|
|t:|1654660628
|switch|p1a: Runerigus|Runerigus, M|52/100
|move|p2a: Sirena|Scald|p1a: Runerigus
|-supereffective|p1a: Runerigus
|-damage|p1a: Runerigus|0 fnt
|faint|p1a: Runerigus
|
|-heal|p2a: Sirena|81/100|[from] item: Leftovers
|upkeep
|-message|Mitochon17 forfeited.
|
|win|Corporate Donkey
|raw|Mitochon17's rating: 1239 &rarr; <strong>1225</strong><br />(-14 for losing)
|raw|Corporate Donkey's rating: 1411 &rarr; <strong>1422</strong><br />(+11 for winning)
|l|☆Mitochon17
