|j|☆Angelborn
|j|☆uult1 pataozinho
|player|p1|Angelborn|colress|1432
|player|p2|uult1 pataozinho|dawn|1389
|teamsize|p1|6
|teamsize|p2|6
|gametype|singles
|gen|8
|tier|[Gen 8] UU
|rated|
|clearpoke
|poke|p1|Umbreon, F|
|poke|p1|Haxorus, M|
|poke|p1|Escavalier, M|
|poke|p1|Weezing-Galar, M|
|poke|p1|Gastrodon-East, F|
|poke|p1|Gigalith, F|
|poke|p2|Dugtrio-Alola, F|
|poke|p2|Xatu, M|
|poke|p2|Haxorus, M|
|poke|p2|Necrozma|
|poke|p2|Barbaracle, F|
|poke|p2|Toxtricity, M|
|rule|Sleep Clause Mod: Limit one foe put to sleep
|rule|Species Clause: Limit one of each Pokémon
|rule|OHKO Clause: OHKO moves are banned
|rule|Evasion Moves Clause: Evasion moves are banned
|rule|Endless Battle Clause: Forcing endless battles is banned
|rule|HP Percentage Mod: HP is shown in percentages
|rule|Dynamax Clause: You cannot dynamax
|teampreview
|
|start
|switch|p1a: Therazane|Gigalith, F, shiny|100/100
|switch|p2a: Dugtrio|Dugtrio-Alola, F|100/100
|-weather|Sandstorm|[from] ability: Sand Stream|[of] p1a: Therazane
|turn|1
|
|switch|p1a: Elune|Umbreon, F, shiny|100/100
|move|p2a: Dugtrio|Earthquake|p1a: Elune
|-damage|p1a: Elune|76/100
|
|-weather|Sandstorm|[upkeep]
|-damage|p1a: Elune|70/100|[from] Sandstorm
|-heal|p1a: Elune|76/100|[from] item: Leftovers
|upkeep
|turn|2
|
|move|p2a: Dugtrio|Stealth Rock|p1a: Elune
|-sidestart|p1: Angelborn|move: Stealth Rock
|move|p1a: Elune|Foul Play|p2a: Dugtrio
|-damage|p2a: Dugtrio|2/100
|-ability|p2a: Dugtrio|Tangling Hair
|-unboost|p1a: Elune|spe|1
|
|-weather|Sandstorm|[upkeep]
|-damage|p1a: Elune|70/100|[from] Sandstorm
|-heal|p1a: Elune|76/100|[from] item: Leftovers
|upkeep
|turn|3
|j| HYDREIGON SPECS
|
|move|p2a: Dugtrio|Memento|p1a: Elune
|-unboost|p1a: Elune|atk|2
|-unboost|p1a: Elune|spa|2
|faint|p2a: Dugtrio
|move|p1a: Elune|Wish|p1a: Elune
|
|-weather|Sandstorm|[upkeep]
|-damage|p1a: Elune|70/100|[from] Sandstorm
|-heal|p1a: Elune|76/100|[from] item: Leftovers
|upkeep
|
|switch|p2a: Xatu|Xatu, M|100/100
|turn|4
|
|move|p2a: Xatu|Reflect|p2a: Xatu
|-sidestart|p2: uult1 pataozinho|Reflect
|move|p1a: Elune|Foul Play|p2a: Xatu
|-supereffective|p2a: Xatu
|-damage|p2a: Xatu|75/100
|
|-weather|Sandstorm|[upkeep]
|-damage|p2a: Xatu|69/100|[from] Sandstorm
|-damage|p1a: Elune|70/100|[from] Sandstorm
|-heal|p1a: Elune|100/100|[from] move: Wish|[wisher] Elune
|upkeep
|turn|5
|
|move|p1a: Elune|Wish|p1a: Elune
|move|p2a: Xatu|Teleport|p2a: Xatu
|
|switch|p2a: Barbaracle|Barbaracle, F|100/100|[from]move: Teleport
|
|-weather|none
|upkeep
|turn|6
|
|switch|p1a: Gastrodon|Gastrodon-East, F|100/100
|-damage|p1a: Gastrodon|94/100|[from] Stealth Rock
|move|p2a: Barbaracle|Shell Smash|p2a: Barbaracle
|-unboost|p2a: Barbaracle|def|1
|-unboost|p2a: Barbaracle|spd|1
|-boost|p2a: Barbaracle|atk|2
|-boost|p2a: Barbaracle|spa|2
|-boost|p2a: Barbaracle|spe|2
|
|-heal|p1a: Gastrodon|100/100|[from] move: Wish|[wisher] Elune
|upkeep
|turn|7
|
|switch|p2a: Xatu|Xatu, M|69/100
|move|p1a: Gastrodon|Scald|p2a: Xatu
|-damage|p2a: Xatu|34/100
|
|upkeep
|turn|8
|
|move|p2a: Xatu|Roost|p2a: Xatu
|-heal|p2a: Xatu|84/100
|-singleturn|p2a: Xatu|move: Roost
|move|p1a: Gastrodon|Scald|p2a: Xatu
|-damage|p2a: Xatu|47/100
|
|upkeep
|turn|9
|
|move|p2a: Xatu|Light Screen|p2a: Xatu
|-sidestart|p2: uult1 pataozinho|move: Light Screen
|move|p1a: Gastrodon|Scald|p2a: Xatu
|-damage|p2a: Xatu|29/100
|
|upkeep
|turn|10
|
|move|p1a: Gastrodon|Scald|p2a: Xatu
|-damage|p2a: Xatu|10/100
|move|p2a: Xatu|Teleport|p2a: Xatu
|
|switch|p2a: Haxorus|Haxorus, M|100/100|[from]move: Teleport
|-ability|p2a: Haxorus|Mold Breaker
|
|upkeep
|turn|11
|
|switch|p1a: Elune|Umbreon, F, shiny|100/100
|-damage|p1a: Elune|88/100|[from] Stealth Rock
|move|p2a: Haxorus|Dragon Dance|p2a: Haxorus
|-boost|p2a: Haxorus|atk|1
|-boost|p2a: Haxorus|spe|1
|
|-heal|p1a: Elune|94/100|[from] item: Leftovers
|-sideend|p2: uult1 pataozinho|Reflect
|upkeep
|turn|12
|
|move|p2a: Haxorus|Dragon Claw|p1a: Elune
|-damage|p1a: Elune|39/100
|-damage|p2a: Haxorus|91/100|[from] item: Life Orb
|move|p1a: Elune|Foul Play|p2a: Haxorus
|-damage|p2a: Haxorus|0 fnt
|faint|p2a: Haxorus
|
|-heal|p1a: Elune|45/100|[from] item: Leftovers
|upkeep
|
|switch|p2a: Toxtricity|Toxtricity, M|100/100
|turn|13
|
|move|p1a: Elune|Protect|p1a: Elune
|-singleturn|p1a: Elune|Protect
|move|p2a: Toxtricity|Boomburst|p1a: Elune
|-activate|p1a: Elune|move: Protect
|
|-heal|p1a: Elune|52/100|[from] item: Leftovers
|upkeep
|turn|14
|
|switch|p1a: Therazane|Gigalith, F, shiny|100/100
|-damage|p1a: Therazane|88/100|[from] Stealth Rock
|-weather|Sandstorm|[from] ability: Sand Stream|[of] p1a: Therazane
|move|p2a: Toxtricity|Boomburst|p1a: Therazane
|-resisted|p1a: Therazane
|-damage|p1a: Therazane|73/100
|-enditem|p2a: Toxtricity|Throat Spray
|-boost|p2a: Toxtricity|spa|1|[from] item: Throat Spray
|
|-weather|Sandstorm|[upkeep]
|-damage|p2a: Toxtricity|94/100|[from] Sandstorm
|-heal|p1a: Therazane|79/100|[from] item: Leftovers
|upkeep
|turn|15
|
|move|p2a: Toxtricity|Overdrive|p1a: Therazane
|-damage|p1a: Therazane|36/100
|move|p1a: Therazane|Rock Blast|p2a: Toxtricity
|-damage|p2a: Toxtricity|77/100
|-damage|p2a: Toxtricity|59/100
|-damage|p2a: Toxtricity|41/100
|-damage|p2a: Toxtricity|23/100
|-damage|p2a: Toxtricity|7/100
|-hitcount|p2a: Toxtricity|5
|
|-weather|Sandstorm|[upkeep]
|-damage|p2a: Toxtricity|0 fnt|[from] Sandstorm
|faint|p2a: Toxtricity
|-heal|p1a: Therazane|42/100|[from] item: Leftovers
|upkeep
|c|☆uult1 pataozinho|Nice
|c|☆uult1 pataozinho|lol
|
|switch|p2a: Necrozma|Necrozma|100/100
|turn|16
|c| HYDREIGON SPECS|kkkkkkkkkkkkkkkkkkkkkkkkkkkkkkkkkkkkkk
|c| HYDREIGON SPECS|kkkkkkkkkkkkkkkkkkkkkkkkkkkkkkkkkkkkkkkkkkkkkkkkkkkkkkkkkkkkkkkkkkkkkkkkkkkkkkkkkkkkkkkkkkkkkkkkkkkk
|
|switch|p1a: Elune|Umbreon, F, shiny|52/100
|-damage|p1a: Elune|39/100|[from] Stealth Rock
|move|p2a: Necrozma|Dragon Dance|p2a: Necrozma
|-boost|p2a: Necrozma|atk|1
|-boost|p2a: Necrozma|spe|1
|
|-weather|Sandstorm|[upkeep]
|-damage|p2a: Necrozma|95/100|[from] Sandstorm
|-damage|p1a: Elune|33/100|[from] Sandstorm
|-heal|p1a: Elune|39/100|[from] item: Leftovers
|-sideend|p2: uult1 pataozinho|move: Light Screen
|upkeep
|turn|17
|
|move|p1a: Elune|Protect|p1a: Elune
|-singleturn|p1a: Elune|Protect
|move|p2a: Necrozma|Earthquake|p1a: Elune
|-activate|p1a: Elune|move: Protect
|
|-weather|Sandstorm|[upkeep]
|-damage|p2a: Necrozma|89/100|[from] Sandstorm
|-damage|p1a: Elune|33/100|[from] Sandstorm
|-heal|p1a: Elune|39/100|[from] item: Leftovers
|upkeep
|turn|18
|
|move|p2a: Necrozma|Earthquake|p1a: Elune
|-damage|p1a: Elune|10/100
|move|p1a: Elune|Wish|p1a: Elune
|
|-weather|none
|-heal|p1a: Elune|16/100|[from] item: Leftovers
|upkeep
|turn|19
|-message|uult1 pataozinho forfeited.
|
|win|Angelborn
|l|☆uult1 pataozinho
|raw|Angelborn's rating: 1432 &rarr; <strong>1451</strong><br />(+19 for winning)
|raw|uult1 pataozinho's rating: 1405 &rarr; <strong>1387</strong><br />(-18 for losing)
|l| HYDREIGON SPECS
