|j|☆SwitchingIsGreat
|j|☆Verstraeten
|t:|1661566206
|gametype|singles
|player|p1|SwitchingIsGreat|2|1418
|player|p2|Verstraeten|scientist|1362
|teamsize|p1|6
|teamsize|p2|6
|gen|8
|tier|[Gen 8] UU
|rated|
|rule|Sleep Clause Mod: Limit one foe put to sleep
|rule|Species Clause: Limit one of each Pokémon
|rule|OHKO Clause: OHKO moves are banned
|rule|Evasion Items Clause: Evasion items are banned
|rule|Evasion Moves Clause: Evasion moves are banned
|rule|Endless Battle Clause: Forcing endless battles is banned
|rule|HP Percentage Mod: HP is shown in percentages
|rule|Dynamax Clause: You cannot dynamax
|clearpoke
|poke|p1|Reuniclus, F|
|poke|p1|Hydreigon, F|
|poke|p1|Cobalion|
|poke|p1|Amoonguss, F|
|poke|p1|Salamence, M|
|poke|p1|Azumarill, M|
|poke|p2|Salamence, M|
|poke|p2|Galvantula, F|
|poke|p2|Tsareena, F|
|poke|p2|Salazzle, F|
|poke|p2|Malamar, M|
|poke|p2|Stakataka|
|teampreview
|
|t:|1661566219
|start
|switch|p1a: Hydreigon|Hydreigon, F|100/100
|switch|p2a: Galvan-Eyes|Galvantula, F, shiny|100/100
|turn|1
|
|t:|1661566223
|move|p1a: Hydreigon|U-turn|p2a: Galvan-Eyes
|-damage|p2a: Galvan-Eyes|73/100
|
|t:|1661566226
|switch|p1a: Salamence|Salamence, M|100/100|[from]move: U-turn
|-ability|p1a: Salamence|Intimidate|boost
|-unboost|p2a: Galvan-Eyes|atk|1
|move|p2a: Galvan-Eyes|Sticky Web|p1a: Salamence
|-sidestart|p1: SwitchingIsGreat|move: Sticky Web
|
|upkeep
|turn|2
|
|t:|1661566230
|move|p2a: Galvan-Eyes|Thunder|p1a: Salamence
|-damage|p1a: Salamence|53/100
|move|p1a: Salamence|Dual Wingbeat|p2a: Galvan-Eyes|[miss]
|-miss|p1a: Salamence|p2a: Galvan-Eyes
|
|upkeep
|turn|3
|
|t:|1661566235
|move|p2a: Galvan-Eyes|Thunder|p1a: Salamence
|-damage|p1a: Salamence|3/100
|move|p1a: Salamence|Defog|p2a: Galvan-Eyes
|-unboost|p2a: Galvan-Eyes|evasion|1
|-sideend|p1: SwitchingIsGreat|Sticky Web|[from] move: Defog|[of] p1a: Salamence
|
|upkeep
|turn|4
|
|t:|1661566239
|move|p2a: Galvan-Eyes|Sticky Web|p1a: Salamence
|-sidestart|p1: SwitchingIsGreat|move: Sticky Web
|move|p1a: Salamence|Defog|p2a: Galvan-Eyes
|-unboost|p2a: Galvan-Eyes|evasion|1
|-sideend|p1: SwitchingIsGreat|Sticky Web|[from] move: Defog|[of] p1a: Salamence
|
|upkeep
|turn|5
|
|t:|1661566243
|move|p2a: Galvan-Eyes|Giga Drain|p1a: Salamence
|-resisted|p1a: Salamence
|-damage|p1a: Salamence|0 fnt
|-heal|p2a: Galvan-Eyes|75/100|[from] drain|[of] p1a: Salamence
|faint|p1a: Salamence
|
|upkeep
|
|t:|1661566249
|switch|p1a: Hydreigon|Hydreigon, F|100/100
|turn|6
|
|t:|1661566252
|move|p1a: Hydreigon|Draco Meteor|p2a: Galvan-Eyes
|-damage|p2a: Galvan-Eyes|0 fnt
|-unboost|p1a: Hydreigon|spa|2
|faint|p2a: Galvan-Eyes
|
|upkeep
|inactive|Battle timer is ON: inactive players will automatically lose when time's up. (requested by SwitchingIsGreat)
|
|t:|1661566272
|switch|p2a: Salamenace|Salamence, M|100/100
|turn|7
|
|t:|1661566278
|move|p1a: Hydreigon|Draco Meteor|p2a: Salamenace
|-supereffective|p2a: Salamenace
|-damage|p2a: Salamenace|13/100
|-unboost|p1a: Hydreigon|spa|2
|move|p2a: Salamenace|Dragon Dance|p2a: Salamenace
|-boost|p2a: Salamenace|atk|1
|-boost|p2a: Salamenace|spe|1
|
|-heal|p2a: Salamenace|20/100|[from] item: Leftovers
|upkeep
|turn|8
|
|t:|1661566283
|switch|p1a: Cobalion|Cobalion|100/100
|move|p2a: Salamenace|Dragon Claw|p1a: Cobalion
|-resisted|p1a: Cobalion
|-damage|p1a: Cobalion|71/100
|-damage|p2a: Salamenace|3/100|[from] item: Rocky Helmet|[of] p1a: Cobalion
|
|-heal|p2a: Salamenace|9/100|[from] item: Leftovers
|upkeep
|turn|9
|
|t:|1661566290
|switch|p1a: Hydreigon|Hydreigon, F|100/100
|move|p2a: Salamenace|Earthquake|p1a: Hydreigon
|-immune|p1a: Hydreigon|[from] ability: Levitate
|
|-heal|p2a: Salamenace|15/100|[from] item: Leftovers
|upkeep
|turn|10
|
|t:|1661566293
|move|p2a: Salamenace|Dragon Claw|p1a: Hydreigon
|-supereffective|p1a: Hydreigon
|-damage|p1a: Hydreigon|0 fnt
|faint|p1a: Hydreigon
|-ability|p2a: Salamenace|Moxie|boost
|-boost|p2a: Salamenace|atk|1
|
|-heal|p2a: Salamenace|21/100|[from] item: Leftovers
|upkeep
|
|t:|1661566297
|switch|p1a: Azumarill|Azumarill, M|100/100
|turn|11
|
|t:|1661566300
|move|p1a: Azumarill|Aqua Jet|p2a: Salamenace
|-resisted|p2a: Salamenace
|-damage|p2a: Salamenace|0 fnt
|faint|p2a: Salamenace
|
|upkeep
|
|t:|1661566303
|switch|p2a: #Slay|Tsareena, F, shiny|100/100
|turn|12
|
|t:|1661566306
|switch|p1a: Amoonguss|Amoonguss, F|100/100
|move|p2a: #Slay|Rapid Spin|p1a: Amoonguss
|-damage|p1a: Amoonguss|86/100
|-boost|p2a: #Slay|spe|1
|-damage|p2a: #Slay|84/100|[from] item: Rocky Helmet|[of] p1a: Amoonguss
|
|-heal|p2a: #Slay|90/100|[from] item: Leftovers
|upkeep
|turn|13
|
|t:|1661566310
|move|p2a: #Slay|Knock Off|p1a: Amoonguss
|-damage|p1a: Amoonguss|59/100
|-damage|p2a: #Slay|73/100|[from] item: Rocky Helmet|[of] p1a: Amoonguss
|-enditem|p1a: Amoonguss|Rocky Helmet|[from] move: Knock Off|[of] p2a: #Slay
|move|p1a: Amoonguss|Sludge Bomb|p2a: #Slay
|-supereffective|p2a: #Slay
|-crit|p2a: #Slay
|-damage|p2a: #Slay|0 fnt
|faint|p2a: #Slay
|
|upkeep
|
|t:|1661566315
|switch|p2a: WhiteWomanSpotted|Salazzle, F, shiny|100/100
|turn|14
|
|t:|1661566323
|move|p2a: WhiteWomanSpotted|Flamethrower|p1a: Amoonguss
|-supereffective|p1a: Amoonguss
|-damage|p1a: Amoonguss|0 fnt
|faint|p1a: Amoonguss
|
|upkeep
|
|t:|1661566328
|switch|p1a: Azumarill|Azumarill, M|100/100
|turn|15
|
|t:|1661566329
|move|p1a: Azumarill|Aqua Jet|p2a: WhiteWomanSpotted
|-supereffective|p2a: WhiteWomanSpotted
|-enditem|p2a: WhiteWomanSpotted|Focus Sash
|-damage|p2a: WhiteWomanSpotted|1/100
|move|p2a: WhiteWomanSpotted|Sludge Wave|p1a: Azumarill
|-supereffective|p1a: Azumarill
|-damage|p1a: Azumarill|0 fnt
|faint|p1a: Azumarill
|
|upkeep
|
|t:|1661566336
|switch|p1a: Reuniclus|Reuniclus, F, shiny|100/100
|turn|16
|
|t:|1661566338
|move|p2a: WhiteWomanSpotted|Sludge Wave|p1a: Reuniclus
|-damage|p1a: Reuniclus|63/100
|move|p1a: Reuniclus|Psychic|p2a: WhiteWomanSpotted
|-supereffective|p2a: WhiteWomanSpotted
|-damage|p2a: WhiteWomanSpotted|0 fnt
|faint|p2a: WhiteWomanSpotted
|
|upkeep
|
|t:|1661566343
|switch|p2a: Rubiks®|Stakataka, shiny|100/100
|turn|17
|
|t:|1661566345
|move|p1a: Reuniclus|Focus Blast|p2a: Rubiks®
|-supereffective|p2a: Rubiks®
|-damage|p2a: Rubiks®|0 fnt
|faint|p2a: Rubiks®
|
|upkeep
|
|t:|1661566348
|switch|p2a: Ramalam|Malamar, M|100/100
|turn|18
|
|t:|1661566350
|switch|p1a: Cobalion|Cobalion|71/100
|move|p2a: Ramalam|Knock Off|p1a: Cobalion
|-resisted|p1a: Cobalion
|-damage|p1a: Cobalion|52/100
|-damage|p2a: Ramalam|84/100|[from] item: Rocky Helmet|[of] p1a: Cobalion
|-ability|p1a: Cobalion|Justified|boost
|-boost|p1a: Cobalion|atk|1
|-enditem|p1a: Cobalion|Rocky Helmet|[from] move: Knock Off|[of] p2a: Ramalam
|
|-heal|p2a: Ramalam|90/100|[from] item: Leftovers
|upkeep
|turn|19
|
|t:|1661566353
|move|p1a: Cobalion|Close Combat|p2a: Ramalam
|-damage|p2a: Ramalam|8/100
|-unboost|p1a: Cobalion|def|1
|-unboost|p1a: Cobalion|spd|1
|move|p2a: Ramalam|Superpower|p1a: Cobalion
|-supereffective|p1a: Cobalion
|-damage|p1a: Cobalion|0 fnt
|-boost|p2a: Ramalam|atk|1
|-boost|p2a: Ramalam|def|1
|faint|p1a: Cobalion
|
|-heal|p2a: Ramalam|14/100|[from] item: Leftovers
|upkeep
|
|t:|1661566360
|switch|p1a: Reuniclus|Reuniclus, F, shiny|63/100
|turn|20
|
|t:|1661566362
|move|p2a: Ramalam|Knock Off|p1a: Reuniclus
|-supereffective|p1a: Reuniclus
|-damage|p1a: Reuniclus|0 fnt
|-enditem|p1a: Reuniclus|Life Orb|[from] move: Knock Off|[of] p2a: Ramalam
|faint|p1a: Reuniclus
|
|win|Verstraeten
|raw|SwitchingIsGreat's rating: 1418 &rarr; <strong>1395</strong><br />(-23 for losing)
|raw|Verstraeten's rating: 1362 &rarr; <strong>1385</strong><br />(+23 for winning)
