|html|<div class="broadcast-blue"><strong>[Gen 8] UU is currently suspecting Mienshao! For information on how to participate check out the <a href="https://www.smogon.com/forums/threads/np-ss-uu-stage-10-3-pumped-up-kicks.3694543/">suspect thread</a>.</strong></div>
|j|☆UU11M Zartres
|j|☆Amane Misa
|t:|1639431881
|gametype|singles
|player|p1|UU11M Zartres|brendan-gen3rs|1289
|player|p2|Amane Misa|#amanemisa|1405
|teamsize|p1|6
|teamsize|p2|6
|gen|8
|tier|[Gen 8] UU
|rated|
|rule|Sleep Clause Mod: Limit one foe put to sleep
|rule|Species Clause: Limit one of each Pokémon
|rule|OHKO Clause: OHKO moves are banned
|rule|Evasion Moves Clause: Evasion moves are banned
|rule|Endless Battle Clause: Forcing endless battles is banned
|rule|HP Percentage Mod: HP is shown in percentages
|rule|Dynamax Clause: You cannot dynamax
|clearpoke
|poke|p1|Torkoal, M|
|poke|p1|Darmanitan, M|
|poke|p1|Venusaur, M|
|poke|p1|Chansey, F|
|poke|p1|Zygarde-10%|
|poke|p1|Thundurus-Therian, M|
|poke|p2|Mienshao, F|
|poke|p2|Excadrill, M|
|poke|p2|Slowking, F|
|poke|p2|Hydreigon, M|
|poke|p2|Swampert, M|
|poke|p2|Amoonguss, M|
|teampreview
|inactive|Battle timer is ON: inactive players will automatically lose when time's up. (requested by UU11M Zartres)
|
|t:|1639431909
|start
|switch|p1a: Torkoal|Torkoal, M|100/100
|switch|p2a: Swampert|Swampert, M|100/100
|-weather|SunnyDay|[from] ability: Drought|[of] p1a: Torkoal
|turn|1
|
|t:|1639431924
|switch|p1a: Venusaur|Venusaur, M|100/100
|move|p2a: Swampert|Earthquake|p1a: Venusaur
|-damage|p1a: Venusaur|47/100
|
|-weather|SunnyDay|[upkeep]
|upkeep
|turn|2
|
|t:|1639431933
|switch|p2a: Amoonguss|Amoonguss, M|100/100
|move|p1a: Venusaur|Giga Drain|p2a: Amoonguss
|-resisted|p2a: Amoonguss
|-damage|p2a: Amoonguss|91/100
|-heal|p1a: Venusaur|54/100|[from] drain|[of] p2a: Amoonguss
|-damage|p1a: Venusaur|44/100|[from] item: Life Orb
|
|-weather|SunnyDay|[upkeep]
|upkeep
|turn|3
|inactive|UU11M Zartres has 120 seconds left.
|
|t:|1639431966
|move|p1a: Venusaur|Growth|p1a: Venusaur
|-boost|p1a: Venusaur|atk|2
|-boost|p1a: Venusaur|spa|2
|move|p2a: Amoonguss|Sludge Bomb|p1a: Venusaur
|-damage|p1a: Venusaur|13/100
|
|-weather|SunnyDay|[upkeep]
|upkeep
|turn|4
|
|t:|1639431974
|switch|p2a: Hydreigon|Hydreigon, M|100/100
|move|p1a: Venusaur|Weather Ball|p2a: Hydreigon
|-resisted|p2a: Hydreigon
|-damage|p2a: Hydreigon|32/100
|-damage|p1a: Venusaur|3/100|[from] item: Life Orb
|
|-weather|SunnyDay|[upkeep]
|upkeep
|turn|5
|inactive|Amane Misa has 120 seconds left.
|inactive|Amane Misa has 90 seconds left.
|
|t:|1639432041
|switch|p2a: Amoonguss|Amoonguss, M|100/100
|move|p1a: Venusaur|Giga Drain|p2a: Amoonguss
|-resisted|p2a: Amoonguss
|-damage|p2a: Amoonguss|78/100
|-heal|p1a: Venusaur|19/100|[from] drain|[of] p2a: Amoonguss
|-damage|p1a: Venusaur|9/100|[from] item: Life Orb
|
|-weather|SunnyDay|[upkeep]
|upkeep
|turn|6
|
|t:|1639432054
|switch|p2a: Hydreigon|Hydreigon, M|32/100
|move|p1a: Venusaur|Giga Drain|p2a: Hydreigon
|-resisted|p2a: Hydreigon
|-damage|p2a: Hydreigon|0 fnt
|-heal|p1a: Venusaur|26/100|[from] drain|[of] p2a: Hydreigon
|faint|p2a: Hydreigon
|-damage|p1a: Venusaur|16/100|[from] item: Life Orb
|
|-weather|SunnyDay|[upkeep]
|upkeep
|
|t:|1639432066
|switch|p2a: Amoonguss|Amoonguss, M|100/100
|turn|7
|
|t:|1639432071
|switch|p2a: Slowking|Slowking, F|100/100
|move|p1a: Venusaur|Weather Ball|p2a: Slowking
|-resisted|p2a: Slowking
|-damage|p2a: Slowking|55/100
|-damage|p1a: Venusaur|6/100|[from] item: Life Orb
|
|-weather|SunnyDay|[upkeep]
|upkeep
|turn|8
|inactive|Amane Misa has 90 seconds left.
|
|t:|1639432079
|move|p1a: Venusaur|Giga Drain|p2a: Slowking
|-supereffective|p2a: Slowking
|-damage|p2a: Slowking|0 fnt
|-heal|p1a: Venusaur|42/100|[from] drain|[of] p2a: Slowking
|faint|p2a: Slowking
|-damage|p1a: Venusaur|32/100|[from] item: Life Orb
|
|-weather|none
|upkeep
|
|t:|1639432082
|switch|p2a: Mienshao|Mienshao, F|100/100
|turn|9
|
|t:|1639432088
|switch|p1a: Torkoal|Torkoal, M|100/100
|-weather|SunnyDay|[from] ability: Drought|[of] p1a: Torkoal
|move|p2a: Mienshao|Close Combat|p1a: Torkoal
|-damage|p1a: Torkoal|57/100
|-unboost|p2a: Mienshao|def|1
|-unboost|p2a: Mienshao|spd|1
|-damage|p2a: Mienshao|91/100|[from] item: Life Orb
|
|-weather|SunnyDay|[upkeep]
|upkeep
|turn|10
|
|t:|1639432105
|move|p2a: Mienshao|U-turn|p1a: Torkoal
|-resisted|p1a: Torkoal
|-damage|p1a: Torkoal|48/100
|-damage|p2a: Mienshao|81/100|[from] item: Life Orb
|
|t:|1639432111
|switch|p2a: Swampert|Swampert, M|100/100|[from]move: U-turn
|move|p1a: Torkoal|Yawn|p2a: Swampert
|-start|p2a: Swampert|move: Yawn|[of] p1a: Torkoal
|
|-weather|SunnyDay|[upkeep]
|upkeep
|turn|11
|
|t:|1639432126
|switch|p1a: Venusaur|Venusaur, M|32/100
|move|p2a: Swampert|Flip Turn|p1a: Venusaur
|-resisted|p1a: Venusaur
|-damage|p1a: Venusaur|25/100
|
|t:|1639432135
|switch|p2a: Amoonguss|Amoonguss, M|100/100|[from]move: Flip Turn
|
|-weather|SunnyDay|[upkeep]
|upkeep
|turn|12
|
|t:|1639432139
|move|p1a: Venusaur|Weather Ball|p2a: Amoonguss
|-supereffective|p2a: Amoonguss
|-damage|p2a: Amoonguss|0 fnt
|faint|p2a: Amoonguss
|-damage|p1a: Venusaur|15/100|[from] item: Life Orb
|
|-weather|SunnyDay|[upkeep]
|upkeep
|c|☆Amane Misa|very competitive indeed
|-message|Amane Misa forfeited.
|
|win|UU11M Zartres
|raw|UU11M Zartres's rating: 1289 &rarr; <strong>1322</strong><br />(+33 for winning)
|raw|Amane Misa's rating: 1405 &rarr; <strong>1379</strong><br />(-26 for losing)
|l|☆Amane Misa
