|j|☆Firquen
|j|☆drakslid
|player|p1|Firquen|benga|1151
|player|p2|drakslid|cynthia|1078
|teamsize|p1|6
|teamsize|p2|6
|gametype|singles
|gen|8
|tier|[Gen 8] UU
|rated|
|clearpoke
|poke|p1|Gigalith, F|
|poke|p1|Milotic, F|
|poke|p1|Noivern, M|
|poke|p1|Gardevoir, M|
|poke|p1|Mamoswine, M|
|poke|p1|Weezing-Galar, F|
|poke|p2|Gigalith, M|
|poke|p2|Drednaw, M|
|poke|p2|Linoone, M|
|poke|p2|Polteageist|
|poke|p2|Espeon, F|
|poke|p2|Venusaur, M|
|rule|Sleep Clause Mod: Limit one foe put to sleep
|rule|Species Clause: Limit one of each Pokémon
|rule|OHKO Clause: OHKO moves are banned
|rule|Evasion Moves Clause: Evasion moves are banned
|rule|Endless Battle Clause: Forcing endless battles is banned
|rule|HP Percentage Mod: HP is shown in percentages
|rule|Dynamax Clause: You cannot dynamax
|teampreview
|
|start
|switch|p1a: Gigalith|Gigalith, F|100/100
|switch|p2a: Polteageist|Polteageist|100/100
|-weather|Sandstorm|[from] ability: Sand Stream|[of] p1a: Gigalith
|turn|1
|
|move|p2a: Polteageist|Shell Smash|p2a: Polteageist
|-unboost|p2a: Polteageist|def|1
|-unboost|p2a: Polteageist|spd|1
|-boost|p2a: Polteageist|atk|2
|-boost|p2a: Polteageist|spa|2
|-boost|p2a: Polteageist|spe|2
|-enditem|p2a: Polteageist|White Herb
|-clearnegativeboost|p2a: Polteageist|[silent]
|move|p1a: Gigalith|Stone Edge|p2a: Polteageist
|-crit|p2a: Polteageist
|-damage|p2a: Polteageist|0 fnt
|-start|p1a: Gigalith|Disable|Stone Edge|[from] ability: Cursed Body|[of] p2a: Polteageist
|faint|p2a: Polteageist
|
|-weather|Sandstorm|[upkeep]
|upkeep
|c|☆drakslid|NNNOOOOOOOOOOOOO !!!!!!!
|c|☆drakslid|XDDD
|
|switch|p2a: Drednaw|Drednaw, M|100/100
|turn|2
|
|move|p2a: Drednaw|Swords Dance|p2a: Drednaw
|-boost|p2a: Drednaw|atk|2
|move|p1a: Gigalith|Stealth Rock|p2a: Drednaw
|-sidestart|p2: drakslid|move: Stealth Rock
|
|-weather|Sandstorm|[upkeep]
|upkeep
|turn|3
|
|move|p2a: Drednaw|Liquidation|p1a: Gigalith
|-supereffective|p1a: Gigalith
|-damage|p1a: Gigalith|0 fnt
|faint|p1a: Gigalith
|
|-weather|Sandstorm|[upkeep]
|upkeep
|
|switch|p1a: Milotic|Milotic, F|100/100
|turn|4
|
|move|p1a: Milotic|Haze|p1a: Milotic
|-clearallboost
|move|p2a: Drednaw|Crunch|p1a: Milotic
|-damage|p1a: Milotic|70/100
|
|-weather|Sandstorm|[upkeep]
|-damage|p1a: Milotic|64/100|[from] Sandstorm
|-status|p1a: Milotic|brn|[from] item: Flame Orb
|upkeep
|turn|5
|
|move|p1a: Milotic|Toxic|p2a: Drednaw
|-status|p2a: Drednaw|tox
|move|p2a: Drednaw|Stealth Rock|p1a: Milotic
|-sidestart|p1: Firquen|move: Stealth Rock
|
|-weather|none
|-damage|p1a: Milotic|58/100 brn|[from] brn
|-damage|p2a: Drednaw|94/100 tox|[from] psn
|upkeep
|turn|6
|
|move|p1a: Milotic|Recover|p1a: Milotic
|-heal|p1a: Milotic|100/100 brn
|move|p2a: Drednaw|Swords Dance|p2a: Drednaw
|-boost|p2a: Drednaw|atk|2
|
|-damage|p1a: Milotic|94/100 brn|[from] brn
|-damage|p2a: Drednaw|82/100 tox|[from] psn
|upkeep
|turn|7
|
|move|p1a: Milotic|Haze|p1a: Milotic
|-clearallboost
|move|p2a: Drednaw|Crunch|p1a: Milotic
|-damage|p1a: Milotic|73/100 brn
|
|-damage|p1a: Milotic|67/100 brn|[from] brn
|-damage|p2a: Drednaw|64/100 tox|[from] psn
|upkeep
|turn|8
|
|move|p1a: Milotic|Recover|p1a: Milotic
|-heal|p1a: Milotic|100/100 brn
|move|p2a: Drednaw|Crunch|p1a: Milotic
|-damage|p1a: Milotic|79/100 brn
|
|-damage|p1a: Milotic|73/100 brn|[from] brn
|-damage|p2a: Drednaw|40/100 tox|[from] psn
|upkeep
|turn|9
|
|move|p1a: Milotic|Scald|p2a: Drednaw
|-damage|p2a: Drednaw|10/100 tox
|move|p2a: Drednaw|Liquidation|p1a: Milotic
|-resisted|p1a: Milotic
|-damage|p1a: Milotic|62/100 brn
|
|-damage|p1a: Milotic|56/100 brn|[from] brn
|-damage|p2a: Drednaw|0 fnt|[from] psn
|faint|p2a: Drednaw
|upkeep
|
|switch|p2a: Gigalith|Gigalith, M|100/100
|-damage|p2a: Gigalith|88/100|[from] Stealth Rock
|turn|10
|
|move|p1a: Milotic|Recover|p1a: Milotic
|-heal|p1a: Milotic|100/100 brn
|move|p2a: Gigalith|Explosion|p1a: Milotic
|-damage|p1a: Milotic|31/100 brn
|faint|p2a: Gigalith
|
|-damage|p1a: Milotic|25/100 brn|[from] brn
|upkeep
|
|switch|p2a: Venusaur|Venusaur, M|100/100
|-damage|p2a: Venusaur|88/100|[from] Stealth Rock
|turn|11
|
|switch|p1a: Weezing|Weezing-Galar, F|100/100
|-damage|p1a: Weezing|88/100|[from] Stealth Rock
|move|p2a: Venusaur|Giga Drain|p1a: Weezing
|-resisted|p1a: Weezing
|-damage|p1a: Weezing|62/100
|-heal|p2a: Venusaur|100/100|[from] drain|[of] p1a: Weezing
|-damage|p2a: Venusaur|91/100|[from] item: Life Orb
|
|-heal|p1a: Weezing|68/100|[from] item: Black Sludge
|upkeep
|turn|12
|
|move|p2a: Venusaur|Leech Seed|p1a: Weezing
|-start|p1a: Weezing|move: Leech Seed
|move|p1a: Weezing|Defog|p2a: Venusaur
|-unboost|p2a: Venusaur|evasion|1
|-sideend|p2: drakslid|Stealth Rock|[from] move: Defog|[of] p1a: Weezing
|-sideend|p1: Firquen|Stealth Rock|[from] move: Defog|[of] p1a: Weezing
|
|-heal|p1a: Weezing|74/100|[from] item: Black Sludge
|-damage|p1a: Weezing|62/100|[from] Leech Seed|[of] p2a: Venusaur
|-heal|p2a: Venusaur|100/100|[silent]
|upkeep
|turn|13
|
|move|p2a: Venusaur|Sludge Bomb|p1a: Weezing
|-damage|p1a: Weezing|0 fnt
|-damage|p2a: Venusaur|91/100|[from] item: Life Orb
|faint|p1a: Weezing
|
|upkeep
|
|switch|p1a: Mamoswine|Mamoswine, M|100/100
|turn|14
|
|move|p1a: Mamoswine|Icicle Crash|p2a: Venusaur
|-supereffective|p2a: Venusaur
|-damage|p2a: Venusaur|0 fnt
|faint|p2a: Venusaur
|
|upkeep
|
|switch|p2a: Linoone|Linoone, M|100/100
|turn|15
|
|move|p1a: Mamoswine|Icicle Crash|p2a: Linoone
|-damage|p2a: Linoone|23/100
|-enditem|p2a: Linoone|Aguav Berry|[eat]
|-heal|p2a: Linoone|56/100|[from] item: Aguav Berry
|move|p2a: Linoone|Belly Drum|p2a: Linoone
|-damage|p2a: Linoone|6/100
|-setboost|p2a: Linoone|atk|6|[from] move: Belly Drum
|
|upkeep
|turn|16
|
|move|p2a: Linoone|Extreme Speed|p1a: Mamoswine
|-damage|p1a: Mamoswine|0 fnt
|faint|p1a: Mamoswine
|
|upkeep
|-message|Firquen forfeited.
|
|win|drakslid
|l|☆Firquen
|raw|Firquen's rating: 1151 &rarr; <strong>1120</strong><br />(-31 for losing)
|raw|drakslid's rating: 1078 &rarr; <strong>1112</strong><br />(+34 for winning)
