|j|☆Carkoaler
|j|☆uult1 sparrowstail
|player|p1|Carkoaler|hapu|1351
|player|p2|uult1 sparrowstail|twins-gen4|1274
|teamsize|p1|6
|teamsize|p2|6
|gametype|singles
|gen|8
|tier|[Gen 8] UU
|rated|
|clearpoke
|poke|p1|Escavalier, F|
|poke|p1|Gigalith, F|
|poke|p1|Noivern, M|
|poke|p1|Rotom-Wash|
|poke|p1|Sylveon, M|
|poke|p1|Roserade, F|
|poke|p2|Solosis, L1, F|
|poke|p2|Gigalith, F|
|poke|p2|Gardevoir, F|
|poke|p2|Haxorus, M|
|poke|p2|Rotom-Wash|
|poke|p2|Dugtrio-Alola, F|
|rule|Sleep Clause Mod: Limit one foe put to sleep
|rule|Species Clause: Limit one of each Pokémon
|rule|OHKO Clause: OHKO moves are banned
|rule|Evasion Moves Clause: Evasion moves are banned
|rule|Endless Battle Clause: Forcing endless battles is banned
|rule|HP Percentage Mod: HP is shown in percentages
|rule|Dynamax Clause: You cannot dynamax
|teampreview
|
|start
|switch|p1a: Roserade|Roserade, F|100/100
|switch|p2a: Solosis|Solosis, L1, F|100/100
|turn|1
|
|switch|p1a: Gigalith|Gigalith, F|100/100
|-weather|Sandstorm|[from] ability: Sand Stream|[of] p1a: Gigalith
|move|p2a: Solosis|Endeavor|p1a: Gigalith
|-damage|p1a: Gigalith|4/100
|
|-weather|Sandstorm|[upkeep]
|-heal|p1a: Gigalith|10/100|[from] item: Leftovers
|upkeep
|turn|2
|
|switch|p2a: Gigalith|Gigalith, F|100/100
|move|p1a: Gigalith|Earthquake|p2a: Gigalith
|-supereffective|p2a: Gigalith
|-damage|p2a: Gigalith|70/100
|
|-weather|Sandstorm|[upkeep]
|-heal|p1a: Gigalith|16/100|[from] item: Leftovers
|-heal|p2a: Gigalith|76/100|[from] item: Leftovers
|upkeep
|turn|3
|
|move|p2a: Gigalith|Stealth Rock|p1a: Gigalith
|-sidestart|p1: Carkoaler|move: Stealth Rock
|move|p1a: Gigalith|Earthquake|p2a: Gigalith
|-supereffective|p2a: Gigalith
|-damage|p2a: Gigalith|41/100
|
|-weather|Sandstorm|[upkeep]
|-heal|p1a: Gigalith|22/100|[from] item: Leftovers
|-heal|p2a: Gigalith|47/100|[from] item: Leftovers
|upkeep
|turn|4
|
|switch|p1a: Rotom|Rotom-Wash|100/100
|-damage|p1a: Rotom|88/100|[from] Stealth Rock
|move|p2a: Gigalith|Earthquake|p1a: Rotom
|-immune|p1a: Rotom|[from] ability: Levitate
|
|-weather|Sandstorm|[upkeep]
|-damage|p1a: Rotom|82/100|[from] Sandstorm
|-heal|p1a: Rotom|88/100|[from] item: Leftovers
|-heal|p2a: Gigalith|53/100|[from] item: Leftovers
|upkeep
|turn|5
|
|move|p1a: Rotom|Hydro Pump|p2a: Gigalith
|-supereffective|p2a: Gigalith
|-crit|p2a: Gigalith
|-damage|p2a: Gigalith|0 fnt
|faint|p2a: Gigalith
|
|-weather|none
|-heal|p1a: Rotom|94/100|[from] item: Leftovers
|upkeep
|
|switch|p2a: Haxorus|Haxorus, M|100/100
|-ability|p2a: Haxorus|Mold Breaker
|turn|6
|
|move|p2a: Haxorus|Earthquake|p1a: Rotom
|-supereffective|p1a: Rotom
|-damage|p1a: Rotom|0 fnt
|faint|p1a: Rotom
|
|upkeep
|
|switch|p1a: Noivern|Noivern, M|100/100
|turn|7
|
|switch|p2a: Gardevoir|Gardevoir, F|100/100
|-ability|p2a: Gardevoir|Infiltrator|[from] ability: Trace|[of] p1a: Noivern
|move|p1a: Noivern|U-turn|p2a: Gardevoir
|-damage|p2a: Gardevoir|82/100
|
|switch|p1a: Escavalier|Escavalier, F|100/100|[from]move: U-turn
|-damage|p1a: Escavalier|88/100|[from] Stealth Rock
|
|-heal|p1a: Escavalier|94/100|[from] item: Leftovers
|upkeep
|turn|8
|
|switch|p1a: Sylveon|Sylveon, M|100/100
|-damage|p1a: Sylveon|88/100|[from] Stealth Rock
|move|p2a: Gardevoir|Mystical Fire|p1a: Sylveon
|-damage|p1a: Sylveon|71/100
|-unboost|p1a: Sylveon|spa|1
|
|-heal|p1a: Sylveon|77/100|[from] item: Leftovers
|upkeep
|turn|9
|
|move|p2a: Gardevoir|Mystical Fire|p1a: Sylveon
|-damage|p1a: Sylveon|58/100
|-unboost|p1a: Sylveon|spa|1
|move|p1a: Sylveon|Wish|p1a: Sylveon
|
|-heal|p1a: Sylveon|64/100|[from] item: Leftovers
|upkeep
|turn|10
|
|switch|p2a: Rotom|Rotom-Wash|100/100
|switch|p1a: Gigalith|Gigalith, F|22/100
|-damage|p1a: Gigalith|10/100|[from] Stealth Rock
|-weather|Sandstorm|[from] ability: Sand Stream|[of] p1a: Gigalith
|
|-weather|Sandstorm|[upkeep]
|-damage|p2a: Rotom|94/100|[from] Sandstorm
|-heal|p1a: Gigalith|63/100|[from] move: Wish|[wisher] Sylveon
|-heal|p2a: Rotom|100/100|[from] item: Leftovers
|-heal|p1a: Gigalith|69/100|[from] item: Leftovers
|upkeep
|turn|11
|
|switch|p2a: Dugtrio|Dugtrio-Alola, F|100/100
|switch|p1a: Roserade|Roserade, F|100/100
|-damage|p1a: Roserade|88/100|[from] Stealth Rock
|
|-weather|Sandstorm|[upkeep]
|-damage|p1a: Roserade|82/100|[from] Sandstorm
|upkeep
|turn|12
|
|move|p2a: Dugtrio|Iron Head|p1a: Roserade
|-damage|p1a: Roserade|0 fnt
|-damage|p2a: Dugtrio|91/100|[from] item: Life Orb
|faint|p1a: Roserade
|
|-weather|Sandstorm|[upkeep]
|upkeep
|
|switch|p1a: Noivern|Noivern, M|100/100
|turn|13
|
|switch|p2a: Gardevoir|Gardevoir, F|82/100
|-ability|p2a: Gardevoir|Infiltrator|[from] ability: Trace|[of] p1a: Noivern
|move|p1a: Noivern|Flamethrower|p2a: Gardevoir
|-damage|p2a: Gardevoir|59/100
|
|-weather|Sandstorm|[upkeep]
|-damage|p2a: Gardevoir|53/100|[from] Sandstorm
|-damage|p1a: Noivern|94/100|[from] Sandstorm
|upkeep
|turn|14
|
|switch|p1a: Sylveon|Sylveon, M|64/100
|-damage|p1a: Sylveon|51/100|[from] Stealth Rock
|move|p2a: Gardevoir|Moonblast|p1a: Sylveon
|-damage|p1a: Sylveon|19/100
|
|-weather|none
|-heal|p1a: Sylveon|25/100|[from] item: Leftovers
|upkeep
|turn|15
|
|switch|p2a: Dugtrio|Dugtrio-Alola, F|91/100
|move|p1a: Sylveon|Protect||[still]
|-fail|p1a: Sylveon
|
|-heal|p1a: Sylveon|31/100|[from] item: Leftovers
|upkeep
|turn|16
|
|move|p1a: Sylveon|Protect|p1a: Sylveon
|-singleturn|p1a: Sylveon|Protect
|move|p2a: Dugtrio|Iron Head|p1a: Sylveon
|-activate|p1a: Sylveon|move: Protect
|
|-heal|p1a: Sylveon|37/100|[from] item: Leftovers
|upkeep
|turn|17
|
|switch|p1a: Escavalier|Escavalier, F|94/100
|-damage|p1a: Escavalier|82/100|[from] Stealth Rock
|move|p2a: Dugtrio|Iron Head|p1a: Escavalier
|-resisted|p1a: Escavalier
|-damage|p1a: Escavalier|62/100
|-damage|p2a: Dugtrio|81/100|[from] item: Life Orb
|
|-heal|p1a: Escavalier|69/100|[from] item: Leftovers
|upkeep
|turn|18
|
|switch|p2a: Rotom|Rotom-Wash|100/100
|move|p1a: Escavalier|Close Combat|p2a: Rotom
|-damage|p2a: Rotom|52/100
|-unboost|p1a: Escavalier|def|1
|-unboost|p1a: Escavalier|spd|1
|
|-heal|p2a: Rotom|58/100|[from] item: Leftovers
|-heal|p1a: Escavalier|75/100|[from] item: Leftovers
|upkeep
|turn|19
|
|switch|p1a: Noivern|Noivern, M|94/100
|move|p2a: Rotom|Thunderbolt|p1a: Noivern
|-damage|p1a: Noivern|51/100
|-status|p1a: Noivern|par
|
|-heal|p2a: Rotom|64/100|[from] item: Leftovers
|upkeep
|turn|20
|
|move|p2a: Rotom|Thunderbolt|p1a: Noivern
|-damage|p1a: Noivern|3/100 par
|move|p1a: Noivern|U-turn|p2a: Rotom
|-damage|p2a: Rotom|49/100
|
|switch|p1a: Sylveon|Sylveon, M|37/100|[from]move: U-turn
|-damage|p1a: Sylveon|25/100|[from] Stealth Rock
|
|-heal|p2a: Rotom|55/100|[from] item: Leftovers
|-heal|p1a: Sylveon|31/100|[from] item: Leftovers
|upkeep
|turn|21
|
|move|p2a: Rotom|Nasty Plot|p2a: Rotom
|-boost|p2a: Rotom|spa|2
|move|p1a: Sylveon|Wish|p1a: Sylveon
|
|-heal|p2a: Rotom|61/100|[from] item: Leftovers
|-heal|p1a: Sylveon|37/100|[from] item: Leftovers
|upkeep
|turn|22
|
|move|p2a: Rotom|Thunderbolt|p1a: Sylveon
|-damage|p1a: Sylveon|0 fnt
|faint|p1a: Sylveon
|
|-heal|p2a: Rotom|67/100|[from] item: Leftovers
|upkeep
|-message|Carkoaler forfeited.
|
|win|uult1 sparrowstail
