|j|☆hogg
|j|☆ok now i see ya
|t:|1599089765
|player|p1|hogg|erika-gen2|1426
|player|p2|ok now i see ya|brendan-gen3rs|1257
|teamsize|p1|6
|teamsize|p2|6
|gametype|singles
|gen|8
|tier|[Gen 8] UU
|rated|
|clearpoke
|poke|p1|Slowbro, F|
|poke|p1|Zarude|
|poke|p1|Porygon2|
|poke|p1|Lycanroc-Dusk, F|
|poke|p1|Marowak-Alola, F|
|poke|p1|Weezing-Galar, M|
|poke|p2|Froslass, F|
|poke|p2|Cobalion|
|poke|p2|Mimikyu, M|
|poke|p2|Sharpedo, M|
|poke|p2|Bisharp, M|
|poke|p2|Polteageist-Antique|
|rule|Sleep Clause Mod: Limit one foe put to sleep
|rule|Species Clause: Limit one of each Pokémon
|rule|OHKO Clause: OHKO moves are banned
|rule|Evasion Moves Clause: Evasion moves are banned
|rule|Endless Battle Clause: Forcing endless battles is banned
|rule|HP Percentage Mod: HP is shown in percentages
|rule|Dynamax Clause: You cannot dynamax
|teampreview
|inactive|Battle timer is ON: inactive players will automatically lose when time's up. (requested by ok now i see ya)
|
|t:|1599089782
|start
|switch|p1a: Zarude|Zarude|100/100
|switch|p2a: Iced Up|Froslass, F|100/100
|turn|1
|
|t:|1599089788
|move|p2a: Iced Up|Spikes|p1a: Zarude
|-sidestart|p1: hogg|Spikes
|move|p1a: Zarude|Throat Chop|p2a: Iced Up
|-supereffective|p2a: Iced Up
|-enditem|p2a: Iced Up|Focus Sash
|-damage|p2a: Iced Up|1/100
|-start|p2a: Iced Up|Throat Chop|[silent]
|-start|p1a: Zarude|Disable|Throat Chop|[from] ability: Cursed Body|[of] p2a: Iced Up
|
|upkeep
|turn|2
|
|t:|1599089797
|move|p2a: Iced Up|Spikes|p1a: Zarude
|-sidestart|p1: hogg|Spikes
|move|p1a: Zarude|Jungle Healing||[still]
|-fail|p1a: Zarude|heal
|
|-end|p2a: Iced Up|Throat Chop|[silent]
|upkeep
|turn|3
|
|t:|1599089802
|move|p2a: Iced Up|Destiny Bond|p2a: Iced Up
|-singlemove|p2a: Iced Up|Destiny Bond
|move|p1a: Zarude|Jungle Healing||[still]
|-fail|p1a: Zarude|heal
|
|upkeep
|turn|4
|
|t:|1599089806
|switch|p2a: Koba Leon|Cobalion|100/100
|move|p1a: Zarude|U-turn|p2a: Koba Leon
|-resisted|p2a: Koba Leon
|-damage|p2a: Koba Leon|96/100
|
|t:|1599089818
|switch|p1a: Slowbro|Slowbro, F|100/100|[from]move: U-turn
|
|upkeep
|turn|5
|
|t:|1599089822
|move|p2a: Koba Leon|Taunt|p1a: Slowbro
|-start|p1a: Slowbro|move: Taunt
|move|p1a: Slowbro|Scald|p2a: Koba Leon
|-damage|p2a: Koba Leon|61/100
|
|upkeep
|turn|6
|inactive|ok now i see ya has 120 seconds left.
|
|t:|1599089880
|switch|p2a: Iced Up|Froslass, F|1/100
|move|p1a: Slowbro|Scald|p2a: Iced Up
|-damage|p2a: Iced Up|0 fnt
|faint|p2a: Iced Up
|
|upkeep
|inactive|ok now i see ya has 90 seconds left.
|
|t:|1599089906
|switch|p2a: Jaws|Sharpedo, M|100/100
|turn|7
|
|t:|1599089912
|switch|p1a: not chansey :(|Porygon2|100/100
|-damage|p1a: not chansey :(|84/100|[from] Spikes
|-ability|p1a: not chansey :(|Speed Boost|[from] ability: Trace|[of] p2a: Jaws
|move|p2a: Jaws|Dark Pulse|p1a: not chansey :(
|-damage|p1a: not chansey :(|60/100
|-damage|p2a: Jaws|91/100|[from] item: Life Orb
|
|-ability|p2a: Jaws|Speed Boost|boost
|-boost|p2a: Jaws|spe|1
|upkeep
|turn|8
|
|t:|1599089915
|switch|p2a: Power Ranger|Bisharp, M|100/100
|move|p1a: not chansey :(|Recover|p1a: not chansey :(
|-heal|p1a: not chansey :(|100/100
|
|-ability|p1a: not chansey :(|Speed Boost|boost
|-boost|p1a: not chansey :(|spe|1
|upkeep
|turn|9
|
|t:|1599089926
|switch|p1a: Zarude|Zarude|100/100
|move|p2a: Power Ranger|Knock Off|p1a: Zarude
|-resisted|p1a: Zarude
|-damage|p1a: Zarude|72/100
|-enditem|p1a: Zarude|Heavy-Duty Boots|[from] move: Knock Off|[of] p2a: Power Ranger
|
|upkeep
|turn|10
|
|t:|1599089935
|switch|p2a: Koba Leon|Cobalion|61/100
|move|p1a: Zarude|U-turn|p2a: Koba Leon
|-resisted|p2a: Koba Leon
|-damage|p2a: Koba Leon|56/100
|
|t:|1599089946
|switch|p1a: Slowbro|Slowbro, F|100/100|[from]move: U-turn
|
|upkeep
|turn|11
|inactive|ok now i see ya has 120 seconds left.
|
|t:|1599089953
|switch|p2a: Jaws|Sharpedo, M|91/100
|move|p1a: Slowbro|Scald|p2a: Jaws
|-resisted|p2a: Jaws
|-damage|p2a: Jaws|57/100
|
|upkeep
|turn|12
|
|t:|1599089961
|switch|p2a: Power Ranger|Bisharp, M|100/100
|switch|p1a: not chansey :(|Porygon2|100/100
|-damage|p1a: not chansey :(|84/100|[from] Spikes
|-ability|p1a: not chansey :(|Defiant|[from] ability: Trace|[of] p2a: Power Ranger
|
|upkeep
|turn|13
|inactive|ok now i see ya has 120 seconds left.
|
|t:|1599089986
|switch|p1a: Zarude|Zarude|72/100
|-damage|p1a: Zarude|56/100|[from] Spikes
|move|p2a: Power Ranger|Iron Head|p1a: Zarude
|-damage|p1a: Zarude|14/100
|
|upkeep
|turn|14
|inactive|ok now i see ya has 120 seconds left.
|
|t:|1599090009
|switch|p2a: Koba Leon|Cobalion|56/100
|move|p1a: Zarude|Power Whip|p2a: Koba Leon
|-resisted|p2a: Koba Leon
|-damage|p2a: Koba Leon|33/100
|
|upkeep
|turn|15
|
|t:|1599090018
|switch|p1a: Slowbro|Slowbro, F|100/100
|move|p2a: Koba Leon|Close Combat|p1a: Slowbro
|-resisted|p1a: Slowbro
|-crit|p1a: Slowbro
|-damage|p1a: Slowbro|80/100
|-unboost|p2a: Koba Leon|def|1
|-unboost|p2a: Koba Leon|spd|1
|
|upkeep
|turn|16
|
|t:|1599090025
|move|p2a: Koba Leon|Stealth Rock|p1a: Slowbro
|-sidestart|p1: hogg|move: Stealth Rock
|move|p1a: Slowbro|Scald|p2a: Koba Leon
|-crit|p2a: Koba Leon
|-damage|p2a: Koba Leon|0 fnt
|faint|p2a: Koba Leon
|
|upkeep
|inactive|ok now i see ya has 120 seconds left.
|
|t:|1599090060
|switch|p2a: Jaws|Sharpedo, M|57/100
|turn|17
|
|t:|1599090067
|switch|p2a: Power Ranger|Bisharp, M|100/100
|switch|p1a: Zarude|Zarude|14/100
|-damage|p1a: Zarude|0 fnt|[from] Spikes
|faint|p1a: Zarude
|
|upkeep
|
|t:|1599090080
|switch|p1a: Lycanroc|Lycanroc-Dusk, F|100/100
|-damage|p1a: Lycanroc|88/100|[from] Stealth Rock
|-damage|p1a: Lycanroc|72/100|[from] Spikes
|turn|18
|
|t:|1599090085
|switch|p2a: Spill the tea|Polteageist-Antique|100/100
|move|p1a: Lycanroc|Close Combat|p2a: Spill the tea
|-immune|p2a: Spill the tea
|
|upkeep
|turn|19
|
|t:|1599090094
|move|p1a: Lycanroc|Crunch|p2a: Spill the tea
|-supereffective|p2a: Spill the tea
|-enditem|p2a: Spill the tea|Focus Sash
|-damage|p2a: Spill the tea|1/100
|-ability|p2a: Spill the tea|Weak Armor|boost
|-unboost|p2a: Spill the tea|def|1
|-boost|p2a: Spill the tea|spe|2
|-damage|p1a: Lycanroc|62/100|[from] item: Life Orb
|move|p2a: Spill the tea|Shadow Ball|p1a: Lycanroc
|-damage|p1a: Lycanroc|0 fnt
|faint|p1a: Lycanroc
|
|upkeep
|j| ssrw19 bonk
|
|t:|1599090106
|switch|p1a: not chansey :(|Porygon2|84/100
|-damage|p1a: not chansey :(|67/100|[from] Spikes
|-damage|p1a: not chansey :(|55/100|[from] Stealth Rock
|-ability|p1a: not chansey :(|Weak Armor|[from] ability: Trace|[of] p2a: Spill the tea
|turn|20
|
|t:|1599090109
|move|p2a: Spill the tea|Shell Smash|p2a: Spill the tea
|-unboost|p2a: Spill the tea|def|1
|-unboost|p2a: Spill the tea|spd|1
|-boost|p2a: Spill the tea|atk|2
|-boost|p2a: Spill the tea|spa|2
|-boost|p2a: Spill the tea|spe|2
|move|p1a: not chansey :(|Recover|p1a: not chansey :(
|-heal|p1a: not chansey :(|100/100
|
|upkeep
|turn|21
|
|t:|1599090115
|move|p2a: Spill the tea|Stored Power|p1a: not chansey :(
|-damage|p1a: not chansey :(|39/100
|move|p1a: not chansey :(|Discharge|p2a: Spill the tea
|-damage|p2a: Spill the tea|0 fnt
|faint|p2a: Spill the tea
|
|upkeep
|l| ssrw19 bonk
|inactive|ok now i see ya has 120 seconds left.
|
|t:|1599090161
|switch|p2a: Power Ranger|Bisharp, M|100/100
|turn|22
|
|t:|1599090174
|move|p2a: Power Ranger|Swords Dance|p2a: Power Ranger
|-boost|p2a: Power Ranger|atk|2
|move|p1a: not chansey :(|Discharge|p2a: Power Ranger
|-damage|p2a: Power Ranger|69/100
|-status|p2a: Power Ranger|par
|
|upkeep
|turn|23
|
|t:|1599090183
|move|p1a: not chansey :(|Recover|p1a: not chansey :(
|-heal|p1a: not chansey :(|89/100
|move|p2a: Power Ranger|Knock Off|p1a: not chansey :(
|-damage|p1a: not chansey :(|13/100
|-ability|p1a: not chansey :(|Weak Armor|boost
|-unboost|p1a: not chansey :(|def|1
|-boost|p1a: not chansey :(|spe|2
|-enditem|p1a: not chansey :(|Eviolite|[from] move: Knock Off|[of] p2a: Power Ranger
|
|upkeep
|turn|24
|
|t:|1599090191
|move|p1a: not chansey :(|Recover|p1a: not chansey :(
|-heal|p1a: not chansey :(|63/100
|cant|p2a: Power Ranger|par
|
|upkeep
|turn|25
|
|t:|1599090195
|move|p1a: not chansey :(|Discharge|p2a: Power Ranger
|-damage|p2a: Power Ranger|39/100 par
|move|p2a: Power Ranger|Iron Head|p1a: not chansey :(
|-damage|p1a: not chansey :(|0 fnt
|faint|p1a: not chansey :(
|
|upkeep
|
|t:|1599090203
|switch|p1a: Weezing|Weezing-Galar, M|100/100
|-damage|p1a: Weezing|88/100|[from] Stealth Rock
|turn|26
|
|t:|1599090207
|move|p1a: Weezing|Defog|p2a: Power Ranger
|-unboost|p2a: Power Ranger|evasion|1
|-ability|p2a: Power Ranger|Defiant
|-boost|p2a: Power Ranger|atk|2
|-sideend|p1: hogg|Spikes|[from] move: Defog|[of] p1a: Weezing
|-sideend|p1: hogg|Stealth Rock|[from] move: Defog|[of] p1a: Weezing
|cant|p2a: Power Ranger|par
|
|-heal|p1a: Weezing|94/100|[from] item: Black Sludge
|upkeep
|turn|27
|
|t:|1599090213
|cant|p2a: Power Ranger|par
|move|p1a: Weezing|Fire Blast|p2a: Power Ranger
|-supereffective|p2a: Power Ranger
|-damage|p2a: Power Ranger|0 fnt
|faint|p2a: Power Ranger
|
|-heal|p1a: Weezing|100/100|[from] item: Black Sludge
|upkeep
|c|☆ok now i see ya|hahhaha
|inactive|ok now i see ya has 120 seconds left.
|inactive|ok now i see ya has 90 seconds left.
|
|t:|1599090288
|switch|p2a: Fears|Mimikyu, M|100/100
|turn|28
|
|t:|1599090291
|switch|p1a: Marowak|Marowak-Alola, F|100/100
|move|p2a: Fears|Swords Dance|p2a: Fears
|-boost|p2a: Fears|atk|2
|
|upkeep
|turn|29
|
|t:|1599090295
|move|p2a: Fears|Shadow Claw|p1a: Marowak
|-supereffective|p1a: Marowak
|-damage|p1a: Marowak|0 fnt
|-damage|p2a: Fears|91/100|[from] item: Life Orb
|faint|p1a: Marowak
|
|upkeep
|
|t:|1599090298
|switch|p1a: Slowbro|Slowbro, F|100/100
|turn|30
|inactive|ok now i see ya has 90 seconds left.
|
|t:|1599090350
|move|p2a: Fears|Shadow Claw|p1a: Slowbro
|-supereffective|p1a: Slowbro
|-damage|p1a: Slowbro|21/100
|-damage|p2a: Fears|81/100|[from] item: Life Orb
|move|p1a: Slowbro|Scald|p2a: Fears
|-activate|p2a: Fears|ability: Disguise
|-damage|p2a: Fears|81/100
|detailschange|p2a: Fears|Mimikyu-Busted, M
|-damage|p2a: Fears|68/100|[from] pokemon: Mimikyu-Busted
|
|upkeep
|turn|31
|inactive|hogg has 120 seconds left.
|
|t:|1599090383
|move|p2a: Fears|Shadow Claw|p1a: Slowbro
|-supereffective|p1a: Slowbro
|-damage|p1a: Slowbro|0 fnt
|-damage|p2a: Fears|58/100|[from] item: Life Orb
|faint|p1a: Slowbro
|
|upkeep
|inactive|hogg has 120 seconds left.
|
|t:|1599090389
|switch|p1a: Weezing|Weezing-Galar, M|100/100
|turn|32
|
|t:|1599090392
|move|p2a: Fears|Shadow Claw|p1a: Weezing
|-damage|p1a: Weezing|32/100
|-damage|p2a: Fears|48/100|[from] item: Life Orb
|move|p1a: Weezing|Strange Steam|p2a: Fears
|-damage|p2a: Fears|0 fnt
|faint|p2a: Fears
|
|-heal|p1a: Weezing|38/100|[from] item: Black Sludge
|upkeep
|inactive|ok now i see ya has 90 seconds left.
|
|t:|1599090418
|switch|p2a: Jaws|Sharpedo, M|57/100
|turn|33
|
|t:|1599090439
|move|p2a: Jaws|Ice Beam|p1a: Weezing
|-damage|p1a: Weezing|0 fnt
|-damage|p2a: Jaws|47/100|[from] item: Life Orb
|faint|p1a: Weezing
|
|win|ok now i see ya
|c|☆ok now i see ya|gg!
|l|☆hogg
|raw|hogg's rating: 1442 &rarr; <strong>1412</strong><br />(-30 for losing)
|raw|ok now i see ya's rating: 1257 &rarr; <strong>1294</strong><br />(+37 for winning)
