|j|☆TALES OF KAM
|j|☆Milonna
|t:|1666215420
|gametype|singles
|player|p1|TALES OF KAM|palmer|
|player|p2|Milonna|pokemonbreederf-gen4|
|teamsize|p1|6
|teamsize|p2|6
|gen|8
|tier|[Gen 8] UU
|rated|Tournament battle
|rule|Sleep Clause Mod: Limit one foe put to sleep
|rule|Species Clause: Limit one of each Pokémon
|rule|OHKO Clause: OHKO moves are banned
|rule|Evasion Items Clause: Evasion items are banned
|rule|Evasion Moves Clause: Evasion moves are banned
|rule|Endless Battle Clause: Forcing endless battles is banned
|rule|HP Percentage Mod: HP is shown in percentages
|rule|Dynamax Clause: You cannot dynamax
|clearpoke
|poke|p1|Zygarde-10%|
|poke|p1|Azelf|
|poke|p1|Zarude|
|poke|p1|Thundurus-Therian, M|
|poke|p1|Azumarill, M|
|poke|p1|Celesteela|
|poke|p2|Starmie|
|poke|p2|Zarude|
|poke|p2|Mamoswine, M|
|poke|p2|Chansey, F|
|poke|p2|Skarmory, F|
|poke|p2|Crobat, M|
|teampreview
|inactive|Battle timer is ON: inactive players will automatically lose when time's up. (requested by TALES OF KAM)
|inactive|Milonna also wants the timer to be on.
|j| Appleking123
|
|t:|1666215433
|start
|switch|p1a: Prepuce|Azelf|100/100
|switch|p2a: Crobat|Crobat, M|100/100
|turn|1
|
|t:|1666215442
|move|p2a: Crobat|Taunt|p1a: Prepuce
|-start|p1a: Prepuce|move: Taunt
|cant|p1a: Prepuce|move: Taunt|Stealth Rock
|
|upkeep
|turn|2
|
|t:|1666215450
|move|p2a: Crobat|Brave Bird|p1a: Prepuce
|-crit|p1a: Prepuce
|-enditem|p1a: Prepuce|Focus Sash
|-damage|p1a: Prepuce|1/100
|-damage|p2a: Crobat|71/100|[from] Recoil
|move|p1a: Prepuce|Knock Off|p2a: Crobat
|-damage|p2a: Crobat|39/100
|-enditem|p2a: Crobat|Heavy-Duty Boots|[from] move: Knock Off|[of] p1a: Prepuce
|
|upkeep
|turn|3
|
|t:|1666215457
|switch|p1a: Dyson|Celesteela|100/100
|move|p2a: Crobat|Roost|p2a: Crobat
|-heal|p2a: Crobat|89/100
|-singleturn|p2a: Crobat|move: Roost
|
|upkeep
|turn|4
|j|+Goro Yagami
|
|t:|1666215469
|move|p2a: Crobat|U-turn|p1a: Dyson
|-resisted|p1a: Dyson
|-damage|p1a: Dyson|96/100
|
|t:|1666215471
|switch|p2a: Chansey|Chansey, F|100/100|[from]move: U-turn
|move|p1a: Dyson|Autotomize|p1a: Dyson
|-boost|p1a: Dyson|spe|2
|-start|p1a: Dyson|Autotomize
|
|upkeep
|turn|5
|
|t:|1666215478
|switch|p1a: Lapin cretin|Azumarill, M|100/100
|move|p2a: Chansey|Stealth Rock|p1a: Lapin cretin
|-sidestart|p1: TALES OF KAM|move: Stealth Rock
|
|upkeep
|turn|6
|l|+Goro Yagami
|l| Appleking123
|
|t:|1666215503
|switch|p2a: Zarude|Zarude|100/100
|move|p1a: Lapin cretin|Belly Drum|p1a: Lapin cretin
|-damage|p1a: Lapin cretin|50/100
|-setboost|p1a: Lapin cretin|atk|6|[from] move: Belly Drum
|-enditem|p1a: Lapin cretin|Sitrus Berry|[eat]
|-heal|p1a: Lapin cretin|75/100|[from] item: Sitrus Berry
|
|upkeep
|turn|7
|
|t:|1666215509
|move|p1a: Lapin cretin|Aqua Jet|p2a: Zarude
|-resisted|p2a: Zarude
|-damage|p2a: Zarude|54/100
|move|p2a: Zarude|Power Whip|p1a: Lapin cretin
|-supereffective|p1a: Lapin cretin
|-damage|p1a: Lapin cretin|0 fnt
|faint|p1a: Lapin cretin
|
|upkeep
|
|t:|1666215522
|switch|p1a: Dyson|Celesteela|96/100
|-damage|p1a: Dyson|83/100|[from] Stealth Rock
|turn|8
|
|t:|1666215526
|move|p2a: Zarude|U-turn|p1a: Dyson
|-resisted|p1a: Dyson
|-damage|p1a: Dyson|78/100
|
|t:|1666215528
|switch|p2a: Chansey|Chansey, F|100/100|[from]move: U-turn
|move|p1a: Dyson|Air Slash|p2a: Chansey
|-damage|p2a: Chansey|89/100
|
|upkeep
|turn|9
|
|t:|1666215534
|switch|p1a: Sandstorm|Zarude|100/100
|-damage|p1a: Sandstorm|88/100|[from] Stealth Rock
|move|p2a: Chansey|Seismic Toss|p1a: Sandstorm
|-damage|p1a: Sandstorm|60/100
|
|upkeep
|turn|10
|
|t:|1666215544
|switch|p2a: Skarmory|Skarmory, F|100/100
|move|p1a: Sandstorm|Close Combat|p2a: Skarmory
|-damage|p2a: Skarmory|77/100
|-unboost|p1a: Sandstorm|def|1
|-unboost|p1a: Sandstorm|spd|1
|-damage|p1a: Sandstorm|43/100|[from] item: Rocky Helmet|[of] p2a: Skarmory
|
|upkeep
|turn|11
|
|t:|1666215552
|switch|p1a: Prepuce|Azelf|1/100
|-damage|p1a: Prepuce|0 fnt|[from] Stealth Rock
|faint|p1a: Prepuce
|move|p2a: Skarmory|Spikes|p1: Prepuce
|-sidestart|p1: TALES OF KAM|Spikes
|
|upkeep
|
|t:|1666215557
|switch|p1a: Doin' dog work|Zygarde-10%|100/100
|-damage|p1a: Doin' dog work|94/100|[from] Stealth Rock
|-damage|p1a: Doin' dog work|82/100|[from] Spikes
|-ability|p1a: Doin' dog work|Aura Break
|turn|12
|j| Appleking123
|
|t:|1666215563
|move|p1a: Doin' dog work|Thousand Arrows|p2a: Skarmory
|-damage|p2a: Skarmory|44/100
|-start|p2a: Skarmory|Smack Down
|move|p2a: Skarmory|Roost|p2a: Skarmory
|-heal|p2a: Skarmory|94/100
|-singleturn|p2a: Skarmory|move: Roost
|
|upkeep
|turn|13
|
|t:|1666215570
|switch|p2a: Chansey|Chansey, F|89/100
|move|p1a: Doin' dog work|Thousand Arrows|p2a: Chansey
|-damage|p2a: Chansey|52/100
|
|upkeep
|turn|14
|
|t:|1666215575
|move|p1a: Doin' dog work|Thousand Arrows|p2a: Chansey
|-damage|p2a: Chansey|14/100
|move|p2a: Chansey|Soft-Boiled|p2a: Chansey
|-heal|p2a: Chansey|64/100
|
|upkeep
|turn|15
|
|t:|1666215586
|switch|p1a: Sandstorm|Zarude|43/100
|-damage|p1a: Sandstorm|31/100|[from] Stealth Rock
|-damage|p1a: Sandstorm|19/100|[from] Spikes
|move|p2a: Chansey|Soft-Boiled|p2a: Chansey
|-heal|p2a: Chansey|100/100
|
|upkeep
|turn|16
|j| Xhkz
|l| Xhkz
|
|t:|1666215612
|switch|p2a: Skarmory|Skarmory, F|94/100
|move|p1a: Sandstorm|Close Combat|p2a: Skarmory
|-damage|p2a: Skarmory|71/100
|-unboost|p1a: Sandstorm|def|1
|-unboost|p1a: Sandstorm|spd|1
|-damage|p1a: Sandstorm|2/100|[from] item: Rocky Helmet|[of] p2a: Skarmory
|
|upkeep
|turn|17
|
|t:|1666215620
|move|p1a: Sandstorm|Close Combat|p2a: Skarmory
|-damage|p2a: Skarmory|45/100
|-unboost|p1a: Sandstorm|def|1
|-unboost|p1a: Sandstorm|spd|1
|-damage|p1a: Sandstorm|0 fnt|[from] item: Rocky Helmet|[of] p2a: Skarmory
|faint|p1a: Sandstorm
|move|p2a: Skarmory|Spikes|p1: Sandstorm
|-sidestart|p1: TALES OF KAM|Spikes
|
|upkeep
|
|t:|1666215624
|switch|p1a: T pose|Thundurus-Therian, M|100/100
|turn|18
|
|t:|1666215632
|move|p1a: T pose|Psychic|p2a: Skarmory
|-resisted|p2a: Skarmory
|-damage|p2a: Skarmory|21/100
|move|p2a: Skarmory|Body Press|p1a: T pose
|-resisted|p1a: T pose
|-crit|p1a: T pose
|-damage|p1a: T pose|64/100
|
|upkeep
|turn|19
|
|t:|1666215639
|move|p1a: T pose|Psychic|p2a: Skarmory
|-resisted|p2a: Skarmory
|-damage|p2a: Skarmory|0 fnt
|faint|p2a: Skarmory
|
|upkeep
|
|t:|1666215641
|switch|p2a: Mamoswine|Mamoswine, M|100/100
|turn|20
|
|t:|1666215650
|move|p2a: Mamoswine|Ice Shard|p1a: T pose
|-supereffective|p1a: T pose
|-damage|p1a: T pose|0 fnt
|faint|p1a: T pose
|
|upkeep
|
|t:|1666215653
|switch|p1a: Dyson|Celesteela|78/100
|-damage|p1a: Dyson|66/100|[from] Stealth Rock
|turn|21
|
|t:|1666215657
|move|p2a: Mamoswine|Icicle Crash|p1a: Dyson
|-damage|p1a: Dyson|12/100
|cant|p1a: Dyson|flinch
|
|upkeep
|turn|22
|
|t:|1666215662
|move|p2a: Mamoswine|Knock Off|p1a: Dyson
|-damage|p1a: Dyson|0 fnt
|-enditem|p1a: Dyson|Power Herb|[from] move: Knock Off|[of] p2a: Mamoswine
|faint|p1a: Dyson
|
|upkeep
|
|t:|1666215664
|switch|p1a: Doin' dog work|Zygarde-10%|82/100
|-damage|p1a: Doin' dog work|76/100|[from] Stealth Rock
|-damage|p1a: Doin' dog work|60/100|[from] Spikes
|-ability|p1a: Doin' dog work|Aura Break
|turn|23
|
|t:|1666215667
|move|p2a: Mamoswine|Ice Shard|p1a: Doin' dog work
|-supereffective|p1a: Doin' dog work
|-damage|p1a: Doin' dog work|0 fnt
|faint|p1a: Doin' dog work
|
|win|Milonna
|n|☆TALES OF KAM|talesofkam
|n|☆Milonna|milonna
|n| Appleking123|appleking123
