|j|☆Low Ladder Terror
|j|☆stony man bob
|t:|1605075701
|player|p1|Low Ladder Terror|iris-gen5bw2|1639
|player|p2|stony man bob|gambler|1529
|teamsize|p1|6
|teamsize|p2|6
|gametype|singles
|gen|8
|tier|[Gen 8] UU
|rated|
|clearpoke
|poke|p1|Raikou|
|poke|p1|Tapu Bulu|
|poke|p1|Gardevoir, F|
|poke|p1|Volcanion|
|poke|p1|Krookodile, M|
|poke|p1|Scizor, F|
|poke|p2|Politoed, M|
|poke|p2|Kingdra, M|
|poke|p2|Seismitoad, M|
|poke|p2|Hydreigon, M|
|poke|p2|Barraskewda, F|
|poke|p2|Thundurus-Therian, M|
|rule|Sleep Clause Mod: Limit one foe put to sleep
|rule|Species Clause: Limit one of each Pokémon
|rule|OHKO Clause: OHKO moves are banned
|rule|Evasion Moves Clause: Evasion moves are banned
|rule|Endless Battle Clause: Forcing endless battles is banned
|rule|HP Percentage Mod: HP is shown in percentages
|rule|Dynamax Clause: You cannot dynamax
|teampreview
|inactive|Battle timer is ON: inactive players will automatically lose when time's up. (requested by Low Ladder Terror)
|inactive|stony man bob has 120 seconds left.
|
|t:|1605075735
|start
|switch|p1a: Tapu Bulu|Tapu Bulu, shiny|100/100
|switch|p2a: Politoed|Politoed, M|100/100
|-fieldstart|move: Grassy Terrain|[from] ability: Grassy Surge|[of] p1a: Tapu Bulu
|-weather|RainDance|[from] ability: Drizzle|[of] p2a: Politoed
|turn|1
|
|t:|1605075741
|switch|p2a: Hydreigon|Hydreigon, M|100/100
|move|p1a: Tapu Bulu|Horn Leech|p2a: Hydreigon
|-resisted|p2a: Hydreigon
|-damage|p2a: Hydreigon|68/100
|
|-weather|RainDance|[upkeep]
|-heal|p2a: Hydreigon|75/100|[from] item: Leftovers
|upkeep
|turn|2
|
|t:|1605075752
|switch|p1a: Raikou|Raikou, shiny|100/100
|-ability|p1a: Raikou|Pressure
|move|p2a: Hydreigon|Nasty Plot|p2a: Hydreigon
|-boost|p2a: Hydreigon|spa|2
|
|-weather|RainDance|[upkeep]
|-heal|p2a: Hydreigon|81/100|[from] item: Leftovers
|upkeep
|turn|3
|
|t:|1605075767
|switch|p2a: Seismitoad|Seismitoad, M|100/100
|move|p1a: Raikou|Calm Mind|p1a: Raikou
|-boost|p1a: Raikou|spa|1
|-boost|p1a: Raikou|spd|1
|
|-weather|RainDance|[upkeep]
|upkeep
|turn|4
|
|t:|1605075772
|move|p2a: Seismitoad|Stealth Rock|p1a: Raikou
|-sidestart|p1: Low Ladder Terror|move: Stealth Rock
|move|p1a: Raikou|Scald|p2a: Seismitoad
|-damage|p2a: Seismitoad|34/100
|
|-weather|RainDance|[upkeep]
|-heal|p2a: Seismitoad|40/100|[from] Grassy Terrain
|upkeep
|turn|5
|
|t:|1605075781
|move|p2a: Seismitoad|Earthquake|p1a: Raikou
|-supereffective|p1a: Raikou
|-damage|p1a: Raikou|14/100
|-damage|p2a: Seismitoad|30/100|[from] item: Life Orb
|move|p1a: Raikou|Scald|p2a: Seismitoad
|-damage|p2a: Seismitoad|0 fnt
|faint|p2a: Seismitoad
|
|-weather|RainDance|[upkeep]
|-heal|p1a: Raikou|21/100|[from] item: Leftovers
|-heal|p1a: Raikou|27/100|[from] Grassy Terrain
|-fieldend|move: Grassy Terrain
|upkeep
|
|t:|1605075789
|switch|p2a: Barraskewda|Barraskewda, F|100/100
|turn|6
|
|t:|1605075811
|switch|p1a: Krookodile|Krookodile, M|100/100
|-damage|p1a: Krookodile|94/100|[from] Stealth Rock
|-ability|p1a: Krookodile|Intimidate|boost
|-unboost|p2a: Barraskewda|atk|1
|move|p2a: Barraskewda|Close Combat|p1a: Krookodile
|-supereffective|p1a: Krookodile
|-damage|p1a: Krookodile|0 fnt
|-unboost|p2a: Barraskewda|def|1
|-unboost|p2a: Barraskewda|spd|1
|-damage|p2a: Barraskewda|84/100|[from] item: Rocky Helmet|[of] p1a: Krookodile
|faint|p1a: Krookodile
|
|-weather|RainDance|[upkeep]
|upkeep
|
|t:|1605075825
|switch|p1a: Tapu Bulu|Tapu Bulu, shiny|100/100
|-damage|p1a: Tapu Bulu|88/100|[from] Stealth Rock
|-fieldstart|move: Grassy Terrain|[from] ability: Grassy Surge|[of] p1a: Tapu Bulu
|turn|7
|
|t:|1605075835
|switch|p2a: Thundurus|Thundurus-Therian, M|100/100
|move|p1a: Tapu Bulu|Close Combat|p2a: Thundurus
|-resisted|p2a: Thundurus
|-damage|p2a: Thundurus|68/100
|-unboost|p1a: Tapu Bulu|def|1
|-unboost|p1a: Tapu Bulu|spd|1
|
|-weather|RainDance|[upkeep]
|-heal|p1a: Tapu Bulu|94/100|[from] item: Leftovers
|-heal|p1a: Tapu Bulu|100/100|[from] Grassy Terrain
|upkeep
|turn|8
|
|t:|1605075849
|switch|p2a: Barraskewda|Barraskewda, F|84/100
|switch|p1a: Raikou|Raikou, shiny|27/100
|-damage|p1a: Raikou|14/100|[from] Stealth Rock
|-ability|p1a: Raikou|Pressure
|
|-weather|none
|-heal|p2a: Barraskewda|90/100|[from] Grassy Terrain
|-heal|p1a: Raikou|20/100|[from] item: Leftovers
|-heal|p1a: Raikou|26/100|[from] Grassy Terrain
|upkeep
|turn|9
|
|t:|1605075857
|move|p2a: Barraskewda|Flip Turn|p1a: Raikou
|-damage|p1a: Raikou|0 fnt
|faint|p1a: Raikou
|
|t:|1605075860
|switch|p2a: Politoed|Politoed, M|100/100|[from]move: Flip Turn
|-weather|RainDance|[from] ability: Drizzle|[of] p2a: Politoed
|
|-weather|RainDance|[upkeep]
|upkeep
|
|t:|1605075866
|switch|p1a: Tapu Bulu|Tapu Bulu, shiny|100/100
|-damage|p1a: Tapu Bulu|88/100|[from] Stealth Rock
|turn|10
|
|t:|1605075872
|switch|p2a: Thundurus|Thundurus-Therian, M|68/100
|move|p1a: Tapu Bulu|Swords Dance|p1a: Tapu Bulu
|-boost|p1a: Tapu Bulu|atk|2
|
|-weather|RainDance|[upkeep]
|-heal|p1a: Tapu Bulu|94/100|[from] item: Leftovers
|-heal|p1a: Tapu Bulu|100/100|[from] Grassy Terrain
|upkeep
|turn|11
|
|t:|1605075877
|move|p2a: Thundurus|Thunder|p1a: Tapu Bulu
|-resisted|p1a: Tapu Bulu
|-damage|p1a: Tapu Bulu|60/100
|-status|p1a: Tapu Bulu|par
|move|p1a: Tapu Bulu|Horn Leech|p2a: Thundurus
|-resisted|p2a: Thundurus
|-damage|p2a: Thundurus|0 fnt
|-heal|p1a: Tapu Bulu|95/100 par|[from] drain|[of] p2a: Thundurus
|faint|p2a: Thundurus
|
|-weather|RainDance|[upkeep]
|-heal|p1a: Tapu Bulu|100/100 par|[from] item: Leftovers
|-fieldend|move: Grassy Terrain
|upkeep
|
|t:|1605075888
|switch|p2a: Hydreigon|Hydreigon, M|81/100
|turn|12
|
|t:|1605075900
|switch|p1a: Scizor|Scizor, F|100/100
|-damage|p1a: Scizor|88/100|[from] Stealth Rock
|move|p2a: Hydreigon|Substitute|p2a: Hydreigon
|-start|p2a: Hydreigon|Substitute
|-damage|p2a: Hydreigon|56/100
|
|-weather|RainDance|[upkeep]
|-heal|p2a: Hydreigon|62/100|[from] item: Leftovers
|upkeep
|turn|13
|
|t:|1605075909
|move|p2a: Hydreigon|Dark Pulse|p1a: Scizor
|-damage|p1a: Scizor|38/100
|move|p1a: Scizor|U-turn|p2a: Hydreigon
|-supereffective|p2a: Hydreigon
|-end|p2a: Hydreigon|Substitute
|
|t:|1605075913
|switch|p1a: Gardevoir|Gardevoir, F|100/100|[from]move: U-turn
|-damage|p1a: Gardevoir|88/100|[from] Stealth Rock
|-ability|p1a: Gardevoir|Levitate|[from] ability: Trace|[of] p2a: Hydreigon
|
|-weather|RainDance|[upkeep]
|-heal|p2a: Hydreigon|68/100|[from] item: Leftovers
|upkeep
|turn|14
|
|t:|1605075919
|switch|p2a: Politoed|Politoed, M|100/100
|move|p1a: Gardevoir|Moonblast|p2a: Politoed
|-damage|p2a: Politoed|68/100
|
|-weather|RainDance|[upkeep]
|upkeep
|turn|15
|
|t:|1605075923
|switch|p1a: Tapu Bulu|Tapu Bulu, shiny|100/100 par
|-damage|p1a: Tapu Bulu|88/100 par|[from] Stealth Rock
|-fieldstart|move: Grassy Terrain|[from] ability: Grassy Surge|[of] p1a: Tapu Bulu
|move|p2a: Politoed|Hypnosis||[still]
|-fail|p2a: Politoed
|
|-weather|RainDance|[upkeep]
|-heal|p2a: Politoed|74/100|[from] Grassy Terrain
|-heal|p1a: Tapu Bulu|94/100 par|[from] item: Leftovers
|-heal|p1a: Tapu Bulu|100/100 par|[from] Grassy Terrain
|upkeep
|turn|16
|
|t:|1605075931
|switch|p2a: Kingdra|Kingdra, M|100/100
|cant|p1a: Tapu Bulu|par
|
|-weather|none
|upkeep
|turn|17
|j| Kommo-OP
|
|t:|1605075939
|move|p2a: Kingdra|Ice Beam|p1a: Tapu Bulu
|-supereffective|p1a: Tapu Bulu
|-damage|p1a: Tapu Bulu|7/100 par
|move|p1a: Tapu Bulu|Horn Leech|p2a: Kingdra
|-damage|p2a: Kingdra|33/100
|-heal|p1a: Tapu Bulu|41/100 par|[from] drain|[of] p2a: Kingdra
|
|-heal|p2a: Kingdra|39/100|[from] Grassy Terrain
|-heal|p1a: Tapu Bulu|47/100 par|[from] item: Leftovers
|-heal|p1a: Tapu Bulu|54/100 par|[from] Grassy Terrain
|upkeep
|turn|18
|
|t:|1605075951
|switch|p2a: Politoed|Politoed, M|74/100
|-weather|RainDance|[from] ability: Drizzle|[of] p2a: Politoed
|switch|p1a: Volcanion|Volcanion|100/100
|
|-weather|RainDance|[upkeep]
|-heal|p2a: Politoed|80/100|[from] Grassy Terrain
|upkeep
|turn|19
|
|t:|1605075962
|switch|p1a: Scizor|Scizor, F|38/100
|-damage|p1a: Scizor|26/100|[from] Stealth Rock
|switch|p2a: Kingdra|Kingdra, M|39/100
|
|-weather|RainDance|[upkeep]
|-heal|p2a: Kingdra|45/100|[from] Grassy Terrain
|-heal|p1a: Scizor|32/100|[from] Grassy Terrain
|-fieldend|move: Grassy Terrain
|upkeep
|turn|20
|
|t:|1605075978
|move|p1a: Scizor|Bullet Punch|p2a: Kingdra
|-resisted|p2a: Kingdra
|-damage|p2a: Kingdra|20/100
|move|p2a: Kingdra|Hurricane|p1a: Scizor
|-damage|p1a: Scizor|0 fnt
|faint|p1a: Scizor
|
|-weather|RainDance|[upkeep]
|upkeep
|
|t:|1605075982
|switch|p1a: Gardevoir|Gardevoir, F|88/100
|-damage|p1a: Gardevoir|76/100|[from] Stealth Rock
|-ability|p1a: Gardevoir|Swift Swim|[from] ability: Trace|[of] p2a: Kingdra
|turn|21
|
|t:|1605075995
|switch|p2a: Politoed|Politoed, M|80/100
|move|p1a: Gardevoir|Moonblast|p2a: Politoed
|-damage|p2a: Politoed|48/100
|
|-weather|RainDance|[upkeep]
|upkeep
|turn|22
|
|t:|1605076003
|switch|p1a: Tapu Bulu|Tapu Bulu, shiny|54/100 par
|-damage|p1a: Tapu Bulu|41/100 par|[from] Stealth Rock
|-fieldstart|move: Grassy Terrain|[from] ability: Grassy Surge|[of] p1a: Tapu Bulu
|move|p2a: Politoed|Toxic||[still]
|-fail|p2a: Politoed
|
|-weather|RainDance|[upkeep]
|-heal|p2a: Politoed|54/100|[from] Grassy Terrain
|-heal|p1a: Tapu Bulu|47/100 par|[from] item: Leftovers
|-heal|p1a: Tapu Bulu|54/100 par|[from] Grassy Terrain
|upkeep
|turn|23
|inactive|stony man bob has 120 seconds left.
|
|t:|1605076045
|switch|p2a: Kingdra|Kingdra, M|20/100
|move|p1a: Tapu Bulu|Close Combat|p2a: Kingdra
|-damage|p2a: Kingdra|0 fnt
|-unboost|p1a: Tapu Bulu|def|1
|-unboost|p1a: Tapu Bulu|spd|1
|faint|p2a: Kingdra
|
|-weather|RainDance|[upkeep]
|-heal|p1a: Tapu Bulu|60/100 par|[from] item: Leftovers
|-heal|p1a: Tapu Bulu|66/100 par|[from] Grassy Terrain
|upkeep
|
|t:|1605076048
|switch|p2a: Hydreigon|Hydreigon, M|68/100
|turn|24
|inactive|stony man bob has 120 seconds left.
|
|t:|1605076069
|move|p2a: Hydreigon|Substitute|p2a: Hydreigon
|-start|p2a: Hydreigon|Substitute
|-damage|p2a: Hydreigon|43/100
|move|p1a: Tapu Bulu|Horn Leech|p2a: Hydreigon
|-resisted|p2a: Hydreigon
|-end|p2a: Hydreigon|Substitute
|-heal|p1a: Tapu Bulu|80/100 par|[from] drain|[of] p2a: Hydreigon
|
|-weather|RainDance|[upkeep]
|-heal|p2a: Hydreigon|49/100|[from] item: Leftovers
|-heal|p1a: Tapu Bulu|86/100 par|[from] item: Leftovers
|-heal|p1a: Tapu Bulu|93/100 par|[from] Grassy Terrain
|upkeep
|turn|25
|
|t:|1605076078
|move|p2a: Hydreigon|Substitute|p2a: Hydreigon
|-start|p2a: Hydreigon|Substitute
|-damage|p2a: Hydreigon|24/100
|move|p1a: Tapu Bulu|Close Combat|p2a: Hydreigon
|-supereffective|p2a: Hydreigon
|-end|p2a: Hydreigon|Substitute
|-unboost|p1a: Tapu Bulu|def|1
|-unboost|p1a: Tapu Bulu|spd|1
|
|-weather|none
|-heal|p2a: Hydreigon|31/100|[from] item: Leftovers
|-heal|p1a: Tapu Bulu|99/100 par|[from] item: Leftovers
|-heal|p1a: Tapu Bulu|100/100 par|[from] Grassy Terrain
|upkeep
|turn|26
|
|t:|1605076083
|move|p2a: Hydreigon|Substitute|p2a: Hydreigon
|-start|p2a: Hydreigon|Substitute
|-damage|p2a: Hydreigon|6/100
|move|p1a: Tapu Bulu|Close Combat|p2a: Hydreigon
|-supereffective|p2a: Hydreigon
|-end|p2a: Hydreigon|Substitute
|-unboost|p1a: Tapu Bulu|def|1
|-unboost|p1a: Tapu Bulu|spd|1
|
|-heal|p2a: Hydreigon|12/100|[from] item: Leftovers
|-fieldend|move: Grassy Terrain
|upkeep
|turn|27
|
|t:|1605076090
|move|p2a: Hydreigon|Flash Cannon|p1a: Tapu Bulu
|-supereffective|p1a: Tapu Bulu
|-damage|p1a: Tapu Bulu|0 fnt
|faint|p1a: Tapu Bulu
|
|-heal|p2a: Hydreigon|18/100|[from] item: Leftovers
|upkeep
|
|t:|1605076092
|switch|p1a: Gardevoir|Gardevoir, F|76/100
|-damage|p1a: Gardevoir|64/100|[from] Stealth Rock
|-ability|p1a: Gardevoir|Levitate|[from] ability: Trace|[of] p2a: Hydreigon
|turn|28
|
|t:|1605076096
|switch|p2a: Politoed|Politoed, M|54/100
|-weather|RainDance|[from] ability: Drizzle|[of] p2a: Politoed
|move|p1a: Gardevoir|Moonblast|p2a: Politoed
|-damage|p2a: Politoed|23/100
|
|-weather|RainDance|[upkeep]
|upkeep
|turn|29
|
|t:|1605076100
|move|p1a: Gardevoir|Moonblast|p2a: Politoed
|-damage|p2a: Politoed|0 fnt
|faint|p2a: Politoed
|
|-weather|RainDance|[upkeep]
|upkeep
|
|t:|1605076103
|switch|p2a: Barraskewda|Barraskewda, F|90/100
|turn|30
|
|t:|1605076107
|switch|p1a: Volcanion|Volcanion|100/100
|move|p2a: Barraskewda|Crunch|p1a: Volcanion
|-damage|p1a: Volcanion|64/100
|
|-weather|RainDance|[upkeep]
|upkeep
|turn|31
|
|t:|1605076111
|move|p2a: Barraskewda|Crunch|p1a: Volcanion
|-crit|p1a: Volcanion
|-damage|p1a: Volcanion|4/100
|-unboost|p1a: Volcanion|def|1
|move|p1a: Volcanion|Steam Eruption|p2a: Barraskewda
|-resisted|p2a: Barraskewda
|-damage|p2a: Barraskewda|0 fnt
|faint|p2a: Barraskewda
|
|-weather|RainDance|[upkeep]
|upkeep
|
|t:|1605076115
|switch|p2a: Hydreigon|Hydreigon, M|18/100
|turn|32
|
|t:|1605076121
|move|p2a: Hydreigon|Dark Pulse|p1a: Volcanion
|-damage|p1a: Volcanion|0 fnt
|faint|p1a: Volcanion
|
|-weather|RainDance|[upkeep]
|-heal|p2a: Hydreigon|24/100|[from] item: Leftovers
|upkeep
|
|t:|1605076123
|switch|p1a: Gardevoir|Gardevoir, F|64/100
|-damage|p1a: Gardevoir|51/100|[from] Stealth Rock
|-ability|p1a: Gardevoir|Levitate|[from] ability: Trace|[of] p2a: Hydreigon
|turn|33
|
|t:|1605076128
|move|p1a: Gardevoir|Moonblast|p2a: Hydreigon
|-supereffective|p2a: Hydreigon
|-damage|p2a: Hydreigon|0 fnt
|faint|p2a: Hydreigon
|
|win|Low Ladder Terror
|l|☆Low Ladder Terror
|raw|Low Ladder Terror's rating: 1639 &rarr; <strong>1653</strong><br />(+14 for winning)
|raw|stony man bob's rating: 1529 &rarr; <strong>1515</strong><br />(-14 for losing)
|l|☆stony man bob
