|html|<div class="broadcast-blue"><strong>[Gen 8] UU is currently suspecting Scizor! For information on how to participate check out the <a href="https://www.smogon.com/forums/threads/ss-uu-stage-12-2-spider-dance.3704866/">suspect thread</a>.</strong></div>
|j|☆DLLT snitchgeburt
|j|☆DLLT Wuchtbrumme
|t:|1658521978
|gametype|singles
|player|p1|DLLT snitchgeburt|saturn|1361
|player|p2|DLLT Wuchtbrumme|wallace|1341
|teamsize|p1|6
|teamsize|p2|6
|gen|8
|tier|[Gen 8] UU
|rated|
|rule|Sleep Clause Mod: Limit one foe put to sleep
|rule|Species Clause: Limit one of each Pokémon
|rule|OHKO Clause: OHKO moves are banned
|rule|Evasion Moves Clause: Evasion moves are banned
|rule|Endless Battle Clause: Forcing endless battles is banned
|rule|HP Percentage Mod: HP is shown in percentages
|rule|Dynamax Clause: You cannot dynamax
|clearpoke
|poke|p1|Conkeldurr, M|
|poke|p1|Salamence, F|
|poke|p1|Primarina, M|
|poke|p1|Tangrowth, F|
|poke|p1|Thundurus-Therian, M|
|poke|p1|Nihilego|
|poke|p2|Torkoal, F|
|poke|p2|Venusaur, F|
|poke|p2|Chansey, F|
|poke|p2|Mandibuzz, F|
|poke|p2|Lucario, F|
|poke|p2|Suicune|
|teampreview
|j| DLLT Tobi
|j| Dllt nick=cute
|
|t:|1658522005
|start
|switch|p1a: Amalia|Salamence, F, shiny|100/100
|switch|p2a: Torkoal|Torkoal, F|100/100
|-ability|p1a: Amalia|Intimidate|boost
|-unboost|p2a: Torkoal|atk|1
|-weather|SunnyDay|[from] ability: Drought|[of] p2a: Torkoal
|turn|1
|
|t:|1658522016
|switch|p2a: Suicune|Suicune|100/100
|-ability|p2a: Suicune|Pressure
|move|p1a: Amalia|Dragon Dance|p1a: Amalia
|-boost|p1a: Amalia|atk|1
|-boost|p1a: Amalia|spe|1
|
|-weather|SunnyDay|[upkeep]
|upkeep
|turn|2
|
|t:|1658522028
|move|p1a: Amalia|Dragon Dance|p1a: Amalia
|-boost|p1a: Amalia|atk|1
|-boost|p1a: Amalia|spe|1
|move|p2a: Suicune|Toxic|p1a: Amalia|[miss]
|-miss|p2a: Suicune|p1a: Amalia
|
|-weather|SunnyDay|[upkeep]
|upkeep
|turn|3
|
|t:|1658522041
|move|p1a: Amalia|Dragon Dance|p1a: Amalia
|-boost|p1a: Amalia|atk|1
|-boost|p1a: Amalia|spe|1
|move|p2a: Suicune|Toxic|p1a: Amalia
|-status|p1a: Amalia|tox
|
|-weather|SunnyDay|[upkeep]
|-damage|p1a: Amalia|94/100 tox|[from] psn
|upkeep
|turn|4
|
|t:|1658522051
|move|p2a: Suicune|Protect|p2a: Suicune
|-singleturn|p2a: Suicune|Protect
|move|p1a: Amalia|Dragon Claw|p2a: Suicune
|-activate|p2a: Suicune|move: Protect
|
|-weather|SunnyDay|[upkeep]
|-damage|p1a: Amalia|82/100 tox|[from] psn
|upkeep
|turn|5
|
|t:|1658522071
|move|p1a: Amalia|Dragon Claw|p2a: Suicune
|-damage|p2a: Suicune|46/100
|move|p2a: Suicune|Scald|p1a: Amalia
|-resisted|p1a: Amalia
|-crit|p1a: Amalia
|-damage|p1a: Amalia|71/100 tox
|
|-weather|SunnyDay|[upkeep]
|-heal|p2a: Suicune|52/100|[from] item: Leftovers
|-damage|p1a: Amalia|52/100 tox|[from] psn
|upkeep
|turn|6
|
|t:|1658522092
|move|p1a: Amalia|Dragon Dance|p1a: Amalia
|-boost|p1a: Amalia|atk|1
|-boost|p1a: Amalia|spe|1
|move|p2a: Suicune|Scald|p1a: Amalia
|-resisted|p1a: Amalia
|-damage|p1a: Amalia|45/100 tox
|
|-weather|SunnyDay|[upkeep]
|-heal|p2a: Suicune|58/100|[from] item: Leftovers
|-damage|p1a: Amalia|20/100 tox|[from] psn
|upkeep
|turn|7
|
|t:|1658522107
|switch|p1a: Stromschlag|Thundurus-Therian, M|100/100
|move|p2a: Suicune|Protect||[still]
|-fail|p2a: Suicune
|
|-weather|SunnyDay|[upkeep]
|-heal|p2a: Suicune|65/100|[from] item: Leftovers
|upkeep
|turn|8
|
|t:|1658522120
|move|p2a: Suicune|Protect|p2a: Suicune
|-singleturn|p2a: Suicune|Protect
|move|p1a: Stromschlag|Psychic|p2a: Suicune
|-activate|p2a: Suicune|move: Protect
|
|-weather|none
|-heal|p2a: Suicune|71/100|[from] item: Leftovers
|upkeep
|turn|9
|
|t:|1658522130
|switch|p2a: Chansey|Chansey, F, shiny|100/100
|move|p1a: Stromschlag|U-turn|p2a: Chansey
|-damage|p2a: Chansey|91/100
|
|t:|1658522136
|switch|p1a: R.I.P. Säule|Conkeldurr, M, shiny|100/100|[from]move: U-turn
|
|upkeep
|turn|10
|
|t:|1658522142
|switch|p2a: Mandibuzz|Mandibuzz, F|100/100
|move|p1a: R.I.P. Säule|Knock Off|p2a: Mandibuzz
|-resisted|p2a: Mandibuzz
|-damage|p2a: Mandibuzz|90/100
|-enditem|p2a: Mandibuzz|Heavy-Duty Boots|[from] move: Knock Off|[of] p1a: R.I.P. Säule
|
|upkeep
|turn|11
|
|t:|1658522156
|move|p2a: Mandibuzz|Foul Play|p1a: R.I.P. Säule
|-resisted|p1a: R.I.P. Säule
|-damage|p1a: R.I.P. Säule|76/100
|move|p1a: R.I.P. Säule|Ice Punch|p2a: Mandibuzz
|-supereffective|p2a: Mandibuzz
|-damage|p2a: Mandibuzz|58/100
|
|upkeep
|turn|12
|
|t:|1658522164
|move|p2a: Mandibuzz|Roost|p2a: Mandibuzz
|-heal|p2a: Mandibuzz|100/100
|-singleturn|p2a: Mandibuzz|move: Roost
|move|p1a: R.I.P. Säule|Close Combat|p2a: Mandibuzz
|-supereffective|p2a: Mandibuzz
|-damage|p2a: Mandibuzz|14/100
|-unboost|p1a: R.I.P. Säule|def|1
|-unboost|p1a: R.I.P. Säule|spd|1
|
|upkeep
|turn|13
|
|t:|1658522190
|move|p1a: R.I.P. Säule|Mach Punch|p2a: Mandibuzz
|-crit|p2a: Mandibuzz
|-damage|p2a: Mandibuzz|0 fnt
|faint|p2a: Mandibuzz
|
|upkeep
|
|t:|1658522202
|switch|p2a: Lucario|Lucario, F|100/100
|turn|14
|
|t:|1658522217
|switch|p1a: Amalia|Salamence, F, shiny|20/100 tox
|-ability|p1a: Amalia|Intimidate|boost
|-unboost|p2a: Lucario|atk|1
|move|p2a: Lucario|Meteor Mash|p1a: Amalia
|-damage|p1a: Amalia|0 fnt
|faint|p1a: Amalia
|-damage|p2a: Lucario|91/100|[from] item: Life Orb
|
|upkeep
|
|t:|1658522234
|switch|p1a: Stromschlag|Thundurus-Therian, M|100/100
|turn|15
|
|t:|1658522297
|move|p1a: Stromschlag|Focus Blast|p2a: Lucario
|-supereffective|p2a: Lucario
|-damage|p2a: Lucario|0 fnt
|faint|p2a: Lucario
|
|upkeep
|
|t:|1658522303
|switch|p2a: Torkoal|Torkoal, F|100/100
|-weather|SunnyDay|[from] ability: Drought|[of] p2a: Torkoal
|turn|16
|
|t:|1658522309
|switch|p1a: Quallengelee|Nihilego, shiny|100/100
|move|p2a: Torkoal|Stealth Rock|p1a: Quallengelee
|-sidestart|p1: DLLT snitchgeburt|move: Stealth Rock
|
|-weather|SunnyDay|[upkeep]
|upkeep
|turn|17
|
|t:|1658522321
|move|p1a: Quallengelee|Meteor Beam||[still]
|-prepare|p1a: Quallengelee|Meteor Beam
|-boost|p1a: Quallengelee|spa|1
|-enditem|p1a: Quallengelee|Power Herb
|-anim|p1a: Quallengelee|Meteor Beam|p2a: Torkoal
|-supereffective|p2a: Torkoal
|-damage|p2a: Torkoal|0 fnt
|faint|p2a: Torkoal
|-ability|p1a: Quallengelee|Beast Boost|boost
|-boost|p1a: Quallengelee|spe|1
|
|-weather|SunnyDay|[upkeep]
|upkeep
|
|t:|1658522332
|switch|p2a: Venusaur|Venusaur, F, shiny|100/100
|turn|18
|
|t:|1658522343
|move|p2a: Venusaur|Growth|p2a: Venusaur
|-boost|p2a: Venusaur|atk|2
|-boost|p2a: Venusaur|spa|2
|move|p1a: Quallengelee|Sludge Wave|p2a: Venusaur
|-damage|p2a: Venusaur|22/100
|
|-weather|SunnyDay|[upkeep]
|upkeep
|turn|19
|
|t:|1658522352
|move|p2a: Venusaur|Giga Drain|p1a: Quallengelee
|-damage|p1a: Quallengelee|40/100
|-heal|p2a: Venusaur|58/100|[from] drain|[of] p1a: Quallengelee
|-damage|p2a: Venusaur|48/100|[from] item: Life Orb
|move|p1a: Quallengelee|Sludge Wave|p2a: Venusaur
|-damage|p2a: Venusaur|0 fnt
|faint|p2a: Venusaur
|-ability|p1a: Quallengelee|Beast Boost|boost
|-boost|p1a: Quallengelee|spe|1
|
|-weather|SunnyDay|[upkeep]
|upkeep
|
|t:|1658522363
|switch|p2a: Suicune|Suicune|71/100
|-ability|p2a: Suicune|Pressure
|turn|20
|
|t:|1658522369
|move|p2a: Suicune|Protect|p2a: Suicune
|-singleturn|p2a: Suicune|Protect
|move|p1a: Quallengelee|Thunderbolt|p2a: Suicune
|-activate|p2a: Suicune|move: Protect
|
|-weather|SunnyDay|[upkeep]
|-heal|p2a: Suicune|77/100|[from] item: Leftovers
|upkeep
|turn|21
|
|t:|1658522377
|switch|p2a: Chansey|Chansey, F, shiny|91/100
|move|p1a: Quallengelee|Thunderbolt|p2a: Chansey
|-damage|p2a: Chansey|76/100
|
|-weather|SunnyDay|[upkeep]
|upkeep
|turn|22
|
|t:|1658522386
|move|p1a: Quallengelee|Sludge Wave|p2a: Chansey
|-damage|p2a: Chansey|53/100
|move|p2a: Chansey|Seismic Toss|p1a: Quallengelee
|-damage|p1a: Quallengelee|12/100
|
|-weather|SunnyDay|[upkeep]
|upkeep
|turn|23
|
|t:|1658522395
|move|p1a: Quallengelee|Sludge Wave|p2a: Chansey
|-damage|p2a: Chansey|30/100
|move|p2a: Chansey|Soft-Boiled|p2a: Chansey
|-heal|p2a: Chansey|80/100
|
|-weather|none
|upkeep
|turn|24
|
|t:|1658522403
|move|p1a: Quallengelee|Sludge Wave|p2a: Chansey
|-damage|p2a: Chansey|60/100
|move|p2a: Chansey|Soft-Boiled|p2a: Chansey
|-heal|p2a: Chansey|100/100
|
|upkeep
|turn|25
|
|t:|1658522418
|move|p1a: Quallengelee|Sludge Wave|p2a: Chansey
|-damage|p2a: Chansey|79/100
|move|p2a: Chansey|Seismic Toss|p1a: Quallengelee
|-damage|p1a: Quallengelee|0 fnt
|faint|p1a: Quallengelee
|
|upkeep
|
|t:|1658522427
|switch|p1a: R.I.P. Säule|Conkeldurr, M, shiny|76/100
|-damage|p1a: R.I.P. Säule|70/100|[from] Stealth Rock
|turn|26
|
|t:|1658522437
|switch|p2a: Suicune|Suicune|77/100
|-ability|p2a: Suicune|Pressure
|move|p1a: R.I.P. Säule|Close Combat|p2a: Suicune
|-damage|p2a: Suicune|37/100
|-unboost|p1a: R.I.P. Säule|def|1
|-unboost|p1a: R.I.P. Säule|spd|1
|
|-heal|p2a: Suicune|43/100|[from] item: Leftovers
|upkeep
|turn|27
|
|t:|1658522453
|switch|p1a: Fishermans Enemy|Primarina, M|100/100
|-damage|p1a: Fishermans Enemy|88/100|[from] Stealth Rock
|move|p2a: Suicune|Scald|p1a: Fishermans Enemy
|-resisted|p1a: Fishermans Enemy
|-damage|p1a: Fishermans Enemy|81/100
|-status|p1a: Fishermans Enemy|brn
|
|-heal|p2a: Suicune|49/100|[from] item: Leftovers
|-damage|p1a: Fishermans Enemy|75/100 brn|[from] brn
|upkeep
|turn|28
|
|t:|1658522470
|move|p2a: Suicune|Scald|p1a: Fishermans Enemy
|-resisted|p1a: Fishermans Enemy
|-damage|p1a: Fishermans Enemy|69/100 brn
|move|p1a: Fishermans Enemy|Flip Turn|p2a: Suicune
|-resisted|p2a: Suicune
|-damage|p2a: Suicune|47/100
|
|t:|1658522477
|switch|p1a: Moms' Spaghetti|Tangrowth, F, shiny|100/100|[from]move: Flip Turn
|-damage|p1a: Moms' Spaghetti|88/100|[from] Stealth Rock
|
|-heal|p2a: Suicune|53/100|[from] item: Leftovers
|upkeep
|turn|29
|
|t:|1658522485
|move|p2a: Suicune|Toxic|p1a: Moms' Spaghetti
|-status|p1a: Moms' Spaghetti|tox
|move|p1a: Moms' Spaghetti|Sleep Powder|p2a: Suicune
|-status|p2a: Suicune|slp|[from] move: Sleep Powder
|
|-heal|p2a: Suicune|59/100 slp|[from] item: Leftovers
|-damage|p1a: Moms' Spaghetti|82/100 tox|[from] psn
|upkeep
|turn|30
|
|t:|1658522497
|cant|p2a: Suicune|slp
|move|p1a: Moms' Spaghetti|Knock Off|p2a: Suicune
|-damage|p2a: Suicune|48/100 slp
|-enditem|p2a: Suicune|Leftovers|[from] move: Knock Off|[of] p1a: Moms' Spaghetti
|
|-damage|p1a: Moms' Spaghetti|69/100 tox|[from] psn
|upkeep
|turn|31
|
|t:|1658522507
|-curestatus|p2a: Suicune|slp|[msg]
|move|p2a: Suicune|Scald|p1a: Moms' Spaghetti
|-resisted|p1a: Moms' Spaghetti
|-damage|p1a: Moms' Spaghetti|51/100 tox
|move|p1a: Moms' Spaghetti|Giga Drain|p2a: Suicune
|-supereffective|p2a: Suicune
|-damage|p2a: Suicune|7/100
|-heal|p1a: Moms' Spaghetti|71/100 tox|[from] drain|[of] p2a: Suicune
|
|-damage|p1a: Moms' Spaghetti|53/100 tox|[from] psn
|upkeep
|turn|32
|
|t:|1658522519
|switch|p2a: Chansey|Chansey, F, shiny|79/100
|move|p1a: Moms' Spaghetti|Giga Drain|p2a: Chansey
|-damage|p2a: Chansey|71/100
|-heal|p1a: Moms' Spaghetti|60/100 tox|[from] drain|[of] p2a: Chansey
|
|-damage|p1a: Moms' Spaghetti|35/100 tox|[from] psn
|upkeep
|turn|33
|
|t:|1658522528
|move|p2a: Chansey|Seismic Toss|p1a: Moms' Spaghetti
|-damage|p1a: Moms' Spaghetti|10/100 tox
|-damage|p2a: Chansey|54/100|[from] item: Rocky Helmet|[of] p1a: Moms' Spaghetti
|move|p1a: Moms' Spaghetti|Knock Off|p2a: Chansey
|-damage|p2a: Chansey|40/100
|-enditem|p2a: Chansey|Eviolite|[from] move: Knock Off|[of] p1a: Moms' Spaghetti
|
|-damage|p1a: Moms' Spaghetti|0 fnt|[from] psn
|faint|p1a: Moms' Spaghetti
|upkeep
|
|t:|1658522543
|switch|p1a: R.I.P. Säule|Conkeldurr, M, shiny|70/100
|-damage|p1a: R.I.P. Säule|64/100|[from] Stealth Rock
|turn|34
|
|t:|1658522548
|move|p2a: Chansey|Seismic Toss|p1a: R.I.P. Säule
|-damage|p1a: R.I.P. Säule|40/100
|move|p1a: R.I.P. Säule|Close Combat|p2a: Chansey
|-supereffective|p2a: Chansey
|-damage|p2a: Chansey|0 fnt
|-unboost|p1a: R.I.P. Säule|def|1
|-unboost|p1a: R.I.P. Säule|spd|1
|faint|p2a: Chansey
|
|upkeep
|
|t:|1658522557
|switch|p2a: Suicune|Suicune|7/100
|-ability|p2a: Suicune|Pressure
|turn|35
|l| DLLT Tobi
|
|t:|1658522562
|move|p1a: R.I.P. Säule|Mach Punch|p2a: Suicune
|-damage|p2a: Suicune|0 fnt
|faint|p2a: Suicune
|
|win|DLLT snitchgeburt
|raw|DLLT snitchgeburt's rating: 1361 &rarr; <strong>1380</strong><br />(+19 for winning)
|raw|DLLT Wuchtbrumme's rating: 1341 &rarr; <strong>1322</strong><br />(-19 for losing)
|l| Dllt nick=cute
||Ladder isn't responding, score probably updated but might not have (Request timeout).
