|j|☆Meracx
|j|☆Giga㋛Chandelure-☂
|t:|1666539398
|gametype|singles
|player|p1|Meracx|thorton|
|player|p2|Giga㋛Chandelure-☂|brycenman|
|teamsize|p1|6
|teamsize|p2|6
|gen|8
|tier|[Gen 8] UU
|rule|Sleep Clause Mod: Limit one foe put to sleep
|rule|Species Clause: Limit one of each Pokémon
|rule|OHKO Clause: OHKO moves are banned
|rule|Evasion Items Clause: Evasion items are banned
|rule|Evasion Moves Clause: Evasion moves are banned
|rule|Endless Battle Clause: Forcing endless battles is banned
|rule|HP Percentage Mod: HP is shown in percentages
|rule|Dynamax Clause: You cannot dynamax
|clearpoke
|poke|p1|Reuniclus, M|
|poke|p1|Cobalion|
|poke|p1|Chansey, F|
|poke|p1|Rotom-Wash|
|poke|p1|Salamence, M|
|poke|p1|Mamoswine, F|
|poke|p2|Primarina, M|
|poke|p2|Cobalion|
|poke|p2|Raikou|
|poke|p2|Zygarde-10%|
|poke|p2|Crobat, M|
|poke|p2|Tangrowth, F|
|teampreview
|c|☆Giga㋛Chandelure-☂|Salut ! bonne chance & bon a
|c|☆Giga㋛Chandelure-☂|match
|c|☆Meracx|Merci toi aussi !
|
|t:|1666539511
|start
|switch|p1a: Mamoswine|Mamoswine, F|100/100
|switch|p2a: Primarina|Primarina, M|100/100
|turn|1
|c|☆Giga㋛Chandelure-☂|j'ai un autre bo à jouer avant ce soir
|
|t:|1666539528
|switch|p1a: Chansey|Chansey, F|100/100
|move|p2a: Primarina|Scald|p1a: Chansey
|-damage|p1a: Chansey|91/100
|-status|p1a: Chansey|brn
|
|-damage|p1a: Chansey|85/100 brn|[from] brn
|upkeep
|turn|2
|
|t:|1666539536
|switch|p2a: Cobalion|Cobalion|100/100
|move|p1a: Chansey|Seismic Toss|p2a: Cobalion
|-damage|p2a: Cobalion|70/100
|
|-heal|p2a: Cobalion|76/100|[from] item: Leftovers
|-damage|p1a: Chansey|78/100 brn|[from] brn
|upkeep
|turn|3
|
|t:|1666539544
|-curestatus|p1a: Chansey|brn|[from] ability: Natural Cure
|switch|p1a: Rotom|Rotom-Wash|100/100
|move|p2a: Cobalion|Stealth Rock|p1a: Rotom
|-sidestart|p1: Meracx|move: Stealth Rock
|
|-heal|p2a: Cobalion|82/100|[from] item: Leftovers
|upkeep
|turn|4
|j| xKSr
|
|t:|1666539552
|move|p1a: Rotom|Trick|p2a: Cobalion
|-activate|p1a: Rotom|move: Trick|[of] p2a: Cobalion
|-item|p2a: Cobalion|Choice Scarf|[from] move: Trick
|-item|p1a: Rotom|Leftovers|[from] move: Trick
|move|p2a: Cobalion|Volt Switch|p1a: Rotom
|-damage|p1a: Rotom|87/100
|j| CaptainEikichi
|
|t:|1666539571
|switch|p2a: Tangrowth|Tangrowth, F|100/100|[from]move: Volt Switch
|
|-heal|p1a: Rotom|93/100|[from] item: Leftovers
|upkeep
|turn|5
|
|t:|1666539591
|move|p1a: Rotom|Volt Switch|p2a: Tangrowth
|-resisted|p2a: Tangrowth
|-damage|p2a: Tangrowth|89/100
|
|t:|1666539594
|switch|p1a: Cobalion|Cobalion|100/100|[from]move: Volt Switch
|-damage|p1a: Cobalion|97/100|[from] Stealth Rock
|move|p2a: Tangrowth|Knock Off|p1a: Cobalion
|-resisted|p1a: Cobalion
|-damage|p1a: Cobalion|88/100
|-damage|p2a: Tangrowth|72/100|[from] item: Rocky Helmet|[of] p1a: Cobalion
|-ability|p1a: Cobalion|Justified|boost
|-boost|p1a: Cobalion|atk|1
|-enditem|p1a: Cobalion|Rocky Helmet|[from] move: Knock Off|[of] p2a: Tangrowth
|
|upkeep
|turn|6
|
|t:|1666539603
|switch|p2a: Primarina|Primarina, M|100/100
|move|p1a: Cobalion|Stealth Rock|p2a: Primarina
|-sidestart|p2: Giga㋛Chandelure-☂|move: Stealth Rock
|
|upkeep
|turn|7
|
|t:|1666539627
|move|p1a: Cobalion|Volt Switch|p2a: Primarina
|-supereffective|p2a: Primarina
|-damage|p2a: Primarina|81/100
|
|t:|1666539631
|switch|p1a: Chansey|Chansey, F|78/100|[from]move: Volt Switch
|-damage|p1a: Chansey|66/100|[from] Stealth Rock
|move|p2a: Primarina|Scald|p1a: Chansey
|-damage|p1a: Chansey|56/100
|
|-heal|p2a: Primarina|87/100|[from] item: Leftovers
|upkeep
|turn|8
|l| xKSr
|
|t:|1666539639
|switch|p2a: Tangrowth|Tangrowth, F|100/100
|-damage|p2a: Tangrowth|88/100|[from] Stealth Rock
|move|p1a: Chansey|Soft-Boiled|p1a: Chansey
|-heal|p1a: Chansey|100/100
|
|upkeep
|turn|9
|
|t:|1666539650
|switch|p1a: Cobalion|Cobalion|88/100
|-damage|p1a: Cobalion|85/100|[from] Stealth Rock
|switch|p2a: Cobalion|Cobalion|82/100
|-damage|p2a: Cobalion|79/100|[from] Stealth Rock
|
|upkeep
|turn|10
|j| xKSr
|l| xKSr
|
|t:|1666539684
|switch|p1a: Salamence|Salamence, M|100/100
|-ability|p1a: Salamence|Intimidate|boost
|-unboost|p2a: Cobalion|atk|1
|move|p2a: Cobalion|Volt Switch|p1a: Salamence
|-crit|p1a: Salamence
|-damage|p1a: Salamence|80/100
|c|☆Giga㋛Chandelure-☂|rhoo le crit
|
|t:|1666539704
|switch|p2a: Primarina|Primarina, M|87/100|[from]move: Volt Switch
|-damage|p2a: Primarina|75/100|[from] Stealth Rock
|
|-heal|p2a: Primarina|81/100|[from] item: Leftovers
|upkeep
|turn|11
|
|t:|1666539707
|switch|p1a: Chansey|Chansey, F|100/100
|-damage|p1a: Chansey|88/100|[from] Stealth Rock
|move|p2a: Primarina|Scald|p1a: Chansey
|-damage|p1a: Chansey|76/100
|
|-heal|p2a: Primarina|87/100|[from] item: Leftovers
|upkeep
|turn|12
|
|t:|1666539712
|move|p2a: Primarina|Scald|p1a: Chansey
|-damage|p1a: Chansey|67/100
|move|p1a: Chansey|Wish|p1a: Chansey
|
|-heal|p2a: Primarina|93/100|[from] item: Leftovers
|upkeep
|turn|13
|
|t:|1666539720
|move|p2a: Primarina|Scald|p1a: Chansey
|-damage|p1a: Chansey|56/100
|move|p1a: Chansey|Seismic Toss|p2a: Primarina
|-damage|p2a: Primarina|66/100
|
|-heal|p1a: Chansey|100/100|[from] move: Wish|[wisher] Chansey
|-heal|p2a: Primarina|72/100|[from] item: Leftovers
|upkeep
|turn|14
|
|t:|1666539724
|move|p2a: Primarina|Scald|p1a: Chansey
|-damage|p1a: Chansey|91/100
|-status|p1a: Chansey|brn
|move|p1a: Chansey|Seismic Toss|p2a: Primarina
|-damage|p2a: Primarina|44/100
|
|-heal|p2a: Primarina|50/100|[from] item: Leftovers
|-damage|p1a: Chansey|84/100 brn|[from] brn
|upkeep
|turn|15
|
|t:|1666539735
|switch|p2a: Tangrowth|Tangrowth, F|100/100
|-damage|p2a: Tangrowth|88/100|[from] Stealth Rock
|move|p1a: Chansey|Seismic Toss|p2a: Tangrowth
|-damage|p2a: Tangrowth|63/100
|-damage|p1a: Chansey|68/100 brn|[from] item: Rocky Helmet|[of] p2a: Tangrowth
|
|-damage|p1a: Chansey|62/100 brn|[from] brn
|upkeep
|turn|16
|
|t:|1666539749
|-curestatus|p1a: Chansey|brn|[from] ability: Natural Cure
|switch|p1a: Cobalion|Cobalion|85/100
|-damage|p1a: Cobalion|82/100|[from] Stealth Rock
|switch|p2a: Cobalion|Cobalion|79/100
|-damage|p2a: Cobalion|76/100|[from] Stealth Rock
|
|upkeep
|turn|17
|j| xKSr
|
|t:|1666539772
|switch|p1a: Salamence|Salamence, M|80/100
|-ability|p1a: Salamence|Intimidate|boost
|-unboost|p2a: Cobalion|atk|1
|move|p2a: Cobalion|Volt Switch|p1a: Salamence
|-damage|p1a: Salamence|67/100
|
|t:|1666539778
|switch|p2a: Tangrowth|Tangrowth, F|97/100|[from]move: Volt Switch
|-damage|p2a: Tangrowth|84/100|[from] Stealth Rock
|
|upkeep
|turn|18
|
|t:|1666539784
|move|p1a: Salamence|Flamethrower|p2a: Tangrowth
|-supereffective|p2a: Tangrowth
|-damage|p2a: Tangrowth|41/100
|move|p2a: Tangrowth|Knock Off|p1a: Salamence
|-damage|p1a: Salamence|48/100
|-enditem|p1a: Salamence|Heavy-Duty Boots|[from] move: Knock Off|[of] p2a: Tangrowth
|
|upkeep
|turn|19
|
|t:|1666539797
|switch|p2a: Primarina|Primarina, M|50/100
|-damage|p2a: Primarina|38/100|[from] Stealth Rock
|move|p1a: Salamence|Roost|p1a: Salamence
|-heal|p1a: Salamence|98/100
|-singleturn|p1a: Salamence|move: Roost
|
|-heal|p2a: Primarina|44/100|[from] item: Leftovers
|upkeep
|turn|20
|
|t:|1666539807
|switch|p1a: Chansey|Chansey, F|62/100
|-damage|p1a: Chansey|49/100|[from] Stealth Rock
|move|p2a: Primarina|Scald|p1a: Chansey
|-damage|p1a: Chansey|39/100
|
|-heal|p2a: Primarina|50/100|[from] item: Leftovers
|upkeep
|turn|21
|
|t:|1666539815
|switch|p2a: Zygarde|Zygarde-10%|100/100
|-damage|p2a: Zygarde|94/100|[from] Stealth Rock
|-ability|p2a: Zygarde|Aura Break
|move|p1a: Chansey|Soft-Boiled|p1a: Chansey
|-heal|p1a: Chansey|89/100
|
|upkeep
|turn|22
|
|t:|1666539823
|move|p2a: Zygarde|Thousand Arrows|p1a: Chansey
|-damage|p1a: Chansey|48/100
|move|p1a: Chansey|Toxic|p2a: Zygarde
|-status|p2a: Zygarde|tox
|
|-damage|p2a: Zygarde|88/100 tox|[from] psn
|upkeep
|turn|23
|
|t:|1666539835
|switch|p2a: Primarina|Primarina, M|50/100
|-damage|p2a: Primarina|37/100|[from] Stealth Rock
|move|p1a: Chansey|Soft-Boiled|p1a: Chansey
|-heal|p1a: Chansey|98/100
|
|-heal|p2a: Primarina|43/100|[from] item: Leftovers
|upkeep
|turn|24
|
|t:|1666539840
|move|p2a: Primarina|Scald|p1a: Chansey
|-damage|p1a: Chansey|88/100
|move|p1a: Chansey|Seismic Toss|p2a: Primarina
|-damage|p2a: Primarina|16/100
|
|-heal|p2a: Primarina|22/100|[from] item: Leftovers
|upkeep
|turn|25
|
|t:|1666539851
|move|p2a: Primarina|Rest|p2a: Primarina
|-status|p2a: Primarina|slp|[from] move: Rest
|-heal|p2a: Primarina|100/100 slp|[silent]
|move|p1a: Chansey|Seismic Toss|p2a: Primarina
|-damage|p2a: Primarina|73/100 slp
|
|-heal|p2a: Primarina|79/100 slp|[from] item: Leftovers
|upkeep
|turn|26
|
|t:|1666539862
|switch|p1a: Reuniclus|Reuniclus, M|100/100
|cant|p2a: Primarina|slp
|
|-heal|p2a: Primarina|85/100 slp|[from] item: Leftovers
|upkeep
|turn|27
|
|t:|1666539871
|switch|p2a: Tangrowth|Tangrowth, F|74/100
|-damage|p2a: Tangrowth|62/100|[from] Stealth Rock
|move|p1a: Reuniclus|Calm Mind|p1a: Reuniclus
|-boost|p1a: Reuniclus|spa|1
|-boost|p1a: Reuniclus|spd|1
|
|upkeep
|turn|28
|
|t:|1666539877
|move|p2a: Tangrowth|Knock Off|p1a: Reuniclus
|-supereffective|p1a: Reuniclus
|-enditem|p1a: Reuniclus|Colbur Berry|[eat]
|-enditem|p1a: Reuniclus|Colbur Berry|[weaken]
|-damage|p1a: Reuniclus|85/100
|move|p1a: Reuniclus|Focus Blast|p2a: Tangrowth|[miss]
|-miss|p1a: Reuniclus|p2a: Tangrowth
|
|upkeep
|turn|29
|
|t:|1666539895
|switch|p2a: Crobat|Crobat, M|100/100
|move|p1a: Reuniclus|Psyshock|p2a: Crobat
|-supereffective|p2a: Crobat
|-damage|p2a: Crobat|0 fnt
|faint|p2a: Crobat
|
|upkeep
|
|t:|1666539899
|switch|p2a: Raikou|Raikou|100/100
|-ability|p2a: Raikou|Pressure
|turn|30
|
|t:|1666539904
|move|p2a: Raikou|Calm Mind|p2a: Raikou
|-boost|p2a: Raikou|spa|1
|-boost|p2a: Raikou|spd|1
|move|p1a: Reuniclus|Psyshock|p2a: Raikou
|-damage|p2a: Raikou|36/100
|
|upkeep
|turn|31
|
|t:|1666539913
|move|p2a: Raikou|Thunderbolt|p1a: Reuniclus
|-damage|p1a: Reuniclus|43/100
|move|p1a: Reuniclus|Psyshock|p2a: Raikou
|-damage|p2a: Raikou|0 fnt
|faint|p2a: Raikou
|
|upkeep
|
|t:|1666539918
|switch|p2a: Zygarde|Zygarde-10%|88/100 tox
|-damage|p2a: Zygarde|82/100 tox|[from] Stealth Rock
|-ability|p2a: Zygarde|Aura Break
|turn|32
|
|t:|1666539923
|switch|p1a: Salamence|Salamence, M|98/100
|-damage|p1a: Salamence|73/100|[from] Stealth Rock
|-ability|p1a: Salamence|Intimidate|boost
|-unboost|p2a: Zygarde|atk|1
|move|p2a: Zygarde|Thousand Arrows|p1a: Salamence
|-damage|p1a: Salamence|42/100
|-start|p1a: Salamence|Smack Down
|
|-damage|p2a: Zygarde|76/100 tox|[from] psn
|upkeep
|turn|33
|
|t:|1666539933
|switch|p2a: Cobalion|Cobalion|76/100
|-damage|p2a: Cobalion|73/100|[from] Stealth Rock
|move|p1a: Salamence|Roost|p1a: Salamence
|-heal|p1a: Salamence|92/100
|-singleturn|p1a: Salamence|move: Roost
|
|upkeep
|turn|34
|
|t:|1666539936
|move|p2a: Cobalion|Stone Edge|p1a: Salamence
|-supereffective|p1a: Salamence
|-damage|p1a: Salamence|47/100
|move|p1a: Salamence|Roost|p1a: Salamence
|-heal|p1a: Salamence|97/100
|-singleturn|p1a: Salamence|move: Roost
|
|upkeep
|turn|35
|
|t:|1666539942
|switch|p2a: Primarina|Primarina, M|85/100 slp
|-damage|p2a: Primarina|73/100 slp|[from] Stealth Rock
|move|p1a: Salamence|Flamethrower|p2a: Primarina
|-resisted|p2a: Primarina
|-damage|p2a: Primarina|66/100 slp
|
|-heal|p2a: Primarina|72/100 slp|[from] item: Leftovers
|upkeep
|turn|36
|
|t:|1666539954
|switch|p1a: Chansey|Chansey, F|88/100
|-damage|p1a: Chansey|76/100|[from] Stealth Rock
|switch|p2a: Zygarde|Zygarde-10%|76/100 tox
|-damage|p2a: Zygarde|70/100 tox|[from] Stealth Rock
|-ability|p2a: Zygarde|Aura Break
|
|-damage|p2a: Zygarde|64/100 tox|[from] psn
|upkeep
|turn|37
|
|t:|1666539960
|move|p2a: Zygarde|Superpower|p1a: Chansey
|-supereffective|p1a: Chansey
|-damage|p1a: Chansey|5/100
|-unboost|p2a: Zygarde|atk|1
|-unboost|p2a: Zygarde|def|1
|move|p1a: Chansey|Soft-Boiled|p1a: Chansey
|-heal|p1a: Chansey|55/100
|
|-damage|p2a: Zygarde|52/100 tox|[from] psn
|upkeep
|turn|38
|
|t:|1666539978
|switch|p2a: Tangrowth|Tangrowth, F|95/100
|-damage|p2a: Tangrowth|83/100|[from] Stealth Rock
|move|p1a: Chansey|Soft-Boiled|p1a: Chansey
|-heal|p1a: Chansey|100/100
|
|upkeep
|turn|39
|
|t:|1666539990
|switch|p1a: Salamence|Salamence, M|97/100
|-damage|p1a: Salamence|72/100|[from] Stealth Rock
|-ability|p1a: Salamence|Intimidate|boost
|-unboost|p2a: Tangrowth|atk|1
|switch|p2a: Cobalion|Cobalion|73/100
|-damage|p2a: Cobalion|70/100|[from] Stealth Rock
|
|upkeep
|turn|40
|
|t:|1666539996
|move|p2a: Cobalion|Volt Switch|p1a: Salamence
|-damage|p1a: Salamence|57/100
|
|t:|1666540000
|switch|p2a: Primarina|Primarina, M|72/100 slp|[from]move: Volt Switch
|-damage|p2a: Primarina|59/100 slp|[from] Stealth Rock
|move|p1a: Salamence|Roost|p1a: Salamence
|-heal|p1a: Salamence|100/100
|-singleturn|p1a: Salamence|move: Roost
|
|-heal|p2a: Primarina|65/100 slp|[from] item: Leftovers
|upkeep
|turn|41
|
|t:|1666540004
|switch|p1a: Mamoswine|Mamoswine, F|100/100
|-damage|p1a: Mamoswine|88/100|[from] Stealth Rock
|cant|p2a: Primarina|slp
|move|p2a: Primarina|Sleep Talk|p2a: Primarina
|move|p2a: Primarina|Rest||[from]move: Sleep Talk|[still]
|-fail|p2a: Primarina
|
|-heal|p2a: Primarina|71/100 slp|[from] item: Leftovers
|upkeep
|turn|42
|j| Turtlek
|
|t:|1666540013
|move|p1a: Mamoswine|Earthquake|p2a: Primarina
|-damage|p2a: Primarina|0 fnt
|faint|p2a: Primarina
|
|upkeep
|
|t:|1666540021
|switch|p2a: Tangrowth|Tangrowth, F|100/100
|-damage|p2a: Tangrowth|88/100|[from] Stealth Rock
|turn|43
|
|t:|1666540028
|switch|p1a: Salamence|Salamence, M|100/100
|-damage|p1a: Salamence|76/100|[from] Stealth Rock
|-ability|p1a: Salamence|Intimidate|boost
|-unboost|p2a: Tangrowth|atk|1
|switch|p2a: Cobalion|Cobalion|70/100
|-damage|p2a: Cobalion|66/100|[from] Stealth Rock
|
|upkeep
|turn|44
|
|t:|1666540037
|move|p2a: Cobalion|Stone Edge|p1a: Salamence
|-supereffective|p1a: Salamence
|-damage|p1a: Salamence|29/100
|move|p1a: Salamence|Roost|p1a: Salamence
|-heal|p1a: Salamence|79/100
|-singleturn|p1a: Salamence|move: Roost
|
|upkeep
|turn|45
|
|t:|1666540043
|move|p2a: Cobalion|Stone Edge|p1a: Salamence
|-supereffective|p1a: Salamence
|-damage|p1a: Salamence|37/100
|move|p1a: Salamence|Roost|p1a: Salamence
|-heal|p1a: Salamence|87/100
|-singleturn|p1a: Salamence|move: Roost
|
|upkeep
|turn|46
|
|t:|1666540048
|switch|p2a: Tangrowth|Tangrowth, F|100/100
|-damage|p2a: Tangrowth|88/100|[from] Stealth Rock
|move|p1a: Salamence|Flamethrower|p2a: Tangrowth
|-supereffective|p2a: Tangrowth
|-damage|p2a: Tangrowth|45/100
|
|upkeep
|turn|47
|
|t:|1666540058
|move|p1a: Salamence|Flamethrower|p2a: Tangrowth
|-supereffective|p2a: Tangrowth
|-damage|p2a: Tangrowth|3/100
|move|p2a: Tangrowth|Sludge Bomb|p1a: Salamence
|-damage|p1a: Salamence|64/100
|
|upkeep
|turn|48
|
|t:|1666540064
|switch|p2a: Zygarde|Zygarde-10%|52/100 tox
|-damage|p2a: Zygarde|46/100 tox|[from] Stealth Rock
|-ability|p2a: Zygarde|Aura Break
|move|p1a: Salamence|Flamethrower|p2a: Zygarde
|-resisted|p2a: Zygarde
|-crit|p2a: Zygarde
|-damage|p2a: Zygarde|23/100 tox
|
|-damage|p2a: Zygarde|17/100 tox|[from] psn
|upkeep
|turn|49
|
|t:|1666540075
|switch|p1a: Cobalion|Cobalion|82/100
|-damage|p1a: Cobalion|79/100|[from] Stealth Rock
|move|p2a: Zygarde|Outrage|p1a: Cobalion
|-resisted|p1a: Cobalion
|-damage|p1a: Cobalion|44/100
|
|-damage|p2a: Zygarde|5/100 tox|[from] psn
|upkeep
|turn|50
|
|t:|1666540082
|move|p2a: Zygarde|Outrage|p1a: Cobalion|[from]lockedmove
|-resisted|p1a: Cobalion
|-damage|p1a: Cobalion|14/100
|-start|p2a: Zygarde|confusion|[fatigue]
|move|p1a: Cobalion|Iron Head|p2a: Zygarde
|-damage|p2a: Zygarde|0 fnt
|faint|p2a: Zygarde
|
|upkeep
|
|t:|1666540086
|switch|p2a: Cobalion|Cobalion|66/100
|-damage|p2a: Cobalion|63/100|[from] Stealth Rock
|turn|51
|
|t:|1666540091
|switch|p1a: Rotom|Rotom-Wash|93/100
|-damage|p1a: Rotom|81/100|[from] Stealth Rock
|move|p2a: Cobalion|Close Combat|p1a: Rotom
|-damage|p1a: Rotom|25/100
|-unboost|p2a: Cobalion|def|1
|-unboost|p2a: Cobalion|spd|1
|
|-heal|p1a: Rotom|32/100|[from] item: Leftovers
|upkeep
|turn|52
|
|t:|1666540099
|switch|p2a: Tangrowth|Tangrowth, F|36/100
|-damage|p2a: Tangrowth|24/100|[from] Stealth Rock
|switch|p1a: Salamence|Salamence, M|64/100
|-damage|p1a: Salamence|40/100|[from] Stealth Rock
|-ability|p1a: Salamence|Intimidate|boost
|-unboost|p2a: Tangrowth|atk|1
|
|upkeep
|turn|53
|
|t:|1666540108
|switch|p2a: Cobalion|Cobalion|63/100
|-damage|p2a: Cobalion|60/100|[from] Stealth Rock
|move|p1a: Salamence|Roost|p1a: Salamence
|-heal|p1a: Salamence|90/100
|-singleturn|p1a: Salamence|move: Roost
|
|upkeep
|turn|54
|
|t:|1666540116
|move|p2a: Cobalion|Stone Edge|p1a: Salamence
|-supereffective|p1a: Salamence
|-damage|p1a: Salamence|49/100
|move|p1a: Salamence|Flamethrower|p2a: Cobalion
|-supereffective|p2a: Cobalion
|-damage|p2a: Cobalion|2/100
|
|upkeep
|turn|55
|
|t:|1666540122
|move|p2a: Cobalion|Stone Edge|p1a: Salamence|[miss]
|-miss|p2a: Cobalion|p1a: Salamence
|move|p1a: Salamence|Flamethrower|p2a: Cobalion
|-supereffective|p2a: Cobalion
|-damage|p2a: Cobalion|0 fnt
|faint|p2a: Cobalion
|
|upkeep
|
|t:|1666540125
|switch|p2a: Tangrowth|Tangrowth, F|57/100
|-damage|p2a: Tangrowth|45/100|[from] Stealth Rock
|turn|56
|
|t:|1666540127
|move|p1a: Salamence|Flamethrower|p2a: Tangrowth
|-supereffective|p2a: Tangrowth
|-damage|p2a: Tangrowth|0 fnt
|faint|p2a: Tangrowth
|
|win|Meracx
|c|☆Meracx|gg
|c|☆Giga㋛Chandelure-☂|gg
|l| CaptainEikichi
|l| xKSr
|l|☆Giga㋛Chandelure-☂
|l| Turtlek
