|j|☆final distance
|j|☆pif
|t:|1645646111
|gametype|singles
|player|p1|final distance|idol|1514
|player|p2|pif|169|1719
|teamsize|p1|6
|teamsize|p2|6
|gen|8
|tier|[Gen 8] UU
|rated|
|rule|Sleep Clause Mod: Limit one foe put to sleep
|rule|Species Clause: Limit one of each Pokémon
|rule|OHKO Clause: OHKO moves are banned
|rule|Evasion Moves Clause: Evasion moves are banned
|rule|Endless Battle Clause: Forcing endless battles is banned
|rule|HP Percentage Mod: HP is shown in percentages
|rule|Dynamax Clause: You cannot dynamax
|clearpoke
|poke|p1|Primarina, M|
|poke|p1|Zarude|
|poke|p1|Nihilego|
|poke|p1|Zygarde-10%|
|poke|p1|Moltres|
|poke|p1|Jirachi|
|poke|p2|Tyrantrum, M|
|poke|p2|Slowking, M|
|poke|p2|Mandibuzz, F|
|poke|p2|Zygarde-10%|
|poke|p2|Jirachi|
|poke|p2|Nihilego|
|teampreview
|c|☆final distance|hi pif
|c|☆final distance|hf
|c|☆pif|hi hf
|
|t:|1645646161
|start
|switch|p1a: Moltres|Moltres|100/100
|switch|p2a: DIE NOW saur|Tyrantrum, M|100/100
|turn|1
|
|t:|1645646168
|move|p1a: Moltres|U-turn|p2a: DIE NOW saur
|-damage|p2a: DIE NOW saur|85/100
|
|t:|1645646170
|switch|p1a: Jirachi|Jirachi|100/100|[from]move: U-turn
|move|p2a: DIE NOW saur|Head Smash|p1a: Jirachi
|-resisted|p1a: Jirachi
|-damage|p1a: Jirachi|40/100
|
|upkeep
|turn|2
|
|t:|1645646184
|switch|p2a: king of things|Slowking, M|100/100
|move|p1a: Jirachi|U-turn|p2a: king of things
|-supereffective|p2a: king of things
|-damage|p2a: king of things|73/100
|
|t:|1645646186
|switch|p1a: Zarude|Zarude|100/100|[from]move: U-turn
|
|upkeep
|turn|3
|
|t:|1645646197
|switch|p2a: peck ur neck|Mandibuzz, F|100/100
|move|p1a: Zarude|U-turn|p2a: peck ur neck
|-damage|p2a: peck ur neck|86/100
|
|t:|1645646200
|switch|p1a: Nihilego|Nihilego|100/100|[from]move: U-turn
|
|upkeep
|turn|4
|
|t:|1645646214
|switch|p2a: nihileggo my eggo|Nihilego|100/100
|move|p1a: Nihilego|Stealth Rock|p2a: nihileggo my eggo
|-sidestart|p2: pif|move: Stealth Rock
|
|upkeep
|turn|5
|
|t:|1645646220
|move|p1a: Nihilego|Knock Off|p2a: nihileggo my eggo
|-crit|p2a: nihileggo my eggo
|-damage|p2a: nihileggo my eggo|71/100
|-enditem|p2a: nihileggo my eggo|Black Sludge|[from] move: Knock Off|[of] p1a: Nihilego
|move|p2a: nihileggo my eggo|Knock Off|p1a: Nihilego
|-damage|p1a: Nihilego|81/100
|-enditem|p1a: Nihilego|Black Sludge|[from] move: Knock Off|[of] p2a: nihileggo my eggo
|
|upkeep
|turn|6
|
|t:|1645646243
|move|p2a: nihileggo my eggo|Stealth Rock|p1a: Nihilego
|-sidestart|p1: final distance|move: Stealth Rock
|move|p1a: Nihilego|Power Gem|p2a: nihileggo my eggo
|-damage|p2a: nihileggo my eggo|41/100
|
|upkeep
|turn|7
|
|t:|1645646255
|switch|p2a: srirachi jirachi|Jirachi|100/100
|-damage|p2a: srirachi jirachi|94/100|[from] Stealth Rock
|move|p1a: Nihilego|Knock Off|p2a: srirachi jirachi
|-supereffective|p2a: srirachi jirachi
|-crit|p2a: srirachi jirachi
|-damage|p2a: srirachi jirachi|63/100
|-enditem|p2a: srirachi jirachi|Leftovers|[from] move: Knock Off|[of] p1a: Nihilego
|
|upkeep
|turn|8
|
|t:|1645646299
|switch|p1a: Zarude|Zarude|100/100
|move|p2a: srirachi jirachi|Wish|p2a: srirachi jirachi
|
|upkeep
|turn|9
|
|t:|1645646310
|switch|p2a: DIE NOW saur|Tyrantrum, M|85/100
|-damage|p2a: DIE NOW saur|73/100|[from] Stealth Rock
|move|p1a: Zarude|U-turn|p2a: DIE NOW saur
|-damage|p2a: DIE NOW saur|51/100
|
|t:|1645646330
|switch|p1a: Zygarde|Zygarde-10%|100/100|[from]move: U-turn
|-damage|p1a: Zygarde|94/100|[from] Stealth Rock
|-ability|p1a: Zygarde|Aura Break
|
|-heal|p2a: DIE NOW saur|100/100|[from] move: Wish|[wisher] srirachi jirachi
|upkeep
|turn|10
|
|t:|1645646341
|switch|p2a: king of things|Slowking, M|100/100
|-damage|p2a: king of things|88/100|[from] Stealth Rock
|move|p1a: Zygarde|Outrage|p2a: king of things
|-damage|p2a: king of things|32/100
|
|upkeep
|turn|11
|
|t:|1645646351
|switch|p2a: peck ur neck|Mandibuzz, F|86/100
|move|p1a: Zygarde|Outrage|p2a: peck ur neck|[from]lockedmove
|-damage|p2a: peck ur neck|41/100
|
|upkeep
|turn|12
|
|t:|1645646356
|switch|p2a: srirachi jirachi|Jirachi|63/100
|-damage|p2a: srirachi jirachi|57/100|[from] Stealth Rock
|move|p1a: Zygarde|Outrage|p2a: srirachi jirachi|[from]lockedmove
|-resisted|p2a: srirachi jirachi
|-damage|p2a: srirachi jirachi|25/100
|-start|p1a: Zygarde|confusion|[fatigue]
|
|upkeep
|turn|13
|
|t:|1645646369
|-activate|p1a: Zygarde|confusion
|-damage|p1a: Zygarde|73/100|[from] confusion
|move|p2a: srirachi jirachi|Wish|p2a: srirachi jirachi
|
|upkeep
|turn|14
|
|t:|1645646382
|switch|p1a: Zarude|Zarude|100/100
|move|p2a: srirachi jirachi|Protect||[still]
|-fail|p2a: srirachi jirachi
|
|-heal|p2a: srirachi jirachi|75/100|[from] move: Wish|[wisher] srirachi jirachi
|upkeep
|turn|15
|
|t:|1645646388
|switch|p2a: peck ur neck|Mandibuzz, F|41/100
|move|p1a: Zarude|Darkest Lariat|p2a: peck ur neck
|-resisted|p2a: peck ur neck
|-damage|p2a: peck ur neck|27/100
|
|upkeep
|turn|16
|
|t:|1645646398
|move|p1a: Zarude|U-turn|p2a: peck ur neck
|-crit|p2a: peck ur neck
|-damage|p2a: peck ur neck|5/100
|
|t:|1645646408
|switch|p1a: Primarina|Primarina, M|100/100|[from]move: U-turn
|-damage|p1a: Primarina|88/100|[from] Stealth Rock
|move|p2a: peck ur neck|Roost|p2a: peck ur neck
|-heal|p2a: peck ur neck|55/100
|-singleturn|p2a: peck ur neck|move: Roost
|
|-heal|p1a: Primarina|94/100|[from] item: Leftovers
|upkeep
|turn|17
|
|t:|1645646416
|move|p2a: peck ur neck|U-turn|p1a: Primarina
|-resisted|p1a: Primarina
|-damage|p1a: Primarina|88/100
|
|t:|1645646425
|switch|p2a: srirachi jirachi|Jirachi|75/100|[from]move: U-turn
|-damage|p2a: srirachi jirachi|68/100|[from] Stealth Rock
|move|p1a: Primarina|Scald|p2a: srirachi jirachi
|-damage|p2a: srirachi jirachi|39/100
|-status|p2a: srirachi jirachi|brn
|
|-heal|p1a: Primarina|94/100|[from] item: Leftovers
|-damage|p2a: srirachi jirachi|32/100 brn|[from] brn
|upkeep
|turn|18
|
|t:|1645646433
|move|p2a: srirachi jirachi|Wish|p2a: srirachi jirachi
|move|p1a: Primarina|Scald|p2a: srirachi jirachi
|-damage|p2a: srirachi jirachi|4/100 brn
|
|-heal|p1a: Primarina|99/100|[from] item: Leftovers
|-damage|p2a: srirachi jirachi|0 fnt|[from] brn
|faint|p2a: srirachi jirachi
|upkeep
|
|t:|1645646440
|switch|p2a: king of things|Slowking, M|65/100
|-damage|p2a: king of things|53/100|[from] Stealth Rock
|turn|19
|
|t:|1645646456
|switch|p1a: Zarude|Zarude|100/100
|move|p2a: king of things|Teleport|p2a: king of things
|
|t:|1645646460
|switch|p2a: nihileggo my eggo|Nihilego|41/100|[from]move: Teleport
|-damage|p2a: nihileggo my eggo|29/100|[from] Stealth Rock
|
|-heal|p2a: nihileggo my eggo|85/100|[from] move: Wish|[wisher] srirachi jirachi
|upkeep
|turn|20
|
|t:|1645646468
|switch|p2a: peck ur neck|Mandibuzz, F|55/100
|move|p1a: Zarude|U-turn|p2a: peck ur neck
|-damage|p2a: peck ur neck|42/100
|
|t:|1645646483
|switch|p1a: Primarina|Primarina, M|99/100|[from]move: U-turn
|-damage|p1a: Primarina|88/100|[from] Stealth Rock
|
|-heal|p1a: Primarina|94/100|[from] item: Leftovers
|upkeep
|turn|21
|
|t:|1645646503
|move|p2a: peck ur neck|U-turn|p1a: Primarina
|-resisted|p1a: Primarina
|-damage|p1a: Primarina|87/100
|
|t:|1645646507
|switch|p2a: king of things|Slowking, M|86/100|[from]move: U-turn
|-damage|p2a: king of things|73/100|[from] Stealth Rock
|move|p1a: Primarina|Moonblast|p2a: king of things
|-damage|p2a: king of things|43/100
|
|-heal|p1a: Primarina|93/100|[from] item: Leftovers
|upkeep
|turn|22
|
|t:|1645646522
|switch|p1a: Zarude|Zarude|100/100
|move|p2a: king of things|Slack Off|p2a: king of things
|-heal|p2a: king of things|93/100
|
|upkeep
|turn|23
|
|t:|1645646530
|switch|p2a: peck ur neck|Mandibuzz, F|42/100
|move|p1a: Zarude|Power Whip|p2a: peck ur neck
|-resisted|p2a: peck ur neck
|-damage|p2a: peck ur neck|25/100
|
|upkeep
|turn|24
|
|t:|1645646540
|move|p1a: Zarude|U-turn|p2a: peck ur neck
|-damage|p2a: peck ur neck|12/100
|
|t:|1645646549
|switch|p1a: Nihilego|Nihilego|81/100|[from]move: U-turn
|-damage|p1a: Nihilego|69/100|[from] Stealth Rock
|move|p2a: peck ur neck|Roost|p2a: peck ur neck
|-heal|p2a: peck ur neck|62/100
|-singleturn|p2a: peck ur neck|move: Roost
|
|upkeep
|turn|25
|
|t:|1645646562
|switch|p2a: king of things|Slowking, M|100/100
|-damage|p2a: king of things|88/100|[from] Stealth Rock
|move|p1a: Nihilego|Power Gem|p2a: king of things
|-damage|p2a: king of things|56/100
|
|upkeep
|turn|26
|
|t:|1645646574
|move|p1a: Nihilego|Sludge Bomb|p2a: king of things
|-damage|p2a: king of things|18/100
|move|p2a: king of things|Teleport|p2a: king of things
|
|t:|1645646577
|switch|p2a: woofy woof|Zygarde-10%|100/100|[from]move: Teleport
|-damage|p2a: woofy woof|94/100|[from] Stealth Rock
|-ability|p2a: woofy woof|Aura Break
|
|upkeep
|turn|27
|
|t:|1645646596
|move|p2a: woofy woof|Superpower|p1a: Nihilego
|-damage|p1a: Nihilego|0 fnt
|-unboost|p2a: woofy woof|atk|1
|-unboost|p2a: woofy woof|def|1
|faint|p1a: Nihilego
|
|upkeep
|
|t:|1645646607
|switch|p1a: Jirachi|Jirachi|40/100
|-damage|p1a: Jirachi|34/100|[from] Stealth Rock
|turn|28
|
|t:|1645646613
|switch|p2a: king of things|Slowking, M|52/100
|-damage|p2a: king of things|39/100|[from] Stealth Rock
|move|p1a: Jirachi|U-turn|p2a: king of things
|-supereffective|p2a: king of things
|-damage|p2a: king of things|10/100
|
|t:|1645646619
|switch|p1a: Zarude|Zarude|100/100|[from]move: U-turn
|
|upkeep
|turn|29
|
|t:|1645646629
|switch|p2a: peck ur neck|Mandibuzz, F|62/100
|move|p1a: Zarude|U-turn|p2a: peck ur neck
|-damage|p2a: peck ur neck|48/100
|
|t:|1645646642
|switch|p1a: Primarina|Primarina, M|93/100|[from]move: U-turn
|-damage|p1a: Primarina|81/100|[from] Stealth Rock
|
|-heal|p1a: Primarina|87/100|[from] item: Leftovers
|upkeep
|turn|30
|
|t:|1645646648
|move|p2a: peck ur neck|U-turn|p1a: Primarina
|-resisted|p1a: Primarina
|-damage|p1a: Primarina|80/100
|
|t:|1645646652
|switch|p2a: nihileggo my eggo|Nihilego|85/100|[from]move: U-turn
|-damage|p2a: nihileggo my eggo|73/100|[from] Stealth Rock
|move|p1a: Primarina|Moonblast|p2a: nihileggo my eggo
|-resisted|p2a: nihileggo my eggo
|-damage|p2a: nihileggo my eggo|59/100
|
|-heal|p1a: Primarina|86/100|[from] item: Leftovers
|upkeep
|turn|31
|
|t:|1645646663
|move|p2a: nihileggo my eggo|Knock Off|p1a: Primarina
|-resisted|p1a: Primarina
|-damage|p1a: Primarina|80/100
|-enditem|p1a: Primarina|Leftovers|[from] move: Knock Off|[of] p2a: nihileggo my eggo
|move|p1a: Primarina|Scald|p2a: nihileggo my eggo
|-supereffective|p2a: nihileggo my eggo
|-damage|p2a: nihileggo my eggo|10/100
|
|upkeep
|turn|32
|
|t:|1645646669
|switch|p1a: Jirachi|Jirachi|34/100
|-damage|p1a: Jirachi|28/100|[from] Stealth Rock
|move|p2a: nihileggo my eggo|Knock Off|p1a: Jirachi
|-supereffective|p1a: Jirachi
|-crit|p1a: Jirachi
|-damage|p1a: Jirachi|0 fnt
|-enditem|p1a: Jirachi|Choice Scarf|[from] move: Knock Off|[of] p2a: nihileggo my eggo
|faint|p1a: Jirachi
|-ability|p2a: nihileggo my eggo|Beast Boost|boost
|-boost|p2a: nihileggo my eggo|spa|1
|
|upkeep
|
|t:|1645646673
|switch|p1a: Zarude|Zarude|100/100
|turn|33
|
|t:|1645646687
|move|p1a: Zarude|Darkest Lariat|p2a: nihileggo my eggo
|-damage|p2a: nihileggo my eggo|0 fnt
|faint|p2a: nihileggo my eggo
|
|upkeep
|
|t:|1645646701
|switch|p2a: DIE NOW saur|Tyrantrum, M|100/100
|-damage|p2a: DIE NOW saur|88/100|[from] Stealth Rock
|turn|34
|
|t:|1645646712
|move|p1a: Zarude|U-turn|p2a: DIE NOW saur
|-damage|p2a: DIE NOW saur|64/100
|
|t:|1645646720
|switch|p1a: Moltres|Moltres|100/100|[from]move: U-turn
|move|p2a: DIE NOW saur|Head Smash|p1a: Moltres
|-supereffective|p1a: Moltres
|-damage|p1a: Moltres|0 fnt
|-status|p2a: DIE NOW saur|brn|[from] ability: Flame Body|[of] p1a: Moltres
|faint|p1a: Moltres
|
|-damage|p2a: DIE NOW saur|58/100 brn|[from] brn
|upkeep
|
|t:|1645646725
|switch|p1a: Zygarde|Zygarde-10%|73/100
|-damage|p1a: Zygarde|67/100|[from] Stealth Rock
|-ability|p1a: Zygarde|Aura Break
|turn|35
|
|t:|1645646736
|move|p1a: Zygarde|Thousand Arrows|p2a: DIE NOW saur
|-supereffective|p2a: DIE NOW saur
|-damage|p2a: DIE NOW saur|0 fnt
|faint|p2a: DIE NOW saur
|
|upkeep
|
|t:|1645646768
|switch|p2a: woofy woof|Zygarde-10%|94/100
|-damage|p2a: woofy woof|88/100|[from] Stealth Rock
|-ability|p2a: woofy woof|Aura Break
|turn|36
|
|t:|1645646778
|move|p2a: woofy woof|Superpower|p1a: Zygarde
|-damage|p1a: Zygarde|0 fnt
|-unboost|p2a: woofy woof|atk|1
|-unboost|p2a: woofy woof|def|1
|faint|p1a: Zygarde
|
|upkeep
|
|t:|1645646780
|switch|p1a: Primarina|Primarina, M|80/100
|-damage|p1a: Primarina|68/100|[from] Stealth Rock
|turn|37
|
|t:|1645646798
|switch|p2a: peck ur neck|Mandibuzz, F|48/100
|move|p1a: Primarina|Moonblast|p2a: peck ur neck
|-supereffective|p2a: peck ur neck
|-damage|p2a: peck ur neck|0 fnt
|faint|p2a: peck ur neck
|
|upkeep
|
|t:|1645646812
|switch|p2a: woofy woof|Zygarde-10%|88/100
|-damage|p2a: woofy woof|82/100|[from] Stealth Rock
|-ability|p2a: woofy woof|Aura Break
|turn|38
|
|t:|1645646845
|move|p2a: woofy woof|Superpower|p1a: Primarina
|-resisted|p1a: Primarina
|-damage|p1a: Primarina|39/100
|-unboost|p2a: woofy woof|atk|1
|-unboost|p2a: woofy woof|def|1
|move|p1a: Primarina|Moonblast|p2a: woofy woof
|-supereffective|p2a: woofy woof
|-damage|p2a: woofy woof|0 fnt
|faint|p2a: woofy woof
|
|upkeep
|c|☆final distance|gg
|c|☆pif|gg
|
|t:|1645646854
|switch|p2a: king of things|Slowking, M|43/100
|-damage|p2a: king of things|31/100|[from] Stealth Rock
|turn|39
|-message|pif forfeited.
|
|win|final distance
|raw|final distance's rating: 1514 &rarr; <strong>1545</strong><br />(+31 for winning)
|raw|pif's rating: 1719 &rarr; <strong>1688</strong><br />(-31 for losing)
|l|☆pif
||Ladder isn't responding, score probably updated but might not have (Request timeout).
|l|☆final distance
|j|☆final distance
|player|p1|final distance|idol
