|j|☆sashh
|j|☆Corporate Donkey
|t:|1653786161
|gametype|singles
|player|p1|sashh|dawn|
|player|p2|Corporate Donkey|ingo|
|teamsize|p1|6
|teamsize|p2|6
|gen|8
|tier|[Gen 8] UU
|rule|Sleep Clause Mod: Limit one foe put to sleep
|rule|Species Clause: Limit one of each Pokémon
|rule|OHKO Clause: OHKO moves are banned
|rule|Evasion Moves Clause: Evasion moves are banned
|rule|Endless Battle Clause: Forcing endless battles is banned
|rule|HP Percentage Mod: HP is shown in percentages
|rule|Dynamax Clause: You cannot dynamax
|clearpoke
|poke|p1|Politoed, M|
|poke|p1|Keldeo-Resolute|
|poke|p1|Amoonguss, F|
|poke|p1|Excadrill, M|
|poke|p1|Tornadus, M|
|poke|p1|Kingdra, M|
|poke|p2|Hippowdon, F|
|poke|p2|Crobat, M|
|poke|p2|Hydreigon, M|
|poke|p2|Scizor, M|
|poke|p2|Rotom-Wash|
|poke|p2|Tangrowth, M|
|teampreview
|inactive|Battle timer is ON: inactive players will automatically lose when time's up. (requested by sashh)
|c|☆sashh|hf
|c|☆Corporate Donkey|thx yt
|inactive|Corporate Donkey has 270 seconds left.
|j| Its three am
|
|t:|1653786207
|start
|switch|p1a: Politoed|Politoed, M|100/100
|switch|p2a: Hogwash|Rotom-Wash|100/100
|-weather|RainDance|[from] ability: Drizzle|[of] p1a: Politoed
|turn|1
|j| Memedose46
|
|t:|1653786227
|move|p2a: Hogwash|Volt Switch|p1a: Politoed
|-supereffective|p1a: Politoed
|-damage|p1a: Politoed|58/100
|
|t:|1653786231
|switch|p2a: Boyardee|Tangrowth, M|100/100|[from]move: Volt Switch
|move|p1a: Politoed|Toxic|p2a: Boyardee
|-status|p2a: Boyardee|tox
|
|-weather|RainDance|[upkeep]
|-damage|p2a: Boyardee|94/100 tox|[from] psn
|upkeep
|turn|2
|j| gum
|
|t:|1653786236
|switch|p1a: Amoonguss|Amoonguss, F|100/100
|move|p2a: Boyardee|Knock Off|p1a: Amoonguss
|-damage|p1a: Amoonguss|85/100
|-enditem|p1a: Amoonguss|Eject Button|[from] move: Knock Off|[of] p2a: Boyardee
|
|-weather|RainDance|[upkeep]
|-damage|p2a: Boyardee|82/100 tox|[from] psn
|upkeep
|turn|3
|l| gum
|
|t:|1653786249
|switch|p2a: Ricardo|Hydreigon, M|100/100
|move|p1a: Amoonguss|Sludge Bomb|p2a: Ricardo
|-damage|p2a: Ricardo|68/100
|
|-weather|RainDance|[upkeep]
|upkeep
|turn|4
|inactive|sashh has 270 seconds left.
|
|t:|1653786296
|switch|p1a: Excadrill|Excadrill, M|100/100
|-ability|p1a: Excadrill|Mold Breaker
|move|p2a: Ricardo|Draco Meteor|p1a: Excadrill
|-resisted|p1a: Excadrill
|-damage|p1a: Excadrill|30/100
|-unboost|p2a: Ricardo|spa|2
|
|-weather|RainDance|[upkeep]
|-heal|p1a: Excadrill|36/100|[from] item: Leftovers
|upkeep
|turn|5
|inactive|sashh has 240 seconds left.
|j| gum
|
|t:|1653786329
|switch|p1a: Keldeo|Keldeo-Resolute|100/100
|move|p2a: Ricardo|Draco Meteor|p1a: Keldeo
|-damage|p1a: Keldeo|44/100
|-unboost|p2a: Ricardo|spa|2
|
|-weather|RainDance|[upkeep]
|upkeep
|turn|6
|inactive|sashh has 240 seconds left.
|c| gum|it's giving uu
|
|t:|1653786359
|switch|p2a: Boyardee|Tangrowth, M|100/100 tox
|move|p1a: Keldeo|Hydro Pump|p2a: Boyardee
|-resisted|p2a: Boyardee
|-damage|p2a: Boyardee|65/100 tox
|
|-weather|RainDance|[upkeep]
|-damage|p2a: Boyardee|58/100 tox|[from] psn
|upkeep
|turn|7
|c| gum|why is she a flop
|inactive|sashh has 210 seconds left.
|c| gum|why r we using rain
|
|t:|1653786385
|move|p1a: Keldeo|Hydro Pump|p2a: Boyardee|[miss]
|-miss|p1a: Keldeo|p2a: Boyardee
|move|p2a: Boyardee|Sludge Bomb|p1a: Keldeo
|-damage|p1a: Keldeo|20/100
|
|-weather|RainDance|[upkeep]
|-damage|p2a: Boyardee|46/100 tox|[from] psn
|upkeep
|turn|8
|inactive|sashh has 210 seconds left.
|
|t:|1653786403
|move|p1a: Keldeo|Hydro Pump|p2a: Boyardee
|-resisted|p2a: Boyardee
|-damage|p2a: Boyardee|4/100 tox
|move|p2a: Boyardee|Sludge Bomb|p1a: Keldeo
|-damage|p1a: Keldeo|0 fnt
|faint|p1a: Keldeo
|
|-weather|none
|-damage|p2a: Boyardee|0 fnt|[from] psn
|faint|p2a: Boyardee
|upkeep
|
|t:|1653786410
|switch|p1a: Politoed|Politoed, M|58/100
|switch|p2a: Chomper|Crobat, M|100/100
|-weather|RainDance|[from] ability: Drizzle|[of] p1a: Politoed
|turn|9
|
|t:|1653786414
|move|p2a: Chomper|Brave Bird|p1a: Politoed
|-crit|p1a: Politoed
|-damage|p1a: Politoed|0 fnt
|faint|p1a: Politoed
|-damage|p2a: Chomper|78/100|[from] Recoil
|
|-weather|RainDance|[upkeep]
|upkeep
|
|t:|1653786420
|switch|p1a: Kingdra|Kingdra, M|100/100
|turn|10
|
|t:|1653786430
|move|p1a: Kingdra|Hydro Pump|p2a: Chomper
|-damage|p2a: Chomper|0 fnt
|faint|p2a: Chomper
|-damage|p1a: Kingdra|91/100|[from] item: Life Orb
|
|-weather|RainDance|[upkeep]
|upkeep
|
|t:|1653786433
|switch|p2a: Hogwash|Rotom-Wash|100/100
|turn|11
|
|t:|1653786438
|move|p1a: Kingdra|Draco Meteor|p2a: Hogwash
|-crit|p2a: Hogwash
|-damage|p2a: Hogwash|0 fnt
|-unboost|p1a: Kingdra|spa|2
|faint|p2a: Hogwash
|-damage|p1a: Kingdra|81/100|[from] item: Life Orb
|
|-weather|RainDance|[upkeep]
|upkeep
|
|t:|1653786442
|switch|p2a: Slash|Scizor, M|100/100
|turn|12
|
|t:|1653786446
|move|p1a: Kingdra|Hydro Pump|p2a: Slash
|-damage|p2a: Slash|54/100
|-damage|p1a: Kingdra|71/100|[from] item: Life Orb
|move|p2a: Slash|Swords Dance|p2a: Slash
|-boost|p2a: Slash|atk|2
|
|-weather|RainDance|[upkeep]
|upkeep
|turn|13
|j| Zoppyboppy
|
|t:|1653786468
|switch|p1a: Amoonguss|Amoonguss, F|100/100
|move|p2a: Slash|Roost|p2a: Slash
|-heal|p2a: Slash|100/100
|-singleturn|p2a: Slash|move: Roost
|
|-weather|RainDance|[upkeep]
|upkeep
|turn|14
|
|t:|1653786480
|switch|p2a: Ricardo|Hydreigon, M|68/100
|move|p1a: Amoonguss|Spore|p2a: Ricardo
|-status|p2a: Ricardo|slp|[from] move: Spore
|
|-weather|RainDance|[upkeep]
|upkeep
|turn|15
|
|t:|1653786487
|switch|p1a: Tornadus|Tornadus, M|100/100
|cant|p2a: Ricardo|slp
|move|p2a: Ricardo|Sleep Talk|p2a: Ricardo
|move|p2a: Ricardo|Dark Pulse|p1a: Tornadus|[from]move: Sleep Talk
|-damage|p1a: Tornadus|22/100
|
|-weather|RainDance|[upkeep]
|upkeep
|turn|16
|
|t:|1653786496
|switch|p2a: Donna|Hippowdon, F|100/100
|-weather|Sandstorm|[from] ability: Sand Stream|[of] p2a: Donna
|move|p1a: Tornadus|Hurricane|p2a: Donna
|-damage|p2a: Donna|52/100
|
|-weather|Sandstorm|[upkeep]
|-damage|p1a: Tornadus|16/100|[from] Sandstorm
|-heal|p2a: Donna|58/100|[from] item: Leftovers
|upkeep
|turn|17
|
|t:|1653786518
|move|p1a: Tornadus|Nasty Plot|p1a: Tornadus
|-boost|p1a: Tornadus|spa|2
|move|p2a: Donna|Stealth Rock|p1a: Tornadus
|-sidestart|p1: sashh|move: Stealth Rock
|
|-weather|Sandstorm|[upkeep]
|-damage|p1a: Tornadus|10/100|[from] Sandstorm
|-heal|p2a: Donna|65/100|[from] item: Leftovers
|upkeep
|turn|18
|
|t:|1653786523
|move|p1a: Tornadus|Hurricane|p2a: Donna
|-damage|p2a: Donna|0 fnt
|faint|p2a: Donna
|
|-weather|Sandstorm|[upkeep]
|-damage|p1a: Tornadus|4/100|[from] Sandstorm
|upkeep
|
|t:|1653786526
|switch|p2a: Slash|Scizor, M|100/100
|turn|19
|
|t:|1653786530
|move|p2a: Slash|Bullet Punch|p1a: Tornadus
|-damage|p1a: Tornadus|0 fnt
|faint|p1a: Tornadus
|
|-weather|Sandstorm|[upkeep]
|upkeep
|inactive|sashh has 270 seconds left.
|
|t:|1653786541
|switch|p1a: Amoonguss|Amoonguss, F|100/100
|-damage|p1a: Amoonguss|88/100|[from] Stealth Rock
|turn|20
|
|t:|1653786544
|switch|p2a: Ricardo|Hydreigon, M|68/100 slp
|move|p1a: Amoonguss|Foul Play|p2a: Ricardo
|-resisted|p2a: Ricardo
|-damage|p2a: Ricardo|58/100 slp
|
|-weather|none
|upkeep
|turn|21
|
|t:|1653786556
|cant|p2a: Ricardo|slp
|move|p2a: Ricardo|Sleep Talk|p2a: Ricardo
|move|p2a: Ricardo|Draco Meteor|p1a: Amoonguss|[from]move: Sleep Talk
|-damage|p1a: Amoonguss|2/100
|-unboost|p2a: Ricardo|spa|2
|move|p1a: Amoonguss|Sludge Bomb|p2a: Ricardo
|-damage|p2a: Ricardo|24/100 slp
|
|upkeep
|turn|22
|
|t:|1653786568
|switch|p2a: Slash|Scizor, M|100/100
|switch|p1a: Excadrill|Excadrill, M|36/100
|-damage|p1a: Excadrill|33/100|[from] Stealth Rock
|-ability|p1a: Excadrill|Mold Breaker
|
|-heal|p1a: Excadrill|39/100|[from] item: Leftovers
|upkeep
|turn|23
|
|t:|1653786576
|move|p1a: Excadrill|Earthquake|p2a: Slash
|-damage|p2a: Slash|50/100
|move|p2a: Slash|Knock Off|p1a: Excadrill
|-damage|p1a: Excadrill|0 fnt
|-enditem|p1a: Excadrill|Leftovers|[from] move: Knock Off|[of] p2a: Slash
|faint|p1a: Excadrill
|
|upkeep
|
|t:|1653786580
|switch|p1a: Kingdra|Kingdra, M|71/100
|-damage|p1a: Kingdra|58/100|[from] Stealth Rock
|turn|24
|
|t:|1653786596
|move|p2a: Slash|Bullet Punch|p1a: Kingdra
|-resisted|p1a: Kingdra
|-damage|p1a: Kingdra|40/100
|move|p1a: Kingdra|Hydro Pump|p2a: Slash
|-damage|p2a: Slash|0 fnt
|faint|p2a: Slash
|-damage|p1a: Kingdra|30/100|[from] item: Life Orb
|
|upkeep
|
|t:|1653786599
|switch|p2a: Ricardo|Hydreigon, M|24/100 slp
|turn|25
|
|t:|1653786606
|cant|p2a: Ricardo|slp
|move|p1a: Kingdra|Surf|p2a: Ricardo
|-resisted|p2a: Ricardo
|-damage|p2a: Ricardo|0 fnt
|faint|p2a: Ricardo
|-damage|p1a: Kingdra|20/100|[from] item: Life Orb
|
|win|sashh
|c|☆sashh|gg
|c|☆Corporate Donkey|gg
|c| gum|ATEEEE
|l| Its three am
|l| gum
|l|☆sashh
