|j|☆Van Du
|j|☆HannibalKantter
|t:|1604330930
|player|p1|Van Du|clerkf|1148
|player|p2|HannibalKantter|ingo|1141
|teamsize|p1|6
|teamsize|p2|6
|gametype|singles
|gen|8
|tier|[Gen 8] UU
|rated|
|clearpoke
|poke|p1|Hippowdon, M|
|poke|p1|Tentacruel, F|
|poke|p1|Lycanroc, F|
|poke|p1|Scizor, M|
|poke|p1|Dracozolt|
|poke|p1|Gyarados, M|
|poke|p2|Volcarona, M|
|poke|p2|Metagross|
|poke|p2|Cloyster, M|
|poke|p2|Thundurus, M|
|poke|p2|Malamar, M|
|poke|p2|Tangrowth, M|
|rule|Sleep Clause Mod: Limit one foe put to sleep
|rule|Species Clause: Limit one of each Pokémon
|rule|OHKO Clause: OHKO moves are banned
|rule|Evasion Moves Clause: Evasion moves are banned
|rule|Endless Battle Clause: Forcing endless battles is banned
|rule|HP Percentage Mod: HP is shown in percentages
|rule|Dynamax Clause: You cannot dynamax
|teampreview
|inactive|Battle timer is ON: inactive players will automatically lose when time's up. (requested by Van Du)
|
|t:|1604330937
|start
|switch|p1a: Camau Jungle|Hippowdon, M|100/100
|switch|p2a: Zeus's Cat|Thundurus, M|100/100
|-weather|Sandstorm|[from] ability: Sand Stream|[of] p1a: Camau Jungle
|turn|1
|
|t:|1604330945
|move|p2a: Zeus's Cat|Grass Knot|p1a: Camau Jungle
|-supereffective|p1a: Camau Jungle
|-damage|p1a: Camau Jungle|38/100
|move|p1a: Camau Jungle|Whirlwind|p2a: Zeus's Cat
|drag|p2a: Malamardo|Malamar, M|100/100
|
|-weather|Sandstorm|[upkeep]
|-damage|p2a: Malamardo|94/100|[from] Sandstorm
|-heal|p2a: Malamardo|100/100|[from] item: Leftovers
|upkeep
|turn|2
|
|t:|1604330957
|move|p2a: Malamardo|Knock Off|p1a: Camau Jungle
|-damage|p1a: Camau Jungle|18/100
|-enditem|p1a: Camau Jungle|Smooth Rock|[from] move: Knock Off|[of] p2a: Malamardo
|move|p1a: Camau Jungle|Slack Off|p1a: Camau Jungle
|-heal|p1a: Camau Jungle|68/100
|
|-weather|Sandstorm|[upkeep]
|-damage|p2a: Malamardo|94/100|[from] Sandstorm
|-heal|p2a: Malamardo|100/100|[from] item: Leftovers
|upkeep
|turn|3
|
|t:|1604330967
|move|p2a: Malamardo|Superpower|p1a: Camau Jungle
|-damage|p1a: Camau Jungle|52/100
|-boost|p2a: Malamardo|atk|1
|-boost|p2a: Malamardo|def|1
|move|p1a: Camau Jungle|Whirlwind|p2a: Malamardo
|drag|p2a: Potgrowth|Tangrowth, M, shiny|100/100
|
|-weather|Sandstorm|[upkeep]
|-damage|p2a: Potgrowth|94/100|[from] Sandstorm
|upkeep
|turn|4
|
|t:|1604330981
|move|p2a: Potgrowth|Giga Drain|p1a: Camau Jungle
|-supereffective|p1a: Camau Jungle
|-damage|p1a: Camau Jungle|4/100
|-heal|p2a: Potgrowth|100/100|[from] drain|[of] p1a: Camau Jungle
|move|p1a: Camau Jungle|Whirlwind|p2a: Potgrowth
|drag|p2a: Malamardo|Malamar, M|100/100
|
|-weather|Sandstorm|[upkeep]
|-damage|p2a: Malamardo|94/100|[from] Sandstorm
|-heal|p2a: Malamardo|100/100|[from] item: Leftovers
|upkeep
|turn|5
|
|t:|1604330992
|switch|p1a: Invader|Tentacruel, F|100/100
|move|p2a: Malamardo|Superpower|p1a: Invader
|-resisted|p1a: Invader
|-damage|p1a: Invader|86/100
|-boost|p2a: Malamardo|atk|1
|-boost|p2a: Malamardo|def|1
|
|-weather|Sandstorm|[upkeep]
|-damage|p1a: Invader|80/100|[from] Sandstorm
|-damage|p2a: Malamardo|94/100|[from] Sandstorm
|-heal|p1a: Invader|86/100|[from] item: Black Sludge
|-heal|p2a: Malamardo|100/100|[from] item: Leftovers
|upkeep
|turn|6
|
|t:|1604331005
|move|p1a: Invader|Toxic Spikes|p2a: Malamardo
|-sidestart|p2: HannibalKantter|move: Toxic Spikes
|move|p2a: Malamardo|Psycho Cut|p1a: Invader
|-supereffective|p1a: Invader
|-damage|p1a: Invader|4/100
|
|-weather|Sandstorm|[upkeep]
|-damage|p1a: Invader|0 fnt|[from] Sandstorm
|-damage|p2a: Malamardo|94/100|[from] Sandstorm
|faint|p1a: Invader
|-heal|p2a: Malamardo|100/100|[from] item: Leftovers
|upkeep
|
|t:|1604331019
|switch|p1a: Bug Machine|Scizor, M, shiny|100/100
|turn|7
|
|t:|1604331025
|move|p2a: Malamardo|Knock Off|p1a: Bug Machine
|-damage|p1a: Bug Machine|58/100
|-enditem|p1a: Bug Machine|Leftovers|[from] move: Knock Off|[of] p2a: Malamardo
|move|p1a: Bug Machine|Knock Off|p2a: Malamardo
|-damage|p2a: Malamardo|75/100
|-enditem|p2a: Malamardo|Leftovers|[from] move: Knock Off|[of] p1a: Bug Machine
|
|-weather|Sandstorm|[upkeep]
|-damage|p2a: Malamardo|69/100|[from] Sandstorm
|upkeep
|turn|8
|
|t:|1604331039
|move|p2a: Malamardo|Superpower|p1a: Bug Machine
|-damage|p1a: Bug Machine|21/100
|-boost|p2a: Malamardo|atk|1
|-boost|p2a: Malamardo|def|1
|move|p1a: Bug Machine|Swords Dance|p1a: Bug Machine
|-boost|p1a: Bug Machine|atk|2
|
|-weather|none
|upkeep
|turn|9
|
|t:|1604331049
|move|p1a: Bug Machine|Bullet Punch|p2a: Malamardo
|-damage|p2a: Malamardo|37/100
|move|p2a: Malamardo|Superpower|p1a: Bug Machine
|-damage|p1a: Bug Machine|0 fnt
|-boost|p2a: Malamardo|atk|1
|-boost|p2a: Malamardo|def|1
|faint|p1a: Bug Machine
|
|upkeep
|
|t:|1604331059
|switch|p1a: Camau Jungle|Hippowdon, M|4/100
|-weather|Sandstorm|[from] ability: Sand Stream|[of] p1a: Camau Jungle
|turn|10
|
|t:|1604331066
|move|p2a: Malamardo|Superpower|p1a: Camau Jungle
|-damage|p1a: Camau Jungle|0 fnt
|-boost|p2a: Malamardo|atk|1
|-boost|p2a: Malamardo|def|1
|faint|p1a: Camau Jungle
|
|-weather|Sandstorm|[upkeep]
|-damage|p2a: Malamardo|31/100|[from] Sandstorm
|upkeep
|
|t:|1604331075
|switch|p1a: T.Rex|Dracozolt|100/100
|turn|11
|
|t:|1604331081
|move|p1a: T.Rex|Bolt Beak|p2a: Malamardo
|-damage|p2a: Malamardo|0 fnt
|-damage|p1a: T.Rex|91/100|[from] item: Life Orb
|faint|p2a: Malamardo
|
|-weather|Sandstorm|[upkeep]
|upkeep
|
|t:|1604331087
|switch|p2a: Potgrowth|Tangrowth, M, shiny|100/100
|-status|p2a: Potgrowth|psn
|turn|12
|
|t:|1604331098
|move|p1a: T.Rex|Outrage|p2a: Potgrowth
|-damage|p2a: Potgrowth|52/100 psn
|-damage|p1a: T.Rex|81/100|[from] item: Life Orb
|move|p2a: Potgrowth|Knock Off|p1a: T.Rex
|-crit|p1a: T.Rex
|-damage|p1a: T.Rex|38/100
|-enditem|p1a: T.Rex|Life Orb|[from] move: Knock Off|[of] p2a: Potgrowth
|
|-weather|Sandstorm|[upkeep]
|-damage|p2a: Potgrowth|46/100 psn|[from] Sandstorm
|-damage|p2a: Potgrowth|34/100 psn|[from] psn
|upkeep
|turn|13
|
|t:|1604331114
|switch|p2a: Steven|Metagross, shiny|100/100
|move|p1a: T.Rex|Outrage|p2a: Steven|[from]lockedmove
|-resisted|p2a: Steven
|-damage|p2a: Steven|82/100
|-start|p1a: T.Rex|confusion|[fatigue]
|
|-weather|Sandstorm|[upkeep]
|upkeep
|turn|14
|
|t:|1604331124
|move|p2a: Steven|Bullet Punch|p1a: T.Rex
|-resisted|p1a: T.Rex
|-damage|p1a: T.Rex|25/100
|-activate|p1a: T.Rex|confusion
|-damage|p1a: T.Rex|10/100|[from] confusion
|
|-weather|none
|upkeep
|turn|15
|
|t:|1604331132
|move|p2a: Steven|Bullet Punch|p1a: T.Rex
|-resisted|p1a: T.Rex
|-damage|p1a: T.Rex|0 fnt
|faint|p1a: T.Rex
|
|upkeep
|
|t:|1604331138
|switch|p1a: Gyarares|Gyarados, M, shiny|100/100
|turn|16
|
|t:|1604331141
|move|p1a: Gyarares|Dragon Dance|p1a: Gyarares
|-boost|p1a: Gyarares|atk|1
|-boost|p1a: Gyarares|spe|1
|move|p2a: Steven|Zen Headbutt|p1a: Gyarares
|-damage|p1a: Gyarares|44/100
|
|-heal|p1a: Gyarares|50/100|[from] item: Leftovers
|upkeep
|turn|17
|
|t:|1604331150
|move|p1a: Gyarares|Earthquake|p2a: Steven
|-supereffective|p2a: Steven
|-damage|p2a: Steven|11/100
|move|p2a: Steven|Zen Headbutt|p1a: Gyarares
|-damage|p1a: Gyarares|0 fnt
|faint|p1a: Gyarares
|
|upkeep
|-message|Van Du forfeited.
|
|win|HannibalKantter
|l|☆Van Du
