|j|☆ecarvallo
|j|☆whole lotta bread
|t:|1655754503
|gametype|singles
|player|p1|ecarvallo|dawn|1431
|player|p2|whole lotta bread|roughneck-gen4|1450
|teamsize|p1|6
|teamsize|p2|6
|gen|8
|tier|[Gen 8] UU
|rated|
|rule|Sleep Clause Mod: Limit one foe put to sleep
|rule|Species Clause: Limit one of each Pokémon
|rule|OHKO Clause: OHKO moves are banned
|rule|Evasion Moves Clause: Evasion moves are banned
|rule|Endless Battle Clause: Forcing endless battles is banned
|rule|HP Percentage Mod: HP is shown in percentages
|rule|Dynamax Clause: You cannot dynamax
|clearpoke
|poke|p1|Marowak-Alola, M|
|poke|p1|Torkoal, M|
|poke|p1|Conkeldurr, M|
|poke|p1|Hatterene, F|
|poke|p1|Porygon2|
|poke|p1|Cresselia, F|
|poke|p2|Hippowdon, M|
|poke|p2|Amoonguss, F|
|poke|p2|Excadrill, F|
|poke|p2|Slowking, M|
|poke|p2|Conkeldurr, M|
|poke|p2|Hydreigon, F|
|teampreview
|inactive|Battle timer is ON: inactive players will automatically lose when time's up. (requested by whole lotta bread)
|
|t:|1655754511
|start
|switch|p1a: Hatterene|Hatterene, F, shiny|100/100
|switch|p2a: Conkeldurr|Conkeldurr, M|100/100
|turn|1
|inactive|whole lotta bread has 120 seconds left.
|inactive|whole lotta bread has 90 seconds left.
|
|t:|1655754573
|move|p2a: Conkeldurr|Knock Off|p1a: Hatterene
|-damage|p1a: Hatterene|72/100
|-enditem|p1a: Hatterene|Focus Sash|[from] move: Knock Off|[of] p2a: Conkeldurr
|move|p1a: Hatterene|Trick Room|p1a: Hatterene
|-fieldstart|move: Trick Room|[of] p1a: Hatterene
|
|-status|p2a: Conkeldurr|brn|[from] item: Flame Orb
|upkeep
|turn|2
|inactive|ecarvallo has 120 seconds left.
|
|t:|1655754607
|switch|p2a: Hippowdon|Hippowdon, M|100/100
|-weather|Sandstorm|[from] ability: Sand Stream|[of] p2a: Hippowdon
|move|p1a: Hatterene|Psychic|p2a: Hippowdon
|-damage|p2a: Hippowdon|73/100
|
|-weather|Sandstorm|[upkeep]
|-damage|p1a: Hatterene|66/100|[from] Sandstorm
|-heal|p2a: Hippowdon|79/100|[from] item: Leftovers
|upkeep
|turn|3
|
|t:|1655754613
|switch|p1a: Torkoal|Torkoal, M, shiny|100/100
|-weather|SunnyDay|[from] ability: Drought|[of] p1a: Torkoal
|move|p2a: Hippowdon|Earthquake|p1a: Torkoal
|-supereffective|p1a: Torkoal
|-damage|p1a: Torkoal|39/100
|
|-weather|SunnyDay|[upkeep]
|-heal|p2a: Hippowdon|85/100|[from] item: Leftovers
|upkeep
|turn|4
|
|t:|1655754619
|move|p1a: Torkoal|Solar Beam||[still]
|-prepare|p1a: Torkoal|Solar Beam
|-anim|p1a: Torkoal|Solar Beam|p2a: Hippowdon
|-supereffective|p2a: Hippowdon
|-damage|p2a: Hippowdon|10/100
|move|p2a: Hippowdon|Stealth Rock|p1a: Torkoal
|-sidestart|p1: ecarvallo|move: Stealth Rock
|
|-weather|SunnyDay|[upkeep]
|-heal|p2a: Hippowdon|16/100|[from] item: Leftovers
|upkeep
|turn|5
|
|t:|1655754636
|switch|p1a: Hatterene|Hatterene, F, shiny|66/100
|-damage|p1a: Hatterene|53/100|[from] Stealth Rock
|switch|p2a: Hydreigon|Hydreigon, F|100/100
|
|-weather|SunnyDay|[upkeep]
|-fieldend|move: Trick Room
|upkeep
|turn|6
|
|t:|1655754639
|move|p2a: Hydreigon|Dark Pulse|p1a: Hatterene
|-damage|p1a: Hatterene|0 fnt
|faint|p1a: Hatterene
|-damage|p2a: Hydreigon|91/100|[from] item: Life Orb
|
|-weather|SunnyDay|[upkeep]
|upkeep
|
|t:|1655754643
|switch|p1a: Porygon2|Porygon2|100/100
|-damage|p1a: Porygon2|88/100|[from] Stealth Rock
|-ability|p1a: Porygon2|Levitate|[from] ability: Trace|[of] p2a: Hydreigon
|turn|7
|
|t:|1655754650
|move|p2a: Hydreigon|Dark Pulse|p1a: Porygon2
|-damage|p1a: Porygon2|65/100
|-damage|p2a: Hydreigon|81/100|[from] item: Life Orb
|move|p1a: Porygon2|Trick Room|p1a: Porygon2
|-fieldstart|move: Trick Room|[of] p1a: Porygon2
|
|-weather|none
|upkeep
|turn|8
|
|t:|1655754658
|switch|p2a: Slowking|Slowking, M|100/100
|move|p1a: Porygon2|Teleport|p1a: Porygon2
|
|t:|1655754664
|switch|p1a: Marowak|Marowak-Alola, M|100/100|[from]move: Teleport
|-damage|p1a: Marowak|76/100|[from] Stealth Rock
|
|upkeep
|turn|9
|
|t:|1655754669
|move|p2a: Slowking|Scald|p1a: Marowak
|-supereffective|p1a: Marowak
|-damage|p1a: Marowak|8/100
|move|p1a: Marowak|Poltergeist|p2a: Slowking
|-activate|p2a: Slowking|move: Poltergeist|Heavy-Duty Boots
|-supereffective|p2a: Slowking
|-damage|p2a: Slowking|0 fnt
|faint|p2a: Slowking
|
|upkeep
|
|t:|1655754676
|switch|p2a: Hydreigon|Hydreigon, F|81/100
|turn|10
|
|t:|1655754680
|move|p1a: Marowak|Flare Blitz|p2a: Hydreigon
|-resisted|p2a: Hydreigon
|-damage|p2a: Hydreigon|27/100
|move|p2a: Hydreigon|Roost|p2a: Hydreigon
|-heal|p2a: Hydreigon|77/100
|-singleturn|p2a: Hydreigon|move: Roost
|
|upkeep
|turn|11
|
|t:|1655754686
|move|p1a: Marowak|Flare Blitz|p2a: Hydreigon
|-resisted|p2a: Hydreigon
|-damage|p2a: Hydreigon|24/100
|move|p2a: Hydreigon|Roost|p2a: Hydreigon
|-heal|p2a: Hydreigon|74/100
|-singleturn|p2a: Hydreigon|move: Roost
|
|-fieldend|move: Trick Room
|upkeep
|turn|12
|
|t:|1655754690
|move|p2a: Hydreigon|Dark Pulse|p1a: Marowak
|-supereffective|p1a: Marowak
|-damage|p1a: Marowak|0 fnt
|faint|p1a: Marowak
|-damage|p2a: Hydreigon|64/100|[from] item: Life Orb
|
|upkeep
|
|t:|1655754693
|switch|p1a: Porygon2|Porygon2|65/100
|-damage|p1a: Porygon2|53/100|[from] Stealth Rock
|-ability|p1a: Porygon2|Levitate|[from] ability: Trace|[of] p2a: Hydreigon
|turn|13
|
|t:|1655754697
|move|p2a: Hydreigon|Dark Pulse|p1a: Porygon2
|-damage|p1a: Porygon2|29/100
|-damage|p2a: Hydreigon|54/100|[from] item: Life Orb
|move|p1a: Porygon2|Recover|p1a: Porygon2
|-heal|p1a: Porygon2|79/100
|
|upkeep
|turn|14
|
|t:|1655754710
|move|p2a: Hydreigon|Roost|p2a: Hydreigon
|-heal|p2a: Hydreigon|100/100
|-singleturn|p2a: Hydreigon|move: Roost
|move|p1a: Porygon2|Trick Room|p1a: Porygon2
|-fieldstart|move: Trick Room|[of] p1a: Porygon2
|
|upkeep
|turn|15
|
|t:|1655754717
|switch|p2a: Hippowdon|Hippowdon, M|16/100
|-weather|Sandstorm|[from] ability: Sand Stream|[of] p2a: Hippowdon
|move|p1a: Porygon2|Teleport|p1a: Porygon2
|
|t:|1655754729
|switch|p1a: Cresselia|Cresselia, F, shiny|100/100|[from]move: Teleport
|-damage|p1a: Cresselia|88/100|[from] Stealth Rock
|
|-weather|Sandstorm|[upkeep]
|-damage|p1a: Cresselia|82/100|[from] Sandstorm
|-heal|p2a: Hippowdon|22/100|[from] item: Leftovers
|upkeep
|turn|16
|
|t:|1655754732
|move|p2a: Hippowdon|Slack Off|p2a: Hippowdon
|-heal|p2a: Hippowdon|72/100
|move|p1a: Cresselia|Ice Beam|p2a: Hippowdon
|-supereffective|p2a: Hippowdon
|-damage|p2a: Hippowdon|50/100
|
|-weather|Sandstorm|[upkeep]
|-damage|p1a: Cresselia|76/100|[from] Sandstorm
|-heal|p2a: Hippowdon|56/100|[from] item: Leftovers
|upkeep
|turn|17
|
|t:|1655754736
|switch|p1a: Conkeldurr|Conkeldurr, M|100/100
|-damage|p1a: Conkeldurr|94/100|[from] Stealth Rock
|move|p2a: Hippowdon|Toxic|p1a: Conkeldurr
|-status|p1a: Conkeldurr|tox
|
|-weather|Sandstorm|[upkeep]
|-damage|p1a: Conkeldurr|88/100 tox|[from] Sandstorm
|-heal|p2a: Hippowdon|63/100|[from] item: Leftovers
|-damage|p1a: Conkeldurr|82/100 tox|[from] psn
|upkeep
|turn|18
|
|t:|1655754740
|move|p1a: Conkeldurr|Ice Punch|p2a: Hippowdon
|-supereffective|p2a: Hippowdon
|-damage|p2a: Hippowdon|0 fnt
|faint|p2a: Hippowdon
|
|-weather|Sandstorm|[upkeep]
|-damage|p1a: Conkeldurr|76/100 tox|[from] Sandstorm
|-damage|p1a: Conkeldurr|64/100 tox|[from] psn
|-fieldend|move: Trick Room
|upkeep
|
|t:|1655754749
|switch|p2a: Hydreigon|Hydreigon, F|100/100
|turn|19
|
|t:|1655754755
|move|p2a: Hydreigon|Draco Meteor|p1a: Conkeldurr
|-damage|p1a: Conkeldurr|0 fnt
|-unboost|p2a: Hydreigon|spa|2
|faint|p1a: Conkeldurr
|-damage|p2a: Hydreigon|91/100|[from] item: Life Orb
|
|-weather|none
|upkeep
|
|t:|1655754759
|switch|p1a: Cresselia|Cresselia, F, shiny|76/100
|-damage|p1a: Cresselia|64/100|[from] Stealth Rock
|turn|20
|c|☆whole lotta bread|gg
|
|t:|1655754768
|switch|p2a: Excadrill|Excadrill, F|100/100
|move|p1a: Cresselia|Trick Room|p1a: Cresselia
|-fieldstart|move: Trick Room|[of] p1a: Cresselia
|
|upkeep
|turn|21
|inactive|ecarvallo has 120 seconds left.
|
|t:|1655754802
|move|p1a: Cresselia|Lunar Dance|p1a: Cresselia
|faint|p1a: Cresselia
|move|p2a: Excadrill|Swords Dance|p2a: Excadrill
|-boost|p2a: Excadrill|atk|2
|
|upkeep
|
|t:|1655754804
|switch|p1a: Torkoal|Torkoal, M, shiny|39/100
|-heal|p1a: Torkoal|100/100|[from] move: Lunar Dance
|-damage|p1a: Torkoal|75/100|[from] Stealth Rock
|-weather|SunnyDay|[from] ability: Drought|[of] p1a: Torkoal
|turn|22
|inactive|whole lotta bread has 120 seconds left.
|
|t:|1655754838
|switch|p2a: Amoonguss|Amoonguss, F|100/100
|move|p1a: Torkoal|Weather Ball|p2a: Amoonguss
|-supereffective|p2a: Amoonguss
|-damage|p2a: Amoonguss|0 fnt
|faint|p2a: Amoonguss
|
|-weather|SunnyDay|[upkeep]
|upkeep
|inactive|whole lotta bread has 120 seconds left.
|
|t:|1655754843
|switch|p2a: Hydreigon|Hydreigon, F|91/100
|turn|23
|
|t:|1655754847
|move|p1a: Torkoal|Weather Ball|p2a: Hydreigon
|-resisted|p2a: Hydreigon
|-damage|p2a: Hydreigon|31/100
|move|p2a: Hydreigon|Dark Pulse|p1a: Torkoal
|-damage|p1a: Torkoal|0 fnt
|faint|p1a: Torkoal
|-damage|p2a: Hydreigon|21/100|[from] item: Life Orb
|
|-weather|SunnyDay|[upkeep]
|upkeep
|
|t:|1655754853
|switch|p1a: Porygon2|Porygon2|79/100
|-damage|p1a: Porygon2|66/100|[from] Stealth Rock
|-ability|p1a: Porygon2|Levitate|[from] ability: Trace|[of] p2a: Hydreigon
|turn|24
|
|t:|1655754860
|move|p1a: Porygon2|Recover|p1a: Porygon2
|-heal|p1a: Porygon2|100/100
|move|p2a: Hydreigon|Flamethrower|p1a: Porygon2
|-damage|p1a: Porygon2|75/100
|-damage|p2a: Hydreigon|11/100|[from] item: Life Orb
|
|-weather|SunnyDay|[upkeep]
|-fieldend|move: Trick Room
|upkeep
|turn|25
|
|t:|1655754868
|move|p2a: Hydreigon|Roost|p2a: Hydreigon
|-heal|p2a: Hydreigon|61/100
|-singleturn|p2a: Hydreigon|move: Roost
|move|p1a: Porygon2|Recover|p1a: Porygon2
|-heal|p1a: Porygon2|100/100
|
|-weather|SunnyDay|[upkeep]
|upkeep
|turn|26
|-message|ecarvallo forfeited.
|
|win|whole lotta bread
|raw|ecarvallo's rating: 1431 &rarr; <strong>1413</strong><br />(-18 for losing)
|raw|whole lotta bread's rating: 1460 &rarr; <strong>1478</strong><br />(+18 for winning)
|l|☆ecarvallo
