|j|☆Flopciety
|j|☆pif
|t:|1661654612
|gametype|singles
|player|p1|Flopciety|clerkf|1398
|player|p2|pif|#uutrio2ladder|1786
|teamsize|p1|6
|teamsize|p2|6
|gen|8
|tier|[Gen 8] UU
|rated|
|rule|Sleep Clause Mod: Limit one foe put to sleep
|rule|Species Clause: Limit one of each Pokémon
|rule|OHKO Clause: OHKO moves are banned
|rule|Evasion Items Clause: Evasion items are banned
|rule|Evasion Moves Clause: Evasion moves are banned
|rule|Endless Battle Clause: Forcing endless battles is banned
|rule|HP Percentage Mod: HP is shown in percentages
|rule|Dynamax Clause: You cannot dynamax
|clearpoke
|poke|p1|Crawdaunt, F|
|poke|p1|Gyarados, F|
|poke|p1|Rhyperior, M|
|poke|p1|Raikou|
|poke|p1|Scizor, F|
|poke|p1|Salamence, M|
|poke|p2|Necrozma|
|poke|p2|Krookodile, M|
|poke|p2|Rotom-Wash|
|poke|p2|Registeel|
|poke|p2|Tapu Bulu|
|poke|p2|Salamence, F|
|teampreview
|c|☆Flopciety|hf
|c|☆pif|hf
|
|t:|1661654640
|start
|switch|p1a: Raikou|Raikou|100/100
|switch|p2a: Rotom|Rotom-Wash|100/100
|turn|1
|
|t:|1661654645
|move|p1a: Raikou|Thunderbolt|p2a: Rotom
|-damage|p2a: Rotom|51/100
|move|p2a: Rotom|Volt Switch|p1a: Raikou
|-resisted|p1a: Raikou
|-damage|p1a: Raikou|88/100
|
|t:|1661654653
|switch|p2a: Tapu Bulu|Tapu Bulu|100/100|[from]move: Volt Switch
|-fieldstart|move: Grassy Terrain|[from] ability: Grassy Surge|[of] p2a: Tapu Bulu
|
|-heal|p1a: Raikou|94/100|[from] Grassy Terrain
|upkeep
|turn|2
|
|t:|1661654658
|switch|p2a: Registeel|Registeel|100/100
|switch|p1a: Salamence|Salamence, M|100/100
|-ability|p1a: Salamence|Intimidate|boost
|-fail|p2a: Registeel|unboost|[from] ability: Clear Body|[of] p2a: Registeel
|
|upkeep
|turn|3
|
|t:|1661654669
|move|p1a: Salamence|Flamethrower|p2a: Registeel
|-supereffective|p2a: Registeel
|-damage|p2a: Registeel|70/100
|move|p2a: Registeel|Iron Defense|p2a: Registeel
|-boost|p2a: Registeel|def|2
|
|-heal|p2a: Registeel|76/100|[from] Grassy Terrain
|upkeep
|turn|4
|
|t:|1661654674
|switch|p1a: Raikou|Raikou|94/100
|move|p2a: Registeel|Amnesia|p2a: Registeel
|-boost|p2a: Registeel|spd|2
|
|-heal|p1a: Raikou|99/100|[from] Grassy Terrain
|-heal|p2a: Registeel|82/100|[from] Grassy Terrain
|upkeep
|turn|5
|
|t:|1661654680
|move|p1a: Raikou|Thunder Wave|p2a: Registeel
|-status|p2a: Registeel|par
|move|p2a: Registeel|Iron Defense|p2a: Registeel
|-boost|p2a: Registeel|def|2
|
|-heal|p1a: Raikou|100/100|[from] Grassy Terrain
|-heal|p2a: Registeel|88/100 par|[from] Grassy Terrain
|-fieldend|move: Grassy Terrain
|upkeep
|turn|6
|
|t:|1661654684
|move|p1a: Raikou|Volt Switch|p2a: Registeel
|-damage|p2a: Registeel|78/100 par
|
|t:|1661654690
|switch|p1a: Gyarados|Gyarados, F|100/100|[from]move: Volt Switch
|-ability|p1a: Gyarados|Intimidate|boost
|-fail|p2a: Registeel|unboost|[from] ability: Clear Body|[of] p2a: Registeel
|move|p2a: Registeel|Body Press|p1a: Gyarados
|-resisted|p1a: Gyarados
|-damage|p1a: Gyarados|37/100
|
|-heal|p1a: Gyarados|43/100|[from] item: Leftovers
|upkeep
|turn|7
|
|t:|1661654694
|move|p1a: Gyarados|Substitute|p1a: Gyarados
|-start|p1a: Gyarados|Substitute
|-damage|p1a: Gyarados|18/100
|move|p2a: Registeel|Body Press|p1a: Gyarados
|-resisted|p1a: Gyarados
|-end|p1a: Gyarados|Substitute
|
|-heal|p1a: Gyarados|24/100|[from] item: Leftovers
|upkeep
|turn|8
|
|t:|1661654698
|move|p1a: Gyarados|Waterfall|p2a: Registeel
|-damage|p2a: Registeel|71/100 par
|cant|p2a: Registeel|flinch
|
|-heal|p1a: Gyarados|30/100|[from] item: Leftovers
|upkeep
|turn|9
|
|t:|1661654700
|move|p1a: Gyarados|Waterfall|p2a: Registeel
|-damage|p2a: Registeel|63/100 par
|move|p2a: Registeel|Rest|p2a: Registeel
|-status|p2a: Registeel|slp|[from] move: Rest
|-heal|p2a: Registeel|100/100 slp|[silent]
|-enditem|p2a: Registeel|Chesto Berry|[eat]
|-curestatus|p2a: Registeel|slp|[msg]
|
|-heal|p1a: Gyarados|36/100|[from] item: Leftovers
|upkeep
|turn|10
|-message|Flopciety forfeited.
|
|win|pif
|raw|Flopciety's rating: 1398 &rarr; <strong>1394</strong><br />(-4 for losing)
|raw|pif's rating: 1786 &rarr; <strong>1790</strong><br />(+4 for winning)
|l|☆Flopciety
|j| Johntrell Jingle
|l| Johntrell Jingle
||Ladder isn't responding, score probably updated but might not have (Request timeout).
