|j|☆galactest bro !
|j|☆The SD sweep
|t:|1661256618
|gametype|singles
|player|p1|galactest bro !|dragontamer|1460
|player|p2|The SD sweep|siebold|1653
|teamsize|p1|6
|teamsize|p2|6
|gen|8
|tier|[Gen 8] UU
|rated|
|rule|Sleep Clause Mod: Limit one foe put to sleep
|rule|Species Clause: Limit one of each Pokémon
|rule|OHKO Clause: OHKO moves are banned
|rule|Evasion Items Clause: Evasion items are banned
|rule|Evasion Moves Clause: Evasion moves are banned
|rule|Endless Battle Clause: Forcing endless battles is banned
|rule|HP Percentage Mod: HP is shown in percentages
|rule|Dynamax Clause: You cannot dynamax
|clearpoke
|poke|p1|Cobalion|
|poke|p1|Zygarde-10%|
|poke|p1|Skarmory, M|
|poke|p1|Amoonguss, F|
|poke|p1|Reuniclus, F|
|poke|p1|Milotic, F|
|poke|p2|Keldeo-Resolute|
|poke|p2|Lycanroc-Dusk, M|
|poke|p2|Scolipede, M|
|poke|p2|Scizor, M|
|poke|p2|Mamoswine, F|
|poke|p2|Haxorus, M|
|teampreview
|inactive|Battle timer is ON: inactive players will automatically lose when time's up. (requested by The SD sweep)
|c|☆galactest bro !|you run the ladder ^^
|inactive|galactest bro ! has 120 seconds left.
|
|t:|1661256661
|start
|switch|p1a: Milotic|Milotic, F|100/100
|switch|p2a: Biohazard|Scolipede, M, shiny|100/100
|turn|1
|
|t:|1661256668
|move|p2a: Biohazard|Spikes|p1a: Milotic
|-sidestart|p1: galactest bro !|Spikes
|move|p1a: Milotic|Scald|p2a: Biohazard
|-damage|p2a: Biohazard|51/100
|
|-ability|p2a: Biohazard|Speed Boost|boost
|-boost|p2a: Biohazard|spe|1
|upkeep
|turn|2
|
|t:|1661256675
|move|p2a: Biohazard|Spikes|p1a: Milotic
|-sidestart|p1: galactest bro !|Spikes
|move|p1a: Milotic|Scald|p2a: Biohazard
|-damage|p2a: Biohazard|1/100
|-status|p2a: Biohazard|brn
|
|-damage|p2a: Biohazard|0 fnt|[from] brn
|faint|p2a: Biohazard
|upkeep
|
|t:|1661256679
|switch|p2a: Haxorus|Haxorus, M|100/100
|-ability|p2a: Haxorus|Mold Breaker
|turn|3
|
|t:|1661256691
|move|p2a: Haxorus|Swords Dance|p2a: Haxorus
|-boost|p2a: Haxorus|atk|2
|move|p1a: Milotic|Scald|p2a: Haxorus
|-resisted|p2a: Haxorus
|-damage|p2a: Haxorus|80/100
|
|upkeep
|turn|4
|
|t:|1661256705
|move|p2a: Haxorus|Scale Shot|p1a: Milotic
|-damage|p1a: Milotic|67/100
|-damage|p1a: Milotic|35/100
|-hitcount|p1a: Milotic|2
|-unboost|p2a: Haxorus|def|1
|-boost|p2a: Haxorus|spe|1
|-damage|p2a: Haxorus|70/100|[from] item: Life Orb
|move|p1a: Milotic|Haze|p1a: Milotic
|-clearallboost
|
|upkeep
|turn|5
|
|t:|1661256715
|move|p2a: Haxorus|Close Combat|p1a: Milotic
|-damage|p1a: Milotic|0 fnt
|-unboost|p2a: Haxorus|def|1
|-unboost|p2a: Haxorus|spd|1
|faint|p1a: Milotic
|-damage|p2a: Haxorus|60/100|[from] item: Life Orb
|
|upkeep
|
|t:|1661256729
|switch|p1a: Crypto bro !|Zygarde-10%|100/100
|-damage|p1a: Crypto bro !|84/100|[from] Spikes
|-ability|p1a: Crypto bro !|Aura Break
|turn|6
|
|t:|1661256734
|move|p1a: Crypto bro !|Thousand Arrows|p2a: Haxorus
|-damage|p2a: Haxorus|0 fnt
|faint|p2a: Haxorus
|
|upkeep
|
|t:|1661256739
|switch|p2a: Sidelines|Keldeo-Resolute|100/100
|turn|7
|
|t:|1661256753
|switch|p1a: Jelly's bro !|Reuniclus, F, shiny|100/100
|move|p2a: Sidelines|Air Slash|p1a: Jelly's bro !
|-damage|p1a: Jelly's bro !|69/100
|
|upkeep
|turn|8
|
|t:|1661256765
|switch|p2a: Slice|Scizor, M, shiny|100/100
|switch|p1a: Metalicana bro !|Skarmory, M|100/100
|
|upkeep
|turn|9
|
|t:|1661256772
|switch|p2a: Sidelines|Keldeo-Resolute|100/100
|move|p1a: Metalicana bro !|Defog|p2a: Sidelines
|-unboost|p2a: Sidelines|evasion|1
|-sideend|p1: galactest bro !|Spikes|[from] move: Defog|[of] p1a: Metalicana bro !
|
|upkeep
|turn|10
|
|t:|1661256785
|switch|p1a: Mycose bro !|Amoonguss, F|100/100
|move|p2a: Sidelines|Air Slash|p1a: Mycose bro !|[miss]
|-miss|p2a: Sidelines|p1a: Mycose bro !
|
|upkeep
|turn|11
|
|t:|1661256793
|switch|p1a: Jelly's bro !|Reuniclus, F, shiny|69/100
|move|p2a: Sidelines|Air Slash|p1a: Jelly's bro !
|-damage|p1a: Jelly's bro !|31/100
|
|upkeep
|turn|12
|
|t:|1661256802
|move|p2a: Sidelines|Air Slash|p1a: Jelly's bro !
|-damage|p1a: Jelly's bro !|0 fnt
|faint|p1a: Jelly's bro !
|
|upkeep
|
|t:|1661256814
|switch|p1a: EL baron bro !|Cobalion|100/100
|turn|13
|
|t:|1661256828
|switch|p2a: Cannibalistic|Lycanroc-Dusk, M|100/100
|move|p1a: EL baron bro !|Close Combat|p2a: Cannibalistic
|-supereffective|p2a: Cannibalistic
|-damage|p2a: Cannibalistic|0 fnt
|-unboost|p1a: EL baron bro !|def|1
|-unboost|p1a: EL baron bro !|spd|1
|faint|p2a: Cannibalistic
|
|upkeep
|
|t:|1661256833
|switch|p2a: Sidelines|Keldeo-Resolute|100/100
|turn|14
|
|t:|1661256846
|switch|p1a: Mycose bro !|Amoonguss, F|100/100
|move|p2a: Sidelines|Air Slash|p1a: Mycose bro !
|-supereffective|p1a: Mycose bro !
|-damage|p1a: Mycose bro !|63/100
|
|upkeep
|turn|15
|
|t:|1661256852
|move|p2a: Sidelines|Air Slash|p1a: Mycose bro !
|-supereffective|p1a: Mycose bro !
|-damage|p1a: Mycose bro !|28/100
|move|p1a: Mycose bro !|Giga Drain|p2a: Sidelines
|-supereffective|p2a: Sidelines
|-damage|p2a: Sidelines|48/100
|-heal|p1a: Mycose bro !|47/100|[from] drain|[of] p2a: Sidelines
|
|upkeep
|turn|16
|
|t:|1661256859
|move|p2a: Sidelines|Air Slash|p1a: Mycose bro !
|-supereffective|p1a: Mycose bro !
|-damage|p1a: Mycose bro !|13/100
|move|p1a: Mycose bro !|Giga Drain|p2a: Sidelines
|-supereffective|p2a: Sidelines
|-damage|p2a: Sidelines|0 fnt
|-heal|p1a: Mycose bro !|32/100|[from] drain|[of] p2a: Sidelines
|faint|p2a: Sidelines
|
|upkeep
|
|t:|1661256863
|switch|p2a: Mamoswine|Mamoswine, F|100/100
|turn|17
|
|t:|1661256875
|move|p2a: Mamoswine|Icicle Crash|p1a: Mycose bro !
|-supereffective|p1a: Mycose bro !
|-damage|p1a: Mycose bro !|0 fnt
|faint|p1a: Mycose bro !
|-damage|p2a: Mamoswine|91/100|[from] item: Life Orb
|
|upkeep
|
|t:|1661256883
|switch|p1a: Metalicana bro !|Skarmory, M|100/100
|turn|18
|
|t:|1661256886
|move|p2a: Mamoswine|Icicle Crash|p1a: Metalicana bro !
|-damage|p1a: Metalicana bro !|63/100
|-damage|p2a: Mamoswine|81/100|[from] item: Life Orb
|cant|p1a: Metalicana bro !|flinch
|
|upkeep
|turn|19
|
|t:|1661256892
|move|p2a: Mamoswine|Icicle Crash|p1a: Metalicana bro !
|-damage|p1a: Metalicana bro !|26/100
|-damage|p2a: Mamoswine|71/100|[from] item: Life Orb
|move|p1a: Metalicana bro !|Roost|p1a: Metalicana bro !
|-heal|p1a: Metalicana bro !|76/100
|-singleturn|p1a: Metalicana bro !|move: Roost
|
|upkeep
|turn|20
|c|☆The SD sweep|Gg
|c|☆The SD sweep|I lose
|
|t:|1661256907
|move|p2a: Mamoswine|Icicle Crash|p1a: Metalicana bro !
|-damage|p1a: Metalicana bro !|33/100
|-damage|p2a: Mamoswine|61/100|[from] item: Life Orb
|cant|p1a: Metalicana bro !|flinch
|
|upkeep
|turn|21
|
|t:|1661256917
|move|p2a: Mamoswine|Icicle Crash|p1a: Metalicana bro !|[miss]
|-miss|p2a: Mamoswine|p1a: Metalicana bro !
|move|p1a: Metalicana bro !|Body Press|p2a: Mamoswine
|-supereffective|p2a: Mamoswine
|-damage|p2a: Mamoswine|0 fnt
|faint|p2a: Mamoswine
|
|upkeep
|
|t:|1661256919
|switch|p2a: Slice|Scizor, M, shiny|100/100
|turn|22
|
|t:|1661256927
|move|p2a: Slice|Superpower|p1a: Metalicana bro !
|-damage|p1a: Metalicana bro !|0 fnt
|-unboost|p2a: Slice|atk|1
|-unboost|p2a: Slice|def|1
|-damage|p2a: Slice|84/100|[from] item: Rocky Helmet|[of] p1a: Metalicana bro !
|faint|p1a: Metalicana bro !
|
|upkeep
|
|t:|1661256933
|switch|p1a: Crypto bro !|Zygarde-10%|84/100
|-ability|p1a: Crypto bro !|Aura Break
|turn|23
|
|t:|1661256937
|move|p1a: Crypto bro !|Thousand Arrows|p2a: Slice
|-damage|p2a: Slice|0 fnt
|faint|p2a: Slice
|
|win|galactest bro !
|raw|galactest bro !'s rating: 1460 &rarr; <strong>1490</strong><br />(+30 for winning)
|raw|The SD sweep's rating: 1653 &rarr; <strong>1623</strong><br />(-30 for losing)
|l|☆The SD sweep
|c|☆galactest bro !|gg
||Ladder isn't responding, score probably updated but might not have (Request timeout).
