|j|☆bRauli94
|j|☆Fett und Geil
|t:|1663573782
|gametype|singles
|player|p1|bRauli94|2|1378
|player|p2|Fett und Geil|169|1338
|teamsize|p1|6
|teamsize|p2|6
|gen|8
|tier|[Gen 8] UU
|rated|
|rule|Sleep Clause Mod: Limit one foe put to sleep
|rule|Species Clause: Limit one of each Pokémon
|rule|OHKO Clause: OHKO moves are banned
|rule|Evasion Items Clause: Evasion items are banned
|rule|Evasion Moves Clause: Evasion moves are banned
|rule|Endless Battle Clause: Forcing endless battles is banned
|rule|HP Percentage Mod: HP is shown in percentages
|rule|Dynamax Clause: You cannot dynamax
|clearpoke
|poke|p1|Hippowdon, M|
|poke|p1|Amoonguss, M|
|poke|p1|Nidoking, M|
|poke|p1|Jirachi|
|poke|p1|Slowking, F|
|poke|p1|Rotom-Wash|
|poke|p2|Hippowdon, M|
|poke|p2|Darmanitan, M|
|poke|p2|Hydreigon, M|
|poke|p2|Amoonguss, M|
|poke|p2|Primarina, M|
|poke|p2|Rotom-Wash|
|teampreview
|
|t:|1663573798
|start
|switch|p1a: Rotom|Rotom-Wash|100/100
|switch|p2a: Hippowdon|Hippowdon, M|100/100
|-weather|Sandstorm|[from] ability: Sand Stream|[of] p2a: Hippowdon
|turn|1
|
|t:|1663573803
|switch|p2a: Hydreigon|Hydreigon, M|100/100
|move|p1a: Rotom|Hydro Pump|p2a: Hydreigon
|-resisted|p2a: Hydreigon
|-damage|p2a: Hydreigon|92/100
|
|-weather|Sandstorm|[upkeep]
|-damage|p2a: Hydreigon|86/100|[from] Sandstorm
|-damage|p1a: Rotom|94/100|[from] Sandstorm
|-heal|p1a: Rotom|100/100|[from] item: Leftovers
|upkeep
|turn|2
|
|t:|1663573812
|switch|p1a: Amoonguss|Amoonguss, M|100/100
|move|p2a: Hydreigon|U-turn|p1a: Amoonguss
|-damage|p1a: Amoonguss|85/100
|j| badplayerworseteam
|
|t:|1663573819
|switch|p2a: Darmanitan|Darmanitan, M|100/100|[from]move: U-turn
|
|-weather|Sandstorm|[upkeep]
|-damage|p2a: Darmanitan|95/100|[from] Sandstorm
|-damage|p1a: Amoonguss|79/100|[from] Sandstorm
|upkeep
|turn|3
|
|t:|1663573823
|switch|p1a: Rotom|Rotom-Wash|100/100
|move|p2a: Darmanitan|Flare Blitz|p1a: Rotom
|-resisted|p1a: Rotom
|-damage|p1a: Rotom|68/100
|-damage|p2a: Darmanitan|85/100|[from] Recoil
|
|-weather|Sandstorm|[upkeep]
|-damage|p2a: Darmanitan|79/100|[from] Sandstorm
|-damage|p1a: Rotom|62/100|[from] Sandstorm
|-heal|p1a: Rotom|68/100|[from] item: Leftovers
|upkeep
|turn|4
|j| Haha so random
|
|t:|1663573832
|switch|p2a: Hydreigon|Hydreigon, M|86/100
|move|p1a: Rotom|Volt Switch|p2a: Hydreigon
|-resisted|p2a: Hydreigon
|-damage|p2a: Hydreigon|80/100
|c| Haha so random|Twist his d1ck
|
|t:|1663573851
|switch|p1a: Amoonguss|Amoonguss, M|100/100|[from]move: Volt Switch
|
|-weather|Sandstorm|[upkeep]
|-damage|p2a: Hydreigon|74/100|[from] Sandstorm
|-damage|p1a: Amoonguss|94/100|[from] Sandstorm
|upkeep
|turn|5
|c| Haha so random|The ol d1ck twist
|
|t:|1663573863
|move|p2a: Hydreigon|Dark Pulse|p1a: Amoonguss
|-damage|p1a: Amoonguss|78/100
|cant|p1a: Amoonguss|flinch
|
|-weather|none
|upkeep
|turn|6
|
|t:|1663573880
|move|p2a: Hydreigon|Draco Meteor|p1a: Amoonguss
|-damage|p1a: Amoonguss|54/100
|-unboost|p2a: Hydreigon|spa|2
|move|p1a: Amoonguss|Sludge Bomb|p2a: Hydreigon
|-damage|p2a: Hydreigon|62/100
|
|upkeep
|turn|7
|
|t:|1663573904
|move|p2a: Hydreigon|U-turn|p1a: Amoonguss
|-damage|p1a: Amoonguss|38/100
|
|t:|1663573907
|switch|p2a: Hippowdon|Hippowdon, M|100/100|[from]move: U-turn
|-weather|Sandstorm|[from] ability: Sand Stream|[of] p2a: Hippowdon
|move|p1a: Amoonguss|Sludge Bomb|p2a: Hippowdon
|-resisted|p2a: Hippowdon
|-damage|p2a: Hippowdon|85/100
|-status|p2a: Hippowdon|psn
|
|-weather|Sandstorm|[upkeep]
|-damage|p1a: Amoonguss|32/100|[from] Sandstorm
|-heal|p2a: Hippowdon|92/100 psn|[from] item: Leftovers
|-damage|p2a: Hippowdon|79/100 psn|[from] psn
|upkeep
|turn|8
|
|t:|1663573916
|switch|p1a: Rotom|Rotom-Wash|68/100
|move|p2a: Hippowdon|Earthquake|p1a: Rotom
|-immune|p1a: Rotom|[from] ability: Levitate
|
|-weather|Sandstorm|[upkeep]
|-damage|p1a: Rotom|62/100|[from] Sandstorm
|-heal|p1a: Rotom|68/100|[from] item: Leftovers
|-heal|p2a: Hippowdon|85/100 psn|[from] item: Leftovers
|-damage|p2a: Hippowdon|73/100 psn|[from] psn
|upkeep
|turn|9
|
|t:|1663573930
|switch|p2a: Hydreigon|Hydreigon, M|62/100
|move|p1a: Rotom|Thunder Wave|p2a: Hydreigon|[miss]
|-miss|p1a: Rotom|p2a: Hydreigon
|
|-weather|Sandstorm|[upkeep]
|-damage|p2a: Hydreigon|56/100|[from] Sandstorm
|-damage|p1a: Rotom|62/100|[from] Sandstorm
|-heal|p1a: Rotom|68/100|[from] item: Leftovers
|upkeep
|turn|10
|
|t:|1663573940
|switch|p1a: Amoonguss|Amoonguss, M|65/100
|move|p2a: Hydreigon|Dark Pulse|p1a: Amoonguss
|-damage|p1a: Amoonguss|51/100
|
|-weather|Sandstorm|[upkeep]
|-damage|p2a: Hydreigon|49/100|[from] Sandstorm
|-damage|p1a: Amoonguss|45/100|[from] Sandstorm
|upkeep
|turn|11
|
|t:|1663573947
|move|p2a: Hydreigon|Dark Pulse|p1a: Amoonguss
|-damage|p1a: Amoonguss|29/100
|cant|p1a: Amoonguss|flinch
|
|-weather|none
|upkeep
|turn|12
|
|t:|1663573952
|switch|p1a: Slowking|Slowking, F|100/100
|move|p2a: Hydreigon|Draco Meteor|p1a: Slowking
|-damage|p1a: Slowking|59/100
|-unboost|p2a: Hydreigon|spa|2
|
|upkeep
|turn|13
|l| badplayerworseteam
|
|t:|1663573960
|switch|p1a: Amoonguss|Amoonguss, M|62/100
|move|p2a: Hydreigon|U-turn|p1a: Amoonguss
|-damage|p1a: Amoonguss|46/100
|
|t:|1663573966
|switch|p2a: Darmanitan|Darmanitan, M|79/100|[from]move: U-turn
|
|upkeep
|turn|14
|
|t:|1663573974
|switch|p1a: Hippowdon|Hippowdon, M|100/100
|-weather|Sandstorm|[from] ability: Sand Stream|[of] p1a: Hippowdon
|move|p2a: Darmanitan|U-turn|p1a: Hippowdon
|-damage|p1a: Hippowdon|87/100
|
|t:|1663573977
|switch|p2a: Primarina|Primarina, M|100/100|[from]move: U-turn
|
|-weather|Sandstorm|[upkeep]
|-damage|p2a: Primarina|94/100|[from] Sandstorm
|-heal|p1a: Hippowdon|93/100|[from] item: Leftovers
|upkeep
|turn|15
|
|t:|1663573982
|switch|p1a: Amoonguss|Amoonguss, M|80/100
|move|p2a: Primarina|Ice Beam|p1a: Amoonguss
|-supereffective|p1a: Amoonguss
|-damage|p1a: Amoonguss|34/100
|
|-weather|Sandstorm|[upkeep]
|-damage|p2a: Primarina|88/100|[from] Sandstorm
|-damage|p1a: Amoonguss|28/100|[from] Sandstorm
|upkeep
|turn|16
|
|t:|1663573988
|switch|p1a: Jirachi|Jirachi|100/100
|move|p2a: Primarina|Ice Beam|p1a: Jirachi
|-resisted|p1a: Jirachi
|-damage|p1a: Jirachi|80/100
|
|-weather|Sandstorm|[upkeep]
|-damage|p2a: Primarina|82/100|[from] Sandstorm
|-heal|p1a: Jirachi|86/100|[from] item: Leftovers
|upkeep
|turn|17
|
|t:|1663573993
|switch|p2a: Rotom|Rotom-Wash|100/100
|move|p1a: Jirachi|Stealth Rock|p2a: Rotom
|-sidestart|p2: Fett und Geil|move: Stealth Rock
|
|-weather|Sandstorm|[upkeep]
|-damage|p2a: Rotom|95/100|[from] Sandstorm
|-heal|p1a: Jirachi|92/100|[from] item: Leftovers
|-heal|p2a: Rotom|100/100|[from] item: Leftovers
|upkeep
|turn|18
|
|t:|1663573996
|move|p1a: Jirachi|U-turn|p2a: Rotom
|-damage|p2a: Rotom|85/100
|
|t:|1663573999
|switch|p1a: Amoonguss|Amoonguss, M|61/100|[from]move: U-turn
|move|p2a: Rotom|Thunder Wave|p1a: Amoonguss
|-status|p1a: Amoonguss|par
|
|-weather|none
|-heal|p2a: Rotom|91/100|[from] item: Leftovers
|upkeep
|turn|19
|
|t:|1663574004
|move|p2a: Rotom|Defog|p1a: Amoonguss
|-unboost|p1a: Amoonguss|evasion|1
|-sideend|p2: Fett und Geil|Stealth Rock|[from] move: Defog|[of] p2a: Rotom
|move|p1a: Amoonguss|Sludge Bomb|p2a: Rotom
|-damage|p2a: Rotom|60/100
|-status|p2a: Rotom|psn
|
|-heal|p2a: Rotom|66/100 psn|[from] item: Leftovers
|-damage|p2a: Rotom|54/100 psn|[from] psn
|upkeep
|turn|20
|
|t:|1663574009
|move|p2a: Rotom|Volt Switch|p1a: Amoonguss
|-resisted|p1a: Amoonguss
|-damage|p1a: Amoonguss|55/100 par
|
|t:|1663574015
|switch|p2a: Darmanitan|Darmanitan, M|79/100|[from]move: Volt Switch
|cant|p1a: Amoonguss|par
|
|upkeep
|turn|21
|
|t:|1663574022
|switch|p1a: Hippowdon|Hippowdon, M|93/100
|-weather|Sandstorm|[from] ability: Sand Stream|[of] p1a: Hippowdon
|move|p2a: Darmanitan|Flare Blitz|p1a: Hippowdon
|-damage|p1a: Hippowdon|45/100
|-damage|p2a: Darmanitan|61/100|[from] Recoil
|
|-weather|Sandstorm|[upkeep]
|-damage|p2a: Darmanitan|55/100|[from] Sandstorm
|-heal|p1a: Hippowdon|51/100|[from] item: Leftovers
|upkeep
|turn|22
|
|t:|1663574037
|switch|p2a: Amoonguss|Amoonguss, M|100/100
|move|p1a: Hippowdon|Slack Off|p1a: Hippowdon
|-heal|p1a: Hippowdon|100/100
|
|-weather|Sandstorm|[upkeep]
|-damage|p2a: Amoonguss|94/100|[from] Sandstorm
|upkeep
|turn|23
|
|t:|1663574050
|switch|p1a: Amoonguss|Amoonguss, M|88/100 par
|move|p2a: Amoonguss|Spore|p1a: Amoonguss
|-immune|p1a: Amoonguss
|
|-weather|Sandstorm|[upkeep]
|-damage|p2a: Amoonguss|88/100|[from] Sandstorm
|-damage|p1a: Amoonguss|82/100 par|[from] Sandstorm
|upkeep
|turn|24
|
|t:|1663574055
|move|p2a: Amoonguss|Giga Drain|p1a: Amoonguss
|-resisted|p1a: Amoonguss
|-damage|p1a: Amoonguss|80/100 par
|-heal|p2a: Amoonguss|89/100|[from] drain|[of] p1a: Amoonguss
|move|p1a: Amoonguss|Sludge Bomb|p2a: Amoonguss
|-damage|p2a: Amoonguss|62/100
|
|-weather|Sandstorm|[upkeep]
|-damage|p2a: Amoonguss|56/100|[from] Sandstorm
|-damage|p1a: Amoonguss|74/100 par|[from] Sandstorm
|upkeep
|turn|25
|
|t:|1663574066
|switch|p2a: Rotom|Rotom-Wash|54/100 psn
|cant|p1a: Amoonguss|par
|
|-weather|none
|-heal|p2a: Rotom|60/100 psn|[from] item: Leftovers
|-damage|p2a: Rotom|48/100 psn|[from] psn
|upkeep
|turn|26
|
|t:|1663574070
|move|p2a: Rotom|Volt Switch|p1a: Amoonguss
|-resisted|p1a: Amoonguss
|-damage|p1a: Amoonguss|68/100 par
|
|t:|1663574079
|switch|p2a: Primarina|Primarina, M|82/100|[from]move: Volt Switch
|move|p1a: Amoonguss|Giga Drain|p2a: Primarina
|-supereffective|p2a: Primarina
|-damage|p2a: Primarina|47/100
|-heal|p1a: Amoonguss|83/100 par|[from] drain|[of] p2a: Primarina
|
|upkeep
|turn|27
|
|t:|1663574101
|move|p2a: Primarina|Hydro Pump|p1a: Amoonguss
|-resisted|p1a: Amoonguss
|-crit|p1a: Amoonguss
|-damage|p1a: Amoonguss|51/100 par
|cant|p1a: Amoonguss|par
|
|upkeep
|turn|28
|
|t:|1663574126
|switch|p2a: Darmanitan|Darmanitan, M|55/100
|move|p1a: Amoonguss|Giga Drain|p2a: Darmanitan
|-resisted|p2a: Darmanitan
|-damage|p2a: Darmanitan|36/100
|-heal|p1a: Amoonguss|59/100 par|[from] drain|[of] p2a: Darmanitan
|
|upkeep
|turn|29
|
|t:|1663574132
|switch|p1a: Hippowdon|Hippowdon, M|100/100
|-weather|Sandstorm|[from] ability: Sand Stream|[of] p1a: Hippowdon
|move|p2a: Darmanitan|U-turn|p1a: Hippowdon
|-damage|p1a: Hippowdon|87/100
|
|t:|1663574136
|switch|p2a: Primarina|Primarina, M|47/100|[from]move: U-turn
|
|-weather|Sandstorm|[upkeep]
|-damage|p2a: Primarina|41/100|[from] Sandstorm
|-heal|p1a: Hippowdon|94/100|[from] item: Leftovers
|upkeep
|turn|30
|
|t:|1663574146
|switch|p1a: Slowking|Slowking, F|93/100
|move|p2a: Primarina|Hydro Pump|p1a: Slowking
|-resisted|p1a: Slowking
|-damage|p1a: Slowking|55/100
|
|-weather|Sandstorm|[upkeep]
|-damage|p2a: Primarina|35/100|[from] Sandstorm
|-damage|p1a: Slowking|48/100|[from] Sandstorm
|upkeep
|turn|31
|
|t:|1663574157
|switch|p2a: Amoonguss|Amoonguss, M|89/100
|switch|p1a: Amoonguss|Amoonguss, M|92/100 par
|
|-weather|Sandstorm|[upkeep]
|-damage|p2a: Amoonguss|83/100|[from] Sandstorm
|-damage|p1a: Amoonguss|86/100 par|[from] Sandstorm
|upkeep
|turn|32
|
|t:|1663574164
|move|p2a: Amoonguss|Foul Play|p1a: Amoonguss
|-damage|p1a: Amoonguss|70/100 par
|cant|p1a: Amoonguss|par
|
|-weather|Sandstorm|[upkeep]
|-damage|p2a: Amoonguss|77/100|[from] Sandstorm
|-damage|p1a: Amoonguss|64/100 par|[from] Sandstorm
|upkeep
|turn|33
|
|t:|1663574171
|move|p2a: Amoonguss|Foul Play|p1a: Amoonguss
|-damage|p1a: Amoonguss|48/100 par
|move|p1a: Amoonguss|Sludge Bomb|p2a: Amoonguss
|-damage|p2a: Amoonguss|50/100
|
|-weather|none
|upkeep
|turn|34
|
|t:|1663574187
|switch|p1a: Nidoking|Nidoking, M|100/100
|move|p2a: Amoonguss|Foul Play|p1a: Nidoking
|-damage|p1a: Nidoking|75/100
|
|upkeep
|turn|35
|
|t:|1663574197
|move|p1a: Nidoking|Ice Beam|p2a: Amoonguss
|-supereffective|p2a: Amoonguss
|-damage|p2a: Amoonguss|0 fnt
|faint|p2a: Amoonguss
|
|upkeep
|
|t:|1663574203
|switch|p2a: Hippowdon|Hippowdon, M|73/100 psn
|-weather|Sandstorm|[from] ability: Sand Stream|[of] p2a: Hippowdon
|turn|36
|j| colasmash
|
|t:|1663574221
|switch|p1a: Rotom|Rotom-Wash|68/100
|move|p2a: Hippowdon|Substitute|p2a: Hippowdon
|-start|p2a: Hippowdon|Substitute
|-damage|p2a: Hippowdon|48/100 psn
|
|-weather|Sandstorm|[upkeep]
|-damage|p1a: Rotom|62/100|[from] Sandstorm
|-heal|p1a: Rotom|68/100|[from] item: Leftovers
|-heal|p2a: Hippowdon|54/100 psn|[from] item: Leftovers
|-damage|p2a: Hippowdon|42/100 psn|[from] psn
|upkeep
|turn|37
|l| colasmash
|
|t:|1663574224
|move|p1a: Rotom|Hydro Pump|p2a: Hippowdon|[miss]
|-miss|p1a: Rotom|p2a: Hippowdon
|move|p2a: Hippowdon|Stone Edge|p1a: Rotom
|-damage|p1a: Rotom|42/100
|
|-weather|Sandstorm|[upkeep]
|-damage|p1a: Rotom|36/100|[from] Sandstorm
|-heal|p1a: Rotom|42/100|[from] item: Leftovers
|-heal|p2a: Hippowdon|48/100 psn|[from] item: Leftovers
|-damage|p2a: Hippowdon|36/100 psn|[from] psn
|upkeep
|turn|38
|
|t:|1663574228
|move|p1a: Rotom|Hydro Pump|p2a: Hippowdon
|-supereffective|p2a: Hippowdon
|-end|p2a: Hippowdon|Substitute
|move|p2a: Hippowdon|Stone Edge|p1a: Rotom
|-damage|p1a: Rotom|16/100
|
|-weather|Sandstorm|[upkeep]
|-damage|p1a: Rotom|10/100|[from] Sandstorm
|-heal|p1a: Rotom|16/100|[from] item: Leftovers
|-heal|p2a: Hippowdon|42/100 psn|[from] item: Leftovers
|-damage|p2a: Hippowdon|30/100 psn|[from] psn
|upkeep
|turn|39
|
|t:|1663574231
|move|p1a: Rotom|Hydro Pump|p2a: Hippowdon|[miss]
|-miss|p1a: Rotom|p2a: Hippowdon
|move|p2a: Hippowdon|Earthquake|p1a: Rotom
|-immune|p1a: Rotom|[from] ability: Levitate
|
|-weather|Sandstorm|[upkeep]
|-damage|p1a: Rotom|10/100|[from] Sandstorm
|-heal|p1a: Rotom|16/100|[from] item: Leftovers
|-heal|p2a: Hippowdon|36/100 psn|[from] item: Leftovers
|-damage|p2a: Hippowdon|23/100 psn|[from] psn
|upkeep
|turn|40
|
|t:|1663574234
|move|p1a: Rotom|Hydro Pump|p2a: Hippowdon
|-supereffective|p2a: Hippowdon
|-damage|p2a: Hippowdon|0 fnt
|faint|p2a: Hippowdon
|
|-weather|none
|-heal|p1a: Rotom|23/100|[from] item: Leftovers
|upkeep
|
|t:|1663574242
|switch|p2a: Darmanitan|Darmanitan, M|36/100
|turn|41
|
|t:|1663574246
|switch|p1a: Hippowdon|Hippowdon, M|94/100
|-weather|Sandstorm|[from] ability: Sand Stream|[of] p1a: Hippowdon
|move|p2a: Darmanitan|Rock Slide|p1a: Hippowdon
|-resisted|p1a: Hippowdon
|-damage|p1a: Hippowdon|84/100
|
|-weather|Sandstorm|[upkeep]
|-damage|p2a: Darmanitan|30/100|[from] Sandstorm
|-heal|p1a: Hippowdon|90/100|[from] item: Leftovers
|upkeep
|turn|42
|
|t:|1663574256
|switch|p2a: Rotom|Rotom-Wash|48/100 psn
|move|p1a: Hippowdon|Ice Fang|p2a: Rotom
|-resisted|p2a: Rotom
|-damage|p2a: Rotom|40/100 psn
|
|-weather|Sandstorm|[upkeep]
|-damage|p2a: Rotom|34/100 psn|[from] Sandstorm
|-heal|p2a: Rotom|40/100 psn|[from] item: Leftovers
|-heal|p1a: Hippowdon|96/100|[from] item: Leftovers
|-damage|p2a: Rotom|28/100 psn|[from] psn
|upkeep
|turn|43
|
|t:|1663574271
|switch|p1a: Amoonguss|Amoonguss, M|81/100 par
|move|p2a: Rotom|Hydro Pump|p1a: Amoonguss
|-resisted|p1a: Amoonguss
|-damage|p1a: Amoonguss|73/100 par
|
|-weather|Sandstorm|[upkeep]
|-damage|p2a: Rotom|22/100 psn|[from] Sandstorm
|-damage|p1a: Amoonguss|67/100 par|[from] Sandstorm
|-heal|p2a: Rotom|28/100 psn|[from] item: Leftovers
|-damage|p2a: Rotom|16/100 psn|[from] psn
|upkeep
|turn|44
|-message|Fett und Geil forfeited.
|
|win|bRauli94
|raw|bRauli94's rating: 1378 &rarr; <strong>1396</strong><br />(+18 for winning)
|raw|Fett und Geil's rating: 1338 &rarr; <strong>1320</strong><br />(-18 for losing)
|l|☆Fett und Geil
