|raw|<div class="broadcast-blue"><strong>This battle is required to be public due to a player having a name starting with 'uult91w'.</div>
|j|☆Jelly cookie
|j|☆uult91wpokemonisfu
|t:|1651664661
|gametype|singles
|player|p1|Jelly cookie|fisherman-gen4|1333
|player|p2|uult91wpokemonisfu|#uutrio2ladder|1395
|teamsize|p1|6
|teamsize|p2|6
|gen|8
|tier|[Gen 8] UU
|rated|
|rule|Sleep Clause Mod: Limit one foe put to sleep
|rule|Species Clause: Limit one of each Pokémon
|rule|OHKO Clause: OHKO moves are banned
|rule|Evasion Moves Clause: Evasion moves are banned
|rule|Endless Battle Clause: Forcing endless battles is banned
|rule|HP Percentage Mod: HP is shown in percentages
|rule|Dynamax Clause: You cannot dynamax
|clearpoke
|poke|p1|Azumarill, F|
|poke|p1|Salamence, F|
|poke|p1|Umbreon, F|
|poke|p1|Scizor, M|
|poke|p1|Amoonguss, M|
|poke|p1|Lycanroc-Dusk, M|
|poke|p2|Scizor, M|
|poke|p2|Rotom-Wash|
|poke|p2|Hippowdon, M|
|poke|p2|Zarude|
|poke|p2|Moltres|
|poke|p2|Zygarde-10%|
|teampreview
|inactive|Battle timer is ON: inactive players will automatically lose when time's up. (requested by Jelly cookie)
|
|t:|1651664683
|start
|switch|p1a: Azumarill|Azumarill, F, shiny|100/100
|switch|p2a: wishy washy|Rotom-Wash|100/100
|turn|1
|
|t:|1651664687
|switch|p1a: Amoonguss|Amoonguss, M|100/100
|move|p2a: wishy washy|Volt Switch|p1a: Amoonguss
|-resisted|p1a: Amoonguss
|-damage|p1a: Amoonguss|90/100
|
|t:|1651664692
|switch|p2a: cutter butter|Scizor, M|100/100|[from]move: Volt Switch
|
|upkeep
|turn|2
|
|t:|1651664698
|move|p2a: cutter butter|Knock Off|p1a: Amoonguss
|-damage|p1a: Amoonguss|65/100
|-damage|p2a: cutter butter|84/100|[from] item: Rocky Helmet|[of] p1a: Amoonguss
|-enditem|p1a: Amoonguss|Rocky Helmet|[from] move: Knock Off|[of] p2a: cutter butter
|move|p1a: Amoonguss|Spore|p2a: cutter butter
|-status|p2a: cutter butter|slp|[from] move: Spore
|
|upkeep
|turn|3
|
|t:|1651664705
|switch|p1a: Lycanroc|Lycanroc-Dusk, M|100/100
|cant|p2a: cutter butter|slp
|
|upkeep
|turn|4
|
|t:|1651664718
|switch|p2a: command the sand|Hippowdon, M|100/100
|-weather|Sandstorm|[from] ability: Sand Stream|[of] p2a: command the sand
|move|p1a: Lycanroc|Stealth Rock|p2a: command the sand
|-sidestart|p2: uult91wpokemonisfu|move: Stealth Rock
|
|-weather|Sandstorm|[upkeep]
|upkeep
|turn|5
|
|t:|1651664723
|move|p1a: Lycanroc|Taunt|p2a: command the sand
|-start|p2a: command the sand|move: Taunt
|cant|p2a: command the sand|move: Taunt|Stealth Rock
|
|-weather|Sandstorm|[upkeep]
|upkeep
|turn|6
|
|t:|1651664731
|move|p1a: Lycanroc|Accelerock|p2a: command the sand
|-resisted|p2a: command the sand
|-damage|p2a: command the sand|95/100
|move|p2a: command the sand|Earthquake|p1a: Lycanroc
|-supereffective|p1a: Lycanroc
|-enditem|p1a: Lycanroc|Focus Sash
|-damage|p1a: Lycanroc|1/100
|
|-weather|Sandstorm|[upkeep]
|-heal|p2a: command the sand|100/100|[from] item: Leftovers
|upkeep
|turn|7
|
|t:|1651664736
|move|p1a: Lycanroc|Endeavor|p2a: command the sand
|-damage|p2a: command the sand|1/100
|move|p2a: command the sand|Earthquake|p1a: Lycanroc
|-supereffective|p1a: Lycanroc
|-damage|p1a: Lycanroc|0 fnt
|faint|p1a: Lycanroc
|
|-weather|Sandstorm|[upkeep]
|-heal|p2a: command the sand|7/100|[from] item: Leftovers
|-end|p2a: command the sand|move: Taunt
|upkeep
|
|t:|1651664750
|switch|p1a: Salamence|Salamence, F|100/100
|turn|8
|inactive|uult91wpokemonisfu has 120 seconds left.
|
|t:|1651664802
|move|p1a: Salamence|Dragon Claw|p2a: command the sand
|-damage|p2a: command the sand|0 fnt
|faint|p2a: command the sand
|-ability|p1a: Salamence|Moxie|boost
|-boost|p1a: Salamence|atk|1
|
|-weather|none
|upkeep
|inactive|uult91wpokemonisfu has 90 seconds left.
|
|t:|1651664817
|switch|p2a: zapolite|Zarude|100/100
|-damage|p2a: zapolite|88/100|[from] Stealth Rock
|turn|9
|
|t:|1651664823
|move|p2a: zapolite|Darkest Lariat|p1a: Salamence
|-damage|p1a: Salamence|17/100
|move|p1a: Salamence|Dragon Dance|p1a: Salamence
|-boost|p1a: Salamence|atk|1
|-boost|p1a: Salamence|spe|1
|
|upkeep
|turn|10
|
|t:|1651664834
|move|p1a: Salamence|Dual Wingbeat|p2a: zapolite
|-supereffective|p2a: zapolite
|-damage|p2a: zapolite|0 fnt
|faint|p2a: zapolite
|-ability|p1a: Salamence|Moxie|boost
|-boost|p1a: Salamence|atk|1
|-hitcount|p2: zapolite|1
|
|upkeep
|
|t:|1651664836
|switch|p2a: Zygarde-10% off|Zygarde-10%|100/100
|-damage|p2a: Zygarde-10% off|94/100|[from] Stealth Rock
|-ability|p2a: Zygarde-10% off|Aura Break
|turn|11
|
|t:|1651664844
|move|p2a: Zygarde-10% off|Extreme Speed|p1a: Salamence
|-damage|p1a: Salamence|0 fnt
|faint|p1a: Salamence
|
|upkeep
|
|t:|1651664860
|switch|p1a: Scizor|Scizor, M|100/100
|turn|12
|
|t:|1651664863
|switch|p2a: moltres leches|Moltres|100/100
|move|p1a: Scizor|Knock Off|p2a: moltres leches
|-damage|p2a: moltres leches|47/100
|-enditem|p2a: moltres leches|Heavy-Duty Boots|[from] move: Knock Off|[of] p1a: Scizor
|
|upkeep
|turn|13
|
|t:|1651664874
|switch|p1a: Umbreon|Umbreon, F, shiny|100/100
|move|p2a: moltres leches|U-turn|p1a: Umbreon
|-supereffective|p1a: Umbreon
|-damage|p1a: Umbreon|82/100
|
|t:|1651664876
|switch|p2a: wishy washy|Rotom-Wash|100/100|[from]move: U-turn
|-damage|p2a: wishy washy|88/100|[from] Stealth Rock
|
|-heal|p2a: wishy washy|94/100|[from] item: Leftovers
|-heal|p1a: Umbreon|88/100|[from] item: Leftovers
|upkeep
|turn|14
|
|t:|1651664882
|switch|p1a: Amoonguss|Amoonguss, M|98/100
|move|p2a: wishy washy|Defog|p1a: Amoonguss
|-unboost|p1a: Amoonguss|evasion|1
|-sideend|p2: uult91wpokemonisfu|Stealth Rock|[from] move: Defog|[of] p2a: wishy washy
|
|-heal|p2a: wishy washy|100/100|[from] item: Leftovers
|upkeep
|turn|15
|
|t:|1651664891
|switch|p1a: Azumarill|Azumarill, F, shiny|100/100
|move|p2a: wishy washy|Volt Switch|p1a: Azumarill
|-supereffective|p1a: Azumarill
|-damage|p1a: Azumarill|47/100
|-enditem|p1a: Azumarill|Sitrus Berry|[eat]
|-heal|p1a: Azumarill|72/100|[from] item: Sitrus Berry
|
|t:|1651664896
|switch|p2a: Zygarde-10% off|Zygarde-10%|94/100|[from]move: Volt Switch
|-ability|p2a: Zygarde-10% off|Aura Break
|
|upkeep
|turn|16
|
|t:|1651664910
|move|p2a: Zygarde-10% off|Thousand Arrows|p1a: Azumarill
|-damage|p1a: Azumarill|10/100
|move|p1a: Azumarill|Play Rough|p2a: Zygarde-10% off
|-supereffective|p2a: Zygarde-10% off
|-damage|p2a: Zygarde-10% off|0 fnt
|faint|p2a: Zygarde-10% off
|
|upkeep
|
|t:|1651664915
|switch|p2a: wishy washy|Rotom-Wash|100/100
|turn|17
|
|t:|1651664920
|switch|p1a: Amoonguss|Amoonguss, M|100/100
|move|p2a: wishy washy|Volt Switch|p1a: Amoonguss
|-resisted|p1a: Amoonguss
|-damage|p1a: Amoonguss|91/100
|
|t:|1651664923
|switch|p2a: moltres leches|Moltres|47/100|[from]move: Volt Switch
|
|upkeep
|turn|18
|j| EarlyNoob1994
|
|t:|1651664929
|move|p2a: moltres leches|Roost|p2a: moltres leches
|-heal|p2a: moltres leches|97/100
|-singleturn|p2a: moltres leches|move: Roost
|move|p1a: Amoonguss|Toxic|p2a: moltres leches
|-status|p2a: moltres leches|tox
|
|-damage|p2a: moltres leches|91/100 tox|[from] psn
|upkeep
|turn|19
|
|t:|1651664936
|move|p2a: moltres leches|U-turn|p1a: Amoonguss
|-damage|p1a: Amoonguss|79/100
|
|t:|1651664938
|switch|p2a: cutter butter|Scizor, M|84/100 slp|[from]move: U-turn
|move|p1a: Amoonguss|Sludge Bomb|p2a: cutter butter
|-immune|p2a: cutter butter
|
|upkeep
|turn|20
|
|t:|1651664942
|cant|p2a: cutter butter|slp
|move|p1a: Amoonguss|Foul Play|p2a: cutter butter
|-damage|p2a: cutter butter|57/100 slp
|
|upkeep
|turn|21
|
|t:|1651664946
|-curestatus|p2a: cutter butter|slp|[msg]
|move|p2a: cutter butter|Roost|p2a: cutter butter
|-heal|p2a: cutter butter|100/100
|-singleturn|p2a: cutter butter|move: Roost
|move|p1a: Amoonguss|Foul Play|p2a: cutter butter
|-damage|p2a: cutter butter|74/100
|
|upkeep
|turn|22
|
|t:|1651664951
|move|p2a: cutter butter|U-turn|p1a: Amoonguss
|-damage|p1a: Amoonguss|50/100
|
|t:|1651664954
|switch|p2a: moltres leches|Moltres|91/100 tox|[from]move: U-turn
|move|p1a: Amoonguss|Spore||[still]
|-fail|p1a: Amoonguss
|
|-damage|p2a: moltres leches|85/100 tox|[from] psn
|upkeep
|turn|23
|
|t:|1651664959
|switch|p1a: Umbreon|Umbreon, F, shiny|88/100
|move|p2a: moltres leches|U-turn|p1a: Umbreon
|-supereffective|p1a: Umbreon
|-damage|p1a: Umbreon|69/100
|
|t:|1651664965
|switch|p2a: cutter butter|Scizor, M|74/100|[from]move: U-turn
|
|-heal|p1a: Umbreon|75/100|[from] item: Leftovers
|upkeep
|turn|24
|j| Dunoks
|
|t:|1651664980
|move|p2a: cutter butter|Knock Off|p1a: Umbreon
|-resisted|p1a: Umbreon
|-damage|p1a: Umbreon|66/100
|-enditem|p1a: Umbreon|Leftovers|[from] move: Knock Off|[of] p2a: cutter butter
|move|p1a: Umbreon|Foul Play|p2a: cutter butter
|-damage|p2a: cutter butter|36/100
|
|upkeep
|turn|25
|
|t:|1651664993
|switch|p2a: moltres leches|Moltres|85/100 tox
|move|p1a: Umbreon|Foul Play|p2a: moltres leches
|-damage|p2a: moltres leches|58/100 tox
|
|-damage|p2a: moltres leches|52/100 tox|[from] psn
|upkeep
|turn|26
|
|t:|1651664999
|move|p2a: moltres leches|Roost|p2a: moltres leches
|-heal|p2a: moltres leches|100/100 tox
|-singleturn|p2a: moltres leches|move: Roost
|move|p1a: Umbreon|Wish|p1a: Umbreon
|
|-damage|p2a: moltres leches|88/100 tox|[from] psn
|upkeep
|turn|27
|
|t:|1651665001
|move|p2a: moltres leches|U-turn|p1a: Umbreon
|-supereffective|p1a: Umbreon
|-damage|p1a: Umbreon|48/100
|
|t:|1651665004
|switch|p2a: wishy washy|Rotom-Wash|100/100|[from]move: U-turn
|move|p1a: Umbreon|Foul Play|p2a: wishy washy
|-damage|p2a: wishy washy|83/100
|
|-heal|p1a: Umbreon|98/100|[from] move: Wish|[wisher] Umbreon
|-heal|p2a: wishy washy|89/100|[from] item: Leftovers
|upkeep
|turn|28
|
|t:|1651665009
|move|p2a: wishy washy|Volt Switch|p1a: Umbreon
|-damage|p1a: Umbreon|83/100
|
|t:|1651665012
|switch|p2a: moltres leches|Moltres|88/100 tox|[from]move: Volt Switch
|move|p1a: Umbreon|Wish|p1a: Umbreon
|
|-damage|p2a: moltres leches|82/100 tox|[from] psn
|upkeep
|turn|29
|
|t:|1651665018
|switch|p1a: Azumarill|Azumarill, F, shiny|10/100
|move|p2a: moltres leches|U-turn|p1a: Azumarill
|-resisted|p1a: Azumarill
|-damage|p1a: Azumarill|2/100
|
|t:|1651665020
|switch|p2a: wishy washy|Rotom-Wash|89/100|[from]move: U-turn
|
|-heal|p1a: Azumarill|52/100|[from] move: Wish|[wisher] Umbreon
|-heal|p2a: wishy washy|95/100|[from] item: Leftovers
|upkeep
|turn|30
|
|t:|1651665029
|switch|p1a: Umbreon|Umbreon, F, shiny|83/100
|move|p2a: wishy washy|Volt Switch|p1a: Umbreon
|-crit|p1a: Umbreon
|-damage|p1a: Umbreon|60/100
|
|t:|1651665031
|switch|p2a: moltres leches|Moltres|82/100 tox|[from]move: Volt Switch
|
|-damage|p2a: moltres leches|76/100 tox|[from] psn
|upkeep
|turn|31
|
|t:|1651665040
|move|p2a: moltres leches|Hurricane|p1a: Umbreon|[miss]
|-miss|p2a: moltres leches|p1a: Umbreon
|move|p1a: Umbreon|Wish|p1a: Umbreon
|
|-damage|p2a: moltres leches|64/100 tox|[from] psn
|upkeep
|turn|32
|
|t:|1651665043
|move|p2a: moltres leches|Hurricane|p1a: Umbreon
|-damage|p1a: Umbreon|32/100
|move|p1a: Umbreon|Foul Play|p2a: moltres leches
|-damage|p2a: moltres leches|38/100 tox
|
|-heal|p1a: Umbreon|82/100|[from] move: Wish|[wisher] Umbreon
|-damage|p2a: moltres leches|20/100 tox|[from] psn
|upkeep
|turn|33
|
|t:|1651665051
|move|p2a: moltres leches|Roost|p2a: moltres leches
|-heal|p2a: moltres leches|70/100 tox
|-singleturn|p2a: moltres leches|move: Roost
|move|p1a: Umbreon|Wish|p1a: Umbreon
|
|-damage|p2a: moltres leches|46/100 tox|[from] psn
|upkeep
|turn|34
|
|t:|1651665057
|switch|p2a: wishy washy|Rotom-Wash|95/100
|move|p1a: Umbreon|Foul Play|p2a: wishy washy
|-damage|p2a: wishy washy|77/100
|
|-heal|p1a: Umbreon|100/100|[from] move: Wish|[wisher] Umbreon
|-heal|p2a: wishy washy|84/100|[from] item: Leftovers
|upkeep
|turn|35
|
|t:|1651665062
|move|p2a: wishy washy|Volt Switch|p1a: Umbreon
|-damage|p1a: Umbreon|83/100
|
|t:|1651665065
|switch|p2a: moltres leches|Moltres|46/100 tox|[from]move: Volt Switch
|move|p1a: Umbreon|Wish|p1a: Umbreon
|
|-damage|p2a: moltres leches|40/100 tox|[from] psn
|upkeep
|turn|36
|
|t:|1651665072
|switch|p1a: Azumarill|Azumarill, F, shiny|52/100
|move|p2a: moltres leches|Hurricane|p1a: Azumarill
|-damage|p1a: Azumarill|6/100
|
|-heal|p1a: Azumarill|56/100|[from] move: Wish|[wisher] Umbreon
|-damage|p2a: moltres leches|28/100 tox|[from] psn
|upkeep
|turn|37
|
|t:|1651665082
|switch|p2a: wishy washy|Rotom-Wash|84/100
|move|p1a: Azumarill|Play Rough|p2a: wishy washy
|-damage|p2a: wishy washy|27/100
|
|-heal|p2a: wishy washy|33/100|[from] item: Leftovers
|upkeep
|turn|38
|
|t:|1651665090
|switch|p1a: Amoonguss|Amoonguss, M|83/100
|move|p2a: wishy washy|Volt Switch|p1a: Amoonguss
|-resisted|p1a: Amoonguss
|-damage|p1a: Amoonguss|73/100
|
|t:|1651665098
|switch|p2a: cutter butter|Scizor, M|36/100|[from]move: Volt Switch
|
|upkeep
|turn|39
|
|t:|1651665102
|move|p2a: cutter butter|Roost|p2a: cutter butter
|-heal|p2a: cutter butter|86/100
|-singleturn|p2a: cutter butter|move: Roost
|move|p1a: Amoonguss|Spore|p2a: cutter butter
|-status|p2a: cutter butter|slp|[from] move: Spore
|
|upkeep
|turn|40
|
|t:|1651665105
|switch|p1a: Umbreon|Umbreon, F, shiny|83/100
|cant|p2a: cutter butter|slp
|
|upkeep
|turn|41
|
|t:|1651665109
|-curestatus|p2a: cutter butter|slp|[msg]
|move|p2a: cutter butter|U-turn|p1a: Umbreon
|-supereffective|p1a: Umbreon
|-damage|p1a: Umbreon|43/100
|
|t:|1651665115
|switch|p2a: wishy washy|Rotom-Wash|33/100|[from]move: U-turn
|move|p1a: Umbreon|Wish|p1a: Umbreon
|
|-heal|p2a: wishy washy|40/100|[from] item: Leftovers
|upkeep
|turn|42
|
|t:|1651665122
|move|p2a: wishy washy|Pain Split|p1a: Umbreon
|-sethp|p1a: Umbreon|37/100|[from] move: Pain Split|[silent]
|-sethp|p2a: wishy washy|47/100|[from] move: Pain Split
|move|p1a: Umbreon|Foul Play|p2a: wishy washy
|-damage|p2a: wishy washy|29/100
|
|-heal|p1a: Umbreon|87/100|[from] move: Wish|[wisher] Umbreon
|-heal|p2a: wishy washy|35/100|[from] item: Leftovers
|upkeep
|turn|43
|
|t:|1651665130
|move|p2a: wishy washy|Pain Split|p1a: Umbreon
|-sethp|p1a: Umbreon|57/100|[from] move: Pain Split|[silent]
|-sethp|p2a: wishy washy|73/100|[from] move: Pain Split
|move|p1a: Umbreon|Wish|p1a: Umbreon
|
|-heal|p2a: wishy washy|79/100|[from] item: Leftovers
|upkeep
|turn|44
|
|t:|1651665138
|move|p2a: wishy washy|Volt Switch|p1a: Umbreon
|-damage|p1a: Umbreon|41/100
|
|t:|1651665141
|switch|p2a: cutter butter|Scizor, M|86/100|[from]move: Volt Switch
|move|p1a: Umbreon|Foul Play|p2a: cutter butter
|-damage|p2a: cutter butter|46/100
|
|-heal|p1a: Umbreon|90/100|[from] move: Wish|[wisher] Umbreon
|upkeep
|turn|45
|j| UULT91w Micciu
|
|t:|1651665146
|move|p2a: cutter butter|Roost|p2a: cutter butter
|-heal|p2a: cutter butter|96/100
|-singleturn|p2a: cutter butter|move: Roost
|move|p1a: Umbreon|Foul Play|p2a: cutter butter
|-damage|p2a: cutter butter|55/100
|
|upkeep
|turn|46
|
|t:|1651665152
|move|p2a: cutter butter|Roost|p2a: cutter butter
|-heal|p2a: cutter butter|100/100
|-singleturn|p2a: cutter butter|move: Roost
|move|p1a: Umbreon|Wish|p1a: Umbreon
|
|upkeep
|turn|47
|
|t:|1651665158
|move|p2a: cutter butter|U-turn|p1a: Umbreon
|-supereffective|p1a: Umbreon
|-damage|p1a: Umbreon|50/100
|
|t:|1651665161
|switch|p2a: wishy washy|Rotom-Wash|79/100|[from]move: U-turn
|move|p1a: Umbreon|Foul Play|p2a: wishy washy
|-damage|p2a: wishy washy|61/100
|
|-heal|p1a: Umbreon|99/100|[from] move: Wish|[wisher] Umbreon
|-heal|p2a: wishy washy|68/100|[from] item: Leftovers
|upkeep
|turn|48
|
|t:|1651665169
|move|p2a: wishy washy|Pain Split|p1a: Umbreon
|-sethp|p1a: Umbreon|76/100|[from] move: Pain Split|[silent]
|-sethp|p2a: wishy washy|98/100|[from] move: Pain Split
|move|p1a: Umbreon|Wish|p1a: Umbreon
|
|-heal|p2a: wishy washy|100/100|[from] item: Leftovers
|upkeep
|turn|49
|
|t:|1651665177
|switch|p1a: Amoonguss|Amoonguss, M|100/100
|move|p2a: wishy washy|Volt Switch|p1a: Amoonguss
|-resisted|p1a: Amoonguss
|-damage|p1a: Amoonguss|90/100
|
|t:|1651665180
|switch|p2a: moltres leches|Moltres|28/100 tox|[from]move: Volt Switch
|
|-heal|p1a: Amoonguss|100/100|[from] move: Wish|[wisher] Umbreon
|-damage|p2a: moltres leches|22/100 tox|[from] psn
|upkeep
|turn|50
|
|t:|1651665182
|move|p2a: moltres leches|Roost|p2a: moltres leches
|-heal|p2a: moltres leches|72/100 tox
|-singleturn|p2a: moltres leches|move: Roost
|move|p1a: Amoonguss|Sludge Bomb|p2a: moltres leches
|-damage|p2a: moltres leches|44/100 tox
|
|-damage|p2a: moltres leches|32/100 tox|[from] psn
|upkeep
|turn|51
|
|t:|1651665186
|move|p2a: moltres leches|Roost|p2a: moltres leches
|-heal|p2a: moltres leches|82/100 tox
|-singleturn|p2a: moltres leches|move: Roost
|move|p1a: Amoonguss|Sludge Bomb|p2a: moltres leches
|-damage|p2a: moltres leches|54/100 tox
|
|-damage|p2a: moltres leches|36/100 tox|[from] psn
|upkeep
|turn|52
|
|t:|1651665190
|move|p2a: moltres leches|U-turn|p1a: Amoonguss
|-damage|p1a: Amoonguss|89/100
|
|t:|1651665193
|switch|p2a: cutter butter|Scizor, M|100/100|[from]move: U-turn
|move|p1a: Amoonguss|Sludge Bomb|p2a: cutter butter
|-immune|p2a: cutter butter
|
|upkeep
|turn|53
|
|t:|1651665202
|move|p2a: cutter butter|Bullet Punch|p1a: Amoonguss
|-crit|p1a: Amoonguss
|-damage|p1a: Amoonguss|56/100
|move|p1a: Amoonguss|Foul Play|p2a: cutter butter
|-damage|p2a: cutter butter|71/100
|
|upkeep
|turn|54
|
|t:|1651665206
|switch|p1a: Scizor|Scizor, M|100/100
|move|p2a: cutter butter|Bullet Punch|p1a: Scizor
|-resisted|p1a: Scizor
|-damage|p1a: Scizor|85/100
|
|upkeep
|turn|55
|
|t:|1651665212
|move|p1a: Scizor|Dual Wingbeat|p2a: cutter butter
|-crit|p2a: cutter butter
|-damage|p2a: cutter butter|27/100
|-damage|p2a: cutter butter|0 fnt
|faint|p2a: cutter butter
|-hitcount|p2: cutter butter|2
|
|upkeep
|
|t:|1651665225
|switch|p2a: moltres leches|Moltres|36/100 tox
|turn|56
|
|t:|1651665229
|switch|p1a: Umbreon|Umbreon, F, shiny|76/100
|move|p2a: moltres leches|Hurricane|p1a: Umbreon
|-damage|p1a: Umbreon|48/100
|-start|p1a: Umbreon|confusion
|
|-damage|p2a: moltres leches|30/100 tox|[from] psn
|upkeep
|turn|57
|
|t:|1651665237
|move|p2a: moltres leches|Flamethrower|p1a: Umbreon
|-damage|p1a: Umbreon|24/100
|-activate|p1a: Umbreon|confusion
|move|p1a: Umbreon|Wish|p1a: Umbreon
|
|-damage|p2a: moltres leches|18/100 tox|[from] psn
|upkeep
|turn|58
|
|t:|1651665246
|move|p2a: moltres leches|Roost|p2a: moltres leches
|-heal|p2a: moltres leches|68/100 tox
|-singleturn|p2a: moltres leches|move: Roost
|-activate|p1a: Umbreon|confusion
|-damage|p1a: Umbreon|21/100|[from] confusion
|
|-heal|p1a: Umbreon|70/100|[from] move: Wish|[wisher] Umbreon
|-damage|p2a: moltres leches|50/100 tox|[from] psn
|upkeep
|turn|59
|
|t:|1651665258
|-end|p1a: Umbreon|confusion
|move|p1a: Umbreon|Protect|p1a: Umbreon
|-singleturn|p1a: Umbreon|Protect
|move|p2a: moltres leches|U-turn|p1a: Umbreon
|-activate|p1a: Umbreon|move: Protect
|
|-damage|p2a: moltres leches|26/100 tox|[from] psn
|upkeep
|turn|60
|
|t:|1651665262
|move|p2a: moltres leches|Roost|p2a: moltres leches
|-heal|p2a: moltres leches|76/100 tox
|-singleturn|p2a: moltres leches|move: Roost
|move|p1a: Umbreon|Foul Play||[still]
|-damage|p2a: moltres leches|45/100 tox
|-status|p1a: Umbreon|brn|[from] ability: Flame Body|[of] p2a: moltres leches
|-activate|p1a: Umbreon|ability: Synchronize
|-fail|p1a: Umbreon
|
|-damage|p2a: moltres leches|15/100 tox|[from] psn
|-damage|p1a: Umbreon|64/100 brn|[from] brn
|upkeep
|turn|61
|
|t:|1651665269
|switch|p2a: wishy washy|Rotom-Wash|100/100
|move|p1a: Umbreon|Heal Bell|p1a: Umbreon
|-activate|p1a: Umbreon|move: Heal Bell
|-curestatus|p1a: Umbreon|brn|[msg]
|
|upkeep
|turn|62
|
|t:|1651665275
|move|p2a: wishy washy|Hydro Pump|p1a: Umbreon
|-damage|p1a: Umbreon|38/100
|move|p1a: Umbreon|Wish|p1a: Umbreon
|
|upkeep
|turn|63
|
|t:|1651665282
|move|p2a: wishy washy|Volt Switch|p1a: Umbreon
|-damage|p1a: Umbreon|22/100
|
|t:|1651665284
|switch|p2a: moltres leches|Moltres|15/100 tox|[from]move: Volt Switch
|move|p1a: Umbreon|Foul Play|p2a: moltres leches
|-damage|p2a: moltres leches|0 fnt
|faint|p2a: moltres leches
|
|-heal|p1a: Umbreon|71/100|[from] move: Wish|[wisher] Umbreon
|upkeep
|-message|uult91wpokemonisfu forfeited.
|
|win|Jelly cookie
|raw|Jelly cookie's rating: 1333 &rarr; <strong>1357</strong><br />(+24 for winning)
|raw|uult91wpokemonisfu's rating: 1395 &rarr; <strong>1371</strong><br />(-24 for losing)
|c|☆uult91wpokemonisfu|gg
|l|☆uult91wpokemonisfu
|c|☆Jelly cookie|Gg
