|j|☆uult1 sparrowstail
|j|☆square one 1)
|player|p1|uult1 sparrowstail|twins-gen4|1406
|player|p2|square one 1)|preschooler|1280
|teamsize|p1|6
|teamsize|p2|6
|gametype|singles
|gen|8
|tier|[Gen 8] UU
|rated|
|clearpoke
|poke|p1|Accelgor, M|
|poke|p1|Raichu, M|
|poke|p1|Tsareena, F|
|poke|p1|Indeedee-F, F|
|poke|p1|Barbaracle, F|
|poke|p1|Polteageist|
|poke|p2|Sylveon, F|
|poke|p2|Vikavolt, M|
|poke|p2|Rotom-Wash|
|poke|p2|Sirfetch'd, F|
|poke|p2|Incineroar, M|
|poke|p2|Noivern, F|
|rule|Sleep Clause Mod: Limit one foe put to sleep
|rule|Species Clause: Limit one of each Pokémon
|rule|OHKO Clause: OHKO moves are banned
|rule|Evasion Moves Clause: Evasion moves are banned
|rule|Endless Battle Clause: Forcing endless battles is banned
|rule|HP Percentage Mod: HP is shown in percentages
|rule|Dynamax Clause: You cannot dynamax
|teampreview
|
|start
|switch|p1a: Accelgor|Accelgor, M|100/100
|switch|p2a: Vikavolt|Vikavolt, M|100/100
|turn|1
|
|move|p1a: Accelgor|Toxic Spikes|p2a: Vikavolt
|-sidestart|p2: square one 1)|move: Toxic Spikes
|move|p2a: Vikavolt|Thunderbolt|p1a: Accelgor
|-damage|p1a: Accelgor|25/100
|
|upkeep
|turn|2
|
|move|p1a: Accelgor|Encore|p2a: Vikavolt
|-start|p2a: Vikavolt|Encore
|move|p2a: Vikavolt|Thunderbolt|p1a: Accelgor
|-damage|p1a: Accelgor|0 fnt
|faint|p1a: Accelgor
|
|upkeep
|
|switch|p1a: Raichu|Raichu, M|100/100
|turn|3
|
|switch|p2a: Incineroar|Incineroar, M|100/100
|-ability|p2a: Incineroar|Intimidate|boost
|-unboost|p1a: Raichu|atk|1
|move|p1a: Raichu|Thunderbolt|p2a: Incineroar
|-damage|p2a: Incineroar|76/100
|
|upkeep
|turn|4
|
|move|p1a: Raichu|Thunderbolt|p2a: Incineroar
|-damage|p2a: Incineroar|53/100
|move|p2a: Incineroar|Parting Shot|p1a: Raichu
|-unboost|p1a: Raichu|atk|1
|-unboost|p1a: Raichu|spa|1
|
|switch|p2a: Rotom|Rotom-Wash|100/100|[from]move: Parting Shot
|
|upkeep
|turn|5
|
|switch|p1a: Indeedee|Indeedee-F, F|100/100
|-fieldstart|move: Psychic Terrain|[from] ability: Psychic Surge|[of] p1a: Indeedee
|move|p2a: Rotom|Toxic|p1a: Indeedee
|-status|p1a: Indeedee|tox
|
|-damage|p1a: Indeedee|94/100 tox|[from] psn
|upkeep
|turn|6
|
|move|p1a: Indeedee|Hyper Voice|p2a: Rotom
|-crit|p2a: Rotom
|-damage|p2a: Rotom|41/100
|move|p2a: Rotom|Hydro Pump|p1a: Indeedee
|-damage|p1a: Indeedee|52/100 tox
|
|-heal|p2a: Rotom|47/100|[from] item: Leftovers
|-damage|p1a: Indeedee|40/100 tox|[from] psn
|upkeep
|turn|7
|inactive|Battle timer is ON: inactive players will automatically lose when time's up. (requested by square one 1))
|
|move|p1a: Indeedee|Future Sight|p2a: Rotom
|-start|p1a: Indeedee|move: Future Sight
|move|p2a: Rotom|Volt Switch|p1a: Indeedee
|-damage|p1a: Indeedee|11/100 tox
|
|switch|p2a: Incineroar|Incineroar, M|53/100|[from]move: Volt Switch
|-ability|p2a: Incineroar|Intimidate|boost
|-unboost|p1a: Indeedee|atk|1
|
|-damage|p1a: Indeedee|0 fnt|[from] psn
|faint|p1a: Indeedee
|upkeep
|
|switch|p1a: Barbaracle|Barbaracle, F|100/100
|turn|8
|
|move|p1a: Barbaracle|Liquidation|p2a: Incineroar
|-supereffective|p2a: Incineroar
|-damage|p2a: Incineroar|0 fnt
|faint|p2a: Incineroar
|
|upkeep
|
|switch|p2a: Rotom|Rotom-Wash|47/100
|turn|9
|
|move|p1a: Barbaracle|Shell Smash|p1a: Barbaracle
|-unboost|p1a: Barbaracle|def|1
|-unboost|p1a: Barbaracle|spd|1
|-boost|p1a: Barbaracle|atk|2
|-boost|p1a: Barbaracle|spa|2
|-boost|p1a: Barbaracle|spe|2
|move|p2a: Rotom|Volt Switch|p1a: Barbaracle
|-supereffective|p1a: Barbaracle
|-enditem|p1a: Barbaracle|Focus Sash
|-damage|p1a: Barbaracle|1/100
|
|switch|p2a: Vikavolt|Vikavolt, M|100/100|[from]move: Volt Switch
|
|-end|p2a: Vikavolt|move: Future Sight
|-damage|p2a: Vikavolt|26/100
|upkeep
|turn|10
|
|move|p1a: Barbaracle|Liquidation|p2a: Vikavolt
|-damage|p2a: Vikavolt|0 fnt
|faint|p2a: Vikavolt
|
|upkeep
|
|switch|p2a: Sirfetch'd|Sirfetch'd, F|100/100
|-status|p2a: Sirfetch'd|psn
|turn|11
|
|move|p2a: Sirfetch'd|First Impression|p1a: Barbaracle
|-activate|p1a: Barbaracle|move: Psychic Terrain
|move|p1a: Barbaracle|Liquidation|p2a: Sirfetch'd
|-damage|p2a: Sirfetch'd|0 fnt
|faint|p2a: Sirfetch'd
|
|upkeep
|
|switch|p2a: Noivern|Noivern, F|100/100
|turn|12
|
|move|p2a: Noivern|U-turn|p1a: Barbaracle
|-damage|p1a: Barbaracle|0 fnt
|faint|p1a: Barbaracle
|
|switch|p2a: Rotom|Rotom-Wash|47/100|[from]move: U-turn
|
|-heal|p2a: Rotom|53/100|[from] item: Leftovers
|-fieldend|move: Psychic Terrain
|upkeep
|
|switch|p1a: Raichu|Raichu, M|100/100
|turn|13
|
|move|p1a: Raichu|Thunderbolt|p2a: Rotom
|-damage|p2a: Rotom|14/100
|move|p2a: Rotom|Defog|p1a: Raichu
|-unboost|p1a: Raichu|evasion|1
|-sideend|p2: square one 1)|Toxic Spikes|[from] move: Defog|[of] p2a: Rotom
|
|-heal|p2a: Rotom|20/100|[from] item: Leftovers
|upkeep
|turn|14
|
|move|p1a: Raichu|Thunderbolt|p2a: Rotom
|-damage|p2a: Rotom|0 fnt
|faint|p2a: Rotom
|
|upkeep
|
|switch|p2a: Sylveon|Sylveon, F|100/100
|turn|15
|
|move|p1a: Raichu|Thunderbolt|p2a: Sylveon
|-damage|p2a: Sylveon|74/100
|move|p2a: Sylveon|Mystical Fire|p1a: Raichu
|-damage|p1a: Raichu|68/100
|-unboost|p1a: Raichu|spa|1
|
|-heal|p2a: Sylveon|80/100|[from] item: Leftovers
|upkeep
|turn|16
|
|switch|p1a: Tsareena|Tsareena, F|100/100
|move|p2a: Sylveon|Wish|p2a: Sylveon
|
|-heal|p2a: Sylveon|87/100|[from] item: Leftovers
|upkeep
|turn|17
|
|move|p1a: Tsareena|Knock Off|p2a: Sylveon
|-resisted|p2a: Sylveon
|-damage|p2a: Sylveon|71/100
|-enditem|p2a: Sylveon|Leftovers|[from] move: Knock Off|[of] p1a: Tsareena
|move|p2a: Sylveon|Mystical Fire|p1a: Tsareena
|-supereffective|p1a: Tsareena
|-damage|p1a: Tsareena|73/100
|-unboost|p1a: Tsareena|spa|1
|
|-heal|p2a: Sylveon|100/100|[from] move: Wish|[wisher] Sylveon
|upkeep
|turn|18
|
|move|p1a: Tsareena|Power Whip|p2a: Sylveon|[miss]
|-miss|p1a: Tsareena|p2a: Sylveon
|move|p2a: Sylveon|Toxic|p1a: Tsareena
|-status|p1a: Tsareena|tox
|
|-damage|p1a: Tsareena|67/100 tox|[from] psn
|upkeep
|turn|19
|
|move|p1a: Tsareena|Power Whip|p2a: Sylveon
|-damage|p2a: Sylveon|44/100
|move|p2a: Sylveon|Wish|p2a: Sylveon
|
|-damage|p1a: Tsareena|55/100 tox|[from] psn
|upkeep
|turn|20
|
|move|p1a: Tsareena|Power Whip|p2a: Sylveon
|-damage|p2a: Sylveon|0 fnt
|faint|p2a: Sylveon
|
|-damage|p1a: Tsareena|37/100 tox|[from] psn
|upkeep
|
|switch|p2a: Noivern|Noivern, F|100/100
|turn|21
|
|move|p2a: Noivern|Switcheroo|p1a: Tsareena
|-activate|p2a: Noivern|move: Trick|[of] p1a: Tsareena
|-item|p1a: Tsareena|Choice Scarf|[from] move: Switcheroo
|-item|p2a: Noivern|Assault Vest|[from] move: Switcheroo
|move|p1a: Tsareena|Knock Off|p2a: Noivern
|-damage|p2a: Noivern|50/100
|-enditem|p2a: Noivern|Assault Vest|[from] move: Knock Off|[of] p1a: Tsareena
|
|-damage|p1a: Tsareena|13/100 tox|[from] psn
|upkeep
|turn|22
|
|move|p2a: Noivern|Air Slash|p1a: Tsareena
|-supereffective|p1a: Tsareena
|-damage|p1a: Tsareena|0 fnt
|faint|p1a: Tsareena
|
|upkeep
|
|switch|p1a: Polteageist|Polteageist|100/100
|turn|23
|
|move|p2a: Noivern|Draco Meteor|p1a: Polteageist
|-damage|p1a: Polteageist|36/100
|-unboost|p2a: Noivern|spa|2
|move|p1a: Polteageist|Shell Smash|p1a: Polteageist
|-unboost|p1a: Polteageist|def|1
|-unboost|p1a: Polteageist|spd|1
|-boost|p1a: Polteageist|atk|2
|-boost|p1a: Polteageist|spa|2
|-boost|p1a: Polteageist|spe|2
|
|upkeep
|turn|24
|
|move|p1a: Polteageist|Stored Power|p2a: Noivern
|-damage|p2a: Noivern|0 fnt
|faint|p2a: Noivern
|
|win|uult1 sparrowstail
|l|☆uult1 sparrowstail
