|j|☆Queen of Bean ✿
|j|☆Zephyyyr
|t:|1662643245
|gametype|singles
|player|p1|Queen of Bean ✿|266|1404
|player|p2|Zephyyyr|richboy|1438
|teamsize|p1|6
|teamsize|p2|6
|gen|8
|tier|[Gen 8] UU
|rated|
|rule|Sleep Clause Mod: Limit one foe put to sleep
|rule|Species Clause: Limit one of each Pokémon
|rule|OHKO Clause: OHKO moves are banned
|rule|Evasion Items Clause: Evasion items are banned
|rule|Evasion Moves Clause: Evasion moves are banned
|rule|Endless Battle Clause: Forcing endless battles is banned
|rule|HP Percentage Mod: HP is shown in percentages
|rule|Dynamax Clause: You cannot dynamax
|clearpoke
|poke|p1|Golisopod, M|
|poke|p1|Hatterene, F|
|poke|p1|Cobalion|
|poke|p1|Zarude|
|poke|p1|Crobat, F|
|poke|p1|Rhyperior, M|
|poke|p2|Skarmory, F|
|poke|p2|Dhelmise|
|poke|p2|Hippowdon, M|
|poke|p2|Chansey, F|
|poke|p2|Slowking, M|
|poke|p2|Noivern, F|
|teampreview
|c|☆Queen of Bean ✿|Glhf :)
|
|t:|1662643264
|start
|switch|p1a: Zarude|Zarude|100/100
|switch|p2a: Hippowdon|Hippowdon, M|100/100
|-weather|Sandstorm|[from] ability: Sand Stream|[of] p2a: Hippowdon
|turn|1
|c|☆Zephyyyr|Hf
|
|t:|1662643272
|switch|p2a: Skarmory|Skarmory, F|100/100
|move|p1a: Zarude|Darkest Lariat|p2a: Skarmory
|-damage|p2a: Skarmory|73/100
|-damage|p1a: Zarude|84/100|[from] item: Rocky Helmet|[of] p2a: Skarmory
|
|-weather|Sandstorm|[upkeep]
|-damage|p1a: Zarude|78/100|[from] Sandstorm
|upkeep
|turn|2
|
|t:|1662643278
|switch|p1a: Hatterene|Hatterene, F|100/100
|move|p2a: Skarmory|Roost|p2a: Skarmory
|-heal|p2a: Skarmory|100/100
|-singleturn|p2a: Skarmory|move: Roost
|
|-weather|Sandstorm|[upkeep]
|-damage|p1a: Hatterene|95/100|[from] Sandstorm
|-heal|p1a: Hatterene|100/100|[from] item: Leftovers
|upkeep
|turn|3
|
|t:|1662643306
|switch|p2a: Dhelmise|Dhelmise|100/100
|switch|p1a: Zarude|Zarude|78/100
|
|-weather|Sandstorm|[upkeep]
|-damage|p1a: Zarude|72/100|[from] Sandstorm
|-damage|p2a: Dhelmise|94/100|[from] Sandstorm
|upkeep
|turn|4
|
|t:|1662643316
|switch|p1a: Cobalion|Cobalion|100/100
|switch|p2a: Skarmory|Skarmory, F|100/100
|
|-weather|Sandstorm|[upkeep]
|upkeep
|turn|5
|
|t:|1662643323
|switch|p1a: Crobat|Crobat, F|100/100
|move|p2a: Skarmory|Body Press|p1a: Crobat
|-resisted|p1a: Crobat
|-damage|p1a: Crobat|91/100
|
|-weather|none
|upkeep
|turn|6
|
|t:|1662643335
|switch|p1a: Hatterene|Hatterene, F|100/100
|switch|p2a: Hippowdon|Hippowdon, M|100/100
|-weather|Sandstorm|[from] ability: Sand Stream|[of] p2a: Hippowdon
|
|-weather|Sandstorm|[upkeep]
|-damage|p1a: Hatterene|95/100|[from] Sandstorm
|-heal|p1a: Hatterene|100/100|[from] item: Leftovers
|upkeep
|turn|7
|
|t:|1662643344
|switch|p2a: Dhelmise|Dhelmise|94/100
|switch|p1a: Crobat|Crobat, F|91/100
|
|-weather|Sandstorm|[upkeep]
|-damage|p1a: Crobat|85/100|[from] Sandstorm
|-damage|p2a: Dhelmise|88/100|[from] Sandstorm
|upkeep
|turn|8
|
|t:|1662643349
|switch|p2a: Slowking|Slowking, M|100/100
|move|p1a: Crobat|U-turn|p2a: Slowking
|-supereffective|p2a: Slowking
|-damage|p2a: Slowking|73/100
|
|t:|1662643352
|switch|p1a: Zarude|Zarude|72/100|[from]move: U-turn
|
|-weather|Sandstorm|[upkeep]
|-damage|p1a: Zarude|66/100|[from] Sandstorm
|-damage|p2a: Slowking|67/100|[from] Sandstorm
|upkeep
|turn|9
|
|t:|1662643379
|switch|p2a: Skarmory|Skarmory, F|100/100
|move|p1a: Zarude|Jungle Healing|p1a: Zarude
|-heal|p1a: Zarude|91/100
|
|-weather|Sandstorm|[upkeep]
|-damage|p1a: Zarude|85/100|[from] Sandstorm
|upkeep
|turn|10
|
|t:|1662643397
|switch|p1a: Hatterene|Hatterene, F|100/100
|switch|p2a: Hippowdon|Hippowdon, M|100/100
|
|-weather|none
|upkeep
|turn|11
|
|t:|1662643411
|switch|p2a: Dhelmise|Dhelmise|88/100
|move|p1a: Hatterene|Mystical Fire|p2a: Dhelmise
|-supereffective|p2a: Dhelmise
|-damage|p2a: Dhelmise|48/100
|-unboost|p2a: Dhelmise|spa|1
|
|upkeep
|turn|12
|j| jaggappex
|
|t:|1662643439
|switch|p1a: Zarude|Zarude|85/100
|move|p2a: Dhelmise|Synthesis|p2a: Dhelmise
|-heal|p2a: Dhelmise|98/100
|
|upkeep
|turn|13
|
|t:|1662643453
|switch|p2a: Skarmory|Skarmory, F|100/100
|move|p1a: Zarude|Darkest Lariat|p2a: Skarmory
|-damage|p2a: Skarmory|75/100
|-damage|p1a: Zarude|69/100|[from] item: Rocky Helmet|[of] p2a: Skarmory
|
|upkeep
|turn|14
|
|t:|1662643460
|switch|p2a: Dhelmise|Dhelmise|98/100
|move|p1a: Zarude|U-turn|p2a: Dhelmise
|-damage|p2a: Dhelmise|79/100
|
|t:|1662643464
|switch|p1a: Crobat|Crobat, F|85/100|[from]move: U-turn
|
|upkeep
|turn|15
|
|t:|1662643471
|switch|p2a: Skarmory|Skarmory, F|75/100
|move|p1a: Crobat|Taunt|p2a: Skarmory
|-start|p2a: Skarmory|move: Taunt
|
|upkeep
|turn|16
|
|t:|1662643479
|move|p1a: Crobat|U-turn|p2a: Skarmory
|-resisted|p2a: Skarmory
|-damage|p2a: Skarmory|73/100
|-damage|p1a: Crobat|69/100|[from] item: Rocky Helmet|[of] p2a: Skarmory
|
|t:|1662643483
|switch|p1a: Hatterene|Hatterene, F|100/100|[from]move: U-turn
|move|p2a: Skarmory|Body Press|p1a: Hatterene
|-resisted|p1a: Hatterene
|-damage|p1a: Hatterene|94/100
|
|-heal|p1a: Hatterene|99/100|[from] item: Leftovers
|upkeep
|turn|17
|
|t:|1662643488
|switch|p2a: Dhelmise|Dhelmise|79/100
|move|p1a: Hatterene|Mystical Fire|p2a: Dhelmise
|-supereffective|p2a: Dhelmise
|-damage|p2a: Dhelmise|40/100
|-unboost|p2a: Dhelmise|spa|1
|
|-heal|p1a: Hatterene|100/100|[from] item: Leftovers
|upkeep
|turn|18
|
|t:|1662643490
|move|p2a: Dhelmise|Synthesis|p2a: Dhelmise
|-heal|p2a: Dhelmise|90/100
|move|p1a: Hatterene|Mystical Fire|p2a: Dhelmise
|-supereffective|p2a: Dhelmise
|-damage|p2a: Dhelmise|46/100
|-unboost|p2a: Dhelmise|spa|1
|
|upkeep
|turn|19
|
|t:|1662643495
|switch|p1a: Zarude|Zarude|69/100
|move|p2a: Dhelmise|Anchor Shot|p1a: Zarude
|-damage|p1a: Zarude|34/100
|-activate|p1a: Zarude|trapped
|
|upkeep
|turn|20
|
|t:|1662643502
|switch|p2a: Noivern|Noivern, F|100/100
|move|p1a: Zarude|Darkest Lariat|p2a: Noivern
|-damage|p2a: Noivern|41/100
|
|upkeep
|turn|21
|
|t:|1662643522
|switch|p1a: Rhyperior|Rhyperior, M|100/100
|move|p2a: Noivern|U-turn|p1a: Rhyperior
|-damage|p1a: Rhyperior|93/100
|
|t:|1662643527
|switch|p2a: Dhelmise|Dhelmise|46/100|[from]move: U-turn
|
|upkeep
|turn|22
|c|☆Zephyyyr|Hatt c est relou vs fat
|
|t:|1662643567
|switch|p2a: Hippowdon|Hippowdon, M|100/100
|-weather|Sandstorm|[from] ability: Sand Stream|[of] p2a: Hippowdon
|switch|p1a: Crobat|Crobat, F|69/100
|
|-weather|Sandstorm|[upkeep]
|-damage|p1a: Crobat|62/100|[from] Sandstorm
|upkeep
|turn|23
|
|t:|1662643575
|move|p1a: Crobat|Taunt|p2a: Hippowdon
|-start|p2a: Hippowdon|move: Taunt
|move|p2a: Hippowdon|Earthquake|p1a: Crobat
|-immune|p1a: Crobat
|
|-weather|Sandstorm|[upkeep]
|-damage|p1a: Crobat|56/100|[from] Sandstorm
|upkeep
|turn|24
|
|t:|1662643587
|switch|p1a: Hatterene|Hatterene, F|100/100
|move|p2a: Hippowdon|Earthquake|p1a: Hatterene
|-damage|p1a: Hatterene|69/100
|
|-weather|Sandstorm|[upkeep]
|-damage|p1a: Hatterene|63/100|[from] Sandstorm
|-heal|p1a: Hatterene|69/100|[from] item: Leftovers
|upkeep
|turn|25
|
|t:|1662643605
|switch|p2a: Slowking|Slowking, M|99/100
|switch|p1a: Zarude|Zarude|34/100
|
|-weather|Sandstorm|[upkeep]
|-damage|p1a: Zarude|28/100|[from] Sandstorm
|-damage|p2a: Slowking|94/100|[from] Sandstorm
|upkeep
|turn|26
|
|t:|1662643610
|switch|p2a: Skarmory|Skarmory, F|73/100
|move|p1a: Zarude|Jungle Healing|p1a: Zarude
|-heal|p1a: Zarude|53/100
|
|-weather|none
|upkeep
|turn|27
|
|t:|1662643616
|switch|p1a: Hatterene|Hatterene, F|69/100
|move|p2a: Skarmory|Roost|p2a: Skarmory
|-heal|p2a: Skarmory|100/100
|-singleturn|p2a: Skarmory|move: Roost
|
|-heal|p1a: Hatterene|75/100|[from] item: Leftovers
|upkeep
|turn|28
|
|t:|1662643622
|switch|p2a: Hippowdon|Hippowdon, M|100/100
|-weather|Sandstorm|[from] ability: Sand Stream|[of] p2a: Hippowdon
|move|p1a: Hatterene|Mystical Fire|p2a: Hippowdon
|-damage|p2a: Hippowdon|81/100
|-unboost|p2a: Hippowdon|spa|1
|
|-weather|Sandstorm|[upkeep]
|-damage|p1a: Hatterene|69/100|[from] Sandstorm
|-heal|p2a: Hippowdon|87/100|[from] item: Leftovers
|-heal|p1a: Hatterene|75/100|[from] item: Leftovers
|upkeep
|turn|29
|
|t:|1662643626
|move|p2a: Hippowdon|Earthquake|p1a: Hatterene
|-damage|p1a: Hatterene|44/100
|move|p1a: Hatterene|Draining Kiss|p2a: Hippowdon
|-damage|p2a: Hippowdon|69/100
|-heal|p1a: Hatterene|62/100|[from] drain|[of] p2a: Hippowdon
|
|-weather|Sandstorm|[upkeep]
|-damage|p1a: Hatterene|56/100|[from] Sandstorm
|-heal|p2a: Hippowdon|75/100|[from] item: Leftovers
|-heal|p1a: Hatterene|62/100|[from] item: Leftovers
|upkeep
|turn|30
|
|t:|1662643636
|switch|p2a: Slowking|Slowking, M|100/100
|switch|p1a: Crobat|Crobat, F|56/100
|
|-weather|Sandstorm|[upkeep]
|-damage|p1a: Crobat|50/100|[from] Sandstorm
|-damage|p2a: Slowking|94/100|[from] Sandstorm
|upkeep
|turn|31
|
|t:|1662643641
|move|p1a: Crobat|Roost|p1a: Crobat
|-heal|p1a: Crobat|99/100
|-singleturn|p1a: Crobat|move: Roost
|move|p2a: Slowking|Scald|p1a: Crobat
|-damage|p1a: Crobat|65/100
|
|-weather|Sandstorm|[upkeep]
|-damage|p1a: Crobat|59/100|[from] Sandstorm
|-damage|p2a: Slowking|88/100|[from] Sandstorm
|upkeep
|turn|32
|
|t:|1662643647
|move|p1a: Crobat|U-turn|p2a: Slowking
|-supereffective|p2a: Slowking
|-damage|p2a: Slowking|65/100
|
|t:|1662643652
|switch|p1a: Zarude|Zarude|53/100|[from]move: U-turn
|move|p2a: Slowking|Psyshock|p1a: Zarude
|-immune|p1a: Zarude
|
|-weather|none
|upkeep
|turn|33
|
|t:|1662643660
|switch|p2a: Skarmory|Skarmory, F|100/100
|move|p1a: Zarude|Jungle Healing|p1a: Zarude
|-heal|p1a: Zarude|78/100
|
|upkeep
|turn|34
|
|t:|1662643679
|switch|p1a: Hatterene|Hatterene, F|62/100
|switch|p2a: Noivern|Noivern, F|41/100
|
|-heal|p1a: Hatterene|68/100|[from] item: Leftovers
|upkeep
|turn|35
|
|t:|1662643683
|move|p2a: Noivern|U-turn|p1a: Hatterene
|-damage|p1a: Hatterene|59/100
|
|t:|1662643686
|switch|p2a: Slowking|Slowking, M|98/100|[from]move: U-turn
|move|p1a: Hatterene|Calm Mind|p1a: Hatterene
|-boost|p1a: Hatterene|spa|1
|-boost|p1a: Hatterene|spd|1
|
|-heal|p1a: Hatterene|65/100|[from] item: Leftovers
|upkeep
|turn|36
|j| 07l中国大妈
|
|t:|1662643693
|move|p1a: Hatterene|Draining Kiss|p2a: Slowking
|-damage|p2a: Slowking|71/100
|-heal|p1a: Hatterene|91/100|[from] drain|[of] p2a: Slowking
|move|p2a: Slowking|Calm Mind|p2a: Slowking
|-boost|p2a: Slowking|spa|1
|-boost|p2a: Slowking|spd|1
|
|-heal|p1a: Hatterene|97/100|[from] item: Leftovers
|upkeep
|turn|37
|
|t:|1662643696
|move|p1a: Hatterene|Calm Mind|p1a: Hatterene
|-boost|p1a: Hatterene|spa|1
|-boost|p1a: Hatterene|spd|1
|move|p2a: Slowking|Calm Mind|p2a: Slowking
|-boost|p2a: Slowking|spa|1
|-boost|p2a: Slowking|spd|1
|
|-heal|p1a: Hatterene|100/100|[from] item: Leftovers
|upkeep
|turn|38
|
|t:|1662643699
|move|p1a: Hatterene|Calm Mind|p1a: Hatterene
|-boost|p1a: Hatterene|spa|1
|-boost|p1a: Hatterene|spd|1
|move|p2a: Slowking|Calm Mind|p2a: Slowking
|-boost|p2a: Slowking|spa|1
|-boost|p2a: Slowking|spd|1
|
|upkeep
|turn|39
|
|t:|1662643701
|move|p1a: Hatterene|Calm Mind|p1a: Hatterene
|-boost|p1a: Hatterene|spa|1
|-boost|p1a: Hatterene|spd|1
|move|p2a: Slowking|Calm Mind|p2a: Slowking
|-boost|p2a: Slowking|spa|1
|-boost|p2a: Slowking|spd|1
|
|upkeep
|turn|40
|
|t:|1662643703
|move|p1a: Hatterene|Calm Mind|p1a: Hatterene
|-boost|p1a: Hatterene|spa|1
|-boost|p1a: Hatterene|spd|1
|move|p2a: Slowking|Calm Mind|p2a: Slowking
|-boost|p2a: Slowking|spa|1
|-boost|p2a: Slowking|spd|1
|
|upkeep
|turn|41
|
|t:|1662643705
|move|p1a: Hatterene|Calm Mind|p1a: Hatterene
|-boost|p1a: Hatterene|spa|1
|-boost|p1a: Hatterene|spd|1
|move|p2a: Slowking|Calm Mind|p2a: Slowking
|-boost|p2a: Slowking|spa|1
|-boost|p2a: Slowking|spd|1
|
|upkeep
|turn|42
|
|t:|1662643708
|move|p1a: Hatterene|Mystical Fire|p2a: Slowking
|-resisted|p2a: Slowking
|-damage|p2a: Slowking|62/100
|-unboost|p2a: Slowking|spa|1
|move|p2a: Slowking|Scald|p1a: Hatterene
|-damage|p1a: Hatterene|74/100
|
|-heal|p1a: Hatterene|80/100|[from] item: Leftovers
|upkeep
|turn|43
|
|t:|1662643713
|move|p1a: Hatterene|Mystical Fire|p2a: Slowking
|-resisted|p2a: Slowking
|-damage|p2a: Slowking|54/100
|-unboost|p2a: Slowking|spa|1
|move|p2a: Slowking|Scald|p1a: Hatterene
|-damage|p1a: Hatterene|57/100
|-status|p1a: Hatterene|brn
|
|-heal|p1a: Hatterene|63/100 brn|[from] item: Leftovers
|-damage|p1a: Hatterene|57/100 brn|[from] brn
|upkeep
|turn|44
|
|t:|1662643715
|move|p1a: Hatterene|Draining Kiss|p2a: Slowking
|-damage|p2a: Slowking|34/100
|-heal|p1a: Hatterene|76/100 brn|[from] drain|[of] p2a: Slowking
|move|p2a: Slowking|Slack Off|p2a: Slowking
|-heal|p2a: Slowking|84/100
|
|-heal|p1a: Hatterene|82/100 brn|[from] item: Leftovers
|-damage|p1a: Hatterene|76/100 brn|[from] brn
|upkeep
|turn|45
|
|t:|1662643718
|move|p1a: Hatterene|Draining Kiss|p2a: Slowking
|-damage|p2a: Slowking|65/100
|-heal|p1a: Hatterene|93/100 brn|[from] drain|[of] p2a: Slowking
|move|p2a: Slowking|Psyshock|p1a: Hatterene
|-resisted|p1a: Hatterene
|-damage|p1a: Hatterene|59/100 brn
|
|-heal|p1a: Hatterene|65/100 brn|[from] item: Leftovers
|-damage|p1a: Hatterene|59/100 brn|[from] brn
|upkeep
|turn|46
|
|t:|1662643725
|move|p1a: Hatterene|Draining Kiss|p2a: Slowking
|-damage|p2a: Slowking|47/100
|-heal|p1a: Hatterene|76/100 brn|[from] drain|[of] p2a: Slowking
|move|p2a: Slowking|Calm Mind|p2a: Slowking
|-boost|p2a: Slowking|spa|1
|-boost|p2a: Slowking|spd|0
|
|-heal|p1a: Hatterene|82/100 brn|[from] item: Leftovers
|-damage|p1a: Hatterene|76/100 brn|[from] brn
|upkeep
|turn|47
|
|t:|1662643731
|move|p1a: Hatterene|Draining Kiss|p2a: Slowking
|-damage|p2a: Slowking|31/100
|-heal|p1a: Hatterene|92/100 brn|[from] drain|[of] p2a: Slowking
|move|p2a: Slowking|Slack Off|p2a: Slowking
|-heal|p2a: Slowking|81/100
|
|-heal|p1a: Hatterene|98/100 brn|[from] item: Leftovers
|-damage|p1a: Hatterene|92/100 brn|[from] brn
|upkeep
|turn|48
|
|t:|1662643739
|move|p1a: Hatterene|Draining Kiss|p2a: Slowking
|-damage|p2a: Slowking|61/100
|-heal|p1a: Hatterene|100/100 brn|[from] drain|[of] p2a: Slowking
|move|p2a: Slowking|Scald|p1a: Hatterene
|-damage|p1a: Hatterene|75/100 brn
|
|-heal|p1a: Hatterene|81/100 brn|[from] item: Leftovers
|-damage|p1a: Hatterene|75/100 brn|[from] brn
|upkeep
|turn|49
|
|t:|1662643758
|switch|p1a: Golisopod|Golisopod, M|100/100
|move|p2a: Slowking|Scald|p1a: Golisopod
|-resisted|p1a: Golisopod
|-damage|p1a: Golisopod|46/100
|-activate|p1a: Golisopod|ability: Emergency Exit
|
|t:|1662643762
|switch|p1a: Zarude|Zarude|78/100
|
|upkeep
|turn|50
|
|t:|1662643767
|switch|p2a: Skarmory|Skarmory, F|100/100
|move|p1a: Zarude|Power Whip|p2a: Skarmory
|-resisted|p2a: Skarmory
|-crit|p2a: Skarmory
|-damage|p2a: Skarmory|88/100
|-damage|p1a: Zarude|62/100|[from] item: Rocky Helmet|[of] p2a: Skarmory
|
|upkeep
|turn|51
|
|t:|1662643781
|move|p1a: Zarude|Power Whip|p2a: Skarmory
|-resisted|p2a: Skarmory
|-damage|p2a: Skarmory|79/100
|-damage|p1a: Zarude|45/100|[from] item: Rocky Helmet|[of] p2a: Skarmory
|move|p2a: Skarmory|Body Press|p1a: Zarude
|-supereffective|p1a: Zarude
|-damage|p1a: Zarude|0 fnt
|faint|p1a: Zarude
|
|upkeep
|
|t:|1662643787
|switch|p1a: Hatterene|Hatterene, F|75/100 brn
|turn|52
|
|t:|1662643794
|switch|p2a: Slowking|Slowking, M|94/100
|switch|p1a: Golisopod|Golisopod, M|46/100
|
|upkeep
|turn|53
|
|t:|1662643798
|switch|p2a: Skarmory|Skarmory, F|79/100
|move|p1a: Golisopod|Knock Off|p2a: Skarmory
|-damage|p2a: Skarmory|58/100
|-damage|p1a: Golisopod|30/100|[from] item: Rocky Helmet|[of] p2a: Skarmory
|-enditem|p2a: Skarmory|Rocky Helmet|[from] move: Knock Off|[of] p1a: Golisopod
|
|upkeep
|turn|54
|
|t:|1662643805
|switch|p1a: Hatterene|Hatterene, F|75/100 brn
|move|p2a: Skarmory|Roost|p2a: Skarmory
|-heal|p2a: Skarmory|100/100
|-singleturn|p2a: Skarmory|move: Roost
|
|-heal|p1a: Hatterene|81/100 brn|[from] item: Leftovers
|-damage|p1a: Hatterene|75/100 brn|[from] brn
|upkeep
|turn|55
|
|t:|1662643811
|switch|p2a: Slowking|Slowking, M|100/100
|switch|p1a: Crobat|Crobat, F|59/100
|
|upkeep
|turn|56
|
|t:|1662643816
|move|p1a: Crobat|U-turn|p2a: Slowking
|-supereffective|p2a: Slowking
|-damage|p2a: Slowking|75/100
|
|t:|1662643820
|switch|p1a: Cobalion|Cobalion|100/100|[from]move: U-turn
|move|p2a: Slowking|Psyshock|p1a: Cobalion
|-damage|p1a: Cobalion|77/100
|
|upkeep
|turn|57
|
|t:|1662643830
|switch|p2a: Dhelmise|Dhelmise|46/100
|move|p1a: Cobalion|Swords Dance|p1a: Cobalion
|-boost|p1a: Cobalion|atk|2
|
|upkeep
|turn|58
|
|t:|1662643869
|move|p1a: Cobalion|Megahorn|p2a: Dhelmise
|-damage|p2a: Dhelmise|0 fnt
|faint|p2a: Dhelmise
|
|upkeep
|
|t:|1662643875
|switch|p2a: Skarmory|Skarmory, F|100/100
|turn|59
|
|t:|1662643879
|move|p1a: Cobalion|Stone Edge|p2a: Skarmory
|-damage|p2a: Skarmory|68/100
|move|p2a: Skarmory|Iron Defense|p2a: Skarmory
|-boost|p2a: Skarmory|def|2
|
|upkeep
|turn|60
|
|t:|1662643885
|switch|p1a: Hatterene|Hatterene, F|75/100 brn
|move|p2a: Skarmory|Roost|p2a: Skarmory
|-heal|p2a: Skarmory|100/100
|-singleturn|p2a: Skarmory|move: Roost
|
|-heal|p1a: Hatterene|81/100 brn|[from] item: Leftovers
|-damage|p1a: Hatterene|75/100 brn|[from] brn
|upkeep
|turn|61
|
|t:|1662643889
|switch|p2a: Slowking|Slowking, M|100/100
|move|p1a: Hatterene|Calm Mind|p1a: Hatterene
|-boost|p1a: Hatterene|spa|1
|-boost|p1a: Hatterene|spd|1
|
|-heal|p1a: Hatterene|81/100 brn|[from] item: Leftovers
|-damage|p1a: Hatterene|75/100 brn|[from] brn
|upkeep
|turn|62
|
|t:|1662643894
|move|p1a: Hatterene|Draining Kiss|p2a: Slowking
|-damage|p2a: Slowking|75/100
|-heal|p1a: Hatterene|98/100 brn|[from] drain|[of] p2a: Slowking
|move|p2a: Slowking|Calm Mind|p2a: Slowking
|-boost|p2a: Slowking|spa|1
|-boost|p2a: Slowking|spd|1
|
|-heal|p1a: Hatterene|100/100 brn|[from] item: Leftovers
|-damage|p1a: Hatterene|95/100 brn|[from] brn
|upkeep
|turn|63
|
|t:|1662643899
|switch|p1a: Golisopod|Golisopod, M|30/100
|move|p2a: Slowking|Scald|p1a: Golisopod
|-resisted|p1a: Golisopod
|-damage|p1a: Golisopod|8/100
|
|upkeep
|turn|64
|
|t:|1662643909
|switch|p2a: Skarmory|Skarmory, F|100/100
|move|p1a: Golisopod|Leech Life|p2a: Skarmory
|-resisted|p2a: Skarmory
|-damage|p2a: Skarmory|93/100
|-heal|p1a: Golisopod|12/100|[from] drain|[of] p2a: Skarmory
|
|upkeep
|turn|65
|
|t:|1662643917
|switch|p1a: Crobat|Crobat, F|59/100
|move|p2a: Skarmory|Roost|p2a: Skarmory
|-heal|p2a: Skarmory|100/100
|-singleturn|p2a: Skarmory|move: Roost
|
|upkeep
|turn|66
|
|t:|1662643927
|switch|p2a: Hippowdon|Hippowdon, M|75/100
|-weather|Sandstorm|[from] ability: Sand Stream|[of] p2a: Hippowdon
|move|p1a: Crobat|Taunt|p2a: Hippowdon
|-start|p2a: Hippowdon|move: Taunt
|
|-weather|Sandstorm|[upkeep]
|-damage|p1a: Crobat|53/100|[from] Sandstorm
|-heal|p2a: Hippowdon|81/100|[from] item: Leftovers
|upkeep
|turn|67
|
|t:|1662643937
|move|p1a: Crobat|Brave Bird|p2a: Hippowdon
|-damage|p2a: Hippowdon|53/100
|-damage|p1a: Crobat|41/100|[from] Recoil
|move|p2a: Hippowdon|Earthquake|p1a: Crobat
|-immune|p1a: Crobat
|
|-weather|Sandstorm|[upkeep]
|-damage|p1a: Crobat|35/100|[from] Sandstorm
|-heal|p2a: Hippowdon|59/100|[from] item: Leftovers
|upkeep
|turn|68
|
|t:|1662643952
|switch|p2a: Chansey|Chansey, F|100/100
|move|p1a: Crobat|Brave Bird|p2a: Chansey
|-damage|p2a: Chansey|70/100
|-damage|p1a: Crobat|14/100|[from] Recoil
|
|-weather|Sandstorm|[upkeep]
|-damage|p1a: Crobat|8/100|[from] Sandstorm
|-damage|p2a: Chansey|64/100|[from] Sandstorm
|upkeep
|turn|69
|
|t:|1662643958
|move|p1a: Crobat|Roost|p1a: Crobat
|-heal|p1a: Crobat|58/100
|-singleturn|p1a: Crobat|move: Roost
|move|p2a: Chansey|Seismic Toss|p1a: Crobat
|-damage|p1a: Crobat|28/100
|
|-weather|Sandstorm|[upkeep]
|-damage|p1a: Crobat|22/100|[from] Sandstorm
|-damage|p2a: Chansey|58/100|[from] Sandstorm
|upkeep
|turn|70
|
|t:|1662643967
|switch|p2a: Slowking|Slowking, M|100/100
|move|p1a: Crobat|Roost|p1a: Crobat
|-heal|p1a: Crobat|72/100
|-singleturn|p1a: Crobat|move: Roost
|
|-weather|none
|upkeep
|turn|71
|
|t:|1662643974
|move|p1a: Crobat|U-turn|p2a: Slowking
|-supereffective|p2a: Slowking
|-damage|p2a: Slowking|75/100
|
|t:|1662643977
|switch|p1a: Cobalion|Cobalion|77/100|[from]move: U-turn
|move|p2a: Slowking|Psyshock|p1a: Cobalion
|-damage|p1a: Cobalion|55/100
|
|upkeep
|turn|72
|
|t:|1662643983
|switch|p2a: Skarmory|Skarmory, F|100/100
|move|p1a: Cobalion|Stone Edge|p2a: Skarmory
|-damage|p2a: Skarmory|84/100
|
|upkeep
|turn|73
|
|t:|1662643995
|switch|p1a: Hatterene|Hatterene, F|95/100 brn
|move|p2a: Skarmory|Roost|p2a: Skarmory
|-heal|p2a: Skarmory|100/100
|-singleturn|p2a: Skarmory|move: Roost
|
|-heal|p1a: Hatterene|100/100 brn|[from] item: Leftovers
|-damage|p1a: Hatterene|95/100 brn|[from] brn
|upkeep
|turn|74
|
|t:|1662644000
|switch|p2a: Slowking|Slowking, M|100/100
|move|p1a: Hatterene|Mystical Fire|p2a: Slowking
|-resisted|p2a: Slowking
|-damage|p2a: Slowking|92/100
|-unboost|p2a: Slowking|spa|1
|
|-heal|p1a: Hatterene|100/100 brn|[from] item: Leftovers
|-damage|p1a: Hatterene|95/100 brn|[from] brn
|upkeep
|turn|75
|
|t:|1662644005
|switch|p1a: Crobat|Crobat, F|72/100
|move|p2a: Slowking|Calm Mind|p2a: Slowking
|-boost|p2a: Slowking|spa|1
|-boost|p2a: Slowking|spd|1
|
|upkeep
|turn|76
|
|t:|1662644011
|move|p1a: Crobat|U-turn|p2a: Slowking
|-supereffective|p2a: Slowking
|-damage|p2a: Slowking|68/100
|
|t:|1662644023
|switch|p1a: Hatterene|Hatterene, F|95/100 brn|[from]move: U-turn
|move|p2a: Slowking|Scald|p1a: Hatterene
|-damage|p1a: Hatterene|68/100 brn
|
|-heal|p1a: Hatterene|74/100 brn|[from] item: Leftovers
|-damage|p1a: Hatterene|68/100 brn|[from] brn
|upkeep
|turn|77
|
|t:|1662644031
|move|p1a: Hatterene|Draining Kiss|p2a: Slowking
|-damage|p2a: Slowking|57/100
|-heal|p1a: Hatterene|79/100 brn|[from] drain|[of] p2a: Slowking
|move|p2a: Slowking|Calm Mind|p2a: Slowking
|-boost|p2a: Slowking|spa|1
|-boost|p2a: Slowking|spd|1
|
|-heal|p1a: Hatterene|85/100 brn|[from] item: Leftovers
|-damage|p1a: Hatterene|79/100 brn|[from] brn
|upkeep
|turn|78
|
|t:|1662644039
|switch|p1a: Golisopod|Golisopod, M|12/100
|move|p2a: Slowking|Slack Off|p2a: Slowking
|-heal|p2a: Slowking|100/100
|
|upkeep
|turn|79
|
|t:|1662644046
|move|p1a: Golisopod|Leech Life|p2a: Slowking
|-supereffective|p2a: Slowking
|-damage|p2a: Slowking|35/100
|-heal|p1a: Golisopod|50/100|[from] drain|[of] p2a: Slowking
|move|p2a: Slowking|Scald|p1a: Golisopod
|-resisted|p1a: Golisopod
|-damage|p1a: Golisopod|26/100
|
|upkeep
|turn|80
|
|t:|1662644051
|switch|p2a: Skarmory|Skarmory, F|100/100
|move|p1a: Golisopod|Leech Life|p2a: Skarmory
|-resisted|p2a: Skarmory
|-crit|p2a: Skarmory
|-damage|p2a: Skarmory|91/100
|-heal|p1a: Golisopod|31/100|[from] drain|[of] p2a: Skarmory
|
|upkeep
|turn|81
|
|t:|1662644059
|switch|p2a: Slowking|Slowking, M|68/100
|switch|p1a: Hatterene|Hatterene, F|79/100 brn
|
|-heal|p1a: Hatterene|85/100 brn|[from] item: Leftovers
|-damage|p1a: Hatterene|79/100 brn|[from] brn
|upkeep
|turn|82
|
|t:|1662644064
|switch|p1a: Golisopod|Golisopod, M|31/100
|switch|p2a: Chansey|Chansey, F|58/100
|
|upkeep
|turn|83
|
|t:|1662644072
|switch|p2a: Skarmory|Skarmory, F|91/100
|move|p1a: Golisopod|First Impression|p2a: Skarmory
|-resisted|p2a: Skarmory
|-damage|p2a: Skarmory|82/100
|
|upkeep
|turn|84
|
|t:|1662644085
|switch|p2a: Noivern|Noivern, F|41/100
|move|p1a: Golisopod|Leech Life|p2a: Noivern
|-resisted|p2a: Noivern
|-damage|p2a: Noivern|11/100
|-heal|p1a: Golisopod|45/100|[from] drain|[of] p2a: Noivern
|
|upkeep
|turn|85
|
|t:|1662644096
|move|p1a: Golisopod|Aqua Jet|p2a: Noivern
|-resisted|p2a: Noivern
|-crit|p2a: Noivern
|-damage|p2a: Noivern|0 fnt
|faint|p2a: Noivern
|
|upkeep
|
|t:|1662644102
|switch|p2a: Skarmory|Skarmory, F|82/100
|turn|86
|
|t:|1662644113
|switch|p1a: Hatterene|Hatterene, F|79/100 brn
|move|p2a: Skarmory|Iron Defense|p2a: Skarmory
|-boost|p2a: Skarmory|def|2
|
|-heal|p1a: Hatterene|85/100 brn|[from] item: Leftovers
|-damage|p1a: Hatterene|79/100 brn|[from] brn
|upkeep
|turn|87
|
|t:|1662644118
|switch|p2a: Slowking|Slowking, M|100/100
|move|p1a: Hatterene|Mystical Fire|p2a: Slowking
|-resisted|p2a: Slowking
|-damage|p2a: Slowking|92/100
|-unboost|p2a: Slowking|spa|1
|
|-heal|p1a: Hatterene|85/100 brn|[from] item: Leftovers
|-damage|p1a: Hatterene|79/100 brn|[from] brn
|upkeep
|turn|88
|l| 07l中国大妈
|
|t:|1662644128
|switch|p1a: Golisopod|Golisopod, M|45/100
|move|p2a: Slowking|Scald|p1a: Golisopod
|-resisted|p1a: Golisopod
|-damage|p1a: Golisopod|35/100
|
|upkeep
|turn|89
|
|t:|1662644133
|switch|p2a: Skarmory|Skarmory, F|82/100
|move|p1a: Golisopod|Knock Off|p2a: Skarmory
|-damage|p2a: Skarmory|67/100
|
|upkeep
|turn|90
|
|t:|1662644141
|switch|p1a: Rhyperior|Rhyperior, M|93/100
|move|p2a: Skarmory|Roost|p2a: Skarmory
|-heal|p2a: Skarmory|100/100
|-singleturn|p2a: Skarmory|move: Roost
|
|upkeep
|turn|91
|
|t:|1662644148
|move|p2a: Skarmory|Spikes|p1a: Rhyperior
|-sidestart|p1: Queen of Bean ✿|Spikes
|move|p1a: Rhyperior|Stealth Rock|p2a: Skarmory
|-sidestart|p2: Zephyyyr|move: Stealth Rock
|
|upkeep
|turn|92
|
|t:|1662644156
|switch|p1a: Hatterene|Hatterene, F|79/100 brn
|-damage|p1a: Hatterene|67/100 brn|[from] Spikes
|move|p2a: Skarmory|Iron Defense|p2a: Skarmory
|-boost|p2a: Skarmory|def|2
|
|-heal|p1a: Hatterene|73/100 brn|[from] item: Leftovers
|-damage|p1a: Hatterene|67/100 brn|[from] brn
|upkeep
|turn|93
|
|t:|1662644160
|switch|p2a: Slowking|Slowking, M|100/100
|-damage|p2a: Slowking|88/100|[from] Stealth Rock
|move|p1a: Hatterene|Calm Mind|p1a: Hatterene
|-boost|p1a: Hatterene|spa|1
|-boost|p1a: Hatterene|spd|1
|
|-heal|p1a: Hatterene|73/100 brn|[from] item: Leftovers
|-damage|p1a: Hatterene|67/100 brn|[from] brn
|upkeep
|turn|94
|
|t:|1662644163
|move|p1a: Hatterene|Draining Kiss|p2a: Slowking
|-damage|p2a: Slowking|60/100
|-heal|p1a: Hatterene|92/100 brn|[from] drain|[of] p2a: Slowking
|move|p2a: Slowking|Calm Mind|p2a: Slowking
|-boost|p2a: Slowking|spa|1
|-boost|p2a: Slowking|spd|1
|
|-heal|p1a: Hatterene|98/100 brn|[from] item: Leftovers
|-damage|p1a: Hatterene|92/100 brn|[from] brn
|upkeep
|turn|95
|
|t:|1662644167
|move|p1a: Hatterene|Calm Mind|p1a: Hatterene
|-boost|p1a: Hatterene|spa|1
|-boost|p1a: Hatterene|spd|1
|move|p2a: Slowking|Scald|p1a: Hatterene
|-damage|p1a: Hatterene|72/100 brn
|
|-heal|p1a: Hatterene|78/100 brn|[from] item: Leftovers
|-damage|p1a: Hatterene|72/100 brn|[from] brn
|upkeep
|turn|96
|
|t:|1662644169
|move|p1a: Hatterene|Draining Kiss|p2a: Slowking
|-damage|p2a: Slowking|37/100
|-heal|p1a: Hatterene|94/100 brn|[from] drain|[of] p2a: Slowking
|move|p2a: Slowking|Slack Off|p2a: Slowking
|-heal|p2a: Slowking|87/100
|
|-heal|p1a: Hatterene|99/100 brn|[from] item: Leftovers
|-damage|p1a: Hatterene|94/100 brn|[from] brn
|upkeep
|turn|97
|
|t:|1662644186
|switch|p1a: Golisopod|Golisopod, M|35/100
|move|p2a: Slowking|Calm Mind|p2a: Slowking
|-boost|p2a: Slowking|spa|1
|-boost|p2a: Slowking|spd|1
|
|upkeep
|turn|98
|
|t:|1662644192
|move|p1a: Golisopod|Leech Life|p2a: Slowking
|-supereffective|p2a: Slowking
|-damage|p2a: Slowking|25/100
|-heal|p1a: Golisopod|71/100|[from] drain|[of] p2a: Slowking
|move|p2a: Slowking|Scald|p1a: Golisopod
|-resisted|p1a: Golisopod
|-damage|p1a: Golisopod|42/100
|-activate|p1a: Golisopod|ability: Emergency Exit
|
|t:|1662644198
|switch|p1a: Crobat|Crobat, F|72/100
|
|upkeep
|turn|99
|
|t:|1662644201
|switch|p2a: Skarmory|Skarmory, F|100/100
|-damage|p2a: Skarmory|88/100|[from] Stealth Rock
|move|p1a: Crobat|U-turn|p2a: Skarmory
|-resisted|p2a: Skarmory
|-damage|p2a: Skarmory|86/100
|
|t:|1662644204
|switch|p1a: Hatterene|Hatterene, F|94/100 brn|[from]move: U-turn
|-damage|p1a: Hatterene|82/100 brn|[from] Spikes
|
|-heal|p1a: Hatterene|88/100 brn|[from] item: Leftovers
|-damage|p1a: Hatterene|82/100 brn|[from] brn
|upkeep
|turn|100
|
|t:|1662644210
|switch|p2a: Slowking|Slowking, M|58/100
|-damage|p2a: Slowking|46/100|[from] Stealth Rock
|move|p1a: Hatterene|Calm Mind|p1a: Hatterene
|-boost|p1a: Hatterene|spa|1
|-boost|p1a: Hatterene|spd|1
|
|-heal|p1a: Hatterene|88/100 brn|[from] item: Leftovers
|-damage|p1a: Hatterene|82/100 brn|[from] brn
|upkeep
|turn|101
|
|t:|1662644215
|move|p1a: Hatterene|Draining Kiss|p2a: Slowking
|-damage|p2a: Slowking|19/100
|-heal|p1a: Hatterene|100/100 brn|[from] drain|[of] p2a: Slowking
|move|p2a: Slowking|Slack Off|p2a: Slowking
|-heal|p2a: Slowking|69/100
|
|-damage|p1a: Hatterene|95/100 brn|[from] brn
|upkeep
|turn|102
|
|t:|1662644222
|move|p1a: Hatterene|Calm Mind|p1a: Hatterene
|-boost|p1a: Hatterene|spa|1
|-boost|p1a: Hatterene|spd|1
|move|p2a: Slowking|Calm Mind|p2a: Slowking
|-boost|p2a: Slowking|spa|1
|-boost|p2a: Slowking|spd|1
|
|-heal|p1a: Hatterene|100/100 brn|[from] item: Leftovers
|-damage|p1a: Hatterene|95/100 brn|[from] brn
|upkeep
|turn|103
|
|t:|1662644225
|move|p1a: Hatterene|Draining Kiss|p2a: Slowking
|-damage|p2a: Slowking|46/100
|-heal|p1a: Hatterene|100/100 brn|[from] drain|[of] p2a: Slowking
|move|p2a: Slowking|Calm Mind|p2a: Slowking
|-boost|p2a: Slowking|spa|1
|-boost|p2a: Slowking|spd|1
|
|-damage|p1a: Hatterene|95/100 brn|[from] brn
|upkeep
|turn|104
|
|t:|1662644231
|move|p1a: Hatterene|Calm Mind|p1a: Hatterene
|-boost|p1a: Hatterene|spa|1
|-boost|p1a: Hatterene|spd|1
|move|p2a: Slowking|Slack Off|p2a: Slowking
|-heal|p2a: Slowking|96/100
|
|-heal|p1a: Hatterene|100/100 brn|[from] item: Leftovers
|-damage|p1a: Hatterene|95/100 brn|[from] brn
|upkeep
|turn|105
|
|t:|1662644234
|move|p1a: Hatterene|Draining Kiss|p2a: Slowking
|-damage|p2a: Slowking|73/100
|-heal|p1a: Hatterene|100/100 brn|[from] drain|[of] p2a: Slowking
|move|p2a: Slowking|Calm Mind|p2a: Slowking
|-boost|p2a: Slowking|spa|1
|-boost|p2a: Slowking|spd|1
|
|-damage|p1a: Hatterene|95/100 brn|[from] brn
|upkeep
|turn|106
|
|t:|1662644245
|switch|p1a: Golisopod|Golisopod, M|42/100
|move|p2a: Slowking|Psyshock|p1a: Golisopod
|-crit|p1a: Golisopod
|-damage|p1a: Golisopod|0 fnt
|faint|p1a: Golisopod
|
|upkeep
|
|t:|1662644262
|switch|p1a: Cobalion|Cobalion|55/100
|-damage|p1a: Cobalion|43/100|[from] Spikes
|turn|107
|c|☆Queen of Bean ✿|Oof
|c|☆Queen of Bean ✿|Actually that probs killed anyways
|
|t:|1662644295
|move|p1a: Cobalion|Swords Dance|p1a: Cobalion
|-boost|p1a: Cobalion|atk|2
|move|p2a: Slowking|Scald|p1a: Cobalion
|-damage|p1a: Cobalion|0 fnt
|faint|p1a: Cobalion
|
|upkeep
|
|t:|1662644298
|switch|p1a: Crobat|Crobat, F|72/100
|turn|108
|
|t:|1662644302
|move|p1a: Crobat|U-turn|p2a: Slowking
|-supereffective|p2a: Slowking
|-damage|p2a: Slowking|46/100
|
|t:|1662644309
|switch|p1a: Rhyperior|Rhyperior, M|93/100|[from]move: U-turn
|-damage|p1a: Rhyperior|81/100|[from] Spikes
|move|p2a: Slowking|Psyshock|p1a: Rhyperior
|-damage|p1a: Rhyperior|35/100
|
|upkeep
|turn|109
|
|t:|1662644313
|switch|p2a: Skarmory|Skarmory, F|86/100
|-damage|p2a: Skarmory|73/100|[from] Stealth Rock
|move|p1a: Rhyperior|Earthquake|p2a: Skarmory
|-immune|p2a: Skarmory
|
|upkeep
|turn|110
|
|t:|1662644319
|move|p2a: Skarmory|Body Press|p1a: Rhyperior
|-supereffective|p1a: Rhyperior
|-damage|p1a: Rhyperior|6/100
|move|p1a: Rhyperior|Stone Edge|p2a: Skarmory
|-damage|p2a: Skarmory|46/100
|
|upkeep
|turn|111
|-enditem|p1a: Rhyperior|Custap Berry|[eat]
|-activate|p1a: Rhyperior|item: Custap Berry|[consumed]
|
|t:|1662644327
|move|p1a: Rhyperior|Stone Edge|p2a: Skarmory
|-damage|p2a: Skarmory|16/100
|move|p2a: Skarmory|Body Press|p1a: Rhyperior
|-supereffective|p1a: Rhyperior
|-damage|p1a: Rhyperior|0 fnt
|faint|p1a: Rhyperior
|
|upkeep
|
|t:|1662644331
|switch|p1a: Hatterene|Hatterene, F|95/100 brn
|-damage|p1a: Hatterene|82/100 brn|[from] Spikes
|turn|112
|
|t:|1662644338
|switch|p2a: Slowking|Slowking, M|79/100
|-damage|p2a: Slowking|67/100|[from] Stealth Rock
|move|p1a: Hatterene|Mystical Fire|p2a: Slowking
|-resisted|p2a: Slowking
|-damage|p2a: Slowking|58/100
|-unboost|p2a: Slowking|spa|1
|
|-heal|p1a: Hatterene|88/100 brn|[from] item: Leftovers
|-damage|p1a: Hatterene|82/100 brn|[from] brn
|upkeep
|turn|113
|
|t:|1662644341
|move|p1a: Hatterene|Calm Mind|p1a: Hatterene
|-boost|p1a: Hatterene|spa|1
|-boost|p1a: Hatterene|spd|1
|move|p2a: Slowking|Calm Mind|p2a: Slowking
|-boost|p2a: Slowking|spa|1
|-boost|p2a: Slowking|spd|1
|
|-heal|p1a: Hatterene|88/100 brn|[from] item: Leftovers
|-damage|p1a: Hatterene|82/100 brn|[from] brn
|upkeep
|turn|114
|
|t:|1662644343
|move|p1a: Hatterene|Draining Kiss|p2a: Slowking
|-damage|p2a: Slowking|40/100
|-heal|p1a: Hatterene|99/100 brn|[from] drain|[of] p2a: Slowking
|move|p2a: Slowking|Calm Mind|p2a: Slowking
|-boost|p2a: Slowking|spa|1
|-boost|p2a: Slowking|spd|1
|
|-heal|p1a: Hatterene|100/100 brn|[from] item: Leftovers
|-damage|p1a: Hatterene|95/100 brn|[from] brn
|upkeep
|turn|115
|
|t:|1662644346
|move|p1a: Hatterene|Calm Mind|p1a: Hatterene
|-boost|p1a: Hatterene|spa|1
|-boost|p1a: Hatterene|spd|1
|move|p2a: Slowking|Slack Off|p2a: Slowking
|-heal|p2a: Slowking|90/100
|
|-heal|p1a: Hatterene|100/100 brn|[from] item: Leftovers
|-damage|p1a: Hatterene|95/100 brn|[from] brn
|upkeep
|turn|116
|
|t:|1662644349
|move|p1a: Hatterene|Calm Mind|p1a: Hatterene
|-boost|p1a: Hatterene|spa|1
|-boost|p1a: Hatterene|spd|1
|move|p2a: Slowking|Calm Mind|p2a: Slowking
|-boost|p2a: Slowking|spa|1
|-boost|p2a: Slowking|spd|1
|
|-heal|p1a: Hatterene|100/100 brn|[from] item: Leftovers
|-damage|p1a: Hatterene|95/100 brn|[from] brn
|upkeep
|turn|117
|
|t:|1662644352
|move|p1a: Hatterene|Calm Mind|p1a: Hatterene
|-boost|p1a: Hatterene|spa|1
|-boost|p1a: Hatterene|spd|1
|move|p2a: Slowking|Calm Mind|p2a: Slowking
|-boost|p2a: Slowking|spa|1
|-boost|p2a: Slowking|spd|1
|
|-heal|p1a: Hatterene|100/100 brn|[from] item: Leftovers
|-damage|p1a: Hatterene|95/100 brn|[from] brn
|upkeep
|turn|118
|
|t:|1662644357
|move|p1a: Hatterene|Calm Mind|p1a: Hatterene
|-boost|p1a: Hatterene|spa|1
|-boost|p1a: Hatterene|spd|1
|move|p2a: Slowking|Calm Mind|p2a: Slowking
|-boost|p2a: Slowking|spa|1
|-boost|p2a: Slowking|spd|1
|
|-heal|p1a: Hatterene|100/100 brn|[from] item: Leftovers
|-damage|p1a: Hatterene|95/100 brn|[from] brn
|upkeep
|turn|119
|
|t:|1662644359
|move|p1a: Hatterene|Calm Mind|p1a: Hatterene
|-boost|p1a: Hatterene|spa|1
|-boost|p1a: Hatterene|spd|1
|move|p2a: Slowking|Calm Mind|p2a: Slowking
|-boost|p2a: Slowking|spa|1
|-boost|p2a: Slowking|spd|1
|
|-heal|p1a: Hatterene|100/100 brn|[from] item: Leftovers
|-damage|p1a: Hatterene|95/100 brn|[from] brn
|upkeep
|turn|120
|
|t:|1662644363
|move|p1a: Hatterene|Psyshock|p2a: Slowking
|-resisted|p2a: Slowking
|-damage|p2a: Slowking|36/100
|move|p2a: Slowking|Calm Mind|p2a: Slowking
|-boost|p2a: Slowking|spa|1
|-boost|p2a: Slowking|spd|0
|
|-heal|p1a: Hatterene|100/100 brn|[from] item: Leftovers
|-damage|p1a: Hatterene|95/100 brn|[from] brn
|upkeep
|turn|121
|c|☆Zephyyyr|Oh
|c|☆Zephyyyr|Lmao
|
|t:|1662644378
|move|p1a: Hatterene|Psyshock|p2a: Slowking
|-resisted|p2a: Slowking
|-damage|p2a: Slowking|0 fnt
|faint|p2a: Slowking
|
|-heal|p1a: Hatterene|100/100 brn|[from] item: Leftovers
|-damage|p1a: Hatterene|95/100 brn|[from] brn
|upkeep
|
|t:|1662644383
|switch|p2a: Hippowdon|Hippowdon, M|59/100
|-damage|p2a: Hippowdon|53/100|[from] Stealth Rock
|-weather|Sandstorm|[from] ability: Sand Stream|[of] p2a: Hippowdon
|turn|122
|c|☆Queen of Bean ✿|LMSO
|c|☆Queen of Bean ✿|I had no idea it did that
|c|☆Zephyyyr|Same
|
|t:|1662644397
|move|p2a: Hippowdon|Earthquake|p1a: Hatterene
|-damage|p1a: Hatterene|62/100 brn
|move|p1a: Hatterene|Draining Kiss|p2a: Hippowdon
|-damage|p2a: Hippowdon|0 fnt
|-heal|p1a: Hatterene|100/100 brn|[from] drain|[of] p2a: Hippowdon
|faint|p2a: Hippowdon
|
|-weather|Sandstorm|[upkeep]
|-damage|p1a: Hatterene|95/100 brn|[from] Sandstorm
|-heal|p1a: Hatterene|100/100 brn|[from] item: Leftovers
|-damage|p1a: Hatterene|95/100 brn|[from] brn
|upkeep
|
|t:|1662644403
|switch|p2a: Chansey|Chansey, F|58/100
|-damage|p2a: Chansey|45/100|[from] Stealth Rock
|turn|123
|c|☆Queen of Bean ✿|Well gg
|c|☆Zephyyyr|Gg
|-message|Zephyyyr forfeited.
|
|win|Queen of Bean ✿
|raw|Queen of Bean ✿'s rating: 1404 &rarr; <strong>1426</strong><br />(+22 for winning)
|raw|Zephyyyr's rating: 1438 &rarr; <strong>1416</strong><br />(-22 for losing)
|l|☆Zephyyyr
|c|☆Queen of Bean ✿|That was such a fun game
