|j|☆caterpp
|j|‽kev64
|t:|1659903289
|gametype|singles
|player|p1|caterpp|burglar|1325
|player|p2|kev64|ethan|1399
|teamsize|p1|6
|teamsize|p2|6
|gen|8
|tier|[Gen 8] UU
|rated|
|rule|Sleep Clause Mod: Limit one foe put to sleep
|rule|Species Clause: Limit one of each Pokémon
|rule|OHKO Clause: OHKO moves are banned
|rule|Evasion Items Clause: Evasion items are banned
|rule|Evasion Moves Clause: Evasion moves are banned
|rule|Endless Battle Clause: Forcing endless battles is banned
|rule|HP Percentage Mod: HP is shown in percentages
|rule|Dynamax Clause: You cannot dynamax
|clearpoke
|poke|p1|Slowbro-Galar, M|
|poke|p1|Celesteela|
|poke|p1|Incineroar, M|
|poke|p1|Thundurus-Therian, M|
|poke|p1|Suicune|
|poke|p1|Ditto|
|poke|p2|Scizor, M|
|poke|p2|Zarude|
|poke|p2|Keldeo-Resolute|
|poke|p2|Nidoking, M|
|poke|p2|Zygarde-10%|
|poke|p2|Moltres|
|teampreview
|inactive|Battle timer is ON: inactive players will automatically lose when time's up. (requested by kev64)
|inactive|caterpp also wants the timer to be on.
|inactive|kev64 has 120 seconds left.
|
|t:|1659903333
|start
|switch|p1a: Incineroar|Incineroar, M|100/100
|switch|p2a: Moltres|Moltres|100/100
|-ability|p1a: Incineroar|Intimidate|boost
|-unboost|p2a: Moltres|atk|1
|turn|1
|
|t:|1659903343
|switch|p2a: Keldeo|Keldeo-Resolute|100/100
|move|p1a: Incineroar|Fake Out|p2a: Keldeo
|-damage|p2a: Keldeo|83/100
|
|upkeep
|turn|2
|
|t:|1659903349
|switch|p1a: Suicune|Suicune|100/100
|-ability|p1a: Suicune|Pressure
|move|p2a: Keldeo|Flip Turn|p1a: Suicune
|-resisted|p1a: Suicune
|-damage|p1a: Suicune|97/100
|
|t:|1659903354
|switch|p2a: Zarude|Zarude|100/100|[from]move: Flip Turn
|
|-heal|p1a: Suicune|100/100|[from] item: Leftovers
|upkeep
|turn|3
|
|t:|1659903357
|switch|p1a: Incineroar|Incineroar, M|100/100
|-ability|p1a: Incineroar|Intimidate|boost
|-unboost|p2a: Zarude|atk|1
|move|p2a: Zarude|U-turn|p1a: Incineroar
|-damage|p1a: Incineroar|85/100
|-damage|p2a: Zarude|84/100|[from] item: Rocky Helmet|[of] p1a: Incineroar
|
|t:|1659903360
|switch|p2a: Nidoking|Nidoking, M|100/100|[from]move: U-turn
|
|upkeep
|turn|4
|
|t:|1659903365
|switch|p1a: Suicune|Suicune|100/100
|-ability|p1a: Suicune|Pressure
|move|p2a: Nidoking|Stealth Rock|p1a: Suicune
|-sidestart|p1: caterpp|move: Stealth Rock
|
|upkeep
|turn|5
|
|t:|1659903367
|move|p2a: Nidoking|Sludge Wave|p1a: Suicune
|-damage|p1a: Suicune|50/100
|move|p1a: Suicune|Calm Mind|p1a: Suicune
|-boost|p1a: Suicune|spa|1
|-boost|p1a: Suicune|spd|1
|
|-heal|p1a: Suicune|56/100|[from] item: Leftovers
|upkeep
|turn|6
|
|t:|1659903371
|switch|p2a: Zarude|Zarude|84/100
|move|p1a: Suicune|Scald|p2a: Zarude
|-resisted|p2a: Zarude
|-damage|p2a: Zarude|64/100
|
|-heal|p1a: Suicune|62/100|[from] item: Leftovers
|upkeep
|turn|7
|
|t:|1659903380
|switch|p1a: Incineroar|Incineroar, M|85/100
|-damage|p1a: Incineroar|60/100|[from] Stealth Rock
|-ability|p1a: Incineroar|Intimidate|boost
|-unboost|p2a: Zarude|atk|1
|move|p2a: Zarude|Power Whip|p1a: Incineroar|[miss]
|-miss|p2a: Zarude|p1a: Incineroar
|
|upkeep
|turn|8
|
|t:|1659903386
|switch|p2a: Keldeo|Keldeo-Resolute|83/100
|move|p1a: Incineroar|Parting Shot|p2a: Keldeo
|-unboost|p2a: Keldeo|atk|1
|-unboost|p2a: Keldeo|spa|1
|
|t:|1659903391
|switch|p1a: Thundurus|Thundurus-Therian, M|100/100|[from]move: Parting Shot
|
|upkeep
|turn|9
|
|t:|1659903397
|switch|p2a: Zygarde|Zygarde-10%|100/100
|-ability|p2a: Zygarde|Aura Break
|move|p1a: Thundurus|Defog|p2a: Zygarde
|-unboost|p2a: Zygarde|evasion|1
|-sideend|p1: caterpp|Stealth Rock|[from] move: Defog|[of] p1a: Thundurus
|
|upkeep
|turn|10
|
|t:|1659903403
|switch|p1a: Ditto|Ditto, shiny|100/100
|-transform|p1a: Ditto|p2a: Zygarde|[from] ability: Imposter
|-ability|p1a: Ditto|Aura Break
|move|p2a: Zygarde|Thousand Arrows|p1a: Ditto
|-damage|p1a: Ditto|6/100
|
|upkeep
|turn|11
|
|t:|1659903409
|switch|p2a: Scizor|Scizor, M|100/100
|move|p1a: Ditto|Glare|p2a: Scizor
|-status|p2a: Scizor|par
|
|upkeep
|turn|12
|
|t:|1659903412
|switch|p1a: Suicune|Suicune|62/100
|-ability|p1a: Suicune|Pressure
|move|p2a: Scizor|U-turn|p1a: Suicune
|-damage|p1a: Suicune|47/100
|
|t:|1659903418
|switch|p2a: Zarude|Zarude|64/100|[from]move: U-turn
|
|-heal|p1a: Suicune|53/100|[from] item: Leftovers
|upkeep
|turn|13
|
|t:|1659903425
|switch|p1a: Celesteela|Celesteela, shiny|100/100
|move|p2a: Zarude|Jungle Healing|p2a: Zarude
|-heal|p2a: Zarude|89/100
|
|upkeep
|turn|14
|
|t:|1659903430
|move|p2a: Zarude|U-turn|p1a: Celesteela
|-resisted|p1a: Celesteela
|-damage|p1a: Celesteela|95/100
|
|t:|1659903432
|switch|p2a: Nidoking|Nidoking, M|100/100|[from]move: U-turn
|move|p1a: Celesteela|Autotomize|p1a: Celesteela
|-boost|p1a: Celesteela|spe|2
|-start|p1a: Celesteela|Autotomize
|
|upkeep
|turn|15
|
|t:|1659903442
|move|p1a: Celesteela|Air Slash|p2a: Nidoking
|-damage|p2a: Nidoking|49/100
|move|p2a: Nidoking|Stealth Rock|p1a: Celesteela
|-sidestart|p1: caterpp|move: Stealth Rock
|
|upkeep
|turn|16
|
|t:|1659903446
|switch|p2a: Moltres|Moltres|100/100
|move|p1a: Celesteela|Meteor Beam||[still]
|-prepare|p1a: Celesteela|Meteor Beam
|-boost|p1a: Celesteela|spa|1
|-enditem|p1a: Celesteela|Power Herb
|-anim|p1a: Celesteela|Meteor Beam|p2a: Moltres
|-supereffective|p2a: Moltres
|-damage|p2a: Moltres|0 fnt
|faint|p2a: Moltres
|-ability|p1a: Celesteela|Beast Boost|boost
|-boost|p1a: Celesteela|spa|1
|
|upkeep
|
|t:|1659903452
|switch|p2a: Zygarde|Zygarde-10%|100/100
|-ability|p2a: Zygarde|Aura Break
|turn|17
|
|t:|1659903455
|move|p1a: Celesteela|Air Slash|p2a: Zygarde
|-damage|p2a: Zygarde|0 fnt
|faint|p2a: Zygarde
|-ability|p1a: Celesteela|Beast Boost|boost
|-boost|p1a: Celesteela|spa|1
|
|upkeep
|-message|kev64 forfeited.
|
|win|caterpp
|raw|caterpp's rating: 1325 &rarr; <strong>1349</strong><br />(+24 for winning)
|raw|kev64's rating: 1399 &rarr; <strong>1375</strong><br />(-24 for losing)
|l|‽kev64
||Ladder isn't responding, score probably updated but might not have (Request timeout).
