|j|☆DarkHorse344
|j|☆call me maybel
|t:|1668092469
|gametype|singles
|player|p1|DarkHorse344|brendan-gen3rs|1580
|player|p2|call me maybel|170|1430
|teamsize|p1|6
|teamsize|p2|6
|gen|8
|tier|[Gen 8] UU
|rated|
|rule|Sleep Clause Mod: Limit one foe put to sleep
|rule|Species Clause: Limit one of each Pokémon
|rule|OHKO Clause: OHKO moves are banned
|rule|Evasion Items Clause: Evasion items are banned
|rule|Evasion Moves Clause: Evasion moves are banned
|rule|Endless Battle Clause: Forcing endless battles is banned
|rule|HP Percentage Mod: HP is shown in percentages
|rule|Dynamax Clause: You cannot dynamax
|clearpoke
|poke|p1|Politoed, M|
|poke|p1|Kingdra, F|
|poke|p1|Salamence, M|
|poke|p1|Amoonguss, M|
|poke|p1|Kabutops, M|
|poke|p1|Tornadus, M|
|poke|p2|Salazzle, F|
|poke|p2|Slowking, M|
|poke|p2|Cobalion|
|poke|p2|Tangrowth, F|
|poke|p2|Salamence, M|
|poke|p2|Diggersby, F|
|teampreview
|
|t:|1668092484
|start
|switch|p1a: Politoed|Politoed, M|100/100
|switch|p2a: Diggersby|Diggersby, F|100/100
|-weather|RainDance|[from] ability: Drizzle|[of] p1a: Politoed
|turn|1
|inactive|Battle timer is ON: inactive players will automatically lose when time's up. (requested by DarkHorse344)
|
|t:|1668092507
|switch|p1a: Amoonguss|Amoonguss, M|100/100
|move|p2a: Diggersby|U-turn|p1a: Amoonguss
|-damage|p1a: Amoonguss|80/100
|-enditem|p1a: Amoonguss|Eject Button
|inactive|DarkHorse344 has 120 seconds left.
|
|t:|1668092543
|switch|p1a: Tornadus|Tornadus, M|100/100
|
|-weather|RainDance|[upkeep]
|upkeep
|turn|2
|
|t:|1668092551
|move|p2a: Diggersby|U-turn|p1a: Tornadus
|-resisted|p1a: Tornadus
|-damage|p1a: Tornadus|80/100
|
|t:|1668092557
|switch|p2a: Slowking|Slowking, M|100/100|[from]move: U-turn
|move|p1a: Tornadus|Hurricane|p2a: Slowking
|-damage|p2a: Slowking|39/100
|-start|p2a: Slowking|confusion
|
|-weather|RainDance|[upkeep]
|upkeep
|turn|3
|
|t:|1668092579
|switch|p2a: Cobalion|Cobalion|100/100
|move|p1a: Tornadus|Hurricane|p2a: Cobalion
|-damage|p2a: Cobalion|0 fnt
|faint|p2a: Cobalion
|
|-weather|RainDance|[upkeep]
|upkeep
|
|t:|1668092590
|switch|p2a: Salazzle|Salazzle, F|100/100
|turn|4
|
|t:|1668092607
|move|p2a: Salazzle|Sludge Wave|p1a: Tornadus
|-damage|p1a: Tornadus|19/100
|move|p1a: Tornadus|Hurricane|p2a: Salazzle
|-damage|p2a: Salazzle|0 fnt
|faint|p2a: Salazzle
|
|-weather|RainDance|[upkeep]
|upkeep
|
|t:|1668092614
|switch|p2a: Diggersby|Diggersby, F|100/100
|turn|5
|
|t:|1668092624
|switch|p1a: Salamence|Salamence, M|100/100
|-ability|p1a: Salamence|Intimidate|boost
|-unboost|p2a: Diggersby|atk|1
|move|p2a: Diggersby|U-turn|p1a: Salamence
|-resisted|p1a: Salamence
|-crit|p1a: Salamence
|-damage|p1a: Salamence|80/100
|
|t:|1668092627
|switch|p2a: Salamence|Salamence, M|100/100|[from]move: U-turn
|-ability|p2a: Salamence|Intimidate|boost
|-unboost|p1a: Salamence|atk|1
|
|-weather|RainDance|[upkeep]
|upkeep
|turn|6
|
|t:|1668092634
|move|p1a: Salamence|Draco Meteor|p2a: Salamence
|-supereffective|p2a: Salamence
|-damage|p2a: Salamence|0 fnt
|-unboost|p1a: Salamence|spa|2
|faint|p2a: Salamence
|
|-weather|RainDance|[upkeep]
|upkeep
|
|t:|1668092637
|switch|p2a: Diggersby|Diggersby, F|100/100
|turn|7
|
|t:|1668092644
|switch|p1a: Amoonguss|Amoonguss, M|100/100
|move|p2a: Diggersby|Body Slam|p1a: Amoonguss
|-damage|p1a: Amoonguss|61/100
|-status|p1a: Amoonguss|par
|
|-weather|RainDance|[upkeep]
|upkeep
|turn|8
|
|t:|1668092652
|move|p2a: Diggersby|Body Slam|p1a: Amoonguss
|-damage|p1a: Amoonguss|22/100 par
|move|p1a: Amoonguss|Giga Drain|p2a: Diggersby
|-supereffective|p2a: Diggersby
|-crit|p2a: Diggersby
|-damage|p2a: Diggersby|12/100
|-heal|p1a: Amoonguss|54/100 par|[from] drain|[of] p2a: Diggersby
|
|-weather|none
|upkeep
|turn|9
|
|t:|1668092666
|move|p2a: Diggersby|Body Slam|p1a: Amoonguss
|-damage|p1a: Amoonguss|16/100 par
|move|p1a: Amoonguss|Sludge Bomb|p2a: Diggersby
|-resisted|p2a: Diggersby
|-damage|p2a: Diggersby|0 fnt
|faint|p2a: Diggersby
|
|upkeep
|-message|call me maybel forfeited.
|
|win|DarkHorse344
|raw|DarkHorse344's rating: 1580 &rarr; <strong>1592</strong><br />(+12 for winning)
|raw|call me maybel's rating: 1430 &rarr; <strong>1418</strong><br />(-12 for losing)
|l|☆call me maybel
