|html|<div class="broadcast-blue"><strong>[Gen 8] UU is currently suspecting Scizor! For information on how to participate check out the <a href="https://www.smogon.com/forums/threads/ss-uu-stage-12-2-spider-dance.3704866/">suspect thread</a>.</strong></div>
|j|☆galactest bro !
|j|☆Eazigzagoon
|t:|1659179694
|gametype|singles
|player|p1|galactest bro !|dragontamer|1413
|player|p2|Eazigzagoon|lance-masters|1430
|teamsize|p1|6
|teamsize|p2|6
|gen|8
|tier|[Gen 8] UU
|rated|
|rule|Sleep Clause Mod: Limit one foe put to sleep
|rule|Species Clause: Limit one of each Pokémon
|rule|OHKO Clause: OHKO moves are banned
|rule|Evasion Moves Clause: Evasion moves are banned
|rule|Endless Battle Clause: Forcing endless battles is banned
|rule|HP Percentage Mod: HP is shown in percentages
|rule|Dynamax Clause: You cannot dynamax
|clearpoke
|poke|p1|Skarmory, F|
|poke|p1|Cobalion|
|poke|p1|Amoonguss, F|
|poke|p1|Reuniclus, F|
|poke|p1|Primarina, M|
|poke|p1|Zygarde-10%|
|poke|p2|Amoonguss, M|
|poke|p2|Tornadus, M|
|poke|p2|Seismitoad, M|
|poke|p2|Kingdra, M|
|poke|p2|Politoed, M|
|poke|p2|Skarmory, M|
|teampreview
|j| Maagnar
|inactive|Battle timer is ON: inactive players will automatically lose when time's up. (requested by galactest bro !)
|
|t:|1659179754
|start
|switch|p1a: EL baron bro !|Cobalion|100/100
|switch|p2a: Politoed|Politoed, M|100/100
|-weather|RainDance|[from] ability: Drizzle|[of] p2a: Politoed
|turn|1
|
|t:|1659179770
|move|p1a: EL baron bro !|Volt Switch|p2a: Politoed
|-supereffective|p2a: Politoed
|-damage|p2a: Politoed|76/100
|
|t:|1659179773
|switch|p1a: Mycose bro !|Amoonguss, F|100/100|[from]move: Volt Switch
|move|p2a: Politoed|Scald|p1a: Mycose bro !
|-resisted|p1a: Mycose bro !
|-damage|p1a: Mycose bro !|92/100
|
|-weather|RainDance|[upkeep]
|upkeep
|turn|2
|
|t:|1659179792
|switch|p2a: Tornadus|Tornadus, M|100/100
|switch|p1a: Crypto bro !|Zygarde-10%|100/100
|-ability|p1a: Crypto bro !|Aura Break
|
|-weather|RainDance|[upkeep]
|upkeep
|turn|3
|inactive|galactest bro ! has 120 seconds left.
|
|t:|1659179832
|move|p1a: Crypto bro !|Outrage|p2a: Tornadus
|-damage|p2a: Tornadus|0 fnt
|faint|p2a: Tornadus
|
|-weather|RainDance|[upkeep]
|upkeep
|inactive|Eazigzagoon has 120 seconds left.
|
|t:|1659179850
|switch|p2a: Seismitoad|Seismitoad, M|100/100
|turn|4
|
|t:|1659179854
|move|p2a: Seismitoad|Ice Punch|p1a: Crypto bro !
|-supereffective|p1a: Crypto bro !
|-damage|p1a: Crypto bro !|0 fnt
|faint|p1a: Crypto bro !
|-damage|p2a: Seismitoad|91/100|[from] item: Life Orb
|
|-weather|RainDance|[upkeep]
|upkeep
|inactive|galactest bro ! has 120 seconds left.
|
|t:|1659179865
|switch|p1a: Metalicana bro !|Skarmory, F|100/100
|turn|5
|inactive|Eazigzagoon has 120 seconds left.
|inactive|galactest bro ! has 120 seconds left.
|inactive|Eazigzagoon has 90 seconds left.
|
|t:|1659179916
|move|p2a: Seismitoad|Stealth Rock|p1a: Metalicana bro !
|-sidestart|p1: galactest bro !|move: Stealth Rock
|move|p1a: Metalicana bro !|Body Press|p2a: Seismitoad
|-damage|p2a: Seismitoad|56/100
|
|-weather|RainDance|[upkeep]
|upkeep
|turn|6
|
|t:|1659179923
|switch|p2a: Kingdra|Kingdra, M|100/100
|move|p1a: Metalicana bro !|Defog|p2a: Kingdra
|-unboost|p2a: Kingdra|evasion|1
|-sideend|p1: galactest bro !|Stealth Rock|[from] move: Defog|[of] p1a: Metalicana bro !
|
|-weather|RainDance|[upkeep]
|upkeep
|turn|7
|inactive|galactest bro ! has 120 seconds left.
|
|t:|1659179930
|switch|p1a: Mycose bro !|Amoonguss, F|100/100
|move|p2a: Kingdra|Hydro Pump|p1a: Mycose bro !
|-resisted|p1a: Mycose bro !
|-damage|p1a: Mycose bro !|75/100
|
|-weather|RainDance|[upkeep]
|upkeep
|turn|8
|inactive|galactest bro ! has 120 seconds left.
|
|t:|1659179944
|switch|p2a: Skarmory|Skarmory, M|100/100
|switch|p1a: Mermaid bro !|Primarina, M|100/100
|
|-weather|none
|upkeep
|turn|9
|
|t:|1659179963
|switch|p2a: Amoonguss|Amoonguss, M|100/100
|move|p1a: Mermaid bro !|Scald|p2a: Amoonguss
|-resisted|p2a: Amoonguss
|-damage|p2a: Amoonguss|86/100
|-status|p2a: Amoonguss|brn
|-enditem|p2a: Amoonguss|Eject Button
|
|t:|1659179967
|switch|p2a: Politoed|Politoed, M|76/100
|-weather|RainDance|[from] ability: Drizzle|[of] p2a: Politoed
|
|-weather|RainDance|[upkeep]
|upkeep
|turn|10
|
|t:|1659179983
|move|p2a: Politoed|Encore|p1a: Mermaid bro !
|-start|p1a: Mermaid bro !|Encore
|move|p1a: Mermaid bro !|Scald|p2a: Politoed
|-resisted|p2a: Politoed
|-damage|p2a: Politoed|54/100
|
|-weather|RainDance|[upkeep]
|upkeep
|turn|11
|
|t:|1659179990
|switch|p2a: Kingdra|Kingdra, M|100/100
|switch|p1a: Mycose bro !|Amoonguss, F|100/100
|
|-weather|RainDance|[upkeep]
|upkeep
|turn|12
|
|t:|1659180000
|move|p2a: Kingdra|Draco Meteor|p1a: Mycose bro !
|-damage|p1a: Mycose bro !|63/100
|-unboost|p2a: Kingdra|spa|2
|move|p1a: Mycose bro !|Giga Drain|p2a: Kingdra
|-damage|p2a: Kingdra|74/100
|-heal|p1a: Mycose bro !|72/100|[from] drain|[of] p2a: Kingdra
|
|-weather|RainDance|[upkeep]
|upkeep
|turn|13
|
|t:|1659180022
|switch|p2a: Amoonguss|Amoonguss, M|100/100 brn
|switch|p1a: Mermaid bro !|Primarina, M|100/100
|
|-weather|RainDance|[upkeep]
|-damage|p2a: Amoonguss|94/100 brn|[from] brn
|upkeep
|turn|14
|l|☆Eazigzagoon
|inactive|Eazigzagoon disconnected and has a minute to reconnect!
|player|p2|
|j|☆Eazigzagoon
|inactive|Eazigzagoon reconnected and has 95 seconds left.
|player|p2|Eazigzagoon|lance-masters
|inactive|Eazigzagoon has 90 seconds left.
|
|t:|1659180048
|switch|p1a: Mycose bro !|Amoonguss, F|100/100
|move|p2a: Amoonguss|Spore|p1a: Mycose bro !
|-immune|p1a: Mycose bro !
|
|-weather|RainDance|[upkeep]
|-damage|p2a: Amoonguss|88/100 brn|[from] brn
|upkeep
|turn|15
|inactive|Eazigzagoon has 90 seconds left.
|
|t:|1659180059
|switch|p2a: Skarmory|Skarmory, M|100/100
|move|p1a: Mycose bro !|Giga Drain|p2a: Skarmory
|-resisted|p2a: Skarmory
|-damage|p2a: Skarmory|93/100
|
|-weather|RainDance|[upkeep]
|upkeep
|turn|16
|inactive|galactest bro ! has 120 seconds left.
|
|t:|1659180086
|switch|p1a: Metalicana bro !|Skarmory, F|100/100
|move|p2a: Skarmory|Spikes|p1a: Metalicana bro !
|-sidestart|p1: galactest bro !|Spikes
|
|-weather|none
|upkeep
|turn|17
|inactive|Eazigzagoon has 90 seconds left.
|
|t:|1659180109
|move|p2a: Skarmory|Spikes|p1a: Metalicana bro !
|-sidestart|p1: galactest bro !|Spikes
|move|p1a: Metalicana bro !|Defog|p2a: Skarmory
|-unboost|p2a: Skarmory|evasion|1
|-sideend|p1: galactest bro !|Spikes|[from] move: Defog|[of] p1a: Metalicana bro !
|
|upkeep
|turn|18
|inactive|Eazigzagoon has 90 seconds left.
|
|t:|1659180115
|switch|p2a: Politoed|Politoed, M|54/100
|-weather|RainDance|[from] ability: Drizzle|[of] p2a: Politoed
|move|p1a: Metalicana bro !|Iron Defense|p1a: Metalicana bro !
|-boost|p1a: Metalicana bro !|def|2
|
|-weather|RainDance|[upkeep]
|upkeep
|turn|19
|inactive|Eazigzagoon has 90 seconds left.
|
|t:|1659180132
|move|p1a: Metalicana bro !|Body Press|p2a: Politoed
|-damage|p2a: Politoed|4/100
|move|p2a: Politoed|Scald|p1a: Metalicana bro !
|-damage|p1a: Metalicana bro !|39/100
|
|-weather|RainDance|[upkeep]
|upkeep
|turn|20
|inactive|Eazigzagoon has 90 seconds left.
|
|t:|1659180154
|move|p1a: Metalicana bro !|Roost|p1a: Metalicana bro !
|-heal|p1a: Metalicana bro !|89/100
|-singleturn|p1a: Metalicana bro !|move: Roost
|move|p2a: Politoed|Scald|p1a: Metalicana bro !
|-damage|p1a: Metalicana bro !|31/100
|-status|p1a: Metalicana bro !|brn
|
|-weather|RainDance|[upkeep]
|-damage|p1a: Metalicana bro !|25/100 brn|[from] brn
|upkeep
|turn|21
|
|t:|1659180163
|switch|p2a: Skarmory|Skarmory, M|93/100
|move|p1a: Metalicana bro !|Body Press|p2a: Skarmory
|-damage|p2a: Skarmory|76/100
|-damage|p1a: Metalicana bro !|9/100 brn|[from] item: Rocky Helmet|[of] p2a: Skarmory
|
|-weather|RainDance|[upkeep]
|-damage|p1a: Metalicana bro !|3/100 brn|[from] brn
|upkeep
|turn|22
|inactive|Eazigzagoon has 90 seconds left.
|
|t:|1659180178
|switch|p1a: EL baron bro !|Cobalion|100/100
|move|p2a: Skarmory|Spikes|p1a: EL baron bro !
|-sidestart|p1: galactest bro !|Spikes
|
|-weather|RainDance|[upkeep]
|upkeep
|turn|23
|inactive|Eazigzagoon has 90 seconds left.
|
|t:|1659180192
|move|p1a: EL baron bro !|Stealth Rock|p2a: Skarmory
|-sidestart|p2: Eazigzagoon|move: Stealth Rock
|move|p2a: Skarmory|Body Press|p1a: EL baron bro !
|-supereffective|p1a: EL baron bro !
|-damage|p1a: EL baron bro !|47/100
|-damage|p2a: Skarmory|59/100|[from] item: Rocky Helmet|[of] p1a: EL baron bro !
|
|-weather|RainDance|[upkeep]
|upkeep
|turn|24
|inactive|Eazigzagoon has 90 seconds left.
|
|t:|1659180200
|move|p1a: EL baron bro !|Volt Switch|p2a: Skarmory
|-supereffective|p2a: Skarmory
|-damage|p2a: Skarmory|25/100
|
|t:|1659180215
|switch|p1a: Mermaid bro !|Primarina, M|100/100|[from]move: Volt Switch
|-damage|p1a: Mermaid bro !|88/100|[from] Spikes
|move|p2a: Skarmory|Spikes|p1a: Mermaid bro !
|-sidestart|p1: galactest bro !|Spikes
|
|-weather|RainDance|[upkeep]
|-heal|p1a: Mermaid bro !|94/100|[from] item: Leftovers
|upkeep
|turn|25
|inactive|Eazigzagoon has 90 seconds left.
|
|t:|1659180235
|move|p2a: Skarmory|Spikes|p1a: Mermaid bro !
|-sidestart|p1: galactest bro !|Spikes
|move|p1a: Mermaid bro !|Scald|p2a: Skarmory
|-damage|p2a: Skarmory|0 fnt
|faint|p2a: Skarmory
|
|-weather|none
|-heal|p1a: Mermaid bro !|99/100|[from] item: Leftovers
|upkeep
|inactive|Eazigzagoon has 90 seconds left.
|
|t:|1659180242
|switch|p2a: Seismitoad|Seismitoad, M|56/100
|-damage|p2a: Seismitoad|50/100|[from] Stealth Rock
|turn|26
|
|t:|1659180255
|switch|p1a: Metalicana bro !|Skarmory, F|3/100 brn
|move|p2a: Seismitoad|Earthquake|p1a: Metalicana bro !
|-immune|p1a: Metalicana bro !
|
|-damage|p1a: Metalicana bro !|0 fnt|[from] brn
|faint|p1a: Metalicana bro !
|upkeep
|
|t:|1659180271
|switch|p1a: EL baron bro !|Cobalion|47/100
|-damage|p1a: EL baron bro !|22/100|[from] Spikes
|turn|27
|inactive|galactest bro ! has 120 seconds left.
|
|t:|1659180293
|switch|p2a: Amoonguss|Amoonguss, M|100/100 brn
|-damage|p2a: Amoonguss|88/100 brn|[from] Stealth Rock
|move|p1a: EL baron bro !|Close Combat|p2a: Amoonguss
|-resisted|p2a: Amoonguss
|-damage|p2a: Amoonguss|71/100 brn
|-unboost|p1a: EL baron bro !|def|1
|-unboost|p1a: EL baron bro !|spd|1
|
|-damage|p2a: Amoonguss|64/100 brn|[from] brn
|upkeep
|turn|28
|inactive|galactest bro ! has 120 seconds left.
|
|t:|1659180308
|move|p1a: EL baron bro !|Stone Edge|p2a: Amoonguss
|-damage|p2a: Amoonguss|45/100 brn
|move|p2a: Amoonguss|Spore|p1a: EL baron bro !
|-status|p1a: EL baron bro !|slp|[from] move: Spore
|
|-damage|p2a: Amoonguss|39/100 brn|[from] brn
|upkeep
|turn|29
|
|t:|1659180317
|switch|p1a: Jelly's bro !|Reuniclus, F|100/100
|switch|p2a: Kingdra|Kingdra, M|74/100
|-damage|p2a: Kingdra|62/100|[from] Stealth Rock
|
|upkeep
|turn|30
|inactive|Eazigzagoon has 120 seconds left.
|inactive|galactest bro ! has 120 seconds left.
|
|t:|1659180338
|switch|p1a: Mycose bro !|Amoonguss, F|100/100
|-damage|p1a: Mycose bro !|75/100|[from] Spikes
|move|p2a: Kingdra|Hydro Pump|p1a: Mycose bro !
|-resisted|p1a: Mycose bro !
|-damage|p1a: Mycose bro !|58/100
|
|upkeep
|turn|31
|inactive|galactest bro ! has 120 seconds left.
|inactive|Eazigzagoon has 120 seconds left.
|inactive|Eazigzagoon has 90 seconds left.
|
|t:|1659180396
|switch|p2a: Politoed|Politoed, M|4/100
|-damage|p2a: Politoed|0 fnt|[from] Stealth Rock
|faint|p2a: Politoed
|move|p1a: Mycose bro !|Sludge Bomb|p2: Politoed|[notarget]
|-fail|p1a: Mycose bro !
|
|upkeep
|
|t:|1659180403
|switch|p2a: Seismitoad|Seismitoad, M|50/100
|-damage|p2a: Seismitoad|44/100|[from] Stealth Rock
|turn|32
|
|t:|1659180410
|switch|p1a: EL baron bro !|Cobalion|22/100 slp
|-damage|p1a: EL baron bro !|0 fnt|[from] Spikes
|faint|p1a: EL baron bro !
|move|p2a: Seismitoad|Ice Punch|p1: EL baron bro !|[notarget]
|-fail|p2a: Seismitoad
|
|upkeep
|inactive|galactest bro ! has 120 seconds left.
|
|t:|1659180428
|switch|p1a: Jelly's bro !|Reuniclus, F|100/100
|turn|33
|j| shijow白菜
|inactive|Eazigzagoon has 90 seconds left.
|
|t:|1659180455
|switch|p2a: Amoonguss|Amoonguss, M|72/100 brn
|-damage|p2a: Amoonguss|60/100 brn|[from] Stealth Rock
|move|p1a: Jelly's bro !|Iron Defense|p1a: Jelly's bro !
|-boost|p1a: Jelly's bro !|def|2
|
|-damage|p2a: Amoonguss|54/100 brn|[from] brn
|upkeep
|turn|34
|inactive|galactest bro ! has 120 seconds left.
|
|t:|1659180478
|switch|p1a: Mermaid bro !|Primarina, M|99/100
|-damage|p1a: Mermaid bro !|75/100|[from] Spikes
|move|p2a: Amoonguss|Spore|p1a: Mermaid bro !
|-status|p1a: Mermaid bro !|slp|[from] move: Spore
|
|-heal|p1a: Mermaid bro !|81/100 slp|[from] item: Leftovers
|-damage|p2a: Amoonguss|47/100 brn|[from] brn
|upkeep
|turn|35
|inactive|galactest bro ! has 120 seconds left.
|
|t:|1659180489
|switch|p1a: Mycose bro !|Amoonguss, F|92/100
|-damage|p1a: Mycose bro !|67/100|[from] Spikes
|switch|p2a: Kingdra|Kingdra, M|62/100
|-damage|p2a: Kingdra|50/100|[from] Stealth Rock
|
|upkeep
|turn|36
|inactive|galactest bro ! has 120 seconds left.
|
|t:|1659180501
|move|p2a: Kingdra|Flip Turn|p1a: Mycose bro !
|-resisted|p1a: Mycose bro !
|-damage|p1a: Mycose bro !|57/100
|
|t:|1659180506
|switch|p2a: Amoonguss|Amoonguss, M|81/100 brn|[from]move: Flip Turn
|-damage|p2a: Amoonguss|68/100 brn|[from] Stealth Rock
|move|p1a: Mycose bro !|Giga Drain|p2a: Amoonguss
|-resisted|p2a: Amoonguss
|-damage|p2a: Amoonguss|63/100 brn
|-heal|p1a: Mycose bro !|60/100|[from] drain|[of] p2a: Amoonguss
|
|-damage|p2a: Amoonguss|57/100 brn|[from] brn
|upkeep
|turn|37
|inactive|Eazigzagoon has 90 seconds left.
|
|t:|1659180519
|switch|p2a: Seismitoad|Seismitoad, M|44/100
|-damage|p2a: Seismitoad|38/100|[from] Stealth Rock
|move|p1a: Mycose bro !|Sludge Bomb|p2a: Seismitoad
|-resisted|p2a: Seismitoad
|-damage|p2a: Seismitoad|22/100
|
|upkeep
|turn|38
|inactive|Eazigzagoon has 90 seconds left.
|inactive|galactest bro ! has 120 seconds left.
|
|t:|1659180542
|switch|p1a: Jelly's bro !|Reuniclus, F|100/100
|move|p2a: Seismitoad|Earthquake|p1a: Jelly's bro !
|-damage|p1a: Jelly's bro !|59/100
|-damage|p2a: Seismitoad|12/100|[from] item: Life Orb
|
|upkeep
|turn|39
|inactive|galactest bro ! has 120 seconds left.
|inactive|Eazigzagoon has 90 seconds left.
|
|t:|1659180565
|move|p2a: Seismitoad|Earthquake|p1a: Jelly's bro !
|-damage|p1a: Jelly's bro !|12/100
|-damage|p2a: Seismitoad|2/100|[from] item: Life Orb
|move|p1a: Jelly's bro !|Recover|p1a: Jelly's bro !
|-heal|p1a: Jelly's bro !|62/100
|
|upkeep
|turn|40
|-message|Eazigzagoon forfeited.
|
|win|galactest bro !
|raw|galactest bro !'s rating: 1413 &rarr; <strong>1434</strong><br />(+21 for winning)
|raw|Eazigzagoon's rating: 1430 &rarr; <strong>1409</strong><br />(-21 for losing)
|l|☆Eazigzagoon
|c|☆galactest bro !|gg
