|j|☆Fathiryxi
|j|☆brainy130
|t:|1633897031
|gametype|singles
|player|p1|Fathiryxi|preschoolers|
|player|p2|brainy130|red|
|teamsize|p1|6
|teamsize|p2|6
|gen|8
|tier|[Gen 8] UU
|rated|Tournament battle
|rule|Sleep Clause Mod: Limit one foe put to sleep
|rule|Species Clause: Limit one of each Pokémon
|rule|OHKO Clause: OHKO moves are banned
|rule|Evasion Moves Clause: Evasion moves are banned
|rule|Endless Battle Clause: Forcing endless battles is banned
|rule|HP Percentage Mod: HP is shown in percentages
|rule|Dynamax Clause: You cannot dynamax
|clearpoke
|poke|p1|Chansey, F|
|poke|p1|Skarmory, F|
|poke|p1|Mandibuzz, F|
|poke|p1|Quagsire, F|
|poke|p1|Latias, F|
|poke|p1|Tapu Bulu|
|poke|p2|Tentacruel, M|
|poke|p2|Cobalion|
|poke|p2|Krookodile, F|
|poke|p2|Salamence, M|
|poke|p2|Entei|
|poke|p2|Tangrowth, M|
|teampreview
|j| tibetan bowlz
|j| bobby ya boi
|j| Art imitates death
|c|☆brainy130|gl
|c|☆Fathiryxi|hf
|j| Zaettsu
|l| Zaettsu
|
|t:|1633897077
|start
|switch|p1a: Tapu Bulu|Tapu Bulu|100/100
|switch|p2a: adam|Cobalion|100/100
|-fieldstart|move: Grassy Terrain|[from] ability: Grassy Surge|[of] p1a: Tapu Bulu
|turn|1
|
|t:|1633897088
|switch|p1a: Quagsire|Quagsire, F|100/100
|move|p2a: adam|Iron Head|p1a: Quagsire
|-resisted|p1a: Quagsire
|-damage|p1a: Quagsire|89/100
|
|-heal|p1a: Quagsire|95/100|[from] Grassy Terrain
|-heal|p1a: Quagsire|100/100|[from] item: Leftovers
|upkeep
|turn|2
|j| Reetron
|
|t:|1633897096
|switch|p2a: ramen vivo|Tangrowth, M|100/100
|move|p1a: Quagsire|Scald|p2a: ramen vivo
|-resisted|p2a: ramen vivo
|-damage|p2a: ramen vivo|94/100
|
|-heal|p2a: ramen vivo|99/100|[from] Grassy Terrain
|upkeep
|turn|3
|
|t:|1633897112
|switch|p1a: Skarmory|Skarmory, F|100/100
|move|p2a: ramen vivo|Knock Off|p1a: Skarmory
|-damage|p1a: Skarmory|87/100
|-damage|p2a: ramen vivo|84/100|[from] item: Rocky Helmet|[of] p1a: Skarmory
|-enditem|p1a: Skarmory|Rocky Helmet|[from] move: Knock Off|[of] p2a: ramen vivo
|
|-heal|p2a: ramen vivo|90/100|[from] Grassy Terrain
|upkeep
|turn|4
|l| Reetron
|
|t:|1633897125
|switch|p2a: Einstein|Entei, shiny|100/100
|move|p1a: Skarmory|Spikes|p2a: Einstein
|-sidestart|p2: brainy130|Spikes
|
|upkeep
|turn|5
|
|t:|1633897131
|switch|p1a: Quagsire|Quagsire, F|100/100
|move|p2a: Einstein|Sacred Fire|p1a: Quagsire
|-resisted|p1a: Quagsire
|-crit|p1a: Quagsire
|-damage|p1a: Quagsire|70/100
|
|-heal|p1a: Quagsire|76/100|[from] Grassy Terrain
|-heal|p1a: Quagsire|82/100|[from] item: Leftovers
|-fieldend|move: Grassy Terrain
|upkeep
|turn|6
|j| Cinnmma ♪♪
|
|t:|1633897147
|switch|p2a: ramen vivo|Tangrowth, M|100/100
|-damage|p2a: ramen vivo|88/100|[from] Spikes
|move|p1a: Quagsire|Recover|p1a: Quagsire
|-heal|p1a: Quagsire|100/100
|
|upkeep
|turn|7
|
|t:|1633897151
|switch|p1a: Skarmory|Skarmory, F|87/100
|move|p2a: ramen vivo|Giga Drain|p1a: Skarmory
|-resisted|p1a: Skarmory
|-damage|p1a: Skarmory|78/100
|-heal|p2a: ramen vivo|92/100|[from] drain|[of] p1a: Skarmory
|
|upkeep
|turn|8
|
|t:|1633897160
|switch|p2a: Einstein|Entei, shiny|100/100
|move|p1a: Skarmory|Spikes|p2a: Einstein
|-sidestart|p2: brainy130|Spikes
|
|upkeep
|turn|9
|
|t:|1633897166
|switch|p1a: Quagsire|Quagsire, F|100/100
|move|p2a: Einstein|Toxic|p1a: Quagsire
|-status|p1a: Quagsire|tox
|
|-damage|p1a: Quagsire|94/100 tox|[from] psn
|upkeep
|turn|10
|
|t:|1633897192
|switch|p2a: ramen vivo|Tangrowth, M|100/100
|-damage|p2a: ramen vivo|84/100|[from] Spikes
|move|p1a: Quagsire|Scald|p2a: ramen vivo
|-resisted|p2a: ramen vivo
|-damage|p2a: ramen vivo|78/100
|-status|p2a: ramen vivo|brn
|
|-heal|p1a: Quagsire|100/100 tox|[from] item: Leftovers
|-damage|p1a: Quagsire|88/100 tox|[from] psn
|-damage|p2a: ramen vivo|72/100 brn|[from] brn
|upkeep
|turn|11
|
|t:|1633897202
|switch|p2a: calamardo|Tentacruel, M|100/100
|-damage|p2a: calamardo|84/100|[from] Spikes
|switch|p1a: Skarmory|Skarmory, F|78/100
|
|-heal|p2a: calamardo|90/100|[from] item: Black Sludge
|upkeep
|turn|12
|j|@laevin
|l|@laevin
|
|t:|1633897224
|switch|p1a: Mandibuzz|Mandibuzz, F|100/100
|move|p2a: calamardo|Scald|p1a: Mandibuzz
|-damage|p1a: Mandibuzz|86/100
|
|-heal|p2a: calamardo|96/100|[from] item: Black Sludge
|upkeep
|turn|13
|
|t:|1633897238
|switch|p2a: El gafas|Krookodile, F|100/100
|-damage|p2a: El gafas|84/100|[from] Spikes
|-ability|p2a: El gafas|Intimidate|boost
|-unboost|p1a: Mandibuzz|atk|1
|move|p1a: Mandibuzz|Knock Off|p2a: El gafas
|-resisted|p2a: El gafas
|-damage|p2a: El gafas|74/100
|-enditem|p2a: El gafas|Choice Scarf|[from] move: Knock Off|[of] p1a: Mandibuzz
|
|upkeep
|turn|14
|
|t:|1633897248
|switch|p1a: Tapu Bulu|Tapu Bulu|100/100
|-fieldstart|move: Grassy Terrain|[from] ability: Grassy Surge|[of] p1a: Tapu Bulu
|move|p2a: El gafas|Knock Off|p1a: Tapu Bulu
|-resisted|p1a: Tapu Bulu
|-damage|p1a: Tapu Bulu|84/100
|-enditem|p1a: Tapu Bulu|Heavy-Duty Boots|[from] move: Knock Off|[of] p2a: El gafas
|
|-heal|p2a: El gafas|80/100|[from] Grassy Terrain
|-heal|p1a: Tapu Bulu|91/100|[from] Grassy Terrain
|upkeep
|turn|15
|l| Cinnmma ♪♪
|
|t:|1633897269
|switch|p2a: adam|Cobalion|100/100
|-damage|p2a: adam|84/100|[from] Spikes
|switch|p1a: Latias|Latias, F|100/100
|
|-heal|p2a: adam|90/100|[from] Grassy Terrain
|upkeep
|turn|16
|
|t:|1633897288
|switch|p1a: Skarmory|Skarmory, F|78/100
|move|p2a: adam|Stealth Rock|p1a: Skarmory
|-sidestart|p1: Fathiryxi|move: Stealth Rock
|
|-heal|p2a: adam|96/100|[from] Grassy Terrain
|upkeep
|turn|17
|
|t:|1633897306
|move|p2a: adam|Volt Switch|p1a: Skarmory
|-supereffective|p1a: Skarmory
|-damage|p1a: Skarmory|40/100
|
|t:|1633897311
|switch|p2a: calamardo|Tentacruel, M|96/100|[from]move: Volt Switch
|-damage|p2a: calamardo|80/100|[from] Spikes
|move|p1a: Skarmory|Whirlwind|p2a: calamardo
|drag|p2a: ramen vivo|Tangrowth, M|100/100 brn
|-damage|p2a: ramen vivo|84/100 brn|[from] Spikes
|
|-heal|p2a: ramen vivo|90/100 brn|[from] Grassy Terrain
|-damage|p2a: ramen vivo|84/100 brn|[from] brn
|upkeep
|turn|18
|
|t:|1633897317
|switch|p2a: calamardo|Tentacruel, M|80/100
|-damage|p2a: calamardo|63/100|[from] Spikes
|move|p1a: Skarmory|Roost|p1a: Skarmory
|-heal|p1a: Skarmory|90/100
|-singleturn|p1a: Skarmory|move: Roost
|
|-heal|p2a: calamardo|69/100|[from] Grassy Terrain
|-heal|p2a: calamardo|75/100|[from] item: Black Sludge
|-heal|p1a: Skarmory|96/100|[from] Grassy Terrain
|-fieldend|move: Grassy Terrain
|upkeep
|turn|19
|
|t:|1633897342
|switch|p1a: Mandibuzz|Mandibuzz, F|86/100
|move|p2a: calamardo|Rapid Spin|p1a: Mandibuzz
|-damage|p1a: Mandibuzz|80/100
|-boost|p2a: calamardo|spe|1
|-sideend|p2: brainy130|Spikes|[from] move: Rapid Spin|[of] p2a: calamardo
|
|-heal|p2a: calamardo|81/100|[from] item: Black Sludge
|upkeep
|turn|20
|
|t:|1633897358
|switch|p2a: El gafas|Krookodile, F|80/100
|-ability|p2a: El gafas|Intimidate|boost
|-unboost|p1a: Mandibuzz|atk|1
|switch|p1a: Tapu Bulu|Tapu Bulu|91/100
|-damage|p1a: Tapu Bulu|78/100|[from] Stealth Rock
|-fieldstart|move: Grassy Terrain|[from] ability: Grassy Surge|[of] p1a: Tapu Bulu
|
|-heal|p2a: El gafas|86/100|[from] Grassy Terrain
|-heal|p1a: Tapu Bulu|84/100|[from] Grassy Terrain
|upkeep
|turn|21
|
|t:|1633897373
|switch|p2a: adam|Cobalion|96/100
|move|p1a: Tapu Bulu|Nature's Madness|p2a: adam
|-damage|p2a: adam|48/100
|
|-heal|p2a: adam|55/100|[from] Grassy Terrain
|-heal|p1a: Tapu Bulu|91/100|[from] Grassy Terrain
|upkeep
|turn|22
|
|t:|1633897380
|switch|p1a: Quagsire|Quagsire, F|88/100 tox
|-damage|p1a: Quagsire|82/100 tox|[from] Stealth Rock
|move|p2a: adam|Iron Head|p1a: Quagsire
|-resisted|p1a: Quagsire
|-damage|p1a: Quagsire|71/100 tox
|
|-heal|p2a: adam|61/100|[from] Grassy Terrain
|-heal|p1a: Quagsire|77/100 tox|[from] Grassy Terrain
|-heal|p1a: Quagsire|83/100 tox|[from] item: Leftovers
|-damage|p1a: Quagsire|77/100 tox|[from] psn
|upkeep
|turn|23
|
|t:|1633897408
|switch|p2a: ramen vivo|Tangrowth, M|100/100 brn
|switch|p1a: Skarmory|Skarmory, F|96/100
|-damage|p1a: Skarmory|84/100|[from] Stealth Rock
|
|-damage|p2a: ramen vivo|94/100 brn|[from] brn
|upkeep
|turn|24
|
|t:|1633897419
|switch|p2a: Einstein|Entei, shiny|100/100
|move|p1a: Skarmory|Spikes|p2a: Einstein
|-sidestart|p2: brainy130|Spikes
|
|-fieldend|move: Grassy Terrain
|upkeep
|turn|25
|
|t:|1633897429
|switch|p1a: Quagsire|Quagsire, F|77/100 tox
|-damage|p1a: Quagsire|71/100 tox|[from] Stealth Rock
|move|p2a: Einstein|Sacred Fire|p1a: Quagsire
|-resisted|p1a: Quagsire
|-damage|p1a: Quagsire|54/100 tox
|
|-heal|p1a: Quagsire|60/100 tox|[from] item: Leftovers
|-damage|p1a: Quagsire|54/100 tox|[from] psn
|upkeep
|turn|26
|
|t:|1633897433
|switch|p2a: ramen vivo|Tangrowth, M|100/100 brn
|-damage|p2a: ramen vivo|88/100 brn|[from] Spikes
|move|p1a: Quagsire|Recover|p1a: Quagsire
|-heal|p1a: Quagsire|100/100 tox
|
|-damage|p1a: Quagsire|88/100 tox|[from] psn
|-damage|p2a: ramen vivo|82/100 brn|[from] brn
|upkeep
|turn|27
|l| tibetan bowlz
|
|t:|1633897441
|switch|p2a: Einstein|Entei, shiny|100/100
|switch|p1a: Skarmory|Skarmory, F|84/100
|-damage|p1a: Skarmory|72/100|[from] Stealth Rock
|
|upkeep
|turn|28
|
|t:|1633897445
|switch|p1a: Quagsire|Quagsire, F|88/100 tox
|-damage|p1a: Quagsire|82/100 tox|[from] Stealth Rock
|move|p2a: Einstein|Sacred Fire|p1a: Quagsire
|-resisted|p1a: Quagsire
|-damage|p1a: Quagsire|62/100 tox
|
|-heal|p1a: Quagsire|69/100 tox|[from] item: Leftovers
|-damage|p1a: Quagsire|62/100 tox|[from] psn
|upkeep
|turn|29
|
|t:|1633897459
|switch|p2a: ramen vivo|Tangrowth, M|100/100 brn
|-damage|p2a: ramen vivo|88/100 brn|[from] Spikes
|move|p1a: Quagsire|Recover|p1a: Quagsire
|-heal|p1a: Quagsire|100/100 tox
|
|-damage|p1a: Quagsire|88/100 tox|[from] psn
|-damage|p2a: ramen vivo|82/100 brn|[from] brn
|upkeep
|turn|30
|
|t:|1633897473
|switch|p1a: Mandibuzz|Mandibuzz, F|80/100
|move|p2a: ramen vivo|Knock Off|p1a: Mandibuzz
|-resisted|p1a: Mandibuzz
|-damage|p1a: Mandibuzz|76/100
|-enditem|p1a: Mandibuzz|Heavy-Duty Boots|[from] move: Knock Off|[of] p2a: ramen vivo
|
|-damage|p2a: ramen vivo|76/100 brn|[from] brn
|upkeep
|turn|31
|
|t:|1633897482
|switch|p2a: calamardo|Tentacruel, M|81/100
|-damage|p2a: calamardo|69/100|[from] Spikes
|move|p1a: Mandibuzz|Knock Off|p2a: calamardo
|-damage|p2a: calamardo|41/100
|-enditem|p2a: calamardo|Black Sludge|[from] move: Knock Off|[of] p1a: Mandibuzz
|
|upkeep
|turn|32
|
|t:|1633897491
|move|p2a: calamardo|Scald|p1a: Mandibuzz
|-damage|p1a: Mandibuzz|63/100
|-status|p1a: Mandibuzz|brn
|move|p1a: Mandibuzz|U-turn|p2a: calamardo
|-resisted|p2a: calamardo
|-damage|p2a: calamardo|38/100
|
|t:|1633897506
|switch|p1a: Latias|Latias, F|100/100|[from]move: U-turn
|-damage|p1a: Latias|88/100|[from] Stealth Rock
|
|-heal|p1a: Latias|94/100|[from] item: Leftovers
|upkeep
|turn|33
|
|t:|1633897519
|switch|p2a: El gafas|Krookodile, F|86/100
|-damage|p2a: El gafas|74/100|[from] Spikes
|-ability|p2a: El gafas|Intimidate|boost
|-unboost|p1a: Latias|atk|1
|move|p1a: Latias|Ice Beam|p2a: El gafas
|-supereffective|p2a: El gafas
|-damage|p2a: El gafas|16/100
|
|-heal|p1a: Latias|99/100|[from] item: Leftovers
|upkeep
|turn|34
|
|t:|1633897531
|move|p1a: Latias|Ice Beam|p2a: El gafas
|-supereffective|p2a: El gafas
|-damage|p2a: El gafas|0 fnt
|faint|p2a: El gafas
|
|-heal|p1a: Latias|100/100|[from] item: Leftovers
|upkeep
|
|t:|1633897541
|switch|p2a: adam|Cobalion|61/100
|-damage|p2a: adam|48/100|[from] Spikes
|turn|35
|
|t:|1633897553
|switch|p1a: Quagsire|Quagsire, F|88/100 tox
|-damage|p1a: Quagsire|82/100 tox|[from] Stealth Rock
|move|p2a: adam|Iron Head|p1a: Quagsire
|-resisted|p1a: Quagsire
|-damage|p1a: Quagsire|71/100 tox
|
|-heal|p1a: Quagsire|77/100 tox|[from] item: Leftovers
|-damage|p1a: Quagsire|71/100 tox|[from] psn
|upkeep
|turn|36
|
|t:|1633897559
|move|p2a: adam|Close Combat|p1a: Quagsire
|-damage|p1a: Quagsire|35/100 tox
|-unboost|p2a: adam|def|1
|-unboost|p2a: adam|spd|1
|move|p1a: Quagsire|Recover|p1a: Quagsire
|-heal|p1a: Quagsire|85/100 tox
|
|-heal|p1a: Quagsire|91/100 tox|[from] item: Leftovers
|-damage|p1a: Quagsire|79/100 tox|[from] psn
|upkeep
|turn|37
|
|t:|1633897566
|switch|p2a: ramen vivo|Tangrowth, M|100/100 brn
|-damage|p2a: ramen vivo|88/100 brn|[from] Spikes
|switch|p1a: Latias|Latias, F|100/100
|-damage|p1a: Latias|88/100|[from] Stealth Rock
|
|-heal|p1a: Latias|94/100|[from] item: Leftovers
|-damage|p2a: ramen vivo|82/100 brn|[from] brn
|upkeep
|turn|38
|
|t:|1633897573
|switch|p1a: Skarmory|Skarmory, F|72/100
|-damage|p1a: Skarmory|59/100|[from] Stealth Rock
|move|p2a: ramen vivo|Knock Off|p1a: Skarmory
|-damage|p1a: Skarmory|55/100
|
|-damage|p2a: ramen vivo|76/100 brn|[from] brn
|upkeep
|turn|39
|
|t:|1633897581
|switch|p2a: calamardo|Tentacruel, M|38/100
|-damage|p2a: calamardo|25/100|[from] Spikes
|move|p1a: Skarmory|Roost|p1a: Skarmory
|-heal|p1a: Skarmory|100/100
|-singleturn|p1a: Skarmory|move: Roost
|
|upkeep
|turn|40
|
|t:|1633897613
|switch|p2a: ramen vivo|Tangrowth, M|100/100 brn
|-damage|p2a: ramen vivo|88/100 brn|[from] Spikes
|switch|p1a: Chansey|Chansey, F|100/100
|-damage|p1a: Chansey|88/100|[from] Stealth Rock
|
|-damage|p2a: ramen vivo|82/100 brn|[from] brn
|upkeep
|turn|41
|
|t:|1633897622
|switch|p1a: Skarmory|Skarmory, F|100/100
|-damage|p1a: Skarmory|88/100|[from] Stealth Rock
|switch|p2a: dragón swager|Salamence, M|100/100
|-ability|p2a: dragón swager|Intimidate|boost
|-unboost|p1a: Skarmory|atk|1
|
|upkeep
|turn|42
|
|t:|1633897635
|switch|p1a: Chansey|Chansey, F|88/100
|-damage|p1a: Chansey|75/100|[from] Stealth Rock
|move|p2a: dragón swager|Dragon Dance|p2a: dragón swager
|-boost|p2a: dragón swager|atk|1
|-boost|p2a: dragón swager|spe|1
|
|upkeep
|turn|43
|
|t:|1633897639
|move|p2a: dragón swager|Earthquake|p1a: Chansey
|-damage|p1a: Chansey|45/100
|move|p1a: Chansey|Thunder Wave|p2a: dragón swager
|-status|p2a: dragón swager|par
|
|upkeep
|turn|44
|
|t:|1633897647
|move|p2a: dragón swager|Dragon Dance|p2a: dragón swager
|-boost|p2a: dragón swager|atk|1
|-boost|p2a: dragón swager|spe|1
|move|p1a: Chansey|Soft-Boiled|p1a: Chansey
|-heal|p1a: Chansey|95/100
|
|upkeep
|turn|45
|
|t:|1633897662
|switch|p1a: Latias|Latias, F|94/100
|-damage|p1a: Latias|82/100|[from] Stealth Rock
|move|p2a: dragón swager|Dragon Dance|p2a: dragón swager
|-boost|p2a: dragón swager|atk|1
|-boost|p2a: dragón swager|spe|1
|
|-heal|p1a: Latias|88/100|[from] item: Leftovers
|upkeep
|turn|46
|
|t:|1633897668
|move|p2a: dragón swager|Dual Wingbeat|p1a: Latias
|-damage|p1a: Latias|40/100
|-damage|p1a: Latias|0 fnt
|faint|p1a: Latias
|-hitcount|p1: Latias|2
|
|upkeep
|
|t:|1633897673
|switch|p1a: Quagsire|Quagsire, F|79/100 tox
|-damage|p1a: Quagsire|73/100 tox|[from] Stealth Rock
|turn|47
|
|t:|1633897681
|move|p2a: dragón swager|Dual Wingbeat|p1a: Quagsire
|-damage|p1a: Quagsire|57/100 tox
|-damage|p1a: Quagsire|43/100 tox
|-hitcount|p1a: Quagsire|2
|move|p1a: Quagsire|Haze|p1a: Quagsire
|-clearallboost
|
|-heal|p1a: Quagsire|49/100 tox|[from] item: Leftovers
|-damage|p1a: Quagsire|43/100 tox|[from] psn
|upkeep
|turn|48
|
|t:|1633897685
|cant|p2a: dragón swager|par
|move|p1a: Quagsire|Recover|p1a: Quagsire
|-heal|p1a: Quagsire|93/100 tox
|
|-heal|p1a: Quagsire|99/100 tox|[from] item: Leftovers
|-damage|p1a: Quagsire|87/100 tox|[from] psn
|upkeep
|turn|49
|c|☆brainy130|very boring friend
|
|t:|1633897724
|switch|p2a: ramen vivo|Tangrowth, M|100/100 brn
|-damage|p2a: ramen vivo|88/100 brn|[from] Spikes
|switch|p1a: Skarmory|Skarmory, F|88/100
|-damage|p1a: Skarmory|76/100|[from] Stealth Rock
|
|-damage|p2a: ramen vivo|82/100 brn|[from] brn
|upkeep
|turn|50
|
|t:|1633897732
|switch|p2a: Einstein|Entei, shiny|100/100
|move|p1a: Skarmory|Body Press|p2a: Einstein
|-damage|p2a: Einstein|68/100
|
|upkeep
|turn|51
|
|t:|1633897737
|switch|p1a: Quagsire|Quagsire, F|87/100 tox
|-damage|p1a: Quagsire|81/100 tox|[from] Stealth Rock
|move|p2a: Einstein|Extreme Speed|p1a: Quagsire
|-damage|p1a: Quagsire|59/100 tox
|
|-heal|p1a: Quagsire|65/100 tox|[from] item: Leftovers
|-damage|p1a: Quagsire|59/100 tox|[from] psn
|upkeep
|turn|52
|
|t:|1633897742
|switch|p2a: ramen vivo|Tangrowth, M|100/100 brn
|-damage|p2a: ramen vivo|88/100 brn|[from] Spikes
|move|p1a: Quagsire|Recover|p1a: Quagsire
|-heal|p1a: Quagsire|100/100 tox
|
|-damage|p1a: Quagsire|88/100 tox|[from] psn
|-damage|p2a: ramen vivo|82/100 brn|[from] brn
|upkeep
|turn|53
|
|t:|1633897749
|switch|p1a: Skarmory|Skarmory, F|76/100
|-damage|p1a: Skarmory|64/100|[from] Stealth Rock
|move|p2a: ramen vivo|Giga Drain|p1a: Skarmory
|-resisted|p1a: Skarmory
|-damage|p1a: Skarmory|54/100
|-heal|p2a: ramen vivo|86/100 brn|[from] drain|[of] p1a: Skarmory
|
|-damage|p2a: ramen vivo|80/100 brn|[from] brn
|upkeep
|turn|54
|
|t:|1633897755
|move|p1a: Skarmory|Roost|p1a: Skarmory
|-heal|p1a: Skarmory|100/100
|-singleturn|p1a: Skarmory|move: Roost
|move|p2a: ramen vivo|Rock Slide|p1a: Skarmory
|-resisted|p1a: Skarmory
|-damage|p1a: Skarmory|98/100
|
|-damage|p2a: ramen vivo|74/100 brn|[from] brn
|upkeep
|turn|55
|
|t:|1633897759
|switch|p2a: calamardo|Tentacruel, M|25/100
|-damage|p2a: calamardo|13/100|[from] Spikes
|move|p1a: Skarmory|Body Press|p2a: calamardo
|-resisted|p2a: calamardo
|-damage|p2a: calamardo|0 fnt
|faint|p2a: calamardo
|
|upkeep
|
|t:|1633897762
|switch|p2a: Einstein|Entei, shiny|68/100
|turn|56
|
|t:|1633897765
|switch|p1a: Quagsire|Quagsire, F|88/100 tox
|-damage|p1a: Quagsire|82/100 tox|[from] Stealth Rock
|move|p2a: Einstein|Extreme Speed|p1a: Quagsire
|-damage|p1a: Quagsire|63/100 tox
|
|-heal|p1a: Quagsire|69/100 tox|[from] item: Leftovers
|-damage|p1a: Quagsire|63/100 tox|[from] psn
|upkeep
|turn|57
|
|t:|1633897775
|switch|p2a: dragón swager|Salamence, M|100/100 par
|-ability|p2a: dragón swager|Intimidate|boost
|-unboost|p1a: Quagsire|atk|1
|move|p1a: Quagsire|Recover|p1a: Quagsire
|-heal|p1a: Quagsire|100/100 tox
|
|-damage|p1a: Quagsire|88/100 tox|[from] psn
|upkeep
|turn|58
|
|t:|1633897785
|switch|p1a: Skarmory|Skarmory, F|98/100
|-damage|p1a: Skarmory|86/100|[from] Stealth Rock
|move|p2a: dragón swager|Earthquake|p1a: Skarmory
|-immune|p1a: Skarmory
|
|upkeep
|turn|59
|c|☆brainy130|really man?
|
|t:|1633897802
|switch|p2a: Einstein|Entei, shiny|68/100
|move|p1a: Skarmory|Spikes|p2a: Einstein
|-sidestart|p2: brainy130|Spikes
|
|upkeep
|turn|60
|
|t:|1633897806
|switch|p1a: Quagsire|Quagsire, F|88/100 tox
|-damage|p1a: Quagsire|82/100 tox|[from] Stealth Rock
|move|p2a: Einstein|Sacred Fire|p1a: Quagsire
|-resisted|p1a: Quagsire
|-damage|p1a: Quagsire|64/100 tox
|
|-heal|p1a: Quagsire|70/100 tox|[from] item: Leftovers
|-damage|p1a: Quagsire|64/100 tox|[from] psn
|upkeep
|turn|61
|
|t:|1633897809
|move|p2a: Einstein|Extreme Speed|p1a: Quagsire
|-damage|p1a: Quagsire|46/100 tox
|move|p1a: Quagsire|Recover|p1a: Quagsire
|-heal|p1a: Quagsire|96/100 tox
|
|-heal|p1a: Quagsire|100/100 tox|[from] item: Leftovers
|-damage|p1a: Quagsire|88/100 tox|[from] psn
|upkeep
|turn|62
|
|t:|1633897817
|switch|p2a: ramen vivo|Tangrowth, M|100/100 brn
|-damage|p2a: ramen vivo|84/100 brn|[from] Spikes
|move|p1a: Quagsire|Scald|p2a: ramen vivo
|-resisted|p2a: ramen vivo
|-damage|p2a: ramen vivo|78/100 brn
|
|-heal|p1a: Quagsire|94/100 tox|[from] item: Leftovers
|-damage|p1a: Quagsire|76/100 tox|[from] psn
|-damage|p2a: ramen vivo|72/100 brn|[from] brn
|upkeep
|turn|63
|
|t:|1633897819
|switch|p1a: Skarmory|Skarmory, F|86/100
|-damage|p1a: Skarmory|73/100|[from] Stealth Rock
|move|p2a: ramen vivo|Giga Drain|p1a: Skarmory
|-resisted|p1a: Skarmory
|-damage|p1a: Skarmory|63/100
|-heal|p2a: ramen vivo|76/100 brn|[from] drain|[of] p1a: Skarmory
|
|-damage|p2a: ramen vivo|70/100 brn|[from] brn
|upkeep
|turn|64
|
|t:|1633897826
|move|p1a: Skarmory|Body Press|p2a: ramen vivo
|-damage|p2a: ramen vivo|47/100 brn
|move|p2a: ramen vivo|Rock Slide|p1a: Skarmory
|-damage|p1a: Skarmory|58/100
|
|-damage|p2a: ramen vivo|41/100 brn|[from] brn
|upkeep
|turn|65
|
|t:|1633897833
|switch|p2a: adam|Cobalion|48/100
|-damage|p2a: adam|32/100|[from] Spikes
|move|p1a: Skarmory|Body Press|p2a: adam
|-supereffective|p2a: adam
|-damage|p2a: adam|0 fnt
|faint|p2a: adam
|
|upkeep
|
|t:|1633897835
|switch|p2a: Einstein|Entei, shiny|68/100
|turn|66
|
|t:|1633897841
|switch|p1a: Quagsire|Quagsire, F|76/100 tox
|-damage|p1a: Quagsire|70/100 tox|[from] Stealth Rock
|move|p2a: Einstein|Sacred Fire|p1a: Quagsire
|-resisted|p1a: Quagsire
|-damage|p1a: Quagsire|53/100 tox
|
|-heal|p1a: Quagsire|59/100 tox|[from] item: Leftovers
|-damage|p1a: Quagsire|53/100 tox|[from] psn
|upkeep
|turn|67
|
|t:|1633897843
|move|p2a: Einstein|Sacred Fire|p1a: Quagsire
|-resisted|p1a: Quagsire
|-damage|p1a: Quagsire|34/100 tox
|move|p1a: Quagsire|Recover|p1a: Quagsire
|-heal|p1a: Quagsire|84/100 tox
|
|-heal|p1a: Quagsire|90/100 tox|[from] item: Leftovers
|-damage|p1a: Quagsire|78/100 tox|[from] psn
|upkeep
|turn|68
|
|t:|1633897851
|move|p2a: Einstein|Sacred Fire|p1a: Quagsire
|-resisted|p1a: Quagsire
|-damage|p1a: Quagsire|60/100 tox
|move|p1a: Quagsire|Scald|p2a: Einstein
|-supereffective|p2a: Einstein
|-damage|p2a: Einstein|20/100
|
|-heal|p1a: Quagsire|66/100 tox|[from] item: Leftovers
|-damage|p1a: Quagsire|48/100 tox|[from] psn
|upkeep
|turn|69
|
|t:|1633897875
|move|p2a: Einstein|Sacred Fire|p1a: Quagsire
|-resisted|p1a: Quagsire
|-damage|p1a: Quagsire|28/100 tox
|move|p1a: Quagsire|Scald|p2a: Einstein
|-supereffective|p2a: Einstein
|-damage|p2a: Einstein|0 fnt
|faint|p2a: Einstein
|
|-heal|p1a: Quagsire|34/100 tox|[from] item: Leftovers
|-damage|p1a: Quagsire|9/100 tox|[from] psn
|upkeep
|
|t:|1633897886
|switch|p2a: ramen vivo|Tangrowth, M|74/100 brn
|-damage|p2a: ramen vivo|57/100 brn|[from] Spikes
|turn|70
|c|☆brainy130|kill me this is so boring bro
|
|t:|1633897897
|switch|p1a: Skarmory|Skarmory, F|58/100
|-damage|p1a: Skarmory|45/100|[from] Stealth Rock
|move|p2a: ramen vivo|Giga Drain|p1a: Skarmory
|-resisted|p1a: Skarmory
|-damage|p1a: Skarmory|36/100
|-heal|p2a: ramen vivo|61/100 brn|[from] drain|[of] p1a: Skarmory
|
|-damage|p2a: ramen vivo|55/100 brn|[from] brn
|upkeep
|turn|71
|
|t:|1633897900
|move|p1a: Skarmory|Roost|p1a: Skarmory
|-heal|p1a: Skarmory|86/100
|-singleturn|p1a: Skarmory|move: Roost
|move|p2a: ramen vivo|Giga Drain|p1a: Skarmory
|-resisted|p1a: Skarmory
|-damage|p1a: Skarmory|67/100
|-heal|p2a: ramen vivo|63/100 brn|[from] drain|[of] p1a: Skarmory
|
|-damage|p2a: ramen vivo|57/100 brn|[from] brn
|upkeep
|turn|72
|
|t:|1633897905
|move|p1a: Skarmory|Body Press|p2a: ramen vivo
|-damage|p2a: ramen vivo|35/100 brn
|move|p2a: ramen vivo|Giga Drain|p1a: Skarmory
|-resisted|p1a: Skarmory
|-damage|p1a: Skarmory|57/100
|-heal|p2a: ramen vivo|39/100 brn|[from] drain|[of] p1a: Skarmory
|
|-damage|p2a: ramen vivo|32/100 brn|[from] brn
|upkeep
|turn|73
|
|t:|1633897913
|move|p1a: Skarmory|Roost|p1a: Skarmory
|-heal|p1a: Skarmory|100/100
|-singleturn|p1a: Skarmory|move: Roost
|move|p2a: ramen vivo|Giga Drain|p1a: Skarmory
|-resisted|p1a: Skarmory
|-damage|p1a: Skarmory|81/100
|-heal|p2a: ramen vivo|41/100 brn|[from] drain|[of] p1a: Skarmory
|
|-damage|p2a: ramen vivo|34/100 brn|[from] brn
|upkeep
|turn|74
|
|t:|1633897916
|move|p1a: Skarmory|Body Press|p2a: ramen vivo
|-damage|p2a: ramen vivo|10/100 brn
|move|p2a: ramen vivo|Giga Drain|p1a: Skarmory
|-resisted|p1a: Skarmory
|-damage|p1a: Skarmory|72/100
|-heal|p2a: ramen vivo|14/100 brn|[from] drain|[of] p1a: Skarmory
|
|-damage|p2a: ramen vivo|8/100 brn|[from] brn
|upkeep
|turn|75
|
|t:|1633897920
|move|p1a: Skarmory|Body Press|p2a: ramen vivo
|-damage|p2a: ramen vivo|0 fnt
|faint|p2a: ramen vivo
|
|upkeep
|
|t:|1633897922
|switch|p2a: dragón swager|Salamence, M|100/100 par
|-ability|p2a: dragón swager|Intimidate|boost
|-unboost|p1a: Skarmory|atk|1
|turn|76
|
|t:|1633897936
|switch|p1a: Chansey|Chansey, F|95/100
|-damage|p1a: Chansey|82/100|[from] Stealth Rock
|cant|p2a: dragón swager|par
|
|upkeep
|turn|77
|
|t:|1633897940
|move|p2a: dragón swager|Dragon Dance|p2a: dragón swager
|-boost|p2a: dragón swager|atk|1
|-boost|p2a: dragón swager|spe|1
|move|p1a: Chansey|Seismic Toss|p2a: dragón swager
|-damage|p2a: dragón swager|73/100 par
|
|upkeep
|turn|78
|
|t:|1633897944
|move|p2a: dragón swager|Dragon Dance|p2a: dragón swager
|-boost|p2a: dragón swager|atk|1
|-boost|p2a: dragón swager|spe|1
|move|p1a: Chansey|Seismic Toss|p2a: dragón swager
|-damage|p2a: dragón swager|46/100 par
|
|upkeep
|turn|79
|
|t:|1633897946
|cant|p2a: dragón swager|par
|move|p1a: Chansey|Seismic Toss|p2a: dragón swager
|-damage|p2a: dragón swager|18/100 par
|
|upkeep
|turn|80
|
|t:|1633897949
|move|p2a: dragón swager|Roost|p2a: dragón swager
|-heal|p2a: dragón swager|68/100 par
|-singleturn|p2a: dragón swager|move: Roost
|move|p1a: Chansey|Seismic Toss|p2a: dragón swager
|-damage|p2a: dragón swager|41/100 par
|
|upkeep
|turn|81
|
|t:|1633897951
|cant|p2a: dragón swager|par
|move|p1a: Chansey|Seismic Toss|p2a: dragón swager
|-damage|p2a: dragón swager|13/100 par
|
|upkeep
|turn|82
|
|t:|1633897952
|move|p2a: dragón swager|Roost|p2a: dragón swager
|-heal|p2a: dragón swager|63/100 par
|-singleturn|p2a: dragón swager|move: Roost
|move|p1a: Chansey|Seismic Toss|p2a: dragón swager
|-damage|p2a: dragón swager|36/100 par
|
|upkeep
|turn|83
|
|t:|1633897959
|cant|p2a: dragón swager|par
|move|p1a: Chansey|Seismic Toss|p2a: dragón swager
|-damage|p2a: dragón swager|8/100 par
|
|upkeep
|turn|84
|
|t:|1633897961
|move|p2a: dragón swager|Roost|p2a: dragón swager
|-heal|p2a: dragón swager|58/100 par
|-singleturn|p2a: dragón swager|move: Roost
|move|p1a: Chansey|Seismic Toss|p2a: dragón swager
|-damage|p2a: dragón swager|31/100 par
|
|upkeep
|turn|85
|
|t:|1633897963
|move|p2a: dragón swager|Roost|p2a: dragón swager
|-heal|p2a: dragón swager|81/100 par
|-singleturn|p2a: dragón swager|move: Roost
|move|p1a: Chansey|Seismic Toss|p2a: dragón swager
|-damage|p2a: dragón swager|53/100 par
|
|upkeep
|turn|86
|
|t:|1633897970
|move|p2a: dragón swager|Dual Wingbeat|p1a: Chansey
|-damage|p1a: Chansey|58/100
|-damage|p1a: Chansey|34/100
|-hitcount|p1a: Chansey|2
|move|p1a: Chansey|Seismic Toss|p2a: dragón swager
|-damage|p2a: dragón swager|26/100 par
|
|upkeep
|turn|87
|
|t:|1633897975
|move|p2a: dragón swager|Roost|p2a: dragón swager
|-heal|p2a: dragón swager|76/100 par
|-singleturn|p2a: dragón swager|move: Roost
|move|p1a: Chansey|Seismic Toss|p2a: dragón swager
|-damage|p2a: dragón swager|48/100 par
|
|upkeep
|turn|88
|
|t:|1633897981
|move|p2a: dragón swager|Roost|p2a: dragón swager
|-heal|p2a: dragón swager|98/100 par
|-singleturn|p2a: dragón swager|move: Roost
|move|p1a: Chansey|Seismic Toss|p2a: dragón swager
|-damage|p2a: dragón swager|71/100 par
|
|upkeep
|turn|89
|
|t:|1633897984
|move|p2a: dragón swager|Dragon Dance|p2a: dragón swager
|-boost|p2a: dragón swager|atk|1
|-boost|p2a: dragón swager|spe|1
|move|p1a: Chansey|Seismic Toss|p2a: dragón swager
|-damage|p2a: dragón swager|43/100 par
|
|upkeep
|turn|90
|
|t:|1633897990
|move|p2a: dragón swager|Roost|p2a: dragón swager
|-heal|p2a: dragón swager|93/100 par
|-singleturn|p2a: dragón swager|move: Roost
|move|p1a: Chansey|Seismic Toss|p2a: dragón swager
|-damage|p2a: dragón swager|66/100 par
|
|upkeep
|turn|91
|
|t:|1633897992
|cant|p2a: dragón swager|par
|move|p1a: Chansey|Seismic Toss|p2a: dragón swager
|-damage|p2a: dragón swager|38/100 par
|
|upkeep
|turn|92
|
|t:|1633897995
|cant|p2a: dragón swager|par
|move|p1a: Chansey|Seismic Toss|p2a: dragón swager
|-damage|p2a: dragón swager|11/100 par
|
|upkeep
|turn|93
|
|t:|1633897997
|move|p2a: dragón swager|Roost|p2a: dragón swager
|-heal|p2a: dragón swager|61/100 par
|-singleturn|p2a: dragón swager|move: Roost
|move|p1a: Chansey|Seismic Toss|p2a: dragón swager
|-damage|p2a: dragón swager|33/100 par
|
|upkeep
|turn|94
|
|t:|1633898001
|cant|p2a: dragón swager|par
|move|p1a: Chansey|Seismic Toss|p2a: dragón swager
|-damage|p2a: dragón swager|6/100 par
|
|upkeep
|turn|95
|
|t:|1633898005
|move|p2a: dragón swager|Roost|p2a: dragón swager
|-heal|p2a: dragón swager|56/100 par
|-singleturn|p2a: dragón swager|move: Roost
|move|p1a: Chansey|Seismic Toss|p2a: dragón swager
|-damage|p2a: dragón swager|29/100 par
|
|upkeep
|turn|96
|
|t:|1633898007
|cant|p2a: dragón swager|par
|move|p1a: Chansey|Seismic Toss|p2a: dragón swager
|-damage|p2a: dragón swager|1/100 par
|
|upkeep
|turn|97
|
|t:|1633898011
|cant|p2a: dragón swager|par
|move|p1a: Chansey|Seismic Toss|p2a: dragón swager
|-damage|p2a: dragón swager|0 fnt
|faint|p2a: dragón swager
|
|win|Fathiryxi
|n|☆Fathiryxi|fathiryxi
|n|☆brainy130|brainy130
|n| bobby ya boi|bobbyyaboi
|n| Art imitates death|artimitatesdeath
