|j|☆Upward Trend
|j|☆big baz
|player|p1|Upward Trend|lance-gen2|1339
|player|p2|big baz|ltsurge|1444
|teamsize|p1|6
|teamsize|p2|6
|gametype|singles
|gen|8
|tier|[Gen 8] UU
|rated|
|clearpoke
|poke|p1|Decidueye, F|
|poke|p1|Incineroar, F|
|poke|p1|Primarina, M|
|poke|p1|Toxtricity, F|
|poke|p1|Rhyperior, M|
|poke|p1|Noivern, M|
|poke|p2|Bronzong|
|poke|p2|Rotom-Mow|
|poke|p2|Necrozma|
|poke|p2|Pangoro, M|
|poke|p2|Mamoswine, F|
|poke|p2|Haxorus, M|
|rule|Sleep Clause Mod: Limit one foe put to sleep
|rule|Species Clause: Limit one of each Pokémon
|rule|OHKO Clause: OHKO moves are banned
|rule|Evasion Moves Clause: Evasion moves are banned
|rule|Endless Battle Clause: Forcing endless battles is banned
|rule|HP Percentage Mod: HP is shown in percentages
|rule|Dynamax Clause: You cannot dynamax
|teampreview
|inactive|Battle timer is ON: inactive players will automatically lose when time's up. (requested by Upward Trend)
|
|start
|switch|p1a: Incineroar|Incineroar, F|100/100
|switch|p2a: Haxorus|Haxorus, M|100/100
|-ability|p2a: Haxorus|Mold Breaker
|-ability|p1a: Incineroar|Intimidate|boost
|-unboost|p2a: Haxorus|atk|1
|turn|1
|
|switch|p1a: Primarina|Primarina, M|100/100
|move|p2a: Haxorus|Outrage|p1a: Primarina
|-immune|p1a: Primarina
|
|upkeep
|turn|2
|
|move|p2a: Haxorus|Poison Jab|p1a: Primarina
|-supereffective|p1a: Primarina
|-damage|p1a: Primarina|22/100
|-damage|p2a: Haxorus|91/100|[from] item: Life Orb
|move|p1a: Primarina|Moonblast|p2a: Haxorus
|-supereffective|p2a: Haxorus
|-damage|p2a: Haxorus|0 fnt
|faint|p2a: Haxorus
|
|upkeep
|
|switch|p2a: Necrozma|Necrozma|100/100
|turn|3
|
|move|p2a: Necrozma|Earth Power|p1a: Primarina
|-damage|p1a: Primarina|0 fnt
|faint|p1a: Primarina
|
|upkeep
|
|switch|p1a: Decidueye|Decidueye, F|100/100
|turn|4
|
|switch|p2a: Mamoswine|Mamoswine, F|100/100
|move|p1a: Decidueye|Spirit Shackle|p2a: Mamoswine
|-crit|p2a: Mamoswine
|-damage|p2a: Mamoswine|51/100
|-activate|p2a: Mamoswine|trapped
|
|upkeep
|turn|5
|j| CrazyClown94
|
|switch|p1a: Incineroar|Incineroar, F|100/100
|-ability|p1a: Incineroar|Intimidate|boost
|-unboost|p2a: Mamoswine|atk|1
|move|p2a: Mamoswine|Stealth Rock|p1a: Incineroar
|-sidestart|p1: Upward Trend|move: Stealth Rock
|
|upkeep
|turn|6
|
|move|p2a: Mamoswine|Endeavor|p1a: Incineroar
|-damage|p1a: Incineroar|56/100
|move|p1a: Incineroar|Knock Off|p2a: Mamoswine
|-damage|p2a: Mamoswine|0 fnt
|-enditem|p2a: Mamoswine|Focus Sash|[from] move: Knock Off|[of] p1a: Incineroar
|faint|p2a: Mamoswine
|
|upkeep
|
|switch|p2a: Pangoro|Pangoro, M|100/100
|turn|7
|
|switch|p1a: Noivern|Noivern, M|100/100
|move|p2a: Pangoro|Close Combat|p1a: Noivern
|-resisted|p1a: Noivern
|-damage|p1a: Noivern|30/100
|-unboost|p2a: Pangoro|def|1
|-unboost|p2a: Pangoro|spd|1
|
|upkeep
|turn|8
|
|move|p1a: Noivern|Hurricane|p2a: Pangoro
|-supereffective|p2a: Pangoro
|-damage|p2a: Pangoro|0 fnt
|faint|p2a: Pangoro
|
|upkeep
|
|switch|p2a: Rotom|Rotom-Mow|100/100
|turn|9
|
|move|p2a: Rotom|Volt Switch|p1a: Noivern
|-damage|p1a: Noivern|0 fnt
|faint|p1a: Noivern
|
|switch|p2a: Necrozma|Necrozma|100/100|[from]move: Volt Switch
|
|upkeep
|
|switch|p1a: Decidueye|Decidueye, F|100/100
|-damage|p1a: Decidueye|88/100|[from] Stealth Rock
|turn|10
|inactive|big baz has 120 seconds left.
|
|move|p2a: Necrozma|Prismatic Laser|p1a: Decidueye
|-damage|p1a: Decidueye|2/100
|-mustrecharge|p2a: Necrozma
|move|p1a: Decidueye|Defog|p2a: Necrozma
|-unboost|p2a: Necrozma|evasion|1
|-sideend|p1: Upward Trend|Stealth Rock|[from] move: Defog|[of] p1a: Decidueye
|
|-heal|p1a: Decidueye|8/100|[from] item: Leftovers
|upkeep
|turn|11
|
|cant|p2a: Necrozma|recharge
|move|p1a: Decidueye|Spirit Shackle|p2a: Necrozma
|-supereffective|p2a: Necrozma
|-damage|p2a: Necrozma|56/100
|-activate|p2a: Necrozma|trapped
|
|-heal|p1a: Decidueye|14/100|[from] item: Leftovers
|upkeep
|turn|12
|
|switch|p1a: Incineroar|Incineroar, F|56/100
|-ability|p1a: Incineroar|Intimidate|boost
|-unboost|p2a: Necrozma|atk|1
|move|p2a: Necrozma|Prismatic Laser|p1a: Incineroar
|-immune|p1a: Incineroar
|
|upkeep
|turn|13
|
|switch|p2a: Rotom|Rotom-Mow|100/100
|move|p1a: Incineroar|Knock Off|p2a: Rotom
|-damage|p2a: Rotom|28/100
|-enditem|p2a: Rotom|Choice Scarf|[from] move: Knock Off|[of] p1a: Incineroar
|
|upkeep
|turn|14
|
|switch|p1a: Decidueye|Decidueye, F|14/100
|move|p2a: Rotom|Thunderbolt|p1a: Decidueye
|-resisted|p1a: Decidueye
|-damage|p1a: Decidueye|0 fnt
|faint|p1a: Decidueye
|
|upkeep
|
|switch|p1a: Toxtricity|Toxtricity, F|100/100
|turn|15
|
|move|p2a: Rotom|Trick|p1a: Toxtricity
|-activate|p2a: Rotom|move: Trick|[of] p1a: Toxtricity
|-enditem|p1a: Toxtricity|Throat Spray|[silent]|[from] move: Trick
|-item|p2a: Rotom|Throat Spray|[from] move: Trick
|move|p1a: Toxtricity|Shift Gear|p1a: Toxtricity
|-boost|p1a: Toxtricity|spe|2
|-boost|p1a: Toxtricity|atk|1
|
|upkeep
|turn|16
|
|switch|p2a: Bronzong|Bronzong|100/100
|move|p1a: Toxtricity|Boomburst|p2a: Bronzong
|-resisted|p2a: Bronzong
|-damage|p2a: Bronzong|79/100
|
|-heal|p2a: Bronzong|85/100|[from] item: Leftovers
|upkeep
|turn|17
|
|move|p1a: Toxtricity|Overdrive|p2a: Bronzong
|-damage|p2a: Bronzong|52/100
|move|p2a: Bronzong|Earthquake|p1a: Toxtricity
|-supereffective|p1a: Toxtricity
|-damage|p1a: Toxtricity|0 fnt
|faint|p1a: Toxtricity
|
|-heal|p2a: Bronzong|58/100|[from] item: Leftovers
|upkeep
|
|switch|p1a: Incineroar|Incineroar, F|56/100
|-ability|p1a: Incineroar|Intimidate|boost
|-unboost|p2a: Bronzong|atk|1
|turn|18
|
|move|p2a: Bronzong|Protect|p2a: Bronzong
|-singleturn|p2a: Bronzong|Protect
|move|p1a: Incineroar|Knock Off|p2a: Bronzong
|-activate|p2a: Bronzong|move: Protect
|
|-heal|p2a: Bronzong|64/100|[from] item: Leftovers
|upkeep
|turn|19
|
|move|p1a: Incineroar|Knock Off|p2a: Bronzong
|-supereffective|p2a: Bronzong
|-damage|p2a: Bronzong|0 fnt
|-enditem|p2a: Bronzong|Leftovers|[from] move: Knock Off|[of] p1a: Incineroar
|faint|p2a: Bronzong
|
|upkeep
|
|switch|p2a: Necrozma|Necrozma|56/100
|turn|20
|
|move|p2a: Necrozma|Earth Power|p1a: Incineroar
|-supereffective|p1a: Incineroar
|-damage|p1a: Incineroar|0 fnt
|faint|p1a: Incineroar
|
|upkeep
|
|switch|p1a: Rhyperior|Rhyperior, M|100/100
|turn|21
|
|move|p2a: Necrozma|Earth Power|p1a: Rhyperior
|-supereffective|p1a: Rhyperior
|-damage|p1a: Rhyperior|45/100
|move|p1a: Rhyperior|Earthquake|p2a: Necrozma
|-damage|p2a: Necrozma|11/100
|
|upkeep
|turn|22
|
|move|p2a: Necrozma|Earth Power|p1a: Rhyperior
|-supereffective|p1a: Rhyperior
|-damage|p1a: Rhyperior|0 fnt
|faint|p1a: Rhyperior
|
|win|big baz
|c|☆big baz|gg
|l|☆Upward Trend
|l| CrazyClown94
||Ladder (probably) updated, but score could not be retrieved (Response not received).
