|j|☆DQ Low Tier Legend
|j|☆pokemonisfun
|t:|1656963223
|gametype|singles
|player|p1|DQ Low Tier Legend|lucas|1511
|player|p2|pokemonisfun|#uutrio2ladder|1651
|teamsize|p1|6
|teamsize|p2|6
|gen|8
|tier|[Gen 8] UU
|rated|
|rule|Sleep Clause Mod: Limit one foe put to sleep
|rule|Species Clause: Limit one of each Pokémon
|rule|OHKO Clause: OHKO moves are banned
|rule|Evasion Moves Clause: Evasion moves are banned
|rule|Endless Battle Clause: Forcing endless battles is banned
|rule|HP Percentage Mod: HP is shown in percentages
|rule|Dynamax Clause: You cannot dynamax
|clearpoke
|poke|p1|Entei|
|poke|p1|Zygarde-10%|
|poke|p1|Hatterene, F|
|poke|p1|Tentacruel, F|
|poke|p1|Skarmory, F|
|poke|p1|Tangrowth, M|
|poke|p2|Slowbro-Galar, M|
|poke|p2|Tangrowth, M|
|poke|p2|Cobalion|
|poke|p2|Rotom-Wash|
|poke|p2|Hydreigon, M|
|poke|p2|Mamoswine, M|
|teampreview
|
|t:|1656963245
|start
|switch|p1a: Blue Tang|Tangrowth, M|100/100
|switch|p2a: tang his wang|Tangrowth, M|100/100
|turn|1
|
|t:|1656963261
|move|p2a: tang his wang|Knock Off|p1a: Blue Tang
|-damage|p1a: Blue Tang|83/100
|-enditem|p1a: Blue Tang|Assault Vest|[from] move: Knock Off|[of] p2a: tang his wang
|move|p1a: Blue Tang|Knock Off|p2a: tang his wang
|-damage|p2a: tang his wang|85/100
|-enditem|p2a: tang his wang|Assault Vest|[from] move: Knock Off|[of] p1a: Blue Tang
|
|upkeep
|turn|2
|
|t:|1656963281
|switch|p2a: hoard the sword|Cobalion|100/100
|move|p1a: Blue Tang|Poison Jab|p2a: hoard the sword
|-immune|p2a: hoard the sword
|
|upkeep
|turn|3
|
|t:|1656963290
|move|p2a: hoard the sword|Volt Switch|p1a: Blue Tang
|-resisted|p1a: Blue Tang
|-damage|p1a: Blue Tang|77/100
|
|t:|1656963293
|switch|p2a: tang his wang|Tangrowth, M|100/100|[from]move: Volt Switch
|move|p1a: Blue Tang|Earthquake|p2a: tang his wang
|-resisted|p2a: tang his wang
|-damage|p2a: tang his wang|92/100
|
|upkeep
|turn|4
|
|t:|1656963306
|move|p2a: tang his wang|Sludge Bomb|p1a: Blue Tang
|-supereffective|p1a: Blue Tang
|-damage|p1a: Blue Tang|41/100
|-status|p1a: Blue Tang|psn
|move|p1a: Blue Tang|Poison Jab|p2a: tang his wang
|-supereffective|p2a: tang his wang
|-damage|p2a: tang his wang|64/100
|
|-damage|p1a: Blue Tang|29/100 psn|[from] psn
|upkeep
|turn|5
|
|t:|1656963318
|switch|p1a: Hawfinch|Skarmory, F|100/100
|move|p2a: tang his wang|Knock Off|p1a: Hawfinch
|-damage|p1a: Hawfinch|88/100
|-damage|p2a: tang his wang|47/100|[from] item: Rocky Helmet|[of] p1a: Hawfinch
|-enditem|p1a: Hawfinch|Rocky Helmet|[from] move: Knock Off|[of] p2a: tang his wang
|
|upkeep
|turn|6
|
|t:|1656963337
|switch|p2a: wishy washy|Rotom-Wash|100/100
|move|p1a: Hawfinch|Spikes|p2a: wishy washy
|-sidestart|p2: pokemonisfun|Spikes
|
|upkeep
|turn|7
|
|t:|1656963344
|switch|p1a: Snoop|Zygarde-10%|100/100
|-ability|p1a: Snoop|Aura Break
|move|p2a: wishy washy|Defog|p1a: Snoop
|-unboost|p1a: Snoop|evasion|1
|-sideend|p2: pokemonisfun|Spikes|[from] move: Defog|[of] p2a: wishy washy
|
|upkeep
|turn|8
|
|t:|1656963356
|switch|p1a: Molly's Dad|Entei|100/100
|switch|p2a: tang his wang|Tangrowth, M|80/100
|
|upkeep
|turn|9
|
|t:|1656963364
|switch|p2a: wishy washy|Rotom-Wash|100/100
|move|p1a: Molly's Dad|Sacred Fire|p2a: wishy washy
|-resisted|p2a: wishy washy
|-damage|p2a: wishy washy|58/100
|
|-heal|p2a: wishy washy|64/100|[from] item: Leftovers
|upkeep
|turn|10
|
|t:|1656963382
|switch|p1a: Blue Tang|Tangrowth, M|62/100 psn
|move|p2a: wishy washy|Pain Split|p1a: Blue Tang
|-sethp|p1a: Blue Tang|55/100 psn|[from] move: Pain Split|[silent]
|-sethp|p2a: wishy washy|73/100|[from] move: Pain Split
|
|-heal|p2a: wishy washy|79/100|[from] item: Leftovers
|-damage|p1a: Blue Tang|43/100 psn|[from] psn
|upkeep
|turn|11
|
|t:|1656963392
|switch|p1a: Snoop|Zygarde-10%|100/100
|-ability|p1a: Snoop|Aura Break
|move|p2a: wishy washy|Volt Switch|p1a: Snoop
|-immune|p1a: Snoop
|
|-heal|p2a: wishy washy|86/100|[from] item: Leftovers
|upkeep
|turn|12
|
|t:|1656963395
|switch|p1a: Molly's Dad|Entei|100/100
|switch|p2a: tang his wang|Tangrowth, M|100/100
|
|upkeep
|turn|13
|
|t:|1656963402
|switch|p2a: wishy washy|Rotom-Wash|86/100
|move|p1a: Molly's Dad|Sacred Fire|p2a: wishy washy
|-resisted|p2a: wishy washy
|-damage|p2a: wishy washy|41/100
|
|-heal|p2a: wishy washy|47/100|[from] item: Leftovers
|upkeep
|turn|14
|
|t:|1656963412
|move|p1a: Molly's Dad|Sacred Fire|p2a: wishy washy
|-resisted|p2a: wishy washy
|-damage|p2a: wishy washy|7/100
|-status|p2a: wishy washy|brn
|move|p2a: wishy washy|Pain Split|p1a: Molly's Dad
|-sethp|p1a: Molly's Dad|53/100|[from] move: Pain Split|[silent]
|-sethp|p2a: wishy washy|65/100 brn|[from] move: Pain Split
|
|-heal|p2a: wishy washy|71/100 brn|[from] item: Leftovers
|-damage|p2a: wishy washy|65/100 brn|[from] brn
|upkeep
|turn|15
|
|t:|1656963422
|switch|p1a: Snoop|Zygarde-10%|100/100
|-ability|p1a: Snoop|Aura Break
|move|p2a: wishy washy|Volt Switch|p1a: Snoop
|-immune|p1a: Snoop
|
|-heal|p2a: wishy washy|71/100 brn|[from] item: Leftovers
|-damage|p2a: wishy washy|65/100 brn|[from] brn
|upkeep
|turn|16
|
|t:|1656963433
|switch|p2a: tang his wang|Tangrowth, M|100/100
|move|p1a: Snoop|Thousand Arrows|p2a: tang his wang
|-resisted|p2a: tang his wang
|-damage|p2a: tang his wang|80/100
|
|upkeep
|turn|17
|
|t:|1656963450
|switch|p1a: Hawfinch|Skarmory, F|88/100
|switch|p2a: snekky snek|Hydreigon, M|100/100
|
|upkeep
|turn|18
|
|t:|1656963462
|switch|p1a: Blue Tang|Tangrowth, M|76/100 psn
|move|p2a: snekky snek|Dark Pulse|p1a: Blue Tang
|-damage|p1a: Blue Tang|36/100 psn
|
|-damage|p1a: Blue Tang|23/100 psn|[from] psn
|upkeep
|turn|19
|
|t:|1656963474
|switch|p1a: Squidward|Tentacruel, F|100/100
|move|p2a: snekky snek|Dark Pulse|p1a: Squidward
|-damage|p1a: Squidward|69/100
|
|-heal|p1a: Squidward|75/100|[from] item: Black Sludge
|upkeep
|turn|20
|
|t:|1656963483
|switch|p2a: tang his wang|Tangrowth, M|100/100
|move|p1a: Squidward|Scald|p2a: tang his wang
|-resisted|p2a: tang his wang
|-damage|p2a: tang his wang|90/100
|
|-heal|p1a: Squidward|81/100|[from] item: Black Sludge
|upkeep
|turn|21
|
|t:|1656963491
|switch|p1a: Hawfinch|Skarmory, F|88/100
|move|p2a: tang his wang|Earthquake|p1a: Hawfinch
|-immune|p1a: Hawfinch
|
|upkeep
|turn|22
|
|t:|1656963508
|switch|p2a: wishy washy|Rotom-Wash|65/100 brn
|move|p1a: Hawfinch|Spikes|p2a: wishy washy
|-sidestart|p2: pokemonisfun|Spikes
|
|-heal|p2a: wishy washy|71/100 brn|[from] item: Leftovers
|-damage|p2a: wishy washy|65/100 brn|[from] brn
|upkeep
|turn|23
|
|t:|1656963528
|switch|p1a: Snoop|Zygarde-10%|100/100
|-ability|p1a: Snoop|Aura Break
|move|p2a: wishy washy|Defog|p1a: Snoop
|-unboost|p1a: Snoop|evasion|1
|-sideend|p2: pokemonisfun|Spikes|[from] move: Defog|[of] p2a: wishy washy
|
|-heal|p2a: wishy washy|71/100 brn|[from] item: Leftovers
|-damage|p2a: wishy washy|65/100 brn|[from] brn
|upkeep
|turn|24
|
|t:|1656963532
|switch|p1a: Molly's Dad|Entei|53/100
|switch|p2a: tang his wang|Tangrowth, M|100/100
|
|upkeep
|turn|25
|
|t:|1656963540
|switch|p2a: wishy washy|Rotom-Wash|65/100 brn
|move|p1a: Molly's Dad|Sacred Fire|p2a: wishy washy
|-resisted|p2a: wishy washy
|-damage|p2a: wishy washy|23/100 brn
|
|-heal|p2a: wishy washy|29/100 brn|[from] item: Leftovers
|-damage|p2a: wishy washy|23/100 brn|[from] brn
|upkeep
|turn|26
|
|t:|1656963560
|switch|p2a: pasty wasty|Slowbro-Galar, M|100/100
|move|p1a: Molly's Dad|Sacred Fire|p2a: pasty wasty
|-damage|p2a: pasty wasty|53/100
|-status|p2a: pasty wasty|brn
|
|-damage|p2a: pasty wasty|47/100 brn|[from] brn
|upkeep
|turn|27
|
|t:|1656963575
|switch|p2a: wishy washy|Rotom-Wash|23/100 brn
|move|p1a: Molly's Dad|Sacred Fire|p2a: wishy washy
|-resisted|p2a: wishy washy
|-damage|p2a: wishy washy|0 fnt
|faint|p2a: wishy washy
|
|upkeep
|
|t:|1656963581
|switch|p2a: snekky snek|Hydreigon, M|100/100
|turn|28
|
|t:|1656963591
|switch|p1a: Blue Tang|Tangrowth, M|56/100 psn
|move|p2a: snekky snek|Dark Pulse|p1a: Blue Tang
|-damage|p1a: Blue Tang|21/100 psn
|
|-damage|p1a: Blue Tang|8/100 psn|[from] psn
|upkeep
|turn|29
|
|t:|1656963596
|move|p2a: snekky snek|Dark Pulse|p1a: Blue Tang
|-damage|p1a: Blue Tang|0 fnt
|faint|p1a: Blue Tang
|
|upkeep
|
|t:|1656963604
|switch|p1a: Rogu|Hatterene, F|100/100
|turn|30
|
|t:|1656963610
|switch|p2a: tang his wang|Tangrowth, M|100/100
|move|p1a: Rogu|Psyshock|p2a: tang his wang
|-damage|p2a: tang his wang|76/100
|
|upkeep
|turn|31
|
|t:|1656963620
|switch|p1a: Hawfinch|Skarmory, F|88/100
|move|p2a: tang his wang|Knock Off|p1a: Hawfinch
|-damage|p1a: Hawfinch|80/100
|
|upkeep
|turn|32
|
|t:|1656963633
|switch|p2a: pasty wasty|Slowbro-Galar, M|80/100 brn
|move|p1a: Hawfinch|Spikes|p2a: pasty wasty
|-sidestart|p2: pokemonisfun|Spikes
|
|-damage|p2a: pasty wasty|74/100 brn|[from] brn
|upkeep
|turn|33
|
|t:|1656963639
|switch|p1a: Snoop|Zygarde-10%|100/100
|-ability|p1a: Snoop|Aura Break
|switch|p2a: snekky snek|Hydreigon, M|100/100
|
|upkeep
|turn|34
|
|t:|1656963648
|switch|p1a: Rogu|Hatterene, F|100/100
|move|p2a: snekky snek|U-turn|p1a: Rogu
|-damage|p1a: Rogu|88/100
|
|t:|1656963654
|switch|p2a: husky tusky|Mamoswine, M|100/100|[from]move: U-turn
|-damage|p2a: husky tusky|88/100|[from] Spikes
|
|-heal|p1a: Rogu|94/100|[from] item: Leftovers
|upkeep
|turn|35
|
|t:|1656963671
|move|p2a: husky tusky|Icicle Crash|p1a: Rogu
|-damage|p1a: Rogu|42/100
|-damage|p2a: husky tusky|78/100|[from] item: Life Orb
|move|p1a: Rogu|Giga Drain|p2a: husky tusky
|-supereffective|p2a: husky tusky
|-damage|p2a: husky tusky|10/100
|-heal|p1a: Rogu|80/100|[from] drain|[of] p2a: husky tusky
|
|-heal|p1a: Rogu|86/100|[from] item: Leftovers
|upkeep
|turn|36
|
|t:|1656963684
|switch|p1a: Hawfinch|Skarmory, F|80/100
|move|p2a: husky tusky|Icicle Crash|p1a: Hawfinch
|-damage|p1a: Hawfinch|44/100
|-damage|p2a: husky tusky|0 fnt|[from] item: Life Orb
|faint|p2a: husky tusky
|
|upkeep
|
|t:|1656963690
|switch|p2a: snekky snek|Hydreigon, M|100/100
|turn|37
|
|t:|1656963719
|move|p2a: snekky snek|Dark Pulse|p1a: Hawfinch
|-damage|p1a: Hawfinch|0 fnt
|faint|p1a: Hawfinch
|
|upkeep
|
|t:|1656963730
|switch|p1a: Snoop|Zygarde-10%|100/100
|-ability|p1a: Snoop|Aura Break
|turn|38
|
|t:|1656963735
|switch|p2a: hoard the sword|Cobalion|100/100
|-damage|p2a: hoard the sword|88/100|[from] Spikes
|switch|p1a: Molly's Dad|Entei|53/100
|
|upkeep
|turn|39
|
|t:|1656963793
|move|p2a: hoard the sword|Close Combat|p1a: Molly's Dad
|-damage|p1a: Molly's Dad|4/100
|-unboost|p2a: hoard the sword|def|1
|-unboost|p2a: hoard the sword|spd|1
|move|p1a: Molly's Dad|Sacred Fire|p2a: hoard the sword
|-supereffective|p2a: hoard the sword
|-damage|p2a: hoard the sword|0 fnt
|faint|p2a: hoard the sword
|
|upkeep
|
|t:|1656963801
|switch|p2a: snekky snek|Hydreigon, M|100/100
|turn|40
|
|t:|1656963813
|switch|p1a: Rogu|Hatterene, F|86/100
|move|p2a: snekky snek|Dark Pulse|p1a: Rogu
|-damage|p1a: Rogu|46/100
|
|-heal|p1a: Rogu|52/100|[from] item: Leftovers
|upkeep
|turn|41
|
|t:|1656963824
|switch|p2a: tang his wang|Tangrowth, M|100/100
|-damage|p2a: tang his wang|88/100|[from] Spikes
|move|p1a: Rogu|Draining Kiss|p2a: tang his wang
|-damage|p2a: tang his wang|69/100
|-heal|p1a: Rogu|70/100|[from] drain|[of] p2a: tang his wang
|
|-heal|p1a: Rogu|76/100|[from] item: Leftovers
|upkeep
|turn|42
|inactive|Battle timer is ON: inactive players will automatically lose when time's up. (requested by DQ Low Tier Legend)
|
|t:|1656963844
|switch|p1a: Squidward|Tentacruel, F|81/100
|move|p2a: tang his wang|Knock Off|p1a: Squidward
|-damage|p1a: Squidward|55/100
|-enditem|p1a: Squidward|Black Sludge|[from] move: Knock Off|[of] p2a: tang his wang
|
|upkeep
|turn|43
|
|t:|1656963856
|switch|p1a: Snoop|Zygarde-10%|100/100
|-ability|p1a: Snoop|Aura Break
|move|p2a: tang his wang|Earthquake|p1a: Snoop
|-damage|p1a: Snoop|61/100
|
|upkeep
|turn|44
|
|t:|1656963878
|move|p1a: Snoop|Outrage|p2a: tang his wang
|-damage|p2a: tang his wang|12/100
|move|p2a: tang his wang|Power Whip|p1a: Snoop
|-damage|p1a: Snoop|0 fnt
|faint|p1a: Snoop
|
|upkeep
|
|t:|1656963888
|switch|p1a: Squidward|Tentacruel, F|55/100
|turn|45
|
|t:|1656963900
|move|p1a: Squidward|Scald|p2a: tang his wang
|-resisted|p2a: tang his wang
|-damage|p2a: tang his wang|1/100
|move|p2a: tang his wang|Earthquake|p1a: Squidward
|-supereffective|p1a: Squidward
|-damage|p1a: Squidward|4/100
|
|upkeep
|turn|46
|
|t:|1656963911
|move|p1a: Squidward|Scald|p2a: tang his wang
|-resisted|p2a: tang his wang
|-damage|p2a: tang his wang|0 fnt
|faint|p2a: tang his wang
|
|upkeep
|
|t:|1656963922
|switch|p2a: pasty wasty|Slowbro-Galar, M|100/100 brn
|-damage|p2a: pasty wasty|88/100 brn|[from] Spikes
|turn|47
|
|t:|1656963929
|move|p1a: Squidward|Scald|p2a: pasty wasty
|-damage|p2a: pasty wasty|61/100 brn
|move|p2a: pasty wasty|Calm Mind|p2a: pasty wasty
|-boost|p2a: pasty wasty|spa|1
|-boost|p2a: pasty wasty|spd|1
|
|-damage|p2a: pasty wasty|55/100 brn|[from] brn
|upkeep
|turn|48
|
|t:|1656963932
|move|p1a: Squidward|Haze|p1a: Squidward
|-clearallboost
|move|p2a: pasty wasty|Slack Off|p2a: pasty wasty
|-heal|p2a: pasty wasty|100/100 brn
|
|-damage|p2a: pasty wasty|94/100 brn|[from] brn
|upkeep
|turn|49
|
|t:|1656963936
|move|p1a: Squidward|Scald|p2a: pasty wasty
|-damage|p2a: pasty wasty|70/100 brn
|move|p2a: pasty wasty|Calm Mind|p2a: pasty wasty
|-boost|p2a: pasty wasty|spa|1
|-boost|p2a: pasty wasty|spd|1
|
|-damage|p2a: pasty wasty|64/100 brn|[from] brn
|upkeep
|turn|50
|
|t:|1656963941
|move|p1a: Squidward|Haze|p1a: Squidward
|-clearallboost
|move|p2a: pasty wasty|Slack Off|p2a: pasty wasty
|-heal|p2a: pasty wasty|100/100 brn
|
|-damage|p2a: pasty wasty|94/100 brn|[from] brn
|upkeep
|turn|51
|
|t:|1656963946
|move|p1a: Squidward|Scald|p2a: pasty wasty
|-damage|p2a: pasty wasty|68/100 brn
|move|p2a: pasty wasty|Calm Mind|p2a: pasty wasty
|-boost|p2a: pasty wasty|spa|1
|-boost|p2a: pasty wasty|spd|1
|
|-damage|p2a: pasty wasty|61/100 brn|[from] brn
|upkeep
|turn|52
|
|t:|1656963950
|move|p1a: Squidward|Haze|p1a: Squidward
|-clearallboost
|move|p2a: pasty wasty|Slack Off|p2a: pasty wasty
|-heal|p2a: pasty wasty|100/100 brn
|
|-damage|p2a: pasty wasty|94/100 brn|[from] brn
|upkeep
|turn|53
|
|t:|1656963953
|move|p1a: Squidward|Scald|p2a: pasty wasty
|-damage|p2a: pasty wasty|67/100 brn
|move|p2a: pasty wasty|Calm Mind|p2a: pasty wasty
|-boost|p2a: pasty wasty|spa|1
|-boost|p2a: pasty wasty|spd|1
|
|-damage|p2a: pasty wasty|61/100 brn|[from] brn
|upkeep
|turn|54
|
|t:|1656963957
|move|p1a: Squidward|Haze|p1a: Squidward
|-clearallboost
|move|p2a: pasty wasty|Slack Off|p2a: pasty wasty
|-heal|p2a: pasty wasty|100/100 brn
|
|-damage|p2a: pasty wasty|94/100 brn|[from] brn
|upkeep
|turn|55
|
|t:|1656963960
|move|p1a: Squidward|Scald|p2a: pasty wasty
|-damage|p2a: pasty wasty|69/100 brn
|move|p2a: pasty wasty|Calm Mind|p2a: pasty wasty
|-boost|p2a: pasty wasty|spa|1
|-boost|p2a: pasty wasty|spd|1
|
|-damage|p2a: pasty wasty|62/100 brn|[from] brn
|upkeep
|turn|56
|
|t:|1656963963
|switch|p2a: snekky snek|Hydreigon, M|100/100
|move|p1a: Squidward|Haze|p1a: Squidward
|-clearallboost
|
|upkeep
|turn|57
|j| rambovic
|
|t:|1656963975
|move|p2a: snekky snek|U-turn|p1a: Squidward
|-resisted|p1a: Squidward
|-damage|p1a: Squidward|0 fnt
|faint|p1a: Squidward
|
|t:|1656963978
|switch|p2a: pasty wasty|Slowbro-Galar, M|96/100 brn|[from]move: U-turn
|-damage|p2a: pasty wasty|83/100 brn|[from] Spikes
|
|-damage|p2a: pasty wasty|77/100 brn|[from] brn
|upkeep
|
|t:|1656963990
|switch|p1a: Molly's Dad|Entei|4/100
|turn|58
|
|t:|1656963993
|switch|p2a: snekky snek|Hydreigon, M|100/100
|move|p1a: Molly's Dad|Flare Blitz|p2a: snekky snek
|-resisted|p2a: snekky snek
|-damage|p2a: snekky snek|43/100
|-damage|p1a: Molly's Dad|0 fnt|[from] Recoil
|faint|p1a: Molly's Dad
|
|upkeep
|
|t:|1656963996
|switch|p1a: Rogu|Hatterene, F|76/100
|turn|59
|
|t:|1656964005
|move|p2a: snekky snek|Dark Pulse|p1a: Rogu
|-damage|p1a: Rogu|35/100
|move|p1a: Rogu|Calm Mind|p1a: Rogu
|-boost|p1a: Rogu|spa|1
|-boost|p1a: Rogu|spd|1
|
|-heal|p1a: Rogu|41/100|[from] item: Leftovers
|upkeep
|turn|60
|
|t:|1656964017
|move|p2a: snekky snek|Dark Pulse|p1a: Rogu
|-damage|p1a: Rogu|14/100
|move|p1a: Rogu|Draining Kiss|p2a: snekky snek
|-supereffective|p2a: snekky snek
|-damage|p2a: snekky snek|0 fnt
|-heal|p1a: Rogu|46/100|[from] drain|[of] p2a: snekky snek
|faint|p2a: snekky snek
|
|-heal|p1a: Rogu|52/100|[from] item: Leftovers
|upkeep
|
|t:|1656964020
|switch|p2a: pasty wasty|Slowbro-Galar, M|100/100 brn
|-damage|p2a: pasty wasty|88/100 brn|[from] Spikes
|turn|61
|
|t:|1656964024
|move|p2a: pasty wasty|Sludge Bomb|p1a: Rogu
|-supereffective|p1a: Rogu
|-damage|p1a: Rogu|5/100
|move|p1a: Rogu|Calm Mind|p1a: Rogu
|-boost|p1a: Rogu|spa|1
|-boost|p1a: Rogu|spd|1
|
|-heal|p1a: Rogu|11/100|[from] item: Leftovers
|-damage|p2a: pasty wasty|82/100 brn|[from] brn
|upkeep
|turn|62
|
|t:|1656964031
|move|p2a: pasty wasty|Sludge Bomb|p1a: Rogu
|-supereffective|p1a: Rogu
|-damage|p1a: Rogu|0 fnt
|faint|p1a: Rogu
|
|win|pokemonisfun
|raw|DQ Low Tier Legend's rating: 1540 &rarr; <strong>1526</strong><br />(-14 for losing)
|raw|pokemonisfun's rating: 1651 &rarr; <strong>1665</strong><br />(+14 for winning)
|c|☆pokemonisfun|gg
|l|☆DQ Low Tier Legend
