|j|☆fliptheflop
|j|☆PlasticPinnochio
|t:|1662995204
|gametype|singles
|player|p1|fliptheflop|clair|1204
|player|p2|PlasticPinnochio|policeman-gen4|1299
|teamsize|p1|6
|teamsize|p2|6
|gen|8
|tier|[Gen 8] UU
|rated|
|rule|Sleep Clause Mod: Limit one foe put to sleep
|rule|Species Clause: Limit one of each Pokémon
|rule|OHKO Clause: OHKO moves are banned
|rule|Evasion Items Clause: Evasion items are banned
|rule|Evasion Moves Clause: Evasion moves are banned
|rule|Endless Battle Clause: Forcing endless battles is banned
|rule|HP Percentage Mod: HP is shown in percentages
|rule|Dynamax Clause: You cannot dynamax
|clearpoke
|poke|p1|Excadrill, F|
|poke|p1|Azumarill, F|
|poke|p1|Zygarde-10%|
|poke|p1|Lycanroc-Dusk, M|
|poke|p1|Salamence, M|
|poke|p1|Rotom-Heat|
|poke|p2|Raikou|
|poke|p2|Diggersby, M|
|poke|p2|Salamence, F|
|poke|p2|Nidoqueen, F|
|poke|p2|Tangrowth, F|
|poke|p2|Scizor, M|
|teampreview
|inactive|Battle timer is ON: inactive players will automatically lose when time's up. (requested by fliptheflop)
|
|t:|1662995217
|start
|switch|p1a: Excadrill|Excadrill, F|100/100
|switch|p2a: Diggersby|Diggersby, M|100/100
|-ability|p1a: Excadrill|Mold Breaker
|turn|1
|
|t:|1662995224
|move|p2a: Diggersby|Earthquake|p1a: Excadrill
|-supereffective|p1a: Excadrill
|-crit|p1a: Excadrill
|-enditem|p1a: Excadrill|Focus Sash
|-damage|p1a: Excadrill|1/100
|move|p1a: Excadrill|Earthquake|p2a: Diggersby
|-damage|p2a: Diggersby|29/100
|
|upkeep
|turn|2
|
|t:|1662995239
|switch|p2a: Salamence|Salamence, F|100/100
|-ability|p2a: Salamence|Intimidate|boost
|-unboost|p1a: Excadrill|atk|1
|switch|p1a: Salamence|Salamence, M|100/100
|-ability|p1a: Salamence|Intimidate|boost
|-unboost|p2a: Salamence|atk|1
|
|upkeep
|turn|3
|
|t:|1662995245
|move|p2a: Salamence|Hurricane|p1a: Salamence
|-damage|p1a: Salamence|37/100
|-start|p1a: Salamence|confusion
|-activate|p1a: Salamence|confusion
|-damage|p1a: Salamence|25/100|[from] confusion
|
|upkeep
|turn|4
|c|☆fliptheflop|lel
|
|t:|1662995254
|switch|p1a: Rotom|Rotom-Heat|100/100
|switch|p2a: Scizor|Scizor, M|100/100
|
|upkeep
|turn|5
|
|t:|1662995261
|switch|p2a: Salamence|Salamence, F|100/100
|-ability|p2a: Salamence|Intimidate|boost
|-unboost|p1a: Rotom|atk|1
|move|p1a: Rotom|Overheat|p2a: Salamence
|-resisted|p2a: Salamence
|-damage|p2a: Salamence|69/100
|-unboost|p1a: Rotom|spa|2
|
|upkeep
|turn|6
|
|t:|1662995265
|switch|p2a: Nidoqueen|Nidoqueen, F|100/100
|move|p1a: Rotom|Discharge|p2a: Nidoqueen
|-immune|p2a: Nidoqueen
|
|upkeep
|turn|7
|
|t:|1662995270
|switch|p1a: Excadrill|Excadrill, F|1/100
|-ability|p1a: Excadrill|Mold Breaker
|move|p2a: Nidoqueen|Stealth Rock|p1a: Excadrill
|-sidestart|p1: fliptheflop|move: Stealth Rock
|
|upkeep
|turn|8
|
|t:|1662995276
|move|p1a: Excadrill|Stealth Rock|p2a: Nidoqueen
|-sidestart|p2: PlasticPinnochio|move: Stealth Rock
|move|p2a: Nidoqueen|Sludge Wave|p1a: Excadrill
|-immune|p1a: Excadrill
|
|upkeep
|turn|9
|
|t:|1662995281
|switch|p2a: Scizor|Scizor, M|100/100
|move|p1a: Excadrill|Rapid Spin|p2a: Scizor
|-resisted|p2a: Scizor
|-damage|p2a: Scizor|92/100
|-boost|p1a: Excadrill|spe|1
|-sideend|p1: fliptheflop|Stealth Rock|[from] move: Rapid Spin|[of] p1a: Excadrill
|
|upkeep
|turn|10
|
|t:|1662995284
|move|p2a: Scizor|Bullet Punch|p1a: Excadrill
|-resisted|p1a: Excadrill
|-damage|p1a: Excadrill|0 fnt
|faint|p1a: Excadrill
|
|upkeep
|
|t:|1662995286
|switch|p1a: Rotom|Rotom-Heat|100/100
|turn|11
|
|t:|1662995301
|switch|p2a: Raikou|Raikou|100/100
|move|p1a: Rotom|Nasty Plot|p1a: Rotom
|-boost|p1a: Rotom|spa|2
|
|upkeep
|turn|12
|
|t:|1662995305
|move|p2a: Raikou|Scald|p1a: Rotom
|-supereffective|p1a: Rotom
|-damage|p1a: Rotom|36/100
|move|p1a: Rotom|Overheat|p2a: Raikou
|-damage|p2a: Raikou|0 fnt
|-unboost|p1a: Rotom|spa|2
|faint|p2a: Raikou
|
|upkeep
|
|t:|1662995311
|switch|p2a: Salamence|Salamence, F|69/100
|-ability|p2a: Salamence|Intimidate|boost
|-unboost|p1a: Rotom|atk|1
|turn|13
|
|t:|1662995318
|move|p2a: Salamence|Defog|p1a: Rotom
|-unboost|p1a: Rotom|evasion|1
|-sideend|p2: PlasticPinnochio|Stealth Rock|[from] move: Defog|[of] p2a: Salamence
|move|p1a: Rotom|Discharge|p2a: Salamence
|-damage|p2a: Salamence|30/100
|-status|p2a: Salamence|par
|
|upkeep
|turn|14
|
|t:|1662995333
|switch|p1a: Salamence|Salamence, M|25/100
|-ability|p1a: Salamence|Intimidate|boost
|-unboost|p2a: Salamence|atk|1
|move|p2a: Salamence|Roost|p2a: Salamence
|-heal|p2a: Salamence|80/100 par
|-singleturn|p2a: Salamence|move: Roost
|
|upkeep
|turn|15
|
|t:|1662995341
|move|p1a: Salamence|Draco Meteor|p2a: Salamence
|-supereffective|p2a: Salamence
|-damage|p2a: Salamence|0 fnt
|-unboost|p1a: Salamence|spa|2
|faint|p2a: Salamence
|-damage|p1a: Salamence|15/100|[from] item: Life Orb
|
|upkeep
|
|t:|1662995350
|switch|p2a: Diggersby|Diggersby, M|29/100
|turn|16
|
|t:|1662995352
|move|p2a: Diggersby|Body Slam|p1a: Salamence
|-damage|p1a: Salamence|0 fnt
|faint|p1a: Salamence
|
|upkeep
|
|t:|1662995354
|switch|p1a: Azumarill|Azumarill, F|100/100
|turn|17
|
|t:|1662995357
|move|p1a: Azumarill|Aqua Jet|p2a: Diggersby
|-supereffective|p2a: Diggersby
|-damage|p2a: Diggersby|0 fnt
|faint|p2a: Diggersby
|
|upkeep
|
|t:|1662995360
|switch|p2a: Tangrowth|Tangrowth, F|100/100
|turn|18
|
|t:|1662995363
|move|p1a: Azumarill|Knock Off|p2a: Tangrowth
|-damage|p2a: Tangrowth|76/100
|-enditem|p2a: Tangrowth|Assault Vest|[from] move: Knock Off|[of] p1a: Azumarill
|move|p2a: Tangrowth|Sludge Bomb|p1a: Azumarill
|-supereffective|p1a: Azumarill
|-damage|p1a: Azumarill|43/100
|-enditem|p1a: Azumarill|Sitrus Berry|[eat]
|-heal|p1a: Azumarill|68/100|[from] item: Sitrus Berry
|
|upkeep
|turn|19
|
|t:|1662995369
|move|p1a: Azumarill|Play Rough|p2a: Tangrowth
|-damage|p2a: Tangrowth|45/100
|move|p2a: Tangrowth|Sludge Bomb|p1a: Azumarill
|-supereffective|p1a: Azumarill
|-damage|p1a: Azumarill|15/100
|
|upkeep
|turn|20
|
|t:|1662995374
|switch|p2a: Nidoqueen|Nidoqueen, F|100/100
|move|p1a: Azumarill|Play Rough|p2a: Nidoqueen
|-resisted|p2a: Nidoqueen
|-damage|p2a: Nidoqueen|72/100
|
|upkeep
|turn|21
|
|t:|1662995380
|switch|p2a: Scizor|Scizor, M|92/100
|move|p1a: Azumarill|Knock Off|p2a: Scizor
|-damage|p2a: Scizor|50/100
|-enditem|p2a: Scizor|Heavy-Duty Boots|[from] move: Knock Off|[of] p1a: Azumarill
|
|upkeep
|turn|22
|
|t:|1662995384
|move|p1a: Azumarill|Aqua Jet|p2a: Scizor
|-damage|p2a: Scizor|25/100
|move|p2a: Scizor|Bullet Punch|p1a: Azumarill
|-damage|p1a: Azumarill|0 fnt
|faint|p1a: Azumarill
|
|upkeep
|
|t:|1662995390
|switch|p1a: Lycanroc|Lycanroc-Dusk, M|100/100
|turn|23
|
|t:|1662995395
|move|p1a: Lycanroc|Accelerock|p2a: Scizor
|-damage|p2a: Scizor|0 fnt
|faint|p2a: Scizor
|-damage|p1a: Lycanroc|91/100|[from] item: Life Orb
|
|upkeep
|
|t:|1662995400
|switch|p2a: Tangrowth|Tangrowth, F|78/100
|turn|24
|inactive|PlasticPinnochio has 120 seconds left.
|
|t:|1662995452
|move|p1a: Lycanroc|Psychic Fangs|p2a: Tangrowth
|-damage|p2a: Tangrowth|49/100
|-damage|p1a: Lycanroc|81/100|[from] item: Life Orb
|move|p2a: Tangrowth|Sludge Bomb|p1a: Lycanroc
|-resisted|p1a: Lycanroc
|-damage|p1a: Lycanroc|63/100
|
|upkeep
|turn|25
|
|t:|1662995458
|move|p1a: Lycanroc|Swords Dance|p1a: Lycanroc
|-boost|p1a: Lycanroc|atk|2
|move|p2a: Tangrowth|Power Whip|p1a: Lycanroc
|-supereffective|p1a: Lycanroc
|-damage|p1a: Lycanroc|0 fnt
|faint|p1a: Lycanroc
|
|upkeep
|
|t:|1662995461
|switch|p1a: Rotom|Rotom-Heat|36/100
|turn|26
|
|t:|1662995466
|switch|p2a: Nidoqueen|Nidoqueen, F|72/100
|move|p1a: Rotom|Overheat|p2a: Nidoqueen
|-damage|p2a: Nidoqueen|18/100
|-unboost|p1a: Rotom|spa|2
|
|upkeep
|turn|27
|
|t:|1662995473
|move|p1a: Rotom|Overheat|p2a: Nidoqueen
|-damage|p2a: Nidoqueen|0 fnt
|-unboost|p1a: Rotom|spa|2
|faint|p2a: Nidoqueen
|
|upkeep
|
|t:|1662995475
|switch|p2a: Tangrowth|Tangrowth, F|82/100
|turn|28
|
|t:|1662995480
|switch|p1a: Zygarde|Zygarde-10%, shiny|100/100
|-ability|p1a: Zygarde|Aura Break
|move|p2a: Tangrowth|Sludge Bomb|p1a: Zygarde
|-resisted|p1a: Zygarde
|-damage|p1a: Zygarde|84/100
|
|upkeep
|turn|29
|
|t:|1662995485
|move|p1a: Zygarde|Outrage|p2a: Tangrowth
|-damage|p2a: Tangrowth|39/100
|move|p2a: Tangrowth|Sludge Bomb|p1a: Zygarde
|-resisted|p1a: Zygarde
|-damage|p1a: Zygarde|66/100
|
|upkeep
|turn|30
|-message|PlasticPinnochio forfeited.
|
|win|fliptheflop
|raw|fliptheflop's rating: 1204 &rarr; <strong>1236</strong><br />(+32 for winning)
|raw|PlasticPinnochio's rating: 1299 &rarr; <strong>1267</strong><br />(-32 for losing)
|l|☆PlasticPinnochio
