|raw|<div class="broadcast-blue"><strong>This battle is required to be public due to a player having a name starting with 'uult91w'.</div>
|j|☆UULT91w TT
|j|☆UULT91wdragonitenb
|t:|1652059868
|gametype|singles
|player|p1|UULT91w TT|cynthia|1582
|player|p2|UULT91wdragonitenb|ethan|1599
|teamsize|p1|6
|teamsize|p2|6
|gen|8
|tier|[Gen 8] UU
|rated|
|rule|Sleep Clause Mod: Limit one foe put to sleep
|rule|Species Clause: Limit one of each Pokémon
|rule|OHKO Clause: OHKO moves are banned
|rule|Evasion Moves Clause: Evasion moves are banned
|rule|Endless Battle Clause: Forcing endless battles is banned
|rule|HP Percentage Mod: HP is shown in percentages
|rule|Dynamax Clause: You cannot dynamax
|clearpoke
|poke|p1|Hippowdon, M|
|poke|p1|Skarmory, M|
|poke|p1|Azumarill, M|
|poke|p1|Hydreigon, M|
|poke|p1|Tentacruel, M|
|poke|p1|Scizor, M|
|poke|p2|Excadrill, M|
|poke|p2|Cobalion|
|poke|p2|Aegislash, M|
|poke|p2|Celesteela|
|poke|p2|Slowbro-Galar, F|
|poke|p2|Gyarados, M|
|teampreview
|j| youke
|inactive|Battle timer is ON: inactive players will automatically lose when time's up. (requested by UULT91w TT)
|
|t:|1652059892
|start
|switch|p1a: Hippowdon|Hippowdon, M, shiny|100/100
|switch|p2a: Excadrill|Excadrill, M|100/100
|-ability|p2a: Excadrill|Mold Breaker
|-weather|Sandstorm|[from] ability: Sand Stream|[of] p1a: Hippowdon
|turn|1
|inactive|UULT91w TT has 120 seconds left.
|
|t:|1652059925
|move|p2a: Excadrill|Stealth Rock|p1a: Hippowdon
|-sidestart|p1: UULT91w TT|move: Stealth Rock
|move|p1a: Hippowdon|Earthquake|p2a: Excadrill
|-supereffective|p2a: Excadrill
|-enditem|p2a: Excadrill|Focus Sash
|-damage|p2a: Excadrill|1/100
|
|-weather|Sandstorm|[upkeep]
|upkeep
|turn|2
|j| Metallica126
|inactive|UULT91w TT has 120 seconds left.
|inactive|UULT91wdragonitenb has 120 seconds left.
|
|t:|1652059966
|switch|p2a: Aegislash|Aegislash, M|100/100
|-item|p2a: Aegislash|Air Balloon
|move|p1a: Hippowdon|Earthquake|p2a: Aegislash
|-immune|p2a: Aegislash
|
|-weather|Sandstorm|[upkeep]
|upkeep
|turn|3
|inactive|UULT91w TT has 120 seconds left.
|
|t:|1652059977
|move|p2a: Aegislash|Swords Dance|p2a: Aegislash
|-boost|p2a: Aegislash|atk|2
|move|p1a: Hippowdon|Fire Fang|p2a: Aegislash
|-supereffective|p2a: Aegislash
|-damage|p2a: Aegislash|66/100
|-enditem|p2a: Aegislash|Air Balloon
|
|-weather|Sandstorm|[upkeep]
|upkeep
|turn|4
|inactive|UULT91wdragonitenb has 120 seconds left.
|
|t:|1652059994
|move|p2a: Aegislash|Swords Dance|p2a: Aegislash
|-boost|p2a: Aegislash|atk|2
|move|p1a: Hippowdon|Stealth Rock|p2a: Aegislash
|-sidestart|p2: UULT91wdragonitenb|move: Stealth Rock
|
|-weather|Sandstorm|[upkeep]
|upkeep
|turn|5
|
|t:|1652059997
|move|p2a: Aegislash|Swords Dance|p2a: Aegislash
|-boost|p2a: Aegislash|atk|2
|move|p1a: Hippowdon|Earthquake|p2a: Aegislash
|-supereffective|p2a: Aegislash
|-damage|p2a: Aegislash|0 fnt
|faint|p2a: Aegislash
|
|-weather|none
|upkeep
|inactive|UULT91wdragonitenb has 120 seconds left.
|
|t:|1652060014
|switch|p2a: Cobalion|Cobalion|100/100
|-damage|p2a: Cobalion|97/100|[from] Stealth Rock
|turn|6
|
|t:|1652060018
|move|p2a: Cobalion|Swords Dance|p2a: Cobalion
|-boost|p2a: Cobalion|atk|2
|move|p1a: Hippowdon|Earthquake|p2a: Cobalion
|-supereffective|p2a: Cobalion
|-enditem|p2a: Cobalion|Shuca Berry|[eat]
|-enditem|p2a: Cobalion|Shuca Berry|[weaken]
|-damage|p2a: Cobalion|67/100
|
|upkeep
|turn|7
|
|t:|1652060023
|move|p2a: Cobalion|Swords Dance|p2a: Cobalion
|-boost|p2a: Cobalion|atk|2
|move|p1a: Hippowdon|Earthquake|p2a: Cobalion
|-supereffective|p2a: Cobalion
|-damage|p2a: Cobalion|0 fnt
|faint|p2a: Cobalion
|
|upkeep
|
|t:|1652060028
|switch|p2a: Gyarados|Gyarados, M|100/100
|-damage|p2a: Gyarados|76/100|[from] Stealth Rock
|turn|8
|
|t:|1652060034
|switch|p1a: Hydreigon|Hydreigon, M, shiny|100/100
|-damage|p1a: Hydreigon|88/100|[from] Stealth Rock
|move|p2a: Gyarados|Dragon Dance|p2a: Gyarados
|-boost|p2a: Gyarados|atk|1
|-boost|p2a: Gyarados|spe|1
|
|upkeep
|turn|9
|
|t:|1652060040
|move|p1a: Hydreigon|Dark Pulse|p2a: Gyarados
|-crit|p2a: Gyarados
|-damage|p2a: Gyarados|17/100
|move|p2a: Gyarados|Bounce||[still]
|-prepare|p2a: Gyarados|Bounce
|-enditem|p2a: Gyarados|Power Herb
|-anim|p2a: Gyarados|Bounce|p1a: Hydreigon
|-damage|p1a: Hydreigon|4/100
|
|upkeep
|turn|10
|
|t:|1652060046
|move|p1a: Hydreigon|Dark Pulse|p2a: Gyarados
|-damage|p2a: Gyarados|0 fnt
|faint|p2a: Gyarados
|
|upkeep
|
|t:|1652060049
|switch|p2a: Celesteela|Celesteela|100/100
|-damage|p2a: Celesteela|88/100|[from] Stealth Rock
|turn|11
|
|t:|1652060053
|move|p1a: Hydreigon|Dark Pulse|p2a: Celesteela
|-damage|p2a: Celesteela|47/100
|move|p2a: Celesteela|Air Slash|p1a: Hydreigon
|-damage|p1a: Hydreigon|0 fnt
|faint|p1a: Hydreigon
|-ability|p2a: Celesteela|Beast Boost|boost
|-boost|p2a: Celesteela|spa|1
|
|upkeep
|
|t:|1652060063
|switch|p1a: Hippowdon|Hippowdon, M, shiny|100/100
|-damage|p1a: Hippowdon|94/100|[from] Stealth Rock
|-weather|Sandstorm|[from] ability: Sand Stream|[of] p1a: Hippowdon
|turn|12
|
|t:|1652060066
|move|p2a: Celesteela|Air Slash|p1a: Hippowdon
|-damage|p1a: Hippowdon|57/100
|move|p1a: Hippowdon|Fire Fang|p2a: Celesteela
|-supereffective|p2a: Celesteela
|-damage|p2a: Celesteela|16/100
|
|-weather|Sandstorm|[upkeep]
|-heal|p1a: Hippowdon|63/100|[from] item: Leftovers
|upkeep
|turn|13
|
|t:|1652060091
|move|p2a: Celesteela|Air Slash|p1a: Hippowdon
|-damage|p1a: Hippowdon|24/100
|move|p1a: Hippowdon|Fire Fang|p2a: Celesteela
|-supereffective|p2a: Celesteela
|-damage|p2a: Celesteela|0 fnt
|faint|p2a: Celesteela
|
|-weather|Sandstorm|[upkeep]
|-heal|p1a: Hippowdon|30/100|[from] item: Leftovers
|upkeep
|
|t:|1652060097
|switch|p2a: Slowbro|Slowbro-Galar, F|100/100
|-damage|p2a: Slowbro|88/100|[from] Stealth Rock
|turn|14
|
|t:|1652060099
|move|p1a: Hippowdon|Earthquake|p2a: Slowbro
|-supereffective|p2a: Slowbro
|-damage|p2a: Slowbro|23/100
|move|p2a: Slowbro|Nasty Plot|p2a: Slowbro
|-boost|p2a: Slowbro|spa|2
|
|-weather|Sandstorm|[upkeep]
|-damage|p2a: Slowbro|16/100|[from] Sandstorm
|-heal|p1a: Hippowdon|36/100|[from] item: Leftovers
|upkeep
|turn|15
|
|t:|1652060101
|move|p1a: Hippowdon|Earthquake|p2a: Slowbro
|-supereffective|p2a: Slowbro
|-damage|p2a: Slowbro|0 fnt
|faint|p2a: Slowbro
|
|-weather|Sandstorm|[upkeep]
|-heal|p1a: Hippowdon|42/100|[from] item: Leftovers
|upkeep
|-message|UULT91wdragonitenb forfeited.
|
|win|UULT91w TT
|raw|UULT91w TT's rating: 1566 &rarr; <strong>1588</strong><br />(+22 for winning)
|raw|UULT91wdragonitenb's rating: 1599 &rarr; <strong>1577</strong><br />(-22 for losing)
|l|☆UULT91wdragonitenb
|l| youke
||Ladder isn't responding, score probably updated but might not have (Request timeout).
