|j|☆Yves Stone
|j|☆Randomuser04
|t:|1602970121
|player|p1|Yves Stone|steven|
|player|p2|Randomuser04|acetrainer-gen4dp|
|teamsize|p1|6
|teamsize|p2|6
|gametype|singles
|gen|8
|tier|[Gen 8] UU
|rated|Tournament battle
|clearpoke
|poke|p1|Swampert, M|
|poke|p1|Moltres|
|poke|p1|Toxtricity, F|
|poke|p1|Cobalion|
|poke|p1|Krookodile, F|
|poke|p1|Tsareena, F|
|poke|p2|Krookodile, M|
|poke|p2|Noivern, F|
|poke|p2|Doublade, M|
|poke|p2|Slowbro-Galar, M|
|poke|p2|Keldeo-Resolute|
|poke|p2|Sylveon, F|
|rule|Sleep Clause Mod: Limit one foe put to sleep
|rule|Species Clause: Limit one of each Pokémon
|rule|OHKO Clause: OHKO moves are banned
|rule|Evasion Moves Clause: Evasion moves are banned
|rule|Endless Battle Clause: Forcing endless battles is banned
|rule|HP Percentage Mod: HP is shown in percentages
|rule|Dynamax Clause: You cannot dynamax
|teampreview
|j| steve77s
|c|☆Randomuser04|hf
|j| SuloTheBoi
|j| Zaettsu
|inactive|Battle timer is ON: inactive players will automatically lose when time's up. (requested by Randomuser04)
|j| technosis
|c|☆Yves Stone|hf
|j| No u Pick
|j| Trailblazer324
|
|t:|1602970153
|start
|switch|p1a: Krookodile|Krookodile, F|100/100
|switch|p2a: Keldeo|Keldeo-Resolute|100/100
|-ability|p1a: Krookodile|Intimidate|boost
|-unboost|p2a: Keldeo|atk|1
|turn|1
|
|t:|1602970176
|switch|p1a: Tsareena|Tsareena, F|100/100
|move|p2a: Keldeo|Flip Turn|p1a: Tsareena
|-resisted|p1a: Tsareena
|-damage|p1a: Tsareena|96/100
|
|t:|1602970180
|switch|p2a: Noivern|Noivern, F|100/100|[from]move: Flip Turn
|
|upkeep
|turn|2
|
|t:|1602970189
|switch|p1a: Swampert|Swampert, M|100/100
|move|p2a: Noivern|Hurricane|p1a: Swampert|[miss]
|-miss|p2a: Noivern|p1a: Swampert
|
|upkeep
|turn|3
|
|t:|1602970198
|move|p2a: Noivern|Hurricane|p1a: Swampert|[miss]
|-miss|p2a: Noivern|p1a: Swampert
|move|p1a: Swampert|Toxic|p2a: Noivern
|-status|p2a: Noivern|tox
|
|-damage|p2a: Noivern|94/100 tox|[from] psn
|upkeep
|turn|4
|c| steve77s|is yves giid'
|c| steve77s|good'
|l| No u Pick
|
|t:|1602970205
|move|p2a: Noivern|Hurricane|p1a: Swampert
|-damage|p1a: Swampert|54/100
|-start|p1a: Swampert|confusion
|-activate|p1a: Swampert|confusion
|move|p1a: Swampert|Stealth Rock|p2a: Noivern
|-sidestart|p2: Randomuser04|move: Stealth Rock
|
|-heal|p1a: Swampert|60/100|[from] item: Leftovers
|-damage|p2a: Noivern|82/100 tox|[from] psn
|upkeep
|turn|5
|
|t:|1602970220
|move|p2a: Noivern|Hurricane|p1a: Swampert
|-damage|p1a: Swampert|16/100
|-end|p1a: Swampert|confusion
|move|p1a: Swampert|Scald|p2a: Noivern
|-resisted|p2a: Noivern
|-damage|p2a: Noivern|60/100 tox
|
|-heal|p1a: Swampert|23/100|[from] item: Leftovers
|-damage|p2a: Noivern|42/100 tox|[from] psn
|upkeep
|turn|6
|j| Chicknemacnchez
|
|t:|1602970228
|move|p2a: Noivern|Hurricane|p1a: Swampert|[miss]
|-miss|p2a: Noivern|p1a: Swampert
|move|p1a: Swampert|Scald|p2a: Noivern
|-resisted|p2a: Noivern
|-damage|p2a: Noivern|19/100 tox
|
|-heal|p1a: Swampert|29/100|[from] item: Leftovers
|-damage|p2a: Noivern|0 fnt|[from] psn
|faint|p2a: Noivern
|upkeep
|c|☆Randomuser04|ok lol
|
|t:|1602970234
|switch|p2a: Keldeo|Keldeo-Resolute|100/100
|turn|7
|
|t:|1602970261
|move|p2a: Keldeo|Secret Sword|p1a: Swampert
|-damage|p1a: Swampert|0 fnt
|faint|p1a: Swampert
|
|upkeep
|
|t:|1602970266
|switch|p1a: Toxtricity|Toxtricity, F|100/100
|turn|8
|
|t:|1602970275
|move|p2a: Keldeo|Scald|p1a: Toxtricity
|-damage|p1a: Toxtricity|35/100
|move|p1a: Toxtricity|Boomburst|p2a: Keldeo
|-damage|p2a: Keldeo|4/100
|-damage|p1a: Toxtricity|25/100|[from] item: Life Orb
|
|upkeep
|turn|9
|
|t:|1602970288
|switch|p1a: Tsareena|Tsareena, F|96/100
|move|p2a: Keldeo|Flip Turn|p1a: Tsareena
|-resisted|p1a: Tsareena
|-damage|p1a: Tsareena|89/100
|
|t:|1602970295
|switch|p2a: Slowbro|Slowbro-Galar, M|100/100|[from]move: Flip Turn
|-damage|p2a: Slowbro|88/100|[from] Stealth Rock
|
|-heal|p2a: Slowbro|94/100|[from] item: Black Sludge
|upkeep
|turn|10
|
|t:|1602970300
|move|p1a: Tsareena|Knock Off|p2a: Slowbro
|-supereffective|p2a: Slowbro
|-damage|p2a: Slowbro|46/100
|-enditem|p2a: Slowbro|Black Sludge|[from] move: Knock Off|[of] p1a: Tsareena
|move|p2a: Slowbro|Sludge Bomb|p1a: Tsareena
|-supereffective|p1a: Tsareena
|-damage|p1a: Tsareena|27/100
|
|upkeep
|turn|11
|j| Puppyvolcano
|
|t:|1602970311
|move|p1a: Tsareena|U-turn|p2a: Slowbro
|-damage|p2a: Slowbro|27/100
|
|t:|1602970314
|switch|p1a: Cobalion|Cobalion|100/100|[from]move: U-turn
|move|p2a: Slowbro|Slack Off|p2a: Slowbro
|-heal|p2a: Slowbro|77/100
|
|upkeep
|turn|12
|j| McKenna Stan
|l| Puppyvolcano
|
|t:|1602970332
|switch|p1a: Krookodile|Krookodile, F|100/100
|-ability|p1a: Krookodile|Intimidate|boost
|-unboost|p2a: Slowbro|atk|1
|move|p2a: Slowbro|Scald|p1a: Krookodile
|-supereffective|p1a: Krookodile
|-damage|p1a: Krookodile|51/100
|
|upkeep
|turn|13
|
|t:|1602970339
|switch|p2a: Keldeo|Keldeo-Resolute|4/100
|move|p1a: Krookodile|Earthquake|p2a: Keldeo
|-damage|p2a: Keldeo|0 fnt
|faint|p2a: Keldeo
|
|upkeep
|
|t:|1602970343
|switch|p2a: Krookodile|Krookodile, M|100/100
|-damage|p2a: Krookodile|94/100|[from] Stealth Rock
|-ability|p2a: Krookodile|Intimidate|boost
|-unboost|p1a: Krookodile|atk|1
|turn|14
|
|t:|1602970352
|switch|p1a: Tsareena|Tsareena, F|27/100
|move|p2a: Krookodile|Stealth Rock|p1a: Tsareena
|-sidestart|p1: Yves Stone|move: Stealth Rock
|
|-heal|p2a: Krookodile|100/100|[from] item: Leftovers
|upkeep
|turn|15
|
|t:|1602970360
|move|p2a: Krookodile|Knock Off|p1a: Tsareena
|-damage|p1a: Tsareena|0 fnt
|-enditem|p1a: Tsareena|Heavy-Duty Boots|[from] move: Knock Off|[of] p2a: Krookodile
|faint|p1a: Tsareena
|
|upkeep
|
|t:|1602970379
|switch|p1a: Cobalion|Cobalion|100/100
|-damage|p1a: Cobalion|97/100|[from] Stealth Rock
|turn|16
|
|t:|1602970388
|switch|p2a: Slowbro|Slowbro-Galar, M|100/100
|-damage|p2a: Slowbro|88/100|[from] Stealth Rock
|move|p1a: Cobalion|Close Combat|p2a: Slowbro
|-resisted|p2a: Slowbro
|-damage|p2a: Slowbro|79/100
|-unboost|p1a: Cobalion|def|1
|-unboost|p1a: Cobalion|spd|1
|
|upkeep
|turn|17
|
|t:|1602970410
|switch|p1a: Toxtricity|Toxtricity, F|25/100
|-damage|p1a: Toxtricity|12/100|[from] Stealth Rock
|move|p2a: Slowbro|Scald|p1a: Toxtricity
|-damage|p1a: Toxtricity|0 fnt
|faint|p1a: Toxtricity
|
|upkeep
|
|t:|1602970418
|switch|p1a: Moltres|Moltres|100/100
|turn|18
|
|t:|1602970425
|move|p1a: Moltres|Fire Blast|p2a: Slowbro
|-damage|p2a: Slowbro|22/100
|move|p2a: Slowbro|Calm Mind|p2a: Slowbro
|-boost|p2a: Slowbro|spa|1
|-boost|p2a: Slowbro|spd|1
|
|upkeep
|turn|19
|
|t:|1602970433
|move|p1a: Moltres|Fire Blast|p2a: Slowbro
|-damage|p2a: Slowbro|0 fnt
|faint|p2a: Slowbro
|
|upkeep
|
|t:|1602970435
|switch|p2a: Krookodile|Krookodile, M|100/100
|-damage|p2a: Krookodile|94/100|[from] Stealth Rock
|-ability|p2a: Krookodile|Intimidate|boost
|-unboost|p1a: Moltres|atk|1
|turn|20
|
|t:|1602970452
|switch|p1a: Cobalion|Cobalion|97/100
|-damage|p1a: Cobalion|94/100|[from] Stealth Rock
|move|p2a: Krookodile|Knock Off|p1a: Cobalion
|-resisted|p1a: Cobalion
|-damage|p1a: Cobalion|73/100
|-ability|p1a: Cobalion|Justified|boost
|-boost|p1a: Cobalion|atk|1
|-enditem|p1a: Cobalion|Chople Berry|[from] move: Knock Off|[of] p2a: Krookodile
|
|-heal|p2a: Krookodile|100/100|[from] item: Leftovers
|upkeep
|turn|21
|l| technosis
|
|t:|1602970464
|switch|p2a: Doublade|Doublade, M|100/100
|-damage|p2a: Doublade|94/100|[from] Stealth Rock
|move|p1a: Cobalion|Close Combat|p2a: Doublade
|-immune|p2a: Doublade
|
|upkeep
|turn|22
|
|t:|1602970469
|switch|p1a: Krookodile|Krookodile, F|51/100
|-damage|p1a: Krookodile|45/100|[from] Stealth Rock
|-ability|p1a: Krookodile|Intimidate|boost
|-unboost|p2a: Doublade|atk|1
|switch|p2a: Krookodile|Krookodile, M|100/100
|-damage|p2a: Krookodile|94/100|[from] Stealth Rock
|-ability|p2a: Krookodile|Intimidate|boost
|-unboost|p1a: Krookodile|atk|1
|
|-heal|p2a: Krookodile|100/100|[from] item: Leftovers
|upkeep
|turn|23
|
|t:|1602970479
|move|p1a: Krookodile|Earthquake|p2a: Krookodile
|-damage|p2a: Krookodile|61/100
|move|p2a: Krookodile|Earthquake|p1a: Krookodile
|-damage|p1a: Krookodile|0 fnt
|faint|p1a: Krookodile
|
|-heal|p2a: Krookodile|67/100|[from] item: Leftovers
|upkeep
|
|t:|1602970486
|switch|p1a: Cobalion|Cobalion|73/100
|-damage|p1a: Cobalion|70/100|[from] Stealth Rock
|turn|24
|
|t:|1602970503
|move|p2a: Krookodile|Protect|p2a: Krookodile
|-singleturn|p2a: Krookodile|Protect
|move|p1a: Cobalion|Close Combat|p2a: Krookodile
|-activate|p2a: Krookodile|move: Protect
|
|-heal|p2a: Krookodile|73/100|[from] item: Leftovers
|upkeep
|turn|25
|
|t:|1602970508
|switch|p1a: Moltres|Moltres|100/100
|switch|p2a: Doublade|Doublade, M|94/100
|-damage|p2a: Doublade|88/100|[from] Stealth Rock
|
|upkeep
|turn|26
|
|t:|1602970518
|switch|p2a: Krookodile|Krookodile, M|73/100
|-damage|p2a: Krookodile|67/100|[from] Stealth Rock
|-ability|p2a: Krookodile|Intimidate|boost
|-unboost|p1a: Moltres|atk|1
|move|p1a: Moltres|Fire Blast|p2a: Krookodile
|-damage|p2a: Krookodile|0 fnt
|faint|p2a: Krookodile
|
|upkeep
|
|t:|1602970520
|switch|p2a: Sylveon|Sylveon, F|100/100
|-damage|p2a: Sylveon|88/100|[from] Stealth Rock
|turn|27
|
|t:|1602970538
|move|p1a: Moltres|Fire Blast|p2a: Sylveon
|-damage|p2a: Sylveon|46/100
|move|p2a: Sylveon|Calm Mind|p2a: Sylveon
|-boost|p2a: Sylveon|spa|1
|-boost|p2a: Sylveon|spd|1
|
|-heal|p2a: Sylveon|52/100|[from] item: Leftovers
|upkeep
|turn|28
|
|t:|1602970546
|switch|p1a: Cobalion|Cobalion|70/100
|-damage|p1a: Cobalion|67/100|[from] Stealth Rock
|move|p2a: Sylveon|Mystical Fire|p1a: Cobalion
|-supereffective|p1a: Cobalion
|-damage|p1a: Cobalion|0 fnt
|faint|p1a: Cobalion
|
|-heal|p2a: Sylveon|58/100|[from] item: Leftovers
|upkeep
|
|t:|1602970552
|switch|p1a: Moltres|Moltres|100/100
|turn|29
|
|t:|1602970555
|move|p1a: Moltres|Toxic|p2a: Sylveon
|-status|p2a: Sylveon|tox
|move|p2a: Sylveon|Mystical Fire|p1a: Moltres
|-resisted|p1a: Moltres
|-damage|p1a: Moltres|81/100
|-unboost|p1a: Moltres|spa|1
|
|-heal|p2a: Sylveon|64/100 tox|[from] item: Leftovers
|-damage|p2a: Sylveon|58/100 tox|[from] psn
|upkeep
|turn|30
|
|t:|1602970565
|move|p1a: Moltres|Hurricane|p2a: Sylveon
|-damage|p2a: Sylveon|36/100 tox
|move|p2a: Sylveon|Mystical Fire|p1a: Moltres
|-resisted|p1a: Moltres
|-damage|p1a: Moltres|60/100
|-unboost|p1a: Moltres|spa|1
|
|-heal|p2a: Sylveon|42/100 tox|[from] item: Leftovers
|-damage|p2a: Sylveon|30/100 tox|[from] psn
|upkeep
|turn|31
|
|t:|1602970576
|move|p1a: Moltres|Fire Blast|p2a: Sylveon
|-damage|p2a: Sylveon|13/100 tox
|move|p2a: Sylveon|Shadow Ball|p1a: Moltres
|-damage|p1a: Moltres|19/100
|
|-heal|p2a: Sylveon|19/100 tox|[from] item: Leftovers
|-damage|p2a: Sylveon|1/100 tox|[from] psn
|upkeep
|turn|32
|
|t:|1602970582
|move|p1a: Moltres|Roost|p1a: Moltres
|-heal|p1a: Moltres|69/100
|-singleturn|p1a: Moltres|move: Roost
|move|p2a: Sylveon|Shadow Ball|p1a: Moltres
|-damage|p1a: Moltres|23/100
|
|-heal|p2a: Sylveon|7/100 tox|[from] item: Leftovers
|-damage|p2a: Sylveon|0 fnt|[from] psn
|faint|p2a: Sylveon
|upkeep
|
|t:|1602970585
|switch|p2a: Doublade|Doublade, M|88/100
|-damage|p2a: Doublade|82/100|[from] Stealth Rock
|turn|33
|l| Zaettsu
|
|t:|1602970605
|move|p1a: Moltres|Roost|p1a: Moltres
|-heal|p1a: Moltres|73/100
|-singleturn|p1a: Moltres|move: Roost
|move|p2a: Doublade|Swords Dance|p2a: Doublade
|-boost|p2a: Doublade|atk|2
|
|upkeep
|turn|34
|
|t:|1602970621
|move|p1a: Moltres|Roost|p1a: Moltres
|-heal|p1a: Moltres|100/100
|-singleturn|p1a: Moltres|move: Roost
|move|p2a: Doublade|Close Combat|p1a: Moltres
|-damage|p1a: Moltres|8/100
|-unboost|p2a: Doublade|def|1
|-unboost|p2a: Doublade|spd|1
|
|upkeep
|turn|35
|c|☆Randomuser04|gg
|
|t:|1602970634
|move|p2a: Doublade|Shadow Sneak|p1a: Moltres
|-damage|p1a: Moltres|0 fnt
|faint|p1a: Moltres
|
|win|Randomuser04
|c|☆Yves Stone|gg
|l|☆Randomuser04
