|j|☆uult1 shoot
|j|☆Blue YM
|player|p1|uult1 shoot|silver-gen2|1628
|player|p2|Blue YM|161|1369
|teamsize|p1|6
|teamsize|p2|6
|gametype|singles
|gen|8
|tier|[Gen 8] UU
|rated|
|clearpoke
|poke|p1|Polteageist|
|poke|p1|Pangoro, M|
|poke|p1|Froslass, F|
|poke|p1|Haxorus, M|
|poke|p1|Necrozma|
|poke|p1|Tsareena, F|
|poke|p2|Froslass, F|
|poke|p2|Rotom-Frost|
|poke|p2|Haxorus, F|
|poke|p2|Barbaracle, M|
|poke|p2|Polteageist|
|poke|p2|Indeedee, M|
|rule|Sleep Clause Mod: Limit one foe put to sleep
|rule|Species Clause: Limit one of each Pokémon
|rule|OHKO Clause: OHKO moves are banned
|rule|Evasion Moves Clause: Evasion moves are banned
|rule|Endless Battle Clause: Forcing endless battles is banned
|rule|HP Percentage Mod: HP is shown in percentages
|rule|Dynamax Clause: You cannot dynamax
|teampreview
|
|start
|switch|p1a: cheesy lady 1|Froslass, F, shiny|100/100
|switch|p2a: Barbaracle|Barbaracle, M|100/100
|turn|1
|j| uult1 solo dolo
|
|move|p1a: cheesy lady 1|Spikes|p2a: Barbaracle
|-sidestart|p2: Blue YM|Spikes
|move|p2a: Barbaracle|Liquidation|p1a: cheesy lady 1
|-damage|p1a: cheesy lady 1|39/100
|
|upkeep
|turn|2
|
|move|p1a: cheesy lady 1|Taunt|p2a: Barbaracle
|-start|p2a: Barbaracle|move: Taunt
|cant|p2a: Barbaracle|move: Taunt|Shell Smash
|
|upkeep
|turn|3
|
|switch|p2a: Rotom|Rotom-Frost|100/100
|move|p1a: cheesy lady 1|Destiny Bond|p1a: cheesy lady 1
|-singlemove|p1a: cheesy lady 1|Destiny Bond
|
|upkeep
|turn|4
|
|move|p1a: cheesy lady 1|Spikes|p2a: Rotom
|-sidestart|p2: Blue YM|Spikes
|move|p2a: Rotom|Substitute|p2a: Rotom
|-start|p2a: Rotom|Substitute
|-damage|p2a: Rotom|75/100
|
|upkeep
|turn|5
|
|move|p1a: cheesy lady 1|Taunt|p2a: Rotom
|-start|p2a: Rotom|move: Taunt
|cant|p2a: Rotom|move: Taunt|Nasty Plot
|
|upkeep
|turn|6
|
|switch|p2a: Haxorus|Haxorus, F|100/100
|-damage|p2a: Haxorus|84/100|[from] Spikes
|-ability|p2a: Haxorus|Mold Breaker
|move|p1a: cheesy lady 1|Destiny Bond|p1a: cheesy lady 1
|-singlemove|p1a: cheesy lady 1|Destiny Bond
|
|upkeep
|turn|7
|
|move|p1a: cheesy lady 1|Icy Wind|p2a: Haxorus
|-supereffective|p2a: Haxorus
|-damage|p2a: Haxorus|37/100
|-unboost|p2a: Haxorus|spe|1
|move|p2a: Haxorus|Dragon Dance|p2a: Haxorus
|-boost|p2a: Haxorus|atk|1
|-boost|p2a: Haxorus|spe|1
|
|upkeep
|turn|8
|j| uult1 sparrowstail
|c| uult1 solo dolo|eoe
|c| uult1 solo dolo|yhid is cringe
|c|☆Blue YM|lol it is way to early for me to play mons
|c|☆Blue YM|LOL
|c|☆Blue YM|shoot do u have a team for me
|j| looted
|c|☆Blue YM|this team doesnt work past 1300
|-message|Blue YM forfeited.
|
|win|uult1 shoot
|j| SkipTheDripBayless
|c|☆uult1 shoot|lmao
|raw|uult1 shoot's rating: 1628 &rarr; <strong>1636</strong><br />(+8 for winning)
|raw|Blue YM's rating: 1369 &rarr; <strong>1362</strong><br />(-7 for losing)
|c|☆uult1 shoot|send me this team
