|j|☆pokemonisfun
|j|☆Skip The Drip
|t:|1599100729
|player|p1|pokemonisfun|preschooler|1779
|player|p2|Skip The Drip|tuber-gen3|1686
|teamsize|p1|6
|teamsize|p2|6
|gametype|singles
|gen|8
|tier|[Gen 8] UU
|rated|
|clearpoke
|poke|p1|Togedemaru, F|
|poke|p1|Slowbro, F|
|poke|p1|Noivern, M|
|poke|p1|Druddigon, F|
|poke|p1|Zarude|
|poke|p1|Incineroar, M|
|poke|p2|Celebi|
|poke|p2|Marowak-Alola, F|
|poke|p2|Xatu, M|
|poke|p2|Torkoal, F|
|poke|p2|Slowbro, F|
|poke|p2|Porygon2|
|rule|Sleep Clause Mod: Limit one foe put to sleep
|rule|Species Clause: Limit one of each Pokémon
|rule|OHKO Clause: OHKO moves are banned
|rule|Evasion Moves Clause: Evasion moves are banned
|rule|Endless Battle Clause: Forcing endless battles is banned
|rule|HP Percentage Mod: HP is shown in percentages
|rule|Dynamax Clause: You cannot dynamax
|teampreview
|inactive|Battle timer is ON: inactive players will automatically lose when time's up. (requested by Skip The Drip)
|j| asdgaew5ja64ek
|j| 467 11 11p
|
|t:|1599100753
|start
|switch|p1a: za polite|Zarude|100/100
|switch|p2a: Celebi|Celebi|100/100
|turn|1
|
|t:|1599100757
|move|p1a: za polite|U-turn|p2a: Celebi
|-supereffective|p2a: Celebi
|-damage|p2a: Celebi|44/100
|
|t:|1599100760
|switch|p1a: scratch a match|Incineroar, M|100/100|[from]move: U-turn
|-ability|p1a: scratch a match|Intimidate|boost
|-unboost|p2a: Celebi|atk|1
|move|p2a: Celebi|Trick Room|p2a: Celebi
|-fieldstart|move: Trick Room|[of] p2a: Celebi
|
|upkeep
|turn|2
|j| Meteorah
|
|t:|1599100770
|move|p2a: Celebi|Stealth Rock|p1a: scratch a match
|-sidestart|p1: pokemonisfun|move: Stealth Rock
|move|p1a: scratch a match|U-turn|p2a: Celebi
|-supereffective|p2a: Celebi
|-damage|p2a: Celebi|0 fnt
|faint|p2a: Celebi
|inactive|pokemonisfun has 120 seconds left.
|
|t:|1599100796
|switch|p1a: think PINK|Slowbro, F|100/100|[from]move: U-turn
|
|upkeep
|
|t:|1599100807
|switch|p2a: Torkoal|Torkoal, F|100/100
|-weather|SunnyDay|[from] ability: Drought|[of] p2a: Torkoal
|turn|3
|
|t:|1599100811
|move|p2a: Torkoal|Eruption|p1a: think PINK
|-resisted|p1a: think PINK
|-damage|p1a: think PINK|28/100
|move|p1a: think PINK|Scald|p2a: Torkoal
|-supereffective|p2a: Torkoal
|-damage|p2a: Torkoal|65/100
|
|-weather|SunnyDay|[upkeep]
|upkeep
|turn|4
|
|t:|1599100823
|switch|p1a: batzy watzy|Noivern, M|100/100
|move|p2a: Torkoal|Eruption|p1a: batzy watzy
|-resisted|p1a: batzy watzy
|-damage|p1a: batzy watzy|43/100
|
|-weather|SunnyDay|[upkeep]
|upkeep
|turn|5
|j| ok now i see ya
|inactive|pokemonisfun has 120 seconds left.
|
|t:|1599100877
|switch|p1a: ugly mugly|Druddigon, F|100/100
|-damage|p1a: ugly mugly|88/100|[from] Stealth Rock
|move|p2a: Torkoal|Eruption|p1a: ugly mugly
|-resisted|p1a: ugly mugly
|-damage|p1a: ugly mugly|38/100
|
|-weather|SunnyDay|[upkeep]
|-fieldend|move: Trick Room
|upkeep
|turn|6
|
|t:|1599100881
|switch|p2a: Xatu|Xatu, M|100/100
|move|p1a: ugly mugly|Dragon Tail|p2a: Xatu
|-damage|p2a: Xatu|69/100
|drag|p2a: Marowak|Marowak-Alola, F|100/100
|
|-weather|SunnyDay|[upkeep]
|upkeep
|turn|7
|
|t:|1599100893
|switch|p2a: Xatu|Xatu, M|69/100
|move|p1a: ugly mugly|Stealth Rock|p2a: Xatu
|move|p2a: Xatu|Stealth Rock||[from]Magic Bounce|[still]
|-fail|p2a: Xatu
|
|-weather|none
|upkeep
|turn|8
|
|t:|1599100898
|switch|p1a: think PINK|Slowbro, F|61/100
|move|p2a: Xatu|Psychic|p1a: think PINK
|-resisted|p1a: think PINK
|-damage|p1a: think PINK|38/100
|-unboost|p1a: think PINK|spd|1
|
|upkeep
|turn|9
|
|t:|1599100903
|switch|p1a: nuzzy fuzzy|Togedemaru, F|100/100
|-damage|p1a: nuzzy fuzzy|95/100|[from] Stealth Rock
|move|p2a: Xatu|Trick Room|p2a: Xatu
|-fieldstart|move: Trick Room|[of] p2a: Xatu
|
|-heal|p1a: nuzzy fuzzy|100/100|[from] item: Leftovers
|upkeep
|turn|10
|inactive|pokemonisfun has 120 seconds left.
|l| 467 11 11p
|inactive|pokemonisfun has 90 seconds left.
|l| asdgaew5ja64ek
|inactive|pokemonisfun has 60 seconds left.
|
|t:|1599100985
|switch|p2a: Torkoal|Torkoal, F|65/100
|-weather|SunnyDay|[from] ability: Drought|[of] p2a: Torkoal
|move|p1a: nuzzy fuzzy|U-turn|p2a: Torkoal
|-resisted|p2a: Torkoal
|-damage|p2a: Torkoal|60/100
|
|t:|1599101000
|switch|p1a: think PINK|Slowbro, F|72/100|[from]move: U-turn
|
|-weather|SunnyDay|[upkeep]
|upkeep
|turn|11
|
|t:|1599101003
|switch|p1a: batzy watzy|Noivern, M|43/100
|move|p2a: Torkoal|Fire Blast|p1a: batzy watzy
|-resisted|p1a: batzy watzy
|-damage|p1a: batzy watzy|0 fnt
|faint|p1a: batzy watzy
|
|-weather|SunnyDay|[upkeep]
|upkeep
|
|t:|1599101011
|switch|p1a: think PINK|Slowbro, F|100/100
|turn|12
|inactive|pokemonisfun has 60 seconds left.
|
|t:|1599101022
|switch|p2a: Porygon2|Porygon2|100/100
|-ability|p2a: Porygon2|Regenerator|[from] ability: Trace|[of] p1a: think PINK
|move|p1a: think PINK|Scald|p2a: Porygon2
|-damage|p2a: Porygon2|95/100
|-status|p2a: Porygon2|brn
|
|-weather|SunnyDay|[upkeep]
|-damage|p2a: Porygon2|89/100 brn|[from] brn
|upkeep
|turn|13
|inactive|pokemonisfun has 60 seconds left.
|j|+DrReun͜͡iclus3
|
|t:|1599101030
|move|p1a: think PINK|Future Sight|p2a: Porygon2
|-start|p1a: think PINK|move: Future Sight
|move|p2a: Porygon2|Thunderbolt|p1a: think PINK
|-supereffective|p1a: think PINK
|-damage|p1a: think PINK|55/100
|
|-weather|SunnyDay|[upkeep]
|-damage|p2a: Porygon2|83/100 brn|[from] brn
|-fieldend|move: Trick Room
|upkeep
|turn|14
|
|t:|1599101040
|switch|p1a: nuzzy fuzzy|Togedemaru, F|100/100
|-damage|p1a: nuzzy fuzzy|95/100|[from] Stealth Rock
|move|p2a: Porygon2|Trick Room|p2a: Porygon2
|-fieldstart|move: Trick Room|[of] p2a: Porygon2
|
|-weather|none
|-heal|p1a: nuzzy fuzzy|100/100|[from] item: Leftovers
|-damage|p2a: Porygon2|76/100 brn|[from] brn
|upkeep
|turn|15
|
|t:|1599101046
|move|p1a: nuzzy fuzzy|Wish|p1a: nuzzy fuzzy
|move|p2a: Porygon2|Teleport|p2a: Porygon2
|
|t:|1599101072
|switch|p2a: Xatu|Xatu, M|69/100|[from]move: Teleport
|
|-end|p2a: Xatu|move: Future Sight
|-resisted|p2a: Xatu
|-damage|p2a: Xatu|41/100
|upkeep
|turn|16
|
|t:|1599101081
|switch|p2a: Torkoal|Torkoal, F|60/100
|-weather|SunnyDay|[from] ability: Drought|[of] p2a: Torkoal
|move|p1a: nuzzy fuzzy|U-turn|p2a: Torkoal
|-resisted|p2a: Torkoal
|-damage|p2a: Torkoal|54/100
|
|t:|1599101088
|switch|p1a: ugly mugly|Druddigon, F|38/100|[from]move: U-turn
|-damage|p1a: ugly mugly|26/100|[from] Stealth Rock
|
|-weather|SunnyDay|[upkeep]
|-heal|p1a: ugly mugly|72/100|[from] move: Wish|[wisher] nuzzy fuzzy
|upkeep
|turn|17
|
|t:|1599101095
|move|p2a: Torkoal|Fire Blast|p1a: ugly mugly
|-resisted|p1a: ugly mugly
|-damage|p1a: ugly mugly|16/100
|move|p1a: ugly mugly|Dragon Tail|p2a: Torkoal
|-damage|p2a: Torkoal|36/100
|drag|p2a: Marowak|Marowak-Alola, F|100/100
|
|-weather|SunnyDay|[upkeep]
|upkeep
|turn|18
|inactive|pokemonisfun has 90 seconds left.
|
|t:|1599101103
|move|p2a: Marowak|Earthquake|p1a: ugly mugly
|-damage|p1a: ugly mugly|0 fnt
|faint|p1a: ugly mugly
|
|-weather|SunnyDay|[upkeep]
|-fieldend|move: Trick Room
|upkeep
|inactive|pokemonisfun has 90 seconds left.
|
|t:|1599101116
|switch|p1a: scratch a match|Incineroar, M|100/100
|-ability|p1a: scratch a match|Intimidate|boost
|-unboost|p2a: Marowak|atk|1
|turn|19
|inactive|pokemonisfun has 90 seconds left.
|
|t:|1599101123
|move|p1a: scratch a match|Knock Off|p2a: Marowak
|-supereffective|p2a: Marowak
|-damage|p2a: Marowak|8/100
|-enditem|p2a: Marowak|Thick Club|[from] move: Knock Off|[of] p1a: scratch a match
|move|p2a: Marowak|Flare Blitz|p1a: scratch a match
|-resisted|p1a: scratch a match
|-damage|p1a: scratch a match|73/100
|
|-weather|SunnyDay|[upkeep]
|upkeep
|turn|20
|inactive|pokemonisfun has 90 seconds left.
|
|t:|1599101158
|move|p1a: scratch a match|Swords Dance|p1a: scratch a match
|-boost|p1a: scratch a match|atk|2
|move|p2a: Marowak|Earthquake|p1a: scratch a match
|-supereffective|p1a: scratch a match
|-damage|p1a: scratch a match|35/100
|
|-weather|none
|upkeep
|turn|21
|
|t:|1599101166
|move|p1a: scratch a match|Knock Off|p2a: Marowak
|-supereffective|p2a: Marowak
|-damage|p2a: Marowak|0 fnt
|faint|p2a: Marowak
|
|upkeep
|
|t:|1599101168
|switch|p2a: Slowbro|Slowbro, F|100/100
|turn|22
|
|t:|1599101173
|move|p1a: scratch a match|Knock Off|p2a: Slowbro
|-supereffective|p2a: Slowbro
|-damage|p2a: Slowbro|23/100
|move|p2a: Slowbro|Trick Room|p2a: Slowbro
|-fieldstart|move: Trick Room|[of] p2a: Slowbro
|
|upkeep
|turn|23
|
|t:|1599101181
|move|p2a: Slowbro|Scald|p1a: scratch a match
|-supereffective|p1a: scratch a match
|-damage|p1a: scratch a match|0 fnt
|faint|p1a: scratch a match
|
|upkeep
|inactive|pokemonisfun has 60 seconds left.
|
|t:|1599101232
|switch|p1a: za polite|Zarude|100/100
|turn|24
|
|t:|1599101239
|switch|p2a: Xatu|Xatu, M|41/100
|move|p1a: za polite|Throat Chop|p2a: Xatu
|-supereffective|p2a: Xatu
|-damage|p2a: Xatu|0 fnt
|faint|p2a: Xatu
|
|upkeep
|
|t:|1599101240
|switch|p2a: Torkoal|Torkoal, F|36/100
|-weather|SunnyDay|[from] ability: Drought|[of] p2a: Torkoal
|turn|25
|
|t:|1599101248
|switch|p1a: think PINK|Slowbro, F|89/100
|move|p2a: Torkoal|Fire Blast|p1a: think PINK
|-resisted|p1a: think PINK
|-damage|p1a: think PINK|35/100
|
|-weather|SunnyDay|[upkeep]
|upkeep
|turn|26
|inactive|pokemonisfun has 60 seconds left.
|inactive|pokemonisfun has 30 seconds left.
|inactive|pokemonisfun has 20 seconds left.
|inactive|pokemonisfun has 15 seconds left.
|inactive|pokemonisfun has 10 seconds left.
|inactive|pokemonisfun has 5 seconds left.
|
|t:|1599101309
|switch|p1a: nuzzy fuzzy|Togedemaru, F|100/100
|-damage|p1a: nuzzy fuzzy|95/100|[from] Stealth Rock
|move|p2a: Torkoal|Fire Blast|p1a: nuzzy fuzzy
|-supereffective|p1a: nuzzy fuzzy
|-damage|p1a: nuzzy fuzzy|0 fnt
|faint|p1a: nuzzy fuzzy
|
|-weather|SunnyDay|[upkeep]
|-fieldend|move: Trick Room
|upkeep
|inactive|pokemonisfun has 10 seconds left this turn.
|inactive|pokemonisfun has 5 seconds left.
|
|t:|1599101318
|switch|p1a: think PINK|Slowbro, F|69/100
|turn|27
|inactive|pokemonisfun has 15 seconds left this turn.
|inactive|pokemonisfun has 10 seconds left.
|
|t:|1599101325
|switch|p2a: Porygon2|Porygon2|100/100 brn
|-ability|p2a: Porygon2|Regenerator|[from] ability: Trace|[of] p1a: think PINK
|move|p1a: think PINK|Teleport|p1a: think PINK
|inactive|pokemonisfun has 15 seconds left this turn.
|
|t:|1599101329
|switch|p1a: za polite|Zarude|100/100|[from]move: Teleport
|
|-weather|SunnyDay|[upkeep]
|-damage|p2a: Porygon2|94/100 brn|[from] brn
|upkeep
|turn|28
|inactive|pokemonisfun has 25 seconds left this turn.
|inactive|pokemonisfun has 20 seconds left.
|inactive|pokemonisfun has 15 seconds left.
|
|t:|1599101340
|move|p1a: za polite|Close Combat|p2a: Porygon2
|-supereffective|p2a: Porygon2
|-damage|p2a: Porygon2|41/100 brn
|-unboost|p1a: za polite|def|1
|-unboost|p1a: za polite|spd|1
|move|p2a: Porygon2|Trick Room|p2a: Porygon2
|-fieldstart|move: Trick Room|[of] p2a: Porygon2
|
|-weather|SunnyDay|[upkeep]
|-damage|p2a: Porygon2|35/100 brn|[from] brn
|upkeep
|turn|29
|inactive|pokemonisfun has 25 seconds left this turn.
|inactive|pokemonisfun has 20 seconds left.
|inactive|pokemonisfun has 15 seconds left.
|
|t:|1599101354
|switch|p2a: Slowbro|Slowbro, F|56/100
|switch|p1a: think PINK|Slowbro, F|100/100
|
|-weather|none
|upkeep
|turn|30
|inactive|pokemonisfun has 25 seconds left this turn.
|inactive|pokemonisfun has 20 seconds left.
|
|t:|1599101364
|move|p1a: think PINK|Future Sight|p2a: Slowbro
|-start|p1a: think PINK|move: Future Sight
|move|p2a: Slowbro|Teleport|p2a: Slowbro
|inactive|pokemonisfun has 25 seconds left this turn.
|
|t:|1599101368
|switch|p2a: Porygon2|Porygon2|68/100 brn|[from]move: Teleport
|-ability|p2a: Porygon2|Regenerator|[from] ability: Trace|[of] p1a: think PINK
|
|-damage|p2a: Porygon2|62/100 brn|[from] brn
|upkeep
|turn|31
|
|t:|1599101372
|move|p1a: think PINK|Teleport|p1a: think PINK
|
|t:|1599101375
|switch|p1a: za polite|Zarude|100/100|[from]move: Teleport
|move|p2a: Porygon2|Teleport|p2a: Porygon2
|
|t:|1599101379
|switch|p2a: Slowbro|Slowbro, F|89/100|[from]move: Teleport
|
|upkeep
|turn|32
|
|t:|1599101387
|move|p1a: za polite|Power Whip|p2a: Slowbro
|-supereffective|p2a: Slowbro
|-damage|p2a: Slowbro|15/100
|move|p2a: Slowbro|Teleport|p2a: Slowbro
|
|t:|1599101390
|switch|p2a: Porygon2|Porygon2|95/100 brn|[from]move: Teleport
|-ability|p2a: Porygon2|Leaf Guard|[from] ability: Trace|[of] p1a: za polite
|
|-end|p2a: Porygon2|move: Future Sight
|-damage|p2a: Porygon2|75/100 brn
|-damage|p2a: Porygon2|68/100 brn|[from] brn
|-fieldend|move: Trick Room
|upkeep
|turn|33
|inactive|pokemonisfun has 60 seconds left.
|
|t:|1599101405
|move|p1a: za polite|Close Combat|p2a: Porygon2
|-supereffective|p2a: Porygon2
|-damage|p2a: Porygon2|16/100 brn
|-unboost|p1a: za polite|def|1
|-unboost|p1a: za polite|spd|1
|move|p2a: Porygon2|Trick Room|p2a: Porygon2
|-fieldstart|move: Trick Room|[of] p2a: Porygon2
|
|-damage|p2a: Porygon2|10/100 brn|[from] brn
|upkeep
|turn|34
|inactive|pokemonisfun has 60 seconds left.
|
|t:|1599101415
|move|p1a: za polite|U-turn|p2a: Porygon2
|-damage|p2a: Porygon2|0 fnt
|faint|p2a: Porygon2
|
|t:|1599101419
|switch|p1a: think PINK|Slowbro, F|100/100|[from]move: U-turn
|
|upkeep
|
|t:|1599101421
|switch|p2a: Torkoal|Torkoal, F|36/100
|-weather|SunnyDay|[from] ability: Drought|[of] p2a: Torkoal
|turn|35
|
|t:|1599101432
|switch|p1a: za polite|Zarude|100/100
|move|p2a: Torkoal|Solar Beam||[still]
|-prepare|p2a: Torkoal|Solar Beam
|-anim|p2a: Torkoal|Solar Beam|p1a: za polite
|-resisted|p1a: za polite
|-crit|p1a: za polite
|-damage|p1a: za polite|65/100
|
|-weather|SunnyDay|[upkeep]
|upkeep
|turn|36
|
|t:|1599101440
|move|p2a: Torkoal|Solar Beam||[still]
|-prepare|p2a: Torkoal|Solar Beam
|-anim|p2a: Torkoal|Solar Beam|p1a: za polite
|-resisted|p1a: za polite
|-crit|p1a: za polite
|-damage|p1a: za polite|25/100
|move|p1a: za polite|Throat Chop|p2a: Torkoal
|-damage|p2a: Torkoal|9/100
|-start|p2a: Torkoal|Throat Chop|[silent]
|
|-weather|SunnyDay|[upkeep]
|upkeep
|turn|37
|
|t:|1599101454
|switch|p2a: Slowbro|Slowbro, F|48/100
|switch|p1a: think PINK|Slowbro, F|100/100
|
|-weather|SunnyDay|[upkeep]
|-fieldend|move: Trick Room
|upkeep
|turn|38
|inactive|pokemonisfun has 60 seconds left.
|
|t:|1599101485
|move|p1a: think PINK|Future Sight|p2a: Slowbro
|-start|p1a: think PINK|move: Future Sight
|move|p2a: Slowbro|Trick Room|p2a: Slowbro
|-fieldstart|move: Trick Room|[of] p2a: Slowbro
|
|-weather|SunnyDay|[upkeep]
|upkeep
|turn|39
|inactive|pokemonisfun has 60 seconds left.
|
|t:|1599101496
|move|p1a: think PINK|Teleport|p1a: think PINK
|
|t:|1599101499
|switch|p1a: za polite|Zarude|25/100|[from]move: Teleport
|move|p2a: Slowbro|Teleport|p2a: Slowbro
|
|t:|1599101502
|switch|p2a: Torkoal|Torkoal, F|9/100|[from]move: Teleport
|
|-weather|none
|upkeep
|turn|40
|
|t:|1599101517
|switch|p2a: Slowbro|Slowbro, F|81/100
|switch|p1a: think PINK|Slowbro, F|100/100
|
|-end|p2a: Slowbro|move: Future Sight
|-resisted|p2a: Slowbro
|-damage|p2a: Slowbro|60/100
|upkeep
|turn|41
|inactive|pokemonisfun has 60 seconds left.
|inactive|Skip The Drip has 120 seconds left.
|
|t:|1599101563
|move|p1a: think PINK|Future Sight|p2a: Slowbro
|-start|p1a: think PINK|move: Future Sight
|move|p2a: Slowbro|Teleport|p2a: Slowbro
|
|t:|1599101568
|switch|p2a: Torkoal|Torkoal, F|9/100|[from]move: Teleport
|-weather|SunnyDay|[from] ability: Drought|[of] p2a: Torkoal
|
|-weather|SunnyDay|[upkeep]
|upkeep
|turn|42
|
|t:|1599101578
|switch|p2a: Slowbro|Slowbro, F|93/100
|move|p1a: think PINK|Teleport|p1a: think PINK
|
|t:|1599101581
|switch|p1a: za polite|Zarude|25/100|[from]move: Teleport
|
|-weather|SunnyDay|[upkeep]
|-fieldend|move: Trick Room
|upkeep
|turn|43
|
|t:|1599101585
|move|p1a: za polite|Power Whip|p2a: Slowbro
|-supereffective|p2a: Slowbro
|-damage|p2a: Slowbro|28/100
|move|p2a: Slowbro|Trick Room|p2a: Slowbro
|-fieldstart|move: Trick Room|[of] p2a: Slowbro
|
|-weather|SunnyDay|[upkeep]
|-end|p2a: Slowbro|move: Future Sight
|-resisted|p2a: Slowbro
|-damage|p2a: Slowbro|5/100
|upkeep
|turn|44
|inactive|pokemonisfun has 60 seconds left.
|
|t:|1599101605
|move|p1a: za polite|U-turn|p2a: Slowbro
|-supereffective|p2a: Slowbro
|-damage|p2a: Slowbro|0 fnt
|faint|p2a: Slowbro
|
|t:|1599101608
|switch|p1a: think PINK|Slowbro, F|100/100|[from]move: U-turn
|
|-weather|SunnyDay|[upkeep]
|upkeep
|
|t:|1599101610
|switch|p2a: Torkoal|Torkoal, F|9/100
|turn|45
|
|t:|1599101617
|move|p2a: Torkoal|Fire Blast|p1a: think PINK
|-resisted|p1a: think PINK
|-damage|p1a: think PINK|45/100
|move|p1a: think PINK|Scald|p2a: Torkoal
|-supereffective|p2a: Torkoal
|-damage|p2a: Torkoal|0 fnt
|faint|p2a: Torkoal
|
|win|pokemonisfun
|l|☆Skip The Drip
|c|☆pokemonisfun|gg
|raw|pokemonisfun's rating: 1747 &rarr; <strong>1764</strong><br />(+17 for winning)
|raw|Skip The Drip's rating: 1686 &rarr; <strong>1669</strong><br />(-17 for losing)
