|j|☆SS007
|j|☆Anatafu
|player|p1|SS007|brock|1469
|player|p2|Anatafu|skyla|1466
|teamsize|p1|6
|teamsize|p2|6
|gametype|singles
|gen|8
|tier|[Gen 8] UU
|rated|
|clearpoke
|poke|p1|Necrozma|
|poke|p1|Umbreon, M|
|poke|p1|Rotom-Wash|
|poke|p1|Weezing-Galar, M|
|poke|p1|Doublade, M|
|poke|p1|Arcanine, F|
|poke|p2|Escavalier, M|
|poke|p2|Gigalith, F|
|poke|p2|Jellicent, F|
|poke|p2|Noivern, M|
|poke|p2|Rhyperior, F|
|poke|p2|Sylveon, F|
|rule|Sleep Clause Mod: Limit one foe put to sleep
|rule|Species Clause: Limit one of each Pokémon
|rule|OHKO Clause: OHKO moves are banned
|rule|Evasion Moves Clause: Evasion moves are banned
|rule|Endless Battle Clause: Forcing endless battles is banned
|rule|HP Percentage Mod: HP is shown in percentages
|rule|Dynamax Clause: You cannot dynamax
|teampreview
|
|start
|switch|p1a: Necrozma|Necrozma|100/100
|switch|p2a: Sylveon|Sylveon, F|100/100
|turn|1
|inactive|Battle timer is ON: inactive players will automatically lose when time's up. (requested by SS007)
|j| steven 2222
|
|move|p1a: Necrozma|Photon Geyser|p2a: Sylveon
|-damage|p2a: Sylveon|49/100
|move|p2a: Sylveon|Hyper Voice|p1a: Necrozma
|-damage|p1a: Necrozma|56/100
|
|-heal|p2a: Sylveon|56/100|[from] item: Leftovers
|upkeep
|turn|2
|
|switch|p1a: Arcanine|Arcanine, F|100/100
|-ability|p1a: Arcanine|Intimidate|boost
|-unboost|p2a: Sylveon|atk|1
|move|p2a: Sylveon|Protect||[still]
|-fail|p2a: Sylveon
|
|-heal|p2a: Sylveon|62/100|[from] item: Leftovers
|upkeep
|turn|3
|
|switch|p1a: Necrozma|Necrozma|56/100
|move|p2a: Sylveon|Protect||[still]
|-fail|p2a: Sylveon
|
|-heal|p2a: Sylveon|68/100|[from] item: Leftovers
|upkeep
|turn|4
|
|move|p2a: Sylveon|Protect|p2a: Sylveon
|-singleturn|p2a: Sylveon|Protect
|move|p1a: Necrozma|Photon Geyser|p2a: Sylveon
|-activate|p2a: Sylveon|move: Protect
|
|-heal|p2a: Sylveon|74/100|[from] item: Leftovers
|upkeep
|turn|5
|inactive|Anatafu has 120 seconds left.
|
|switch|p2a: Escavalier|Escavalier, M|100/100
|move|p1a: Necrozma|Photon Geyser|p2a: Escavalier
|-resisted|p2a: Escavalier
|-damage|p2a: Escavalier|61/100
|
|upkeep
|turn|6
|
|switch|p1a: Arcanine|Arcanine, F|100/100
|-ability|p1a: Arcanine|Intimidate|boost
|-unboost|p2a: Escavalier|atk|1
|move|p2a: Escavalier|Megahorn|p1a: Arcanine
|-resisted|p1a: Arcanine
|-damage|p1a: Arcanine|58/100
|
|upkeep
|turn|7
|
|switch|p2a: Noivern|Noivern, M|100/100
|move|p1a: Arcanine|Wild Charge|p2a: Noivern
|-damage|p2a: Noivern|43/100
|-damage|p1a: Arcanine|44/100|[from] Recoil
|
|upkeep
|turn|8
|
|switch|p1a: Umbreon|Umbreon, M, shiny|100/100
|move|p2a: Noivern|Roost|p2a: Noivern
|-heal|p2a: Noivern|93/100
|-singleturn|p2a: Noivern|move: Roost
|
|upkeep
|turn|9
|
|move|p2a: Noivern|U-turn|p1a: Umbreon
|-supereffective|p1a: Umbreon
|-damage|p1a: Umbreon|83/100
|
|switch|p2a: Sylveon|Sylveon, F|74/100|[from]move: U-turn
|move|p1a: Umbreon|Toxic|p2a: Sylveon|[miss]
|-miss|p1a: Umbreon|p2a: Sylveon
|
|-heal|p1a: Umbreon|89/100|[from] item: Leftovers
|-heal|p2a: Sylveon|80/100|[from] item: Leftovers
|upkeep
|turn|10
|
|switch|p1a: Doublade|Doublade, M, shiny|100/100
|move|p2a: Sylveon|Wish|p2a: Sylveon
|
|-heal|p2a: Sylveon|86/100|[from] item: Leftovers
|upkeep
|turn|11
|
|switch|p2a: Escavalier|Escavalier, M|61/100
|move|p1a: Doublade|Swords Dance|p1a: Doublade
|-boost|p1a: Doublade|atk|2
|
|-heal|p2a: Escavalier|100/100|[from] move: Wish|[wisher] Sylveon
|upkeep
|turn|12
|
|move|p1a: Doublade|Sacred Sword|p2a: Escavalier
|-damage|p2a: Escavalier|43/100
|move|p2a: Escavalier|Knock Off|p1a: Doublade
|-supereffective|p1a: Doublade
|-damage|p1a: Doublade|42/100
|-enditem|p1a: Doublade|Eviolite|[from] move: Knock Off|[of] p2a: Escavalier
|
|upkeep
|turn|13
|inactive|SS007 has 120 seconds left.
|
|switch|p2a: Jellicent|Jellicent, F|100/100
|move|p1a: Doublade|Sacred Sword|p2a: Jellicent
|-immune|p2a: Jellicent
|
|upkeep
|turn|14
|
|move|p1a: Doublade|Shadow Sneak|p2a: Jellicent
|-supereffective|p2a: Jellicent
|-damage|p2a: Jellicent|39/100
|move|p2a: Jellicent|Will-O-Wisp|p1a: Doublade
|-status|p1a: Doublade|brn
|
|-damage|p1a: Doublade|36/100 brn|[from] brn
|upkeep
|turn|15
|
|move|p1a: Doublade|Shadow Sneak|p2a: Jellicent
|-supereffective|p2a: Jellicent
|-damage|p2a: Jellicent|9/100
|move|p2a: Jellicent|Recover|p2a: Jellicent
|-heal|p2a: Jellicent|59/100
|
|-damage|p1a: Doublade|30/100 brn|[from] brn
|upkeep
|turn|16
|
|move|p2a: Jellicent|Recover|p2a: Jellicent
|-heal|p2a: Jellicent|100/100
|move|p1a: Doublade|Swords Dance|p1a: Doublade
|-boost|p1a: Doublade|atk|2
|
|-damage|p1a: Doublade|24/100 brn|[from] brn
|upkeep
|turn|17
|
|move|p1a: Doublade|Shadow Sneak|p2a: Jellicent
|-supereffective|p2a: Jellicent
|-damage|p2a: Jellicent|50/100
|move|p2a: Jellicent|Hex|p1a: Doublade
|-supereffective|p1a: Doublade
|-damage|p1a: Doublade|0 fnt
|faint|p1a: Doublade
|
|upkeep
|
|switch|p1a: Necrozma|Necrozma|56/100
|turn|18
|
|switch|p2a: Gigalith|Gigalith, F|100/100
|-weather|Sandstorm|[from] ability: Sand Stream|[of] p2a: Gigalith
|move|p1a: Necrozma|Photon Geyser|p2a: Gigalith
|-damage|p2a: Gigalith|64/100
|
|-weather|Sandstorm|[upkeep]
|-damage|p1a: Necrozma|50/100|[from] Sandstorm
|-heal|p2a: Gigalith|70/100|[from] item: Leftovers
|upkeep
|turn|19
|-message|SS007 forfeited.
|
|win|Anatafu
|l|☆SS007
|raw|SS007's rating: 1470 &rarr; <strong>1450</strong><br />(-20 for losing)
|raw|Anatafu's rating: 1467 &rarr; <strong>1487</strong><br />(+20 for winning)
