|j|☆DDD951
|j|☆Springerk
|t:|1655935261
|gametype|singles
|player|p1|DDD951|2|1421
|player|p2|Springerk|tuberf|1531
|teamsize|p1|6
|teamsize|p2|6
|gen|8
|tier|[Gen 8] UU
|rated|
|rule|Sleep Clause Mod: Limit one foe put to sleep
|rule|Species Clause: Limit one of each Pokémon
|rule|OHKO Clause: OHKO moves are banned
|rule|Evasion Moves Clause: Evasion moves are banned
|rule|Endless Battle Clause: Forcing endless battles is banned
|rule|HP Percentage Mod: HP is shown in percentages
|rule|Dynamax Clause: You cannot dynamax
|clearpoke
|poke|p1|Scizor, F|
|poke|p1|Gyarados, F|
|poke|p1|Starmie|
|poke|p1|Nihilego|
|poke|p1|Tangrowth, M|
|poke|p1|Darmanitan, F|
|poke|p2|Slowbro-Galar, F|
|poke|p2|Skarmory, F|
|poke|p2|Hippowdon, M|
|poke|p2|Zarude|
|poke|p2|Rotom-Wash|
|poke|p2|Noivern, F|
|teampreview
|
|t:|1655935270
|start
|switch|p1a: Tangrowth|Tangrowth, M|100/100
|switch|p2a: Rotom|Rotom-Wash|100/100
|turn|1
|
|t:|1655935286
|move|p2a: Rotom|Trick|p1a: Tangrowth
|-activate|p2a: Rotom|move: Trick|[of] p1a: Tangrowth
|-item|p1a: Tangrowth|Choice Scarf|[from] move: Trick
|-item|p2a: Rotom|Assault Vest|[from] move: Trick
|move|p1a: Tangrowth|Knock Off|p2a: Rotom
|-damage|p2a: Rotom|75/100
|-enditem|p2a: Rotom|Assault Vest|[from] move: Knock Off|[of] p1a: Tangrowth
|
|upkeep
|turn|2
|
|t:|1655935292
|move|p2a: Rotom|Volt Switch|p1a: Tangrowth
|-resisted|p1a: Tangrowth
|-damage|p1a: Tangrowth|89/100
|
|t:|1655935311
|switch|p2a: Slowbro|Slowbro-Galar, F|100/100|[from]move: Volt Switch
|move|p1a: Tangrowth|Knock Off|p2a: Slowbro
|-supereffective|p2a: Slowbro
|-enditem|p2a: Slowbro|Colbur Berry|[eat]
|-enditem|p2a: Slowbro|Colbur Berry|[weaken]
|-damage|p2a: Slowbro|85/100
|
|upkeep
|turn|3
|
|t:|1655935320
|switch|p1a: Nihilego|Nihilego|100/100
|move|p2a: Slowbro|Calm Mind|p2a: Slowbro
|-boost|p2a: Slowbro|spa|1
|-boost|p2a: Slowbro|spd|1
|
|upkeep
|turn|4
|
|t:|1655935329
|move|p1a: Nihilego|Stealth Rock|p2a: Slowbro
|-sidestart|p2: Springerk|move: Stealth Rock
|move|p2a: Slowbro|Calm Mind|p2a: Slowbro
|-boost|p2a: Slowbro|spa|1
|-boost|p2a: Slowbro|spd|1
|
|upkeep
|turn|5
|
|t:|1655935336
|switch|p1a: Scizor|Scizor, F|100/100
|move|p2a: Slowbro|Scald|p1a: Scizor
|-damage|p1a: Scizor|56/100
|
|-heal|p1a: Scizor|62/100|[from] item: Leftovers
|upkeep
|turn|6
|
|t:|1655935343
|move|p1a: Scizor|U-turn|p2a: Slowbro
|-damage|p2a: Slowbro|64/100
|
|t:|1655935348
|switch|p1a: Tangrowth|Tangrowth, M|100/100|[from]move: U-turn
|move|p2a: Slowbro|Scald|p1a: Tangrowth
|-resisted|p1a: Tangrowth
|-crit|p1a: Tangrowth
|-damage|p1a: Tangrowth|77/100
|
|upkeep
|turn|7
|
|t:|1655935355
|move|p1a: Tangrowth|Earthquake|p2a: Slowbro
|-supereffective|p2a: Slowbro
|-damage|p2a: Slowbro|32/100
|move|p2a: Slowbro|Sludge Bomb|p1a: Tangrowth
|-supereffective|p1a: Tangrowth
|-damage|p1a: Tangrowth|0 fnt
|faint|p1a: Tangrowth
|
|upkeep
|
|t:|1655935362
|switch|p1a: Darmanitan|Darmanitan, F|100/100
|turn|8
|
|t:|1655935368
|switch|p2a: Skarmory|Skarmory, F|100/100
|-damage|p2a: Skarmory|88/100|[from] Stealth Rock
|move|p1a: Darmanitan|U-turn|p2a: Skarmory
|-resisted|p2a: Skarmory
|-damage|p2a: Skarmory|84/100
|-damage|p1a: Darmanitan|84/100|[from] item: Rocky Helmet|[of] p2a: Skarmory
|
|t:|1655935376
|switch|p1a: Starmie|Starmie|100/100|[from]move: U-turn
|
|upkeep
|turn|9
|
|t:|1655935381
|switch|p2a: Rotom|Rotom-Wash|75/100
|-damage|p2a: Rotom|63/100|[from] Stealth Rock
|move|p1a: Starmie|Ice Beam|p2a: Rotom
|-resisted|p2a: Rotom
|-damage|p2a: Rotom|38/100
|-damage|p1a: Starmie|91/100|[from] item: Life Orb
|
|upkeep
|turn|10
|
|t:|1655935389
|move|p1a: Starmie|Psyshock|p2a: Rotom
|-damage|p2a: Rotom|0 fnt
|faint|p2a: Rotom
|-damage|p1a: Starmie|81/100|[from] item: Life Orb
|
|upkeep
|
|t:|1655935398
|switch|p2a: Noivern|Noivern, F|100/100
|turn|11
|
|t:|1655935403
|move|p2a: Noivern|Draco Meteor|p1a: Starmie
|-damage|p1a: Starmie|0 fnt
|-unboost|p2a: Noivern|spa|2
|faint|p1a: Starmie
|
|upkeep
|
|t:|1655935409
|switch|p1a: Darmanitan|Darmanitan, F|84/100
|turn|12
|
|t:|1655935416
|switch|p2a: Skarmory|Skarmory, F|84/100
|-damage|p2a: Skarmory|72/100|[from] Stealth Rock
|move|p1a: Darmanitan|Toxic|p2a: Skarmory
|-immune|p2a: Skarmory
|
|upkeep
|turn|13
|
|t:|1655935438
|switch|p1a: Nihilego|Nihilego|100/100
|move|p2a: Skarmory|Spikes|p1a: Nihilego
|-sidestart|p1: DDD951|Spikes
|
|upkeep
|turn|14
|
|t:|1655935443
|switch|p2a: Hippowdon|Hippowdon, M|100/100
|-damage|p2a: Hippowdon|94/100|[from] Stealth Rock
|-weather|Sandstorm|[from] ability: Sand Stream|[of] p2a: Hippowdon
|move|p1a: Nihilego|Power Gem|p2a: Hippowdon
|-resisted|p2a: Hippowdon
|-damage|p2a: Hippowdon|79/100
|
|-weather|Sandstorm|[upkeep]
|-heal|p2a: Hippowdon|85/100|[from] item: Leftovers
|upkeep
|turn|15
|
|t:|1655935453
|move|p1a: Nihilego|Knock Off|p2a: Hippowdon
|-damage|p2a: Hippowdon|76/100
|-enditem|p2a: Hippowdon|Leftovers|[from] move: Knock Off|[of] p1a: Nihilego
|move|p2a: Hippowdon|Stealth Rock|p1a: Nihilego
|-sidestart|p1: DDD951|move: Stealth Rock
|
|-weather|Sandstorm|[upkeep]
|upkeep
|turn|16
|
|t:|1655935464
|move|p1a: Nihilego|Sludge Wave|p2a: Hippowdon
|-resisted|p2a: Hippowdon
|-damage|p2a: Hippowdon|57/100
|-status|p2a: Hippowdon|psn
|move|p2a: Hippowdon|Toxic|p1a: Nihilego
|-immune|p1a: Nihilego
|
|-weather|Sandstorm|[upkeep]
|-damage|p2a: Hippowdon|44/100 psn|[from] psn
|upkeep
|turn|17
|
|t:|1655935473
|switch|p1a: Scizor|Scizor, F|62/100
|-damage|p1a: Scizor|49/100|[from] Spikes
|-damage|p1a: Scizor|37/100|[from] Stealth Rock
|move|p2a: Hippowdon|Earthquake|p1a: Scizor
|-damage|p1a: Scizor|12/100
|
|-weather|Sandstorm|[upkeep]
|-heal|p1a: Scizor|18/100|[from] item: Leftovers
|-damage|p2a: Hippowdon|32/100 psn|[from] psn
|upkeep
|turn|18
|
|t:|1655935483
|switch|p2a: Skarmory|Skarmory, F|72/100
|-damage|p2a: Skarmory|60/100|[from] Stealth Rock
|move|p1a: Scizor|Roost|p1a: Scizor
|-heal|p1a: Scizor|68/100
|-singleturn|p1a: Scizor|move: Roost
|
|-weather|none
|-heal|p1a: Scizor|74/100|[from] item: Leftovers
|upkeep
|turn|19
|
|t:|1655935492
|switch|p1a: Nihilego|Nihilego|100/100
|-damage|p1a: Nihilego|88/100|[from] Spikes
|-damage|p1a: Nihilego|75/100|[from] Stealth Rock
|move|p2a: Skarmory|Body Press|p1a: Nihilego
|-damage|p1a: Nihilego|18/100
|
|-heal|p1a: Nihilego|24/100|[from] item: Black Sludge
|upkeep
|turn|20
|
|t:|1655935502
|switch|p2a: Hippowdon|Hippowdon, M|32/100 psn
|-damage|p2a: Hippowdon|26/100 psn|[from] Stealth Rock
|-weather|Sandstorm|[from] ability: Sand Stream|[of] p2a: Hippowdon
|move|p1a: Nihilego|Power Gem|p2a: Hippowdon
|-resisted|p2a: Hippowdon
|-damage|p2a: Hippowdon|11/100 psn
|
|-weather|Sandstorm|[upkeep]
|-heal|p1a: Nihilego|30/100|[from] item: Black Sludge
|-damage|p2a: Hippowdon|0 fnt|[from] psn
|faint|p2a: Hippowdon
|upkeep
|
|t:|1655935516
|switch|p2a: Zarude|Zarude|100/100
|-damage|p2a: Zarude|88/100|[from] Stealth Rock
|turn|21
|
|t:|1655935524
|move|p2a: Zarude|Darkest Lariat|p1a: Nihilego
|-damage|p1a: Nihilego|0 fnt
|faint|p1a: Nihilego
|
|-weather|Sandstorm|[upkeep]
|-damage|p2a: Zarude|82/100|[from] Sandstorm
|upkeep
|
|t:|1655935530
|switch|p1a: Scizor|Scizor, F|74/100
|-damage|p1a: Scizor|62/100|[from] Spikes
|-damage|p1a: Scizor|49/100|[from] Stealth Rock
|turn|22
|
|t:|1655935539
|move|p2a: Zarude|Darkest Lariat|p1a: Scizor
|-damage|p1a: Scizor|1/100
|move|p1a: Scizor|U-turn|p2a: Zarude
|-supereffective|p2a: Zarude
|-damage|p2a: Zarude|0 fnt
|faint|p2a: Zarude
|
|t:|1655935546
|switch|p1a: Darmanitan|Darmanitan, F|84/100|[from]move: U-turn
|-damage|p1a: Darmanitan|72/100|[from] Spikes
|-damage|p1a: Darmanitan|47/100|[from] Stealth Rock
|
|-weather|Sandstorm|[upkeep]
|-damage|p1a: Darmanitan|41/100|[from] Sandstorm
|upkeep
|
|t:|1655935554
|switch|p2a: Skarmory|Skarmory, F|60/100
|-damage|p2a: Skarmory|47/100|[from] Stealth Rock
|turn|23
|
|t:|1655935557
|move|p1a: Darmanitan|Flare Blitz|p2a: Skarmory
|-supereffective|p2a: Skarmory
|-damage|p2a: Skarmory|0 fnt
|-damage|p1a: Darmanitan|24/100|[from] item: Rocky Helmet|[of] p2a: Skarmory
|faint|p2a: Skarmory
|-damage|p1a: Darmanitan|11/100|[from] Recoil
|
|-weather|Sandstorm|[upkeep]
|-damage|p1a: Darmanitan|5/100|[from] Sandstorm
|upkeep
|
|t:|1655935562
|switch|p2a: Slowbro|Slowbro-Galar, F|65/100
|-damage|p2a: Slowbro|53/100|[from] Stealth Rock
|turn|24
|
|t:|1655935568
|switch|p2a: Noivern|Noivern, F|100/100
|move|p1a: Darmanitan|Flare Blitz|p2a: Noivern
|-resisted|p2a: Noivern
|-damage|p2a: Noivern|46/100
|-damage|p1a: Darmanitan|0 fnt|[from] Recoil
|faint|p1a: Darmanitan
|
|-weather|none
|upkeep
|
|t:|1655935576
|switch|p1a: Gyarados|Gyarados, F|100/100
|-damage|p1a: Gyarados|76/100|[from] Stealth Rock
|-ability|p1a: Gyarados|Intimidate|boost
|-unboost|p2a: Noivern|atk|1
|turn|25
|
|t:|1655935583
|move|p2a: Noivern|Draco Meteor|p1a: Gyarados
|-damage|p1a: Gyarados|30/100
|-unboost|p2a: Noivern|spa|2
|move|p1a: Gyarados|Dragon Dance|p1a: Gyarados
|-boost|p1a: Gyarados|atk|1
|-boost|p1a: Gyarados|spe|1
|
|-heal|p1a: Gyarados|36/100|[from] item: Leftovers
|upkeep
|turn|26
|
|t:|1655935591
|move|p2a: Noivern|Draco Meteor|p1a: Gyarados
|-damage|p1a: Gyarados|13/100
|-unboost|p2a: Noivern|spa|2
|move|p1a: Gyarados|Dragon Dance|p1a: Gyarados
|-boost|p1a: Gyarados|atk|1
|-boost|p1a: Gyarados|spe|1
|
|-heal|p1a: Gyarados|19/100|[from] item: Leftovers
|upkeep
|turn|27
|
|t:|1655935600
|move|p1a: Gyarados|Bounce||[still]
|-prepare|p1a: Gyarados|Bounce
|move|p2a: Noivern|Draco Meteor|p1a: Gyarados|[miss]
|-miss|p2a: Noivern|p1a: Gyarados
|
|-heal|p1a: Gyarados|25/100|[from] item: Leftovers
|upkeep
|turn|28
|inactive|Battle timer is ON: inactive players will automatically lose when time's up. (requested by DDD951)
|inactive|Springerk has 120 seconds left.
|
|t:|1655935690
|move|p1a: Gyarados|Bounce|p2a: Noivern|[from]lockedmove
|-damage|p2a: Noivern|0 fnt
|faint|p2a: Noivern
|
|-heal|p1a: Gyarados|31/100|[from] item: Leftovers
|upkeep
|
|t:|1655935693
|switch|p2a: Slowbro|Slowbro-Galar, F|86/100
|-damage|p2a: Slowbro|73/100|[from] Stealth Rock
|turn|29
|
|t:|1655935699
|move|p1a: Gyarados|Waterfall|p2a: Slowbro
|-damage|p2a: Slowbro|15/100
|move|p2a: Slowbro|Sludge Bomb|p1a: Gyarados
|-damage|p1a: Gyarados|4/100
|
|-heal|p1a: Gyarados|10/100|[from] item: Leftovers
|upkeep
|turn|30
|
|t:|1655935706
|move|p1a: Gyarados|Waterfall|p2a: Slowbro
|-damage|p2a: Slowbro|0 fnt
|faint|p2a: Slowbro
|
|win|DDD951
|raw|DDD951's rating: 1421 &rarr; <strong>1447</strong><br />(+26 for winning)
|raw|Springerk's rating: 1531 &rarr; <strong>1505</strong><br />(-26 for losing)
|l|☆Springerk
||Ladder isn't responding, score probably updated but might not have (Request timeout).
