|j|☆Adrift and Alone
|j|☆luthier
|player|p1|Adrift and Alone|ethan-gen2|1655
|player|p2|luthier|kimonogirl|1523
|teamsize|p1|6
|teamsize|p2|6
|gametype|singles
|gen|8
|tier|[Gen 8] UU
|rated|
|clearpoke
|poke|p1|Pangoro, F|
|poke|p1|Rhyperior, F|
|poke|p1|Weezing-Galar, M|
|poke|p1|Reuniclus, F|
|poke|p1|Doublade, M|
|poke|p1|Noivern, F|
|poke|p2|Slurpuff, F|
|poke|p2|Chandelure, M|
|poke|p2|Mamoswine, F|
|poke|p2|Haxorus, M|
|poke|p2|Vanilluxe, M|
|poke|p2|Tsareena, F|
|rule|Sleep Clause Mod: Limit one foe put to sleep
|rule|Species Clause: Limit one of each Pokémon
|rule|OHKO Clause: OHKO moves are banned
|rule|Evasion Moves Clause: Evasion moves are banned
|rule|Endless Battle Clause: Forcing endless battles is banned
|rule|HP Percentage Mod: HP is shown in percentages
|rule|Dynamax Clause: You cannot dynamax
|teampreview
|c|☆luthier|kek
|c|☆luthier|hf
|c|☆Adrift and Alone|you too
|
|start
|switch|p1a: Reuniclus|Reuniclus, F|100/100
|switch|p2a: Chandelure|Chandelure, M|100/100
|turn|1
|
|move|p2a: Chandelure|Fire Blast|p1a: Reuniclus
|-damage|p1a: Reuniclus|65/100
|move|p1a: Reuniclus|Shadow Ball|p2a: Chandelure
|-supereffective|p2a: Chandelure
|-damage|p2a: Chandelure|10/100
|
|upkeep
|turn|2
|
|switch|p2a: Tsareena|Tsareena, F|100/100
|move|p1a: Reuniclus|Psychic|p2a: Tsareena
|-damage|p2a: Tsareena|43/100
|
|upkeep
|turn|3
|
|switch|p1a: Weezing|Weezing-Galar, M|100/100
|move|p2a: Tsareena|Knock Off|p1a: Weezing
|-resisted|p1a: Weezing
|-damage|p1a: Weezing|87/100
|-enditem|p1a: Weezing|Black Sludge|[from] move: Knock Off|[of] p2a: Tsareena
|
|upkeep
|turn|4
|
|switch|p2a: Vanilluxe|Vanilluxe, M|100/100
|-weather|Hail|[from] ability: Snow Warning|[of] p2a: Vanilluxe
|move|p1a: Weezing|Sludge Bomb|p2a: Vanilluxe
|-damage|p2a: Vanilluxe|49/100
|
|-weather|Hail|[upkeep]
|-damage|p1a: Weezing|81/100|[from] Hail
|upkeep
|turn|5
|
|move|p2a: Vanilluxe|Blizzard|p1a: Weezing
|-damage|p1a: Weezing|6/100
|move|p1a: Weezing|Sludge Bomb|p2a: Vanilluxe
|-damage|p2a: Vanilluxe|2/100
|-status|p2a: Vanilluxe|psn
|
|-weather|Hail|[upkeep]
|-damage|p1a: Weezing|0 fnt|[from] Hail
|faint|p1a: Weezing
|-damage|p2a: Vanilluxe|0 fnt|[from] psn
|faint|p2a: Vanilluxe
|upkeep
|
|switch|p2a: Chandelure|Chandelure, M|10/100
|switch|p1a: Reuniclus|Reuniclus, F|98/100
|turn|6
|
|move|p2a: Chandelure|Trick|p1a: Reuniclus
|-activate|p2a: Chandelure|move: Trick|[of] p1a: Reuniclus
|-item|p1a: Reuniclus|Choice Scarf|[from] move: Trick
|-item|p2a: Chandelure|Assault Vest|[from] move: Trick
|move|p1a: Reuniclus|Psychic|p2a: Chandelure
|-damage|p2a: Chandelure|0 fnt
|faint|p2a: Chandelure
|
|-weather|Hail|[upkeep]
|-damage|p1a: Reuniclus|92/100|[from] Hail
|upkeep
|
|switch|p2a: Haxorus|Haxorus, M|100/100
|-ability|p2a: Haxorus|Mold Breaker
|turn|7
|
|move|p2a: Haxorus|Outrage|p1a: Reuniclus
|-damage|p1a: Reuniclus|0 fnt
|faint|p1a: Reuniclus
|
|-weather|Hail|[upkeep]
|-damage|p2a: Haxorus|94/100|[from] Hail
|upkeep
|
|switch|p1a: Noivern|Noivern, F|100/100
|-item|p2a: Haxorus|Choice Band|[from] ability: Frisk|[of] p1a: Noivern|[identify]
|turn|8
|
|move|p1a: Noivern|Draco Meteor|p2a: Haxorus|[miss]
|-miss|p1a: Noivern|p2a: Haxorus
|move|p2a: Haxorus|Outrage|p1a: Noivern|[from]lockedmove
|-supereffective|p1a: Noivern
|-damage|p1a: Noivern|0 fnt
|-start|p2a: Haxorus|confusion|[fatigue]
|faint|p1a: Noivern
|
|-weather|none
|upkeep
|c|☆luthier|;jf;aldfjsfd
|c|☆luthier|im so sorry
|c|☆Adrift and Alone|ah that hurts
|c|☆luthier|:/
|
|switch|p1a: Doublade|Doublade, M|100/100
|turn|9
|c|☆luthier|thats so aids mb
|
|-activate|p2a: Haxorus|confusion
|-damage|p2a: Haxorus|63/100|[from] confusion
|move|p1a: Doublade|Iron Head|p2a: Haxorus
|-damage|p2a: Haxorus|12/100
|
|upkeep
|turn|10
|c|☆Adrift and Alone|its ok
|
|-activate|p2a: Haxorus|confusion
|-damage|p2a: Haxorus|0 fnt|[from] confusion
|faint|p2a: Haxorus
|move|p1a: Doublade|Swords Dance|p1a: Doublade
|-boost|p1a: Doublade|atk|2
|
|upkeep
|
|switch|p2a: Mamoswine|Mamoswine, F|100/100
|turn|11
|
|move|p2a: Mamoswine|Earthquake|p1a: Doublade
|-supereffective|p1a: Doublade
|-damage|p1a: Doublade|37/100
|-damage|p2a: Mamoswine|91/100|[from] item: Life Orb
|move|p1a: Doublade|Iron Head|p2a: Mamoswine
|-supereffective|p2a: Mamoswine
|-damage|p2a: Mamoswine|0 fnt
|faint|p2a: Mamoswine
|
|upkeep
|
|switch|p2a: Tsareena|Tsareena, F|43/100
|turn|12
|c|☆luthier|gg
|
|move|p2a: Tsareena|Knock Off|p1a: Doublade
|-supereffective|p1a: Doublade
|-damage|p1a: Doublade|5/100
|-enditem|p1a: Doublade|Eviolite|[from] move: Knock Off|[of] p2a: Tsareena
|move|p1a: Doublade|Iron Head|p2a: Tsareena
|-damage|p2a: Tsareena|0 fnt
|faint|p2a: Tsareena
|
|upkeep
|
|switch|p2a: Slurpuff|Slurpuff, F|100/100
|turn|13
|c|☆Adrift and Alone|gg
|
|move|p1a: Doublade|Shadow Sneak|p2a: Slurpuff
|-damage|p2a: Slurpuff|51/100
|move|p2a: Slurpuff|Play Rough|p1a: Doublade
|-resisted|p1a: Doublade
|-damage|p1a: Doublade|0 fnt
|faint|p1a: Doublade
|
|upkeep
|
|switch|p1a: Pangoro|Pangoro, F|100/100
|turn|14
|
|move|p1a: Pangoro|Bullet Punch|p2a: Slurpuff
|-supereffective|p2a: Slurpuff
|-damage|p2a: Slurpuff|0 fnt
|faint|p2a: Slurpuff
|
|win|Adrift and Alone
|l|☆luthier
|raw|Adrift and Alone's rating: 1655 &rarr; <strong>1668</strong><br />(+13 for winning)
|raw|luthier's rating: 1523 &rarr; <strong>1510</strong><br />(-13 for losing)
