|j|☆Appleking123
|j|☆enoelr
|t:|1654980055
|gametype|singles
|player|p1|Appleking123|hiker-gen4|
|player|p2|enoelr|birdkeeper-gen4dp|
|teamsize|p1|6
|teamsize|p2|6
|gen|8
|tier|[Gen 8] UU
|rule|Sleep Clause Mod: Limit one foe put to sleep
|rule|Species Clause: Limit one of each Pokémon
|rule|OHKO Clause: OHKO moves are banned
|rule|Evasion Moves Clause: Evasion moves are banned
|rule|Endless Battle Clause: Forcing endless battles is banned
|rule|HP Percentage Mod: HP is shown in percentages
|rule|Dynamax Clause: You cannot dynamax
|clearpoke
|poke|p1|Rotom-Wash|
|poke|p1|Conkeldurr, F|
|poke|p1|Tangrowth, M|
|poke|p1|Chandelure, M|
|poke|p1|Lycanroc-Dusk, M|
|poke|p1|Chansey, F|
|poke|p2|Vanilluxe, F|
|poke|p2|Salamence, F|
|poke|p2|Excadrill, F|
|poke|p2|Azelf|
|poke|p2|Slowking, F|
|poke|p2|Zarude-Dada|
|teampreview
|c|☆enoelr|glhf
|c|☆Appleking123|u 2
|
|t:|1654980095
|start
|switch|p1a: Bonk!|Conkeldurr, F|100/100
|switch|p2a: Azelf|Azelf|100/100
|turn|1
|
|t:|1654980105
|switch|p1a: Egg|Chansey, F|100/100
|move|p2a: Azelf|Knock Off|p1a: Egg
|-damage|p1a: Egg|82/100
|-enditem|p1a: Egg|Eviolite|[from] move: Knock Off|[of] p2a: Azelf
|
|upkeep
|turn|2
|
|t:|1654980114
|switch|p1a: Spaghet|Tangrowth, M|100/100
|move|p2a: Azelf|U-turn|p1a: Spaghet
|-supereffective|p1a: Spaghet
|-damage|p1a: Spaghet|77/100
|-damage|p2a: Azelf|84/100|[from] item: Rocky Helmet|[of] p1a: Spaghet
|
|t:|1654980124
|switch|p2a: Salamence|Salamence, F|100/100|[from]move: U-turn
|-ability|p2a: Salamence|Intimidate|boost
|-unboost|p1a: Spaghet|atk|1
|
|upkeep
|turn|3
|
|t:|1654980140
|switch|p1a: Egg|Chansey, F|82/100
|move|p2a: Salamence|Draco Meteor|p1a: Egg|[miss]
|-miss|p2a: Salamence|p1a: Egg
|
|upkeep
|turn|4
|
|t:|1654980144
|switch|p2a: Excadrill|Excadrill, F|100/100
|-ability|p2a: Excadrill|Mold Breaker
|move|p1a: Egg|Stealth Rock|p2a: Excadrill
|-sidestart|p2: enoelr|move: Stealth Rock
|
|upkeep
|turn|5
|
|t:|1654980157
|switch|p1a: Bonk!|Conkeldurr, F|100/100
|move|p2a: Excadrill|Stealth Rock|p1a: Bonk!
|-sidestart|p1: Appleking123|move: Stealth Rock
|
|-status|p1a: Bonk!|brn|[from] item: Flame Orb
|upkeep
|turn|6
|
|t:|1654980167
|switch|p2a: Salamence|Salamence, F|100/100
|-ability|p2a: Salamence|Intimidate|boost
|-unboost|p1a: Bonk!|atk|1
|move|p1a: Bonk!|Knock Off|p2a: Salamence
|-damage|p2a: Salamence|54/100
|-enditem|p2a: Salamence|Heavy-Duty Boots|[from] move: Knock Off|[of] p1a: Bonk!
|
|-damage|p1a: Bonk!|94/100 brn|[from] brn
|upkeep
|turn|7
|
|t:|1654980173
|move|p2a: Salamence|Roost|p2a: Salamence
|-heal|p2a: Salamence|100/100
|-singleturn|p2a: Salamence|move: Roost
|move|p1a: Bonk!|Facade|p2a: Salamence
|-damage|p2a: Salamence|35/100
|
|-damage|p1a: Bonk!|88/100 brn|[from] brn
|upkeep
|turn|8
|
|t:|1654980182
|switch|p1a: Egg|Chansey, F|82/100
|-damage|p1a: Egg|70/100|[from] Stealth Rock
|move|p2a: Salamence|Roost|p2a: Salamence
|-heal|p2a: Salamence|85/100
|-singleturn|p2a: Salamence|move: Roost
|
|upkeep
|turn|9
|
|t:|1654980188
|switch|p2a: Excadrill|Excadrill, F|100/100
|-damage|p2a: Excadrill|97/100|[from] Stealth Rock
|-ability|p2a: Excadrill|Mold Breaker
|move|p1a: Egg|Teleport|p1a: Egg
|
|t:|1654980190
|switch|p1a: Bonk!|Conkeldurr, F|88/100 brn|[from]move: Teleport
|-damage|p1a: Bonk!|82/100 brn|[from] Stealth Rock
|
|-heal|p2a: Excadrill|100/100|[from] item: Leftovers
|-damage|p1a: Bonk!|76/100 brn|[from] brn
|upkeep
|turn|10
|
|t:|1654980208
|switch|p2a: Vanilluxe|Vanilluxe, F|100/100
|-damage|p2a: Vanilluxe|76/100|[from] Stealth Rock
|-weather|Hail|[from] ability: Snow Warning|[of] p2a: Vanilluxe
|move|p1a: Bonk!|Drain Punch|p2a: Vanilluxe
|-supereffective|p2a: Vanilluxe
|-damage|p2a: Vanilluxe|0 fnt
|-heal|p1a: Bonk!|100/100 brn|[from] drain|[of] p2a: Vanilluxe
|faint|p2a: Vanilluxe
|
|-weather|Hail|[upkeep]
|-damage|p1a: Bonk!|94/100 brn|[from] Hail
|-damage|p1a: Bonk!|88/100 brn|[from] brn
|upkeep
|
|t:|1654980215
|switch|p2a: Azelf|Azelf|84/100
|-damage|p2a: Azelf|72/100|[from] Stealth Rock
|turn|11
|
|t:|1654980218
|switch|p1a: Spaghet|Tangrowth, M|100/100
|-damage|p1a: Spaghet|88/100|[from] Stealth Rock
|move|p2a: Azelf|Psychic|p1a: Spaghet
|-damage|p1a: Spaghet|19/100
|
|-weather|Hail|[upkeep]
|-damage|p2a: Azelf|65/100|[from] Hail
|-damage|p1a: Spaghet|13/100|[from] Hail
|upkeep
|turn|12
|
|t:|1654980222
|switch|p1a: Egg|Chansey, F|70/100
|-damage|p1a: Egg|57/100|[from] Stealth Rock
|move|p2a: Azelf|U-turn|p1a: Egg
|-damage|p1a: Egg|37/100
|
|t:|1654980229
|switch|p2a: Excadrill|Excadrill, F|100/100|[from]move: U-turn
|-damage|p2a: Excadrill|97/100|[from] Stealth Rock
|-ability|p2a: Excadrill|Mold Breaker
|
|-weather|Hail|[upkeep]
|-damage|p2a: Excadrill|91/100|[from] Hail
|-damage|p1a: Egg|31/100|[from] Hail
|-heal|p2a: Excadrill|97/100|[from] item: Leftovers
|upkeep
|turn|13
|
|t:|1654980234
|move|p2a: Excadrill|Iron Head|p1a: Egg
|-damage|p1a: Egg|0 fnt
|faint|p1a: Egg
|
|-weather|Hail|[upkeep]
|-damage|p2a: Excadrill|91/100|[from] Hail
|-heal|p2a: Excadrill|97/100|[from] item: Leftovers
|upkeep
|
|t:|1654980236
|switch|p1a: Bonk!|Conkeldurr, F|88/100 brn
|-damage|p1a: Bonk!|82/100 brn|[from] Stealth Rock
|turn|14
|
|t:|1654980248
|switch|p2a: Salamence|Salamence, F|85/100
|-damage|p2a: Salamence|60/100|[from] Stealth Rock
|-ability|p2a: Salamence|Intimidate|boost
|-unboost|p1a: Bonk!|atk|1
|move|p1a: Bonk!|Drain Punch|p2a: Salamence
|-resisted|p2a: Salamence
|-damage|p2a: Salamence|33/100
|-heal|p1a: Bonk!|93/100 brn|[from] drain|[of] p2a: Salamence
|
|-weather|none
|-damage|p1a: Bonk!|87/100 brn|[from] brn
|upkeep
|turn|15
|
|t:|1654980257
|switch|p1a: Washington|Rotom-Wash|100/100
|-damage|p1a: Washington|88/100|[from] Stealth Rock
|move|p2a: Salamence|Draco Meteor|p1a: Washington
|-damage|p1a: Washington|25/100
|-unboost|p2a: Salamence|spa|2
|
|-heal|p1a: Washington|31/100|[from] item: Leftovers
|upkeep
|turn|16
|
|t:|1654980263
|switch|p2a: Zarude|Zarude-Dada|100/100
|move|p1a: Washington|Hydro Pump|p2a: Zarude
|-resisted|p2a: Zarude
|-damage|p2a: Zarude|79/100
|
|-heal|p1a: Washington|37/100|[from] item: Leftovers
|upkeep
|turn|17
|
|t:|1654980273
|move|p2a: Zarude|U-turn|p1a: Washington
|-damage|p1a: Washington|11/100
|
|t:|1654980282
|switch|p2a: Azelf|Azelf|65/100|[from]move: U-turn
|-damage|p2a: Azelf|53/100|[from] Stealth Rock
|move|p1a: Washington|Volt Switch|p2a: Azelf
|-damage|p2a: Azelf|9/100
|
|t:|1654980285
|switch|p1a: Bork|Lycanroc-Dusk, M|100/100|[from]move: Volt Switch
|-damage|p1a: Bork|88/100|[from] Stealth Rock
|
|upkeep
|turn|18
|
|t:|1654980294
|move|p1a: Bork|Accelerock|p2a: Azelf
|-damage|p2a: Azelf|0 fnt
|faint|p2a: Azelf
|-damage|p1a: Bork|78/100|[from] item: Life Orb
|
|upkeep
|
|t:|1654980298
|switch|p2a: Slowking|Slowking, F|100/100
|-damage|p2a: Slowking|88/100|[from] Stealth Rock
|turn|19
|
|t:|1654980308
|switch|p1a: Washington|Rotom-Wash|11/100
|-damage|p1a: Washington|0 fnt|[from] Stealth Rock
|faint|p1a: Washington
|move|p2a: Slowking|Scald|p1: Washington|[notarget]
|-fail|p2a: Slowking
|
|upkeep
|
|t:|1654980309
|switch|p1a: Spaghet|Tangrowth, M|46/100
|-damage|p1a: Spaghet|34/100|[from] Stealth Rock
|turn|20
|
|t:|1654980315
|switch|p2a: Zarude|Zarude-Dada|79/100
|move|p1a: Spaghet|Leech Seed|p2a: Zarude
|-immune|p2a: Zarude
|
|upkeep
|turn|21
|
|t:|1654980320
|switch|p1a: L A M P|Chandelure, M|100/100
|-damage|p1a: L A M P|76/100|[from] Stealth Rock
|move|p2a: Zarude|U-turn|p1a: L A M P
|-resisted|p1a: L A M P
|-damage|p1a: L A M P|67/100
|
|t:|1654980326
|switch|p2a: Excadrill|Excadrill, F|97/100|[from]move: U-turn
|-damage|p2a: Excadrill|94/100|[from] Stealth Rock
|-ability|p2a: Excadrill|Mold Breaker
|
|-heal|p2a: Excadrill|100/100|[from] item: Leftovers
|upkeep
|turn|22
|
|t:|1654980339
|switch|p2a: Slowking|Slowking, F|100/100
|-damage|p2a: Slowking|88/100|[from] Stealth Rock
|move|p1a: L A M P|Overheat|p2a: Slowking
|-resisted|p2a: Slowking
|-damage|p2a: Slowking|54/100
|-unboost|p1a: L A M P|spa|2
|
|upkeep
|turn|23
|
|t:|1654980348
|switch|p1a: Bonk!|Conkeldurr, F|87/100 brn
|-damage|p1a: Bonk!|80/100 brn|[from] Stealth Rock
|move|p2a: Slowking|Future Sight|p1a: Bonk!
|-start|p2a: Slowking|move: Future Sight
|
|-damage|p1a: Bonk!|74/100 brn|[from] brn
|upkeep
|turn|24
|
|t:|1654980357
|move|p1a: Bonk!|Facade|p2a: Slowking
|-damage|p2a: Slowking|0 fnt
|faint|p2a: Slowking
|
|-damage|p1a: Bonk!|68/100 brn|[from] brn
|upkeep
|
|t:|1654980363
|switch|p2a: Salamence|Salamence, F|33/100
|-damage|p2a: Salamence|9/100|[from] Stealth Rock
|-ability|p2a: Salamence|Intimidate|boost
|-unboost|p1a: Bonk!|atk|1
|turn|25
|
|t:|1654980372
|move|p1a: Bonk!|Mach Punch|p2a: Salamence
|-resisted|p2a: Salamence
|-damage|p2a: Salamence|0 fnt
|faint|p2a: Salamence
|
|-end|p1a: Bonk!|move: Future Sight
|-supereffective|p1a: Bonk!
|-damage|p1a: Bonk!|0 fnt
|faint|p1a: Bonk!
|upkeep
|
|t:|1654980378
|switch|p2a: Zarude|Zarude-Dada|79/100
|switch|p1a: Spaghet|Tangrowth, M|67/100
|-damage|p1a: Spaghet|54/100|[from] Stealth Rock
|turn|26
|
|t:|1654980387
|move|p2a: Zarude|Darkest Lariat|p1a: Spaghet
|-damage|p1a: Spaghet|34/100
|-damage|p2a: Zarude|63/100|[from] item: Rocky Helmet|[of] p1a: Spaghet
|move|p1a: Spaghet|Giga Drain|p2a: Zarude
|-resisted|p2a: Zarude
|-damage|p2a: Zarude|50/100
|-heal|p1a: Spaghet|40/100|[from] drain|[of] p2a: Zarude
|
|upkeep
|turn|27
|
|t:|1654980393
|move|p2a: Zarude|Jungle Healing|p2a: Zarude
|-heal|p2a: Zarude|75/100
|move|p1a: Spaghet|Giga Drain|p2a: Zarude
|-resisted|p2a: Zarude
|-damage|p2a: Zarude|60/100
|-heal|p1a: Spaghet|46/100|[from] drain|[of] p2a: Zarude
|
|upkeep
|turn|28
|
|t:|1654980396
|move|p2a: Zarude|Darkest Lariat|p1a: Spaghet
|-damage|p1a: Spaghet|23/100
|-damage|p2a: Zarude|44/100|[from] item: Rocky Helmet|[of] p1a: Spaghet
|move|p1a: Spaghet|Sludge Bomb|p2a: Zarude
|-supereffective|p2a: Zarude
|-damage|p2a: Zarude|0 fnt
|faint|p2a: Zarude
|
|upkeep
|
|t:|1654980399
|switch|p2a: Excadrill|Excadrill, F|100/100
|-damage|p2a: Excadrill|97/100|[from] Stealth Rock
|-ability|p2a: Excadrill|Mold Breaker
|turn|29
|
|t:|1654980403
|switch|p1a: L A M P|Chandelure, M|67/100
|-damage|p1a: L A M P|42/100|[from] Stealth Rock
|move|p2a: Excadrill|Rapid Spin|p1a: L A M P
|-immune|p1a: L A M P
|
|-heal|p2a: Excadrill|100/100|[from] item: Leftovers
|upkeep
|turn|30
|
|t:|1654980405
|move|p1a: L A M P|Overheat|p2a: Excadrill
|-supereffective|p2a: Excadrill
|-damage|p2a: Excadrill|0 fnt
|-unboost|p1a: L A M P|spa|2
|faint|p2a: Excadrill
|
|win|Appleking123
|c|☆Appleking123|gg
|c|☆enoelr|gg
|l|☆enoelr
