|j|☆MalachiteOW
|j|☆Bamarah
|player|p1|MalachiteOW|cynthia|1407
|player|p2|Bamarah|eusine-gen2|1402
|teamsize|p1|6
|teamsize|p2|6
|gametype|singles
|gen|8
|tier|[Gen 8] UU
|rated|
|clearpoke
|poke|p1|Scyther, M|
|poke|p1|Crawdaunt, F|
|poke|p1|Noivern, M|
|poke|p1|Hatterene, F|
|poke|p1|Incineroar, M|
|poke|p1|Scolipede, M|
|poke|p2|Noivern, M|
|poke|p2|Keldeo-Resolute|
|poke|p2|Darmanitan, M|
|poke|p2|Chandelure, M|
|poke|p2|Skarmory, M|
|poke|p2|Blissey, F|
|rule|Sleep Clause Mod: Limit one foe put to sleep
|rule|Species Clause: Limit one of each Pokémon
|rule|OHKO Clause: OHKO moves are banned
|rule|Evasion Moves Clause: Evasion moves are banned
|rule|Endless Battle Clause: Forcing endless battles is banned
|rule|HP Percentage Mod: HP is shown in percentages
|rule|Dynamax Clause: You cannot dynamax
|teampreview
|inactive|Battle timer is ON: inactive players will automatically lose when time's up. (requested by Bamarah)
|
|start
|switch|p1a: Splice|Scyther, M|100/100
|switch|p2a: Darmanitan|Darmanitan, M, shiny|100/100
|turn|1
|
|switch|p1a: Drop The Bass|Noivern, M|100/100
|move|p2a: Darmanitan|U-turn|p1a: Drop The Bass
|-resisted|p1a: Drop The Bass
|-damage|p1a: Drop The Bass|84/100
|
|switch|p2a: Blissey|Blissey, F, shiny|100/100|[from]move: U-turn
|
|upkeep
|turn|2
|
|move|p1a: Drop The Bass|U-turn|p2a: Blissey
|-damage|p2a: Blissey|79/100
|
|switch|p1a: Ryoma|Crawdaunt, F|100/100|[from]move: U-turn
|move|p2a: Blissey|Thunder Wave|p1a: Ryoma
|-status|p1a: Ryoma|par
|
|-heal|p2a: Blissey|85/100|[from] item: Leftovers
|upkeep
|turn|3
|
|switch|p2a: Keldeo|Keldeo-Resolute|100/100
|move|p1a: Ryoma|Crabhammer|p2a: Keldeo
|-resisted|p2a: Keldeo
|-damage|p2a: Keldeo|40/100
|
|upkeep
|turn|4
|
|switch|p1a: Drop The Bass|Noivern, M|84/100
|move|p2a: Keldeo|Surf|p1a: Drop The Bass
|-resisted|p1a: Drop The Bass
|-damage|p1a: Drop The Bass|40/100
|-damage|p2a: Keldeo|30/100|[from] item: Life Orb
|
|upkeep
|turn|5
|
|move|p1a: Drop The Bass|Roost|p1a: Drop The Bass
|-heal|p1a: Drop The Bass|91/100
|-singleturn|p1a: Drop The Bass|move: Roost
|move|p2a: Keldeo|Icy Wind|p1a: Drop The Bass
|-supereffective|p1a: Drop The Bass
|-damage|p1a: Drop The Bass|25/100
|-unboost|p1a: Drop The Bass|spe|1
|-damage|p2a: Keldeo|20/100|[from] item: Life Orb
|
|upkeep
|turn|6
|j| aesdasdasdasfasfa
|
|switch|p1a: Bellatrix|Hatterene, F|100/100
|move|p2a: Keldeo|Icy Wind|p1a: Bellatrix
|-damage|p1a: Bellatrix|74/100
|-unboost|p1a: Bellatrix|spe|1
|-damage|p2a: Keldeo|10/100|[from] item: Life Orb
|
|-heal|p1a: Bellatrix|80/100|[from] item: Leftovers
|upkeep
|turn|7
|
|switch|p1a: Drop The Bass|Noivern, M|25/100
|move|p2a: Keldeo|Surf|p1a: Drop The Bass
|-resisted|p1a: Drop The Bass
|-damage|p1a: Drop The Bass|0 fnt
|-damage|p2a: Keldeo|0 fnt|[from] item: Life Orb
|faint|p1a: Drop The Bass
|faint|p2a: Keldeo
|
|upkeep
|
|switch|p1a: Ryoma|Crawdaunt, F|100/100 par
|switch|p2a: Darmanitan|Darmanitan, M, shiny|100/100
|turn|8
|
|switch|p2a: Skarmory|Skarmory, M, shiny|100/100
|move|p1a: Ryoma|Knock Off|p2a: Skarmory
|-damage|p2a: Skarmory|29/100
|-enditem|p2a: Skarmory|Leftovers|[from] move: Knock Off|[of] p1a: Ryoma
|
|upkeep
|turn|9
|
|switch|p1a: Bellatrix|Hatterene, F|80/100
|move|p2a: Skarmory|Roost|p2a: Skarmory
|-heal|p2a: Skarmory|79/100
|-singleturn|p2a: Skarmory|move: Roost
|
|-heal|p1a: Bellatrix|86/100|[from] item: Leftovers
|upkeep
|turn|10
|inactive|Bamarah has 120 seconds left.
|
|switch|p2a: Chandelure|Chandelure, M, shiny|100/100
|move|p1a: Bellatrix|Calm Mind|p1a: Bellatrix
|-boost|p1a: Bellatrix|spa|1
|-boost|p1a: Bellatrix|spd|1
|
|-heal|p1a: Bellatrix|92/100|[from] item: Leftovers
|upkeep
|turn|11
|
|move|p2a: Chandelure|Shadow Ball|p1a: Bellatrix
|-supereffective|p1a: Bellatrix
|-damage|p1a: Bellatrix|31/100
|-unboost|p1a: Bellatrix|spd|1
|move|p1a: Bellatrix|Calm Mind|p1a: Bellatrix
|-boost|p1a: Bellatrix|spa|1
|-boost|p1a: Bellatrix|spd|1
|
|-heal|p1a: Bellatrix|37/100|[from] item: Leftovers
|upkeep
|turn|12
|
|switch|p1a: They're Great|Incineroar, M|100/100
|-ability|p1a: They're Great|Intimidate|boost
|-unboost|p2a: Chandelure|atk|1
|move|p2a: Chandelure|Shadow Ball|p1a: They're Great
|-resisted|p1a: They're Great
|-damage|p1a: They're Great|84/100
|
|upkeep
|turn|13
|inactive|Bamarah has 120 seconds left.
|
|switch|p2a: Noivern|Noivern, M, shiny|100/100
|move|p1a: They're Great|Knock Off|p2a: Noivern
|-damage|p2a: Noivern|52/100
|-enditem|p2a: Noivern|Life Orb|[from] move: Knock Off|[of] p1a: They're Great
|
|upkeep
|turn|14
|inactive|Bamarah has 120 seconds left.
|inactive|MalachiteOW has 120 seconds left.
|
|move|p2a: Noivern|Hurricane|p1a: They're Great
|-damage|p1a: They're Great|47/100
|move|p1a: They're Great|Parting Shot|p2a: Noivern
|-unboost|p2a: Noivern|atk|1
|-unboost|p2a: Noivern|spa|1
|
|switch|p1a: Bellatrix|Hatterene, F|37/100|[from]move: Parting Shot
|
|-heal|p1a: Bellatrix|43/100|[from] item: Leftovers
|upkeep
|turn|15
|
|switch|p2a: Darmanitan|Darmanitan, M, shiny|100/100
|move|p1a: Bellatrix|Draining Kiss|p2a: Darmanitan
|-resisted|p2a: Darmanitan
|-damage|p2a: Darmanitan|83/100
|-heal|p1a: Bellatrix|57/100|[from] drain|[of] p2a: Darmanitan
|
|-heal|p1a: Bellatrix|63/100|[from] item: Leftovers
|upkeep
|turn|16
|inactive|MalachiteOW has 120 seconds left.
|inactive|Bamarah has 120 seconds left.
|
|switch|p1a: They're Great|Incineroar, M|47/100
|-ability|p1a: They're Great|Intimidate|boost
|-unboost|p2a: Darmanitan|atk|1
|move|p2a: Darmanitan|Flare Blitz|p1a: They're Great
|-resisted|p1a: They're Great
|-damage|p1a: They're Great|22/100
|-damage|p2a: Darmanitan|74/100|[from] Recoil
|
|upkeep
|turn|17
|
|move|p2a: Darmanitan|Flare Blitz|p1a: They're Great
|-resisted|p1a: They're Great
|-damage|p1a: They're Great|0 fnt
|-damage|p2a: Darmanitan|66/100|[from] Recoil
|faint|p1a: They're Great
|
|upkeep
|
|switch|p1a: Ryoma|Crawdaunt, F|100/100 par
|turn|18
|
|switch|p2a: Blissey|Blissey, F, shiny|85/100
|move|p1a: Ryoma|Crabhammer|p2a: Blissey
|-damage|p2a: Blissey|0 fnt
|faint|p2a: Blissey
|
|upkeep
|inactive|Bamarah has 120 seconds left.
|
|switch|p2a: Darmanitan|Darmanitan, M, shiny|66/100
|turn|19
|inactive|MalachiteOW has 120 seconds left.
|
|switch|p1a: Bellatrix|Hatterene, F|63/100
|move|p2a: Darmanitan|U-turn|p1a: Bellatrix
|-damage|p1a: Bellatrix|42/100
|inactive|Bamarah has 120 seconds left.
|
|switch|p2a: Chandelure|Chandelure, M, shiny|100/100|[from]move: U-turn
|
|-heal|p1a: Bellatrix|48/100|[from] item: Leftovers
|upkeep
|turn|20
|inactive|Bamarah has 120 seconds left.
|
|move|p2a: Chandelure|Flamethrower|p1a: Bellatrix
|-damage|p1a: Bellatrix|0 fnt
|faint|p1a: Bellatrix
|
|upkeep
|
|switch|p1a: Ryoma|Crawdaunt, F|100/100 par
|turn|21
|inactive|Bamarah has 120 seconds left.
|
|switch|p2a: Noivern|Noivern, M, shiny|52/100
|cant|p1a: Ryoma|par
|
|upkeep
|turn|22
|inactive|MalachiteOW has 120 seconds left.
|
|move|p2a: Noivern|Draco Meteor|p1a: Ryoma
|-damage|p1a: Ryoma|0 fnt
|-unboost|p2a: Noivern|spa|2
|faint|p1a: Ryoma
|
|upkeep
|j| Age Regression
|l| Age Regression
|
|switch|p1a: Splice|Scyther, M|100/100
|turn|23
|
|switch|p2a: Chandelure|Chandelure, M, shiny|100/100
|move|p1a: Splice|U-turn|p2a: Chandelure
|-resisted|p2a: Chandelure
|-damage|p2a: Chandelure|84/100
|
|switch|p1a: Caterkiller|Scolipede, M, shiny|100/100|[from]move: U-turn
|
|upkeep
|turn|24
|
|move|p2a: Chandelure|Flamethrower|p1a: Caterkiller
|-supereffective|p1a: Caterkiller
|-damage|p1a: Caterkiller|0 fnt
|faint|p1a: Caterkiller
|
|upkeep
|-message|MalachiteOW forfeited.
|
|win|Bamarah
|l|☆MalachiteOW
