|j|☆QuilyIsHere
|j|☆esqimo589
|t:|1662312196
|gametype|singles
|player|p1|QuilyIsHere|bruno|1297
|player|p2|esqimo589|n|1336
|teamsize|p1|6
|teamsize|p2|6
|gen|8
|tier|[Gen 8] UU
|rated|
|rule|Sleep Clause Mod: Limit one foe put to sleep
|rule|Species Clause: Limit one of each Pokémon
|rule|OHKO Clause: OHKO moves are banned
|rule|Evasion Items Clause: Evasion items are banned
|rule|Evasion Moves Clause: Evasion moves are banned
|rule|Endless Battle Clause: Forcing endless battles is banned
|rule|HP Percentage Mod: HP is shown in percentages
|rule|Dynamax Clause: You cannot dynamax
|clearpoke
|poke|p1|Torkoal, F|
|poke|p1|Thundurus-Therian, M|
|poke|p1|Darmanitan, F|
|poke|p1|Venusaur, F|
|poke|p1|Swampert, M|
|poke|p1|Conkeldurr, M|
|poke|p2|Slowbro-Galar, F|
|poke|p2|Diggersby, M|
|poke|p2|Cobalion|
|poke|p2|Tangrowth, F|
|poke|p2|Salamence, F|
|poke|p2|Primarina, M|
|teampreview
|inactive|Battle timer is ON: inactive players will automatically lose when time's up. (requested by esqimo589)
|
|t:|1662312212
|start
|switch|p1a: Thundurus|Thundurus-Therian, M|100/100
|switch|p2a: tangrussy|Tangrowth, F|100/100
|turn|1
|
|t:|1662312220
|switch|p1a: Torkoal|Torkoal, F|100/100
|-weather|SunnyDay|[from] ability: Drought|[of] p1a: Torkoal
|move|p2a: tangrussy|Knock Off|p1a: Torkoal
|-damage|p1a: Torkoal|88/100
|-enditem|p1a: Torkoal|Heat Rock|[from] move: Knock Off|[of] p2a: tangrussy
|
|-weather|SunnyDay|[upkeep]
|upkeep
|turn|2
|j| SeanGlaceon
|
|t:|1662312230
|switch|p2a: quack|Primarina, M|100/100
|switch|p1a: Thundurus|Thundurus-Therian, M|100/100
|
|-weather|SunnyDay|[upkeep]
|upkeep
|turn|3
|
|t:|1662312247
|switch|p2a: big chungus|Diggersby, M|100/100
|move|p1a: Thundurus|Volt Switch|p2a: big chungus
|-immune|p2a: big chungus
|
|-weather|SunnyDay|[upkeep]
|upkeep
|turn|4
|
|t:|1662312255
|switch|p1a: Swampert|Swampert, M|100/100
|move|p2a: big chungus|U-turn|p1a: Swampert
|-damage|p1a: Swampert|75/100
|
|t:|1662312261
|switch|p2a: tangrussy|Tangrowth, F|100/100|[from]move: U-turn
|
|-weather|SunnyDay|[upkeep]
|-heal|p1a: Swampert|81/100|[from] item: Leftovers
|upkeep
|turn|5
|inactive|QuilyIsHere has 120 seconds left.
|
|t:|1662312292
|switch|p1a: Torkoal|Torkoal, F|88/100
|move|p2a: tangrussy|Knock Off|p1a: Torkoal
|-damage|p1a: Torkoal|80/100
|
|-weather|SunnyDay|[upkeep]
|upkeep
|turn|6
|inactive|QuilyIsHere has 120 seconds left.
|
|t:|1662312303
|switch|p2a: quack|Primarina, M|100/100
|switch|p1a: Thundurus|Thundurus-Therian, M|100/100
|
|-weather|SunnyDay|[upkeep]
|upkeep
|turn|7
|inactive|QuilyIsHere has 120 seconds left.
|
|t:|1662312315
|switch|p2a: tangrussy|Tangrowth, F|100/100
|move|p1a: Thundurus|Weather Ball|p2a: tangrussy
|-supereffective|p2a: tangrussy
|-damage|p2a: tangrussy|0 fnt
|faint|p2a: tangrussy
|
|-weather|SunnyDay|[upkeep]
|upkeep
|
|t:|1662312323
|switch|p2a: goat|Cobalion|100/100
|turn|8
|
|t:|1662312335
|switch|p1a: Darmanitan|Darmanitan, F|100/100
|move|p2a: goat|Stone Edge|p1a: Darmanitan
|-supereffective|p1a: Darmanitan
|-damage|p1a: Darmanitan|22/100
|
|-weather|none
|upkeep
|turn|9
|
|t:|1662312342
|switch|p2a: whiteeyesbluedrag|Salamence, F|100/100
|-ability|p2a: whiteeyesbluedrag|Intimidate|boost
|-unboost|p1a: Darmanitan|atk|1
|move|p1a: Darmanitan|Flare Blitz|p2a: whiteeyesbluedrag
|-resisted|p2a: whiteeyesbluedrag
|-damage|p2a: whiteeyesbluedrag|72/100
|-damage|p1a: Darmanitan|12/100|[from] Recoil
|
|upkeep
|turn|10
|inactive|QuilyIsHere has 120 seconds left.
|
|t:|1662312366
|switch|p1a: Swampert|Swampert, M|81/100
|move|p2a: whiteeyesbluedrag|Hurricane|p1a: Swampert
|-damage|p1a: Swampert|55/100
|
|-heal|p1a: Swampert|61/100|[from] item: Leftovers
|upkeep
|turn|11
|
|t:|1662312375
|switch|p2a: quack|Primarina, M|100/100
|move|p1a: Swampert|Ice Beam|p2a: quack
|-resisted|p2a: quack
|-damage|p2a: quack|94/100
|
|-heal|p2a: quack|100/100|[from] item: Leftovers
|-heal|p1a: Swampert|67/100|[from] item: Leftovers
|upkeep
|turn|12
|
|t:|1662312381
|move|p2a: quack|Scald|p1a: Swampert
|-damage|p1a: Swampert|44/100
|move|p1a: Swampert|Stealth Rock|p2a: quack
|-sidestart|p2: esqimo589|move: Stealth Rock
|
|-heal|p1a: Swampert|50/100|[from] item: Leftovers
|upkeep
|turn|13
|
|t:|1662312387
|switch|p1a: Torkoal|Torkoal, F|80/100
|-weather|SunnyDay|[from] ability: Drought|[of] p1a: Torkoal
|move|p2a: quack|Scald|p1a: Torkoal
|-supereffective|p1a: Torkoal
|-damage|p1a: Torkoal|35/100
|
|-weather|SunnyDay|[upkeep]
|upkeep
|turn|14
|
|t:|1662312396
|switch|p2a: headache|Slowbro-Galar, F|100/100
|-damage|p2a: headache|88/100|[from] Stealth Rock
|move|p1a: Torkoal|Lava Plume|p2a: headache
|-damage|p2a: headache|49/100
|
|-weather|SunnyDay|[upkeep]
|upkeep
|turn|15
|
|t:|1662312402
|switch|p2a: quack|Primarina, M|100/100
|-damage|p2a: quack|88/100|[from] Stealth Rock
|move|p1a: Torkoal|Lava Plume|p2a: quack
|-resisted|p2a: quack
|-damage|p2a: quack|76/100
|
|-weather|SunnyDay|[upkeep]
|-heal|p2a: quack|82/100|[from] item: Leftovers
|upkeep
|turn|16
|
|t:|1662312414
|switch|p2a: whiteeyesbluedrag|Salamence, F|72/100
|-ability|p2a: whiteeyesbluedrag|Intimidate|boost
|-unboost|p1a: Torkoal|atk|1
|switch|p1a: Darmanitan|Darmanitan, F|12/100
|
|-weather|SunnyDay|[upkeep]
|upkeep
|turn|17
|
|t:|1662312423
|switch|p2a: goat|Cobalion|100/100
|-damage|p2a: goat|97/100|[from] Stealth Rock
|move|p1a: Darmanitan|Rock Slide|p2a: goat
|-resisted|p2a: goat
|-damage|p2a: goat|90/100
|
|-weather|none
|upkeep
|turn|18
|
|t:|1662312446
|switch|p1a: Conkeldurr|Conkeldurr, M|100/100
|move|p2a: goat|Close Combat|p1a: Conkeldurr
|-damage|p1a: Conkeldurr|51/100
|-unboost|p2a: goat|def|1
|-unboost|p2a: goat|spd|1
|
|-status|p1a: Conkeldurr|brn|[from] item: Flame Orb
|upkeep
|turn|19
|
|t:|1662312458
|switch|p2a: whiteeyesbluedrag|Salamence, F|72/100
|-ability|p2a: whiteeyesbluedrag|Intimidate|boost
|-unboost|p1a: Conkeldurr|atk|1
|move|p1a: Conkeldurr|Drain Punch|p2a: whiteeyesbluedrag
|-resisted|p2a: whiteeyesbluedrag
|-damage|p2a: whiteeyesbluedrag|49/100
|-heal|p1a: Conkeldurr|63/100 brn|[from] drain|[of] p2a: whiteeyesbluedrag
|
|-damage|p1a: Conkeldurr|57/100 brn|[from] brn
|upkeep
|turn|20
|
|t:|1662312478
|switch|p1a: Torkoal|Torkoal, F|35/100
|-weather|SunnyDay|[from] ability: Drought|[of] p1a: Torkoal
|move|p2a: whiteeyesbluedrag|Roost|p2a: whiteeyesbluedrag
|-heal|p2a: whiteeyesbluedrag|99/100
|-singleturn|p2a: whiteeyesbluedrag|move: Roost
|
|-weather|SunnyDay|[upkeep]
|upkeep
|turn|21
|
|t:|1662312488
|move|p2a: whiteeyesbluedrag|Defog|p1a: Torkoal
|-unboost|p1a: Torkoal|evasion|1
|-sideend|p2: esqimo589|Stealth Rock|[from] move: Defog|[of] p2a: whiteeyesbluedrag
|move|p1a: Torkoal|Rest|p1a: Torkoal
|-status|p1a: Torkoal|slp|[from] move: Rest
|-heal|p1a: Torkoal|100/100 slp|[silent]
|
|-weather|SunnyDay|[upkeep]
|upkeep
|turn|22
|
|t:|1662312508
|switch|p2a: quack|Primarina, M|82/100
|switch|p1a: Darmanitan|Darmanitan, F|12/100
|
|-weather|SunnyDay|[upkeep]
|-heal|p2a: quack|88/100|[from] item: Leftovers
|upkeep
|turn|23
|inactive|QuilyIsHere has 120 seconds left.
|inactive|esqimo589 has 120 seconds left.
|
|t:|1662312533
|switch|p2a: goat|Cobalion|90/100
|move|p1a: Darmanitan|Flare Blitz|p2a: goat
|-supereffective|p2a: goat
|-damage|p2a: goat|0 fnt
|-damage|p1a: Darmanitan|0 fnt|[from] item: Rocky Helmet|[of] p2a: goat
|faint|p2a: goat
|faint|p1a: Darmanitan
|
|-weather|SunnyDay|[upkeep]
|upkeep
|inactive|esqimo589 has 120 seconds left.
|
|t:|1662312546
|switch|p2a: headache|Slowbro-Galar, F|82/100
|switch|p1a: Thundurus|Thundurus-Therian, M|100/100
|turn|24
|inactive|QuilyIsHere has 120 seconds left.
|
|t:|1662312574
|switch|p1a: Swampert|Swampert, M|50/100
|switch|p2a: whiteeyesbluedrag|Salamence, F|99/100
|-ability|p2a: whiteeyesbluedrag|Intimidate|boost
|-unboost|p1a: Swampert|atk|1
|
|-weather|none
|-heal|p1a: Swampert|56/100|[from] item: Leftovers
|upkeep
|turn|25
|
|t:|1662312584
|switch|p2a: quack|Primarina, M|88/100
|move|p1a: Swampert|Ice Beam|p2a: quack
|-resisted|p2a: quack
|-damage|p2a: quack|82/100
|
|-heal|p2a: quack|88/100|[from] item: Leftovers
|-heal|p1a: Swampert|62/100|[from] item: Leftovers
|upkeep
|turn|26
|
|t:|1662312588
|move|p2a: quack|Scald|p1a: Swampert
|-damage|p1a: Swampert|41/100
|move|p1a: Swampert|Stealth Rock|p2a: quack
|-sidestart|p2: esqimo589|move: Stealth Rock
|
|-heal|p2a: quack|94/100|[from] item: Leftovers
|-heal|p1a: Swampert|48/100|[from] item: Leftovers
|upkeep
|turn|27
|
|t:|1662312595
|move|p2a: quack|Scald|p1a: Swampert
|-damage|p1a: Swampert|25/100
|move|p1a: Swampert|Flip Turn|p2a: quack
|-resisted|p2a: quack
|-damage|p2a: quack|84/100
|
|t:|1662312602
|switch|p1a: Thundurus|Thundurus-Therian, M|100/100|[from]move: Flip Turn
|
|-heal|p2a: quack|90/100|[from] item: Leftovers
|upkeep
|turn|28
|
|t:|1662312611
|move|p1a: Thundurus|Psychic|p2a: quack
|-damage|p2a: quack|56/100
|move|p2a: quack|Scald|p1a: Thundurus
|-damage|p1a: Thundurus|54/100
|
|-heal|p2a: quack|62/100|[from] item: Leftovers
|upkeep
|turn|29
|
|t:|1662312619
|switch|p1a: Torkoal|Torkoal, F|100/100 slp
|-weather|SunnyDay|[from] ability: Drought|[of] p1a: Torkoal
|switch|p2a: big chungus|Diggersby, M|100/100
|-damage|p2a: big chungus|94/100|[from] Stealth Rock
|
|-weather|SunnyDay|[upkeep]
|upkeep
|turn|30
|
|t:|1662312631
|move|p2a: big chungus|Earthquake|p1a: Torkoal
|-supereffective|p1a: Torkoal
|-damage|p1a: Torkoal|32/100 slp
|cant|p1a: Torkoal|slp
|move|p1a: Torkoal|Sleep Talk|p1a: Torkoal
|move|p1a: Torkoal|Rest||[from]move: Sleep Talk|[still]
|-fail|p1a: Torkoal
|
|-weather|SunnyDay|[upkeep]
|upkeep
|turn|31
|
|t:|1662312642
|switch|p2a: whiteeyesbluedrag|Salamence, F|99/100
|-ability|p2a: whiteeyesbluedrag|Intimidate|boost
|-unboost|p1a: Torkoal|atk|1
|cant|p1a: Torkoal|slp
|move|p1a: Torkoal|Sleep Talk|p1a: Torkoal
|move|p1a: Torkoal|Rapid Spin|p2a: whiteeyesbluedrag|[from]move: Sleep Talk
|-damage|p2a: whiteeyesbluedrag|93/100
|-boost|p1a: Torkoal|spe|1
|
|-weather|SunnyDay|[upkeep]
|upkeep
|turn|32
|
|t:|1662312659
|move|p2a: whiteeyesbluedrag|Flamethrower|p1a: Torkoal
|-resisted|p1a: Torkoal
|-damage|p1a: Torkoal|12/100 slp
|-curestatus|p1a: Torkoal|slp|[msg]
|move|p1a: Torkoal|Lava Plume|p2a: whiteeyesbluedrag
|-resisted|p2a: whiteeyesbluedrag
|-damage|p2a: whiteeyesbluedrag|76/100
|
|-weather|SunnyDay|[upkeep]
|upkeep
|turn|33
|
|t:|1662312681
|switch|p1a: Swampert|Swampert, M|25/100
|move|p2a: whiteeyesbluedrag|Flamethrower|p1a: Swampert
|-resisted|p1a: Swampert
|-damage|p1a: Swampert|14/100
|-status|p1a: Swampert|brn
|
|-weather|none
|-heal|p1a: Swampert|21/100 brn|[from] item: Leftovers
|-damage|p1a: Swampert|14/100 brn|[from] brn
|upkeep
|turn|34
|
|t:|1662312688
|move|p2a: whiteeyesbluedrag|Hurricane|p1a: Swampert
|-damage|p1a: Swampert|0 fnt
|faint|p1a: Swampert
|
|upkeep
|
|t:|1662312691
|switch|p1a: Torkoal|Torkoal, F|12/100
|-weather|SunnyDay|[from] ability: Drought|[of] p1a: Torkoal
|turn|35
|
|t:|1662312704
|move|p2a: whiteeyesbluedrag|Defog|p1a: Torkoal
|-unboost|p1a: Torkoal|evasion|1
|-sideend|p2: esqimo589|Stealth Rock|[from] move: Defog|[of] p2a: whiteeyesbluedrag
|move|p1a: Torkoal|Lava Plume|p2a: whiteeyesbluedrag
|-resisted|p2a: whiteeyesbluedrag
|-crit|p2a: whiteeyesbluedrag
|-damage|p2a: whiteeyesbluedrag|53/100
|
|-weather|SunnyDay|[upkeep]
|upkeep
|turn|36
|
|t:|1662312718
|move|p2a: whiteeyesbluedrag|Roost|p2a: whiteeyesbluedrag
|-heal|p2a: whiteeyesbluedrag|100/100
|-singleturn|p2a: whiteeyesbluedrag|move: Roost
|move|p1a: Torkoal|Lava Plume|p2a: whiteeyesbluedrag
|-resisted|p2a: whiteeyesbluedrag
|-damage|p2a: whiteeyesbluedrag|84/100
|
|-weather|SunnyDay|[upkeep]
|upkeep
|turn|37
|
|t:|1662312731
|move|p2a: whiteeyesbluedrag|Flamethrower|p1a: Torkoal
|-resisted|p1a: Torkoal
|-damage|p1a: Torkoal|0 fnt
|faint|p1a: Torkoal
|
|-weather|SunnyDay|[upkeep]
|upkeep
|
|t:|1662312734
|switch|p1a: Thundurus|Thundurus-Therian, M|54/100
|turn|38
|
|t:|1662312741
|switch|p2a: big chungus|Diggersby, M|94/100
|move|p1a: Thundurus|Volt Switch|p2a: big chungus
|-immune|p2a: big chungus
|
|-weather|SunnyDay|[upkeep]
|upkeep
|turn|39
|
|t:|1662312752
|switch|p1a: Venusaur|Venusaur, F|100/100
|move|p2a: big chungus|Body Slam|p1a: Venusaur
|-damage|p1a: Venusaur|29/100
|
|-weather|none
|upkeep
|turn|40
|
|t:|1662312763
|move|p2a: big chungus|Body Slam|p1a: Venusaur
|-damage|p1a: Venusaur|0 fnt
|faint|p1a: Venusaur
|
|upkeep
|
|t:|1662312768
|switch|p1a: Conkeldurr|Conkeldurr, M|57/100 brn
|turn|41
|
|t:|1662312771
|switch|p2a: whiteeyesbluedrag|Salamence, F|84/100
|-ability|p2a: whiteeyesbluedrag|Intimidate|boost
|-unboost|p1a: Conkeldurr|atk|1
|move|p1a: Conkeldurr|Sunny Day|p1a: Conkeldurr
|-weather|SunnyDay
|
|-weather|SunnyDay|[upkeep]
|-damage|p1a: Conkeldurr|51/100 brn|[from] brn
|upkeep
|turn|42
|
|t:|1662312778
|move|p2a: whiteeyesbluedrag|Hurricane|p1a: Conkeldurr
|-supereffective|p1a: Conkeldurr
|-damage|p1a: Conkeldurr|0 fnt
|faint|p1a: Conkeldurr
|
|-weather|SunnyDay|[upkeep]
|upkeep
|
|t:|1662312780
|switch|p1a: Thundurus|Thundurus-Therian, M|54/100
|turn|43
|
|t:|1662312786
|move|p1a: Thundurus|Weather Ball|p2a: whiteeyesbluedrag
|-resisted|p2a: whiteeyesbluedrag
|-damage|p2a: whiteeyesbluedrag|42/100
|move|p2a: whiteeyesbluedrag|Flamethrower|p1a: Thundurus
|-damage|p1a: Thundurus|8/100
|
|-weather|SunnyDay|[upkeep]
|upkeep
|turn|44
|
|t:|1662312792
|move|p1a: Thundurus|Weather Ball|p2a: whiteeyesbluedrag
|-resisted|p2a: whiteeyesbluedrag
|-damage|p2a: whiteeyesbluedrag|3/100
|move|p2a: whiteeyesbluedrag|Flamethrower|p1a: Thundurus
|-damage|p1a: Thundurus|0 fnt
|faint|p1a: Thundurus
|
|win|esqimo589
|raw|QuilyIsHere's rating: 1297 &rarr; <strong>1275</strong><br />(-22 for losing)
|raw|esqimo589's rating: 1336 &rarr; <strong>1354</strong><br />(+18 for winning)
|l| SeanGlaceon
|c|☆esqimo589|gg
|c|☆QuilyIsHere|gg
|l|☆QuilyIsHere
||Ladder isn't responding, score probably updated but might not have (Request timeout).
