|j|☆Marshmellow.OwO
|j|☆d01ph1ne
|t:|1662139235
|gametype|singles
|player|p1|Marshmellow.OwO|hexmaniac-gen6|1397
|player|p2|d01ph1ne|169|1482
|teamsize|p1|6
|teamsize|p2|6
|gen|8
|tier|[Gen 8] UU
|rated|
|rule|Sleep Clause Mod: Limit one foe put to sleep
|rule|Species Clause: Limit one of each Pokémon
|rule|OHKO Clause: OHKO moves are banned
|rule|Evasion Items Clause: Evasion items are banned
|rule|Evasion Moves Clause: Evasion moves are banned
|rule|Endless Battle Clause: Forcing endless battles is banned
|rule|HP Percentage Mod: HP is shown in percentages
|rule|Dynamax Clause: You cannot dynamax
|clearpoke
|poke|p1|Slurpuff, M|
|poke|p1|Thundurus-Therian, M|
|poke|p1|Scizor, M|
|poke|p1|Gyarados, M|
|poke|p1|Krookodile, M|
|poke|p1|Necrozma|
|poke|p2|Conkeldurr, M|
|poke|p2|Zarude-Dada|
|poke|p2|Scizor, F|
|poke|p2|Salamence, F|
|poke|p2|Nidoqueen, F|
|poke|p2|Slowking, M|
|teampreview
|inactive|Battle timer is ON: inactive players will automatically lose when time's up. (requested by Marshmellow.OwO)
|
|t:|1662139247
|start
|switch|p1a: Slurpuff|Slurpuff, M|100/100
|switch|p2a: Zarude|Zarude-Dada|100/100
|turn|1
|
|t:|1662139251
|move|p2a: Zarude|U-turn|p1a: Slurpuff
|-resisted|p1a: Slurpuff
|-damage|p1a: Slurpuff|79/100
|
|t:|1662139254
|switch|p2a: Nidoqueen|Nidoqueen, F|100/100|[from]move: U-turn
|move|p1a: Slurpuff|Sticky Web|p2a: Nidoqueen
|-sidestart|p2: d01ph1ne|move: Sticky Web
|
|upkeep
|turn|2
|
|t:|1662139260
|move|p1a: Slurpuff|Misty Explosion|p2a: Nidoqueen
|-resisted|p2a: Nidoqueen
|-crit|p2a: Nidoqueen
|-damage|p2a: Nidoqueen|69/100
|faint|p1a: Slurpuff
|move|p2a: Nidoqueen|Sludge Wave|p1: Slurpuff|[notarget]
|-fail|p2a: Nidoqueen
|
|upkeep
|
|t:|1662139264
|switch|p1a: Krookodile|Krookodile, M|100/100
|-ability|p1a: Krookodile|Intimidate|boost
|-unboost|p2a: Nidoqueen|atk|1
|turn|3
|
|t:|1662139272
|switch|p2a: Salamence|Salamence, F|100/100
|-ability|p2a: Salamence|Intimidate|boost
|-unboost|p1a: Krookodile|atk|1
|move|p1a: Krookodile|Stealth Rock|p2a: Salamence
|-sidestart|p2: d01ph1ne|move: Stealth Rock
|
|upkeep
|turn|4
|
|t:|1662139279
|move|p1a: Krookodile|Taunt|p2a: Salamence
|-start|p2a: Salamence|move: Taunt
|cant|p2a: Salamence|move: Taunt|Defog
|
|upkeep
|turn|5
|
|t:|1662139286
|switch|p2a: Scizor|Scizor, F|100/100
|move|p1a: Krookodile|Knock Off|p2a: Scizor
|-damage|p2a: Scizor|61/100
|-enditem|p2a: Scizor|Heavy-Duty Boots|[from] move: Knock Off|[of] p1a: Krookodile
|-damage|p1a: Krookodile|91/100|[from] item: Life Orb
|
|upkeep
|turn|6
|
|t:|1662139291
|move|p1a: Krookodile|Taunt|p2a: Scizor
|-start|p2a: Scizor|move: Taunt
|cant|p2a: Scizor|move: Taunt|Roost
|
|upkeep
|turn|7
|
|t:|1662139295
|switch|p2a: Salamence|Salamence, F|100/100
|-ability|p2a: Salamence|Intimidate|boost
|-unboost|p1a: Krookodile|atk|1
|move|p1a: Krookodile|Earthquake|p2a: Salamence
|-immune|p2a: Salamence
|
|upkeep
|turn|8
|
|t:|1662139308
|switch|p2a: Conkeldurr|Conkeldurr, M|100/100
|-activate|p2a: Conkeldurr|move: Sticky Web
|-unboost|p2a: Conkeldurr|spe|1
|-damage|p2a: Conkeldurr|95/100|[from] Stealth Rock
|move|p1a: Krookodile|Taunt|p2a: Conkeldurr
|-start|p2a: Conkeldurr|move: Taunt
|
|-status|p2a: Conkeldurr|brn|[from] item: Flame Orb
|upkeep
|turn|9
|
|t:|1662139318
|move|p1a: Krookodile|Earthquake|p2a: Conkeldurr
|-damage|p2a: Conkeldurr|62/100 brn
|-damage|p1a: Krookodile|81/100|[from] item: Life Orb
|move|p2a: Conkeldurr|Knock Off|p1a: Krookodile
|-resisted|p1a: Krookodile
|-damage|p1a: Krookodile|42/100
|-enditem|p1a: Krookodile|Life Orb|[from] move: Knock Off|[of] p2a: Conkeldurr
|
|-damage|p2a: Conkeldurr|56/100 brn|[from] brn
|upkeep
|turn|10
|
|t:|1662139324
|move|p1a: Krookodile|Earthquake|p2a: Conkeldurr
|-damage|p2a: Conkeldurr|30/100 brn
|move|p2a: Conkeldurr|Drain Punch|p1a: Krookodile
|-supereffective|p1a: Krookodile
|-damage|p1a: Krookodile|0 fnt
|-heal|p2a: Conkeldurr|49/100 brn|[from] drain|[of] p1a: Krookodile
|faint|p1a: Krookodile
|
|-damage|p2a: Conkeldurr|43/100 brn|[from] brn
|-end|p2a: Conkeldurr|move: Taunt
|upkeep
|
|t:|1662139341
|switch|p1a: Thundurus|Thundurus-Therian, M|100/100
|turn|11
|
|t:|1662139352
|switch|p2a: Zarude|Zarude-Dada|100/100
|-activate|p2a: Zarude|move: Sticky Web
|-unboost|p2a: Zarude|spe|1
|-damage|p2a: Zarude|88/100|[from] Stealth Rock
|move|p1a: Thundurus|Nasty Plot|p1a: Thundurus
|-boost|p1a: Thundurus|spa|2
|
|upkeep
|turn|12
|c|☆d01ph1ne|that takes balls
|
|t:|1662139362
|move|p2a: Zarude|Darkest Lariat|p1a: Thundurus
|-damage|p1a: Thundurus|32/100
|move|p1a: Thundurus|Focus Blast|p2a: Zarude
|-supereffective|p2a: Zarude
|-damage|p2a: Zarude|0 fnt
|faint|p2a: Zarude
|
|upkeep
|
|t:|1662139383
|switch|p2a: Conkeldurr|Conkeldurr, M|43/100 brn
|-activate|p2a: Conkeldurr|move: Sticky Web
|-unboost|p2a: Conkeldurr|spe|1
|-damage|p2a: Conkeldurr|37/100 brn|[from] Stealth Rock
|turn|13
|
|t:|1662139408
|move|p2a: Conkeldurr|Mach Punch|p1a: Thundurus
|-resisted|p1a: Thundurus
|-damage|p1a: Thundurus|6/100
|move|p1a: Thundurus|Thunderbolt|p2a: Conkeldurr
|-damage|p2a: Conkeldurr|0 fnt
|faint|p2a: Conkeldurr
|
|upkeep
|
|t:|1662139413
|switch|p2a: Scizor|Scizor, F|61/100
|-activate|p2a: Scizor|move: Sticky Web
|-unboost|p2a: Scizor|spe|1
|-damage|p2a: Scizor|49/100|[from] Stealth Rock
|turn|14
|
|t:|1662139423
|move|p2a: Scizor|Bullet Punch|p1a: Thundurus
|-resisted|p1a: Thundurus
|-crit|p1a: Thundurus
|-damage|p1a: Thundurus|0 fnt
|faint|p1a: Thundurus
|
|upkeep
|
|t:|1662139430
|switch|p1a: Gyarados|Gyarados, M|100/100
|turn|15
|
|t:|1662139436
|move|p1a: Gyarados|Dragon Dance|p1a: Gyarados
|-boost|p1a: Gyarados|atk|1
|-boost|p1a: Gyarados|spe|1
|move|p2a: Scizor|Knock Off|p1a: Gyarados
|-damage|p1a: Gyarados|60/100
|-enditem|p1a: Gyarados|Power Herb|[from] move: Knock Off|[of] p2a: Scizor
|
|upkeep
|turn|16
|
|t:|1662139442
|switch|p2a: Salamence|Salamence, F|100/100
|-ability|p2a: Salamence|Intimidate|boost
|-unboost|p1a: Gyarados|atk|1
|move|p1a: Gyarados|Waterfall|p2a: Salamence
|-resisted|p2a: Salamence
|-damage|p2a: Salamence|85/100
|
|upkeep
|turn|17
|
|t:|1662139450
|switch|p2a: Scizor|Scizor, F|49/100
|-activate|p2a: Scizor|move: Sticky Web
|-unboost|p2a: Scizor|spe|1
|-damage|p2a: Scizor|36/100|[from] Stealth Rock
|move|p1a: Gyarados|Dragon Dance|p1a: Gyarados
|-boost|p1a: Gyarados|atk|1
|-boost|p1a: Gyarados|spe|1
|
|upkeep
|turn|18
|
|t:|1662139456
|move|p2a: Scizor|Bullet Punch|p1a: Gyarados
|-resisted|p1a: Gyarados
|-damage|p1a: Gyarados|41/100
|move|p1a: Gyarados|Waterfall|p2a: Scizor
|-damage|p2a: Scizor|0 fnt
|faint|p2a: Scizor
|-ability|p1a: Gyarados|Moxie|boost
|-boost|p1a: Gyarados|atk|1
|
|upkeep
|
|t:|1662139459
|switch|p2a: Salamence|Salamence, F|85/100
|-ability|p2a: Salamence|Intimidate|boost
|-unboost|p1a: Gyarados|atk|1
|turn|19
|
|t:|1662139463
|switch|p2a: Slowking|Slowking, M|100/100
|-activate|p2a: Slowking|move: Sticky Web
|-unboost|p2a: Slowking|spe|1
|-damage|p2a: Slowking|88/100|[from] Stealth Rock
|move|p1a: Gyarados|Bounce||[still]
|-prepare|p1a: Gyarados|Bounce
|
|upkeep
|turn|20
|
|t:|1662139471
|move|p1a: Gyarados|Bounce|p2a: Slowking|[from]lockedmove
|-damage|p2a: Slowking|45/100
|-status|p2a: Slowking|par
|move|p2a: Slowking|Future Sight|p1a: Gyarados
|-start|p2a: Slowking|move: Future Sight
|
|upkeep
|turn|21
|
|t:|1662139476
|move|p1a: Gyarados|Waterfall|p2a: Slowking
|-resisted|p2a: Slowking
|-damage|p2a: Slowking|22/100 par
|move|p2a: Slowking|Teleport|p2a: Slowking
|
|t:|1662139479
|switch|p2a: Salamence|Salamence, F|85/100|[from]move: Teleport
|-ability|p2a: Salamence|Intimidate|boost
|-unboost|p1a: Gyarados|atk|1
|
|upkeep
|turn|22
|
|t:|1662139488
|switch|p2a: Slowking|Slowking, M|55/100 par
|-activate|p2a: Slowking|move: Sticky Web
|-unboost|p2a: Slowking|spe|1
|-damage|p2a: Slowking|42/100 par|[from] Stealth Rock
|move|p1a: Gyarados|Bounce||[still]|[miss]
|-prepare|p1a: Gyarados|Bounce
|
|-end|p1a: Gyarados|move: Future Sight
|-miss|p2a: Slowking|p1a: Gyarados
|upkeep
|turn|23
|
|t:|1662139496
|move|p1a: Gyarados|Bounce|p2a: Slowking|[from]lockedmove
|-damage|p2a: Slowking|13/100 par
|move|p2a: Slowking|Slack Off|p2a: Slowking
|-heal|p2a: Slowking|63/100 par
|
|upkeep
|turn|24
|
|t:|1662139501
|move|p1a: Gyarados|Dragon Dance|p1a: Gyarados
|-boost|p1a: Gyarados|atk|1
|-boost|p1a: Gyarados|spe|1
|move|p2a: Slowking|Future Sight|p1a: Gyarados
|-start|p2a: Slowking|move: Future Sight
|
|upkeep
|turn|25
|
|t:|1662139509
|move|p1a: Gyarados|Power Whip|p2a: Slowking
|-supereffective|p2a: Slowking
|-damage|p2a: Slowking|0 fnt
|faint|p2a: Slowking
|-ability|p1a: Gyarados|Moxie|boost
|-boost|p1a: Gyarados|atk|1
|
|upkeep
|
|t:|1662139516
|switch|p2a: Salamence|Salamence, F|85/100
|-ability|p2a: Salamence|Intimidate|boost
|-unboost|p1a: Gyarados|atk|1
|turn|26
|
|t:|1662139520
|move|p1a: Gyarados|Bounce||[still]
|-prepare|p1a: Gyarados|Bounce
|move|p2a: Salamence|Dual Wingbeat|p1a: Gyarados|[miss]|[miss]
|-miss|p2a: Salamence|p1a: Gyarados
|
|-end|p1a: Gyarados|move: Future Sight
|-miss|p2: Slowking|p1a: Gyarados
|upkeep
|turn|27
|
|t:|1662139522
|move|p1a: Gyarados|Bounce|p2a: Salamence|[from]lockedmove
|-damage|p2a: Salamence|38/100
|move|p2a: Salamence|Dual Wingbeat|p1a: Gyarados|[miss]
|-miss|p2a: Salamence|p1a: Gyarados
|
|upkeep
|turn|28
|-message|d01ph1ne forfeited.
|
|win|Marshmellow.OwO
|raw|Marshmellow.OwO's rating: 1397 &rarr; <strong>1423</strong><br />(+26 for winning)
|raw|d01ph1ne's rating: 1499 &rarr; <strong>1473</strong><br />(-26 for losing)
|l|☆d01ph1ne
