|j|☆UULT91w mush
|j|☆sandro a.a
|t:|1661629287
|gametype|singles
|player|p1|UULT91w mush|erika-masters|1501
|player|p2|sandro a.a|palmer|1456
|teamsize|p1|6
|teamsize|p2|6
|gen|8
|tier|[Gen 8] UU
|rated|
|rule|Sleep Clause Mod: Limit one foe put to sleep
|rule|Species Clause: Limit one of each Pokémon
|rule|OHKO Clause: OHKO moves are banned
|rule|Evasion Items Clause: Evasion items are banned
|rule|Evasion Moves Clause: Evasion moves are banned
|rule|Endless Battle Clause: Forcing endless battles is banned
|rule|HP Percentage Mod: HP is shown in percentages
|rule|Dynamax Clause: You cannot dynamax
|clearpoke
|poke|p1|Slowbro-Galar, F|
|poke|p1|Salamence, M|
|poke|p1|Hippowdon, F|
|poke|p1|Tangrowth, M|
|poke|p1|Rotom-Wash|
|poke|p1|Cobalion|
|poke|p2|Lycanroc-Dusk, F|
|poke|p2|Mamoswine, M|
|poke|p2|Thundurus-Therian, M|
|poke|p2|Crawdaunt, M|
|poke|p2|Darmanitan, M|
|poke|p2|Necrozma|
|teampreview
|c|☆UULT91w mush|hf
|inactive|Battle timer is ON: inactive players will automatically lose when time's up. (requested by UULT91w mush)
|j|+avarice
|c|☆sandro a.a|gl
|j| ASKOV
|
|t:|1661629326
|start
|switch|p1a: Tangrowth|Tangrowth, M|100/100
|switch|p2a: Necrozma|Necrozma|100/100
|turn|1
|
|t:|1661629344
|switch|p1a: Hippowdon|Hippowdon, F|100/100
|-weather|Sandstorm|[from] ability: Sand Stream|[of] p1a: Hippowdon
|move|p2a: Necrozma|Heat Wave|p1a: Hippowdon
|-damage|p1a: Hippowdon|53/100
|
|-weather|Sandstorm|[upkeep]
|-damage|p2a: Necrozma|94/100|[from] Sandstorm
|-heal|p1a: Hippowdon|60/100|[from] item: Leftovers
|upkeep
|turn|2
|
|t:|1661629350
|switch|p2a: Thundurus|Thundurus-Therian, M|100/100
|move|p1a: Hippowdon|Slack Off|p1a: Hippowdon
|-heal|p1a: Hippowdon|100/100
|
|-weather|Sandstorm|[upkeep]
|-damage|p2a: Thundurus|94/100|[from] Sandstorm
|upkeep
|turn|3
|
|t:|1661629362
|move|p2a: Thundurus|Grass Knot|p1a: Hippowdon
|-supereffective|p1a: Hippowdon
|-damage|p1a: Hippowdon|28/100
|move|p1a: Hippowdon|Stealth Rock|p2a: Thundurus
|-sidestart|p2: sandro a.a|move: Stealth Rock
|
|-weather|Sandstorm|[upkeep]
|-damage|p2a: Thundurus|88/100|[from] Sandstorm
|-heal|p1a: Hippowdon|34/100|[from] item: Leftovers
|upkeep
|turn|4
|
|t:|1661629366
|switch|p1a: Tangrowth|Tangrowth, M|100/100
|move|p2a: Thundurus|Defog|p1a: Tangrowth
|-unboost|p1a: Tangrowth|evasion|1
|-sideend|p2: sandro a.a|Stealth Rock|[from] move: Defog|[of] p2a: Thundurus
|
|-weather|Sandstorm|[upkeep]
|-damage|p2a: Thundurus|82/100|[from] Sandstorm
|-damage|p1a: Tangrowth|94/100|[from] Sandstorm
|upkeep
|turn|5
|
|t:|1661629377
|switch|p1a: Slowbro|Slowbro-Galar, F|100/100
|move|p2a: Thundurus|Volt Switch|p1a: Slowbro
|-damage|p1a: Slowbro|60/100
|j| dirtbag67
|j| ca va barder
|
|t:|1661629396
|switch|p2a: Mamoswine|Mamoswine, M|100/100|[from]move: Volt Switch
|
|-weather|none
|upkeep
|turn|6
|
|t:|1661629399
|switch|p2a: Necrozma|Necrozma|94/100
|switch|p1a: Salamence|Salamence, M|100/100
|-ability|p1a: Salamence|Intimidate|boost
|-unboost|p2a: Necrozma|atk|1
|
|upkeep
|turn|7
|
|t:|1661629406
|move|p1a: Salamence|Dual Wingbeat|p2a: Necrozma
|-damage|p2a: Necrozma|79/100
|-damage|p2a: Necrozma|64/100
|-hitcount|p2a: Necrozma|2
|move|p2a: Necrozma|Dragon Pulse|p1a: Salamence
|-supereffective|p1a: Salamence
|-damage|p1a: Salamence|0 fnt
|faint|p1a: Salamence
|
|upkeep
|
|t:|1661629411
|switch|p1a: Cobalion|Cobalion|100/100
|turn|8
|c| dirtbag67|LOL
|j| KM
|
|t:|1661629429
|switch|p2a: Darmanitan|Darmanitan, M|100/100
|move|p1a: Cobalion|Swords Dance|p1a: Cobalion
|-boost|p1a: Cobalion|atk|2
|
|upkeep
|turn|9
|
|t:|1661629436
|switch|p1a: Rotom|Rotom-Wash|100/100
|move|p2a: Darmanitan|Flare Blitz|p1a: Rotom
|-resisted|p1a: Rotom
|-damage|p1a: Rotom|65/100
|-damage|p2a: Darmanitan|90/100|[from] Recoil
|
|-heal|p1a: Rotom|71/100|[from] item: Leftovers
|upkeep
|turn|10
|
|t:|1661629460
|switch|p2a: Thundurus|Thundurus-Therian, M|82/100
|switch|p1a: Cobalion|Cobalion|100/100
|
|upkeep
|turn|11
|
|t:|1661629465
|move|p1a: Cobalion|Stone Edge|p2a: Thundurus
|-supereffective|p2a: Thundurus
|-damage|p2a: Thundurus|0 fnt
|faint|p2a: Thundurus
|
|upkeep
|
|t:|1661629477
|switch|p2a: Darmanitan|Darmanitan, M|90/100
|turn|12
|
|t:|1661629482
|move|p2a: Darmanitan|U-turn|p1a: Cobalion
|-resisted|p1a: Cobalion
|-damage|p1a: Cobalion|95/100
|
|t:|1661629489
|switch|p2a: Lycanroc|Lycanroc-Dusk, F|100/100|[from]move: U-turn
|move|p1a: Cobalion|Swords Dance|p1a: Cobalion
|-boost|p1a: Cobalion|atk|2
|
|-heal|p1a: Cobalion|100/100|[from] item: Leftovers
|upkeep
|turn|13
|
|t:|1661629494
|switch|p1a: Slowbro|Slowbro-Galar, F|94/100
|move|p2a: Lycanroc|Close Combat|p1a: Slowbro
|-resisted|p1a: Slowbro
|-crit|p1a: Slowbro
|-damage|p1a: Slowbro|76/100
|-unboost|p2a: Lycanroc|def|1
|-unboost|p2a: Lycanroc|spd|1
|-damage|p2a: Lycanroc|91/100|[from] item: Life Orb
|
|upkeep
|turn|14
|
|t:|1661629509
|switch|p2a: Crawdaunt|Crawdaunt, M|100/100
|switch|p1a: Cobalion|Cobalion|100/100
|
|upkeep
|turn|15
|
|t:|1661629515
|move|p1a: Cobalion|Close Combat|p2a: Crawdaunt
|-supereffective|p2a: Crawdaunt
|-damage|p2a: Crawdaunt|0 fnt
|-unboost|p1a: Cobalion|def|1
|-unboost|p1a: Cobalion|spd|1
|faint|p2a: Crawdaunt
|
|upkeep
|
|t:|1661629523
|switch|p2a: Necrozma|Necrozma|64/100
|turn|16
|
|t:|1661629542
|switch|p1a: Hippowdon|Hippowdon, F|34/100
|-weather|Sandstorm|[from] ability: Sand Stream|[of] p1a: Hippowdon
|move|p2a: Necrozma|Photon Geyser|p1a: Hippowdon
|-damage|p1a: Hippowdon|0 fnt
|faint|p1a: Hippowdon
|
|-weather|Sandstorm|[upkeep]
|-damage|p2a: Necrozma|58/100|[from] Sandstorm
|upkeep
|
|t:|1661629547
|switch|p1a: Tangrowth|Tangrowth, M|100/100
|turn|17
|
|t:|1661629556
|move|p2a: Necrozma|Photon Geyser|p1a: Tangrowth
|-damage|p1a: Tangrowth|50/100
|move|p1a: Tangrowth|Knock Off|p2a: Necrozma
|-supereffective|p2a: Necrozma
|-damage|p2a: Necrozma|30/100
|-enditem|p2a: Necrozma|Choice Specs|[from] move: Knock Off|[of] p1a: Tangrowth
|
|-weather|Sandstorm|[upkeep]
|-damage|p2a: Necrozma|24/100|[from] Sandstorm
|-damage|p1a: Tangrowth|44/100|[from] Sandstorm
|upkeep
|turn|18
|
|t:|1661629562
|move|p2a: Necrozma|Heat Wave|p1a: Tangrowth
|-supereffective|p1a: Tangrowth
|-damage|p1a: Tangrowth|0 fnt
|faint|p1a: Tangrowth
|
|-weather|Sandstorm|[upkeep]
|-damage|p2a: Necrozma|18/100|[from] Sandstorm
|upkeep
|
|t:|1661629565
|switch|p1a: Cobalion|Cobalion|100/100
|turn|19
|
|t:|1661629572
|move|p1a: Cobalion|Megahorn|p2a: Necrozma
|-supereffective|p2a: Necrozma
|-damage|p2a: Necrozma|0 fnt
|faint|p2a: Necrozma
|
|-weather|Sandstorm|[upkeep]
|upkeep
|
|t:|1661629593
|switch|p2a: Lycanroc|Lycanroc-Dusk, F|91/100
|turn|20
|
|t:|1661629601
|switch|p1a: Slowbro|Slowbro-Galar, F|100/100
|move|p2a: Lycanroc|Stone Edge|p1a: Slowbro|[miss]
|-miss|p2a: Lycanroc|p1a: Slowbro
|
|-weather|none
|upkeep
|turn|21
|
|t:|1661629606
|move|p2a: Lycanroc|Stone Edge|p1a: Slowbro
|-crit|p1a: Slowbro
|-damage|p1a: Slowbro|33/100
|-damage|p2a: Lycanroc|81/100|[from] item: Life Orb
|move|p1a: Slowbro|Scald|p2a: Lycanroc
|-supereffective|p2a: Lycanroc
|-damage|p2a: Lycanroc|15/100
|
|upkeep
|turn|22
|
|t:|1661629625
|move|p2a: Lycanroc|Psychic Fangs|p1a: Slowbro
|-damage|p1a: Slowbro|0 fnt
|faint|p1a: Slowbro
|-damage|p2a: Lycanroc|5/100|[from] item: Life Orb
|
|upkeep
|
|t:|1661629631
|switch|p1a: Rotom|Rotom-Wash|71/100
|turn|23
|
|t:|1661629640
|switch|p1a: Cobalion|Cobalion|100/100
|move|p2a: Lycanroc|Close Combat|p1a: Cobalion
|-supereffective|p1a: Cobalion
|-damage|p1a: Cobalion|0 fnt
|-unboost|p2a: Lycanroc|def|1
|-unboost|p2a: Lycanroc|spd|1
|faint|p1a: Cobalion
|-damage|p2a: Lycanroc|0 fnt|[from] item: Life Orb
|faint|p2a: Lycanroc
|
|upkeep
|n| KM|km
|
|t:|1661629650
|switch|p2a: Darmanitan|Darmanitan, M|90/100
|switch|p1a: Rotom|Rotom-Wash|71/100
|turn|24
|
|t:|1661629658
|move|p2a: Darmanitan|Superpower|p1a: Rotom
|-damage|p1a: Rotom|38/100
|-unboost|p2a: Darmanitan|atk|1
|-unboost|p2a: Darmanitan|def|1
|move|p1a: Rotom|Hydro Pump|p2a: Darmanitan
|-supereffective|p2a: Darmanitan
|-damage|p2a: Darmanitan|0 fnt
|faint|p2a: Darmanitan
|
|-heal|p1a: Rotom|44/100|[from] item: Leftovers
|upkeep
|
|t:|1661629665
|switch|p2a: Mamoswine|Mamoswine, M|100/100
|turn|25
|
|t:|1661629667
|move|p2a: Mamoswine|Icicle Crash|p1a: Rotom
|-resisted|p1a: Rotom
|-damage|p1a: Rotom|27/100
|move|p1a: Rotom|Pain Split|p2a: Mamoswine
|-sethp|p2a: Mamoswine|62/100|[from] move: Pain Split|[silent]
|-sethp|p1a: Rotom|73/100|[from] move: Pain Split
|
|-heal|p2a: Mamoswine|68/100|[from] item: Leftovers
|-heal|p1a: Rotom|79/100|[from] item: Leftovers
|upkeep
|turn|26
|
|t:|1661629674
|move|p2a: Mamoswine|Icicle Crash|p1a: Rotom|[miss]
|-miss|p2a: Mamoswine|p1a: Rotom
|move|p1a: Rotom|Will-O-Wisp|p2a: Mamoswine
|-status|p2a: Mamoswine|brn
|
|-heal|p2a: Mamoswine|74/100 brn|[from] item: Leftovers
|-heal|p1a: Rotom|85/100|[from] item: Leftovers
|-damage|p2a: Mamoswine|68/100 brn|[from] brn
|upkeep
|turn|27
|
|t:|1661629677
|move|p2a: Mamoswine|Icicle Crash|p1a: Rotom|[miss]
|-miss|p2a: Mamoswine|p1a: Rotom
|move|p1a: Rotom|Hydro Pump|p2a: Mamoswine
|-supereffective|p2a: Mamoswine
|-damage|p2a: Mamoswine|0 fnt
|faint|p2a: Mamoswine
|
|win|UULT91w mush
|raw|UULT91w mush's rating: 1501 &rarr; <strong>1518</strong><br />(+17 for winning)
|raw|sandro a.a's rating: 1456 &rarr; <strong>1439</strong><br />(-17 for losing)
|c|☆sandro a.a|gg
|c|☆UULT91w mush|gg
|l|☆sandro a.a
