|j|☆braden13579
|j|☆uult81x km
|t:|1621790268
|gametype|singles
|player|p1|braden13579|190|1527
|player|p2|uult81x km|battlegirl-gen4|1484
|teamsize|p1|6
|teamsize|p2|6
|gen|8
|tier|[Gen 8] UU
|rated|
|rule|Sleep Clause Mod: Limit one foe put to sleep
|rule|Species Clause: Limit one of each Pokémon
|rule|OHKO Clause: OHKO moves are banned
|rule|Evasion Moves Clause: Evasion moves are banned
|rule|Endless Battle Clause: Forcing endless battles is banned
|rule|HP Percentage Mod: HP is shown in percentages
|rule|Dynamax Clause: You cannot dynamax
|clearpoke
|poke|p1|Aegislash, F|
|poke|p1|Conkeldurr, F|
|poke|p1|Zygarde-10%|
|poke|p1|Hatterene, F|
|poke|p1|Moltres|
|poke|p1|Suicune|
|poke|p2|Buzzwole|
|poke|p2|Diancie|
|poke|p2|Tangrowth, F|
|poke|p2|Moltres|
|poke|p2|Keldeo-Resolute|
|poke|p2|Metagross|
|teampreview
|j| avarice
|c| avarice|go km
|c|☆uult81x km|! _ !
|
|t:|1621790285
|start
|switch|p1a: Aegislash|Aegislash, F|100/100
|switch|p2a: reckless equus|Keldeo-Resolute|100/100
|turn|1
|
|t:|1621790291
|move|p2a: reckless equus|Surf|p1a: Aegislash
|-damage|p1a: Aegislash|36/100
|-formechange|p1a: Aegislash|Aegislash-Blade||[from] ability: Stance Change
|move|p1a: Aegislash|Shadow Ball|p2a: reckless equus
|-damage|p2a: reckless equus|24/100
|
|upkeep
|turn|2
|j| Juno
|
|t:|1621790299
|switch|p1a: Suicune|Suicune|100/100
|-ability|p1a: Suicune|Pressure
|move|p2a: reckless equus|Surf|p1a: Suicune
|-resisted|p1a: Suicune
|-damage|p1a: Suicune|73/100
|
|-heal|p1a: Suicune|79/100|[from] item: Leftovers
|upkeep
|turn|3
|
|t:|1621790308
|switch|p2a: banger tanger|Tangrowth, F|100/100
|move|p1a: Suicune|Scald|p2a: banger tanger
|-resisted|p2a: banger tanger
|-damage|p2a: banger tanger|90/100
|-status|p2a: banger tanger|brn
|
|-heal|p1a: Suicune|85/100|[from] item: Leftovers
|-damage|p2a: banger tanger|84/100 brn|[from] brn
|upkeep
|turn|4
|
|t:|1621790320
|move|p1a: Suicune|Substitute|p1a: Suicune
|-start|p1a: Suicune|Substitute
|-damage|p1a: Suicune|60/100
|move|p2a: banger tanger|Knock Off|p1a: Suicune
|-activate|p1a: Suicune|move: Substitute|[damage]
|
|-heal|p1a: Suicune|66/100|[from] item: Leftovers
|-damage|p2a: banger tanger|78/100 brn|[from] brn
|upkeep
|turn|5
|
|t:|1621790327
|move|p1a: Suicune|Calm Mind|p1a: Suicune
|-boost|p1a: Suicune|spa|1
|-boost|p1a: Suicune|spd|1
|move|p2a: banger tanger|Power Whip|p1a: Suicune|[miss]
|-miss|p2a: banger tanger|p1a: Suicune
|
|-heal|p1a: Suicune|73/100|[from] item: Leftovers
|-damage|p2a: banger tanger|72/100 brn|[from] brn
|upkeep
|turn|6
|c|☆uult81x km|. _ .
|
|t:|1621790336
|move|p1a: Suicune|Protect|p1a: Suicune
|-singleturn|p1a: Suicune|Protect
|move|p2a: banger tanger|Power Whip|p1a: Suicune
|-activate|p1a: Suicune|move: Protect
|
|-heal|p1a: Suicune|79/100|[from] item: Leftovers
|-damage|p2a: banger tanger|65/100 brn|[from] brn
|upkeep
|turn|7
|
|t:|1621790345
|move|p1a: Suicune|Calm Mind|p1a: Suicune
|-boost|p1a: Suicune|spa|1
|-boost|p1a: Suicune|spd|1
|move|p2a: banger tanger|Power Whip|p1a: Suicune
|-supereffective|p1a: Suicune
|-end|p1a: Suicune|Substitute
|
|-heal|p1a: Suicune|85/100|[from] item: Leftovers
|-damage|p2a: banger tanger|59/100 brn|[from] brn
|upkeep
|turn|8
|
|t:|1621790354
|move|p1a: Suicune|Substitute|p1a: Suicune
|-start|p1a: Suicune|Substitute
|-damage|p1a: Suicune|60/100
|move|p2a: banger tanger|Power Whip|p1a: Suicune
|-supereffective|p1a: Suicune
|-end|p1a: Suicune|Substitute
|
|-heal|p1a: Suicune|66/100|[from] item: Leftovers
|-damage|p2a: banger tanger|53/100 brn|[from] brn
|upkeep
|turn|9
|c| Juno|. _ .
|
|t:|1621790362
|switch|p2a: reckless equus|Keldeo-Resolute|24/100
|move|p1a: Suicune|Protect||[still]
|-fail|p1a: Suicune
|
|-heal|p1a: Suicune|72/100|[from] item: Leftovers
|upkeep
|turn|10
|
|t:|1621790369
|move|p2a: reckless equus|Secret Sword|p1a: Suicune
|-damage|p1a: Suicune|39/100
|move|p1a: Suicune|Scald|p2a: reckless equus
|-resisted|p2a: reckless equus
|-damage|p2a: reckless equus|0 fnt
|faint|p2a: reckless equus
|
|-heal|p1a: Suicune|45/100|[from] item: Leftovers
|upkeep
|j| ojr
|
|t:|1621790395
|switch|p2a: banger tanger|Tangrowth, F|86/100 brn
|turn|11
|j| Low Ladder Heroes
|
|t:|1621790398
|move|p1a: Suicune|Protect|p1a: Suicune
|-singleturn|p1a: Suicune|Protect
|move|p2a: banger tanger|Power Whip|p1a: Suicune
|-activate|p1a: Suicune|move: Protect
|
|-heal|p1a: Suicune|51/100|[from] item: Leftovers
|-damage|p2a: banger tanger|80/100 brn|[from] brn
|upkeep
|turn|12
|j| pif
|l| Juno
|
|t:|1621790409
|move|p1a: Suicune|Substitute|p1a: Suicune
|-start|p1a: Suicune|Substitute
|-damage|p1a: Suicune|26/100
|move|p2a: banger tanger|Power Whip|p1a: Suicune|[miss]
|-miss|p2a: banger tanger|p1a: Suicune
|
|-heal|p1a: Suicune|32/100|[from] item: Leftovers
|-damage|p2a: banger tanger|74/100 brn|[from] brn
|upkeep
|turn|13
|c|☆uult81x km|ah cmon
|
|t:|1621790417
|move|p1a: Suicune|Protect|p1a: Suicune
|-singleturn|p1a: Suicune|Protect
|move|p2a: banger tanger|Earthquake|p1a: Suicune
|-activate|p1a: Suicune|move: Protect
|
|-heal|p1a: Suicune|39/100|[from] item: Leftovers
|-damage|p2a: banger tanger|68/100 brn|[from] brn
|upkeep
|turn|14
|j| am unlucky
|j| JustFranco
|
|t:|1621790427
|move|p1a: Suicune|Calm Mind|p1a: Suicune
|-boost|p1a: Suicune|spa|1
|-boost|p1a: Suicune|spd|1
|move|p2a: banger tanger|Power Whip|p1a: Suicune
|-supereffective|p1a: Suicune
|-end|p1a: Suicune|Substitute
|
|-heal|p1a: Suicune|45/100|[from] item: Leftovers
|-damage|p2a: banger tanger|62/100 brn|[from] brn
|upkeep
|turn|15
|
|t:|1621790436
|move|p1a: Suicune|Protect|p1a: Suicune
|-singleturn|p1a: Suicune|Protect
|move|p2a: banger tanger|Power Whip|p1a: Suicune
|-activate|p1a: Suicune|move: Protect
|
|-heal|p1a: Suicune|51/100|[from] item: Leftovers
|-damage|p2a: banger tanger|56/100 brn|[from] brn
|upkeep
|turn|16
|
|t:|1621790445
|switch|p2a: polish demolish|Metagross|100/100
|move|p1a: Suicune|Substitute|p1a: Suicune
|-start|p1a: Suicune|Substitute
|-damage|p1a: Suicune|26/100
|
|-heal|p1a: Suicune|32/100|[from] item: Leftovers
|upkeep
|turn|17
|c| pif|polish demolish
|
|t:|1621790452
|move|p1a: Suicune|Protect|p1a: Suicune
|-singleturn|p1a: Suicune|Protect
|move|p2a: polish demolish|Zen Headbutt|p1a: Suicune
|-activate|p1a: Suicune|move: Protect
|
|-heal|p1a: Suicune|38/100|[from] item: Leftovers
|upkeep
|turn|18
|c| pif|x_x
|
|t:|1621790459
|move|p2a: polish demolish|Zen Headbutt|p1a: Suicune
|-end|p1a: Suicune|Substitute
|move|p1a: Suicune|Scald|p2a: polish demolish
|-damage|p2a: polish demolish|21/100
|-status|p2a: polish demolish|brn
|
|-heal|p1a: Suicune|45/100|[from] item: Leftovers
|-damage|p2a: polish demolish|15/100 brn|[from] brn
|upkeep
|turn|19
|c| pif|come on
|c|☆uult81x km|can i pls
|c|☆uult81x km|catch un break
|
|t:|1621790470
|move|p1a: Suicune|Protect|p1a: Suicune
|-singleturn|p1a: Suicune|Protect
|move|p2a: polish demolish|Zen Headbutt|p1a: Suicune
|-activate|p1a: Suicune|move: Protect
|
|-heal|p1a: Suicune|51/100|[from] item: Leftovers
|-damage|p2a: polish demolish|9/100 brn|[from] brn
|upkeep
|turn|20
|c| Low Ladder Heroes|cune is still broken
|
|t:|1621790477
|move|p2a: polish demolish|Zen Headbutt|p1a: Suicune
|-damage|p1a: Suicune|30/100
|move|p1a: Suicune|Substitute|p1a: Suicune
|-start|p1a: Suicune|Substitute
|-damage|p1a: Suicune|5/100
|
|-heal|p1a: Suicune|11/100|[from] item: Leftovers
|-damage|p2a: polish demolish|3/100 brn|[from] brn
|upkeep
|turn|21
|c| pif|save this replay for hilomilo
|c| ojr|godcune
|
|t:|1621790485
|move|p1a: Suicune|Protect|p1a: Suicune
|-singleturn|p1a: Suicune|Protect
|move|p2a: polish demolish|Zen Headbutt|p1a: Suicune
|-activate|p1a: Suicune|move: Protect
|
|-heal|p1a: Suicune|18/100|[from] item: Leftovers
|-damage|p2a: polish demolish|0 fnt|[from] brn
|faint|p2a: polish demolish
|upkeep
|c| pif|who thinks powerwhip tanga is a cune counter
|c| pif|:cwl:
|c|☆uult81x km|. _ >
|
|t:|1621790500
|switch|p2a: HNNNNGHHHHHH|Buzzwole|100/100
|turn|22
|c| Low Ladder Heroes|wellits bound to miss at one point
|
|t:|1621790503
|move|p2a: HNNNNGHHHHHH|Close Combat|p1a: Suicune
|-end|p1a: Suicune|Substitute
|-unboost|p2a: HNNNNGHHHHHH|def|1
|-unboost|p2a: HNNNNGHHHHHH|spd|1
|move|p1a: Suicune|Scald|p2a: HNNNNGHHHHHH
|-damage|p2a: HNNNNGHHHHHH|0 fnt
|faint|p2a: HNNNNGHHHHHH
|
|-heal|p1a: Suicune|24/100|[from] item: Leftovers
|upkeep
|c|☆uult81x km|or two points
|c|☆uult81x km|in this case
|c| Low Ladder Heroes|but why was cune slower than gross
|c| pif|its not bound to
|
|t:|1621790512
|switch|p2a: hurty birdy|Moltres|100/100
|turn|23
|
|t:|1621790514
|move|p2a: hurty birdy|Hurricane|p1a: Suicune
|-damage|p1a: Suicune|6/100
|move|p1a: Suicune|Scald|p2a: hurty birdy
|-supereffective|p2a: hurty birdy
|-damage|p2a: hurty birdy|0 fnt
|faint|p2a: hurty birdy
|
|-heal|p1a: Suicune|12/100|[from] item: Leftovers
|upkeep
|c| Low Ladder Heroes|was that scarf gross
|c|☆uult81x km|welp
|c|☆uult81x km|gg lmao
|-message|uult81x km forfeited.
|
|win|braden13579
|raw|braden13579's rating: 1528 &rarr; <strong>1545</strong><br />(+17 for winning)
|raw|uult81x km's rating: 1484 &rarr; <strong>1467</strong><br />(-17 for losing)
|l|☆uult81x km
|l|☆braden13579
|c| pif|i think
|c| pif|hes just slow
