|html|<div class="broadcast-blue"><strong>[Gen 8] UU is currently suspecting Thundurus-T! For information on how to participate check out the <a href="https://www.smogon.com/forums/threads/np-ss-uu-stage-11-boom-clap.3696000/">suspect thread</a>.</strong></div>
|j|☆Adrift and Alone
|j|☆7thfrontier
|t:|1641850034
|gametype|singles
|player|p1|Adrift and Alone|psychic-gen3|1577
|player|p2|7thfrontier|clay|1507
|teamsize|p1|6
|teamsize|p2|6
|gen|8
|tier|[Gen 8] UU
|rated|
|rule|Sleep Clause Mod: Limit one foe put to sleep
|rule|Species Clause: Limit one of each Pokémon
|rule|OHKO Clause: OHKO moves are banned
|rule|Evasion Moves Clause: Evasion moves are banned
|rule|Endless Battle Clause: Forcing endless battles is banned
|rule|HP Percentage Mod: HP is shown in percentages
|rule|Dynamax Clause: You cannot dynamax
|clearpoke
|poke|p1|Thundurus-Therian, M|
|poke|p1|Roserade, M|
|poke|p1|Sylveon, M|
|poke|p1|Seismitoad, M|
|poke|p1|Jirachi|
|poke|p1|Moltres-Galar|
|poke|p2|Skarmory, M|
|poke|p2|Zygarde-10%|
|poke|p2|Tentacruel, F|
|poke|p2|Umbreon, M|
|poke|p2|Rhyperior, F|
|poke|p2|Gardevoir, F|
|teampreview
|inactive|Battle timer is ON: inactive players will automatically lose when time's up. (requested by Adrift and Alone)
|inactive|7thfrontier has 120 seconds left.
|
|t:|1641850097
|start
|switch|p1a: Seismitoad|Seismitoad, M|100/100
|switch|p2a: Skarmory|Skarmory, M|100/100
|turn|1
|
|t:|1641850103
|move|p2a: Skarmory|Spikes|p1a: Seismitoad
|-sidestart|p1: Adrift and Alone|Spikes
|move|p1a: Seismitoad|Scald|p2a: Skarmory
|-damage|p2a: Skarmory|66/100
|
|upkeep
|turn|2
|
|t:|1641850108
|move|p2a: Skarmory|Spikes|p1a: Seismitoad
|-sidestart|p1: Adrift and Alone|Spikes
|move|p1a: Seismitoad|Scald|p2a: Skarmory
|-damage|p2a: Skarmory|30/100
|
|upkeep
|turn|3
|
|t:|1641850112
|move|p2a: Skarmory|Roost|p2a: Skarmory
|-heal|p2a: Skarmory|80/100
|-singleturn|p2a: Skarmory|move: Roost
|move|p1a: Seismitoad|Stealth Rock|p2a: Skarmory
|-sidestart|p2: 7thfrontier|move: Stealth Rock
|
|upkeep
|turn|4
|
|t:|1641850133
|switch|p2a: Umbreon|Umbreon, M|100/100
|-damage|p2a: Umbreon|88/100|[from] Stealth Rock
|move|p1a: Seismitoad|Scald|p2a: Umbreon
|-damage|p2a: Umbreon|70/100
|-status|p2a: Umbreon|brn
|-activate|p2a: Umbreon|ability: Synchronize
|-status|p1a: Seismitoad|brn
|
|-heal|p2a: Umbreon|76/100 brn|[from] item: Leftovers
|-damage|p2a: Umbreon|70/100 brn|[from] brn
|-damage|p1a: Seismitoad|94/100 brn|[from] brn
|upkeep
|turn|5
|
|t:|1641850145
|switch|p1a: Moltres|Moltres-Galar|100/100
|move|p2a: Umbreon|Heal Bell|p2a: Umbreon
|-activate|p2a: Umbreon|move: Heal Bell
|-curestatus|p2a: Umbreon|brn|[msg]
|
|-heal|p2a: Umbreon|76/100|[from] item: Leftovers
|upkeep
|turn|6
|
|t:|1641850154
|switch|p2a: Rhyperior|Rhyperior, F|100/100
|-damage|p2a: Rhyperior|94/100|[from] Stealth Rock
|move|p1a: Moltres|Nasty Plot|p1a: Moltres
|-boost|p1a: Moltres|spa|2
|
|-heal|p2a: Rhyperior|100/100|[from] item: Leftovers
|upkeep
|turn|7
|
|t:|1641850162
|switch|p1a: Seismitoad|Seismitoad, M|94/100 brn
|-damage|p1a: Seismitoad|78/100 brn|[from] Spikes
|move|p2a: Rhyperior|Stone Edge|p1a: Seismitoad
|-resisted|p1a: Seismitoad
|-damage|p1a: Seismitoad|61/100 brn
|
|-heal|p1a: Seismitoad|67/100 brn|[from] item: Leftovers
|-damage|p1a: Seismitoad|61/100 brn|[from] brn
|upkeep
|turn|8
|
|t:|1641850172
|switch|p2a: Umbreon|Umbreon, M|76/100
|-damage|p2a: Umbreon|63/100|[from] Stealth Rock
|move|p1a: Seismitoad|Scald|p2a: Umbreon
|-damage|p2a: Umbreon|47/100
|-status|p2a: Umbreon|brn
|-activate|p2a: Umbreon|ability: Synchronize
|-fail|p1a: Seismitoad|brn
|
|-heal|p2a: Umbreon|54/100 brn|[from] item: Leftovers
|-heal|p1a: Seismitoad|67/100 brn|[from] item: Leftovers
|-damage|p2a: Umbreon|47/100 brn|[from] brn
|-damage|p1a: Seismitoad|61/100 brn|[from] brn
|upkeep
|turn|9
|
|t:|1641850179
|switch|p1a: Roserade|Roserade, M|100/100
|-damage|p1a: Roserade|84/100|[from] Spikes
|move|p2a: Umbreon|Wish|p2a: Umbreon
|
|-heal|p1a: Roserade|90/100|[from] item: Black Sludge
|-heal|p2a: Umbreon|54/100 brn|[from] item: Leftovers
|-damage|p2a: Umbreon|47/100 brn|[from] brn
|upkeep
|turn|10
|
|t:|1641850188
|move|p1a: Roserade|Spikes|p2a: Umbreon
|-sidestart|p2: 7thfrontier|Spikes
|move|p2a: Umbreon|Heal Bell|p2a: Umbreon
|-activate|p2a: Umbreon|move: Heal Bell
|-curestatus|p2a: Umbreon|brn|[msg]
|
|-heal|p2a: Umbreon|97/100|[from] move: Wish|[wisher] Umbreon
|-heal|p1a: Roserade|96/100|[from] item: Black Sludge
|-heal|p2a: Umbreon|100/100|[from] item: Leftovers
|upkeep
|turn|11
|
|t:|1641850192
|switch|p2a: Tentacruel|Tentacruel, F|100/100
|-damage|p2a: Tentacruel|88/100|[from] Stealth Rock
|-damage|p2a: Tentacruel|76/100|[from] Spikes
|move|p1a: Roserade|Sleep Powder|p2a: Tentacruel
|-status|p2a: Tentacruel|slp|[from] move: Sleep Powder
|
|-heal|p1a: Roserade|100/100|[from] item: Black Sludge
|-heal|p2a: Tentacruel|82/100 slp|[from] item: Black Sludge
|upkeep
|turn|12
|
|t:|1641850213
|switch|p1a: Thundurus|Thundurus-Therian, M|100/100
|switch|p2a: Skarmory|Skarmory, M|80/100
|-damage|p2a: Skarmory|68/100|[from] Stealth Rock
|
|upkeep
|turn|13
|
|t:|1641850222
|switch|p2a: Gardevoir|Gardevoir, F|100/100
|-damage|p2a: Gardevoir|88/100|[from] Stealth Rock
|-damage|p2a: Gardevoir|76/100|[from] Spikes
|-ability|p2a: Gardevoir|Volt Absorb|[from] ability: Trace|[of] p1a: Thundurus
|move|p1a: Thundurus|Knock Off|p2a: Gardevoir
|-damage|p2a: Gardevoir|37/100
|-enditem|p2a: Gardevoir|Choice Scarf|[from] move: Knock Off|[of] p1a: Thundurus
|
|upkeep
|turn|14
|
|t:|1641850230
|move|p1a: Thundurus|Knock Off|p2a: Gardevoir
|-damage|p2a: Gardevoir|10/100
|move|p2a: Gardevoir|Moonblast|p1a: Thundurus
|-damage|p1a: Thundurus|30/100
|
|upkeep
|turn|15
|
|t:|1641850246
|move|p1a: Thundurus|Knock Off|p2a: Gardevoir
|-damage|p2a: Gardevoir|0 fnt
|faint|p2a: Gardevoir
|
|upkeep
|
|t:|1641850248
|switch|p2a: Zygarde|Zygarde-10%|100/100
|-damage|p2a: Zygarde|94/100|[from] Stealth Rock
|-damage|p2a: Zygarde|82/100|[from] Spikes
|-ability|p2a: Zygarde|Aura Break
|turn|16
|
|t:|1641850257
|switch|p1a: Seismitoad|Seismitoad, M|61/100 brn
|-damage|p1a: Seismitoad|44/100 brn|[from] Spikes
|move|p2a: Zygarde|Thousand Arrows|p1a: Seismitoad
|-damage|p1a: Seismitoad|5/100 brn
|
|-heal|p1a: Seismitoad|11/100 brn|[from] item: Leftovers
|-damage|p1a: Seismitoad|5/100 brn|[from] brn
|upkeep
|turn|17
|
|t:|1641850261
|move|p2a: Zygarde|Thousand Arrows|p1a: Seismitoad
|-damage|p1a: Seismitoad|0 fnt
|faint|p1a: Seismitoad
|
|upkeep
|
|t:|1641850267
|switch|p1a: Sylveon|Sylveon, M|100/100
|-damage|p1a: Sylveon|84/100|[from] Spikes
|turn|18
|
|t:|1641850272
|switch|p2a: Tentacruel|Tentacruel, F|82/100 slp
|-damage|p2a: Tentacruel|69/100 slp|[from] Stealth Rock
|-damage|p2a: Tentacruel|57/100 slp|[from] Spikes
|switch|p1a: Thundurus|Thundurus-Therian, M|30/100
|
|-heal|p2a: Tentacruel|63/100 slp|[from] item: Black Sludge
|upkeep
|turn|19
|
|t:|1641850279
|switch|p2a: Umbreon|Umbreon, M|100/100
|-damage|p2a: Umbreon|88/100|[from] Spikes
|-damage|p2a: Umbreon|76/100|[from] Stealth Rock
|move|p1a: Thundurus|Knock Off|p2a: Umbreon
|-resisted|p2a: Umbreon
|-damage|p2a: Umbreon|69/100
|-enditem|p2a: Umbreon|Leftovers|[from] move: Knock Off|[of] p1a: Thundurus
|
|upkeep
|turn|20
|
|t:|1641850284
|move|p1a: Thundurus|U-turn|p2a: Umbreon
|-supereffective|p2a: Umbreon
|-damage|p2a: Umbreon|50/100
|
|t:|1641850293
|switch|p1a: Roserade|Roserade, M|100/100|[from]move: U-turn
|-damage|p1a: Roserade|84/100|[from] Spikes
|move|p2a: Umbreon|Heal Bell|p2a: Umbreon
|-activate|p2a: Umbreon|move: Heal Bell
|-curestatus|p2: Tentacruel|slp|[msg]
|
|-heal|p1a: Roserade|90/100|[from] item: Black Sludge
|upkeep
|turn|21
|
|t:|1641850295
|move|p1a: Roserade|Spikes|p2a: Umbreon
|-sidestart|p2: 7thfrontier|Spikes
|move|p2a: Umbreon|Wish|p2a: Umbreon
|
|-heal|p1a: Roserade|96/100|[from] item: Black Sludge
|upkeep
|turn|22
|
|t:|1641850300
|move|p1a: Roserade|Sleep Powder|p2a: Umbreon
|-status|p2a: Umbreon|slp|[from] move: Sleep Powder
|cant|p2a: Umbreon|slp
|
|-heal|p2a: Umbreon|99/100 slp|[from] move: Wish|[wisher] Umbreon
|-heal|p1a: Roserade|100/100|[from] item: Black Sludge
|upkeep
|turn|23
|
|t:|1641850306
|switch|p2a: Tentacruel|Tentacruel, F|63/100
|-damage|p2a: Tentacruel|51/100|[from] Stealth Rock
|-damage|p2a: Tentacruel|34/100|[from] Spikes
|move|p1a: Roserade|Giga Drain|p2a: Tentacruel
|-damage|p2a: Tentacruel|9/100
|-damage|p1a: Roserade|85/100|[from] ability: Liquid Ooze|[of] p2a: Tentacruel
|
|-heal|p1a: Roserade|91/100|[from] item: Black Sludge
|-heal|p2a: Tentacruel|15/100|[from] item: Black Sludge
|upkeep
|turn|24
|
|t:|1641850312
|move|p1a: Roserade|Giga Drain|p2a: Tentacruel
|-damage|p2a: Tentacruel|0 fnt
|-damage|p1a: Roserade|82/100|[from] ability: Liquid Ooze|[of] p2a: Tentacruel
|faint|p2a: Tentacruel
|
|-heal|p1a: Roserade|88/100|[from] item: Black Sludge
|upkeep
|
|t:|1641850317
|switch|p2a: Zygarde|Zygarde-10%|82/100
|-damage|p2a: Zygarde|66/100|[from] Spikes
|-damage|p2a: Zygarde|60/100|[from] Stealth Rock
|-ability|p2a: Zygarde|Aura Break
|turn|25
|j| Celebiii32
|inactive|Adrift and Alone has 120 seconds left.
|
|t:|1641850350
|move|p2a: Zygarde|Thousand Arrows|p1a: Roserade
|-damage|p1a: Roserade|0 fnt
|faint|p1a: Roserade
|
|upkeep
|inactive|Adrift and Alone has 120 seconds left.
|
|t:|1641850361
|switch|p1a: Sylveon|Sylveon, M|84/100
|-damage|p1a: Sylveon|68/100|[from] Spikes
|turn|26
|
|t:|1641850366
|switch|p2a: Skarmory|Skarmory, M|68/100
|-damage|p2a: Skarmory|56/100|[from] Stealth Rock
|move|p1a: Sylveon|Hyper Voice|p2a: Skarmory
|-resisted|p2a: Skarmory
|-damage|p2a: Skarmory|28/100
|
|-heal|p1a: Sylveon|74/100|[from] item: Leftovers
|upkeep
|turn|27
|
|t:|1641850372
|switch|p1a: Thundurus|Thundurus-Therian, M|30/100
|move|p2a: Skarmory|Brave Bird|p1a: Thundurus
|-resisted|p1a: Thundurus
|-damage|p1a: Thundurus|5/100
|-damage|p2a: Skarmory|20/100|[from] Recoil
|
|upkeep
|turn|28
|
|t:|1641850381
|move|p1a: Thundurus|Thunderbolt|p2a: Skarmory
|-supereffective|p2a: Skarmory
|-damage|p2a: Skarmory|0 fnt
|faint|p2a: Skarmory
|
|upkeep
|
|t:|1641850383
|switch|p2a: Zygarde|Zygarde-10%|60/100
|-damage|p2a: Zygarde|54/100|[from] Stealth Rock
|-damage|p2a: Zygarde|37/100|[from] Spikes
|-ability|p2a: Zygarde|Aura Break
|turn|29
|
|t:|1641850389
|move|p2a: Zygarde|Thousand Arrows|p1a: Thundurus
|-damage|p1a: Thundurus|0 fnt
|faint|p1a: Thundurus
|
|upkeep
|
|t:|1641850393
|switch|p1a: Jirachi|Jirachi|100/100
|-damage|p1a: Jirachi|84/100|[from] Spikes
|turn|30
|
|t:|1641850396
|switch|p2a: Rhyperior|Rhyperior, F|100/100
|-damage|p2a: Rhyperior|84/100|[from] Spikes
|-damage|p2a: Rhyperior|78/100|[from] Stealth Rock
|move|p1a: Jirachi|Iron Head|p2a: Rhyperior
|-supereffective|p2a: Rhyperior
|-damage|p2a: Rhyperior|43/100
|
|-heal|p2a: Rhyperior|49/100|[from] item: Leftovers
|upkeep
|turn|31
|
|t:|1641850406
|move|p1a: Jirachi|Iron Head|p2a: Rhyperior
|-supereffective|p2a: Rhyperior
|-damage|p2a: Rhyperior|16/100
|cant|p2a: Rhyperior|flinch
|
|-heal|p2a: Rhyperior|22/100|[from] item: Leftovers
|upkeep
|turn|32
|
|t:|1641850411
|move|p1a: Jirachi|Iron Head|p2a: Rhyperior
|-supereffective|p2a: Rhyperior
|-damage|p2a: Rhyperior|0 fnt
|faint|p2a: Rhyperior
|
|upkeep
|
|t:|1641850412
|switch|p2a: Umbreon|Umbreon, M|99/100 slp
|-damage|p2a: Umbreon|83/100 slp|[from] Spikes
|-damage|p2a: Umbreon|71/100 slp|[from] Stealth Rock
|turn|33
|
|t:|1641850419
|switch|p1a: Moltres|Moltres-Galar|100/100
|switch|p2a: Zygarde|Zygarde-10%|37/100
|-damage|p2a: Zygarde|21/100|[from] Spikes
|-damage|p2a: Zygarde|15/100|[from] Stealth Rock
|-ability|p2a: Zygarde|Aura Break
|
|upkeep
|turn|34
|
|t:|1641850424
|move|p2a: Zygarde|Thousand Arrows|p1a: Moltres
|-damage|p1a: Moltres|40/100
|-start|p1a: Moltres|Smack Down
|-ability|p1a: Moltres|Berserk|boost
|-boost|p1a: Moltres|spa|1
|move|p1a: Moltres|Fiery Wrath|p2a: Zygarde
|-damage|p2a: Zygarde|0 fnt
|faint|p2a: Zygarde
|
|upkeep
|c|☆7thfrontier|g
|c|☆7thfrontier|g
|-message|7thfrontier forfeited.
|
|win|Adrift and Alone
|raw|Adrift and Alone's rating: 1577 &rarr; <strong>1593</strong><br />(+16 for winning)
|raw|7thfrontier's rating: 1507 &rarr; <strong>1491</strong><br />(-16 for losing)
|l|☆7thfrontier
|c|☆Adrift and Alone|gg
|l| Celebiii32
||Ladder isn't responding, score probably updated but might not have (Request timeout).
