|j|☆rulky
|j|☆Sypharius
|t:|1667250830
|gametype|singles
|player|p1|rulky|maid|1548
|player|p2|Sypharius|101|1449
|teamsize|p1|6
|teamsize|p2|6
|gen|8
|tier|[Gen 8] UU
|rated|
|rule|Sleep Clause Mod: Limit one foe put to sleep
|rule|Species Clause: Limit one of each Pokémon
|rule|OHKO Clause: OHKO moves are banned
|rule|Evasion Items Clause: Evasion items are banned
|rule|Evasion Moves Clause: Evasion moves are banned
|rule|Endless Battle Clause: Forcing endless battles is banned
|rule|HP Percentage Mod: HP is shown in percentages
|rule|Dynamax Clause: You cannot dynamax
|clearpoke
|poke|p1|Mamoswine, F|
|poke|p1|Zarude-Dada|
|poke|p1|Slowking, F|
|poke|p1|Nihilego|
|poke|p1|Salamence, F|
|poke|p1|Cobalion|
|poke|p2|Venusaur, M|
|poke|p2|Torkoal, F|
|poke|p2|Zarude|
|poke|p2|Conkeldurr, F|
|poke|p2|Darmanitan, F|
|poke|p2|Swampert, F|
|teampreview
|inactive|Battle timer is ON: inactive players will automatically lose when time's up. (requested by Sypharius)
|inactive|rulky has 120 seconds left.
|inactive|rulky has 90 seconds left.
|inactive|rulky has 60 seconds left.
|
|t:|1667250939
|start
|switch|p1a: Slowking|Slowking, F|100/100
|switch|p2a: Ape Shit|Zarude|100/100
|turn|1
|
|t:|1667250946
|move|p2a: Ape Shit|U-turn|p1a: Slowking
|-supereffective|p1a: Slowking
|-damage|p1a: Slowking|66/100
|
|t:|1667250951
|switch|p2a: Hot Shot|Torkoal, F|100/100|[from]move: U-turn
|-weather|SunnyDay|[from] ability: Drought|[of] p2a: Hot Shot
|move|p1a: Slowking|Future Sight|p2a: Hot Shot
|-start|p1a: Slowking|move: Future Sight
|
|-weather|SunnyDay|[upkeep]
|upkeep
|turn|2
|
|t:|1667250960
|move|p2a: Hot Shot|Stealth Rock|p1a: Slowking
|-sidestart|p1: rulky|move: Stealth Rock
|move|p1a: Slowking|Scald|p2a: Hot Shot
|-supereffective|p2a: Hot Shot
|-damage|p2a: Hot Shot|75/100
|
|-weather|SunnyDay|[upkeep]
|upkeep
|turn|3
|
|t:|1667250966
|switch|p2a: Ape Shit|Zarude|100/100
|move|p1a: Slowking|Teleport|p1a: Slowking
|
|t:|1667250968
|switch|p1a: Cobalion|Cobalion|100/100|[from]move: Teleport
|-damage|p1a: Cobalion|97/100|[from] Stealth Rock
|
|-weather|SunnyDay|[upkeep]
|-end|p2a: Ape Shit|move: Future Sight
|-immune|p2a: Ape Shit
|upkeep
|turn|4
|
|t:|1667250977
|move|p2a: Ape Shit|U-turn|p1a: Cobalion
|-resisted|p1a: Cobalion
|-damage|p1a: Cobalion|93/100
|-damage|p2a: Ape Shit|84/100|[from] item: Rocky Helmet|[of] p1a: Cobalion
|
|t:|1667250986
|switch|p2a: Boiled Frog|Swampert, F|100/100|[from]move: U-turn
|move|p1a: Cobalion|Stealth Rock|p2a: Boiled Frog
|-sidestart|p2: Sypharius|move: Stealth Rock
|
|-weather|SunnyDay|[upkeep]
|upkeep
|turn|5
|
|t:|1667251007
|switch|p1a: Salamence|Salamence, F|100/100
|-ability|p1a: Salamence|Intimidate|boost
|-unboost|p2a: Boiled Frog|atk|1
|move|p2a: Boiled Frog|Toxic|p1a: Salamence
|-status|p1a: Salamence|tox
|
|-weather|SunnyDay|[upkeep]
|-damage|p1a: Salamence|94/100 tox|[from] psn
|upkeep
|turn|6
|
|t:|1667251016
|move|p1a: Salamence|Draco Meteor|p2a: Boiled Frog
|-damage|p2a: Boiled Frog|55/100
|-unboost|p1a: Salamence|spa|2
|move|p2a: Boiled Frog|Flip Turn|p1a: Salamence
|-resisted|p1a: Salamence
|-damage|p1a: Salamence|90/100 tox
|
|t:|1667251024
|switch|p2a: Booger Sugar|Conkeldurr, F|100/100|[from]move: Flip Turn
|-damage|p2a: Booger Sugar|94/100|[from] Stealth Rock
|
|-weather|SunnyDay|[upkeep]
|-damage|p1a: Salamence|78/100 tox|[from] psn
|-status|p2a: Booger Sugar|brn|[from] item: Flame Orb
|upkeep
|turn|7
|
|t:|1667251036
|switch|p1a: Slowking|Slowking, F|99/100
|-damage|p1a: Slowking|87/100|[from] Stealth Rock
|move|p2a: Booger Sugar|Facade|p1a: Slowking
|-damage|p1a: Slowking|31/100
|
|-weather|SunnyDay|[upkeep]
|-damage|p2a: Booger Sugar|88/100 brn|[from] brn
|upkeep
|turn|8
|
|t:|1667251047
|switch|p1a: Salamence|Salamence, F|78/100 tox
|-ability|p1a: Salamence|Intimidate|boost
|-unboost|p2a: Booger Sugar|atk|1
|move|p2a: Booger Sugar|Ice Punch|p1a: Salamence
|-supereffective|p1a: Salamence
|-damage|p1a: Salamence|0 fnt
|faint|p1a: Salamence
|
|-weather|none
|-damage|p2a: Booger Sugar|82/100 brn|[from] brn
|upkeep
|
|t:|1667251063
|switch|p1a: Nihilego|Nihilego|100/100
|-damage|p1a: Nihilego|88/100|[from] Stealth Rock
|turn|9
|
|t:|1667251071
|move|p1a: Nihilego|Sludge Wave|p2a: Booger Sugar
|-damage|p2a: Booger Sugar|28/100 brn
|move|p2a: Booger Sugar|Drain Punch|p1a: Nihilego
|-damage|p1a: Nihilego|26/100
|-heal|p2a: Booger Sugar|55/100 brn|[from] drain|[of] p1a: Nihilego
|
|-damage|p2a: Booger Sugar|49/100 brn|[from] brn
|upkeep
|turn|10
|
|t:|1667251077
|switch|p1a: Slowking|Slowking, F|64/100
|-damage|p1a: Slowking|52/100|[from] Stealth Rock
|move|p2a: Booger Sugar|Mach Punch|p1a: Slowking
|-resisted|p1a: Slowking
|-damage|p1a: Slowking|43/100
|
|-damage|p2a: Booger Sugar|43/100 brn|[from] brn
|upkeep
|turn|11
|
|t:|1667251082
|move|p2a: Booger Sugar|Facade|p1a: Slowking
|-damage|p1a: Slowking|4/100
|move|p1a: Slowking|Scald|p2a: Booger Sugar
|-damage|p2a: Booger Sugar|14/100 brn
|
|-damage|p2a: Booger Sugar|8/100 brn|[from] brn
|upkeep
|turn|12
|
|t:|1667251088
|move|p2a: Booger Sugar|Drain Punch|p1a: Slowking
|-resisted|p1a: Slowking
|-damage|p1a: Slowking|0 fnt
|-heal|p2a: Booger Sugar|9/100 brn|[from] drain|[of] p1a: Slowking
|faint|p1a: Slowking
|
|-damage|p2a: Booger Sugar|3/100 brn|[from] brn
|upkeep
|
|t:|1667251092
|switch|p1a: Cobalion|Cobalion|93/100
|-damage|p1a: Cobalion|90/100|[from] Stealth Rock
|turn|13
|
|t:|1667251097
|move|p2a: Booger Sugar|Mach Punch|p1a: Cobalion
|-supereffective|p1a: Cobalion
|-damage|p1a: Cobalion|45/100
|-damage|p2a: Booger Sugar|0 fnt|[from] item: Rocky Helmet|[of] p1a: Cobalion
|faint|p2a: Booger Sugar
|move|p1a: Cobalion|Swords Dance|p1a: Cobalion
|-boost|p1a: Cobalion|atk|2
|
|upkeep
|
|t:|1667251105
|switch|p2a: Ape Shit|Zarude|84/100
|-damage|p2a: Ape Shit|72/100|[from] Stealth Rock
|turn|14
|
|t:|1667251110
|move|p2a: Ape Shit|Close Combat|p1a: Cobalion
|-supereffective|p1a: Cobalion
|-damage|p1a: Cobalion|0 fnt
|-unboost|p2a: Ape Shit|def|1
|-unboost|p2a: Ape Shit|spd|1
|-damage|p2a: Ape Shit|55/100|[from] item: Rocky Helmet|[of] p1a: Cobalion
|faint|p1a: Cobalion
|
|upkeep
|
|t:|1667251112
|switch|p1a: Zarude|Zarude-Dada|100/100
|-damage|p1a: Zarude|88/100|[from] Stealth Rock
|turn|15
|
|t:|1667251125
|switch|p2a: Hot Shot|Torkoal, F|75/100
|-damage|p2a: Hot Shot|51/100|[from] Stealth Rock
|-weather|SunnyDay|[from] ability: Drought|[of] p2a: Hot Shot
|move|p1a: Zarude|Darkest Lariat|p2a: Hot Shot
|-damage|p2a: Hot Shot|21/100
|
|-weather|SunnyDay|[upkeep]
|upkeep
|turn|16
|
|t:|1667251139
|move|p1a: Zarude|Darkest Lariat|p2a: Hot Shot
|-damage|p2a: Hot Shot|0 fnt
|faint|p2a: Hot Shot
|
|-weather|SunnyDay|[upkeep]
|upkeep
|
|t:|1667251152
|switch|p2a: Ape Shit|Zarude|55/100
|-damage|p2a: Ape Shit|43/100|[from] Stealth Rock
|turn|17
|
|t:|1667251161
|switch|p1a: Nihilego|Nihilego|26/100
|-damage|p1a: Nihilego|13/100|[from] Stealth Rock
|move|p2a: Ape Shit|U-turn|p1a: Nihilego
|-resisted|p1a: Nihilego
|-damage|p1a: Nihilego|0 fnt
|faint|p1a: Nihilego
|
|t:|1667251172
|switch|p2a: Boiled Frog|Swampert, F|55/100|[from]move: U-turn
|-damage|p2a: Boiled Frog|49/100|[from] Stealth Rock
|
|-weather|SunnyDay|[upkeep]
|-heal|p2a: Boiled Frog|55/100|[from] item: Leftovers
|upkeep
|
|t:|1667251179
|switch|p1a: Zarude|Zarude-Dada|88/100
|-damage|p1a: Zarude|76/100|[from] Stealth Rock
|turn|18
|
|t:|1667251184
|move|p1a: Zarude|Close Combat|p2a: Boiled Frog
|-damage|p2a: Boiled Frog|24/100
|-unboost|p1a: Zarude|def|1
|-unboost|p1a: Zarude|spd|1
|move|p2a: Boiled Frog|Flip Turn|p1a: Zarude
|-resisted|p1a: Zarude
|-damage|p1a: Zarude|63/100
|
|t:|1667251192
|switch|p2a: Big Reefer|Venusaur, M|100/100|[from]move: Flip Turn
|-damage|p2a: Big Reefer|88/100|[from] Stealth Rock
|
|-weather|SunnyDay|[upkeep]
|upkeep
|turn|19
|
|t:|1667251197
|switch|p1a: Mamoswine|Mamoswine, F|100/100
|-damage|p1a: Mamoswine|88/100|[from] Stealth Rock
|move|p2a: Big Reefer|Weather Ball|p1a: Mamoswine
|-supereffective|p1a: Mamoswine
|-damage|p1a: Mamoswine|0 fnt
|faint|p1a: Mamoswine
|-damage|p2a: Big Reefer|78/100|[from] item: Life Orb
|
|-weather|SunnyDay|[upkeep]
|upkeep
|-message|rulky forfeited.
|
|win|Sypharius
|raw|rulky's rating: 1535 &rarr; <strong>1510</strong><br />(-25 for losing)
|raw|Sypharius's rating: 1449 &rarr; <strong>1474</strong><br />(+25 for winning)
|l|☆rulky
|c|☆Sypharius|gg
||Ladder isn't responding, score probably updated but might not have (Request timeout).
