|j|☆SkipTheDripBayless
|j|☆DDD Reveal
|player|p1|SkipTheDripBayless|wally-gen3|1684
|player|p2|DDD Reveal|acetrainersnow|1601
|teamsize|p1|6
|teamsize|p2|6
|gametype|singles
|gen|8
|tier|[Gen 8] UU
|rated|
|clearpoke
|poke|p1|Arcanine, F|
|poke|p1|Toxicroak, F|
|poke|p1|Rhyperior, M|
|poke|p1|Xatu, F|
|poke|p1|Doublade, M|
|poke|p1|Golisopod, M|
|poke|p2|Ribombee, F|
|poke|p2|Golisopod, F|
|poke|p2|Duraludon, M|
|poke|p2|Haxorus, M|
|poke|p2|Weezing-Galar, F|
|poke|p2|Gigalith, M|
|rule|Sleep Clause Mod: Limit one foe put to sleep
|rule|Species Clause: Limit one of each Pokémon
|rule|OHKO Clause: OHKO moves are banned
|rule|Evasion Moves Clause: Evasion moves are banned
|rule|Endless Battle Clause: Forcing endless battles is banned
|rule|HP Percentage Mod: HP is shown in percentages
|rule|Dynamax Clause: You cannot dynamax
|teampreview
|inactive|Battle timer is ON: inactive players will automatically lose when time's up. (requested by SkipTheDripBayless)
|j| Adrift & Rising
|
|start
|switch|p1a: Rhyperior|Rhyperior, M|100/100
|switch|p2a: Weezing|Weezing-Galar, F|100/100
|turn|1
|
|switch|p1a: Xatu|Xatu, F|100/100
|move|p2a: Weezing|Strange Steam|p1a: Xatu
|-damage|p1a: Xatu|75/100
|
|upkeep
|turn|2
|
|switch|p2a: Duraludon|Duraludon, M|100/100
|move|p1a: Xatu|Teleport|p1a: Xatu
|
|switch|p1a: Doublade|Doublade, M|100/100|[from]move: Teleport
|
|upkeep
|turn|3
|
|switch|p2a: Weezing|Weezing-Galar, F|100/100
|move|p1a: Doublade|Swords Dance|p1a: Doublade
|-boost|p1a: Doublade|atk|2
|
|upkeep
|turn|4
|
|switch|p1a: Xatu|Xatu, F|75/100
|move|p2a: Weezing|Fire Blast|p1a: Xatu
|-damage|p1a: Xatu|54/100
|
|upkeep
|turn|5
|c|☆SkipTheDripBayless|ahh
|c|☆SkipTheDripBayless|thats ur counter
|
|switch|p2a: Duraludon|Duraludon, M|100/100
|move|p1a: Xatu|Roost|p1a: Xatu
|-heal|p1a: Xatu|100/100
|-singleturn|p1a: Xatu|move: Roost
|
|upkeep
|turn|6
|
|move|p2a: Duraludon|Thunderbolt|p1a: Xatu
|-supereffective|p1a: Xatu
|-damage|p1a: Xatu|29/100
|move|p1a: Xatu|Roost|p1a: Xatu
|-heal|p1a: Xatu|79/100
|-singleturn|p1a: Xatu|move: Roost
|
|upkeep
|turn|7
|
|switch|p1a: Rhyperior|Rhyperior, M|100/100
|move|p2a: Duraludon|Flash Cannon|p1a: Rhyperior
|-supereffective|p1a: Rhyperior
|-damage|p1a: Rhyperior|46/100
|
|-heal|p1a: Rhyperior|52/100|[from] item: Leftovers
|upkeep
|turn|8
|
|switch|p1a: Doublade|Doublade, M|100/100
|move|p2a: Duraludon|Flash Cannon|p1a: Doublade
|-resisted|p1a: Doublade
|-damage|p1a: Doublade|77/100
|
|upkeep
|turn|9
|
|move|p2a: Duraludon|Thunderbolt|p1a: Doublade
|-damage|p1a: Doublade|37/100
|move|p1a: Doublade|Swords Dance|p1a: Doublade
|-boost|p1a: Doublade|atk|2
|
|upkeep
|turn|10
|
|switch|p2a: Weezing|Weezing-Galar, F|100/100
|move|p1a: Doublade|Shadow Sneak|p2a: Weezing
|-damage|p2a: Weezing|72/100
|
|-heal|p2a: Weezing|78/100|[from] item: Black Sludge
|upkeep
|turn|11
|
|switch|p1a: Xatu|Xatu, F|79/100
|move|p2a: Weezing|Fire Blast|p1a: Xatu
|-damage|p1a: Xatu|57/100
|
|-heal|p2a: Weezing|84/100|[from] item: Black Sludge
|upkeep
|turn|12
|
|move|p2a: Weezing|Strange Steam|p1a: Xatu
|-damage|p1a: Xatu|30/100
|move|p1a: Xatu|Teleport|p1a: Xatu
|
|switch|p1a: Arcanine|Arcanine, F|100/100|[from]move: Teleport
|-ability|p1a: Arcanine|Intimidate|boost
|-unboost|p2a: Weezing|atk|1
|
|-heal|p2a: Weezing|90/100|[from] item: Black Sludge
|upkeep
|turn|13
|
|move|p1a: Arcanine|Will-O-Wisp|p2a: Weezing|[miss]
|-miss|p1a: Arcanine|p2a: Weezing
|move|p2a: Weezing|Toxic Spikes|p1a: Arcanine
|-sidestart|p1: SkipTheDripBayless|move: Toxic Spikes
|
|-heal|p2a: Weezing|96/100|[from] item: Black Sludge
|upkeep
|turn|14
|
|switch|p2a: Gigalith|Gigalith, M|100/100
|-weather|Sandstorm|[from] ability: Sand Stream|[of] p2a: Gigalith
|move|p1a: Arcanine|Teleport|p1a: Arcanine
|
|switch|p1a: Toxicroak|Toxicroak, F|100/100|[from]move: Teleport
|-sideend|p1: SkipTheDripBayless|move: Toxic Spikes|[of] p1a: Toxicroak
|
|-weather|Sandstorm|[upkeep]
|-damage|p1a: Toxicroak|94/100|[from] Sandstorm
|-heal|p1a: Toxicroak|100/100|[from] item: Leftovers
|upkeep
|turn|15
|j| lioterun
|
|move|p1a: Toxicroak|Swords Dance|p1a: Toxicroak
|-boost|p1a: Toxicroak|atk|2
|move|p2a: Gigalith|Earthquake|p1a: Toxicroak
|-supereffective|p1a: Toxicroak
|-damage|p1a: Toxicroak|4/100
|
|-weather|Sandstorm|[upkeep]
|-damage|p1a: Toxicroak|0 fnt|[from] Sandstorm
|faint|p1a: Toxicroak
|upkeep
|
|switch|p1a: Rhyperior|Rhyperior, M|52/100
|turn|16
|
|move|p1a: Rhyperior|Stealth Rock|p2a: Gigalith
|-sidestart|p2: DDD Reveal|move: Stealth Rock
|move|p2a: Gigalith|Earthquake|p1a: Rhyperior
|-supereffective|p1a: Rhyperior
|-crit|p1a: Rhyperior
|-damage|p1a: Rhyperior|8/100
|
|-weather|Sandstorm|[upkeep]
|-heal|p1a: Rhyperior|14/100|[from] item: Leftovers
|upkeep
|turn|17
|
|switch|p2a: Weezing|Weezing-Galar, F|96/100
|-damage|p2a: Weezing|83/100|[from] Stealth Rock
|move|p1a: Rhyperior|Earthquake|p2a: Weezing
|-immune|p2a: Weezing|[from] ability: Levitate
|
|-weather|Sandstorm|[upkeep]
|-damage|p2a: Weezing|77/100|[from] Sandstorm
|-heal|p2a: Weezing|83/100|[from] item: Black Sludge
|-heal|p1a: Rhyperior|20/100|[from] item: Leftovers
|upkeep
|turn|18
|
|move|p2a: Weezing|Strange Steam|p1a: Rhyperior
|-damage|p1a: Rhyperior|5/100
|move|p1a: Rhyperior|Stone Edge|p2a: Weezing
|-damage|p2a: Weezing|52/100
|
|-weather|none
|-heal|p2a: Weezing|58/100|[from] item: Black Sludge
|-heal|p1a: Rhyperior|11/100|[from] item: Leftovers
|upkeep
|turn|19
|
|switch|p1a: Xatu|Xatu, F|30/100
|move|p2a: Weezing|Strange Steam|p1a: Xatu
|-damage|p1a: Xatu|5/100
|-start|p1a: Xatu|confusion
|
|-heal|p2a: Weezing|64/100|[from] item: Black Sludge
|upkeep
|turn|20
|
|switch|p2a: Duraludon|Duraludon, M|100/100
|-damage|p2a: Duraludon|94/100|[from] Stealth Rock
|-activate|p1a: Xatu|confusion
|move|p1a: Xatu|Roost|p1a: Xatu
|-heal|p1a: Xatu|55/100
|-singleturn|p1a: Xatu|move: Roost
|
|upkeep
|turn|21
|
|switch|p1a: Arcanine|Arcanine, F|100/100
|-ability|p1a: Arcanine|Intimidate|boost
|-unboost|p2a: Duraludon|atk|1
|move|p2a: Duraludon|Thunderbolt|p1a: Arcanine
|-damage|p1a: Arcanine|68/100
|
|upkeep
|turn|22
|
|switch|p1a: Rhyperior|Rhyperior, M|11/100
|move|p2a: Duraludon|Draco Meteor|p1a: Rhyperior
|-damage|p1a: Rhyperior|0 fnt
|-unboost|p2a: Duraludon|spa|2
|faint|p1a: Rhyperior
|
|upkeep
|
|switch|p1a: Arcanine|Arcanine, F|68/100
|-ability|p1a: Arcanine|Intimidate|boost
|-unboost|p2a: Duraludon|atk|1
|turn|23
|
|switch|p2a: Gigalith|Gigalith, M|100/100
|-damage|p2a: Gigalith|88/100|[from] Stealth Rock
|-weather|Sandstorm|[from] ability: Sand Stream|[of] p2a: Gigalith
|move|p1a: Arcanine|Morning Sun|p1a: Arcanine
|-heal|p1a: Arcanine|93/100
|
|-weather|Sandstorm|[upkeep]
|-damage|p1a: Arcanine|87/100|[from] Sandstorm
|-heal|p2a: Gigalith|94/100|[from] item: Leftovers
|upkeep
|turn|24
|
|move|p1a: Arcanine|Will-O-Wisp|p2a: Gigalith
|-status|p2a: Gigalith|brn
|move|p2a: Gigalith|Stone Edge|p1a: Arcanine
|-supereffective|p1a: Arcanine
|-damage|p1a: Arcanine|56/100
|
|-weather|Sandstorm|[upkeep]
|-damage|p1a: Arcanine|49/100|[from] Sandstorm
|-heal|p2a: Gigalith|100/100 brn|[from] item: Leftovers
|-damage|p2a: Gigalith|94/100 brn|[from] brn
|upkeep
|turn|25
|
|switch|p1a: Doublade|Doublade, M|37/100
|move|p2a: Gigalith|Stealth Rock|p1a: Doublade
|-sidestart|p1: SkipTheDripBayless|move: Stealth Rock
|
|-weather|Sandstorm|[upkeep]
|-heal|p2a: Gigalith|100/100 brn|[from] item: Leftovers
|-damage|p2a: Gigalith|94/100 brn|[from] brn
|upkeep
|turn|26
|j| Fathiryxi
|
|switch|p2a: Weezing|Weezing-Galar, F|64/100
|-damage|p2a: Weezing|52/100|[from] Stealth Rock
|move|p1a: Doublade|Close Combat|p2a: Weezing
|-resisted|p2a: Weezing
|-damage|p2a: Weezing|45/100
|-unboost|p1a: Doublade|def|1
|-unboost|p1a: Doublade|spd|1
|
|-weather|Sandstorm|[upkeep]
|-damage|p2a: Weezing|39/100|[from] Sandstorm
|-heal|p2a: Weezing|45/100|[from] item: Black Sludge
|upkeep
|turn|27
|l|☆SkipTheDripBayless
|inactive|SkipTheDripBayless disconnected and has a minute to reconnect!
|player|p1|
|l| Fathiryxi
|j|☆SkipTheDripBayless
|inactive|SkipTheDripBayless reconnected and has 135 seconds left.
|player|p1|SkipTheDripBayless|wally-gen3
|
|switch|p1a: Xatu|Xatu, F|55/100
|move|p2a: Weezing|Strange Steam|p1a: Xatu
|-crit|p1a: Xatu
|-damage|p1a: Xatu|17/100
|
|-weather|none
|-heal|p2a: Weezing|51/100|[from] item: Black Sludge
|upkeep
|turn|28
|
|switch|p2a: Duraludon|Duraludon, M|94/100
|-damage|p2a: Duraludon|88/100|[from] Stealth Rock
|move|p1a: Xatu|Teleport|p1a: Xatu
|
|switch|p1a: Arcanine|Arcanine, F|49/100|[from]move: Teleport
|-ability|p1a: Arcanine|Intimidate|boost
|-unboost|p2a: Duraludon|atk|1
|
|upkeep
|turn|29
|
|move|p2a: Duraludon|Draco Meteor|p1a: Arcanine
|-damage|p1a: Arcanine|0 fnt
|-unboost|p2a: Duraludon|spa|2
|faint|p1a: Arcanine
|
|upkeep
|
|switch|p1a: Doublade|Doublade, M|37/100
|-damage|p1a: Doublade|31/100|[from] Stealth Rock
|turn|30
|
|move|p2a: Duraludon|Thunderbolt|p1a: Doublade
|-damage|p1a: Doublade|14/100
|move|p1a: Doublade|Iron Head|p2a: Duraludon
|-resisted|p2a: Duraludon
|-damage|p2a: Duraludon|65/100
|
|upkeep
|turn|31
|
|move|p1a: Doublade|Shadow Sneak|p2a: Duraludon
|-damage|p2a: Duraludon|42/100
|move|p2a: Duraludon|Thunderbolt|p1a: Doublade
|-damage|p1a: Doublade|0 fnt
|faint|p1a: Doublade
|
|upkeep
|
|switch|p1a: Golisopod|Golisopod, M|100/100
|turn|32
|
|switch|p2a: Gigalith|Gigalith, M|94/100 brn
|-damage|p2a: Gigalith|82/100 brn|[from] Stealth Rock
|-weather|Sandstorm|[from] ability: Sand Stream|[of] p2a: Gigalith
|move|p1a: Golisopod|First Impression|p2a: Gigalith
|-damage|p2a: Gigalith|47/100 brn
|
|-weather|Sandstorm|[upkeep]
|-damage|p1a: Golisopod|94/100|[from] Sandstorm
|-heal|p2a: Gigalith|53/100 brn|[from] item: Leftovers
|-damage|p2a: Gigalith|47/100 brn|[from] brn
|upkeep
|turn|33
|inactive|SkipTheDripBayless has 120 seconds left.
|
|switch|p2a: Golisopod|Golisopod, F|100/100
|move|p1a: Golisopod|Liquidation|p2a: Golisopod
|-resisted|p2a: Golisopod
|-damage|p2a: Golisopod|84/100
|
|-weather|Sandstorm|[upkeep]
|-damage|p1a: Golisopod|88/100|[from] Sandstorm
|-damage|p2a: Golisopod|78/100|[from] Sandstorm
|upkeep
|turn|34
|
|move|p2a: Golisopod|First Impression|p1a: Golisopod
|-damage|p1a: Golisopod|52/100
|move|p1a: Golisopod|Leech Life|p2a: Golisopod
|-damage|p2a: Golisopod|47/100
|-heal|p1a: Golisopod|68/100|[from] drain|[of] p2a: Golisopod
|-activate|p2a: Golisopod|ability: Emergency Exit
|c|☆SkipTheDripBayless|wtf
|c|☆SkipTheDripBayless|is ur item
|c|☆SkipTheDripBayless|on dura
|
|switch|p2a: Duraludon|Duraludon, M|42/100
|-damage|p2a: Duraludon|36/100|[from] Stealth Rock
|
|-weather|Sandstorm|[upkeep]
|-damage|p1a: Golisopod|62/100|[from] Sandstorm
|upkeep
|turn|35
|
|move|p2a: Duraludon|Thunderbolt|p1a: Golisopod
|-supereffective|p1a: Golisopod
|-damage|p1a: Golisopod|0 fnt
|faint|p1a: Golisopod
|
|-weather|Sandstorm|[upkeep]
|upkeep
|
|switch|p1a: Xatu|Xatu, F|17/100
|turn|36
|j| Above The Ladder
|c| Above The Ladder|woat
|
|move|p2a: Duraludon|Thunderbolt|p1a: Xatu
|-supereffective|p1a: Xatu
|-damage|p1a: Xatu|0 fnt
|faint|p1a: Xatu
|
|win|DDD Reveal
