|j|☆Low Ladder Terror
|j|☆Prof.Otaku
|t:|1607111634
|player|p1|Low Ladder Terror|teamrocket|
|player|p2|Prof.Otaku|lyra-pokeathlon|
|teamsize|p1|6
|teamsize|p2|6
|gametype|singles
|gen|8
|tier|[Gen 8] UU
|rated|Tournament battle
|clearpoke
|poke|p1|Zapdos-Galar|
|poke|p1|Latias, F|
|poke|p1|Zeraora|
|poke|p1|Crawdaunt, F|
|poke|p1|Seismitoad, M|
|poke|p1|Scizor, F|
|poke|p2|Keldeo-Resolute|
|poke|p2|Roserade, M|
|poke|p2|Krookodile, M|
|poke|p2|Noivern, M|
|poke|p2|Aegislash, M|
|poke|p2|Zapdos-Galar|
|rule|Sleep Clause Mod: Limit one foe put to sleep
|rule|Species Clause: Limit one of each Pokémon
|rule|OHKO Clause: OHKO moves are banned
|rule|Evasion Moves Clause: Evasion moves are banned
|rule|Endless Battle Clause: Forcing endless battles is banned
|rule|HP Percentage Mod: HP is shown in percentages
|rule|Dynamax Clause: You cannot dynamax
|teampreview
|j| K302
|inactive|Battle timer is ON: inactive players will automatically lose when time's up. (requested by Low Ladder Terror)
|j| TheManWithaPlan64
|c|☆Prof.Otaku|hf'
|j| laevin ㋛
|j| 467 11 11p
|l| K302
|
|t:|1607111651
|start
|switch|p1a: Zapdos|Zapdos-Galar|100/100
|switch|p2a: Zapdos|Zapdos-Galar|100/100
|turn|1
|j| uu7l den
|j| Haffling
|
|t:|1607111669
|switch|p2a: Aegislash|Aegislash, M|100/100
|switch|p1a: Seismitoad|Seismitoad, M, shiny|100/100
|
|upkeep
|turn|2
|
|t:|1607111676
|switch|p2a: Roserade|Roserade, M|100/100
|move|p1a: Seismitoad|Stealth Rock|p2a: Roserade
|-sidestart|p2: Prof.Otaku|move: Stealth Rock
|
|upkeep
|turn|3
|l| uu7l den
|
|t:|1607111696
|move|p2a: Roserade|Sleep Powder|p1a: Seismitoad|[miss]
|-miss|p2a: Roserade|p1a: Seismitoad
|move|p1a: Seismitoad|Knock Off|p2a: Roserade
|-damage|p2a: Roserade|73/100
|-enditem|p2a: Roserade|Black Sludge|[from] move: Knock Off|[of] p1a: Seismitoad
|
|upkeep
|turn|4
|
|t:|1607111704
|move|p2a: Roserade|Giga Drain|p1a: Seismitoad
|-supereffective|p1a: Seismitoad
|-damage|p1a: Seismitoad|0 fnt
|-heal|p2a: Roserade|100/100|[from] drain|[of] p1a: Seismitoad
|faint|p1a: Seismitoad
|
|upkeep
|
|t:|1607111708
|switch|p1a: Zapdos|Zapdos-Galar|100/100
|turn|5
|
|t:|1607111714
|switch|p2a: Krookodile|Krookodile, M|100/100
|-damage|p2a: Krookodile|94/100|[from] Stealth Rock
|-ability|p2a: Krookodile|Intimidate|boost
|-unboost|p1a: Zapdos|atk|1
|-ability|p1a: Zapdos|Defiant
|-boost|p1a: Zapdos|atk|2
|move|p1a: Zapdos|Brave Bird|p2a: Krookodile
|-damage|p2a: Krookodile|0 fnt
|-damage|p1a: Zapdos|68/100|[from] Recoil
|faint|p2a: Krookodile
|
|upkeep
|
|t:|1607111719
|switch|p2a: Aegislash|Aegislash, M|100/100
|-damage|p2a: Aegislash|94/100|[from] Stealth Rock
|turn|6
|
|t:|1607111731
|move|p1a: Zapdos|Brave Bird|p2a: Aegislash
|-resisted|p2a: Aegislash
|-damage|p2a: Aegislash|32/100
|-damage|p1a: Zapdos|52/100|[from] Recoil
|move|p2a: Aegislash|Swords Dance|p2a: Aegislash
|-boost|p2a: Aegislash|atk|2
|
|upkeep
|turn|7
|
|t:|1607111739
|switch|p1a: Crawdaunt|Crawdaunt, F|100/100
|-formechange|p2a: Aegislash|Aegislash-Blade||[from] ability: Stance Change
|move|p2a: Aegislash|Shadow Sneak|p1a: Crawdaunt
|-resisted|p1a: Crawdaunt
|-damage|p1a: Crawdaunt|57/100
|-damage|p2a: Aegislash|22/100|[from] item: Life Orb
|
|upkeep
|turn|8
|
|t:|1607111755
|switch|p2a: Roserade|Roserade, M|100/100
|-damage|p2a: Roserade|88/100|[from] Stealth Rock
|move|p1a: Crawdaunt|Aqua Jet|p2a: Roserade
|-resisted|p2a: Roserade
|-damage|p2a: Roserade|62/100
|-damage|p1a: Crawdaunt|47/100|[from] item: Life Orb
|
|upkeep
|turn|9
|
|t:|1607111765
|move|p1a: Crawdaunt|Aqua Jet|p2a: Roserade
|-resisted|p2a: Roserade
|-damage|p2a: Roserade|36/100
|-damage|p1a: Crawdaunt|37/100|[from] item: Life Orb
|move|p2a: Roserade|Sleep Powder|p1a: Crawdaunt
|-status|p1a: Crawdaunt|slp|[from] move: Sleep Powder
|
|upkeep
|turn|10
|
|t:|1607111775
|switch|p1a: Scizor|Scizor, F|100/100
|move|p2a: Roserade|Sludge Bomb|p1a: Scizor
|-immune|p1a: Scizor
|
|upkeep
|turn|11
|
|t:|1607111784
|switch|p2a: Noivern|Noivern, M|100/100
|move|p1a: Scizor|U-turn|p2a: Noivern
|-resisted|p2a: Noivern
|-damage|p2a: Noivern|77/100
|
|t:|1607111789
|switch|p1a: Latias|Latias, F|100/100|[from]move: U-turn
|
|upkeep
|turn|12
|
|t:|1607111793
|switch|p2a: Roserade|Roserade, M|36/100
|-damage|p2a: Roserade|24/100|[from] Stealth Rock
|move|p1a: Latias|Draco Meteor|p2a: Roserade
|-damage|p2a: Roserade|0 fnt
|-unboost|p1a: Latias|spa|2
|faint|p2a: Roserade
|
|upkeep
|
|t:|1607111798
|switch|p2a: Zapdos|Zapdos-Galar|100/100
|-damage|p2a: Zapdos|88/100|[from] Stealth Rock
|turn|13
|
|t:|1607111806
|switch|p1a: Crawdaunt|Crawdaunt, F|37/100 slp
|move|p2a: Zapdos|Brave Bird|p1a: Crawdaunt
|-damage|p1a: Crawdaunt|0 fnt
|-damage|p2a: Zapdos|78/100|[from] Recoil
|faint|p1a: Crawdaunt
|
|upkeep
|
|t:|1607111810
|switch|p1a: Zeraora|Zeraora|100/100
|turn|14
|
|t:|1607111814
|switch|p2a: Noivern|Noivern, M|77/100
|move|p1a: Zeraora|Plasma Fists|p2a: Noivern
|-damage|p2a: Noivern|10/100
|-fieldactivate|move: Ion Deluge
|
|upkeep
|turn|15
|
|t:|1607111818
|move|p1a: Zeraora|Plasma Fists|p2a: Noivern
|-damage|p2a: Noivern|0 fnt
|-fieldactivate|move: Ion Deluge
|faint|p2a: Noivern
|
|upkeep
|
|t:|1607111822
|switch|p2a: Keldeo|Keldeo-Resolute|100/100
|-damage|p2a: Keldeo|94/100|[from] Stealth Rock
|turn|16
|
|t:|1607111829
|move|p2a: Keldeo|Hydro Pump|p1a: Zeraora
|-damage|p1a: Zeraora|29/100
|move|p1a: Zeraora|Plasma Fists|p2a: Keldeo
|-supereffective|p2a: Keldeo
|-damage|p2a: Keldeo|0 fnt
|-fieldactivate|move: Ion Deluge
|faint|p2a: Keldeo
|
|upkeep
|
|t:|1607111832
|switch|p2a: Aegislash|Aegislash, M|22/100
|-damage|p2a: Aegislash|16/100|[from] Stealth Rock
|turn|17
|
|t:|1607111839
|switch|p1a: Zapdos|Zapdos-Galar|52/100
|-formechange|p2a: Aegislash|Aegislash-Blade||[from] ability: Stance Change
|move|p2a: Aegislash|Shadow Sneak|p1a: Zapdos
|-damage|p1a: Zapdos|17/100
|-damage|p2a: Aegislash|6/100|[from] item: Life Orb
|
|upkeep
|turn|18
|
|t:|1607111843
|move|p2a: Aegislash|Shadow Sneak|p1a: Zapdos
|-damage|p1a: Zapdos|0 fnt
|-damage|p2a: Aegislash|0 fnt|[from] item: Life Orb
|faint|p1a: Zapdos
|faint|p2a: Aegislash
|
|upkeep
|
|t:|1607111847
|switch|p1a: Latias|Latias, F|100/100
|switch|p2a: Zapdos|Zapdos-Galar|78/100
|-damage|p2a: Zapdos|66/100|[from] Stealth Rock
|turn|19
|
|t:|1607111850
|move|p1a: Latias|Psychic|p2a: Zapdos
|-supereffective|p2a: Zapdos
|-damage|p2a: Zapdos|0 fnt
|faint|p2a: Zapdos
|
|win|Low Ladder Terror
|n|☆Low Ladder Terror|lowladderterror
|n|☆Prof.Otaku|profotaku
|n| TheManWithaPlan64|themanwithaplan64
|n| laevin ㋛|laevin
|n| 467 11 11p|4671111p
|n| Haffling|haffling
