|j|☆Morle digga
|j|☆Buster118
|t:|1663652056
|gametype|singles
|player|p1|Morle digga|swimmer-gen4|1218
|player|p2|Buster118|blaine|1433
|teamsize|p1|6
|teamsize|p2|6
|gen|8
|tier|[Gen 8] UU
|rated|
|rule|Sleep Clause Mod: Limit one foe put to sleep
|rule|Species Clause: Limit one of each Pokémon
|rule|OHKO Clause: OHKO moves are banned
|rule|Evasion Items Clause: Evasion items are banned
|rule|Evasion Moves Clause: Evasion moves are banned
|rule|Endless Battle Clause: Forcing endless battles is banned
|rule|HP Percentage Mod: HP is shown in percentages
|rule|Dynamax Clause: You cannot dynamax
|clearpoke
|poke|p1|Hydreigon, F|
|poke|p1|Jirachi|
|poke|p1|Salamence, M|
|poke|p1|Necrozma|
|poke|p1|Celebi|
|poke|p1|Cresselia, F|
|poke|p2|Amoonguss, M|
|poke|p2|Chansey, F|
|poke|p2|Celesteela|
|poke|p2|Conkeldurr, M|
|poke|p2|Lycanroc-Dusk, M|
|poke|p2|Swampert, F|
|teampreview
|inactive|Battle timer is ON: inactive players will automatically lose when time's up. (requested by Morle digga)
|
|t:|1663652085
|start
|switch|p1a: Hydreigon|Hydreigon, F|100/100
|switch|p2a: Chansey|Chansey, F|100/100
|turn|1
|
|t:|1663652099
|switch|p1a: Necrozma|Necrozma|100/100
|move|p2a: Chansey|Seismic Toss|p1a: Necrozma
|-damage|p1a: Necrozma|71/100
|
|-heal|p1a: Necrozma|77/100|[from] item: Leftovers
|upkeep
|turn|2
|inactive|Buster118 has 120 seconds left.
|
|t:|1663652140
|move|p1a: Necrozma|Dragon Dance|p1a: Necrozma
|-boost|p1a: Necrozma|atk|1
|-boost|p1a: Necrozma|spe|1
|move|p2a: Chansey|Toxic|p1a: Necrozma
|-status|p1a: Necrozma|tox
|
|-heal|p1a: Necrozma|83/100 tox|[from] item: Leftovers
|-damage|p1a: Necrozma|77/100 tox|[from] psn
|upkeep
|turn|3
|
|t:|1663652151
|move|p1a: Necrozma|Photon Geyser|p2a: Chansey
|-damage|p2a: Chansey|51/100
|move|p2a: Chansey|Seismic Toss|p1a: Necrozma
|-damage|p1a: Necrozma|47/100 tox
|
|-heal|p1a: Necrozma|53/100 tox|[from] item: Leftovers
|-damage|p1a: Necrozma|41/100 tox|[from] psn
|upkeep
|turn|4
|
|t:|1663652158
|move|p1a: Necrozma|Dragon Dance|p1a: Necrozma
|-boost|p1a: Necrozma|atk|1
|-boost|p1a: Necrozma|spe|1
|move|p2a: Chansey|Soft-Boiled|p2a: Chansey
|-heal|p2a: Chansey|100/100
|
|-heal|p1a: Necrozma|47/100 tox|[from] item: Leftovers
|-damage|p1a: Necrozma|29/100 tox|[from] psn
|upkeep
|turn|5
|
|t:|1663652163
|move|p1a: Necrozma|Photon Geyser|p2a: Chansey
|-crit|p2a: Chansey
|-damage|p2a: Chansey|4/100
|move|p2a: Chansey|Teleport|p2a: Chansey
|
|t:|1663652171
|switch|p2a: Lycanroc|Lycanroc-Dusk, M|100/100|[from]move: Teleport
|
|-heal|p1a: Necrozma|35/100 tox|[from] item: Leftovers
|-damage|p1a: Necrozma|11/100 tox|[from] psn
|upkeep
|turn|6
|
|t:|1663652176
|move|p2a: Lycanroc|Accelerock|p1a: Necrozma
|-damage|p1a: Necrozma|0 fnt
|faint|p1a: Necrozma
|-damage|p2a: Lycanroc|91/100|[from] item: Life Orb
|
|upkeep
|
|t:|1663652181
|switch|p1a: Jirachi|Jirachi|100/100
|turn|7
|
|t:|1663652189
|switch|p2a: Swampert|Swampert, F|100/100
|move|p1a: Jirachi|Thunder Wave|p2a: Swampert
|-immune|p2a: Swampert
|
|upkeep
|turn|8
|inactive|Morle digga has 120 seconds left.
|
|t:|1663652219
|move|p1a: Jirachi|Swagger|p2a: Swampert
|-boost|p2a: Swampert|atk|2
|-start|p2a: Swampert|confusion
|-activate|p2a: Swampert|confusion
|move|p2a: Swampert|Stealth Rock|p1a: Jirachi
|-sidestart|p1: Morle digga|move: Stealth Rock
|
|upkeep
|turn|9
|
|t:|1663652238
|switch|p1a: Celebi|Celebi|100/100
|-damage|p1a: Celebi|88/100|[from] Stealth Rock
|-activate|p2a: Swampert|confusion
|move|p2a: Swampert|Earthquake|p1a: Celebi
|-resisted|p1a: Celebi
|-crit|p1a: Celebi
|-damage|p1a: Celebi|40/100
|
|-heal|p1a: Celebi|46/100|[from] item: Leftovers
|upkeep
|turn|10
|
|t:|1663652251
|switch|p2a: Celesteela|Celesteela|100/100
|move|p1a: Celebi|Giga Drain|p2a: Celesteela
|-resisted|p2a: Celesteela
|-damage|p2a: Celesteela|92/100
|-heal|p1a: Celebi|49/100|[from] drain|[of] p2a: Celesteela
|
|-heal|p1a: Celebi|56/100|[from] item: Leftovers
|upkeep
|turn|11
|
|t:|1663652269
|move|p1a: Celebi|Rest|p1a: Celebi
|-status|p1a: Celebi|slp|[from] move: Rest
|-heal|p1a: Celebi|100/100 slp|[silent]
|move|p2a: Celesteela|Autotomize|p2a: Celesteela
|-boost|p2a: Celesteela|spe|2
|-start|p2a: Celesteela|Autotomize
|
|upkeep
|turn|12
|
|t:|1663652293
|-curestatus|p1a: Celebi|slp|[from] ability: Natural Cure
|switch|p1a: Jirachi|Jirachi|100/100
|-damage|p1a: Jirachi|94/100|[from] Stealth Rock
|move|p2a: Celesteela|Air Slash|p1a: Jirachi
|-resisted|p1a: Jirachi
|-damage|p1a: Jirachi|78/100
|
|-heal|p1a: Jirachi|84/100|[from] item: Leftovers
|upkeep
|turn|13
|
|t:|1663652299
|move|p2a: Celesteela|Flamethrower|p1a: Jirachi
|-supereffective|p1a: Jirachi
|-damage|p1a: Jirachi|28/100
|move|p1a: Jirachi|Thunder Wave|p2a: Celesteela
|-status|p2a: Celesteela|par
|
|-heal|p1a: Jirachi|34/100|[from] item: Leftovers
|upkeep
|turn|14
|
|t:|1663652304
|move|p1a: Jirachi|Swagger|p2a: Celesteela
|-boost|p2a: Celesteela|atk|2
|-start|p2a: Celesteela|confusion
|-activate|p2a: Celesteela|confusion
|move|p2a: Celesteela|Autotomize|p2a: Celesteela
|-boost|p2a: Celesteela|spe|2
|-start|p2a: Celesteela|Autotomize
|
|-heal|p1a: Jirachi|40/100|[from] item: Leftovers
|upkeep
|turn|15
|
|t:|1663652314
|-activate|p2a: Celesteela|confusion
|-damage|p2a: Celesteela|77/100 par|[from] confusion
|move|p1a: Jirachi|Iron Head|p2a: Celesteela
|-resisted|p2a: Celesteela
|-crit|p2a: Celesteela
|-damage|p2a: Celesteela|52/100 par
|
|-heal|p1a: Jirachi|47/100|[from] item: Leftovers
|upkeep
|turn|16
|
|t:|1663652325
|switch|p1a: Salamence|Salamence, M|100/100
|-damage|p1a: Salamence|76/100|[from] Stealth Rock
|-ability|p1a: Salamence|Intimidate|boost
|-unboost|p2a: Celesteela|atk|1
|-end|p2a: Celesteela|confusion
|move|p2a: Celesteela|Flamethrower|p1a: Salamence
|-resisted|p1a: Salamence
|-damage|p1a: Salamence|57/100
|
|upkeep
|turn|17
|
|t:|1663652333
|move|p2a: Celesteela|Meteor Beam||[still]
|-prepare|p2a: Celesteela|Meteor Beam
|-boost|p2a: Celesteela|spa|1
|-enditem|p2a: Celesteela|Power Herb
|-anim|p2a: Celesteela|Meteor Beam|p1a: Salamence
|-supereffective|p1a: Salamence
|-damage|p1a: Salamence|0 fnt
|faint|p1a: Salamence
|-ability|p2a: Celesteela|Beast Boost|boost
|-boost|p2a: Celesteela|spa|1
|
|upkeep
|
|t:|1663652346
|switch|p1a: Hydreigon|Hydreigon, F|100/100
|-damage|p1a: Hydreigon|88/100|[from] Stealth Rock
|turn|18
|
|t:|1663652351
|move|p2a: Celesteela|Air Slash|p1a: Hydreigon
|-damage|p1a: Hydreigon|15/100
|move|p1a: Hydreigon|Dark Pulse|p2a: Celesteela
|-damage|p2a: Celesteela|14/100 par
|
|upkeep
|turn|19
|c|☆Morle digga|My man
|c|☆Buster118|no fire move?
|c|☆Morle digga|Your gucken paralysed
|c|☆Morle digga|How are you faster
|c|☆Buster118|3x speed
|inactive|Morle digga has 120 seconds left.
|c|☆Morle digga|Fucking Shit
|
|t:|1663652387
|move|p2a: Celesteela|Air Slash|p1a: Hydreigon
|-damage|p1a: Hydreigon|0 fnt
|faint|p1a: Hydreigon
|-ability|p2a: Celesteela|Beast Boost|boost
|-boost|p2a: Celesteela|spa|1
|
|upkeep
|
|t:|1663652389
|switch|p1a: Jirachi|Jirachi|47/100
|-damage|p1a: Jirachi|40/100|[from] Stealth Rock
|turn|20
|
|t:|1663652395
|move|p2a: Celesteela|Flamethrower|p1a: Jirachi
|-supereffective|p1a: Jirachi
|-damage|p1a: Jirachi|0 fnt
|faint|p1a: Jirachi
|-ability|p2a: Celesteela|Beast Boost|boost
|-boost|p2a: Celesteela|spa|1
|
|upkeep
|
|t:|1663652401
|switch|p1a: Cresselia|Cresselia, F|100/100
|-damage|p1a: Cresselia|88/100|[from] Stealth Rock
|turn|21
|
|t:|1663652405
|move|p2a: Celesteela|Air Slash|p1a: Cresselia
|-damage|p1a: Cresselia|15/100
|cant|p1a: Cresselia|flinch
|
|upkeep
|turn|22
|
|t:|1663652410
|move|p2a: Celesteela|Air Slash|p1a: Cresselia
|-damage|p1a: Cresselia|0 fnt
|faint|p1a: Cresselia
|-ability|p2a: Celesteela|Beast Boost|boost
|-boost|p2a: Celesteela|spa|1
|
|upkeep
|c|☆Morle digga|Gg Dude
|c|☆Buster118|gg
|
|t:|1663652419
|switch|p1a: Celebi|Celebi|100/100
|-damage|p1a: Celebi|88/100|[from] Stealth Rock
|turn|23
|c|☆Buster118|idk how i didnt paralize a turn yet
|c|☆Morle digga|One day i will Beat your celesteala
|
|t:|1663652436
|move|p2a: Celesteela|Air Slash|p1a: Celebi
|-supereffective|p1a: Celebi
|-damage|p1a: Celebi|0 fnt
|faint|p1a: Celebi
|
|win|Buster118
|raw|Morle digga's rating: 1218 &rarr; <strong>1207</strong><br />(-11 for losing)
|raw|Buster118's rating: 1433 &rarr; <strong>1442</strong><br />(+9 for winning)
|c|☆Buster118|haha well see
|l|☆Morle digga
