|j|☆Wigglytoptier
|j|☆pif
|t:|1643064611
|gametype|singles
|player|p1|Wigglytoptier|backers|1430
|player|p2|pif|102|1699
|teamsize|p1|6
|teamsize|p2|6
|gen|8
|tier|[Gen 8] UU
|rated|
|rule|Sleep Clause Mod: Limit one foe put to sleep
|rule|Species Clause: Limit one of each Pokémon
|rule|OHKO Clause: OHKO moves are banned
|rule|Evasion Moves Clause: Evasion moves are banned
|rule|Endless Battle Clause: Forcing endless battles is banned
|rule|HP Percentage Mod: HP is shown in percentages
|rule|Dynamax Clause: You cannot dynamax
|clearpoke
|poke|p1|Toxicroak, F|
|poke|p1|Incineroar, F|
|poke|p1|Keldeo-Resolute|
|poke|p1|Tangrowth, M|
|poke|p1|Crobat, M|
|poke|p1|Jirachi|
|poke|p2|Registeel|
|poke|p2|Tapu Bulu|
|poke|p2|Chansey, F|
|poke|p2|Seismitoad, F|
|poke|p2|Salamence, M|
|poke|p2|Hatterene, F|
|teampreview
|c|☆Wigglytoptier|glhf
|c|☆Wigglytoptier|haha you're second in the ladder
|
|t:|1643064671
|start
|switch|p1a: Gardien des Désirs|Jirachi|100/100
|switch|p2a: soggy froggy|Seismitoad, F|100/100
|turn|1
|
|t:|1643064692
|switch|p2a: tit for hat|Hatterene, F|100/100
|move|p1a: Gardien des Désirs|Stealth Rock|p2a: tit for hat
|move|p2a: tit for hat|Stealth Rock|p1a: Gardien des Désirs|[from]ability: Magic Bounce
|-sidestart|p1: Wigglytoptier|move: Stealth Rock
|
|upkeep
|turn|2
|
|t:|1643064698
|switch|p2a: soggy froggy|Seismitoad, F|100/100
|move|p1a: Gardien des Désirs|Iron Head|p2a: soggy froggy
|-resisted|p2a: soggy froggy
|-crit|p2a: soggy froggy
|-damage|p2a: soggy froggy|82/100
|
|-heal|p2a: soggy froggy|88/100|[from] item: Leftovers
|upkeep
|turn|3
|
|t:|1643064704
|move|p1a: Gardien des Désirs|Stealth Rock|p2a: soggy froggy
|-sidestart|p2: pif|move: Stealth Rock
|move|p2a: soggy froggy|Knock Off|p1a: Gardien des Désirs
|-supereffective|p1a: Gardien des Désirs
|-damage|p1a: Gardien des Désirs|67/100
|-enditem|p1a: Gardien des Désirs|Leftovers|[from] move: Knock Off|[of] p2a: soggy froggy
|
|-heal|p2a: soggy froggy|94/100|[from] item: Leftovers
|upkeep
|turn|4
|
|t:|1643064713
|move|p1a: Gardien des Désirs|U-turn|p2a: soggy froggy
|-damage|p2a: soggy froggy|79/100
|c|☆pif|glhf
|
|t:|1643064722
|switch|p1a: Assassin des bois|Tangrowth, M|100/100|[from]move: U-turn
|-damage|p1a: Assassin des bois|88/100|[from] Stealth Rock
|move|p2a: soggy froggy|Knock Off|p1a: Assassin des bois
|-damage|p1a: Assassin des bois|76/100
|-damage|p2a: soggy froggy|63/100|[from] item: Rocky Helmet|[of] p1a: Assassin des bois
|-enditem|p1a: Assassin des bois|Rocky Helmet|[from] move: Knock Off|[of] p2a: soggy froggy
|
|-heal|p2a: soggy froggy|69/100|[from] item: Leftovers
|upkeep
|turn|5
|
|t:|1643064741
|switch|p2a: stanky clanky|Registeel|100/100
|-damage|p2a: stanky clanky|94/100|[from] Stealth Rock
|move|p1a: Assassin des bois|Knock Off|p2a: stanky clanky
|-damage|p2a: stanky clanky|83/100
|-enditem|p2a: stanky clanky|Chesto Berry|[from] move: Knock Off|[of] p1a: Assassin des bois
|
|upkeep
|turn|6
|
|t:|1643064766
|move|p2a: stanky clanky|Iron Defense|p2a: stanky clanky
|-boost|p2a: stanky clanky|def|2
|move|p1a: Assassin des bois|Sleep Powder|p2a: stanky clanky|[miss]
|-miss|p1a: Assassin des bois|p2a: stanky clanky
|
|upkeep
|turn|7
|
|t:|1643064780
|move|p2a: stanky clanky|Iron Defense|p2a: stanky clanky
|-boost|p2a: stanky clanky|def|2
|move|p1a: Assassin des bois|Sleep Powder|p2a: stanky clanky
|-status|p2a: stanky clanky|slp|[from] move: Sleep Powder
|
|upkeep
|turn|8
|
|t:|1643064785
|switch|p1a: Seigneur tropical|Incineroar, F|100/100
|-ability|p1a: Seigneur tropical|Intimidate|boost
|-fail|p2a: stanky clanky|unboost|[from] ability: Clear Body|[of] p2a: stanky clanky
|cant|p2a: stanky clanky|slp
|
|upkeep
|turn|9
|
|t:|1643064799
|move|p1a: Seigneur tropical|Overheat|p2a: stanky clanky
|-supereffective|p2a: stanky clanky
|-damage|p2a: stanky clanky|36/100 slp
|-unboost|p1a: Seigneur tropical|spa|2
|cant|p2a: stanky clanky|slp
|
|upkeep
|turn|10
|
|t:|1643064829
|move|p1a: Seigneur tropical|Overheat|p2a: stanky clanky|[miss]
|-miss|p1a: Seigneur tropical|p2a: stanky clanky
|-curestatus|p2a: stanky clanky|slp|[msg]
|move|p2a: stanky clanky|Rest|p2a: stanky clanky
|-status|p2a: stanky clanky|slp|[from] move: Rest
|-heal|p2a: stanky clanky|100/100 slp|[silent]
|
|upkeep
|turn|11
|
|t:|1643064839
|switch|p1a: Cheval indomptable|Keldeo-Resolute|100/100
|-damage|p1a: Cheval indomptable|94/100|[from] Stealth Rock
|cant|p2a: stanky clanky|slp
|
|-heal|p1a: Cheval indomptable|100/100|[from] item: Leftovers
|upkeep
|turn|12
|
|t:|1643064848
|move|p1a: Cheval indomptable|Calm Mind|p1a: Cheval indomptable
|-boost|p1a: Cheval indomptable|spa|1
|-boost|p1a: Cheval indomptable|spd|1
|cant|p2a: stanky clanky|slp
|
|upkeep
|turn|13
|
|t:|1643064878
|move|p1a: Cheval indomptable|Scald|p2a: stanky clanky
|-damage|p2a: stanky clanky|61/100 slp
|-curestatus|p2a: stanky clanky|slp|[msg]
|move|p2a: stanky clanky|Amnesia|p2a: stanky clanky
|-boost|p2a: stanky clanky|spd|2
|
|upkeep
|turn|14
|
|t:|1643064892
|move|p1a: Cheval indomptable|Scald|p2a: stanky clanky
|-damage|p2a: stanky clanky|40/100
|move|p2a: stanky clanky|Body Press|p1a: Cheval indomptable
|-damage|p1a: Cheval indomptable|0 fnt
|faint|p1a: Cheval indomptable
|
|upkeep
|
|t:|1643064899
|switch|p1a: Seigneur tropical|Incineroar, F|100/100
|-ability|p1a: Seigneur tropical|Intimidate|boost
|-fail|p2a: stanky clanky|unboost|[from] ability: Clear Body|[of] p2a: stanky clanky
|turn|15
|
|t:|1643064915
|move|p1a: Seigneur tropical|Overheat|p2a: stanky clanky
|-supereffective|p2a: stanky clanky
|-damage|p2a: stanky clanky|16/100
|-unboost|p1a: Seigneur tropical|spa|2
|move|p2a: stanky clanky|Rest|p2a: stanky clanky
|-status|p2a: stanky clanky|slp|[from] move: Rest
|-heal|p2a: stanky clanky|100/100 slp|[silent]
|
|upkeep
|turn|16
|
|t:|1643064925
|move|p1a: Seigneur tropical|U-turn|p2a: stanky clanky
|-resisted|p2a: stanky clanky
|-damage|p2a: stanky clanky|99/100 slp
|
|t:|1643064928
|switch|p1a: Prince des marais|Toxicroak, F|100/100|[from]move: U-turn
|-damage|p1a: Prince des marais|94/100|[from] Stealth Rock
|cant|p2a: stanky clanky|slp
|
|upkeep
|turn|17
|
|t:|1643064934
|move|p1a: Prince des marais|Swords Dance|p1a: Prince des marais
|-boost|p1a: Prince des marais|atk|2
|cant|p2a: stanky clanky|slp
|
|upkeep
|turn|18
|
|t:|1643064939
|move|p1a: Prince des marais|Swords Dance|p1a: Prince des marais
|-boost|p1a: Prince des marais|atk|2
|-curestatus|p2a: stanky clanky|slp|[msg]
|move|p2a: stanky clanky|Body Press|p1a: Prince des marais
|-resisted|p1a: Prince des marais
|-damage|p1a: Prince des marais|12/100
|
|upkeep
|turn|19
|
|t:|1643064943
|move|p1a: Prince des marais|Drain Punch|p2a: stanky clanky
|-supereffective|p2a: stanky clanky
|-damage|p2a: stanky clanky|47/100
|-heal|p1a: Prince des marais|43/100|[from] drain|[of] p2a: stanky clanky
|-damage|p1a: Prince des marais|33/100|[from] item: Life Orb
|move|p2a: stanky clanky|Body Press|p1a: Prince des marais
|-resisted|p1a: Prince des marais
|-damage|p1a: Prince des marais|0 fnt
|faint|p1a: Prince des marais
|
|upkeep
|-message|Wigglytoptier forfeited.
|
|win|pif
|raw|Wigglytoptier's rating: 1430 &rarr; <strong>1423</strong><br />(-7 for losing)
|raw|pif's rating: 1699 &rarr; <strong>1706</strong><br />(+7 for winning)
|l|☆Wigglytoptier
|n| pokemonisfun|pif
||Ladder isn't responding, score probably updated but might not have (Request timeout).
