|j|☆The SD sweep
|j|☆SwitchingIsGreat
|t:|1662574649
|gametype|singles
|player|p1|The SD sweep|siebold|1577
|player|p2|SwitchingIsGreat|1|1575
|teamsize|p1|6
|teamsize|p2|6
|gen|8
|tier|[Gen 8] UU
|rated|
|rule|Sleep Clause Mod: Limit one foe put to sleep
|rule|Species Clause: Limit one of each Pokémon
|rule|OHKO Clause: OHKO moves are banned
|rule|Evasion Items Clause: Evasion items are banned
|rule|Evasion Moves Clause: Evasion moves are banned
|rule|Endless Battle Clause: Forcing endless battles is banned
|rule|HP Percentage Mod: HP is shown in percentages
|rule|Dynamax Clause: You cannot dynamax
|clearpoke
|poke|p1|Cobalion|
|poke|p1|Slowking, F|
|poke|p1|Hippowdon, F|
|poke|p1|Keldeo-Resolute|
|poke|p1|Mamoswine, M|
|poke|p1|Salamence, F|
|poke|p2|Chandelure, F|
|poke|p2|Gastrodon, F|
|poke|p2|Hippowdon, F|
|poke|p2|Excadrill, F|
|poke|p2|Salamence, F|
|poke|p2|Cobalion|
|teampreview
|inactive|Battle timer is ON: inactive players will automatically lose when time's up. (requested by The SD sweep)
|inactive|SwitchingIsGreat has 120 seconds left.
|
|t:|1662574685
|start
|switch|p1a: Bad clams|Slowking, F|100/100
|switch|p2a: Gastrodon|Gastrodon, F, shiny|100/100
|turn|1
|inactive|The SD sweep has 120 seconds left.
|inactive|The SD sweep has 90 seconds left.
|
|t:|1662574745
|switch|p2a: Hippowdon|Hippowdon, F|100/100
|-weather|Sandstorm|[from] ability: Sand Stream|[of] p2a: Hippowdon
|move|p1a: Bad clams|Psychic|p2a: Hippowdon
|-damage|p2a: Hippowdon|75/100
|
|-weather|Sandstorm|[upkeep]
|-damage|p1a: Bad clams|94/100|[from] Sandstorm
|upkeep
|turn|2
|
|t:|1662574753
|move|p2a: Hippowdon|Stealth Rock|p1a: Bad clams
|-sidestart|p1: The SD sweep|move: Stealth Rock
|move|p1a: Bad clams|Scald|p2a: Hippowdon
|-supereffective|p2a: Hippowdon
|-damage|p2a: Hippowdon|28/100
|
|-weather|Sandstorm|[upkeep]
|-damage|p1a: Bad clams|88/100|[from] Sandstorm
|upkeep
|turn|3
|
|t:|1662574757
|move|p2a: Hippowdon|Slack Off|p2a: Hippowdon
|-heal|p2a: Hippowdon|78/100
|move|p1a: Bad clams|Scald|p2a: Hippowdon
|-supereffective|p2a: Hippowdon
|-damage|p2a: Hippowdon|31/100
|
|-weather|Sandstorm|[upkeep]
|-damage|p1a: Bad clams|82/100|[from] Sandstorm
|upkeep
|turn|4
|
|t:|1662574760
|move|p2a: Hippowdon|Slack Off|p2a: Hippowdon
|-heal|p2a: Hippowdon|81/100
|move|p1a: Bad clams|Scald|p2a: Hippowdon
|-supereffective|p2a: Hippowdon
|-damage|p2a: Hippowdon|33/100
|
|-weather|Sandstorm|[upkeep]
|-damage|p1a: Bad clams|76/100|[from] Sandstorm
|upkeep
|turn|5
|
|t:|1662574762
|switch|p2a: Gastrodon|Gastrodon, F, shiny|100/100
|move|p1a: Bad clams|Scald|p2a: Gastrodon
|-ability|p2a: Gastrodon|Storm Drain|boost
|-boost|p2a: Gastrodon|spa|1
|
|-weather|Sandstorm|[upkeep]
|-damage|p1a: Bad clams|70/100|[from] Sandstorm
|upkeep
|turn|6
|
|t:|1662574767
|move|p2a: Gastrodon|Earth Power|p1a: Bad clams
|-damage|p1a: Bad clams|37/100
|move|p1a: Bad clams|Teleport|p1a: Bad clams
|
|t:|1662574780
|switch|p1a: THUNDER|Keldeo-Resolute|100/100|[from]move: Teleport
|-damage|p1a: THUNDER|94/100|[from] Stealth Rock
|
|-weather|Sandstorm|[upkeep]
|-damage|p1a: THUNDER|88/100|[from] Sandstorm
|upkeep
|turn|7
|
|t:|1662574788
|move|p1a: THUNDER|Secret Sword|p2a: Gastrodon
|-damage|p2a: Gastrodon|33/100
|move|p2a: Gastrodon|Recover|p2a: Gastrodon
|-heal|p2a: Gastrodon|83/100
|
|-weather|Sandstorm|[upkeep]
|-damage|p1a: THUNDER|82/100|[from] Sandstorm
|upkeep
|turn|8
|
|t:|1662574794
|switch|p1a: Salamence|Salamence, F|100/100
|-ability|p1a: Salamence|Intimidate|boost
|-unboost|p2a: Gastrodon|atk|1
|switch|p2a: Chandelure|Chandelure, F, shiny|100/100
|
|-weather|none
|upkeep
|turn|9
|
|t:|1662574797
|move|p2a: Chandelure|Toxic|p1a: Salamence
|-status|p1a: Salamence|tox
|move|p1a: Salamence|Defog|p2a: Chandelure
|-unboost|p2a: Chandelure|evasion|1
|-sideend|p1: The SD sweep|Stealth Rock|[from] move: Defog|[of] p1a: Salamence
|
|-damage|p1a: Salamence|94/100 tox|[from] psn
|upkeep
|turn|10
|
|t:|1662574803
|switch|p1a: MOUNTAIN DEW|Hippowdon, F|100/100
|-weather|Sandstorm|[from] ability: Sand Stream|[of] p1a: MOUNTAIN DEW
|move|p2a: Chandelure|Hex|p1a: MOUNTAIN DEW
|-damage|p1a: MOUNTAIN DEW|70/100
|
|-weather|Sandstorm|[upkeep]
|-damage|p2a: Chandelure|94/100|[from] Sandstorm
|-heal|p1a: MOUNTAIN DEW|76/100|[from] item: Leftovers
|upkeep
|turn|11
|
|t:|1662574809
|switch|p2a: Salamence|Salamence, F|100/100
|-ability|p2a: Salamence|Intimidate|boost
|-unboost|p1a: MOUNTAIN DEW|atk|1
|move|p1a: MOUNTAIN DEW|Stealth Rock|p2a: Salamence
|-sidestart|p2: SwitchingIsGreat|move: Stealth Rock
|
|-weather|Sandstorm|[upkeep]
|-damage|p2a: Salamence|94/100|[from] Sandstorm
|-heal|p1a: MOUNTAIN DEW|83/100|[from] item: Leftovers
|upkeep
|turn|12
|
|t:|1662574815
|switch|p2a: Cobalion|Cobalion|100/100
|-damage|p2a: Cobalion|97/100|[from] Stealth Rock
|move|p1a: MOUNTAIN DEW|Toxic|p2a: Cobalion
|-immune|p2a: Cobalion
|
|-weather|Sandstorm|[upkeep]
|-heal|p1a: MOUNTAIN DEW|89/100|[from] item: Leftovers
|upkeep
|turn|13
|
|t:|1662574819
|move|p2a: Cobalion|Toxic|p1a: MOUNTAIN DEW
|-status|p1a: MOUNTAIN DEW|tox
|move|p1a: MOUNTAIN DEW|Earthquake|p2a: Cobalion
|-supereffective|p2a: Cobalion
|-crit|p2a: Cobalion
|-damage|p2a: Cobalion|0 fnt
|faint|p2a: Cobalion
|
|-weather|Sandstorm|[upkeep]
|-heal|p1a: MOUNTAIN DEW|95/100 tox|[from] item: Leftovers
|-damage|p1a: MOUNTAIN DEW|89/100 tox|[from] psn
|upkeep
|
|t:|1662574822
|switch|p2a: Hippowdon|Hippowdon, F|33/100
|-damage|p2a: Hippowdon|26/100|[from] Stealth Rock
|turn|14
|
|t:|1662574826
|switch|p1a: THUNDER|Keldeo-Resolute|82/100
|move|p2a: Hippowdon|Slack Off|p2a: Hippowdon
|-heal|p2a: Hippowdon|76/100
|
|-weather|none
|upkeep
|turn|15
|
|t:|1662574829
|switch|p2a: Chandelure|Chandelure, F, shiny|94/100
|move|p1a: THUNDER|Secret Sword|p2a: Chandelure
|-immune|p2a: Chandelure
|
|upkeep
|turn|16
|
|t:|1662574841
|switch|p1a: Catch 22|Cobalion, shiny|100/100
|move|p2a: Chandelure|Hex|p1a: Catch 22
|-damage|p1a: Catch 22|52/100
|
|-heal|p1a: Catch 22|58/100|[from] item: Leftovers
|upkeep
|turn|17
|
|t:|1662574849
|switch|p2a: Hippowdon|Hippowdon, F|76/100
|-damage|p2a: Hippowdon|70/100|[from] Stealth Rock
|-weather|Sandstorm|[from] ability: Sand Stream|[of] p2a: Hippowdon
|move|p1a: Catch 22|Stone Edge|p2a: Hippowdon|[miss]
|-miss|p1a: Catch 22|p2a: Hippowdon
|
|-weather|Sandstorm|[upkeep]
|-heal|p1a: Catch 22|64/100|[from] item: Leftovers
|upkeep
|turn|18
|
|t:|1662574851
|move|p1a: Catch 22|Swords Dance|p1a: Catch 22
|-boost|p1a: Catch 22|atk|2
|move|p2a: Hippowdon|Stealth Rock|p1a: Catch 22
|-sidestart|p1: The SD sweep|move: Stealth Rock
|
|-weather|Sandstorm|[upkeep]
|-heal|p1a: Catch 22|70/100|[from] item: Leftovers
|upkeep
|turn|19
|
|t:|1662574856
|move|p1a: Catch 22|Close Combat|p2a: Hippowdon
|-damage|p2a: Hippowdon|13/100
|-unboost|p1a: Catch 22|def|1
|-unboost|p1a: Catch 22|spd|1
|move|p2a: Hippowdon|Earthquake|p1a: Catch 22
|-supereffective|p1a: Catch 22
|-damage|p1a: Catch 22|0 fnt
|faint|p1a: Catch 22
|
|-weather|Sandstorm|[upkeep]
|upkeep
|
|t:|1662574862
|switch|p1a: Mamoswine|Mamoswine, M|100/100
|-damage|p1a: Mamoswine|88/100|[from] Stealth Rock
|turn|20
|
|t:|1662574871
|move|p1a: Mamoswine|Knock Off|p2a: Hippowdon
|-damage|p2a: Hippowdon|0 fnt
|-enditem|p2a: Hippowdon|Smooth Rock|[from] move: Knock Off|[of] p1a: Mamoswine
|faint|p2a: Hippowdon
|-damage|p1a: Mamoswine|78/100|[from] item: Life Orb
|
|-weather|Sandstorm|[upkeep]
|upkeep
|
|t:|1662574873
|switch|p2a: Excadrill|Excadrill, F, shiny|100/100
|-damage|p2a: Excadrill|97/100|[from] Stealth Rock
|turn|21
|
|t:|1662574883
|switch|p1a: Salamence|Salamence, F|94/100 tox
|-ability|p1a: Salamence|Intimidate|boost
|-unboost|p2a: Excadrill|atk|1
|move|p2a: Excadrill|Iron Head|p1a: Salamence
|-damage|p1a: Salamence|61/100 tox
|-damage|p2a: Excadrill|87/100|[from] item: Life Orb
|
|-weather|Sandstorm|[upkeep]
|-damage|p1a: Salamence|55/100 tox|[from] Sandstorm
|-damage|p1a: Salamence|49/100 tox|[from] psn
|upkeep
|turn|22
|
|t:|1662574891
|move|p2a: Excadrill|Swords Dance|p2a: Excadrill
|-boost|p2a: Excadrill|atk|2
|move|p1a: Salamence|Roost|p1a: Salamence
|-heal|p1a: Salamence|99/100 tox
|-singleturn|p1a: Salamence|move: Roost
|
|-weather|Sandstorm|[upkeep]
|-damage|p1a: Salamence|93/100 tox|[from] Sandstorm
|-damage|p1a: Salamence|81/100 tox|[from] psn
|upkeep
|turn|23
|
|t:|1662574898
|switch|p1a: Bad clams|Slowking, F|70/100
|-damage|p1a: Bad clams|58/100|[from] Stealth Rock
|move|p2a: Excadrill|Iron Head|p1a: Bad clams
|-resisted|p1a: Bad clams
|-damage|p1a: Bad clams|23/100
|-damage|p2a: Excadrill|78/100|[from] item: Life Orb
|
|-weather|Sandstorm|[upkeep]
|-damage|p1a: Bad clams|17/100|[from] Sandstorm
|upkeep
|turn|24
|
|t:|1662574903
|move|p2a: Excadrill|Iron Head|p1a: Bad clams
|-resisted|p1a: Bad clams
|-damage|p1a: Bad clams|0 fnt
|faint|p1a: Bad clams
|-damage|p2a: Excadrill|68/100|[from] item: Life Orb
|
|-weather|none
|upkeep
|
|t:|1662574911
|switch|p1a: THUNDER|Keldeo-Resolute|82/100
|-damage|p1a: THUNDER|76/100|[from] Stealth Rock
|turn|25
|
|t:|1662574917
|switch|p2a: Salamence|Salamence, F|94/100
|-ability|p2a: Salamence|Intimidate|boost
|-unboost|p1a: THUNDER|atk|1
|move|p1a: THUNDER|Icy Wind|p2a: Salamence
|-supereffective|p2a: Salamence
|-damage|p2a: Salamence|0 fnt
|faint|p2a: Salamence
|
|upkeep
|
|t:|1662574922
|switch|p2a: Chandelure|Chandelure, F, shiny|94/100
|turn|26
|
|t:|1662574933
|switch|p1a: Salamence|Salamence, F|81/100 tox
|-ability|p1a: Salamence|Intimidate|boost
|-unboost|p2a: Chandelure|atk|1
|move|p2a: Chandelure|Hex|p1a: Salamence
|-damage|p1a: Salamence|0 fnt
|faint|p1a: Salamence
|
|upkeep
|
|t:|1662574937
|switch|p1a: MOUNTAIN DEW|Hippowdon, F|89/100 tox
|-damage|p1a: MOUNTAIN DEW|83/100 tox|[from] Stealth Rock
|-weather|Sandstorm|[from] ability: Sand Stream|[of] p1a: MOUNTAIN DEW
|turn|27
|
|t:|1662574944
|move|p2a: Chandelure|Hex|p1a: MOUNTAIN DEW
|-damage|p1a: MOUNTAIN DEW|25/100 tox
|move|p1a: MOUNTAIN DEW|Earthquake|p2a: Chandelure
|-supereffective|p2a: Chandelure
|-damage|p2a: Chandelure|0 fnt
|faint|p2a: Chandelure
|
|-weather|Sandstorm|[upkeep]
|-heal|p1a: MOUNTAIN DEW|31/100 tox|[from] item: Leftovers
|-damage|p1a: MOUNTAIN DEW|25/100 tox|[from] psn
|upkeep
|
|t:|1662574948
|switch|p2a: Excadrill|Excadrill, F, shiny|68/100
|-damage|p2a: Excadrill|64/100|[from] Stealth Rock
|turn|28
|
|t:|1662574951
|move|p2a: Excadrill|Earthquake|p1a: MOUNTAIN DEW
|-damage|p1a: MOUNTAIN DEW|0 fnt
|faint|p1a: MOUNTAIN DEW
|-damage|p2a: Excadrill|55/100|[from] item: Life Orb
|
|-weather|Sandstorm|[upkeep]
|upkeep
|
|t:|1662574957
|switch|p1a: Mamoswine|Mamoswine, M|78/100
|-damage|p1a: Mamoswine|66/100|[from] Stealth Rock
|turn|29
|
|t:|1662574961
|move|p1a: Mamoswine|Ice Shard|p2a: Excadrill
|-damage|p2a: Excadrill|15/100
|-damage|p1a: Mamoswine|56/100|[from] item: Life Orb
|move|p2a: Excadrill|Earthquake|p1a: Mamoswine
|-damage|p1a: Mamoswine|0 fnt
|faint|p1a: Mamoswine
|-damage|p2a: Excadrill|5/100|[from] item: Life Orb
|
|-weather|Sandstorm|[upkeep]
|upkeep
|
|t:|1662574964
|switch|p1a: THUNDER|Keldeo-Resolute|76/100
|-damage|p1a: THUNDER|70/100|[from] Stealth Rock
|turn|30
|c|☆SwitchingIsGreat|gg
|
|t:|1662574969
|move|p2a: Excadrill|Earthquake|p1a: THUNDER
|-damage|p1a: THUNDER|0 fnt
|faint|p1a: THUNDER
|-damage|p2a: Excadrill|0 fnt|[from] item: Life Orb
|faint|p2a: Excadrill
|
|win|SwitchingIsGreat
|raw|The SD sweep's rating: 1577 &rarr; <strong>1557</strong><br />(-20 for losing)
|raw|SwitchingIsGreat's rating: 1575 &rarr; <strong>1595</strong><br />(+20 for winning)
|l|☆The SD sweep
