|j|☆Kabilapok
|j|☆Raclette Officiel
|t:|1605171447
|player|p1|Kabilapok|benga|1510
|player|p2|Raclette Officiel|mina|1473
|teamsize|p1|6
|teamsize|p2|6
|gametype|singles
|gen|8
|tier|[Gen 8] UU
|rated|
|clearpoke
|poke|p1|Nihilego|
|poke|p1|Suicune|
|poke|p1|Celesteela|
|poke|p1|Tapu Bulu|
|poke|p1|Latias, F|
|poke|p1|Krookodile, M|
|poke|p2|Politoed, F|
|poke|p2|Barraskewda, F|
|poke|p2|Zeraora|
|poke|p2|Jirachi|
|poke|p2|Whimsicott, M|
|poke|p2|Hydreigon, M|
|rule|Sleep Clause Mod: Limit one foe put to sleep
|rule|Species Clause: Limit one of each Pokémon
|rule|OHKO Clause: OHKO moves are banned
|rule|Evasion Moves Clause: Evasion moves are banned
|rule|Endless Battle Clause: Forcing endless battles is banned
|rule|HP Percentage Mod: HP is shown in percentages
|rule|Dynamax Clause: You cannot dynamax
|teampreview
|
|t:|1605171481
|start
|switch|p1a: tarentino|Tapu Bulu|100/100
|switch|p2a: Politoed|Politoed, F|100/100
|-fieldstart|move: Grassy Terrain|[from] ability: Grassy Surge|[of] p1a: tarentino
|-weather|RainDance|[from] ability: Drizzle|[of] p2a: Politoed
|turn|1
|
|t:|1605171495
|switch|p1a: Kira is furieux|Krookodile, M|100/100
|-ability|p1a: Kira is furieux|Intimidate|boost
|-unboost|p2a: Politoed|atk|1
|switch|p2a: Whimsicott|Whimsicott, M|100/100
|
|-weather|RainDance|[upkeep]
|upkeep
|turn|2
|
|t:|1605171505
|switch|p1a: tarentino|Tapu Bulu|100/100
|move|p2a: Whimsicott|U-turn|p1a: tarentino
|-damage|p1a: tarentino|90/100
|
|t:|1605171511
|switch|p2a: Barraskewda|Barraskewda, F|100/100|[from]move: U-turn
|
|-weather|RainDance|[upkeep]
|-heal|p1a: tarentino|96/100|[from] item: Leftovers
|-heal|p1a: tarentino|100/100|[from] Grassy Terrain
|upkeep
|turn|3
|
|t:|1605171515
|move|p1a: tarentino|Protect|p1a: tarentino
|-singleturn|p1a: tarentino|Protect
|move|p2a: Barraskewda|Flip Turn|p1a: tarentino
|-activate|p1a: tarentino|move: Protect
|
|-weather|RainDance|[upkeep]
|upkeep
|turn|4
|
|t:|1605171519
|move|p2a: Barraskewda|Flip Turn|p1a: tarentino
|-resisted|p1a: tarentino
|-damage|p1a: tarentino|66/100
|
|t:|1605171524
|switch|p2a: Whimsicott|Whimsicott, M|100/100|[from]move: Flip Turn
|move|p1a: tarentino|Close Combat|p2a: Whimsicott
|-resisted|p2a: Whimsicott
|-damage|p2a: Whimsicott|81/100
|-unboost|p1a: tarentino|def|1
|-unboost|p1a: tarentino|spd|1
|
|-weather|RainDance|[upkeep]
|-heal|p2a: Whimsicott|87/100|[from] Grassy Terrain
|-heal|p1a: tarentino|72/100|[from] item: Leftovers
|-heal|p1a: tarentino|78/100|[from] Grassy Terrain
|upkeep
|turn|5
|
|t:|1605171533
|move|p1a: tarentino|Protect|p1a: tarentino
|-singleturn|p1a: tarentino|Protect
|move|p2a: Whimsicott|U-turn|p1a: tarentino
|-activate|p1a: tarentino|move: Protect
|
|-weather|RainDance|[upkeep]
|-heal|p2a: Whimsicott|94/100|[from] Grassy Terrain
|-heal|p1a: tarentino|84/100|[from] item: Leftovers
|-heal|p1a: tarentino|91/100|[from] Grassy Terrain
|-fieldend|move: Grassy Terrain
|upkeep
|turn|6
|
|t:|1605171539
|switch|p1a: WOA DIEU|Celesteela|100/100
|move|p2a: Whimsicott|U-turn|p1a: WOA DIEU
|-resisted|p1a: WOA DIEU
|-damage|p1a: WOA DIEU|98/100
|
|t:|1605171545
|switch|p2a: Zeraora|Zeraora|100/100|[from]move: U-turn
|
|-weather|RainDance|[upkeep]
|-heal|p1a: WOA DIEU|100/100|[from] item: Leftovers
|upkeep
|turn|7
|
|t:|1605171552
|switch|p1a: tarentino|Tapu Bulu|91/100
|-fieldstart|move: Grassy Terrain|[from] ability: Grassy Surge|[of] p1a: tarentino
|move|p2a: Zeraora|Thunder|p1a: tarentino
|-resisted|p1a: tarentino
|-damage|p1a: tarentino|72/100
|
|-weather|RainDance|[upkeep]
|-heal|p1a: tarentino|78/100|[from] item: Leftovers
|-heal|p1a: tarentino|84/100|[from] Grassy Terrain
|upkeep
|turn|8
|
|t:|1605171559
|switch|p2a: Jirachi|Jirachi|100/100
|move|p1a: tarentino|Swords Dance|p1a: tarentino
|-boost|p1a: tarentino|atk|2
|
|-weather|none
|-heal|p1a: tarentino|91/100|[from] item: Leftovers
|-heal|p1a: tarentino|97/100|[from] Grassy Terrain
|upkeep
|turn|9
|
|t:|1605171564
|switch|p1a: Kira is furieux|Krookodile, M|100/100
|-ability|p1a: Kira is furieux|Intimidate|boost
|-unboost|p2a: Jirachi|atk|1
|move|p2a: Jirachi|Stealth Rock|p1a: Kira is furieux
|-sidestart|p1: Kabilapok|move: Stealth Rock
|
|upkeep
|turn|10
|
|t:|1605171570
|switch|p2a: Politoed|Politoed, F|100/100
|-weather|RainDance|[from] ability: Drizzle|[of] p2a: Politoed
|move|p1a: Kira is furieux|Stealth Rock|p2a: Politoed
|-sidestart|p2: Raclette Officiel|move: Stealth Rock
|
|-weather|RainDance|[upkeep]
|upkeep
|turn|11
|
|t:|1605171582
|switch|p1a: A|Latias, F|100/100
|-damage|p1a: A|88/100|[from] Stealth Rock
|move|p2a: Politoed|Toxic|p1a: A
|-status|p1a: A|tox
|
|-weather|RainDance|[upkeep]
|-fieldend|move: Grassy Terrain
|-damage|p1a: A|82/100 tox|[from] psn
|upkeep
|turn|12
|
|t:|1605171587
|switch|p2a: Jirachi|Jirachi|100/100
|-damage|p2a: Jirachi|94/100|[from] Stealth Rock
|move|p1a: A|Draco Meteor|p2a: Jirachi
|-resisted|p2a: Jirachi
|-damage|p2a: Jirachi|63/100
|-unboost|p1a: A|spa|2
|-damage|p1a: A|72/100 tox|[from] item: Life Orb
|
|-weather|RainDance|[upkeep]
|-heal|p2a: Jirachi|69/100|[from] item: Leftovers
|-damage|p1a: A|60/100 tox|[from] psn
|upkeep
|turn|13
|
|t:|1605171596
|switch|p1a: WOA DIEU|Celesteela|100/100
|-damage|p1a: WOA DIEU|88/100|[from] Stealth Rock
|move|p2a: Jirachi|U-turn|p1a: WOA DIEU
|-resisted|p1a: WOA DIEU
|-damage|p1a: WOA DIEU|85/100
|
|t:|1605171605
|switch|p2a: Barraskewda|Barraskewda, F|100/100|[from]move: U-turn
|-damage|p2a: Barraskewda|88/100|[from] Stealth Rock
|
|-weather|RainDance|[upkeep]
|-heal|p1a: WOA DIEU|91/100|[from] item: Leftovers
|upkeep
|turn|14
|
|t:|1605171609
|move|p1a: WOA DIEU|Protect|p1a: WOA DIEU
|-singleturn|p1a: WOA DIEU|Protect
|move|p2a: Barraskewda|Flip Turn|p1a: WOA DIEU
|-activate|p1a: WOA DIEU|move: Protect
|
|-weather|RainDance|[upkeep]
|-heal|p1a: WOA DIEU|97/100|[from] item: Leftovers
|upkeep
|turn|15
|
|t:|1605171615
|switch|p1a: tarentino|Tapu Bulu|97/100
|-damage|p1a: tarentino|84/100|[from] Stealth Rock
|-fieldstart|move: Grassy Terrain|[from] ability: Grassy Surge|[of] p1a: tarentino
|move|p2a: Barraskewda|Flip Turn|p1a: tarentino
|-resisted|p1a: tarentino
|-damage|p1a: tarentino|54/100
|
|t:|1605171624
|switch|p2a: Jirachi|Jirachi|69/100|[from]move: Flip Turn
|-damage|p2a: Jirachi|63/100|[from] Stealth Rock
|
|-weather|RainDance|[upkeep]
|-heal|p2a: Jirachi|69/100|[from] item: Leftovers
|-heal|p2a: Jirachi|75/100|[from] Grassy Terrain
|-heal|p1a: tarentino|60/100|[from] item: Leftovers
|-heal|p1a: tarentino|66/100|[from] Grassy Terrain
|upkeep
|turn|16
|
|t:|1605171630
|move|p1a: tarentino|Protect|p1a: tarentino
|-singleturn|p1a: tarentino|Protect
|move|p2a: Jirachi|U-turn|p1a: tarentino
|-activate|p1a: tarentino|move: Protect
|
|-weather|RainDance|[upkeep]
|-heal|p2a: Jirachi|82/100|[from] item: Leftovers
|-heal|p2a: Jirachi|88/100|[from] Grassy Terrain
|-heal|p1a: tarentino|73/100|[from] item: Leftovers
|-heal|p1a: tarentino|79/100|[from] Grassy Terrain
|upkeep
|turn|17
|
|t:|1605171637
|switch|p1a: WOA DIEU|Celesteela|97/100
|-damage|p1a: WOA DIEU|85/100|[from] Stealth Rock
|move|p2a: Jirachi|U-turn|p1a: WOA DIEU
|-resisted|p1a: WOA DIEU
|-damage|p1a: WOA DIEU|82/100
|j| Strategyk
|
|t:|1605171658
|switch|p2a: Hydreigon|Hydreigon, M|100/100|[from]move: U-turn
|-damage|p2a: Hydreigon|88/100|[from] Stealth Rock
|
|-weather|none
|-heal|p1a: WOA DIEU|88/100|[from] item: Leftovers
|upkeep
|turn|18
|
|t:|1605171663
|switch|p2a: Politoed|Politoed, F|100/100
|-damage|p2a: Politoed|88/100|[from] Stealth Rock
|-weather|RainDance|[from] ability: Drizzle|[of] p2a: Politoed
|move|p1a: WOA DIEU|Heavy Slam|p2a: Politoed
|-resisted|p2a: Politoed
|-damage|p2a: Politoed|71/100
|
|-weather|RainDance|[upkeep]
|-heal|p2a: Politoed|77/100|[from] Grassy Terrain
|-heal|p1a: WOA DIEU|94/100|[from] item: Leftovers
|upkeep
|turn|19
|
|t:|1605171674
|move|p2a: Politoed|Scald|p1a: WOA DIEU
|-damage|p1a: WOA DIEU|69/100
|move|p1a: WOA DIEU|Leech Seed|p2a: Politoed
|-start|p2a: Politoed|move: Leech Seed
|
|-weather|RainDance|[upkeep]
|-heal|p2a: Politoed|83/100|[from] Grassy Terrain
|-heal|p1a: WOA DIEU|75/100|[from] item: Leftovers
|-fieldend|move: Grassy Terrain
|-damage|p2a: Politoed|71/100|[from] Leech Seed|[of] p1a: WOA DIEU
|-heal|p1a: WOA DIEU|87/100|[silent]
|upkeep
|turn|20
|
|t:|1605171688
|switch|p2a: Zeraora|Zeraora|100/100
|-damage|p2a: Zeraora|88/100|[from] Stealth Rock
|move|p1a: WOA DIEU|Heavy Slam|p2a: Zeraora
|-resisted|p2a: Zeraora
|-damage|p2a: Zeraora|59/100
|
|-weather|RainDance|[upkeep]
|-heal|p1a: WOA DIEU|93/100|[from] item: Leftovers
|upkeep
|turn|21
|
|t:|1605171695
|move|p1a: WOA DIEU|Protect|p1a: WOA DIEU
|-singleturn|p1a: WOA DIEU|Protect
|move|p2a: Zeraora|Thunder|p1a: WOA DIEU
|-activate|p1a: WOA DIEU|move: Protect
|
|-weather|RainDance|[upkeep]
|-heal|p1a: WOA DIEU|99/100|[from] item: Leftovers
|upkeep
|turn|22
|
|t:|1605171707
|switch|p2a: Jirachi|Jirachi|88/100
|-damage|p2a: Jirachi|82/100|[from] Stealth Rock
|switch|p1a: Kira is furieux|Krookodile, M|100/100
|-damage|p1a: Kira is furieux|94/100|[from] Stealth Rock
|-ability|p1a: Kira is furieux|Intimidate|boost
|-unboost|p2a: Jirachi|atk|1
|
|-weather|RainDance|[upkeep]
|-heal|p2a: Jirachi|88/100|[from] item: Leftovers
|upkeep
|turn|23
|
|t:|1605171714
|switch|p2a: Hydreigon|Hydreigon, M|88/100
|-damage|p2a: Hydreigon|76/100|[from] Stealth Rock
|move|p1a: Kira is furieux|Knock Off|p2a: Hydreigon
|-resisted|p2a: Hydreigon
|-damage|p2a: Hydreigon|51/100
|-enditem|p2a: Hydreigon|Choice Specs|[from] move: Knock Off|[of] p1a: Kira is furieux
|
|-weather|RainDance|[upkeep]
|upkeep
|turn|24
|
|t:|1605171723
|move|p2a: Hydreigon|U-turn|p1a: Kira is furieux
|-supereffective|p1a: Kira is furieux
|-damage|p1a: Kira is furieux|60/100
|
|t:|1605171726
|switch|p2a: Whimsicott|Whimsicott, M|94/100|[from]move: U-turn
|move|p1a: Kira is furieux|Knock Off|p2a: Whimsicott
|-resisted|p2a: Whimsicott
|-damage|p2a: Whimsicott|64/100
|-enditem|p2a: Whimsicott|Heavy-Duty Boots|[from] move: Knock Off|[of] p1a: Kira is furieux
|
|-weather|RainDance|[upkeep]
|upkeep
|turn|25
|
|t:|1605171733
|switch|p1a: WOA DIEU|Celesteela|99/100
|-damage|p1a: WOA DIEU|87/100|[from] Stealth Rock
|move|p2a: Whimsicott|U-turn|p1a: WOA DIEU
|-resisted|p1a: WOA DIEU
|-damage|p1a: WOA DIEU|85/100
|
|t:|1605171741
|switch|p2a: Zeraora|Zeraora|59/100|[from]move: U-turn
|-damage|p2a: Zeraora|47/100|[from] Stealth Rock
|
|-weather|none
|-heal|p1a: WOA DIEU|91/100|[from] item: Leftovers
|upkeep
|turn|26
|
|t:|1605171748
|move|p2a: Zeraora|Thunder|p1a: WOA DIEU|[miss]
|-miss|p2a: Zeraora|p1a: WOA DIEU
|move|p1a: WOA DIEU|Leech Seed|p2a: Zeraora
|-start|p2a: Zeraora|move: Leech Seed
|
|-heal|p1a: WOA DIEU|97/100|[from] item: Leftovers
|-damage|p2a: Zeraora|35/100|[from] Leech Seed|[of] p1a: WOA DIEU
|-heal|p1a: WOA DIEU|100/100|[silent]
|upkeep
|turn|27
|
|t:|1605171753
|switch|p2a: Politoed|Politoed, F|71/100
|-damage|p2a: Politoed|59/100|[from] Stealth Rock
|-weather|RainDance|[from] ability: Drizzle|[of] p2a: Politoed
|move|p1a: WOA DIEU|Leech Seed|p2a: Politoed|[miss]
|-miss|p1a: WOA DIEU|p2a: Politoed
|
|-weather|RainDance|[upkeep]
|upkeep
|turn|28
|
|t:|1605171760
|move|p2a: Politoed|Scald|p1a: WOA DIEU
|-damage|p1a: WOA DIEU|75/100
|move|p1a: WOA DIEU|Leech Seed|p2a: Politoed
|-start|p2a: Politoed|move: Leech Seed
|
|-weather|RainDance|[upkeep]
|-heal|p1a: WOA DIEU|81/100|[from] item: Leftovers
|-damage|p2a: Politoed|46/100|[from] Leech Seed|[of] p1a: WOA DIEU
|-heal|p1a: WOA DIEU|93/100|[silent]
|upkeep
|turn|29
|
|t:|1605171766
|switch|p2a: Barraskewda|Barraskewda, F|88/100
|-damage|p2a: Barraskewda|76/100|[from] Stealth Rock
|move|p1a: WOA DIEU|Heavy Slam|p2a: Barraskewda
|-resisted|p2a: Barraskewda
|-damage|p2a: Barraskewda|35/100
|
|-weather|RainDance|[upkeep]
|-heal|p1a: WOA DIEU|99/100|[from] item: Leftovers
|upkeep
|turn|30
|
|t:|1605171773
|move|p2a: Barraskewda|Flip Turn|p1a: WOA DIEU
|-damage|p1a: WOA DIEU|36/100
|
|t:|1605171776
|switch|p2a: Whimsicott|Whimsicott, M|64/100|[from]move: Flip Turn
|-damage|p2a: Whimsicott|51/100|[from] Stealth Rock
|move|p1a: WOA DIEU|Heavy Slam|p2a: Whimsicott
|-supereffective|p2a: Whimsicott
|-damage|p2a: Whimsicott|0 fnt
|faint|p2a: Whimsicott
|-ability|p1a: WOA DIEU|Beast Boost|boost
|-boost|p1a: WOA DIEU|spd|1
|
|-weather|RainDance|[upkeep]
|-heal|p1a: WOA DIEU|42/100|[from] item: Leftovers
|upkeep
|
|t:|1605171781
|switch|p2a: Barraskewda|Barraskewda, F|35/100
|-damage|p2a: Barraskewda|23/100|[from] Stealth Rock
|turn|31
|
|t:|1605171785
|move|p1a: WOA DIEU|Protect|p1a: WOA DIEU
|-singleturn|p1a: WOA DIEU|Protect
|move|p2a: Barraskewda|Flip Turn|p1a: WOA DIEU
|-activate|p1a: WOA DIEU|move: Protect
|
|-weather|RainDance|[upkeep]
|-heal|p1a: WOA DIEU|48/100|[from] item: Leftovers
|upkeep
|turn|32
|
|t:|1605171799
|switch|p1a: :mounts:|Suicune|100/100
|-damage|p1a: :mounts:|88/100|[from] Stealth Rock
|-ability|p1a: :mounts:|Pressure
|move|p2a: Barraskewda|Flip Turn|p1a: :mounts:
|-resisted|p1a: :mounts:
|-damage|p1a: :mounts:|59/100
|
|t:|1605171803
|switch|p2a: Zeraora|Zeraora|35/100|[from]move: Flip Turn
|-damage|p2a: Zeraora|23/100|[from] Stealth Rock
|
|-weather|RainDance|[upkeep]
|-heal|p1a: :mounts:|65/100|[from] item: Leftovers
|upkeep
|turn|33
|
|t:|1605171809
|move|p1a: :mounts:|Protect|p1a: :mounts:
|-singleturn|p1a: :mounts:|Protect
|move|p2a: Zeraora|Thunder|p1a: :mounts:
|-activate|p1a: :mounts:|move: Protect
|
|-weather|RainDance|[upkeep]
|-heal|p1a: :mounts:|71/100|[from] item: Leftovers
|upkeep
|turn|34
|
|t:|1605171815
|switch|p1a: Kira is furieux|Krookodile, M|60/100
|-damage|p1a: Kira is furieux|54/100|[from] Stealth Rock
|-ability|p1a: Kira is furieux|Intimidate|boost
|-unboost|p2a: Zeraora|atk|1
|move|p2a: Zeraora|Thunder|p1a: Kira is furieux
|-immune|p1a: Kira is furieux
|
|-weather|none
|upkeep
|turn|35
|
|t:|1605171820
|move|p2a: Zeraora|Grass Knot|p1a: Kira is furieux
|-supereffective|p1a: Kira is furieux
|-damage|p1a: Kira is furieux|0 fnt
|faint|p1a: Kira is furieux
|
|upkeep
|
|t:|1605171824
|switch|p1a: LEGO|Nihilego|100/100
|-damage|p1a: LEGO|88/100|[from] Stealth Rock
|turn|36
|
|t:|1605171832
|switch|p2a: Jirachi|Jirachi|88/100
|-damage|p2a: Jirachi|82/100|[from] Stealth Rock
|move|p1a: LEGO|Toxic Spikes|p2a: Jirachi
|-sidestart|p2: Raclette Officiel|move: Toxic Spikes
|
|-heal|p2a: Jirachi|88/100|[from] item: Leftovers
|upkeep
|turn|37
|
|t:|1605171847
|switch|p1a: :mounts:|Suicune|71/100
|-damage|p1a: :mounts:|59/100|[from] Stealth Rock
|-ability|p1a: :mounts:|Pressure
|move|p2a: Jirachi|Iron Head|p1a: :mounts:
|-resisted|p1a: :mounts:
|-crit|p1a: :mounts:
|-damage|p1a: :mounts:|42/100
|
|-heal|p2a: Jirachi|94/100|[from] item: Leftovers
|-heal|p1a: :mounts:|49/100|[from] item: Leftovers
|upkeep
|turn|38
|
|t:|1605171855
|move|p2a: Jirachi|Iron Head|p1a: :mounts:
|-resisted|p1a: :mounts:
|-damage|p1a: :mounts:|38/100
|cant|p1a: :mounts:|flinch
|
|-heal|p2a: Jirachi|99/100|[from] item: Leftovers
|-heal|p1a: :mounts:|44/100|[from] item: Leftovers
|upkeep
|turn|39
|
|t:|1605171859
|move|p1a: :mounts:|Protect|p1a: :mounts:
|-singleturn|p1a: :mounts:|Protect
|move|p2a: Jirachi|Iron Head|p1a: :mounts:
|-activate|p1a: :mounts:|move: Protect
|
|-heal|p2a: Jirachi|100/100|[from] item: Leftovers
|-heal|p1a: :mounts:|50/100|[from] item: Leftovers
|upkeep
|turn|40
|
|t:|1605171863
|move|p2a: Jirachi|U-turn|p1a: :mounts:
|-damage|p1a: :mounts:|37/100
|
|t:|1605171866
|switch|p2a: Hydreigon|Hydreigon, M|51/100|[from]move: U-turn
|-damage|p2a: Hydreigon|39/100|[from] Stealth Rock
|move|p1a: :mounts:|Substitute|p1a: :mounts:
|-start|p1a: :mounts:|Substitute
|-damage|p1a: :mounts:|12/100
|
|-heal|p1a: :mounts:|18/100|[from] item: Leftovers
|upkeep
|turn|41
|
|t:|1605171871
|move|p1a: :mounts:|Protect|p1a: :mounts:
|-singleturn|p1a: :mounts:|Protect
|move|p2a: Hydreigon|Dark Pulse|p1a: :mounts:
|-activate|p1a: :mounts:|move: Protect
|
|-heal|p1a: :mounts:|25/100|[from] item: Leftovers
|upkeep
|turn|42
|
|t:|1605171875
|move|p2a: Hydreigon|Dark Pulse|p1a: :mounts:
|-end|p1a: :mounts:|Substitute
|move|p1a: :mounts:|Scald|p2a: Hydreigon
|-resisted|p2a: Hydreigon
|-damage|p2a: Hydreigon|24/100
|-status|p2a: Hydreigon|brn
|
|-heal|p1a: :mounts:|31/100|[from] item: Leftovers
|-damage|p2a: Hydreigon|18/100 brn|[from] brn
|upkeep
|turn|43
|
|t:|1605171883
|move|p1a: :mounts:|Protect|p1a: :mounts:
|-singleturn|p1a: :mounts:|Protect
|move|p2a: Hydreigon|Dark Pulse|p1a: :mounts:
|-activate|p1a: :mounts:|move: Protect
|
|-heal|p1a: :mounts:|37/100|[from] item: Leftovers
|-damage|p2a: Hydreigon|12/100 brn|[from] brn
|upkeep
|turn|44
|
|t:|1605171895
|switch|p1a: tarentino|Tapu Bulu|79/100
|-damage|p1a: tarentino|66/100|[from] Stealth Rock
|-fieldstart|move: Grassy Terrain|[from] ability: Grassy Surge|[of] p1a: tarentino
|move|p2a: Hydreigon|Draco Meteor|p1a: tarentino
|-immune|p1a: tarentino
|
|-heal|p1a: tarentino|73/100|[from] item: Leftovers
|-heal|p1a: tarentino|79/100|[from] Grassy Terrain
|-damage|p2a: Hydreigon|6/100 brn|[from] brn
|upkeep
|turn|45
|
|t:|1605171902
|switch|p2a: Jirachi|Jirachi|100/100
|-damage|p2a: Jirachi|94/100|[from] Stealth Rock
|move|p1a: tarentino|Horn Leech|p2a: Jirachi
|-resisted|p2a: Jirachi
|-damage|p2a: Jirachi|76/100
|-heal|p1a: tarentino|89/100|[from] drain|[of] p2a: Jirachi
|
|-heal|p2a: Jirachi|83/100|[from] item: Leftovers
|-heal|p2a: Jirachi|89/100|[from] Grassy Terrain
|-heal|p1a: tarentino|95/100|[from] item: Leftovers
|-heal|p1a: tarentino|100/100|[from] Grassy Terrain
|upkeep
|turn|46
|
|t:|1605171908
|move|p2a: Jirachi|Iron Head|p1a: tarentino
|-supereffective|p1a: tarentino
|-crit|p1a: tarentino
|-damage|p1a: tarentino|31/100
|cant|p1a: tarentino|flinch
|
|-heal|p2a: Jirachi|95/100|[from] item: Leftovers
|-heal|p2a: Jirachi|100/100|[from] Grassy Terrain
|-heal|p1a: tarentino|37/100|[from] item: Leftovers
|-heal|p1a: tarentino|43/100|[from] Grassy Terrain
|upkeep
|turn|47
|
|t:|1605171913
|move|p1a: tarentino|Protect|p1a: tarentino
|-singleturn|p1a: tarentino|Protect
|move|p2a: Jirachi|Iron Head|p1a: tarentino
|-activate|p1a: tarentino|move: Protect
|
|-heal|p1a: tarentino|49/100|[from] item: Leftovers
|-heal|p1a: tarentino|55/100|[from] Grassy Terrain
|upkeep
|turn|48
|
|t:|1605171919
|switch|p1a: :mounts:|Suicune|37/100
|-damage|p1a: :mounts:|25/100|[from] Stealth Rock
|-ability|p1a: :mounts:|Pressure
|move|p2a: Jirachi|Iron Head|p1a: :mounts:
|-resisted|p1a: :mounts:
|-damage|p1a: :mounts:|15/100
|
|-heal|p1a: :mounts:|21/100|[from] item: Leftovers
|-heal|p1a: :mounts:|27/100|[from] Grassy Terrain
|-fieldend|move: Grassy Terrain
|upkeep
|turn|49
|
|t:|1605171926
|move|p1a: :mounts:|Protect|p1a: :mounts:
|-singleturn|p1a: :mounts:|Protect
|move|p2a: Jirachi|U-turn|p1a: :mounts:
|-activate|p1a: :mounts:|move: Protect
|
|-heal|p1a: :mounts:|33/100|[from] item: Leftovers
|upkeep
|turn|50
|
|t:|1605171934
|switch|p1a: WOA DIEU|Celesteela|48/100
|-damage|p1a: WOA DIEU|36/100|[from] Stealth Rock
|move|p2a: Jirachi|U-turn|p1a: WOA DIEU
|-resisted|p1a: WOA DIEU
|-damage|p1a: WOA DIEU|33/100
|
|t:|1605171939
|switch|p2a: Politoed|Politoed, F|46/100|[from]move: U-turn
|-damage|p2a: Politoed|34/100|[from] Stealth Rock
|-status|p2a: Politoed|psn
|-weather|RainDance|[from] ability: Drizzle|[of] p2a: Politoed
|
|-weather|RainDance|[upkeep]
|-heal|p1a: WOA DIEU|39/100|[from] item: Leftovers
|-damage|p2a: Politoed|22/100 psn|[from] psn
|upkeep
|turn|51
|
|t:|1605171952
|move|p1a: WOA DIEU|Protect|p1a: WOA DIEU
|-singleturn|p1a: WOA DIEU|Protect
|move|p2a: Politoed|Scald|p1a: WOA DIEU
|-activate|p1a: WOA DIEU|move: Protect
|
|-weather|RainDance|[upkeep]
|-heal|p1a: WOA DIEU|45/100|[from] item: Leftovers
|-damage|p2a: Politoed|10/100 psn|[from] psn
|upkeep
|turn|52
|
|t:|1605171963
|move|p2a: Politoed|Scald|p1a: WOA DIEU
|-damage|p1a: WOA DIEU|20/100
|-status|p1a: WOA DIEU|brn
|move|p1a: WOA DIEU|Leech Seed|p2a: Politoed
|-start|p2a: Politoed|move: Leech Seed
|
|-weather|RainDance|[upkeep]
|-heal|p1a: WOA DIEU|26/100 brn|[from] item: Leftovers
|-damage|p2a: Politoed|0 fnt|[from] Leech Seed|[of] p1a: WOA DIEU
|-heal|p1a: WOA DIEU|35/100 brn|[silent]
|faint|p2a: Politoed
|-damage|p1a: WOA DIEU|28/100 brn|[from] brn
|upkeep
|
|t:|1605171972
|switch|p2a: Jirachi|Jirachi|100/100
|-damage|p2a: Jirachi|94/100|[from] Stealth Rock
|turn|53
|
|t:|1605171982
|switch|p1a: tarentino|Tapu Bulu|55/100
|-damage|p1a: tarentino|43/100|[from] Stealth Rock
|-fieldstart|move: Grassy Terrain|[from] ability: Grassy Surge|[of] p1a: tarentino
|move|p2a: Jirachi|Iron Head|p1a: tarentino
|-supereffective|p1a: tarentino
|-damage|p1a: tarentino|0 fnt
|faint|p1a: tarentino
|
|-weather|RainDance|[upkeep]
|-heal|p2a: Jirachi|100/100|[from] item: Leftovers
|upkeep
|
|t:|1605171986
|switch|p1a: :mounts:|Suicune|33/100
|-damage|p1a: :mounts:|21/100|[from] Stealth Rock
|-ability|p1a: :mounts:|Pressure
|turn|54
|
|t:|1605172001
|move|p1a: :mounts:|Protect|p1a: :mounts:
|-singleturn|p1a: :mounts:|Protect
|move|p2a: Jirachi|U-turn|p1a: :mounts:
|-activate|p1a: :mounts:|move: Protect
|
|-weather|RainDance|[upkeep]
|-heal|p1a: :mounts:|27/100|[from] item: Leftovers
|-heal|p1a: :mounts:|33/100|[from] Grassy Terrain
|upkeep
|turn|55
|
|t:|1605172012
|move|p2a: Jirachi|U-turn|p1a: :mounts:
|-damage|p1a: :mounts:|20/100
|
|t:|1605172014
|switch|p2a: Hydreigon|Hydreigon, M|6/100 brn|[from]move: U-turn
|-damage|p2a: Hydreigon|0 fnt|[from] Stealth Rock
|faint|p2a: Hydreigon
|move|p1a: :mounts:|Scald|p2: Hydreigon|[notarget]
|-fail|p1a: :mounts:
|
|-weather|RainDance|[upkeep]
|-heal|p1a: :mounts:|26/100|[from] item: Leftovers
|-heal|p1a: :mounts:|33/100|[from] Grassy Terrain
|upkeep
|
|t:|1605172021
|switch|p2a: Zeraora|Zeraora|23/100
|-damage|p2a: Zeraora|10/100|[from] Stealth Rock
|-status|p2a: Zeraora|psn
|turn|56
|
|t:|1605172026
|move|p1a: :mounts:|Protect|p1a: :mounts:
|-singleturn|p1a: :mounts:|Protect
|move|p2a: Zeraora|Thunder|p1a: :mounts:
|-activate|p1a: :mounts:|move: Protect
|
|-weather|RainDance|[upkeep]
|-heal|p2a: Zeraora|16/100 psn|[from] Grassy Terrain
|-heal|p1a: :mounts:|39/100|[from] item: Leftovers
|-heal|p1a: :mounts:|45/100|[from] Grassy Terrain
|-damage|p2a: Zeraora|4/100 psn|[from] psn
|upkeep
|turn|57
|
|t:|1605172034
|switch|p1a: A|Latias, F|60/100 tox
|-damage|p1a: A|48/100 tox|[from] Stealth Rock
|move|p2a: Zeraora|Play Rough|p1a: A
|-supereffective|p1a: A
|-damage|p1a: A|0 fnt
|faint|p1a: A
|
|-weather|none
|-heal|p2a: Zeraora|10/100 psn|[from] Grassy Terrain
|-fieldend|move: Grassy Terrain
|-damage|p2a: Zeraora|0 fnt|[from] psn
|faint|p2a: Zeraora
|upkeep
|
|t:|1605172057
|switch|p2a: Jirachi|Jirachi|100/100
|switch|p1a: :mounts:|Suicune|45/100
|-damage|p2a: Jirachi|94/100|[from] Stealth Rock
|-damage|p1a: :mounts:|33/100|[from] Stealth Rock
|-ability|p1a: :mounts:|Pressure
|turn|58
|
|t:|1605172069
|move|p1a: :mounts:|Protect|p1a: :mounts:
|-singleturn|p1a: :mounts:|Protect
|move|p2a: Jirachi|U-turn|p1a: :mounts:
|-activate|p1a: :mounts:|move: Protect
|
|-heal|p2a: Jirachi|100/100|[from] item: Leftovers
|-heal|p1a: :mounts:|39/100|[from] item: Leftovers
|upkeep
|turn|59
|
|t:|1605172078
|switch|p1a: LEGO|Nihilego|88/100
|-damage|p1a: LEGO|76/100|[from] Stealth Rock
|move|p2a: Jirachi|Iron Head|p1a: LEGO
|-supereffective|p1a: LEGO
|-damage|p1a: LEGO|0 fnt
|faint|p1a: LEGO
|
|upkeep
|
|t:|1605172082
|switch|p1a: :mounts:|Suicune|39/100
|-damage|p1a: :mounts:|26/100|[from] Stealth Rock
|-ability|p1a: :mounts:|Pressure
|turn|60
|
|t:|1605172088
|move|p1a: :mounts:|Protect|p1a: :mounts:
|-singleturn|p1a: :mounts:|Protect
|move|p2a: Jirachi|Iron Head|p1a: :mounts:
|-activate|p1a: :mounts:|move: Protect
|
|-heal|p1a: :mounts:|33/100|[from] item: Leftovers
|upkeep
|turn|61
|
|t:|1605172121
|move|p2a: Jirachi|Iron Head|p1a: :mounts:
|-resisted|p1a: :mounts:
|-damage|p1a: :mounts:|22/100
|move|p1a: :mounts:|Scald|p2a: Jirachi
|-damage|p2a: Jirachi|81/100
|
|-heal|p2a: Jirachi|87/100|[from] item: Leftovers
|-heal|p1a: :mounts:|28/100|[from] item: Leftovers
|upkeep
|turn|62
|
|t:|1605172126
|move|p2a: Jirachi|Healing Wish|p2a: Jirachi
|faint|p2a: Jirachi
|move|p1a: :mounts:|Scald|p2: Jirachi|[notarget]
|-fail|p1a: :mounts:
|
|-heal|p1a: :mounts:|34/100|[from] item: Leftovers
|upkeep
|
|t:|1605172128
|switch|p2a: Barraskewda|Barraskewda, F|23/100
|-heal|p2a: Barraskewda|100/100|[from] move: Healing Wish
|-status|p2a: Barraskewda|psn
|-damage|p2a: Barraskewda|88/100 psn|[from] Stealth Rock
|turn|63
|
|t:|1605172132
|move|p1a: :mounts:|Protect|p1a: :mounts:
|-singleturn|p1a: :mounts:|Protect
|move|p2a: Barraskewda|Close Combat|p1a: :mounts:
|-activate|p1a: :mounts:|move: Protect
|
|-heal|p1a: :mounts:|40/100|[from] item: Leftovers
|-damage|p2a: Barraskewda|76/100 psn|[from] psn
|upkeep
|turn|64
|
|t:|1605172141
|switch|p1a: WOA DIEU|Celesteela|28/100 brn
|-damage|p1a: WOA DIEU|16/100 brn|[from] Stealth Rock
|move|p2a: Barraskewda|Close Combat|p1a: WOA DIEU
|-damage|p1a: WOA DIEU|0 fnt
|-unboost|p2a: Barraskewda|def|1
|-unboost|p2a: Barraskewda|spd|1
|faint|p1a: WOA DIEU
|
|-damage|p2a: Barraskewda|64/100 psn|[from] psn
|upkeep
|
|t:|1605172143
|switch|p1a: :mounts:|Suicune|40/100
|-damage|p1a: :mounts:|28/100|[from] Stealth Rock
|-ability|p1a: :mounts:|Pressure
|turn|65
|
|t:|1605172147
|move|p1a: :mounts:|Protect|p1a: :mounts:
|-singleturn|p1a: :mounts:|Protect
|move|p2a: Barraskewda|Close Combat|p1a: :mounts:
|-activate|p1a: :mounts:|move: Protect
|
|-heal|p1a: :mounts:|34/100|[from] item: Leftovers
|-damage|p2a: Barraskewda|52/100 psn|[from] psn
|upkeep
|turn|66
|
|t:|1605172151
|move|p1a: :mounts:|Protect||[still]
|-fail|p1a: :mounts:
|move|p2a: Barraskewda|Close Combat|p1a: :mounts:
|-damage|p1a: :mounts:|0 fnt
|-unboost|p2a: Barraskewda|def|1
|-unboost|p2a: Barraskewda|spd|1
|faint|p1a: :mounts:
|
|win|Raclette Officiel
|c|☆Kabilapok|gg
|l|☆Kabilapok
|c|☆Raclette Officiel|gg
