|j|☆FrozenMan
|j|☆BewearHugger
|player|p1|FrozenMan|147|1661
|player|p2|BewearHugger|pokemaniac-gen3rs|1611
|teamsize|p1|6
|teamsize|p2|6
|gametype|singles
|gen|8
|tier|[Gen 8] UU
|rated|
|clearpoke
|poke|p1|Jirachi|
|poke|p1|Roserade, M|
|poke|p1|Tyranitar, M|
|poke|p1|Dragalge, F|
|poke|p1|Rotom-Wash|
|poke|p1|Obstagoon, F|
|poke|p2|Bewear, M|
|poke|p2|Grimmsnarl, M|
|poke|p2|Krookodile, F|
|poke|p2|Scolipede, M|
|poke|p2|Porygon-Z|
|poke|p2|Necrozma|
|rule|Sleep Clause Mod: Limit one foe put to sleep
|rule|Species Clause: Limit one of each Pokémon
|rule|OHKO Clause: OHKO moves are banned
|rule|Evasion Moves Clause: Evasion moves are banned
|rule|Endless Battle Clause: Forcing endless battles is banned
|rule|HP Percentage Mod: HP is shown in percentages
|rule|Dynamax Clause: You cannot dynamax
|teampreview
|inactive|Battle timer is ON: inactive players will automatically lose when time's up. (requested by BewearHugger)
|j| Arbre et Buisson
|
|start
|switch|p1a: Obstagoon|Obstagoon, F|100/100
|switch|p2a: Krookodile|Krookodile, F|100/100
|-ability|p2a: Krookodile|Intimidate|boost
|-unboost|p1a: Obstagoon|atk|1
|turn|1
|
|move|p1a: Obstagoon|Knock Off|p2a: Krookodile
|-resisted|p2a: Krookodile
|-damage|p2a: Krookodile|85/100
|-enditem|p2a: Krookodile|Focus Sash|[from] move: Knock Off|[of] p1a: Obstagoon
|move|p2a: Krookodile|Knock Off|p1a: Obstagoon
|-resisted|p1a: Obstagoon
|-damage|p1a: Obstagoon|76/100
|-enditem|p1a: Obstagoon|Flame Orb|[from] move: Knock Off|[of] p2a: Krookodile
|
|upkeep
|turn|2
|
|move|p1a: Obstagoon|Close Combat|p2a: Krookodile
|-supereffective|p2a: Krookodile
|-damage|p2a: Krookodile|30/100
|-unboost|p1a: Obstagoon|def|1
|-unboost|p1a: Obstagoon|spd|1
|move|p2a: Krookodile|Stealth Rock|p1a: Obstagoon
|-sidestart|p1: FrozenMan|move: Stealth Rock
|
|upkeep
|turn|3
|
|switch|p2a: Grimmsnarl|Grimmsnarl, M|100/100
|move|p1a: Obstagoon|Close Combat|p2a: Grimmsnarl
|-damage|p2a: Grimmsnarl|75/100
|-unboost|p1a: Obstagoon|def|1
|-unboost|p1a: Obstagoon|spd|1
|
|upkeep
|turn|4
|
|switch|p1a: Dragalge|Dragalge, F|100/100
|-damage|p1a: Dragalge|88/100|[from] Stealth Rock
|move|p2a: Grimmsnarl|Reflect|p2a: Grimmsnarl
|-sidestart|p2: BewearHugger|Reflect
|
|-heal|p1a: Dragalge|94/100|[from] item: Black Sludge
|upkeep
|turn|5
|
|switch|p2a: Krookodile|Krookodile, F|30/100
|-ability|p2a: Krookodile|Intimidate|boost
|-unboost|p1a: Dragalge|atk|1
|move|p1a: Dragalge|Toxic Spikes|p2a: Krookodile
|-sidestart|p2: BewearHugger|move: Toxic Spikes
|
|-heal|p1a: Dragalge|100/100|[from] item: Black Sludge
|upkeep
|turn|6
|
|switch|p1a: Rotom|Rotom-Wash, shiny|100/100
|-damage|p1a: Rotom|88/100|[from] Stealth Rock
|move|p2a: Krookodile|Knock Off|p1a: Rotom
|-damage|p1a: Rotom|49/100
|-enditem|p1a: Rotom|Leftovers|[from] move: Knock Off|[of] p2a: Krookodile
|
|upkeep
|turn|7
|
|move|p2a: Krookodile|Knock Off|p1a: Rotom
|-damage|p1a: Rotom|20/100
|move|p1a: Rotom|Hydro Pump|p2a: Krookodile
|-supereffective|p2a: Krookodile
|-damage|p2a: Krookodile|0 fnt
|faint|p2a: Krookodile
|
|upkeep
|
|switch|p2a: Scolipede|Scolipede, M|100/100
|-sideend|p2: BewearHugger|move: Toxic Spikes|[of] p2a: Scolipede
|turn|8
|
|move|p2a: Scolipede|Rock Slide|p1a: Rotom
|-damage|p1a: Rotom|0 fnt
|-damage|p2a: Scolipede|91/100|[from] item: Life Orb
|faint|p1a: Rotom
|
|-ability|p2a: Scolipede|Speed Boost|boost
|-boost|p2a: Scolipede|spe|1
|upkeep
|
|switch|p1a: Dragalge|Dragalge, F|100/100
|-damage|p1a: Dragalge|88/100|[from] Stealth Rock
|turn|9
|j| DevilishGreg
|
|switch|p2a: Necrozma|Necrozma|100/100
|move|p1a: Dragalge|Draco Meteor|p2a: Necrozma
|-damage|p2a: Necrozma|4/100
|-unboost|p1a: Dragalge|spa|2
|
|-heal|p1a: Dragalge|94/100|[from] item: Black Sludge
|upkeep
|turn|10
|
|switch|p1a: Jirachi|Jirachi, shiny|100/100
|-damage|p1a: Jirachi|94/100|[from] Stealth Rock
|move|p2a: Necrozma|Earth Power|p1a: Jirachi
|-supereffective|p1a: Jirachi
|-damage|p1a: Jirachi|36/100
|
|upkeep
|turn|11
|
|move|p1a: Jirachi|U-turn|p2a: Necrozma
|-supereffective|p2a: Necrozma
|-damage|p2a: Necrozma|0 fnt
|faint|p2a: Necrozma
|
|switch|p1a: Dragalge|Dragalge, F|94/100|[from]move: U-turn
|-damage|p1a: Dragalge|82/100|[from] Stealth Rock
|
|-heal|p1a: Dragalge|88/100|[from] item: Black Sludge
|-sideend|p2: BewearHugger|Reflect
|upkeep
|
|switch|p2a: Grimmsnarl|Grimmsnarl, M|75/100
|turn|12
|
|move|p2a: Grimmsnarl|Light Screen|p2a: Grimmsnarl
|-sidestart|p2: BewearHugger|move: Light Screen
|move|p1a: Dragalge|Sludge Wave|p2a: Grimmsnarl
|-supereffective|p2a: Grimmsnarl
|-damage|p2a: Grimmsnarl|9/100
|-status|p2a: Grimmsnarl|psn
|
|-heal|p1a: Dragalge|94/100|[from] item: Black Sludge
|-damage|p2a: Grimmsnarl|0 fnt|[from] psn
|faint|p2a: Grimmsnarl
|upkeep
|
|switch|p2a: Scolipede|Scolipede, M|91/100
|turn|13
|
|move|p2a: Scolipede|Swords Dance|p2a: Scolipede
|-boost|p2a: Scolipede|atk|2
|move|p1a: Dragalge|Draco Meteor|p2a: Scolipede|[miss]
|-miss|p1a: Dragalge|p2a: Scolipede
|
|-heal|p1a: Dragalge|100/100|[from] item: Black Sludge
|-ability|p2a: Scolipede|Speed Boost|boost
|-boost|p2a: Scolipede|spe|1
|upkeep
|turn|14
|j| 467 11 11p
|
|move|p2a: Scolipede|Earthquake|p1a: Dragalge
|-supereffective|p1a: Dragalge
|-damage|p1a: Dragalge|0 fnt
|-damage|p2a: Scolipede|81/100|[from] item: Life Orb
|faint|p1a: Dragalge
|
|-ability|p2a: Scolipede|Speed Boost|boost
|-boost|p2a: Scolipede|spe|1
|upkeep
|
|switch|p1a: Tyranitar|Tyranitar, M, shiny|100/100
|-damage|p1a: Tyranitar|88/100|[from] Stealth Rock
|-weather|Sandstorm|[from] ability: Sand Stream|[of] p1a: Tyranitar
|turn|15
|
|move|p2a: Scolipede|Earthquake|p1a: Tyranitar
|-supereffective|p1a: Tyranitar
|-damage|p1a: Tyranitar|0 fnt
|-damage|p2a: Scolipede|71/100|[from] item: Life Orb
|faint|p1a: Tyranitar
|
|-weather|Sandstorm|[upkeep]
|-damage|p2a: Scolipede|64/100|[from] Sandstorm
|-ability|p2a: Scolipede|Speed Boost|boost
|-boost|p2a: Scolipede|spe|1
|upkeep
|-message|FrozenMan forfeited.
|
|win|BewearHugger
|l|☆FrozenMan
|l| Arbre et Buisson
|l| DevilishGreg
||Ladder (probably) updated, but score could not be retrieved (Request timeout).
