|j|☆congelateur-sama
|j|☆MegaTotomon
|t:|1632683376
|gametype|singles
|player|p1|congelateur-sama|265|
|player|p2|MegaTotomon|fantina|
|teamsize|p1|6
|teamsize|p2|6
|gen|8
|tier|[Gen 8] UU
|rated|Tournament battle
|rule|Sleep Clause Mod: Limit one foe put to sleep
|rule|Species Clause: Limit one of each Pokémon
|rule|OHKO Clause: OHKO moves are banned
|rule|Evasion Moves Clause: Evasion moves are banned
|rule|Endless Battle Clause: Forcing endless battles is banned
|rule|HP Percentage Mod: HP is shown in percentages
|rule|Dynamax Clause: You cannot dynamax
|clearpoke
|poke|p1|Jirachi|
|poke|p1|Kommo-o, F|
|poke|p1|Amoonguss, M|
|poke|p1|Rotom-Wash|
|poke|p1|Krookodile, F|
|poke|p1|Chandelure, M|
|poke|p2|Nihilego|
|poke|p2|Chandelure, M|
|poke|p2|Tangrowth, F|
|poke|p2|Rotom-Wash|
|poke|p2|Buzzwole|
|poke|p2|Jirachi|
|teampreview
|c|☆congelateur-sama|hf
|c|☆MegaTotomon|u2
|j| Dunoks
|
|t:|1632683437
|start
|switch|p1a: Rotom|Rotom-Wash|100/100
|switch|p2a: Jirachi|Jirachi|100/100
|turn|1
|
|t:|1632683461
|move|p2a: Jirachi|U-turn|p1a: Rotom
|-damage|p1a: Rotom|79/100
|
|t:|1632683464
|switch|p2a: Rotom|Rotom-Wash|100/100|[from]move: U-turn
|move|p1a: Rotom|Hydro Pump|p2a: Rotom|[miss]
|-miss|p1a: Rotom|p2a: Rotom
|
|-heal|p1a: Rotom|85/100|[from] item: Leftovers
|upkeep
|turn|2
|
|t:|1632683470
|move|p1a: Rotom|Volt Switch|p2a: Rotom
|-damage|p2a: Rotom|75/100
|
|t:|1632683473
|switch|p1a: Amoonguss|Amoonguss, M|100/100|[from]move: Volt Switch
|move|p2a: Rotom|Will-O-Wisp|p1a: Amoonguss
|-status|p1a: Amoonguss|brn
|
|-heal|p2a: Rotom|81/100|[from] item: Leftovers
|-damage|p1a: Amoonguss|94/100 brn|[from] brn
|upkeep
|turn|3
|
|t:|1632683478
|move|p2a: Rotom|Volt Switch|p1a: Amoonguss
|-resisted|p1a: Amoonguss
|-damage|p1a: Amoonguss|83/100 brn
|
|t:|1632683482
|switch|p2a: Jirachi|Jirachi|100/100|[from]move: Volt Switch
|move|p1a: Amoonguss|Spore|p2a: Jirachi
|-status|p2a: Jirachi|slp|[from] move: Spore
|
|-damage|p1a: Amoonguss|77/100 brn|[from] brn
|upkeep
|turn|4
|
|t:|1632683491
|switch|p2a: Nihilego|Nihilego|100/100
|switch|p1a: Krookodile|Krookodile, F|100/100
|-ability|p1a: Krookodile|Intimidate|boost
|-unboost|p2a: Nihilego|atk|1
|
|upkeep
|turn|5
|
|t:|1632683498
|switch|p2a: Buzzwole|Buzzwole|100/100
|move|p1a: Krookodile|Stealth Rock|p2a: Buzzwole
|-sidestart|p2: MegaTotomon|move: Stealth Rock
|
|upkeep
|turn|6
|
|t:|1632683513
|switch|p1a: Chandelure|Chandelure, M|100/100
|switch|p2a: Nihilego|Nihilego|100/100
|-damage|p2a: Nihilego|88/100|[from] Stealth Rock
|
|-heal|p2a: Nihilego|94/100|[from] item: Black Sludge
|upkeep
|turn|7
|
|t:|1632683520
|switch|p1a: Jirachi|Jirachi, shiny|100/100
|move|p2a: Nihilego|Stealth Rock|p1a: Jirachi
|-sidestart|p1: congelateur-sama|move: Stealth Rock
|
|-heal|p2a: Nihilego|100/100|[from] item: Black Sludge
|upkeep
|turn|8
|
|t:|1632683526
|switch|p2a: Rotom|Rotom-Wash|81/100
|-damage|p2a: Rotom|69/100|[from] Stealth Rock
|move|p1a: Jirachi|Meteor Beam||[still]
|-prepare|p1a: Jirachi|Meteor Beam
|-boost|p1a: Jirachi|spa|1
|-enditem|p1a: Jirachi|Power Herb
|-anim|p1a: Jirachi|Meteor Beam|p2a: Rotom
|-damage|p2a: Rotom|9/100
|
|-heal|p2a: Rotom|16/100|[from] item: Leftovers
|upkeep
|turn|9
|
|t:|1632683535
|switch|p2a: Tangrowth|Tangrowth, F|100/100
|-damage|p2a: Tangrowth|88/100|[from] Stealth Rock
|move|p1a: Jirachi|Psychic|p2a: Tangrowth
|-damage|p2a: Tangrowth|52/100
|
|upkeep
|turn|10
|
|t:|1632683539
|move|p1a: Jirachi|Meteor Beam||[still]
|-prepare|p1a: Jirachi|Meteor Beam
|-boost|p1a: Jirachi|spa|1
|move|p2a: Tangrowth|Earthquake|p1a: Jirachi
|-supereffective|p1a: Jirachi
|-damage|p1a: Jirachi|57/100
|
|upkeep
|turn|11
|j| thekingkarp
|
|t:|1632683545
|switch|p2a: Jirachi|Jirachi|100/100 slp
|-damage|p2a: Jirachi|94/100 slp|[from] Stealth Rock
|move|p1a: Jirachi|Meteor Beam|p2a: Jirachi|[from]lockedmove|[miss]
|-miss|p1a: Jirachi|p2a: Jirachi
|
|upkeep
|turn|12
|
|t:|1632683553
|switch|p2a: Tangrowth|Tangrowth, F|85/100
|-damage|p2a: Tangrowth|73/100|[from] Stealth Rock
|move|p1a: Jirachi|Psychic|p2a: Tangrowth
|-damage|p2a: Tangrowth|25/100
|-unboost|p2a: Tangrowth|spd|1
|
|upkeep
|turn|13
|
|t:|1632683556
|switch|p2a: Jirachi|Jirachi|94/100 slp
|-damage|p2a: Jirachi|88/100 slp|[from] Stealth Rock
|move|p1a: Jirachi|Psychic|p2a: Jirachi
|-resisted|p2a: Jirachi
|-damage|p2a: Jirachi|69/100 slp
|
|upkeep
|turn|14
|
|t:|1632683558
|cant|p2a: Jirachi|slp
|move|p1a: Jirachi|Psychic|p2a: Jirachi
|-resisted|p2a: Jirachi
|-damage|p2a: Jirachi|49/100 slp
|
|upkeep
|turn|15
|
|t:|1632683570
|cant|p2a: Jirachi|slp
|move|p1a: Jirachi|Psychic|p2a: Jirachi
|-resisted|p2a: Jirachi
|-damage|p2a: Jirachi|29/100 slp
|
|upkeep
|turn|16
|
|t:|1632683579
|cant|p2a: Jirachi|slp
|move|p1a: Jirachi|Psychic|p2a: Jirachi
|-resisted|p2a: Jirachi
|-damage|p2a: Jirachi|10/100 slp
|
|upkeep
|turn|17
|
|t:|1632683583
|-curestatus|p2a: Jirachi|slp|[msg]
|move|p2a: Jirachi|Iron Head|p1a: Jirachi
|-resisted|p1a: Jirachi
|-damage|p1a: Jirachi|41/100
|move|p1a: Jirachi|Psychic|p2a: Jirachi
|-resisted|p2a: Jirachi
|-damage|p2a: Jirachi|0 fnt
|faint|p2a: Jirachi
|
|upkeep
|
|t:|1632683593
|switch|p2a: Tangrowth|Tangrowth, F|58/100
|-damage|p2a: Tangrowth|46/100|[from] Stealth Rock
|turn|18
|
|t:|1632683596
|switch|p2a: Rotom|Rotom-Wash|16/100
|-damage|p2a: Rotom|3/100|[from] Stealth Rock
|move|p1a: Jirachi|Psychic|p2a: Rotom
|-damage|p2a: Rotom|0 fnt
|faint|p2a: Rotom
|
|upkeep
|
|t:|1632683598
|switch|p2a: Tangrowth|Tangrowth, F|79/100
|-damage|p2a: Tangrowth|67/100|[from] Stealth Rock
|turn|19
|
|t:|1632683638
|switch|p1a: Amoonguss|Amoonguss, M|100/100 brn
|-damage|p1a: Amoonguss|88/100 brn|[from] Stealth Rock
|move|p2a: Tangrowth|Earthquake|p1a: Amoonguss
|-damage|p1a: Amoonguss|72/100 brn
|
|-damage|p1a: Amoonguss|66/100 brn|[from] brn
|upkeep
|turn|20
|
|t:|1632683649
|switch|p2a: Chandelure|Chandelure, M|100/100
|-damage|p2a: Chandelure|76/100|[from] Stealth Rock
|move|p1a: Amoonguss|Sludge Bomb|p2a: Chandelure
|-resisted|p2a: Chandelure
|-damage|p2a: Chandelure|58/100
|-status|p2a: Chandelure|psn
|
|-damage|p2a: Chandelure|45/100 psn|[from] psn
|-damage|p1a: Amoonguss|60/100 brn|[from] brn
|upkeep
|turn|21
|
|t:|1632683655
|switch|p1a: Kommo-o|Kommo-o, F|100/100
|-damage|p1a: Kommo-o|94/100|[from] Stealth Rock
|move|p2a: Chandelure|Overheat|p1a: Kommo-o
|-resisted|p1a: Kommo-o
|-damage|p1a: Kommo-o|28/100
|-unboost|p2a: Chandelure|spa|2
|
|-damage|p2a: Chandelure|33/100 psn|[from] psn
|upkeep
|turn|22
|
|t:|1632683668
|switch|p1a: Chandelure|Chandelure, M|100/100
|switch|p2a: Nihilego|Nihilego|100/100
|-damage|p2a: Nihilego|88/100|[from] Stealth Rock
|
|-heal|p2a: Nihilego|94/100|[from] item: Black Sludge
|upkeep
|turn|23
|
|t:|1632683705
|switch|p1a: Krookodile|Krookodile, F|100/100
|-damage|p1a: Krookodile|94/100|[from] Stealth Rock
|-ability|p1a: Krookodile|Intimidate|boost
|-unboost|p2a: Nihilego|atk|1
|move|p2a: Nihilego|Knock Off|p1a: Krookodile
|-resisted|p1a: Krookodile
|-damage|p1a: Krookodile|90/100
|-enditem|p1a: Krookodile|Choice Scarf|[from] move: Knock Off|[of] p2a: Nihilego
|
|-heal|p2a: Nihilego|100/100|[from] item: Black Sludge
|upkeep
|turn|24
|
|t:|1632683716
|switch|p2a: Tangrowth|Tangrowth, F|99/100
|-damage|p2a: Tangrowth|87/100|[from] Stealth Rock
|move|p1a: Krookodile|Knock Off|p2a: Tangrowth
|-damage|p2a: Tangrowth|55/100
|-enditem|p2a: Tangrowth|Assault Vest|[from] move: Knock Off|[of] p1a: Krookodile
|
|upkeep
|turn|25
|
|t:|1632683727
|switch|p1a: Amoonguss|Amoonguss, M|93/100 brn
|-damage|p1a: Amoonguss|81/100 brn|[from] Stealth Rock
|move|p2a: Tangrowth|Earthquake|p1a: Amoonguss
|-damage|p1a: Amoonguss|63/100 brn
|
|-damage|p1a: Amoonguss|57/100 brn|[from] brn
|upkeep
|turn|26
|
|t:|1632683743
|move|p2a: Tangrowth|Earthquake|p1a: Amoonguss
|-damage|p1a: Amoonguss|40/100 brn
|move|p1a: Amoonguss|Spore|p2a: Tangrowth
|-immune|p2a: Tangrowth
|
|-damage|p1a: Amoonguss|34/100 brn|[from] brn
|upkeep
|turn|27
|j| Celebiii32
|
|t:|1632683776
|move|p2a: Tangrowth|Earthquake|p1a: Amoonguss
|-damage|p1a: Amoonguss|17/100 brn
|move|p1a: Amoonguss|Sludge Bomb|p2a: Tangrowth
|-supereffective|p2a: Tangrowth
|-damage|p2a: Tangrowth|3/100
|
|-damage|p1a: Amoonguss|11/100 brn|[from] brn
|upkeep
|turn|28
|l| Celebiii32
|l| thekingkarp
|
|t:|1632683808
|switch|p2a: Nihilego|Nihilego|100/100
|-damage|p2a: Nihilego|88/100|[from] Stealth Rock
|switch|p1a: Kommo-o|Kommo-o, F|28/100
|-damage|p1a: Kommo-o|22/100|[from] Stealth Rock
|
|-heal|p2a: Nihilego|94/100|[from] item: Black Sludge
|upkeep
|turn|29
|
|t:|1632683815
|move|p2a: Nihilego|Sludge Wave|p1a: Kommo-o
|-damage|p1a: Kommo-o|0 fnt
|faint|p1a: Kommo-o
|-ability|p2a: Nihilego|Beast Boost|boost
|-boost|p2a: Nihilego|spa|1
|
|-heal|p2a: Nihilego|100/100|[from] item: Black Sludge
|upkeep
|
|t:|1632683835
|switch|p1a: Krookodile|Krookodile, F|90/100
|-damage|p1a: Krookodile|84/100|[from] Stealth Rock
|-ability|p1a: Krookodile|Intimidate|boost
|-unboost|p2a: Nihilego|atk|1
|turn|30
|
|t:|1632683839
|switch|p2a: Buzzwole|Buzzwole|100/100
|-damage|p2a: Buzzwole|88/100|[from] Stealth Rock
|move|p1a: Krookodile|Knock Off|p2a: Buzzwole
|-resisted|p2a: Buzzwole
|-damage|p2a: Buzzwole|73/100
|-enditem|p2a: Buzzwole|Life Orb|[from] move: Knock Off|[of] p1a: Krookodile
|
|upkeep
|turn|31
|j|@laevin
|
|t:|1632683863
|switch|p1a: Amoonguss|Amoonguss, M|44/100 brn
|-damage|p1a: Amoonguss|32/100 brn|[from] Stealth Rock
|move|p2a: Buzzwole|Close Combat|p1a: Amoonguss
|-resisted|p1a: Amoonguss
|-damage|p1a: Amoonguss|6/100 brn
|-unboost|p2a: Buzzwole|def|1
|-unboost|p2a: Buzzwole|spd|1
|-damage|p2a: Buzzwole|56/100|[from] item: Rocky Helmet|[of] p1a: Amoonguss
|
|-damage|p1a: Amoonguss|0 fnt|[from] brn
|faint|p1a: Amoonguss
|upkeep
|
|t:|1632683866
|switch|p1a: Jirachi|Jirachi, shiny|41/100
|-damage|p1a: Jirachi|35/100|[from] Stealth Rock
|turn|32
|
|t:|1632683880
|switch|p2a: Chandelure|Chandelure, M|33/100 psn
|-damage|p2a: Chandelure|8/100 psn|[from] Stealth Rock
|move|p1a: Jirachi|Psychic|p2a: Chandelure
|-damage|p2a: Chandelure|0 fnt
|faint|p2a: Chandelure
|
|upkeep
|
|t:|1632683888
|switch|p2a: Nihilego|Nihilego|100/100
|-damage|p2a: Nihilego|88/100|[from] Stealth Rock
|turn|33
|
|t:|1632683891
|move|p2a: Nihilego|Knock Off|p1a: Jirachi
|-supereffective|p1a: Jirachi
|-damage|p1a: Jirachi|20/100
|move|p1a: Jirachi|Psychic|p2a: Nihilego
|-supereffective|p2a: Nihilego
|-damage|p2a: Nihilego|24/100
|-unboost|p2a: Nihilego|spd|1
|
|-heal|p2a: Nihilego|30/100|[from] item: Black Sludge
|upkeep
|turn|34
|
|t:|1632683911
|move|p2a: Nihilego|Knock Off|p1a: Jirachi
|-supereffective|p1a: Jirachi
|-damage|p1a: Jirachi|4/100
|move|p1a: Jirachi|Psychic|p2a: Nihilego
|-supereffective|p2a: Nihilego
|-damage|p2a: Nihilego|0 fnt
|faint|p2a: Nihilego
|
|upkeep
|
|t:|1632683915
|switch|p2a: Tangrowth|Tangrowth, F|36/100
|-damage|p2a: Tangrowth|24/100|[from] Stealth Rock
|turn|35
|
|t:|1632683922
|move|p1a: Jirachi|Psychic|p2a: Tangrowth
|-damage|p2a: Tangrowth|0 fnt
|faint|p2a: Tangrowth
|
|upkeep
|c|☆congelateur-sama|g
|c|☆MegaTotomon|gg
|c|☆congelateur-sama|g
|
|t:|1632683927
|switch|p2a: Buzzwole|Buzzwole|56/100
|-damage|p2a: Buzzwole|44/100|[from] Stealth Rock
|turn|36
|
|t:|1632683930
|move|p1a: Jirachi|Psychic|p2a: Buzzwole
|-supereffective|p2a: Buzzwole
|-damage|p2a: Buzzwole|0 fnt
|faint|p2a: Buzzwole
|
|win|congelateur-sama
|n|☆congelateur-sama|congelateursama
|n|☆MegaTotomon|megatotomon
|n| Dunoks|dunoks
|n| laevin|laevin
|l|☆congelateur-sama
|l|☆MegaTotomon
