|j|☆d01ph1ne
|j|☆Guesstimate212121
|t:|1663559445
|gametype|singles
|player|p1|d01ph1ne|101|1434
|player|p2|Guesstimate212121|265|1365
|teamsize|p1|6
|teamsize|p2|6
|gen|8
|tier|[Gen 8] UU
|rated|
|rule|Sleep Clause Mod: Limit one foe put to sleep
|rule|Species Clause: Limit one of each Pokémon
|rule|OHKO Clause: OHKO moves are banned
|rule|Evasion Items Clause: Evasion items are banned
|rule|Evasion Moves Clause: Evasion moves are banned
|rule|Endless Battle Clause: Forcing endless battles is banned
|rule|HP Percentage Mod: HP is shown in percentages
|rule|Dynamax Clause: You cannot dynamax
|clearpoke
|poke|p1|Conkeldurr, M|
|poke|p1|Zarude-Dada|
|poke|p1|Scizor, M|
|poke|p1|Salamence, F|
|poke|p1|Nidoqueen, F|
|poke|p1|Slowking, M|
|poke|p2|Salamence, F|
|poke|p2|Conkeldurr, M|
|poke|p2|Celesteela|
|poke|p2|Darmanitan, M|
|poke|p2|Cobalion|
|poke|p2|Nidoking, M|
|teampreview
|inactive|Battle timer is ON: inactive players will automatically lose when time's up. (requested by Guesstimate212121)
|
|t:|1663559471
|start
|switch|p1a: Zarude|Zarude-Dada|100/100
|switch|p2a: Cobalion|Cobalion|100/100
|turn|1
|inactive|Guesstimate212121 has 120 seconds left.
|
|t:|1663559507
|move|p1a: Zarude|U-turn|p2a: Cobalion
|-resisted|p2a: Cobalion
|-damage|p2a: Cobalion|97/100
|-damage|p1a: Zarude|84/100|[from] item: Rocky Helmet|[of] p2a: Cobalion
|
|t:|1663559522
|switch|p1a: Salamence|Salamence, F|100/100|[from]move: U-turn
|-ability|p1a: Salamence|Intimidate|boost
|-unboost|p2a: Cobalion|atk|1
|move|p2a: Cobalion|Stealth Rock|p1a: Salamence
|-sidestart|p1: d01ph1ne|move: Stealth Rock
|
|upkeep
|turn|2
|inactive|Guesstimate212121 has 120 seconds left.
|
|t:|1663559549
|move|p2a: Cobalion|Volt Switch|p1a: Salamence
|-damage|p1a: Salamence|88/100
|
|t:|1663559552
|switch|p2a: Celesteela|Celesteela|100/100|[from]move: Volt Switch
|move|p1a: Salamence|Defog|p2a: Celesteela
|-unboost|p2a: Celesteela|evasion|1
|-sideend|p1: d01ph1ne|Stealth Rock|[from] move: Defog|[of] p1a: Salamence
|
|upkeep
|turn|3
|
|t:|1663559556
|move|p2a: Celesteela|Autotomize|p2a: Celesteela
|-boost|p2a: Celesteela|spe|2
|-start|p2a: Celesteela|Autotomize
|move|p1a: Salamence|Flamethrower|p2a: Celesteela
|-supereffective|p2a: Celesteela
|-damage|p2a: Celesteela|65/100
|
|upkeep
|turn|4
|inactive|Guesstimate212121 has 120 seconds left.
|
|t:|1663559572
|switch|p1a: Slowking|Slowking, M|100/100
|move|p2a: Celesteela|Meteor Beam||[still]
|-prepare|p2a: Celesteela|Meteor Beam
|-boost|p2a: Celesteela|spa|1
|-enditem|p2a: Celesteela|Power Herb
|-anim|p2a: Celesteela|Meteor Beam|p1a: Slowking
|-damage|p1a: Slowking|66/100
|
|upkeep
|turn|5
|inactive|Guesstimate212121 has 120 seconds left.
|
|t:|1663559583
|move|p2a: Celesteela|Air Slash|p1a: Slowking
|-damage|p1a: Slowking|33/100
|cant|p1a: Slowking|flinch
|
|upkeep
|turn|6
|
|t:|1663559595
|move|p2a: Celesteela|Air Slash|p1a: Slowking
|-damage|p1a: Slowking|1/100
|move|p1a: Slowking|Scald|p2a: Celesteela
|-damage|p2a: Celesteela|42/100
|-status|p2a: Celesteela|brn
|
|-damage|p2a: Celesteela|36/100 brn|[from] brn
|upkeep
|turn|7
|
|t:|1663559602
|move|p2a: Celesteela|Air Slash|p1a: Slowking
|-damage|p1a: Slowking|0 fnt
|faint|p1a: Slowking
|-ability|p2a: Celesteela|Beast Boost|boost
|-boost|p2a: Celesteela|spa|1
|
|-damage|p2a: Celesteela|29/100 brn|[from] brn
|upkeep
|
|t:|1663559609
|switch|p1a: Nidoqueen|Nidoqueen, F|100/100
|turn|8
|
|t:|1663559612
|move|p2a: Celesteela|Air Slash|p1a: Nidoqueen
|-damage|p1a: Nidoqueen|37/100
|move|p1a: Nidoqueen|Fire Blast|p2a: Celesteela
|-supereffective|p2a: Celesteela
|-damage|p2a: Celesteela|0 fnt
|faint|p2a: Celesteela
|
|upkeep
|
|t:|1663559621
|switch|p2a: Cobalion|Cobalion|97/100
|turn|9
|
|t:|1663559624
|switch|p1a: Salamence|Salamence, F|88/100
|-ability|p1a: Salamence|Intimidate|boost
|-unboost|p2a: Cobalion|atk|1
|move|p2a: Cobalion|Iron Head|p1a: Salamence
|-damage|p1a: Salamence|76/100
|
|upkeep
|turn|10
|
|t:|1663559628
|move|p2a: Cobalion|Stealth Rock|p1a: Salamence
|-sidestart|p1: d01ph1ne|move: Stealth Rock
|move|p1a: Salamence|Flamethrower|p2a: Cobalion
|-supereffective|p2a: Cobalion
|-damage|p2a: Cobalion|54/100
|
|upkeep
|turn|11
|
|t:|1663559632
|move|p2a: Cobalion|Volt Switch|p1a: Salamence
|-damage|p1a: Salamence|63/100
|
|t:|1663559636
|switch|p2a: Salamence|Salamence, F|100/100|[from]move: Volt Switch
|move|p1a: Salamence|Defog|p2a: Salamence
|-unboost|p2a: Salamence|evasion|1
|-sideend|p1: d01ph1ne|Stealth Rock|[from] move: Defog|[of] p1a: Salamence
|
|upkeep
|turn|12
|
|t:|1663559643
|switch|p1a: Zarude|Zarude-Dada|84/100
|move|p2a: Salamence|Dragon Claw|p1a: Zarude
|-damage|p1a: Zarude|45/100
|
|upkeep
|turn|13
|
|t:|1663559649
|move|p1a: Zarude|U-turn|p2a: Salamence
|-resisted|p2a: Salamence
|-damage|p2a: Salamence|86/100
|
|t:|1663559651
|switch|p1a: Scizor|Scizor, M|100/100|[from]move: U-turn
|move|p2a: Salamence|Dragon Dance|p2a: Salamence
|-boost|p2a: Salamence|atk|1
|-boost|p2a: Salamence|spe|1
|
|-heal|p2a: Salamence|92/100|[from] item: Leftovers
|upkeep
|turn|14
|
|t:|1663559654
|move|p2a: Salamence|Fire Blast|p1a: Scizor
|-supereffective|p1a: Scizor
|-damage|p1a: Scizor|0 fnt
|faint|p1a: Scizor
|-ability|p2a: Salamence|Moxie|boost
|-boost|p2a: Salamence|atk|1
|
|-heal|p2a: Salamence|98/100|[from] item: Leftovers
|upkeep
|
|t:|1663559665
|switch|p1a: Zarude|Zarude-Dada|45/100
|turn|15
|
|t:|1663559669
|move|p1a: Zarude|Darkest Lariat|p2a: Salamence
|-damage|p2a: Salamence|50/100
|move|p2a: Salamence|Dragon Claw|p1a: Zarude
|-damage|p1a: Zarude|0 fnt
|faint|p1a: Zarude
|-ability|p2a: Salamence|Moxie|boost
|-boost|p2a: Salamence|atk|1
|
|-heal|p2a: Salamence|56/100|[from] item: Leftovers
|upkeep
|
|t:|1663559680
|switch|p1a: Conkeldurr|Conkeldurr, M|100/100
|turn|16
|
|t:|1663559683
|move|p2a: Salamence|Dual Wingbeat|p1a: Conkeldurr
|-supereffective|p1a: Conkeldurr
|-damage|p1a: Conkeldurr|0 fnt
|faint|p1a: Conkeldurr
|-ability|p2a: Salamence|Moxie|boost
|-boost|p2a: Salamence|atk|1
|-hitcount|p1: Conkeldurr|1
|
|-heal|p2a: Salamence|62/100|[from] item: Leftovers
|upkeep
|-message|d01ph1ne forfeited.
|
|win|Guesstimate212121
|raw|d01ph1ne's rating: 1434 &rarr; <strong>1410</strong><br />(-24 for losing)
|raw|Guesstimate212121's rating: 1365 &rarr; <strong>1389</strong><br />(+24 for winning)
|l|☆d01ph1ne
||Ladder isn't responding, score probably updated but might not have (Request timeout).
