|j|☆lstower
|j|☆IamSwitch
|t:|1666420998
|gametype|singles
|player|p1|lstower|266|1522
|player|p2|IamSwitch|101|1631
|teamsize|p1|6
|teamsize|p2|6
|gen|8
|tier|[Gen 8] UU
|rated|
|rule|Sleep Clause Mod: Limit one foe put to sleep
|rule|Species Clause: Limit one of each Pokémon
|rule|OHKO Clause: OHKO moves are banned
|rule|Evasion Items Clause: Evasion items are banned
|rule|Evasion Moves Clause: Evasion moves are banned
|rule|Endless Battle Clause: Forcing endless battles is banned
|rule|HP Percentage Mod: HP is shown in percentages
|rule|Dynamax Clause: You cannot dynamax
|clearpoke
|poke|p1|Dragalge, F|
|poke|p1|Chansey, F|
|poke|p1|Hatterene, F|
|poke|p1|Swampert, F|
|poke|p1|Scizor, F|
|poke|p1|Thundurus-Therian, M|
|poke|p2|Zygarde-10%|
|poke|p2|Reuniclus, F|
|poke|p2|Cobalion|
|poke|p2|Salamence, M|
|poke|p2|Golisopod, F|
|poke|p2|Chansey, F|
|teampreview
|
|t:|1666421014
|start
|switch|p1a: Scizor|Scizor, F|100/100
|switch|p2a: Golisopod|Golisopod, F|100/100
|turn|1
|inactive|Battle timer is ON: inactive players will automatically lose when time's up. (requested by lstower)
|
|t:|1666421022
|switch|p2a: Cobalion|Cobalion|100/100
|move|p1a: Scizor|U-turn|p2a: Cobalion
|-resisted|p2a: Cobalion
|-damage|p2a: Cobalion|89/100
|-damage|p1a: Scizor|84/100|[from] item: Rocky Helmet|[of] p2a: Cobalion
|
|t:|1666421032
|switch|p1a: Dragalge|Dragalge, F|100/100|[from]move: U-turn
|
|upkeep
|turn|2
|
|t:|1666421035
|switch|p2a: Chansey|Chansey, F|100/100
|move|p1a: Dragalge|Focus Blast|p2a: Chansey
|-supereffective|p2a: Chansey
|-damage|p2a: Chansey|76/100
|
|upkeep
|turn|3
|
|t:|1666421039
|move|p2a: Chansey|Seismic Toss|p1a: Dragalge
|-damage|p1a: Dragalge|71/100
|move|p1a: Dragalge|Flip Turn|p2a: Chansey
|-damage|p2a: Chansey|69/100
|
|t:|1666421042
|switch|p1a: Scizor|Scizor, F|84/100|[from]move: Flip Turn
|
|upkeep
|turn|4
|
|t:|1666421046
|switch|p2a: Salamence|Salamence, M|100/100
|-ability|p2a: Salamence|Intimidate|boost
|-unboost|p1a: Scizor|atk|1
|move|p1a: Scizor|Superpower|p2a: Salamence
|-resisted|p2a: Salamence
|-damage|p2a: Salamence|81/100
|-unboost|p1a: Scizor|atk|1
|-unboost|p1a: Scizor|def|1
|
|upkeep
|turn|5
|
|t:|1666421055
|switch|p1a: Swampert|Swampert, F|100/100
|move|p2a: Salamence|Dual Wingbeat|p1a: Swampert
|-damage|p1a: Swampert|87/100
|-damage|p1a: Swampert|73/100
|-hitcount|p1a: Swampert|2
|
|-heal|p1a: Swampert|79/100|[from] item: Leftovers
|upkeep
|turn|6
|
|t:|1666421060
|switch|p2a: Golisopod|Golisopod, F|100/100
|move|p1a: Swampert|Stealth Rock|p2a: Golisopod
|-sidestart|p2: IamSwitch|move: Stealth Rock
|
|-heal|p1a: Swampert|85/100|[from] item: Leftovers
|upkeep
|turn|7
|
|t:|1666421063
|move|p1a: Swampert|Flip Turn|p2a: Golisopod
|-resisted|p2a: Golisopod
|-damage|p2a: Golisopod|92/100
|
|t:|1666421066
|switch|p1a: Hatterene|Hatterene, F|100/100|[from]move: Flip Turn
|move|p2a: Golisopod|Knock Off|p1a: Hatterene
|-damage|p1a: Hatterene|71/100
|-enditem|p1a: Hatterene|Leftovers|[from] move: Knock Off|[of] p2a: Golisopod
|
|upkeep
|turn|8
|
|t:|1666421070
|move|p2a: Golisopod|Liquidation|p1a: Hatterene
|-damage|p1a: Hatterene|28/100
|move|p1a: Hatterene|Giga Drain|p2a: Golisopod
|-damage|p2a: Golisopod|67/100
|-heal|p1a: Hatterene|42/100|[from] drain|[of] p2a: Golisopod
|
|upkeep
|turn|9
|
|t:|1666421082
|move|p2a: Golisopod|Liquidation|p1a: Hatterene
|-damage|p1a: Hatterene|0 fnt
|faint|p1a: Hatterene
|
|upkeep
|
|t:|1666421088
|switch|p1a: Thundurus|Thundurus-Therian, M|100/100
|turn|10
|
|t:|1666421096
|switch|p2a: Chansey|Chansey, F|69/100
|-damage|p2a: Chansey|57/100|[from] Stealth Rock
|move|p1a: Thundurus|Grass Knot|p2a: Chansey
|-damage|p2a: Chansey|46/100
|
|upkeep
|turn|11
|
|t:|1666421101
|switch|p1a: Scizor|Scizor, F|84/100
|move|p2a: Chansey|Soft-Boiled|p2a: Chansey
|-heal|p2a: Chansey|96/100
|
|upkeep
|turn|12
|
|t:|1666421108
|switch|p2a: Salamence|Salamence, M|81/100
|-ability|p2a: Salamence|Intimidate|boost
|-unboost|p1a: Scizor|atk|1
|move|p1a: Scizor|Knock Off|p2a: Salamence
|-damage|p2a: Salamence|52/100
|-enditem|p2a: Salamence|Heavy-Duty Boots|[from] move: Knock Off|[of] p1a: Scizor
|
|upkeep
|turn|13
|
|t:|1666421116
|switch|p1a: Thundurus|Thundurus-Therian, M|100/100
|move|p2a: Salamence|Defog|p1a: Thundurus
|-unboost|p1a: Thundurus|evasion|1
|-sideend|p2: IamSwitch|Stealth Rock|[from] move: Defog|[of] p2a: Salamence
|
|upkeep
|turn|14
|
|t:|1666421122
|switch|p2a: Zygarde|Zygarde-10%|100/100
|-ability|p2a: Zygarde|Aura Break
|move|p1a: Thundurus|Volt Switch|p2a: Zygarde
|-immune|p2a: Zygarde
|
|upkeep
|turn|15
|
|t:|1666421126
|switch|p1a: Swampert|Swampert, F|85/100
|move|p2a: Zygarde|Thousand Arrows|p1a: Swampert
|-damage|p1a: Swampert|49/100
|
|-heal|p1a: Swampert|55/100|[from] item: Leftovers
|upkeep
|turn|16
|
|t:|1666421130
|switch|p2a: Salamence|Salamence, M|52/100
|-ability|p2a: Salamence|Intimidate|boost
|-unboost|p1a: Swampert|atk|1
|move|p1a: Swampert|Stealth Rock|p2a: Salamence
|-sidestart|p2: IamSwitch|move: Stealth Rock
|
|-heal|p1a: Swampert|61/100|[from] item: Leftovers
|upkeep
|turn|17
|
|t:|1666421136
|move|p2a: Salamence|Defog|p1a: Swampert
|-unboost|p1a: Swampert|evasion|1
|-sideend|p2: IamSwitch|Stealth Rock|[from] move: Defog|[of] p2a: Salamence
|move|p1a: Swampert|Flip Turn|p2a: Salamence
|-resisted|p2a: Salamence
|-damage|p2a: Salamence|45/100
|
|t:|1666421138
|switch|p1a: Thundurus|Thundurus-Therian, M|100/100|[from]move: Flip Turn
|
|upkeep
|turn|18
|
|t:|1666421142
|switch|p2a: Chansey|Chansey, F|96/100
|move|p1a: Thundurus|Volt Switch|p2a: Chansey
|-damage|p2a: Chansey|78/100
|
|t:|1666421145
|switch|p1a: Scizor|Scizor, F|84/100|[from]move: Volt Switch
|
|upkeep
|turn|19
|
|t:|1666421148
|switch|p2a: Salamence|Salamence, M|45/100
|-ability|p2a: Salamence|Intimidate|boost
|-unboost|p1a: Scizor|atk|1
|move|p1a: Scizor|U-turn|p2a: Salamence
|-resisted|p2a: Salamence
|-damage|p2a: Salamence|30/100
|
|t:|1666421152
|switch|p1a: Thundurus|Thundurus-Therian, M|100/100|[from]move: U-turn
|
|upkeep
|turn|20
|
|t:|1666421176
|switch|p2a: Chansey|Chansey, F|78/100
|move|p1a: Thundurus|Volt Switch|p2a: Chansey
|-damage|p2a: Chansey|59/100
|
|t:|1666421180
|switch|p1a: Swampert|Swampert, F|61/100|[from]move: Volt Switch
|
|-heal|p1a: Swampert|67/100|[from] item: Leftovers
|upkeep
|turn|21
|
|t:|1666421183
|move|p1a: Swampert|Flip Turn|p2a: Chansey
|-damage|p2a: Chansey|46/100
|
|t:|1666421185
|switch|p1a: Scizor|Scizor, F|84/100|[from]move: Flip Turn
|move|p2a: Chansey|Wish|p2a: Chansey
|
|upkeep
|turn|22
|
|t:|1666421192
|switch|p2a: Golisopod|Golisopod, F|67/100
|move|p1a: Scizor|Bullet Punch|p2a: Golisopod
|-resisted|p2a: Golisopod
|-damage|p2a: Golisopod|45/100
|-activate|p2a: Golisopod|ability: Emergency Exit
|
|t:|1666421196
|switch|p2a: Salamence|Salamence, M|30/100
|-ability|p2a: Salamence|Intimidate|boost
|-unboost|p1a: Scizor|atk|1
|
|-heal|p2a: Salamence|100/100|[from] move: Wish|[wisher] Chansey
|upkeep
|turn|23
|c|☆lstower|well done
|
|t:|1666421211
|switch|p2a: Cobalion|Cobalion|89/100
|switch|p1a: Swampert|Swampert, F|67/100
|
|-heal|p1a: Swampert|73/100|[from] item: Leftovers
|upkeep
|turn|24
|
|t:|1666421214
|move|p2a: Cobalion|Stealth Rock|p1a: Swampert
|-sidestart|p1: lstower|move: Stealth Rock
|move|p1a: Swampert|Stealth Rock|p2a: Cobalion
|-sidestart|p2: IamSwitch|move: Stealth Rock
|
|-heal|p1a: Swampert|79/100|[from] item: Leftovers
|upkeep
|turn|25
|
|t:|1666421223
|switch|p2a: Chansey|Chansey, F|46/100
|-damage|p2a: Chansey|33/100|[from] Stealth Rock
|move|p1a: Swampert|Counter||[still]
|-fail|p1a: Swampert
|
|-heal|p1a: Swampert|86/100|[from] item: Leftovers
|upkeep
|turn|26
|
|t:|1666421228
|move|p1a: Swampert|Earthquake|p2a: Chansey
|-damage|p2a: Chansey|10/100
|move|p2a: Chansey|Soft-Boiled|p2a: Chansey
|-heal|p2a: Chansey|60/100
|
|-heal|p1a: Swampert|92/100|[from] item: Leftovers
|upkeep
|turn|27
|
|t:|1666421232
|move|p1a: Swampert|Flip Turn|p2a: Chansey
|-damage|p2a: Chansey|45/100
|
|t:|1666421235
|switch|p1a: Scizor|Scizor, F|84/100|[from]move: Flip Turn
|-damage|p1a: Scizor|72/100|[from] Stealth Rock
|move|p2a: Chansey|Seismic Toss|p1a: Scizor
|-damage|p1a: Scizor|37/100
|
|upkeep
|turn|28
|
|t:|1666421243
|switch|p2a: Salamence|Salamence, M|100/100
|-damage|p2a: Salamence|76/100|[from] Stealth Rock
|-ability|p2a: Salamence|Intimidate|boost
|-unboost|p1a: Scizor|atk|1
|move|p1a: Scizor|Bullet Punch|p2a: Salamence
|-damage|p2a: Salamence|46/100
|
|upkeep
|turn|29
|
|t:|1666421247
|move|p1a: Scizor|Bullet Punch|p2a: Salamence
|-damage|p2a: Salamence|15/100
|move|p2a: Salamence|Roost|p2a: Salamence
|-heal|p2a: Salamence|65/100
|-singleturn|p2a: Salamence|move: Roost
|
|upkeep
|turn|30
|-message|lstower forfeited.
|
|win|IamSwitch
|raw|lstower's rating: 1522 &rarr; <strong>1508</strong><br />(-14 for losing)
|raw|IamSwitch's rating: 1631 &rarr; <strong>1645</strong><br />(+14 for winning)
|l|☆lstower
