|j|☆Verstraeten
|j|☆Buster118
|t:|1652322877
|gametype|singles
|player|p1|Verstraeten|scientist|1338
|player|p2|Buster118|scientist-gen4dp|1486
|teamsize|p1|6
|teamsize|p2|6
|gen|8
|tier|[Gen 8] UU
|rated|
|rule|Sleep Clause Mod: Limit one foe put to sleep
|rule|Species Clause: Limit one of each Pokémon
|rule|OHKO Clause: OHKO moves are banned
|rule|Evasion Moves Clause: Evasion moves are banned
|rule|Endless Battle Clause: Forcing endless battles is banned
|rule|HP Percentage Mod: HP is shown in percentages
|rule|Dynamax Clause: You cannot dynamax
|clearpoke
|poke|p1|Durant, M|
|poke|p1|Galvantula, F|
|poke|p1|Tsareena, F|
|poke|p1|Gyarados, M|
|poke|p1|Xurkitree|
|poke|p1|Salazzle, F|
|poke|p2|Amoonguss, F|
|poke|p2|Celesteela|
|poke|p2|Chansey, F|
|poke|p2|Conkeldurr, F|
|poke|p2|Lycanroc-Dusk, M|
|poke|p2|Swampert, M|
|teampreview
|inactive|Battle timer is ON: inactive players will automatically lose when time's up. (requested by Verstraeten)
|
|t:|1652322897
|start
|switch|p1a: Galvan-Eyes|Galvantula, F, shiny|100/100
|switch|p2a: Swampert|Swampert, M|100/100
|turn|1
|
|t:|1652322902
|move|p1a: Galvan-Eyes|Sticky Web|p2a: Swampert
|-sidestart|p2: Buster118|move: Sticky Web
|move|p2a: Swampert|Earthquake|p1a: Galvan-Eyes
|-damage|p1a: Galvan-Eyes|36/100
|
|upkeep
|turn|2
|
|t:|1652322908
|move|p1a: Galvan-Eyes|Giga Drain|p2a: Swampert
|-supereffective|p2a: Swampert
|-damage|p2a: Swampert|16/100
|-heal|p1a: Galvan-Eyes|97/100|[from] drain|[of] p2a: Swampert
|move|p2a: Swampert|Stealth Rock|p1a: Galvan-Eyes
|-sidestart|p1: Verstraeten|move: Stealth Rock
|
|-heal|p2a: Swampert|23/100|[from] item: Leftovers
|upkeep
|turn|3
|
|t:|1652322915
|switch|p2a: Chansey|Chansey, F|100/100
|-activate|p2a: Chansey|move: Sticky Web
|-unboost|p2a: Chansey|spe|1
|move|p1a: Galvan-Eyes|Giga Drain|p2a: Chansey
|-damage|p2a: Chansey|94/100
|-heal|p1a: Galvan-Eyes|100/100|[from] drain|[of] p2a: Chansey
|
|upkeep
|turn|4
|
|t:|1652322920
|switch|p1a: #Slay|Tsareena, F, shiny|100/100
|-damage|p1a: #Slay|88/100|[from] Stealth Rock
|move|p2a: Chansey|Toxic|p1a: #Slay
|-status|p1a: #Slay|tox
|
|-heal|p1a: #Slay|94/100 tox|[from] item: Leftovers
|-damage|p1a: #Slay|88/100 tox|[from] psn
|upkeep
|turn|5
|
|t:|1652322929
|move|p1a: #Slay|Knock Off|p2a: Chansey
|-damage|p2a: Chansey|73/100
|-enditem|p2a: Chansey|Eviolite|[from] move: Knock Off|[of] p1a: #Slay
|move|p2a: Chansey|Teleport|p2a: Chansey
|
|t:|1652322940
|switch|p2a: Amoonguss|Amoonguss, F|100/100|[from]move: Teleport
|-activate|p2a: Amoonguss|move: Sticky Web
|-unboost|p2a: Amoonguss|spe|1
|
|-heal|p1a: #Slay|94/100 tox|[from] item: Leftovers
|-damage|p1a: #Slay|82/100 tox|[from] psn
|upkeep
|turn|6
|
|t:|1652322944
|move|p1a: #Slay|Rapid Spin|p2a: Amoonguss
|-damage|p2a: Amoonguss|88/100
|-boost|p1a: #Slay|spe|1
|-damage|p1a: #Slay|66/100 tox|[from] item: Rocky Helmet|[of] p2a: Amoonguss
|-sideend|p1: Verstraeten|Stealth Rock|[from] move: Rapid Spin|[of] p1a: #Slay
|move|p2a: Amoonguss|Spore|p1a: #Slay
|-immune|p1a: #Slay
|
|-heal|p1a: #Slay|72/100 tox|[from] item: Leftovers
|-damage|p1a: #Slay|54/100 tox|[from] psn
|upkeep
|turn|7
|
|t:|1652322952
|move|p1a: #Slay|Knock Off|p2a: Amoonguss
|-crit|p2a: Amoonguss
|-damage|p2a: Amoonguss|52/100
|-damage|p1a: #Slay|37/100 tox|[from] item: Rocky Helmet|[of] p2a: Amoonguss
|-enditem|p2a: Amoonguss|Rocky Helmet|[from] move: Knock Off|[of] p1a: #Slay
|move|p2a: Amoonguss|Spore|p1a: #Slay
|-immune|p1a: #Slay
|
|-heal|p1a: #Slay|43/100 tox|[from] item: Leftovers
|-damage|p1a: #Slay|19/100 tox|[from] psn
|upkeep
|turn|8
|
|t:|1652322959
|move|p1a: #Slay|Triple Axel|p2a: Amoonguss
|-supereffective|p2a: Amoonguss
|-damage|p2a: Amoonguss|41/100
|-supereffective|p2a: Amoonguss
|-damage|p2a: Amoonguss|21/100
|-supereffective|p2a: Amoonguss
|-damage|p2a: Amoonguss|0 fnt
|faint|p2a: Amoonguss
|-hitcount|p2: Amoonguss|3
|
|-heal|p1a: #Slay|25/100 tox|[from] item: Leftovers
|-damage|p1a: #Slay|0 fnt|[from] psn
|faint|p1a: #Slay
|upkeep
|
|t:|1652322970
|switch|p1a: Galvan-Eyes|Galvantula, F, shiny|100/100
|switch|p2a: Swampert|Swampert, M|23/100
|-activate|p2a: Swampert|move: Sticky Web
|-unboost|p2a: Swampert|spe|1
|turn|9
|
|t:|1652322974
|switch|p2a: Chansey|Chansey, F|73/100
|-activate|p2a: Chansey|move: Sticky Web
|-unboost|p2a: Chansey|spe|1
|move|p1a: Galvan-Eyes|Giga Drain|p2a: Chansey
|-damage|p2a: Chansey|63/100
|
|upkeep
|turn|10
|
|t:|1652322978
|move|p1a: Galvan-Eyes|Thunder|p2a: Chansey
|-damage|p2a: Chansey|41/100
|-status|p2a: Chansey|par
|move|p2a: Chansey|Seismic Toss|p1a: Galvan-Eyes
|-damage|p1a: Galvan-Eyes|65/100
|
|upkeep
|turn|11
|
|t:|1652322981
|move|p1a: Galvan-Eyes|Thunder|p2a: Chansey
|-damage|p2a: Chansey|21/100 par
|cant|p2a: Chansey|par
|
|upkeep
|turn|12
|
|t:|1652322990
|-curestatus|p2a: Chansey|par|[from] ability: Natural Cure
|switch|p2a: Swampert|Swampert, M|23/100
|-activate|p2a: Swampert|move: Sticky Web
|-unboost|p2a: Swampert|spe|1
|move|p1a: Galvan-Eyes|Thunder|p2a: Swampert
|-immune|p2a: Swampert
|
|-heal|p2a: Swampert|29/100|[from] item: Leftovers
|upkeep
|turn|13
|
|t:|1652323000
|move|p1a: Galvan-Eyes|Giga Drain|p2a: Swampert
|-supereffective|p2a: Swampert
|-damage|p2a: Swampert|0 fnt
|-heal|p1a: Galvan-Eyes|85/100|[from] drain|[of] p2a: Swampert
|faint|p2a: Swampert
|
|upkeep
|
|t:|1652323003
|switch|p2a: Lycanroc|Lycanroc-Dusk, M|100/100
|-activate|p2a: Lycanroc|move: Sticky Web
|-unboost|p2a: Lycanroc|spe|1
|turn|14
|
|t:|1652323007
|move|p2a: Lycanroc|Accelerock|p1a: Galvan-Eyes
|-supereffective|p1a: Galvan-Eyes
|-damage|p1a: Galvan-Eyes|0 fnt
|faint|p1a: Galvan-Eyes
|-damage|p2a: Lycanroc|91/100|[from] item: Life Orb
|
|upkeep
|
|t:|1652323013
|switch|p1a: Xmastree|Xurkitree, shiny|100/100
|turn|15
|
|t:|1652323019
|move|p2a: Lycanroc|Accelerock|p1a: Xmastree
|-damage|p1a: Xmastree|51/100
|-damage|p2a: Lycanroc|81/100|[from] item: Life Orb
|move|p1a: Xmastree|Zap Cannon|p2a: Lycanroc|[miss]
|-miss|p1a: Xmastree|p2a: Lycanroc
|-enditem|p1a: Xmastree|Blunder Policy
|-boost|p1a: Xmastree|spe|2
|
|upkeep
|turn|16
|
|t:|1652323029
|switch|p2a: Chansey|Chansey, F|21/100
|-activate|p2a: Chansey|move: Sticky Web
|-unboost|p2a: Chansey|spe|1
|move|p1a: Xmastree|Energy Ball|p2a: Chansey
|-damage|p2a: Chansey|3/100
|
|upkeep
|turn|17
|
|t:|1652323035
|move|p1a: Xmastree|Dazzling Gleam|p2a: Chansey
|-damage|p2a: Chansey|0 fnt
|faint|p2a: Chansey
|-ability|p1a: Xmastree|Beast Boost|boost
|-boost|p1a: Xmastree|spa|1
|
|upkeep
|
|t:|1652323039
|switch|p2a: Conkeldurr|Conkeldurr, F|100/100
|-activate|p2a: Conkeldurr|move: Sticky Web
|-unboost|p2a: Conkeldurr|spe|1
|turn|18
|
|t:|1652323042
|move|p2a: Conkeldurr|Mach Punch|p1a: Xmastree
|-damage|p1a: Xmastree|12/100
|move|p1a: Xmastree|Dazzling Gleam|p2a: Conkeldurr
|-supereffective|p2a: Conkeldurr
|-damage|p2a: Conkeldurr|0 fnt
|faint|p2a: Conkeldurr
|-ability|p1a: Xmastree|Beast Boost|boost
|-boost|p1a: Xmastree|spa|1
|
|upkeep
|
|t:|1652323046
|switch|p2a: Lycanroc|Lycanroc-Dusk, M|81/100
|-activate|p2a: Lycanroc|move: Sticky Web
|-unboost|p2a: Lycanroc|spe|1
|turn|19
|
|t:|1652323048
|move|p2a: Lycanroc|Accelerock|p1a: Xmastree
|-damage|p1a: Xmastree|0 fnt
|faint|p1a: Xmastree
|-damage|p2a: Lycanroc|71/100|[from] item: Life Orb
|
|upkeep
|
|t:|1652323052
|switch|p1a: Durant Durant|Durant, M, shiny|100/100
|turn|20
|
|t:|1652323061
|move|p2a: Lycanroc|Accelerock|p1a: Durant Durant
|-damage|p1a: Durant Durant|64/100
|-damage|p2a: Lycanroc|61/100|[from] item: Life Orb
|move|p1a: Durant Durant|Iron Head|p2a: Lycanroc
|-supereffective|p2a: Lycanroc
|-damage|p2a: Lycanroc|0 fnt
|faint|p2a: Lycanroc
|
|-heal|p1a: Durant Durant|70/100|[from] item: Leftovers
|upkeep
|
|t:|1652323065
|switch|p2a: Celesteela|Celesteela|100/100
|turn|21
|
|t:|1652323067
|move|p1a: Durant Durant|Rock Tomb|p2a: Celesteela
|-damage|p2a: Celesteela|74/100
|-unboost|p2a: Celesteela|spe|1
|move|p2a: Celesteela|Autotomize|p2a: Celesteela
|-boost|p2a: Celesteela|spe|2
|-start|p2a: Celesteela|Autotomize
|
|-heal|p1a: Durant Durant|76/100|[from] item: Leftovers
|upkeep
|turn|22
|
|t:|1652323074
|move|p1a: Durant Durant|Rock Tomb|p2a: Celesteela|[miss]
|-miss|p1a: Durant Durant|p2a: Celesteela
|move|p2a: Celesteela|Autotomize|p2a: Celesteela
|-boost|p2a: Celesteela|spe|2
|-start|p2a: Celesteela|Autotomize
|
|-heal|p1a: Durant Durant|83/100|[from] item: Leftovers
|upkeep
|turn|23
|
|t:|1652323077
|move|p2a: Celesteela|Flamethrower|p1a: Durant Durant
|-supereffective|p1a: Durant Durant
|-damage|p1a: Durant Durant|0 fnt
|faint|p1a: Durant Durant
|-ability|p2a: Celesteela|Beast Boost|boost
|-boost|p2a: Celesteela|spa|1
|
|upkeep
|
|t:|1652323080
|switch|p1a: WhiteWomanSpotted|Salazzle, F, shiny|100/100
|turn|24
|
|t:|1652323083
|move|p2a: Celesteela|Meteor Beam||[still]
|-prepare|p2a: Celesteela|Meteor Beam
|-boost|p2a: Celesteela|spa|1
|-enditem|p2a: Celesteela|Power Herb
|-anim|p2a: Celesteela|Meteor Beam|p1a: WhiteWomanSpotted
|-supereffective|p1a: WhiteWomanSpotted
|-enditem|p1a: WhiteWomanSpotted|Focus Sash
|-damage|p1a: WhiteWomanSpotted|1/100
|move|p1a: WhiteWomanSpotted|Flamethrower|p2a: Celesteela
|-supereffective|p2a: Celesteela
|-damage|p2a: Celesteela|0 fnt
|faint|p2a: Celesteela
|
|win|Verstraeten
|raw|Verstraeten's rating: 1338 &rarr; <strong>1366</strong><br />(+28 for winning)
|raw|Buster118's rating: 1486 &rarr; <strong>1458</strong><br />(-28 for losing)
|c|☆Verstraeten|gg
