|html|<div class="broadcast-blue"><strong>[Gen 8] UU is currently suspecting Mienshao! For information on how to participate check out the <a href="https://www.smogon.com/forums/threads/np-ss-uu-stage-10-3-pumped-up-kicks.3694543/">suspect thread</a>.</strong></div>
|j|☆bioche80
|j|☆ninjadouche
|t:|1639954548
|gametype|singles
|player|p1|bioche80|265|1405
|player|p2|ninjadouche|burglar|1422
|teamsize|p1|6
|teamsize|p2|6
|gen|8
|tier|[Gen 8] UU
|rated|
|rule|Sleep Clause Mod: Limit one foe put to sleep
|rule|Species Clause: Limit one of each Pokémon
|rule|OHKO Clause: OHKO moves are banned
|rule|Evasion Moves Clause: Evasion moves are banned
|rule|Endless Battle Clause: Forcing endless battles is banned
|rule|HP Percentage Mod: HP is shown in percentages
|rule|Dynamax Clause: You cannot dynamax
|clearpoke
|poke|p1|Sneasel, F|
|poke|p1|Darmanitan, F|
|poke|p1|Tapu Bulu|
|poke|p1|Swampert, F|
|poke|p1|Conkeldurr, F|
|poke|p1|Jirachi|
|poke|p2|Marowak-Alola, M|
|poke|p2|Ninetales, M|
|poke|p2|Rotom-Wash|
|poke|p2|Conkeldurr, M|
|poke|p2|Aggron, F|
|poke|p2|Gigalith, M|
|teampreview
|
|t:|1639954572
|start
|switch|p1a: Sneasel|Sneasel, F|100/100
|switch|p2a: Ninetales|Ninetales, M, shiny|100/100
|-weather|SunnyDay|[from] ability: Drought|[of] p2a: Ninetales
|turn|1
|j| Longshades438
|inactive|Battle timer is ON: inactive players will automatically lose when time's up. (requested by ninjadouche)
|
|t:|1639954587
|move|p1a: Sneasel|Knock Off|p2a: Ninetales
|-damage|p2a: Ninetales|14/100
|-enditem|p2a: Ninetales|Choice Specs|[from] move: Knock Off|[of] p1a: Sneasel
|move|p2a: Ninetales|Overheat|p1a: Sneasel
|-supereffective|p1a: Sneasel
|-damage|p1a: Sneasel|0 fnt
|-unboost|p2a: Ninetales|spa|2
|faint|p1a: Sneasel
|
|-weather|SunnyDay|[upkeep]
|upkeep
|l| Longshades438
|
|t:|1639954599
|switch|p1a: Darmanitan|Darmanitan, F|100/100
|turn|2
|
|t:|1639954604
|switch|p2a: Rotom|Rotom-Wash|100/100
|move|p1a: Darmanitan|U-turn|p2a: Rotom
|-damage|p2a: Rotom|80/100
|-damage|p1a: Darmanitan|84/100|[from] item: Rocky Helmet|[of] p2a: Rotom
|
|t:|1639954610
|switch|p1a: Conkeldurr|Conkeldurr, F|100/100|[from]move: U-turn
|
|-weather|SunnyDay|[upkeep]
|-status|p1a: Conkeldurr|brn|[from] item: Flame Orb
|upkeep
|turn|3
|
|t:|1639954626
|switch|p2a: Ninetales|Ninetales, M, shiny|14/100
|move|p1a: Conkeldurr|Close Combat|p2a: Ninetales
|-damage|p2a: Ninetales|0 fnt
|-unboost|p1a: Conkeldurr|def|1
|-unboost|p1a: Conkeldurr|spd|1
|faint|p2a: Ninetales
|
|-weather|SunnyDay|[upkeep]
|-damage|p1a: Conkeldurr|94/100 brn|[from] brn
|upkeep
|inactive|ninjadouche has 120 seconds left.
|
|t:|1639954646
|switch|p2a: Marowak|Marowak-Alola, M|100/100
|turn|4
|
|t:|1639954652
|switch|p1a: Swampert|Swampert, F|100/100
|move|p2a: Marowak|Poltergeist|p1a: Swampert
|-activate|p1a: Swampert|move: Poltergeist|Leftovers
|-damage|p1a: Swampert|23/100
|
|-weather|SunnyDay|[upkeep]
|-heal|p1a: Swampert|30/100|[from] item: Leftovers
|upkeep
|turn|5
|
|t:|1639954670
|switch|p2a: Conkeldurr|Conkeldurr, M|100/100
|move|p1a: Swampert|Flip Turn|p2a: Conkeldurr
|-damage|p2a: Conkeldurr|90/100
|
|t:|1639954680
|switch|p1a: Darmanitan|Darmanitan, F|84/100|[from]move: Flip Turn
|
|-weather|none
|upkeep
|turn|6
|
|t:|1639954698
|switch|p1a: Tapu Bulu|Tapu Bulu|100/100
|-fieldstart|move: Grassy Terrain|[from] ability: Grassy Surge|[of] p1a: Tapu Bulu
|move|p2a: Conkeldurr|Earthquake|p1a: Tapu Bulu
|-resisted|p1a: Tapu Bulu
|-crit|p1a: Tapu Bulu
|-damage|p1a: Tapu Bulu|86/100
|-damage|p2a: Conkeldurr|80/100|[from] item: Life Orb
|
|-heal|p1a: Tapu Bulu|92/100|[from] Grassy Terrain
|-heal|p2a: Conkeldurr|86/100|[from] Grassy Terrain
|upkeep
|turn|7
|inactive|ninjadouche has 120 seconds left.
|
|t:|1639954716
|switch|p2a: Gigalith|Gigalith, M|100/100
|move|p1a: Tapu Bulu|Bulk Up|p1a: Tapu Bulu
|-boost|p1a: Tapu Bulu|atk|1
|-boost|p1a: Tapu Bulu|def|1
|
|-heal|p1a: Tapu Bulu|98/100|[from] Grassy Terrain
|upkeep
|turn|8
|inactive|ninjadouche has 120 seconds left.
|
|t:|1639954728
|move|p1a: Tapu Bulu|Horn Leech|p2a: Gigalith
|-supereffective|p2a: Gigalith
|-damage|p2a: Gigalith|6/100
|-heal|p1a: Tapu Bulu|100/100|[from] drain|[of] p2a: Gigalith
|move|p2a: Gigalith|Stealth Rock|p1a: Tapu Bulu
|-sidestart|p1: bioche80|move: Stealth Rock
|
|-heal|p2a: Gigalith|12/100|[from] Grassy Terrain
|upkeep
|turn|9
|-enditem|p2a: Gigalith|Custap Berry|[eat]
|-activate|p2a: Gigalith|item: Custap Berry|[consumed]
|
|t:|1639954735
|move|p2a: Gigalith|Explosion|p1a: Tapu Bulu
|-damage|p1a: Tapu Bulu|54/100
|faint|p2a: Gigalith
|move|p1a: Tapu Bulu|Horn Leech|p2: Gigalith|[notarget]
|-fail|p1a: Tapu Bulu
|
|-heal|p1a: Tapu Bulu|60/100|[from] Grassy Terrain
|upkeep
|
|t:|1639954741
|switch|p2a: Aggron|Aggron, F|100/100
|turn|10
|
|t:|1639954748
|move|p1a: Tapu Bulu|Close Combat|p2a: Aggron
|-supereffective|p2a: Aggron
|-crit|p2a: Aggron
|-ability|p2a: Aggron|Sturdy
|-damage|p2a: Aggron|1/100
|-unboost|p1a: Tapu Bulu|def|1
|-unboost|p1a: Tapu Bulu|spd|1
|move|p2a: Aggron|Metal Burst|p1a: Tapu Bulu
|-damage|p1a: Tapu Bulu|0 fnt
|faint|p1a: Tapu Bulu
|
|-heal|p2a: Aggron|7/100|[from] Grassy Terrain
|-fieldend|move: Grassy Terrain
|upkeep
|
|t:|1639954768
|switch|p1a: Swampert|Swampert, F|30/100
|-damage|p1a: Swampert|23/100|[from] Stealth Rock
|turn|11
|
|t:|1639954773
|switch|p2a: Rotom|Rotom-Wash|80/100
|move|p1a: Swampert|Flip Turn|p2a: Rotom
|-resisted|p2a: Rotom
|-damage|p2a: Rotom|72/100
|-damage|p1a: Swampert|7/100|[from] item: Rocky Helmet|[of] p2a: Rotom
|
|t:|1639954780
|switch|p1a: Conkeldurr|Conkeldurr, F|94/100 brn|[from]move: Flip Turn
|-damage|p1a: Conkeldurr|88/100 brn|[from] Stealth Rock
|
|-damage|p1a: Conkeldurr|82/100 brn|[from] brn
|upkeep
|turn|12
|
|t:|1639954793
|move|p2a: Rotom|Thunder|p1a: Conkeldurr
|-damage|p1a: Conkeldurr|38/100 brn
|move|p1a: Conkeldurr|Close Combat|p2a: Rotom
|-damage|p2a: Rotom|0 fnt
|-unboost|p1a: Conkeldurr|def|1
|-unboost|p1a: Conkeldurr|spd|1
|-damage|p1a: Conkeldurr|22/100 brn|[from] item: Rocky Helmet|[of] p2a: Rotom
|faint|p2a: Rotom
|
|-damage|p1a: Conkeldurr|16/100 brn|[from] brn
|upkeep
|
|t:|1639954816
|switch|p2a: Conkeldurr|Conkeldurr, M|86/100
|turn|13
|
|t:|1639954820
|move|p1a: Conkeldurr|Mach Punch|p2a: Conkeldurr
|-damage|p2a: Conkeldurr|53/100
|move|p2a: Conkeldurr|Mach Punch|p1a: Conkeldurr
|-damage|p1a: Conkeldurr|0 fnt
|faint|p1a: Conkeldurr
|-damage|p2a: Conkeldurr|43/100|[from] item: Life Orb
|
|upkeep
|
|t:|1639954831
|switch|p1a: Jirachi|Jirachi|100/100
|-damage|p1a: Jirachi|94/100|[from] Stealth Rock
|turn|14
|
|t:|1639954837
|move|p1a: Jirachi|Cosmic Power|p1a: Jirachi
|-boost|p1a: Jirachi|def|1
|-boost|p1a: Jirachi|spd|1
|move|p2a: Conkeldurr|Earthquake|p1a: Jirachi
|-supereffective|p1a: Jirachi
|-damage|p1a: Jirachi|34/100
|-enditem|p1a: Jirachi|Weakness Policy
|-boost|p1a: Jirachi|atk|2|[from] item: Weakness Policy
|-boost|p1a: Jirachi|spa|2|[from] item: Weakness Policy
|-damage|p2a: Conkeldurr|34/100|[from] item: Life Orb
|
|upkeep
|turn|15
|
|t:|1639954848
|move|p2a: Conkeldurr|Mach Punch|p1a: Jirachi
|-damage|p1a: Jirachi|11/100
|-damage|p2a: Conkeldurr|24/100|[from] item: Life Orb
|move|p1a: Jirachi|Stored Power|p2a: Conkeldurr
|-supereffective|p2a: Conkeldurr
|-damage|p2a: Conkeldurr|0 fnt
|faint|p2a: Conkeldurr
|
|upkeep
|
|t:|1639954855
|switch|p2a: Aggron|Aggron, F|7/100
|turn|16
|-enditem|p2a: Aggron|Custap Berry|[eat]
|-activate|p2a: Aggron|item: Custap Berry|[consumed]
|
|t:|1639954861
|move|p2a: Aggron|Superpower|p1a: Jirachi
|-damage|p1a: Jirachi|0 fnt
|-unboost|p2a: Aggron|atk|1
|-unboost|p2a: Aggron|def|1
|faint|p1a: Jirachi
|
|upkeep
|
|t:|1639954873
|switch|p1a: Darmanitan|Darmanitan, F|84/100
|-damage|p1a: Darmanitan|59/100|[from] Stealth Rock
|turn|17
|
|t:|1639954882
|move|p1a: Darmanitan|Rock Slide|p2a: Aggron
|-resisted|p2a: Aggron
|-damage|p2a: Aggron|0 fnt
|faint|p2a: Aggron
|
|upkeep
|
|t:|1639954885
|switch|p2a: Marowak|Marowak-Alola, M|100/100
|turn|18
|
|t:|1639954890
|move|p1a: Darmanitan|Rock Slide|p2a: Marowak
|-supereffective|p2a: Marowak
|-damage|p2a: Marowak|27/100
|move|p2a: Marowak|Poltergeist|p1a: Darmanitan
|-activate|p1a: Darmanitan|move: Poltergeist|Choice Scarf
|-crit|p1a: Darmanitan
|-damage|p1a: Darmanitan|0 fnt
|faint|p1a: Darmanitan
|
|upkeep
|
|t:|1639954899
|switch|p1a: Swampert|Swampert, F|7/100
|-damage|p1a: Swampert|1/100|[from] Stealth Rock
|turn|19
|
|t:|1639954904
|move|p1a: Swampert|Earthquake|p2a: Marowak
|-supereffective|p2a: Marowak
|-damage|p2a: Marowak|0 fnt
|faint|p2a: Marowak
|
|win|bioche80
|raw|bioche80's rating: 1405 &rarr; <strong>1426</strong><br />(+21 for winning)
|raw|ninjadouche's rating: 1422 &rarr; <strong>1401</strong><br />(-21 for losing)
|c|☆ninjadouche|gg
|c|☆ninjadouche|so close
|c|☆bioche80|gg
|c|☆ninjadouche|ur a beast
|l|☆bioche80
|c|☆ninjadouche|wp
