|j|☆kerorek
|j|☆LikingAverage
|t:|1620665065
|gametype|singles
|player|p1|kerorek|lass-gen4dp|1397
|player|p2|LikingAverage|2|1284
|teamsize|p1|6
|teamsize|p2|6
|gen|8
|tier|[Gen 8] UU
|rated|
|rule|Sleep Clause Mod: Limit one foe put to sleep
|rule|Species Clause: Limit one of each Pokémon
|rule|OHKO Clause: OHKO moves are banned
|rule|Evasion Moves Clause: Evasion moves are banned
|rule|Endless Battle Clause: Forcing endless battles is banned
|rule|HP Percentage Mod: HP is shown in percentages
|rule|Dynamax Clause: You cannot dynamax
|clearpoke
|poke|p1|Umbreon, F|
|poke|p1|Decidueye, F|
|poke|p1|Weezing, M|
|poke|p1|Heliolisk, F|
|poke|p1|Shedinja|
|poke|p1|Ditto|
|poke|p2|Gyarados, M|
|poke|p2|Mew|
|poke|p2|Aegislash, F|
|poke|p2|Scolipede, M|
|poke|p2|Tentacruel, F|
|poke|p2|Buzzwole|
|teampreview
|
|t:|1620665074
|start
|switch|p1a: Weezing|Weezing, M|100/100
|switch|p2a: Mew|Mew|100/100
|-ability|p1a: Weezing|Neutralizing Gas
|turn|1
|
|t:|1620665079
|-end|p1a: Weezing|ability: Neutralizing Gas
|switch|p1a: Decidueye|Decidueye, F|100/100
|move|p2a: Mew|Taunt|p1a: Decidueye
|-start|p1a: Decidueye|move: Taunt
|
|upkeep
|turn|2
|
|t:|1620665090
|move|p2a: Mew|U-turn|p1a: Decidueye
|-damage|p1a: Decidueye|83/100
|
|t:|1620665094
|switch|p2a: Tentacruel|Tentacruel, F|100/100|[from]move: U-turn
|move|p1a: Decidueye|Spirit Shackle|p2a: Tentacruel
|-damage|p2a: Tentacruel|78/100
|-activate|p2a: Tentacruel|trapped
|
|-heal|p2a: Tentacruel|84/100|[from] item: Black Sludge
|upkeep
|turn|3
|
|t:|1620665107
|move|p2a: Tentacruel|Toxic|p1a: Decidueye
|-status|p1a: Decidueye|tox
|move|p1a: Decidueye|Spirit Shackle|p2a: Tentacruel
|-damage|p2a: Tentacruel|62/100
|
|-heal|p2a: Tentacruel|68/100|[from] item: Black Sludge
|-damage|p1a: Decidueye|77/100 tox|[from] psn
|-end|p1a: Decidueye|move: Taunt
|upkeep
|turn|4
|
|t:|1620665118
|switch|p1a: Umbreon|Umbreon, F|100/100
|move|p2a: Tentacruel|Scald|p1a: Umbreon
|-damage|p1a: Umbreon|85/100
|
|-heal|p2a: Tentacruel|74/100|[from] item: Black Sludge
|-heal|p1a: Umbreon|91/100|[from] item: Leftovers
|upkeep
|turn|5
|
|t:|1620665124
|move|p2a: Tentacruel|Toxic Spikes|p1a: Umbreon
|-sidestart|p1: kerorek|move: Toxic Spikes
|move|p1a: Umbreon|Heal Bell|p1a: Umbreon
|-activate|p1a: Umbreon|move: Heal Bell
|-curestatus|p1: Decidueye|tox|[msg]
|
|-heal|p2a: Tentacruel|80/100|[from] item: Black Sludge
|-heal|p1a: Umbreon|97/100|[from] item: Leftovers
|upkeep
|turn|6
|
|t:|1620665130
|move|p2a: Tentacruel|Toxic Spikes|p1a: Umbreon
|-sidestart|p1: kerorek|move: Toxic Spikes
|move|p1a: Umbreon|Wish|p1a: Umbreon
|
|-heal|p2a: Tentacruel|86/100|[from] item: Black Sludge
|-heal|p1a: Umbreon|100/100|[from] item: Leftovers
|upkeep
|turn|7
|
|t:|1620665137
|switch|p1a: Weezing|Weezing, M|100/100
|-ability|p1a: Weezing|Neutralizing Gas
|-sideend|p1: kerorek|move: Toxic Spikes|[of] p1a: Weezing
|move|p2a: Tentacruel|Toxic|p1a: Weezing
|-immune|p1a: Weezing
|
|-heal|p2a: Tentacruel|93/100|[from] item: Black Sludge
|upkeep
|turn|8
|
|t:|1620665145
|-end|p1a: Weezing|ability: Neutralizing Gas
|switch|p1a: Heliolisk|Heliolisk, F|100/100
|move|p2a: Tentacruel|Scald|p1a: Heliolisk
|-immune|p1a: Heliolisk|[from] ability: Dry Skin
|
|-heal|p2a: Tentacruel|99/100|[from] item: Black Sludge
|upkeep
|turn|9
|
|t:|1620665152
|switch|p2a: Mew|Mew|100/100
|move|p1a: Heliolisk|Thunderbolt|p2a: Mew
|-damage|p2a: Mew|59/100
|
|-heal|p2a: Mew|66/100|[from] item: Leftovers
|upkeep
|turn|10
|
|t:|1620665166
|move|p1a: Heliolisk|Thunderbolt|p2a: Mew
|-damage|p2a: Mew|30/100
|move|p2a: Mew|U-turn|p1a: Heliolisk
|-damage|p1a: Heliolisk|67/100
|
|t:|1620665171
|switch|p2a: Aegislash|Aegislash, F|100/100|[from]move: U-turn
|
|upkeep
|turn|11
|
|t:|1620665179
|switch|p1a: Weezing|Weezing, M|100/100
|-ability|p1a: Weezing|Neutralizing Gas
|-formechange|p2a: Aegislash|Aegislash-Blade||[from] ability: Stance Change
|move|p2a: Aegislash|Close Combat|p1a: Weezing
|-resisted|p1a: Weezing
|-damage|p1a: Weezing|88/100
|-unboost|p2a: Aegislash|def|1
|-unboost|p2a: Aegislash|spd|1
|-damage|p2a: Aegislash|84/100|[from] item: Rocky Helmet|[of] p1a: Weezing
|
|upkeep
|turn|12
|
|t:|1620665190
|switch|p2a: Gyarados|Gyarados, M|100/100
|move|p1a: Weezing|Will-O-Wisp|p2a: Gyarados
|-status|p2a: Gyarados|brn
|
|-damage|p2a: Gyarados|94/100 brn|[from] brn
|upkeep
|turn|13
|
|t:|1620665201
|move|p2a: Gyarados|Substitute|p2a: Gyarados
|-start|p2a: Gyarados|Substitute
|-damage|p2a: Gyarados|70/100 brn
|move|p1a: Weezing|Toxic Spikes|p2a: Gyarados
|-sidestart|p2: LikingAverage|move: Toxic Spikes
|
|-heal|p2a: Gyarados|76/100 brn|[from] item: Leftovers
|-damage|p2a: Gyarados|70/100 brn|[from] brn
|upkeep
|turn|14
|
|t:|1620665208
|-end|p1a: Weezing|ability: Neutralizing Gas
|switch|p1a: Shedinja|Shedinja|100/100
|move|p2a: Gyarados|Dragon Dance|p2a: Gyarados
|-boost|p2a: Gyarados|atk|1
|-boost|p2a: Gyarados|spe|1
|
|-heal|p2a: Gyarados|76/100 brn|[from] item: Leftovers
|-damage|p2a: Gyarados|70/100 brn|[from] brn
|upkeep
|turn|15
|
|t:|1620665226
|switch|p2a: Mew|Mew|30/100
|-status|p2a: Mew|psn
|move|p1a: Shedinja|Poltergeist|p2a: Mew
|-activate|p2a: Mew|move: Poltergeist|Leftovers
|-supereffective|p2a: Mew
|-damage|p2a: Mew|0 fnt
|faint|p2a: Mew
|
|upkeep
|
|t:|1620665233
|switch|p2a: Tentacruel|Tentacruel, F|99/100
|-sideend|p2: LikingAverage|move: Toxic Spikes|[of] p2a: Tentacruel
|turn|16
|
|t:|1620665252
|switch|p2a: Scolipede|Scolipede, M|100/100
|switch|p1a: Decidueye|Decidueye, F|77/100
|
|upkeep
|turn|17
|
|t:|1620665260
|switch|p1a: Umbreon|Umbreon, F|100/100
|move|p2a: Scolipede|Swords Dance|p2a: Scolipede
|-boost|p2a: Scolipede|atk|2
|
|-ability|p2a: Scolipede|Speed Boost|boost
|-boost|p2a: Scolipede|spe|1
|upkeep
|turn|18
|
|t:|1620665265
|move|p2a: Scolipede|Megahorn|p1a: Umbreon
|-supereffective|p1a: Umbreon
|-damage|p1a: Umbreon|0 fnt
|faint|p1a: Umbreon
|
|-ability|p2a: Scolipede|Speed Boost|boost
|-boost|p2a: Scolipede|spe|1
|upkeep
|
|t:|1620665282
|switch|p1a: Shedinja|Shedinja|100/100
|turn|19
|
|t:|1620665305
|switch|p2a: Buzzwole|Buzzwole|100/100
|move|p1a: Shedinja|Poltergeist|p2a: Buzzwole
|-activate|p2a: Buzzwole|move: Poltergeist|Assault Vest
|-damage|p2a: Buzzwole|72/100
|
|upkeep
|turn|20
|
|t:|1620665327
|move|p1a: Shedinja|Protect|p1a: Shedinja
|-singleturn|p1a: Shedinja|Protect
|move|p2a: Buzzwole|Leech Life|p1a: Shedinja
|-activate|p1a: Shedinja|move: Protect
|
|upkeep
|turn|21
|
|t:|1620665334
|switch|p2a: Aegislash|Aegislash, F|84/100
|switch|p1a: Weezing|Weezing, M|88/100
|-ability|p1a: Weezing|Neutralizing Gas
|
|upkeep
|turn|22
|
|t:|1620665341
|-end|p1a: Weezing|ability: Neutralizing Gas
|switch|p1a: Heliolisk|Heliolisk, F|67/100
|-formechange|p2a: Aegislash|Aegislash-Blade||[from] ability: Stance Change
|move|p2a: Aegislash|Shadow Ball|p1a: Heliolisk
|-immune|p1a: Heliolisk
|
|upkeep
|turn|23
|
|t:|1620665349
|switch|p2a: Buzzwole|Buzzwole|72/100
|move|p1a: Heliolisk|Thunderbolt|p2a: Buzzwole
|-damage|p2a: Buzzwole|13/100
|
|upkeep
|turn|24
|
|t:|1620665354
|move|p1a: Heliolisk|Thunderbolt|p2a: Buzzwole
|-damage|p2a: Buzzwole|0 fnt
|faint|p2a: Buzzwole
|
|upkeep
|
|t:|1620665356
|switch|p2a: Aegislash|Aegislash, F|84/100
|turn|25
|
|t:|1620665364
|switch|p1a: Decidueye|Decidueye, F|77/100
|-formechange|p2a: Aegislash|Aegislash-Blade||[from] ability: Stance Change
|move|p2a: Aegislash|Shadow Ball|p1a: Decidueye
|-supereffective|p1a: Decidueye
|-damage|p1a: Decidueye|0 fnt
|faint|p1a: Decidueye
|
|upkeep
|
|t:|1620665370
|switch|p1a: Heliolisk|Heliolisk, F|67/100
|turn|26
|
|t:|1620665377
|switch|p2a: Scolipede|Scolipede, M|100/100
|move|p1a: Heliolisk|Thunderbolt|p2a: Scolipede
|-damage|p2a: Scolipede|0 fnt
|faint|p2a: Scolipede
|
|upkeep
|
|t:|1620665383
|switch|p2a: Tentacruel|Tentacruel, F|99/100
|turn|27
|
|t:|1620665385
|move|p1a: Heliolisk|Thunderbolt|p2a: Tentacruel
|-supereffective|p2a: Tentacruel
|-damage|p2a: Tentacruel|0 fnt
|faint|p2a: Tentacruel
|
|upkeep
|
|t:|1620665389
|switch|p2a: Aegislash|Aegislash, F|84/100
|turn|28
|
|t:|1620665394
|move|p1a: Heliolisk|Thunderbolt|p2a: Aegislash
|-damage|p2a: Aegislash|36/100
|-formechange|p2a: Aegislash|Aegislash-Blade||[from] ability: Stance Change
|move|p2a: Aegislash|Flash Cannon|p1a: Heliolisk
|-resisted|p1a: Heliolisk
|-damage|p1a: Heliolisk|19/100
|
|upkeep
|turn|29
|-message|LikingAverage forfeited.
|
|win|kerorek
|l|☆LikingAverage
|raw|kerorek's rating: 1397 &rarr; <strong>1411</strong><br />(+14 for winning)
|raw|LikingAverage's rating: 1284 &rarr; <strong>1267</strong><br />(-17 for losing)
||Ladder isn't responding, score probably updated but might not have (Request timeout).
