|j|☆Fousfull
|j|☆SwitchingIsGreat
|t:|1664389629
|gametype|singles
|player|p1|Fousfull|blackbelt-gen4|1567
|player|p2|SwitchingIsGreat|170|1599
|teamsize|p1|6
|teamsize|p2|6
|gen|8
|tier|[Gen 8] UU
|rated|
|rule|Sleep Clause Mod: Limit one foe put to sleep
|rule|Species Clause: Limit one of each Pokémon
|rule|OHKO Clause: OHKO moves are banned
|rule|Evasion Items Clause: Evasion items are banned
|rule|Evasion Moves Clause: Evasion moves are banned
|rule|Endless Battle Clause: Forcing endless battles is banned
|rule|HP Percentage Mod: HP is shown in percentages
|rule|Dynamax Clause: You cannot dynamax
|clearpoke
|poke|p1|Chansey, F|
|poke|p1|Chandelure, F|
|poke|p1|Scizor, M|
|poke|p1|Rotom-Wash|
|poke|p1|Salamence, F|
|poke|p1|Zygarde-10%|
|poke|p2|Reuniclus, F|
|poke|p2|Golisopod, F|
|poke|p2|Cobalion|
|poke|p2|Chansey, F|
|poke|p2|Salamence, F|
|poke|p2|Hydreigon, F|
|teampreview
|
|t:|1664389637
|start
|switch|p1a: Chandy Dandy|Chandelure, F|100/100
|switch|p2a: Godpod|Golisopod, F|100/100
|turn|1
|
|t:|1664389647
|switch|p1a: La Lavadora|Rotom-Wash|100/100
|switch|p2a: Chansey|Chansey, F|100/100
|
|upkeep
|turn|2
|inactive|Battle timer is ON: inactive players will automatically lose when time's up. (requested by SwitchingIsGreat)
|
|t:|1664389671
|switch|p2a: Hydreigon|Hydreigon, F|100/100
|move|p1a: La Lavadora|Volt Switch|p2a: Hydreigon
|-resisted|p2a: Hydreigon
|-damage|p2a: Hydreigon|86/100
|
|t:|1664389674
|switch|p1a: Megan the Eggin|Chansey, F|100/100|[from]move: Volt Switch
|
|upkeep
|turn|3
|
|t:|1664389679
|move|p2a: Hydreigon|U-turn|p1a: Megan the Eggin
|-damage|p1a: Megan the Eggin|90/100
|
|t:|1664389681
|switch|p2a: Godpod|Golisopod, F|100/100|[from]move: U-turn
|move|p1a: Megan the Eggin|Stealth Rock|p2a: Godpod
|-sidestart|p2: SwitchingIsGreat|move: Stealth Rock
|
|upkeep
|turn|4
|inactive|Fousfull has 120 seconds left.
|
|t:|1664389732
|switch|p1a: La Lavadora|Rotom-Wash|100/100
|move|p2a: Godpod|Knock Off|p1a: La Lavadora
|-damage|p1a: La Lavadora|66/100
|-enditem|p1a: La Lavadora|Leftovers|[from] move: Knock Off|[of] p2a: Godpod
|
|upkeep
|turn|5
|
|t:|1664389752
|move|p1a: La Lavadora|Volt Switch|p2a: Godpod
|-supereffective|p2a: Godpod
|-damage|p2a: Godpod|50/100
|-activate|p2a: Godpod|ability: Emergency Exit
|
|t:|1664389762
|switch|p2a: Chansey|Chansey, F|100/100
|-damage|p2a: Chansey|88/100|[from] Stealth Rock
|
|upkeep
|turn|6
|inactive|Fousfull has 120 seconds left.
|
|t:|1664389771
|move|p1a: La Lavadora|Volt Switch|p2a: Chansey
|-damage|p2a: Chansey|81/100
|inactive|Fousfull has 120 seconds left.
|
|t:|1664389791
|switch|p1a: Sciz or That|Scizor, M|100/100|[from]move: Volt Switch
|move|p2a: Chansey|Wish|p2a: Chansey
|
|upkeep
|turn|7
|
|t:|1664389795
|switch|p2a: Cobalion|Cobalion|100/100
|-damage|p2a: Cobalion|97/100|[from] Stealth Rock
|move|p1a: Sciz or That|Knock Off|p2a: Cobalion
|-resisted|p2a: Cobalion
|-damage|p2a: Cobalion|84/100
|-damage|p1a: Sciz or That|84/100|[from] item: Rocky Helmet|[of] p2a: Cobalion
|-ability|p2a: Cobalion|Justified|boost
|-boost|p2a: Cobalion|atk|1
|-enditem|p2a: Cobalion|Rocky Helmet|[from] move: Knock Off|[of] p1a: Sciz or That
|
|-heal|p2a: Cobalion|100/100|[from] move: Wish|[wisher] Chansey
|upkeep
|turn|8
|inactive|Fousfull has 120 seconds left.
|j| ytrrddddree
|
|t:|1664389819
|move|p2a: Cobalion|Stealth Rock|p1a: Sciz or That
|-sidestart|p1: Fousfull|move: Stealth Rock
|move|p1a: Sciz or That|U-turn|p2a: Cobalion
|-resisted|p2a: Cobalion
|-damage|p2a: Cobalion|93/100
|
|t:|1664389822
|switch|p1a: Mencey Wencey|Salamence, F|100/100|[from]move: U-turn
|-ability|p1a: Mencey Wencey|Intimidate|boost
|-unboost|p2a: Cobalion|atk|1
|
|upkeep
|turn|9
|
|t:|1664389826
|move|p2a: Cobalion|Iron Head|p1a: Mencey Wencey
|-damage|p1a: Mencey Wencey|69/100
|cant|p1a: Mencey Wencey|flinch
|
|upkeep
|turn|10
|inactive|Fousfull has 120 seconds left.
|inactive|SwitchingIsGreat has 120 seconds left.
|
|t:|1664389861
|switch|p2a: Hydreigon|Hydreigon, F|86/100
|-damage|p2a: Hydreigon|74/100|[from] Stealth Rock
|move|p1a: Mencey Wencey|Roost|p1a: Mencey Wencey
|-heal|p1a: Mencey Wencey|100/100
|-singleturn|p1a: Mencey Wencey|move: Roost
|
|upkeep
|turn|11
|
|t:|1664389865
|switch|p1a: Megan the Eggin|Chansey, F|90/100
|-damage|p1a: Megan the Eggin|78/100|[from] Stealth Rock
|move|p2a: Hydreigon|U-turn|p1a: Megan the Eggin
|-damage|p1a: Megan the Eggin|69/100
|
|t:|1664389867
|switch|p2a: Cobalion|Cobalion|93/100|[from]move: U-turn
|-damage|p2a: Cobalion|90/100|[from] Stealth Rock
|
|upkeep
|turn|12
|
|t:|1664389870
|switch|p1a: Mencey Wencey|Salamence, F|100/100
|-ability|p1a: Mencey Wencey|Intimidate|boost
|-unboost|p2a: Cobalion|atk|1
|move|p2a: Cobalion|Swords Dance|p2a: Cobalion
|-boost|p2a: Cobalion|atk|2
|
|upkeep
|turn|13
|
|t:|1664389872
|move|p2a: Cobalion|Iron Head|p1a: Mencey Wencey
|-damage|p1a: Mencey Wencey|54/100
|cant|p1a: Mencey Wencey|flinch
|
|upkeep
|turn|14
|c|☆Fousfull|Ok
|c|☆Fousfull|Why every time a coba just flinch me
|
|t:|1664389889
|switch|p2a: Hydreigon|Hydreigon, F|74/100
|-damage|p2a: Hydreigon|62/100|[from] Stealth Rock
|switch|p1a: Chandy Dandy|Chandelure, F|100/100
|
|upkeep
|turn|15
|n| ytrrddddree|ytrrddddree
|
|t:|1664389892
|switch|p1a: Megan the Eggin|Chansey, F|69/100
|-damage|p1a: Megan the Eggin|56/100|[from] Stealth Rock
|move|p2a: Hydreigon|Dark Pulse|p1a: Megan the Eggin
|-damage|p1a: Megan the Eggin|43/100
|
|upkeep
|turn|16
|
|t:|1664389894
|switch|p2a: Cobalion|Cobalion|90/100
|-damage|p2a: Cobalion|87/100|[from] Stealth Rock
|move|p1a: Megan the Eggin|Soft-Boiled|p1a: Megan the Eggin
|-heal|p1a: Megan the Eggin|93/100
|
|upkeep
|turn|17
|
|t:|1664389897
|switch|p1a: Chandy Dandy|Chandelure, F|100/100
|move|p2a: Cobalion|Swords Dance|p2a: Cobalion
|-boost|p2a: Cobalion|atk|2
|
|upkeep
|turn|18
|
|t:|1664389903
|switch|p2a: Salamence|Salamence, F|100/100
|-ability|p2a: Salamence|Intimidate|boost
|-unboost|p1a: Chandy Dandy|atk|1
|move|p1a: Chandy Dandy|Flamethrower|p2a: Salamence
|-resisted|p2a: Salamence
|-damage|p2a: Salamence|74/100
|
|upkeep
|turn|19
|
|t:|1664389915
|move|p1a: Chandy Dandy|Will-O-Wisp|p2a: Salamence
|-status|p2a: Salamence|brn
|move|p2a: Salamence|Dual Wingbeat|p1a: Chandy Dandy|[miss]
|-miss|p2a: Salamence|p1a: Chandy Dandy
|
|-damage|p2a: Salamence|68/100 brn|[from] brn
|upkeep
|turn|20
|
|t:|1664389920
|switch|p2a: Chansey|Chansey, F|81/100
|-damage|p2a: Chansey|68/100|[from] Stealth Rock
|move|p1a: Chandy Dandy|Hex|p2a: Chansey
|-immune|p2a: Chansey
|
|upkeep
|turn|21
|
|t:|1664389923
|move|p1a: Chandy Dandy|Taunt|p2a: Chansey
|-start|p2a: Chansey|move: Taunt
|cant|p2a: Chansey|move: Taunt|Soft-Boiled
|
|upkeep
|turn|22
|
|t:|1664389932
|switch|p2a: Godpod|Golisopod, F|50/100
|move|p1a: Chandy Dandy|Will-O-Wisp|p2a: Godpod
|-status|p2a: Godpod|brn
|
|-damage|p2a: Godpod|44/100 brn|[from] brn
|upkeep
|turn|23
|
|t:|1664389938
|move|p1a: Chandy Dandy|Hex|p2a: Godpod
|-damage|p2a: Godpod|0 fnt
|faint|p2a: Godpod
|
|upkeep
|
|t:|1664389941
|switch|p2a: Hydreigon|Hydreigon, F|62/100
|-damage|p2a: Hydreigon|49/100|[from] Stealth Rock
|turn|24
|
|t:|1664389945
|switch|p1a: Megan the Eggin|Chansey, F|93/100
|-damage|p1a: Megan the Eggin|80/100|[from] Stealth Rock
|move|p2a: Hydreigon|U-turn|p1a: Megan the Eggin
|-damage|p1a: Megan the Eggin|70/100
|
|t:|1664389950
|switch|p2a: Chansey|Chansey, F|68/100|[from]move: U-turn
|-damage|p2a: Chansey|56/100|[from] Stealth Rock
|
|upkeep
|turn|25
|
|t:|1664389954
|move|p2a: Chansey|Wish|p2a: Chansey
|move|p1a: Megan the Eggin|Seismic Toss|p2a: Chansey
|-damage|p2a: Chansey|42/100
|
|upkeep
|turn|26
|
|t:|1664389961
|switch|p2a: Hydreigon|Hydreigon, F|49/100
|-damage|p2a: Hydreigon|37/100|[from] Stealth Rock
|move|p1a: Megan the Eggin|Teleport|p1a: Megan the Eggin
|c| ytrrddddree|Man, high tier UU and OU are just fucking cancer. No wonder gamefreak is trying to break its own meta. 120 turn games for days.
|
|t:|1664389968
|switch|p1a: Sciz or That|Scizor, M|84/100|[from]move: Teleport
|-damage|p1a: Sciz or That|71/100|[from] Stealth Rock
|
|-heal|p2a: Hydreigon|100/100|[from] move: Wish|[wisher] Chansey
|upkeep
|turn|27
|c| ytrrddddree|Glhf
|c|☆SwitchingIsGreat|say what now?
|c|☆SwitchingIsGreat|xD
|l| ytrrddddree
|inactive|SwitchingIsGreat has 120 seconds left.
|inactive|SwitchingIsGreat has 90 seconds left.
|inactive|SwitchingIsGreat has 60 seconds left.
|
|t:|1664390066
|switch|p1a: Megan the Eggin|Chansey, F|70/100
|-damage|p1a: Megan the Eggin|57/100|[from] Stealth Rock
|move|p2a: Hydreigon|Fire Blast|p1a: Megan the Eggin
|-damage|p1a: Megan the Eggin|45/100
|
|upkeep
|turn|28
|inactive|SwitchingIsGreat has 60 seconds left.
|
|t:|1664390074
|switch|p2a: Chansey|Chansey, F|42/100
|-damage|p2a: Chansey|29/100|[from] Stealth Rock
|move|p1a: Megan the Eggin|Soft-Boiled|p1a: Megan the Eggin
|-heal|p1a: Megan the Eggin|95/100
|
|upkeep
|turn|29
|
|t:|1664390076
|move|p2a: Chansey|Soft-Boiled|p2a: Chansey
|-heal|p2a: Chansey|79/100
|move|p1a: Megan the Eggin|Teleport|p1a: Megan the Eggin
|
|t:|1664390078
|switch|p1a: Chandy Dandy|Chandelure, F|100/100|[from]move: Teleport
|
|upkeep
|turn|30
|
|t:|1664390081
|switch|p2a: Hydreigon|Hydreigon, F|100/100
|-damage|p2a: Hydreigon|88/100|[from] Stealth Rock
|move|p1a: Chandy Dandy|Will-O-Wisp|p2a: Hydreigon
|-status|p2a: Hydreigon|brn
|
|-damage|p2a: Hydreigon|82/100 brn|[from] brn
|upkeep
|turn|31
|inactive|SwitchingIsGreat has 90 seconds left.
|
|t:|1664390087
|switch|p1a: Megan the Eggin|Chansey, F|95/100
|-damage|p1a: Megan the Eggin|83/100|[from] Stealth Rock
|move|p2a: Hydreigon|U-turn|p1a: Megan the Eggin
|-crit|p1a: Megan the Eggin
|-damage|p1a: Megan the Eggin|75/100
|inactive|SwitchingIsGreat has 90 seconds left.
|
|t:|1664390094
|switch|p2a: Reuniclus|Reuniclus, F, shiny|100/100|[from]move: U-turn
|
|upkeep
|turn|32
|
|t:|1664390097
|move|p1a: Megan the Eggin|Seismic Toss|p2a: Reuniclus
|-damage|p2a: Reuniclus|77/100
|move|p2a: Reuniclus|Calm Mind|p2a: Reuniclus
|-boost|p2a: Reuniclus|spa|1
|-boost|p2a: Reuniclus|spd|1
|
|upkeep
|turn|33
|
|t:|1664390104
|switch|p1a: Sciz or That|Scizor, M|71/100
|-damage|p1a: Sciz or That|59/100|[from] Stealth Rock
|move|p2a: Reuniclus|Calm Mind|p2a: Reuniclus
|-boost|p2a: Reuniclus|spa|1
|-boost|p2a: Reuniclus|spd|1
|
|upkeep
|turn|34
|
|t:|1664390108
|move|p1a: Sciz or That|U-turn|p2a: Reuniclus
|-supereffective|p2a: Reuniclus
|-damage|p2a: Reuniclus|23/100
|
|t:|1664390113
|switch|p1a: Chandy Dandy|Chandelure, F|100/100|[from]move: U-turn
|move|p2a: Reuniclus|Recover|p2a: Reuniclus
|-heal|p2a: Reuniclus|73/100
|
|upkeep
|turn|35
|
|t:|1664390115
|move|p1a: Chandy Dandy|Taunt|p2a: Reuniclus
|-start|p2a: Reuniclus|move: Taunt
|move|p2a: Reuniclus|Psyshock|p1a: Chandy Dandy
|-damage|p1a: Chandy Dandy|0 fnt
|faint|p1a: Chandy Dandy
|
|upkeep
|
|t:|1664390118
|switch|p1a: Sciz or That|Scizor, M|59/100
|-damage|p1a: Sciz or That|46/100|[from] Stealth Rock
|turn|36
|
|t:|1664390122
|switch|p2a: Cobalion|Cobalion|87/100
|-damage|p2a: Cobalion|84/100|[from] Stealth Rock
|move|p1a: Sciz or That|Knock Off|p2a: Cobalion
|-resisted|p2a: Cobalion
|-damage|p2a: Cobalion|76/100
|-ability|p2a: Cobalion|Justified|boost
|-boost|p2a: Cobalion|atk|1
|
|upkeep
|turn|37
|
|t:|1664390127
|move|p2a: Cobalion|Swords Dance|p2a: Cobalion
|-boost|p2a: Cobalion|atk|2
|move|p1a: Sciz or That|U-turn|p2a: Cobalion
|-resisted|p2a: Cobalion
|-damage|p2a: Cobalion|69/100
|
|t:|1664390129
|switch|p1a: Zog|Zygarde-10%|100/100|[from]move: U-turn
|-damage|p1a: Zog|94/100|[from] Stealth Rock
|-ability|p1a: Zog|Aura Break
|
|upkeep
|turn|38
|
|t:|1664390134
|switch|p2a: Salamence|Salamence, F|68/100 brn
|-ability|p2a: Salamence|Intimidate|boost
|-unboost|p1a: Zog|atk|1
|move|p1a: Zog|Thousand Arrows|p2a: Salamence
|-crit|p2a: Salamence
|-damage|p2a: Salamence|0 fnt
|faint|p2a: Salamence
|
|upkeep
|
|t:|1664390144
|switch|p2a: Reuniclus|Reuniclus, F, shiny|73/100
|turn|39
|
|t:|1664390160
|switch|p1a: La Lavadora|Rotom-Wash|66/100
|-damage|p1a: La Lavadora|53/100|[from] Stealth Rock
|move|p2a: Reuniclus|Calm Mind|p2a: Reuniclus
|-boost|p2a: Reuniclus|spa|1
|-boost|p2a: Reuniclus|spd|1
|
|upkeep
|turn|40
|
|t:|1664390165
|move|p1a: La Lavadora|Volt Switch|p2a: Reuniclus
|-damage|p2a: Reuniclus|57/100
|
|t:|1664390167
|switch|p1a: Sciz or That|Scizor, M|46/100|[from]move: Volt Switch
|-damage|p1a: Sciz or That|34/100|[from] Stealth Rock
|move|p2a: Reuniclus|Recover|p2a: Reuniclus
|-heal|p2a: Reuniclus|100/100
|
|upkeep
|turn|41
|
|t:|1664390170
|move|p1a: Sciz or That|Roost|p1a: Sciz or That
|-heal|p1a: Sciz or That|84/100
|-singleturn|p1a: Sciz or That|move: Roost
|move|p2a: Reuniclus|Focus Blast|p1a: Sciz or That
|-damage|p1a: Sciz or That|22/100
|
|upkeep
|turn|42
|
|t:|1664390173
|move|p1a: Sciz or That|Roost|p1a: Sciz or That
|-heal|p1a: Sciz or That|72/100
|-singleturn|p1a: Sciz or That|move: Roost
|move|p2a: Reuniclus|Calm Mind|p2a: Reuniclus
|-boost|p2a: Reuniclus|spa|1
|-boost|p2a: Reuniclus|spd|1
|
|upkeep
|turn|43
|
|t:|1664390178
|move|p1a: Sciz or That|Knock Off|p2a: Reuniclus
|-supereffective|p2a: Reuniclus
|-enditem|p2a: Reuniclus|Colbur Berry|[eat]
|-enditem|p2a: Reuniclus|Colbur Berry|[weaken]
|-damage|p2a: Reuniclus|74/100
|move|p2a: Reuniclus|Recover|p2a: Reuniclus
|-heal|p2a: Reuniclus|100/100
|
|upkeep
|turn|44
|
|t:|1664390184
|move|p1a: Sciz or That|Knock Off|p2a: Reuniclus
|-supereffective|p2a: Reuniclus
|-damage|p2a: Reuniclus|69/100
|move|p2a: Reuniclus|Focus Blast|p1a: Sciz or That
|-damage|p1a: Sciz or That|0 fnt
|faint|p1a: Sciz or That
|
|upkeep
|
|t:|1664390193
|switch|p1a: Zog|Zygarde-10%|94/100
|-damage|p1a: Zog|88/100|[from] Stealth Rock
|-ability|p1a: Zog|Aura Break
|turn|45
|
|t:|1664390215
|move|p1a: Zog|Outrage|p2a: Reuniclus
|-damage|p2a: Reuniclus|5/100
|move|p2a: Reuniclus|Psyshock|p1a: Zog
|-damage|p1a: Zog|0 fnt
|faint|p1a: Zog
|
|upkeep
|
|t:|1664390219
|switch|p1a: Mencey Wencey|Salamence, F|54/100
|-ability|p1a: Mencey Wencey|Intimidate|boost
|-unboost|p2a: Reuniclus|atk|1
|turn|46
|
|t:|1664390224
|switch|p2a: Chansey|Chansey, F|79/100
|-damage|p2a: Chansey|67/100|[from] Stealth Rock
|move|p1a: Mencey Wencey|Dual Wingbeat|p2a: Chansey
|-damage|p2a: Chansey|55/100
|-damage|p2a: Chansey|44/100
|-hitcount|p2a: Chansey|2
|
|upkeep
|turn|47
|
|t:|1664390226
|move|p1a: Mencey Wencey|Dual Wingbeat|p2a: Chansey
|-damage|p2a: Chansey|33/100
|-damage|p2a: Chansey|22/100
|-hitcount|p2a: Chansey|2
|move|p2a: Chansey|Soft-Boiled|p2a: Chansey
|-heal|p2a: Chansey|72/100
|
|upkeep
|turn|48
|-message|Fousfull forfeited.
|
|win|SwitchingIsGreat
|raw|Fousfull's rating: 1545 &rarr; <strong>1528</strong><br />(-17 for losing)
|raw|SwitchingIsGreat's rating: 1599 &rarr; <strong>1616</strong><br />(+17 for winning)
|l|☆Fousfull
