|html|<div class="broadcast-blue"><strong>[Gen 8] UU is currently suspecting Aegislash! For information on how to participate check out the <a href="https://www.smogon.com/forums/threads/np-ss-uu-stage-8-4-spellbound-aegislash-retest-victini-banned.3679677/">suspect thread</a>.</strong></div>
|j|☆Zephyyyr
|j|☆SanJl
|t:|1615586180
|player|p1|Zephyyyr|richboy|
|player|p2|SanJl|brendan-gen3|
|teamsize|p1|6
|teamsize|p2|6
|gametype|singles
|gen|8
|tier|[Gen 8] UU
|clearpoke
|poke|p1|Thundurus, M|
|poke|p1|Amoonguss, M|
|poke|p1|Skarmory, F|
|poke|p1|Rhyperior, F|
|poke|p1|Alakazam, F|
|poke|p1|Primarina, M|
|poke|p2|Suicune|
|poke|p2|Nidoqueen, F|
|poke|p2|Tangrowth, F|
|poke|p2|Chansey, F|
|poke|p2|Jirachi|
|poke|p2|Thundurus, M|
|rule|Sleep Clause Mod: Limit one foe put to sleep
|rule|Species Clause: Limit one of each Pokémon
|rule|OHKO Clause: OHKO moves are banned
|rule|Evasion Moves Clause: Evasion moves are banned
|rule|Endless Battle Clause: Forcing endless battles is banned
|rule|HP Percentage Mod: HP is shown in percentages
|rule|Dynamax Clause: You cannot dynamax
|teampreview
|j| Raph369
|j| TT goodra1
|j| BabaBibou
|c|☆Zephyyyr|Hf
|j| Guez91
|c|☆SanJl|u2
|j| Pheooo
|inactive|Battle timer is ON: inactive players will automatically lose when time's up. (requested by Zephyyyr)
|j| tfcp.
|j| Axior
|l| Pheooo
|j| Sharow
|j| Dflo
|j| Gt0 La Racaille
|j| Cherbou
|j| Carmin06
|j| thomas888
|j| Boulicrok
|inactive|Zephyyyr has 270 seconds left.
|
|t:|1615586237
|start
|switch|p1a: Rain|Rhyperior, F|100/100
|switch|p2a: raccord avec|Chansey, F|100/100
|turn|1
|j| BlessyZ
|
|t:|1615586251
|move|p2a: raccord avec|Stealth Rock|p1a: Rain
|-sidestart|p1: Zephyyyr|move: Stealth Rock
|move|p1a: Rain|Stealth Rock|p2a: raccord avec
|-sidestart|p2: SanJl|move: Stealth Rock
|
|upkeep
|turn|2
|j| hibiki koyo
|j| 0NI
|j| Damflame
|j| HaxxSel
|j|+Brumirage
|j| MS3D
|j| Zenadark
|j| Neco0s@!
|j| L'Elfe cosmique
|j| casualausac
|inactive|Zephyyyr has 270 seconds left.
|j| Starfire06
|j|+Pujo ⌐◼_◼
|inactive|SanJl has 270 seconds left.
|j| Rubinio13
|
|t:|1615586290
|switch|p2a: C'est moche.|Thundurus, M|100/100
|switch|p1a: With These Eyes|Amoonguss, M, shiny|100/100
|-damage|p1a: With These Eyes|88/100|[from] Stealth Rock
|
|upkeep
|turn|3
|j| ramure
|l| Zenadark
|inactive|SanJl has 270 seconds left.
|j| GeneralKrakoukass
|j| Skyrio
|j| FyroxZ
|j| AntaresLeNoo3
|
|t:|1615586323
|move|p2a: C'est moche.|Psychic|p1a: With These Eyes
|-supereffective|p1a: With These Eyes
|-damage|p1a: With These Eyes|34/100
|move|p1a: With These Eyes|Spore|p2a: C'est moche.
|-status|p2a: C'est moche.|slp|[from] move: Spore
|
|upkeep
|turn|4
|j| princesse etoile
|inactive|Zephyyyr has 270 seconds left.
|
|t:|1615586341
|switch|p2a: Bon bah|Nidoqueen, F|100/100
|-damage|p2a: Bon bah|94/100|[from] Stealth Rock
|switch|p1a: Awake|Alakazam, F, shiny|100/100
|
|upkeep
|turn|5
|j| RXG1 Alkione
|c| ramure|excusez moi, mais c'est quel tier
|inactive|Zephyyyr has 270 seconds left.
|
|t:|1615586352
|switch|p2a: raccord avec|Chansey, F|100/100
|-damage|p2a: raccord avec|88/100|[from] Stealth Rock
|move|p1a: Awake|Knock Off|p2a: raccord avec
|-damage|p2a: raccord avec|78/100
|-enditem|p2a: raccord avec|Eviolite|[from] move: Knock Off|[of] p1a: Awake
|
|upkeep
|turn|6
|c| Boulicrok|uu
|c| Carmin06|uu
|c| ramure|merci
|
|t:|1615586359
|switch|p1a: With These Eyes|Amoonguss, M, shiny|67/100
|-damage|p1a: With These Eyes|55/100|[from] Stealth Rock
|move|p2a: raccord avec|Soft-Boiled|p2a: raccord avec
|-heal|p2a: raccord avec|100/100
|
|upkeep
|turn|7
|j| Wertsd26
|j| JoNoMo
|j| HurtaDOO♥
|
|t:|1615586368
|move|p2a: raccord avec|Seismic Toss|p1a: With These Eyes
|-damage|p1a: With These Eyes|32/100
|-damage|p2a: raccord avec|84/100|[from] item: Rocky Helmet|[of] p1a: With These Eyes
|move|p1a: With These Eyes|Giga Drain|p2a: raccord avec
|-damage|p2a: raccord avec|73/100
|-heal|p1a: With These Eyes|40/100|[from] drain|[of] p2a: raccord avec
|
|upkeep
|turn|8
|j| Indercover
|inactive|SanJl has 270 seconds left.
|j| ThatSleazyKid
|l| ThatSleazyKid
|j| Maxomega
|j| Dieu Amphibien
|inactive|Zephyyyr has 270 seconds left.
|j| Cousiin
|j| Pheooo
|j| RUZ9 XEU
|l| Pheooo
|inactive|SanJl has 240 seconds left.
|
|t:|1615586405
|switch|p2a: Bon bah|Nidoqueen, F|94/100
|-damage|p2a: Bon bah|88/100|[from] Stealth Rock
|switch|p1a: Beautiful Ghost|Skarmory, F|100/100
|-damage|p1a: Beautiful Ghost|88/100|[from] Stealth Rock
|
|upkeep
|turn|9
|j| congelateur-sama
|inactive|Zephyyyr has 270 seconds left.
|inactive|SanJl has 240 seconds left.
|j| Pheooo
|j| Maxouille
|l| Indercover
|j| Indercover
|
|t:|1615586440
|switch|p1a: Awake|Alakazam, F, shiny|100/100
|move|p2a: Bon bah|Flamethrower|p1a: Awake
|-damage|p1a: Awake|40/100
|
|upkeep
|turn|10
|j| Zenadark
|j| QuebecLibre
|
|t:|1615586448
|switch|p2a: l'extérieur ...|Jirachi|100/100
|-damage|p2a: l'extérieur ...|94/100|[from] Stealth Rock
|move|p1a: Awake|Psychic|p2a: l'extérieur ...
|-resisted|p2a: l'extérieur ...
|-damage|p2a: l'extérieur ...|81/100
|
|upkeep
|turn|11
|j| Steveninho
|
|t:|1615586458
|switch|p1a: With These Eyes|Amoonguss, M, shiny|74/100
|-damage|p1a: With These Eyes|61/100|[from] Stealth Rock
|move|p2a: l'extérieur ...|U-turn|p1a: With These Eyes
|-damage|p1a: With These Eyes|49/100
|-damage|p2a: l'extérieur ...|64/100|[from] item: Rocky Helmet|[of] p1a: With These Eyes
|j| Squash17
|
|t:|1615586463
|switch|p2a: Bon bah|Nidoqueen, F|88/100|[from]move: U-turn
|-damage|p2a: Bon bah|82/100|[from] Stealth Rock
|
|upkeep
|turn|12
|inactive|Zephyyyr has 270 seconds left.
|
|t:|1615586480
|switch|p1a: Killing My Heart|Primarina, M|100/100
|move|p2a: Bon bah|Sludge Wave|p1a: Killing My Heart
|-supereffective|p1a: Killing My Heart
|-damage|p1a: Killing My Heart|0 fnt
|faint|p1a: Killing My Heart
|
|upkeep
|j| DonSlvatore
|l| QuebecLibre
|
|t:|1615586493
|switch|p1a: Veins|Thundurus, M|100/100
|turn|13
|l| BabaBibou
|j| basaninho
|j| Mindnight
|inactive|SanJl has 240 seconds left.
|j| laevin ㋛
|l| AntaresLeNoo3
|j| palapapop
|j| Gelbel3c
|inactive|SanJl has 210 seconds left.
|j| Tuthur ㋛
|j| BabaBibou
|
|t:|1615586551
|switch|p2a: raccord avec|Chansey, F|73/100
|-damage|p2a: raccord avec|61/100|[from] Stealth Rock
|move|p1a: Veins|Nasty Plot|p1a: Veins
|-boost|p1a: Veins|spa|2
|
|upkeep
|turn|14
|inactive|SanJl has 210 seconds left.
|
|t:|1615586561
|move|p1a: Veins|Focus Blast|p2a: raccord avec
|-supereffective|p2a: raccord avec
|-damage|p2a: raccord avec|0 fnt
|faint|p2a: raccord avec
|
|upkeep
|inactive|SanJl has 210 seconds left.
|
|t:|1615586566
|switch|p2a: l'extérieur ...|Jirachi|64/100
|-damage|p2a: l'extérieur ...|58/100|[from] Stealth Rock
|turn|15
|inactive|SanJl has 210 seconds left.
|
|t:|1615586582
|move|p2a: l'extérieur ...|Trick|p1a: Veins
|-activate|p2a: l'extérieur ...|move: Trick|[of] p1a: Veins
|-item|p1a: Veins|Choice Scarf|[from] move: Trick
|-item|p2a: l'extérieur ...|Heavy-Duty Boots|[from] move: Trick
|move|p1a: Veins|Thunderbolt|p2a: l'extérieur ...
|-damage|p2a: l'extérieur ...|0 fnt
|faint|p2a: l'extérieur ...
|
|upkeep
|
|t:|1615586587
|switch|p2a: Bon bah|Nidoqueen, F|82/100
|-damage|p2a: Bon bah|76/100|[from] Stealth Rock
|turn|16
|inactive|SanJl has 210 seconds left.
|j| nassimmoule
|
|t:|1615586612
|switch|p1a: Rain|Rhyperior, F|100/100
|-damage|p1a: Rain|94/100|[from] Stealth Rock
|move|p2a: Bon bah|Sludge Wave|p1a: Rain
|-resisted|p1a: Rain
|-damage|p1a: Rain|79/100
|
|-heal|p1a: Rain|86/100|[from] item: Leftovers
|upkeep
|turn|17
|l| Squash17
|n| Neco0s@!|neco0s
|j| Stillau
|inactive|SanJl has 180 seconds left.
|
|t:|1615586649
|switch|p2a: l'intérieur est en|Tangrowth, F|100/100
|-damage|p2a: l'intérieur est en|88/100|[from] Stealth Rock
|switch|p1a: Veins|Thundurus, M|100/100
|-damage|p1a: Veins|76/100|[from] Stealth Rock
|
|upkeep
|turn|18
|n| Neco0s@!|neco0s
|j| Orange DBJ
|inactive|SanJl has 180 seconds left.
|
|t:|1615586657
|switch|p1a: With These Eyes|Amoonguss, M, shiny|82/100
|-damage|p1a: With These Eyes|70/100|[from] Stealth Rock
|switch|p2a: Bon bah|Nidoqueen, F|76/100
|-damage|p2a: Bon bah|70/100|[from] Stealth Rock
|
|upkeep
|turn|19
|
|t:|1615586667
|switch|p1a: Rain|Rhyperior, F|86/100
|-damage|p1a: Rain|79/100|[from] Stealth Rock
|move|p2a: Bon bah|Flamethrower|p1a: Rain
|-resisted|p1a: Rain
|-damage|p1a: Rain|60/100
|
|-heal|p1a: Rain|66/100|[from] item: Leftovers
|upkeep
|turn|20
|j| Masskeauuu
|j| AntaresLeNoo3
|
|t:|1615586681
|move|p2a: Bon bah|Earth Power|p1a: Rain
|-supereffective|p1a: Rain
|-damage|p1a: Rain|0 fnt
|faint|p1a: Rain
|
|upkeep
|
|t:|1615586684
|switch|p1a: Awake|Alakazam, F, shiny|40/100
|turn|21
|inactive|SanJl has 210 seconds left.
|l| TT goodra1
|inactive|SanJl has 180 seconds left.
|j| TT goodra1
|l| Boulicrok
|j| Boulicrok
|inactive|SanJl has 150 seconds left.
|l| BabaBibou
|j| beautifications
|j| jaytop31
|inactive|SanJl has 120 seconds left.
|j| Arakd’eau ㋛
|j| Otark
|l| Tuthur ㋛
|
|t:|1615586792
|switch|p2a: l'intérieur est en|Tangrowth, F|100/100
|-damage|p2a: l'intérieur est en|88/100|[from] Stealth Rock
|move|p1a: Awake|Psychic|p2a: l'intérieur est en
|-damage|p2a: l'intérieur est en|0 fnt
|faint|p2a: l'intérieur est en
|
|upkeep
|
|t:|1615586812
|switch|p2a: Wahou !|Suicune|100/100
|-damage|p2a: Wahou !|88/100|[from] Stealth Rock
|-ability|p2a: Wahou !|Pressure
|turn|22
|l| congelateur-sama
|j| BabaBibou
|inactive|SanJl has 90 seconds left.
|j| jamel 1
|j| Eccalliti
|
|t:|1615586851
|switch|p1a: Veins|Thundurus, M|76/100
|-damage|p1a: Veins|51/100|[from] Stealth Rock
|move|p2a: Wahou !|Calm Mind|p2a: Wahou !
|-boost|p2a: Wahou !|spa|1
|-boost|p2a: Wahou !|spd|1
|
|-heal|p2a: Wahou !|94/100|[from] item: Leftovers
|upkeep
|turn|23
|
|t:|1615586854
|move|p2a: Wahou !|Protect|p2a: Wahou !
|-singleturn|p2a: Wahou !|Protect
|move|p1a: Veins|Thunderbolt|p2a: Wahou !
|-activate|p2a: Wahou !|move: Protect
|
|-heal|p2a: Wahou !|100/100|[from] item: Leftovers
|upkeep
|turn|24
|inactive|SanJl has 90 seconds left.
|c| jamel 1|gg
|l| jamel 1
|
|t:|1615586881
|move|p1a: Veins|Thunderbolt|p2a: Wahou !
|-supereffective|p2a: Wahou !
|-damage|p2a: Wahou !|55/100
|move|p2a: Wahou !|Scald|p1a: Veins
|-damage|p1a: Veins|1/100
|
|-heal|p2a: Wahou !|62/100|[from] item: Leftovers
|upkeep
|turn|25
|
|t:|1615586886
|move|p2a: Wahou !|Protect|p2a: Wahou !
|-singleturn|p2a: Wahou !|Protect
|move|p1a: Veins|Thunderbolt|p2a: Wahou !
|-activate|p2a: Wahou !|move: Protect
|
|-heal|p2a: Wahou !|68/100|[from] item: Leftovers
|upkeep
|turn|26
|l| Orange DBJ
|j| Aegide
|inactive|SanJl has 60 seconds left.
|
|t:|1615586913
|move|p1a: Veins|Thunderbolt|p2a: Wahou !
|-supereffective|p2a: Wahou !
|-damage|p2a: Wahou !|24/100
|move|p2a: Wahou !|Scald|p1a: Veins
|-damage|p1a: Veins|0 fnt
|faint|p1a: Veins
|
|-heal|p2a: Wahou !|30/100|[from] item: Leftovers
|upkeep
|
|t:|1615586921
|switch|p1a: With These Eyes|Amoonguss, M, shiny|100/100
|-damage|p1a: With These Eyes|88/100|[from] Stealth Rock
|turn|27
|
|t:|1615586928
|move|p2a: Wahou !|Protect|p2a: Wahou !
|-singleturn|p2a: Wahou !|Protect
|move|p1a: With These Eyes|Giga Drain|p2a: Wahou !
|-activate|p2a: Wahou !|move: Protect
|
|-heal|p2a: Wahou !|37/100|[from] item: Leftovers
|upkeep
|turn|28
|
|t:|1615586940
|move|p2a: Wahou !|Substitute|p2a: Wahou !
|-start|p2a: Wahou !|Substitute
|-damage|p2a: Wahou !|12/100
|move|p1a: With These Eyes|Giga Drain|p2a: Wahou !
|-supereffective|p2a: Wahou !
|-activate|p2a: Wahou !|move: Substitute|[damage]
|-heal|p1a: With These Eyes|98/100|[from] drain|[of] p2a: Wahou !
|
|-heal|p2a: Wahou !|18/100|[from] item: Leftovers
|upkeep
|turn|29
|
|t:|1615586945
|move|p2a: Wahou !|Protect|p2a: Wahou !
|-singleturn|p2a: Wahou !|Protect
|move|p1a: With These Eyes|Sludge Bomb|p2a: Wahou !
|-activate|p2a: Wahou !|move: Protect
|
|-heal|p2a: Wahou !|24/100|[from] item: Leftovers
|upkeep
|turn|30
|
|t:|1615586946
|move|p2a: Wahou !|Calm Mind|p2a: Wahou !
|-boost|p2a: Wahou !|spa|1
|-boost|p2a: Wahou !|spd|1
|move|p1a: With These Eyes|Sludge Bomb|p2a: Wahou !
|-end|p2a: Wahou !|Substitute
|
|-heal|p2a: Wahou !|30/100|[from] item: Leftovers
|upkeep
|turn|31
|inactive|SanJl has 90 seconds left.
|
|t:|1615586951
|move|p2a: Wahou !|Substitute|p2a: Wahou !
|-start|p2a: Wahou !|Substitute
|-damage|p2a: Wahou !|5/100
|move|p1a: With These Eyes|Giga Drain|p2a: Wahou !
|-supereffective|p2a: Wahou !
|-activate|p2a: Wahou !|move: Substitute|[damage]
|-heal|p1a: With These Eyes|100/100|[from] drain|[of] p2a: Wahou !
|
|-heal|p2a: Wahou !|11/100|[from] item: Leftovers
|upkeep
|turn|32
|
|t:|1615586966
|move|p2a: Wahou !|Protect|p2a: Wahou !
|-singleturn|p2a: Wahou !|Protect
|move|p1a: With These Eyes|Giga Drain|p2a: Wahou !
|-activate|p2a: Wahou !|move: Protect
|
|-heal|p2a: Wahou !|18/100|[from] item: Leftovers
|upkeep
|turn|33
|
|t:|1615586971
|move|p2a: Wahou !|Calm Mind|p2a: Wahou !
|-boost|p2a: Wahou !|spa|1
|-boost|p2a: Wahou !|spd|1
|move|p1a: With These Eyes|Giga Drain|p2a: Wahou !
|-supereffective|p2a: Wahou !
|-crit|p2a: Wahou !
|-end|p2a: Wahou !|Substitute
|
|-heal|p2a: Wahou !|24/100|[from] item: Leftovers
|upkeep
|turn|34
|
|t:|1615586982
|move|p2a: Wahou !|Protect|p2a: Wahou !
|-singleturn|p2a: Wahou !|Protect
|move|p1a: With These Eyes|Giga Drain|p2a: Wahou !
|-activate|p2a: Wahou !|move: Protect
|
|-heal|p2a: Wahou !|30/100|[from] item: Leftovers
|upkeep
|turn|35
|
|t:|1615586990
|move|p2a: Wahou !|Substitute|p2a: Wahou !
|-start|p2a: Wahou !|Substitute
|-damage|p2a: Wahou !|5/100
|move|p1a: With These Eyes|Giga Drain|p2a: Wahou !
|-supereffective|p2a: Wahou !
|-activate|p2a: Wahou !|move: Substitute|[damage]
|
|-heal|p2a: Wahou !|11/100|[from] item: Leftovers
|upkeep
|turn|36
|j| mammochonausommet
|l| nassimmoule
|j| Tuthur ㋛
|
|t:|1615586995
|move|p2a: Wahou !|Protect|p2a: Wahou !
|-singleturn|p2a: Wahou !|Protect
|move|p1a: With These Eyes|Sludge Bomb|p2a: Wahou !
|-activate|p2a: Wahou !|move: Protect
|
|-heal|p2a: Wahou !|17/100|[from] item: Leftovers
|upkeep
|turn|37
|
|t:|1615587000
|move|p2a: Wahou !|Calm Mind|p2a: Wahou !
|-boost|p2a: Wahou !|spa|1
|-boost|p2a: Wahou !|spd|1
|move|p1a: With These Eyes|Sludge Bomb|p2a: Wahou !
|-activate|p2a: Wahou !|move: Substitute|[damage]
|
|-heal|p2a: Wahou !|24/100|[from] item: Leftovers
|upkeep
|turn|38
|
|t:|1615587007
|move|p2a: Wahou !|Protect|p2a: Wahou !
|-singleturn|p2a: Wahou !|Protect
|move|p1a: With These Eyes|Giga Drain|p2a: Wahou !
|-activate|p2a: Wahou !|move: Protect
|
|-heal|p2a: Wahou !|30/100|[from] item: Leftovers
|upkeep
|turn|39
|
|t:|1615587009
|move|p2a: Wahou !|Calm Mind|p2a: Wahou !
|-boost|p2a: Wahou !|spa|1
|-boost|p2a: Wahou !|spd|1
|move|p1a: With These Eyes|Sludge Bomb|p2a: Wahou !
|-end|p2a: Wahou !|Substitute
|
|-heal|p2a: Wahou !|36/100|[from] item: Leftovers
|upkeep
|turn|40
|c|☆Zephyyyr|Ah bah j ai L
|l| Pheooo
|
|t:|1615587019
|move|p2a: Wahou !|Substitute|p2a: Wahou !
|-start|p2a: Wahou !|Substitute
|-damage|p2a: Wahou !|11/100
|move|p1a: With These Eyes|Sludge Bomb|p2a: Wahou !
|-activate|p2a: Wahou !|move: Substitute|[damage]
|
|-heal|p2a: Wahou !|17/100|[from] item: Leftovers
|upkeep
|turn|41
|c| Aegide|;_;
|l| laevin ㋛
|j| Wnn
|
|t:|1615587025
|move|p2a: Wahou !|Protect|p2a: Wahou !
|-singleturn|p2a: Wahou !|Protect
|move|p1a: With These Eyes|Sludge Bomb|p2a: Wahou !
|-activate|p2a: Wahou !|move: Protect
|
|-heal|p2a: Wahou !|23/100|[from] item: Leftovers
|upkeep
|turn|42
|l| Tuthur ㋛
|
|t:|1615587027
|move|p2a: Wahou !|Calm Mind|p2a: Wahou !
|-boost|p2a: Wahou !|spa|1
|-boost|p2a: Wahou !|spd|1
|move|p1a: With These Eyes|Sludge Bomb|p2a: Wahou !
|-activate|p2a: Wahou !|move: Substitute|[damage]
|
|-heal|p2a: Wahou !|29/100|[from] item: Leftovers
|upkeep
|turn|43
|
|t:|1615587032
|switch|p1a: Beautiful Ghost|Skarmory, F|88/100
|-damage|p1a: Beautiful Ghost|76/100|[from] Stealth Rock
|move|p2a: Wahou !|Scald|p1a: Beautiful Ghost
|-damage|p1a: Beautiful Ghost|0 fnt
|faint|p1a: Beautiful Ghost
|
|-heal|p2a: Wahou !|36/100|[from] item: Leftovers
|upkeep
|c| Carmin06|JE T'AI DIS USE TON TIMER TU GAGNES 3
|j| Ledragon94
|c| Carmin06|3-0
|j| ekoi
|j| KSt3ve
|c| Carmin06|ET TU RK CUNE AVEC GUSS ??
|inactive|Zephyyyr has 270 seconds left.
|c| Neco0s|Calme, carmin, c'est le j en face, il aurait quand même win.
|l| Ledragon94
|
|t:|1615587069
|switch|p1a: Awake|Alakazam, F, shiny|40/100
|turn|44
|c| Carmin06|faut me dire comment neecringe..
|
|t:|1615587074
|move|p1a: Awake|Psychic|p2a: Wahou !
|-activate|p2a: Wahou !|move: Substitute|[damage]
|move|p2a: Wahou !|Scald|p1a: Awake
|-damage|p1a: Awake|0 fnt
|faint|p1a: Awake
|
|-heal|p2a: Wahou !|42/100|[from] item: Leftovers
|upkeep
|c|☆SanJl|gg
|l| AntaresLeNoo3
|inactive|Zephyyyr has 270 seconds left.
|c|☆Zephyyyr|Oui j ai R a dire pour ma defense j ai Throw A to Z
|c| Neco0s|En intimidant son oppo.
|c|☆Zephyyyr|Gg
|-message|Zephyyyr forfeited.
|
|win|SanJl
|l| Mindnight
|l|☆Zephyyyr
|c|☆SanJl|go la team
|l| basaninho
|l| Sharow
|l| Maxomega
|l| BabaBibou
|l| jaytop31
|l| Masskeauuu
|l| Axior
|l| Steveninho
|l| Gelbel3c
|l| MS3D
|l| FyroxZ
|l| TT goodra1
|l| Cherbou
|l| Eccalliti
|l| Dieu Amphibien
|l|+Pujo ⌐◼_◼
|l| Stillau
|l| GeneralKrakoukass
|l| Guez91
|l|☆SanJl
|l| Starfire06
|j| vico25
|l| RUZ9 XEU
|l| Skyrio
|l| L'Elfe cosmique
|l| Indercover
|l| princesse etoile
|l| Raph369
|l| Neco0s
|l| casualausac
|l| Arakd’eau ㋛
|l| vico25
|l| Otark
|l| Aegide
|j| MS3D
|l| ramure
