|j|☆Puchepro
|j|☆luc ario power
|t:|1645759331
|gametype|singles
|player|p1|Puchepro|dawn|1374
|player|p2|luc ario power|birdkeeper-gen4dp|1512
|teamsize|p1|6
|teamsize|p2|6
|gen|8
|tier|[Gen 8] UU
|rated|
|rule|Sleep Clause Mod: Limit one foe put to sleep
|rule|Species Clause: Limit one of each Pokémon
|rule|OHKO Clause: OHKO moves are banned
|rule|Evasion Moves Clause: Evasion moves are banned
|rule|Endless Battle Clause: Forcing endless battles is banned
|rule|HP Percentage Mod: HP is shown in percentages
|rule|Dynamax Clause: You cannot dynamax
|clearpoke
|poke|p1|Politoed, F|
|poke|p1|Ludicolo, M|
|poke|p1|Seismitoad, M|
|poke|p1|Torkoal, M|
|poke|p1|Venusaur, F|
|poke|p1|Darmanitan, M|
|poke|p2|Aegislash, F|
|poke|p2|Volcanion|
|poke|p2|Azumarill, M|
|poke|p2|Mandibuzz, F|
|poke|p2|Raikou|
|poke|p2|Mamoswine, F|
|teampreview
|inactive|Battle timer is ON: inactive players will automatically lose when time's up. (requested by Puchepro)
|c|☆luc ario power|huh rain and sun
|inactive|luc ario power has 120 seconds left.
|
|t:|1645759369
|start
|switch|p1a: Darmanitan|Darmanitan, M|100/100
|switch|p2a: huh|Raikou|100/100
|turn|1
|
|t:|1645759388
|switch|p2a: berb|Mandibuzz, F|100/100
|move|p1a: Darmanitan|Flare Blitz|p2a: berb
|-damage|p2a: berb|52/100
|-damage|p1a: Darmanitan|81/100|[from] Recoil
|
|-heal|p2a: berb|58/100|[from] item: Leftovers
|upkeep
|turn|2
|
|t:|1645759400
|switch|p1a: Torkoal|Torkoal, M|100/100
|-weather|SunnyDay|[from] ability: Drought|[of] p1a: Torkoal
|move|p2a: berb|Roost|p2a: berb
|-heal|p2a: berb|100/100
|-singleturn|p2a: berb|move: Roost
|
|-weather|SunnyDay|[upkeep]
|upkeep
|turn|3
|
|t:|1645759414
|move|p2a: berb|U-turn|p1a: Torkoal
|-resisted|p1a: Torkoal
|-damage|p1a: Torkoal|96/100
|
|t:|1645759416
|switch|p2a: dabeers|Volcanion|100/100|[from]move: U-turn
|move|p1a: Torkoal|Stealth Rock|p2a: dabeers
|-sidestart|p2: luc ario power|move: Stealth Rock
|
|-weather|SunnyDay|[upkeep]
|upkeep
|turn|4
|
|t:|1645759439
|move|p2a: dabeers|Flamethrower|p1a: Torkoal
|-resisted|p1a: Torkoal
|-damage|p1a: Torkoal|60/100
|move|p1a: Torkoal|Yawn|p2a: dabeers
|-start|p2a: dabeers|move: Yawn|[of] p1a: Torkoal
|
|-weather|SunnyDay|[upkeep]
|upkeep
|turn|5
|
|t:|1645759455
|switch|p1a: Darmanitan|Darmanitan, M|81/100
|move|p2a: dabeers|Defog|p1a: Darmanitan
|-unboost|p1a: Darmanitan|evasion|1
|-sideend|p2: luc ario power|Stealth Rock|[from] move: Defog|[of] p2a: dabeers
|
|-weather|SunnyDay|[upkeep]
|-end|p2a: dabeers|move: Yawn|[silent]
|-status|p2a: dabeers|slp
|upkeep
|turn|6
|
|t:|1645759465
|switch|p2a: berb|Mandibuzz, F|100/100
|move|p1a: Darmanitan|U-turn|p2a: berb
|-damage|p2a: berb|86/100
|
|t:|1645759471
|switch|p1a: Politoed|Politoed, F, shiny|100/100|[from]move: U-turn
|-weather|RainDance|[from] ability: Drizzle|[of] p1a: Politoed
|
|-weather|RainDance|[upkeep]
|-heal|p2a: berb|92/100|[from] item: Leftovers
|upkeep
|turn|7
|
|t:|1645759478
|switch|p2a: dabeers|Volcanion|100/100 slp
|move|p1a: Politoed|Ice Beam|p2a: dabeers
|-resisted|p2a: dabeers
|-damage|p2a: dabeers|95/100 slp
|
|-weather|RainDance|[upkeep]
|upkeep
|turn|8
|
|t:|1645759487
|switch|p1a: Seismitoad|Seismitoad, M, shiny|100/100
|cant|p2a: dabeers|slp
|
|-weather|RainDance|[upkeep]
|upkeep
|turn|9
|
|t:|1645759502
|switch|p2a: strong as buzz|Azumarill, M|100/100
|move|p1a: Seismitoad|Ice Punch|p2a: strong as buzz
|-resisted|p2a: strong as buzz
|-crit|p2a: strong as buzz
|-damage|p2a: strong as buzz|79/100
|-damage|p1a: Seismitoad|91/100|[from] item: Life Orb
|
|-weather|RainDance|[upkeep]
|upkeep
|turn|10
|
|t:|1645759513
|move|p1a: Seismitoad|Earthquake|p2a: strong as buzz
|-damage|p2a: strong as buzz|22/100
|-damage|p1a: Seismitoad|81/100|[from] item: Life Orb
|move|p2a: strong as buzz|Play Rough|p1a: Seismitoad
|-damage|p1a: Seismitoad|5/100
|
|-weather|RainDance|[upkeep]
|upkeep
|turn|11
|
|t:|1645759517
|move|p2a: strong as buzz|Aqua Jet|p1a: Seismitoad
|-damage|p1a: Seismitoad|0 fnt
|faint|p1a: Seismitoad
|
|-weather|RainDance|[upkeep]
|upkeep
|
|t:|1645759521
|switch|p1a: Ludicolo|Ludicolo, M|100/100
|turn|12
|
|t:|1645759534
|switch|p2a: dabeers|Volcanion|95/100 slp
|move|p1a: Ludicolo|Energy Ball|p2a: dabeers
|-damage|p2a: dabeers|43/100 slp
|-damage|p1a: Ludicolo|91/100|[from] item: Life Orb
|
|-weather|RainDance|[upkeep]
|upkeep
|turn|13
|
|t:|1645759544
|switch|p2a: berb|Mandibuzz, F|92/100
|move|p1a: Ludicolo|Energy Ball|p2a: berb
|-resisted|p2a: berb
|-damage|p2a: berb|70/100
|-damage|p1a: Ludicolo|81/100|[from] item: Life Orb
|
|-weather|none
|-heal|p2a: berb|76/100|[from] item: Leftovers
|upkeep
|turn|14
|
|t:|1645759550
|move|p1a: Ludicolo|Ice Beam|p2a: berb
|-supereffective|p2a: berb
|-damage|p2a: berb|19/100
|-damage|p1a: Ludicolo|71/100|[from] item: Life Orb
|move|p2a: berb|Roost|p2a: berb
|-heal|p2a: berb|69/100
|-singleturn|p2a: berb|move: Roost
|
|-heal|p2a: berb|75/100|[from] item: Leftovers
|upkeep
|turn|15
|
|t:|1645759562
|switch|p2a: dabeers|Volcanion|43/100 slp
|move|p1a: Ludicolo|Ice Beam|p2a: dabeers
|-resisted|p2a: dabeers
|-damage|p2a: dabeers|34/100 slp
|-damage|p1a: Ludicolo|61/100|[from] item: Life Orb
|
|upkeep
|turn|16
|
|t:|1645759584
|switch|p2a: berb|Mandibuzz, F|75/100
|move|p1a: Ludicolo|Energy Ball|p2a: berb
|-resisted|p2a: berb
|-crit|p2a: berb
|-damage|p2a: berb|43/100
|-damage|p1a: Ludicolo|51/100|[from] item: Life Orb
|
|-heal|p2a: berb|49/100|[from] item: Leftovers
|upkeep
|turn|17
|
|t:|1645759603
|move|p1a: Ludicolo|Ice Beam|p2a: berb
|-supereffective|p2a: berb
|-damage|p2a: berb|0 fnt
|faint|p2a: berb
|-damage|p1a: Ludicolo|41/100|[from] item: Life Orb
|
|upkeep
|
|t:|1645759612
|switch|p2a: huh|Raikou|100/100
|turn|18
|
|t:|1645759618
|switch|p1a: Torkoal|Torkoal, M|60/100
|-weather|SunnyDay|[from] ability: Drought|[of] p1a: Torkoal
|move|p2a: huh|Volt Switch|p1a: Torkoal
|-damage|p1a: Torkoal|32/100
|
|t:|1645759630
|switch|p2a: dabeers|Volcanion|34/100 slp|[from]move: Volt Switch
|
|-weather|SunnyDay|[upkeep]
|upkeep
|turn|19
|
|t:|1645759639
|switch|p1a: Venusaur|Venusaur, F|100/100
|-curestatus|p2a: dabeers|slp|[msg]
|move|p2a: dabeers|Steam Eruption|p1a: Venusaur
|-resisted|p1a: Venusaur
|-damage|p1a: Venusaur|82/100
|-status|p1a: Venusaur|brn
|
|-weather|SunnyDay|[upkeep]
|-damage|p1a: Venusaur|76/100 brn|[from] brn
|upkeep
|turn|20
|
|t:|1645759663
|switch|p2a: strong as buzz|Azumarill, M|22/100
|move|p1a: Venusaur|Giga Drain|p2a: strong as buzz
|-supereffective|p2a: strong as buzz
|-damage|p2a: strong as buzz|0 fnt
|-heal|p1a: Venusaur|91/100 brn|[from] drain|[of] p2a: strong as buzz
|faint|p2a: strong as buzz
|-damage|p1a: Venusaur|81/100 brn|[from] item: Life Orb
|
|-weather|SunnyDay|[upkeep]
|-damage|p1a: Venusaur|75/100 brn|[from] brn
|upkeep
|inactive|luc ario power has 120 seconds left.
|
|t:|1645759680
|switch|p2a: reee|Mamoswine, F|100/100
|turn|21
|
|t:|1645759687
|move|p1a: Venusaur|Weather Ball|p2a: reee
|-supereffective|p2a: reee
|-enditem|p2a: reee|Focus Sash
|-damage|p2a: reee|1/100
|-damage|p1a: Venusaur|65/100 brn|[from] item: Life Orb
|move|p2a: reee|Icicle Crash|p1a: Venusaur
|-supereffective|p1a: Venusaur
|-damage|p1a: Venusaur|0 fnt
|faint|p1a: Venusaur
|
|-weather|SunnyDay|[upkeep]
|upkeep
|
|t:|1645759696
|switch|p1a: Darmanitan|Darmanitan, M|81/100
|turn|22
|inactive|luc ario power has 120 seconds left.
|
|t:|1645759722
|switch|p2a: dabeers|Volcanion|34/100
|move|p1a: Darmanitan|U-turn|p2a: dabeers
|-resisted|p2a: dabeers
|-damage|p2a: dabeers|23/100
|
|t:|1645759734
|switch|p1a: Politoed|Politoed, F, shiny|100/100|[from]move: U-turn
|-weather|RainDance|[from] ability: Drizzle|[of] p1a: Politoed
|
|-weather|RainDance|[upkeep]
|upkeep
|turn|23
|j| It's Paper
|
|t:|1645759743
|move|p1a: Politoed|Toxic|p2a: dabeers
|-status|p2a: dabeers|tox
|move|p2a: dabeers|Steam Eruption|p1a: Politoed
|-resisted|p1a: Politoed
|-damage|p1a: Politoed|57/100
|
|-weather|RainDance|[upkeep]
|-damage|p2a: dabeers|17/100 tox|[from] psn
|upkeep
|turn|24
|
|t:|1645759753
|move|p2a: dabeers|Steam Eruption|p1a: Politoed
|-resisted|p1a: Politoed
|-damage|p1a: Politoed|20/100
|move|p1a: Politoed|Ice Beam|p2a: dabeers
|-resisted|p2a: dabeers
|-damage|p2a: dabeers|11/100 tox
|
|-weather|RainDance|[upkeep]
|-damage|p2a: dabeers|0 fnt|[from] psn
|faint|p2a: dabeers
|upkeep
|c|☆Puchepro|Bro
|inactive|luc ario power has 120 seconds left.
|c|☆Puchepro|play
|
|t:|1645759775
|switch|p2a: huh|Raikou|100/100
|turn|25
|
|t:|1645759784
|move|p2a: huh|Thunderbolt|p1a: Politoed
|-supereffective|p1a: Politoed
|-damage|p1a: Politoed|0 fnt
|faint|p1a: Politoed
|
|-weather|RainDance|[upkeep]
|upkeep
|
|t:|1645759786
|switch|p1a: Ludicolo|Ludicolo, M|41/100
|turn|26
|
|t:|1645759789
|move|p1a: Ludicolo|Weather Ball|p2a: huh
|-damage|p2a: huh|37/100
|-damage|p1a: Ludicolo|31/100|[from] item: Life Orb
|move|p2a: huh|Thunderbolt|p1a: Ludicolo
|-damage|p1a: Ludicolo|0 fnt
|faint|p1a: Ludicolo
|
|-weather|RainDance|[upkeep]
|upkeep
|
|t:|1645759793
|switch|p1a: Torkoal|Torkoal, M|32/100
|-weather|SunnyDay|[from] ability: Drought|[of] p1a: Torkoal
|turn|27
|
|t:|1645759808
|move|p2a: huh|Thunderbolt|p1a: Torkoal
|-damage|p1a: Torkoal|0 fnt
|faint|p1a: Torkoal
|
|-weather|SunnyDay|[upkeep]
|upkeep
|
|t:|1645759810
|switch|p1a: Darmanitan|Darmanitan, M|81/100
|turn|28
|
|t:|1645759820
|move|p2a: huh|Extreme Speed|p1a: Darmanitan
|-damage|p1a: Darmanitan|60/100
|move|p1a: Darmanitan|Flare Blitz|p2a: huh
|-damage|p2a: huh|0 fnt
|faint|p2a: huh
|-damage|p1a: Darmanitan|49/100|[from] Recoil
|
|-weather|SunnyDay|[upkeep]
|upkeep
|
|t:|1645759836
|switch|p2a: eye of rhajat|Aegislash, F|100/100
|turn|29
|
|t:|1645759838
|move|p2a: eye of rhajat|King's Shield|p2a: eye of rhajat
|-singleturn|p2a: eye of rhajat|Protect
|move|p1a: Darmanitan|Flare Blitz|p2a: eye of rhajat
|-activate|p2a: eye of rhajat|move: Protect
|-unboost|p1a: Darmanitan|atk|1
|
|-weather|SunnyDay|[upkeep]
|upkeep
|turn|30
|
|t:|1645759849
|switch|p2a: reee|Mamoswine, F|1/100
|move|p1a: Darmanitan|Flare Blitz|p2a: reee
|-supereffective|p2a: reee
|-damage|p2a: reee|0 fnt
|faint|p2a: reee
|-damage|p1a: Darmanitan|49/100|[from] Recoil
|
|-weather|SunnyDay|[upkeep]
|upkeep
|j| hypno#1
|l| hypno#1
|
|t:|1645759857
|switch|p2a: eye of rhajat|Aegislash, F|100/100
|turn|31
|c|☆luc ario power|gg
|
|t:|1645759861
|move|p2a: eye of rhajat|King's Shield|p2a: eye of rhajat
|-singleturn|p2a: eye of rhajat|Protect
|move|p1a: Darmanitan|Flare Blitz|p2a: eye of rhajat
|-activate|p2a: eye of rhajat|move: Protect
|-unboost|p1a: Darmanitan|atk|1
|
|-weather|SunnyDay|[upkeep]
|upkeep
|turn|32
|
|t:|1645759868
|move|p1a: Darmanitan|Flare Blitz|p2a: eye of rhajat
|-supereffective|p2a: eye of rhajat
|-damage|p2a: eye of rhajat|0 fnt
|faint|p2a: eye of rhajat
|-damage|p1a: Darmanitan|20/100|[from] Recoil
|
|win|Puchepro
|raw|Puchepro's rating: 1374 &rarr; <strong>1402</strong><br />(+28 for winning)
|raw|luc ario power's rating: 1512 &rarr; <strong>1484</strong><br />(-28 for losing)
|c|☆Puchepro|Gg
||Ladder isn't responding, score probably updated but might not have (Request timeout).
