|raw|<div class="broadcast-blue"><strong>This battle is required to be public due to a player having a name starting with 'uult84z'.</div>
|j|☆uult84z Bushtush
|j|☆le_patrooon
|t:|1623345655
|gametype|singles
|player|p1|uult84z Bushtush|2|1425
|player|p2|le_patrooon|lucas|1446
|teamsize|p1|6
|teamsize|p2|6
|gen|8
|tier|[Gen 8] UU
|rated|
|rule|Sleep Clause Mod: Limit one foe put to sleep
|rule|Species Clause: Limit one of each Pokémon
|rule|OHKO Clause: OHKO moves are banned
|rule|Evasion Moves Clause: Evasion moves are banned
|rule|Endless Battle Clause: Forcing endless battles is banned
|rule|HP Percentage Mod: HP is shown in percentages
|rule|Dynamax Clause: You cannot dynamax
|clearpoke
|poke|p1|Ribombee, F|
|poke|p1|Necrozma|
|poke|p1|Obstagoon, M|
|poke|p1|Azumarill, M|
|poke|p1|Thundurus-Therian, M|
|poke|p1|Aegislash, F|
|poke|p2|Weezing-Galar, M|
|poke|p2|Zygarde-10%|
|poke|p2|Registeel|
|poke|p2|Suicune|
|poke|p2|Celebi|
|poke|p2|Gyarados, M|
|teampreview
|
|t:|1623345673
|start
|switch|p1a: Ribombee|Ribombee, F|100/100
|switch|p2a: Registeel|Registeel|100/100
|turn|1
|
|t:|1623345682
|move|p1a: Ribombee|Sticky Web|p2a: Registeel
|-sidestart|p2: le_patrooon|move: Sticky Web
|move|p2a: Registeel|Stealth Rock|p1a: Ribombee
|-sidestart|p1: uult84z Bushtush|move: Stealth Rock
|
|upkeep
|turn|2
|
|t:|1623345687
|move|p1a: Ribombee|Stun Spore|p2a: Registeel
|-status|p2a: Registeel|par
|move|p2a: Registeel|Toxic|p1a: Ribombee
|-status|p1a: Ribombee|tox
|
|-damage|p1a: Ribombee|94/100 tox|[from] psn
|upkeep
|turn|3
|
|t:|1623345704
|switch|p1a: Necrozma|Necrozma|100/100
|-damage|p1a: Necrozma|88/100|[from] Stealth Rock
|switch|p2a: Weezing|Weezing-Galar, M|100/100
|
|upkeep
|turn|4
|inactive|Battle timer is ON: inactive players will automatically lose when time's up. (requested by uult84z Bushtush)
|
|t:|1623345725
|move|p1a: Necrozma|Meteor Beam||[still]
|-prepare|p1a: Necrozma|Meteor Beam
|-boost|p1a: Necrozma|spa|1
|-enditem|p1a: Necrozma|Power Herb
|-anim|p1a: Necrozma|Meteor Beam|p2a: Weezing|[miss]
|-miss|p1a: Necrozma|p2a: Weezing
|move|p2a: Weezing|Toxic Spikes|p1a: Necrozma
|-sidestart|p1: uult84z Bushtush|move: Toxic Spikes
|
|upkeep
|turn|5
|
|t:|1623345736
|switch|p2a: Celebi|Celebi|100/100
|-activate|p2a: Celebi|move: Sticky Web
|-unboost|p2a: Celebi|spe|1
|move|p1a: Necrozma|Photon Geyser|p2a: Celebi
|-resisted|p2a: Celebi
|-damage|p2a: Celebi|71/100
|
|-heal|p2a: Celebi|77/100|[from] item: Leftovers
|upkeep
|turn|6
|
|t:|1623345747
|move|p1a: Necrozma|Heat Wave|p2a: Celebi|[miss]
|-miss|p1a: Necrozma|p2a: Celebi
|move|p2a: Celebi|Nasty Plot|p2a: Celebi
|-boost|p2a: Celebi|spa|2
|
|-heal|p2a: Celebi|83/100|[from] item: Leftovers
|upkeep
|turn|7
|
|t:|1623345755
|move|p1a: Necrozma|Heat Wave|p2a: Celebi
|-supereffective|p2a: Celebi
|-damage|p2a: Celebi|8/100
|move|p2a: Celebi|Energy Ball|p1a: Necrozma
|-damage|p1a: Necrozma|21/100
|
|-heal|p2a: Celebi|14/100|[from] item: Leftovers
|upkeep
|turn|8
|
|t:|1623345763
|move|p1a: Necrozma|Photon Geyser|p2a: Celebi
|-resisted|p2a: Celebi
|-damage|p2a: Celebi|0 fnt
|faint|p2a: Celebi
|
|upkeep
|
|t:|1623345772
|switch|p2a: Zygarde|Zygarde-10%|100/100
|-activate|p2a: Zygarde|move: Sticky Web
|-unboost|p2a: Zygarde|spe|1
|-ability|p2a: Zygarde|Aura Break
|turn|9
|
|t:|1623345779
|move|p2a: Zygarde|Extreme Speed|p1a: Necrozma
|-damage|p1a: Necrozma|0 fnt
|faint|p1a: Necrozma
|
|upkeep
|
|t:|1623345782
|switch|p1a: Aegislash|Aegislash, F|100/100
|-damage|p1a: Aegislash|94/100|[from] Stealth Rock
|turn|10
|
|t:|1623345792
|switch|p2a: Weezing|Weezing-Galar, M|100/100
|move|p1a: Aegislash|Swords Dance|p1a: Aegislash
|-boost|p1a: Aegislash|atk|2
|
|upkeep
|turn|11
|
|t:|1623345798
|-formechange|p1a: Aegislash|Aegislash-Blade||[from] ability: Stance Change
|move|p1a: Aegislash|Iron Head|p2a: Weezing
|-supereffective|p2a: Weezing
|-damage|p2a: Weezing|0 fnt
|-damage|p1a: Aegislash|78/100|[from] item: Rocky Helmet|[of] p2a: Weezing
|faint|p2a: Weezing
|-damage|p1a: Aegislash|68/100|[from] item: Life Orb
|
|upkeep
|
|t:|1623345811
|switch|p2a: Suicune|Suicune|100/100
|-activate|p2a: Suicune|move: Sticky Web
|-unboost|p2a: Suicune|spe|1
|-ability|p2a: Suicune|Pressure
|turn|12
|
|t:|1623345821
|move|p1a: Aegislash|Close Combat|p2a: Suicune
|-damage|p2a: Suicune|27/100
|-unboost|p1a: Aegislash|def|1
|-unboost|p1a: Aegislash|spd|1
|-damage|p1a: Aegislash|58/100|[from] item: Life Orb
|move|p2a: Suicune|Scald|p1a: Aegislash
|-damage|p1a: Aegislash|0 fnt
|faint|p1a: Aegislash
|
|-heal|p2a: Suicune|34/100|[from] item: Leftovers
|upkeep
|
|t:|1623345832
|switch|p1a: Obstagoon|Obstagoon, M|100/100
|-status|p1a: Obstagoon|psn
|-damage|p1a: Obstagoon|88/100 psn|[from] Stealth Rock
|turn|13
|
|t:|1623345842
|move|p1a: Obstagoon|Facade|p2a: Suicune
|-damage|p2a: Suicune|0 fnt
|faint|p2a: Suicune
|
|-damage|p1a: Obstagoon|76/100 psn|[from] psn
|upkeep
|
|t:|1623345851
|switch|p2a: Registeel|Registeel|100/100 par
|-activate|p2a: Registeel|move: Sticky Web
|-fail|p2a: Registeel|unboost|[from] ability: Clear Body|[of] p2a: Registeel
|turn|14
|
|t:|1623345881
|cant|p2a: Registeel|par
|move|p1a: Obstagoon|Close Combat|p2a: Registeel
|-supereffective|p2a: Registeel
|-damage|p2a: Registeel|50/100 par
|-unboost|p1a: Obstagoon|def|1
|-unboost|p1a: Obstagoon|spd|1
|
|-heal|p2a: Registeel|57/100 par|[from] item: Leftovers
|-damage|p1a: Obstagoon|64/100 psn|[from] psn
|upkeep
|turn|15
|
|t:|1623345892
|move|p2a: Registeel|Protect|p2a: Registeel
|-singleturn|p2a: Registeel|Protect
|move|p1a: Obstagoon|Close Combat|p2a: Registeel
|-activate|p2a: Registeel|move: Protect
|
|-heal|p2a: Registeel|63/100 par|[from] item: Leftovers
|-damage|p1a: Obstagoon|52/100 psn|[from] psn
|upkeep
|turn|16
|inactive|uult84z Bushtush has 120 seconds left.
|inactive|uult84z Bushtush has 90 seconds left.
|
|t:|1623345952
|move|p1a: Obstagoon|Close Combat|p2a: Registeel
|-supereffective|p2a: Registeel
|-damage|p2a: Registeel|9/100 par
|-unboost|p1a: Obstagoon|def|1
|-unboost|p1a: Obstagoon|spd|1
|move|p2a: Registeel|Seismic Toss|p1a: Obstagoon
|-damage|p1a: Obstagoon|21/100 psn
|
|-heal|p2a: Registeel|15/100 par|[from] item: Leftovers
|-damage|p1a: Obstagoon|9/100 psn|[from] psn
|upkeep
|turn|17
|
|t:|1623345965
|move|p2a: Registeel|Protect|p2a: Registeel
|-singleturn|p2a: Registeel|Protect
|move|p1a: Obstagoon|Knock Off|p2a: Registeel
|-activate|p2a: Registeel|move: Protect
|
|-heal|p2a: Registeel|21/100 par|[from] item: Leftovers
|-damage|p1a: Obstagoon|0 fnt|[from] psn
|faint|p1a: Obstagoon
|upkeep
|
|t:|1623345969
|switch|p1a: Thundurus|Thundurus-Therian, M|100/100
|turn|18
|
|t:|1623345981
|move|p1a: Thundurus|Thunderbolt|p2a: Registeel
|-damage|p2a: Registeel|0 fnt
|faint|p2a: Registeel
|
|upkeep
|
|t:|1623345988
|switch|p2a: Zygarde|Zygarde-10%|100/100
|-activate|p2a: Zygarde|move: Sticky Web
|-unboost|p2a: Zygarde|spe|1
|-ability|p2a: Zygarde|Aura Break
|turn|19
|inactive|uult84z Bushtush has 120 seconds left.
|inactive|uult84z Bushtush has 90 seconds left.
|inactive|uult84z Bushtush has 60 seconds left.
|
|t:|1623346054
|switch|p1a: Ribombee|Ribombee, F|94/100 tox
|-damage|p1a: Ribombee|69/100 tox|[from] Stealth Rock
|move|p2a: Zygarde|Thousand Arrows|p1a: Ribombee
|-resisted|p1a: Ribombee
|-damage|p1a: Ribombee|16/100 tox
|
|-damage|p1a: Ribombee|10/100 tox|[from] psn
|upkeep
|turn|20
|
|t:|1623346066
|switch|p2a: Gyarados|Gyarados, M|100/100
|move|p1a: Ribombee|Moonblast|p2a: Gyarados
|-damage|p2a: Gyarados|59/100
|
|-damage|p1a: Ribombee|0 fnt|[from] psn
|faint|p1a: Ribombee
|upkeep
|
|t:|1623346078
|switch|p1a: Thundurus|Thundurus-Therian, M|100/100
|turn|21
|
|t:|1623346087
|move|p1a: Thundurus|Thunderbolt|p2a: Gyarados
|-supereffective|p2a: Gyarados
|-damage|p2a: Gyarados|0 fnt
|faint|p2a: Gyarados
|
|upkeep
|
|t:|1623346092
|switch|p2a: Zygarde|Zygarde-10%|100/100
|-activate|p2a: Zygarde|move: Sticky Web
|-unboost|p2a: Zygarde|spe|1
|-ability|p2a: Zygarde|Aura Break
|turn|22
|
|t:|1623346101
|move|p1a: Thundurus|Psychic|p2a: Zygarde
|-damage|p2a: Zygarde|43/100
|move|p2a: Zygarde|Thousand Arrows|p1a: Thundurus
|-damage|p1a: Thundurus|9/100
|-start|p1a: Thundurus|Smack Down
|
|upkeep
|turn|23
|
|t:|1623346109
|move|p1a: Thundurus|Psychic|p2a: Zygarde
|-damage|p2a: Zygarde|0 fnt
|faint|p2a: Zygarde
|
|win|uult84z Bushtush
|raw|uult84z Bushtush's rating: 1425 &rarr; <strong>1446</strong><br />(+21 for winning)
|raw|le_patrooon's rating: 1446 &rarr; <strong>1425</strong><br />(-21 for losing)
|l|☆uult84z Bushtush
|c|☆le_patrooon|gg
|l|☆le_patrooon
||Ladder isn't responding, score probably updated but might not have (Request timeout).
