|j|☆ditto nyc
|j|☆UU7L Adrift
|t:|1600921090
|player|p1|ditto nyc|hilbert|1473
|player|p2|UU7L Adrift|psychic-gen3|1534
|teamsize|p1|6
|teamsize|p2|6
|gametype|singles
|gen|8
|tier|[Gen 8] UU
|rated|
|html|<div class="broadcast-blue"><strong>UU is currently suspecting Lycanroc-Dusk! For information on how to participate check out the <a href="https://www.smogon.com/forums/threads/3670407/">suspect thread</a>.</strong></div>
|clearpoke
|poke|p1|Cobalion|
|poke|p1|Marowak-Alola, M|
|poke|p1|Noivern, F|
|poke|p1|Slowbro, F|
|poke|p1|Kingdra, M|
|poke|p1|Gardevoir, F|
|poke|p2|Slowbro, M|
|poke|p2|Cobalion|
|poke|p2|Incineroar, M|
|poke|p2|Sylveon, F|
|poke|p2|Roserade, F|
|poke|p2|Noivern, M|
|rule|Sleep Clause Mod: Limit one foe put to sleep
|rule|Species Clause: Limit one of each Pokémon
|rule|OHKO Clause: OHKO moves are banned
|rule|Evasion Moves Clause: Evasion moves are banned
|rule|Endless Battle Clause: Forcing endless battles is banned
|rule|HP Percentage Mod: HP is shown in percentages
|rule|Dynamax Clause: You cannot dynamax
|teampreview
|c|☆ditto nyc|hf
|c|☆UU7L Adrift|You two
|
|t:|1600921121
|start
|switch|p1a: Cobalion|Cobalion|100/100
|switch|p2a: Cobalion|Cobalion|100/100
|turn|1
|inactive|Battle timer is ON: inactive players will automatically lose when time's up. (requested by UU7L Adrift)
|
|t:|1600921132
|move|p1a: Cobalion|Focus Blast|p2a: Cobalion
|-supereffective|p2a: Cobalion
|-enditem|p2a: Cobalion|Chople Berry|[eat]
|-enditem|p2a: Cobalion|Chople Berry|[weaken]
|-damage|p2a: Cobalion|28/100
|move|p2a: Cobalion|Stealth Rock|p1a: Cobalion
|-sidestart|p1: ditto nyc|move: Stealth Rock
|
|upkeep
|turn|2
|
|t:|1600921136
|switch|p2a: Slowbro|Slowbro, M|100/100
|move|p1a: Cobalion|Stealth Rock|p2a: Slowbro
|-sidestart|p2: UU7L Adrift|move: Stealth Rock
|
|upkeep
|turn|3
|
|t:|1600921140
|move|p1a: Cobalion|Flash Cannon|p2a: Slowbro
|-resisted|p2a: Slowbro
|-damage|p2a: Slowbro|86/100
|move|p2a: Slowbro|Teleport|p2a: Slowbro
|
|t:|1600921145
|switch|p2a: Noivern|Noivern, M|100/100|[from]move: Teleport
|
|upkeep
|turn|4
|
|t:|1600921149
|move|p2a: Noivern|Flamethrower|p1a: Cobalion
|-supereffective|p1a: Cobalion
|-damage|p1a: Cobalion|40/100
|move|p1a: Cobalion|Volt Switch|p2a: Noivern
|-damage|p2a: Noivern|78/100
|
|t:|1600921152
|switch|p1a: Gardevoir|Gardevoir, F|100/100|[from]move: Volt Switch
|-damage|p1a: Gardevoir|88/100|[from] Stealth Rock
|-ability|p1a: Gardevoir|Infiltrator|[from] ability: Trace|[of] p2a: Noivern
|
|upkeep
|turn|5
|
|t:|1600921159
|switch|p2a: Incineroar|Incineroar, M|100/100
|-ability|p2a: Incineroar|Intimidate|boost
|-unboost|p1a: Gardevoir|atk|1
|move|p1a: Gardevoir|Psyshock|p2a: Incineroar
|-immune|p2a: Incineroar
|
|upkeep
|turn|6
|
|t:|1600921169
|switch|p1a: Cobalion|Cobalion|40/100
|-damage|p1a: Cobalion|37/100|[from] Stealth Rock
|move|p2a: Incineroar|Parting Shot|p1a: Cobalion
|-unboost|p1a: Cobalion|atk|1
|-unboost|p1a: Cobalion|spa|1
|
|t:|1600921175
|switch|p2a: Slowbro|Slowbro, M|100/100|[from]move: Parting Shot
|
|upkeep
|turn|7
|
|t:|1600921179
|move|p1a: Cobalion|Volt Switch|p2a: Slowbro
|-supereffective|p2a: Slowbro
|-damage|p2a: Slowbro|75/100
|
|t:|1600921181
|switch|p1a: Gardevoir|Gardevoir, F|88/100|[from]move: Volt Switch
|-damage|p1a: Gardevoir|76/100|[from] Stealth Rock
|-ability|p1a: Gardevoir|Regenerator|[from] ability: Trace|[of] p2a: Slowbro
|move|p2a: Slowbro|Future Sight|p1a: Gardevoir
|-start|p2a: Slowbro|move: Future Sight
|
|upkeep
|turn|8
|
|t:|1600921188
|switch|p2a: Roserade|Roserade, F|100/100
|-damage|p2a: Roserade|88/100|[from] Stealth Rock
|move|p1a: Gardevoir|Moonblast|p2a: Roserade
|-resisted|p2a: Roserade
|-damage|p2a: Roserade|40/100
|
|-heal|p2a: Roserade|46/100|[from] item: Black Sludge
|upkeep
|turn|9
|
|t:|1600921197
|switch|p1a: Cobalion|Cobalion|37/100
|-damage|p1a: Cobalion|34/100|[from] Stealth Rock
|move|p2a: Roserade|Synthesis|p2a: Roserade
|-heal|p2a: Roserade|96/100
|
|-end|p1a: Cobalion|move: Future Sight
|-damage|p1a: Cobalion|0 fnt
|-heal|p2a: Roserade|100/100|[from] item: Black Sludge
|faint|p1a: Cobalion
|upkeep
|
|t:|1600921203
|switch|p1a: Noivern|Noivern, F|100/100
|turn|10
|
|t:|1600921208
|switch|p2a: Slowbro|Slowbro, M|100/100
|move|p1a: Noivern|Flamethrower|p2a: Slowbro
|-resisted|p2a: Slowbro
|-damage|p2a: Slowbro|88/100
|
|upkeep
|turn|11
|
|t:|1600921212
|move|p1a: Noivern|Flamethrower|p2a: Slowbro
|-resisted|p2a: Slowbro
|-damage|p2a: Slowbro|76/100
|move|p2a: Slowbro|Teleport|p2a: Slowbro
|
|t:|1600921215
|switch|p2a: Sylveon|Sylveon, F|100/100|[from]move: Teleport
|-damage|p2a: Sylveon|88/100|[from] Stealth Rock
|
|-heal|p2a: Sylveon|94/100|[from] item: Leftovers
|upkeep
|turn|12
|
|t:|1600921218
|switch|p1a: Slowbro|Slowbro, F|100/100
|move|p2a: Sylveon|Wish|p2a: Sylveon
|
|-heal|p2a: Sylveon|99/100|[from] item: Leftovers
|upkeep
|turn|13
|
|t:|1600921225
|switch|p2a: Slowbro|Slowbro, M|100/100
|move|p1a: Slowbro|Psyshock|p2a: Slowbro
|-resisted|p2a: Slowbro
|-damage|p2a: Slowbro|93/100
|
|-heal|p2a: Slowbro|100/100|[from] move: Wish|[wisher] Sylveon
|upkeep
|turn|14
|
|t:|1600921229
|move|p2a: Slowbro|Future Sight|p1a: Slowbro
|-start|p2a: Slowbro|move: Future Sight
|move|p1a: Slowbro|Thunder Wave|p2a: Slowbro|[miss]
|-miss|p1a: Slowbro|p2a: Slowbro
|
|upkeep
|turn|15
|
|t:|1600921233
|move|p1a: Slowbro|Thunder Wave|p2a: Slowbro
|-status|p2a: Slowbro|par
|cant|p2a: Slowbro|par
|
|upkeep
|turn|16
|
|t:|1600921238
|switch|p1a: Gardevoir|Gardevoir, F|100/100
|-damage|p1a: Gardevoir|88/100|[from] Stealth Rock
|-ability|p1a: Gardevoir|Regenerator|[from] ability: Trace|[of] p2a: Slowbro
|switch|p2a: Roserade|Roserade, F|100/100
|-damage|p2a: Roserade|88/100|[from] Stealth Rock
|
|-end|p1a: Gardevoir|move: Future Sight
|-resisted|p1a: Gardevoir
|-damage|p1a: Gardevoir|67/100
|-heal|p2a: Roserade|94/100|[from] item: Black Sludge
|upkeep
|turn|17
|
|t:|1600921244
|move|p2a: Roserade|Sludge Bomb|p1a: Gardevoir
|-supereffective|p1a: Gardevoir
|-damage|p1a: Gardevoir|0 fnt
|faint|p1a: Gardevoir
|
|-heal|p2a: Roserade|100/100|[from] item: Black Sludge
|upkeep
|
|t:|1600921245
|switch|p1a: Marowak|Marowak-Alola, M|100/100
|-damage|p1a: Marowak|76/100|[from] Stealth Rock
|turn|18
|
|t:|1600921251
|switch|p2a: Incineroar|Incineroar, M|100/100
|-ability|p2a: Incineroar|Intimidate|boost
|-unboost|p1a: Marowak|atk|1
|move|p1a: Marowak|Earthquake|p2a: Incineroar
|-supereffective|p2a: Incineroar
|-damage|p2a: Incineroar|37/100
|
|upkeep
|turn|19
|
|t:|1600921255
|move|p1a: Marowak|Earthquake|p2a: Incineroar
|-supereffective|p2a: Incineroar
|-damage|p2a: Incineroar|0 fnt
|faint|p2a: Incineroar
|
|upkeep
|
|t:|1600921260
|switch|p2a: Slowbro|Slowbro, M|100/100 par
|turn|20
|
|t:|1600921265
|move|p1a: Marowak|Poltergeist|p2a: Slowbro
|-activate|p2a: Slowbro|move: Poltergeist|Heavy-Duty Boots
|-supereffective|p2a: Slowbro
|-damage|p2a: Slowbro|23/100 par
|move|p2a: Slowbro|Scald|p1a: Marowak
|-supereffective|p1a: Marowak
|-damage|p1a: Marowak|0 fnt
|faint|p1a: Marowak
|
|upkeep
|j| yo ya perdi
|
|t:|1600921270
|switch|p1a: Kingdra|Kingdra, M|100/100
|-damage|p1a: Kingdra|88/100|[from] Stealth Rock
|turn|21
|l| yo ya perdi
|
|t:|1600921283
|switch|p2a: Sylveon|Sylveon, F|99/100
|-damage|p2a: Sylveon|88/100|[from] Stealth Rock
|move|p1a: Kingdra|Dragon Dance|p1a: Kingdra
|-boost|p1a: Kingdra|atk|1
|-boost|p1a: Kingdra|spe|1
|
|-heal|p1a: Kingdra|94/100|[from] item: Leftovers
|-heal|p2a: Sylveon|94/100|[from] item: Leftovers
|upkeep
|turn|22
|
|t:|1600921286
|move|p1a: Kingdra|Liquidation|p2a: Sylveon
|-damage|p2a: Sylveon|43/100
|-unboost|p2a: Sylveon|def|1
|move|p2a: Sylveon|Hyper Voice|p1a: Kingdra
|-supereffective|p1a: Kingdra
|-damage|p1a: Kingdra|4/100
|
|-heal|p1a: Kingdra|10/100|[from] item: Leftovers
|-heal|p2a: Sylveon|49/100|[from] item: Leftovers
|upkeep
|turn|23
|
|t:|1600921295
|switch|p2a: Slowbro|Slowbro, M|56/100 par
|move|p1a: Kingdra|Liquidation|p2a: Slowbro
|-resisted|p2a: Slowbro
|-damage|p2a: Slowbro|40/100 par
|
|-heal|p1a: Kingdra|16/100|[from] item: Leftovers
|upkeep
|turn|24
|
|t:|1600921303
|switch|p2a: Cobalion|Cobalion|28/100
|-damage|p2a: Cobalion|25/100|[from] Stealth Rock
|move|p1a: Kingdra|Dragon Dance|p1a: Kingdra
|-boost|p1a: Kingdra|atk|1
|-boost|p1a: Kingdra|spe|1
|
|-heal|p1a: Kingdra|22/100|[from] item: Leftovers
|upkeep
|turn|25
|
|t:|1600921310
|switch|p2a: Slowbro|Slowbro, M|73/100 par
|move|p1a: Kingdra|Liquidation|p2a: Slowbro
|-resisted|p2a: Slowbro
|-crit|p2a: Slowbro
|-damage|p2a: Slowbro|23/100 par
|
|-heal|p1a: Kingdra|28/100|[from] item: Leftovers
|upkeep
|turn|26
|
|t:|1600921317
|switch|p2a: Cobalion|Cobalion|25/100
|-damage|p2a: Cobalion|22/100|[from] Stealth Rock
|move|p1a: Kingdra|Liquidation|p2a: Cobalion
|-damage|p2a: Cobalion|0 fnt
|faint|p2a: Cobalion
|
|-heal|p1a: Kingdra|35/100|[from] item: Leftovers
|upkeep
|
|t:|1600921319
|switch|p2a: Slowbro|Slowbro, M|57/100 par
|turn|27
|
|t:|1600921323
|move|p1a: Kingdra|Substitute|p1a: Kingdra
|-start|p1a: Kingdra|Substitute
|-damage|p1a: Kingdra|10/100
|move|p2a: Slowbro|Future Sight|p1a: Kingdra
|-start|p2a: Slowbro|move: Future Sight
|
|-heal|p1a: Kingdra|16/100|[from] item: Leftovers
|upkeep
|turn|28
|
|t:|1600921327
|move|p1a: Kingdra|Liquidation|p2a: Slowbro
|-resisted|p2a: Slowbro
|-crit|p2a: Slowbro
|-damage|p2a: Slowbro|4/100 par
|move|p2a: Slowbro|Scald|p1a: Kingdra
|-resisted|p1a: Kingdra
|-activate|p1a: Kingdra|move: Substitute|[damage]
|
|-heal|p1a: Kingdra|22/100|[from] item: Leftovers
|upkeep
|turn|29
|
|t:|1600921335
|move|p1a: Kingdra|Liquidation|p2a: Slowbro
|-resisted|p2a: Slowbro
|-damage|p2a: Slowbro|0 fnt
|faint|p2a: Slowbro
|
|-end|p1a: Kingdra|move: Future Sight
|-end|p1a: Kingdra|Substitute
|-heal|p1a: Kingdra|28/100|[from] item: Leftovers
|upkeep
|
|t:|1600921338
|switch|p2a: Noivern|Noivern, M|78/100
|turn|30
|j| taymar keith
|inactive|ditto nyc has 120 seconds left.
|
|t:|1600921388
|switch|p1a: Slowbro|Slowbro, F|100/100
|move|p2a: Noivern|Draco Meteor|p1a: Slowbro|[miss]
|-miss|p2a: Noivern|p1a: Slowbro
|
|upkeep
|turn|31
|c|☆ditto nyc|fukkkk
|c|☆ditto nyc|could have stayed in type beat
|
|t:|1600921399
|switch|p2a: Roserade|Roserade, F|100/100
|-damage|p2a: Roserade|88/100|[from] Stealth Rock
|move|p1a: Slowbro|Psyshock|p2a: Roserade
|-supereffective|p2a: Roserade
|-damage|p2a: Roserade|0 fnt
|faint|p2a: Roserade
|
|upkeep
|
|t:|1600921402
|switch|p2a: Sylveon|Sylveon, F|49/100
|-damage|p2a: Sylveon|36/100|[from] Stealth Rock
|turn|32
|
|t:|1600921406
|move|p2a: Sylveon|Protect|p2a: Sylveon
|-singleturn|p2a: Sylveon|Protect
|move|p1a: Slowbro|Psyshock|p2a: Sylveon
|-activate|p2a: Sylveon|move: Protect
|
|-heal|p2a: Sylveon|42/100|[from] item: Leftovers
|upkeep
|turn|33
|
|t:|1600921408
|move|p2a: Sylveon|Wish|p2a: Sylveon
|move|p1a: Slowbro|Thunder Wave|p2a: Sylveon
|-status|p2a: Sylveon|par
|
|-heal|p2a: Sylveon|48/100 par|[from] item: Leftovers
|upkeep
|turn|34
|
|t:|1600921413
|move|p1a: Slowbro|Psyshock|p2a: Sylveon
|-damage|p2a: Sylveon|24/100 par
|move|p2a: Sylveon|Heal Bell|p2a: Sylveon
|-activate|p2a: Sylveon|move: Heal Bell
|-curestatus|p2a: Sylveon|par|[msg]
|
|-heal|p2a: Sylveon|74/100|[from] move: Wish|[wisher] Sylveon
|-heal|p2a: Sylveon|80/100|[from] item: Leftovers
|upkeep
|turn|35
|
|t:|1600921416
|move|p2a: Sylveon|Hyper Voice|p1a: Slowbro
|-damage|p1a: Slowbro|64/100
|move|p1a: Slowbro|Thunder Wave|p2a: Sylveon
|-status|p2a: Sylveon|par
|
|-heal|p2a: Sylveon|86/100 par|[from] item: Leftovers
|upkeep
|turn|36
|
|t:|1600921420
|move|p1a: Slowbro|Psyshock|p2a: Sylveon
|-damage|p2a: Sylveon|63/100 par
|move|p2a: Sylveon|Hyper Voice|p1a: Slowbro
|-damage|p1a: Slowbro|26/100
|
|-heal|p2a: Sylveon|69/100 par|[from] item: Leftovers
|upkeep
|turn|37
|j| Andresa<3
|
|t:|1600921424
|move|p1a: Slowbro|Slack Off|p1a: Slowbro
|-heal|p1a: Slowbro|76/100
|move|p2a: Sylveon|Wish|p2a: Sylveon
|
|-heal|p2a: Sylveon|75/100 par|[from] item: Leftovers
|upkeep
|turn|38
|
|t:|1600921431
|move|p1a: Slowbro|Psyshock|p2a: Sylveon
|-damage|p2a: Sylveon|52/100 par
|move|p2a: Sylveon|Hyper Voice|p1a: Slowbro
|-damage|p1a: Slowbro|37/100
|
|-heal|p2a: Sylveon|100/100 par|[from] move: Wish|[wisher] Sylveon
|upkeep
|turn|39
|
|t:|1600921435
|move|p1a: Slowbro|Slack Off|p1a: Slowbro
|-heal|p1a: Slowbro|87/100
|move|p2a: Sylveon|Hyper Voice|p1a: Slowbro
|-damage|p1a: Slowbro|50/100
|
|upkeep
|turn|40
|
|t:|1600921441
|move|p1a: Slowbro|Psyshock|p2a: Sylveon
|-damage|p2a: Sylveon|78/100 par
|move|p2a: Sylveon|Heal Bell|p2a: Sylveon
|-activate|p2a: Sylveon|move: Heal Bell
|-curestatus|p2a: Sylveon|par|[msg]
|
|-heal|p2a: Sylveon|84/100|[from] item: Leftovers
|upkeep
|turn|41
|
|t:|1600921444
|move|p2a: Sylveon|Hyper Voice|p1a: Slowbro
|-damage|p1a: Slowbro|10/100
|move|p1a: Slowbro|Thunder Wave|p2a: Sylveon
|-status|p2a: Sylveon|par
|
|-heal|p2a: Sylveon|90/100 par|[from] item: Leftovers
|upkeep
|turn|42
|
|t:|1600921449
|move|p1a: Slowbro|Slack Off|p1a: Slowbro
|-heal|p1a: Slowbro|60/100
|move|p2a: Sylveon|Heal Bell|p2a: Sylveon
|-activate|p2a: Sylveon|move: Heal Bell
|-curestatus|p2a: Sylveon|par|[msg]
|
|-heal|p2a: Sylveon|96/100|[from] item: Leftovers
|upkeep
|turn|43
|
|t:|1600921452
|move|p2a: Sylveon|Hyper Voice|p1a: Slowbro
|-damage|p1a: Slowbro|20/100
|move|p1a: Slowbro|Thunder Wave|p2a: Sylveon
|-status|p2a: Sylveon|par
|
|-heal|p2a: Sylveon|100/100 par|[from] item: Leftovers
|upkeep
|turn|44
|
|t:|1600921463
|move|p1a: Slowbro|Slack Off|p1a: Slowbro
|-heal|p1a: Slowbro|70/100
|cant|p2a: Sylveon|par
|
|upkeep
|turn|45
|
|t:|1600921466
|move|p1a: Slowbro|Psyshock|p2a: Sylveon
|-crit|p2a: Sylveon
|-damage|p2a: Sylveon|69/100 par
|cant|p2a: Sylveon|par
|
|-heal|p2a: Sylveon|75/100 par|[from] item: Leftovers
|upkeep
|turn|46
|
|t:|1600921471
|move|p1a: Slowbro|Scald|p2a: Sylveon
|-damage|p2a: Sylveon|55/100 par
|move|p2a: Sylveon|Heal Bell|p2a: Sylveon
|-activate|p2a: Sylveon|move: Heal Bell
|-curestatus|p2a: Sylveon|par|[msg]
|
|-heal|p2a: Sylveon|61/100|[from] item: Leftovers
|upkeep
|turn|47
|
|t:|1600921475
|move|p2a: Sylveon|Wish|p2a: Sylveon
|move|p1a: Slowbro|Thunder Wave|p2a: Sylveon
|-status|p2a: Sylveon|par
|
|-heal|p2a: Sylveon|67/100 par|[from] item: Leftovers
|upkeep
|turn|48
|
|t:|1600921478
|move|p1a: Slowbro|Scald|p2a: Sylveon
|-damage|p2a: Sylveon|47/100 par
|move|p2a: Sylveon|Hyper Voice|p1a: Slowbro
|-damage|p1a: Slowbro|31/100
|
|-heal|p2a: Sylveon|97/100 par|[from] move: Wish|[wisher] Sylveon
|-heal|p2a: Sylveon|100/100 par|[from] item: Leftovers
|upkeep
|turn|49
|
|t:|1600921481
|move|p1a: Slowbro|Slack Off|p1a: Slowbro
|-heal|p1a: Slowbro|81/100
|cant|p2a: Sylveon|par
|
|upkeep
|turn|50
|
|t:|1600921485
|move|p2a: Sylveon|Protect|p2a: Sylveon
|-singleturn|p2a: Sylveon|Protect
|move|p1a: Slowbro|Scald|p2a: Sylveon
|-activate|p2a: Sylveon|move: Protect
|
|upkeep
|turn|51
|
|t:|1600921489
|move|p1a: Slowbro|Scald|p2a: Sylveon
|-damage|p2a: Sylveon|80/100 par
|move|p2a: Sylveon|Hyper Voice|p1a: Slowbro
|-damage|p1a: Slowbro|43/100
|
|-heal|p2a: Sylveon|87/100 par|[from] item: Leftovers
|upkeep
|turn|52
|
|t:|1600921497
|move|p1a: Slowbro|Slack Off|p1a: Slowbro
|-heal|p1a: Slowbro|93/100
|move|p2a: Sylveon|Heal Bell|p2a: Sylveon
|-activate|p2a: Sylveon|move: Heal Bell
|-curestatus|p2a: Sylveon|par|[msg]
|
|-heal|p2a: Sylveon|93/100|[from] item: Leftovers
|upkeep
|turn|53
|
|t:|1600921500
|move|p2a: Sylveon|Protect|p2a: Sylveon
|-singleturn|p2a: Sylveon|Protect
|move|p1a: Slowbro|Thunder Wave|p2a: Sylveon
|-activate|p2a: Sylveon|move: Protect
|
|-heal|p2a: Sylveon|99/100|[from] item: Leftovers
|upkeep
|turn|54
|
|t:|1600921504
|move|p2a: Sylveon|Wish|p2a: Sylveon
|move|p1a: Slowbro|Thunder Wave|p2a: Sylveon
|-status|p2a: Sylveon|par
|
|-heal|p2a: Sylveon|100/100 par|[from] item: Leftovers
|upkeep
|turn|55
|
|t:|1600921511
|move|p1a: Slowbro|Scald|p2a: Sylveon
|-damage|p2a: Sylveon|83/100 par
|move|p2a: Sylveon|Hyper Voice|p1a: Slowbro
|-damage|p1a: Slowbro|53/100
|
|-heal|p2a: Sylveon|100/100 par|[from] move: Wish|[wisher] Sylveon
|upkeep
|turn|56
|
|t:|1600921518
|move|p1a: Slowbro|Slack Off|p1a: Slowbro
|-heal|p1a: Slowbro|100/100
|move|p2a: Sylveon|Heal Bell|p2a: Sylveon
|-activate|p2a: Sylveon|move: Heal Bell
|-curestatus|p2a: Sylveon|par|[msg]
|
|upkeep
|turn|57
|
|t:|1600921523
|move|p2a: Sylveon|Protect|p2a: Sylveon
|-singleturn|p2a: Sylveon|Protect
|move|p1a: Slowbro|Thunder Wave|p2a: Sylveon
|-activate|p2a: Sylveon|move: Protect
|
|upkeep
|turn|58
|
|t:|1600921537
|move|p2a: Sylveon|Protect||[still]
|-fail|p2a: Sylveon
|move|p1a: Slowbro|Thunder Wave|p2a: Sylveon
|-status|p2a: Sylveon|par
|
|upkeep
|turn|59
|
|t:|1600921541
|cant|p2a: Sylveon|par
|move|p1a: Slowbro|Scald|p2a: Sylveon
|-damage|p2a: Sylveon|81/100 par
|
|-heal|p2a: Sylveon|87/100 par|[from] item: Leftovers
|upkeep
|turn|60
|
|t:|1600921545
|move|p2a: Sylveon|Protect|p2a: Sylveon
|-singleturn|p2a: Sylveon|Protect
|move|p1a: Slowbro|Scald|p2a: Sylveon
|-activate|p2a: Sylveon|move: Protect
|
|-heal|p2a: Sylveon|93/100 par|[from] item: Leftovers
|upkeep
|turn|61
|
|t:|1600921550
|move|p1a: Slowbro|Thunder Wave|p2a: Sylveon
|-fail|p2a: Sylveon|par
|move|p2a: Sylveon|Wish|p2a: Sylveon
|
|-heal|p2a: Sylveon|99/100 par|[from] item: Leftovers
|upkeep
|turn|62
|
|t:|1600921556
|move|p1a: Slowbro|Thunder Wave|p2a: Sylveon
|-fail|p2a: Sylveon|par
|move|p2a: Sylveon|Hyper Voice|p1a: Slowbro
|-damage|p1a: Slowbro|60/100
|
|-heal|p2a: Sylveon|100/100 par|[from] move: Wish|[wisher] Sylveon
|upkeep
|turn|63
|
|t:|1600921560
|cant|p2a: Sylveon|par
|move|p1a: Slowbro|Slack Off|p1a: Slowbro
|-heal|p1a: Slowbro|100/100
|
|upkeep
|turn|64
|
|t:|1600921565
|move|p2a: Sylveon|Protect|p2a: Sylveon
|-singleturn|p2a: Sylveon|Protect
|move|p1a: Slowbro|Scald|p2a: Sylveon
|-activate|p2a: Sylveon|move: Protect
|
|upkeep
|turn|65
|
|t:|1600921572
|move|p1a: Slowbro|Thunder Wave|p2a: Sylveon
|-fail|p2a: Sylveon|par
|cant|p2a: Sylveon|par
|
|upkeep
|turn|66
|
|t:|1600921576
|move|p1a: Slowbro|Thunder Wave|p2a: Sylveon
|-fail|p2a: Sylveon|par
|move|p2a: Sylveon|Wish|p2a: Sylveon
|
|upkeep
|turn|67
|
|t:|1600921580
|switch|p2a: Noivern|Noivern, M|78/100
|move|p1a: Slowbro|Thunder Wave|p2a: Noivern
|-status|p2a: Noivern|par
|
|-heal|p2a: Noivern|100/100 par|[from] move: Wish|[wisher] Sylveon
|upkeep
|turn|68
|
|t:|1600921582
|switch|p2a: Sylveon|Sylveon, F|100/100 par
|-damage|p2a: Sylveon|88/100 par|[from] Stealth Rock
|move|p1a: Slowbro|Psyshock|p2a: Sylveon
|-damage|p2a: Sylveon|63/100 par
|
|-heal|p2a: Sylveon|70/100 par|[from] item: Leftovers
|upkeep
|turn|69
|
|t:|1600921586
|move|p2a: Sylveon|Protect|p2a: Sylveon
|-singleturn|p2a: Sylveon|Protect
|move|p1a: Slowbro|Scald|p2a: Sylveon
|-activate|p2a: Sylveon|move: Protect
|
|-heal|p2a: Sylveon|76/100 par|[from] item: Leftovers
|upkeep
|turn|70
|
|t:|1600921589
|move|p1a: Slowbro|Scald|p2a: Sylveon
|-damage|p2a: Sylveon|55/100 par
|move|p2a: Sylveon|Wish|p2a: Sylveon
|
|-heal|p2a: Sylveon|61/100 par|[from] item: Leftovers
|upkeep
|turn|71
|
|t:|1600921595
|move|p2a: Sylveon|Protect|p2a: Sylveon
|-singleturn|p2a: Sylveon|Protect
|move|p1a: Slowbro|Psyshock|p2a: Sylveon
|-activate|p2a: Sylveon|move: Protect
|
|-heal|p2a: Sylveon|100/100 par|[from] move: Wish|[wisher] Sylveon
|upkeep
|turn|72
|
|t:|1600921601
|move|p2a: Sylveon|Protect||[still]
|-fail|p2a: Sylveon
|move|p1a: Slowbro|Psyshock|p2a: Sylveon
|-damage|p2a: Sylveon|77/100 par
|
|-heal|p2a: Sylveon|83/100 par|[from] item: Leftovers
|upkeep
|turn|73
|
|t:|1600921604
|move|p1a: Slowbro|Scald|p2a: Sylveon
|-damage|p2a: Sylveon|65/100 par
|move|p2a: Sylveon|Wish|p2a: Sylveon
|
|-heal|p2a: Sylveon|71/100 par|[from] item: Leftovers
|upkeep
|turn|74
|
|t:|1600921612
|move|p1a: Slowbro|Scald|p2a: Sylveon
|-damage|p2a: Sylveon|51/100 par
|cant|p2a: Sylveon|par
|
|-heal|p2a: Sylveon|100/100 par|[from] move: Wish|[wisher] Sylveon
|upkeep
|turn|75
|
|t:|1600921618
|switch|p2a: Noivern|Noivern, M|100/100 par
|move|p1a: Slowbro|Thunder Wave|p2a: Noivern|[miss]
|-miss|p1a: Slowbro|p2a: Noivern
|
|upkeep
|turn|76
|l| taymar keith
|
|t:|1600921621
|switch|p2a: Sylveon|Sylveon, F|100/100 par
|-damage|p2a: Sylveon|88/100 par|[from] Stealth Rock
|move|p1a: Slowbro|Slack Off||[still]
|-fail|p1a: Slowbro|heal
|
|-heal|p2a: Sylveon|94/100 par|[from] item: Leftovers
|upkeep
|turn|77
|c|☆ditto nyc|it feels like u have infinite wishes UGHH
|
|t:|1600921633
|switch|p2a: Noivern|Noivern, M|100/100 par
|move|p1a: Slowbro|Scald|p2a: Noivern
|-resisted|p2a: Noivern
|-damage|p2a: Noivern|84/100 par
|
|upkeep
|turn|78
|
|t:|1600921642
|move|p2a: Noivern|Defog|p1a: Slowbro
|-unboost|p1a: Slowbro|evasion|1
|-sideend|p1: ditto nyc|Stealth Rock|[from] move: Defog|[of] p2a: Noivern
|-sideend|p2: UU7L Adrift|Stealth Rock|[from] move: Defog|[of] p2a: Noivern
|move|p1a: Slowbro|Psyshock|p2a: Noivern
|-damage|p2a: Noivern|53/100 par
|
|upkeep
|turn|79
|
|t:|1600921649
|move|p2a: Noivern|Roost|p2a: Noivern
|-heal|p2a: Noivern|100/100 par
|-singleturn|p2a: Noivern|move: Roost
|move|p1a: Slowbro|Psyshock|p2a: Noivern
|-crit|p2a: Noivern
|-damage|p2a: Noivern|50/100 par
|
|upkeep
|turn|80
|
|t:|1600921660
|cant|p2a: Noivern|par
|move|p1a: Slowbro|Psyshock|p2a: Noivern
|-damage|p2a: Noivern|21/100 par
|
|upkeep
|turn|81
|
|t:|1600921663
|move|p2a: Noivern|Roost|p2a: Noivern
|-heal|p2a: Noivern|71/100 par
|-singleturn|p2a: Noivern|move: Roost
|move|p1a: Slowbro|Psyshock|p2a: Noivern
|-damage|p2a: Noivern|41/100 par
|
|upkeep
|turn|82
|
|t:|1600921666
|cant|p2a: Noivern|par
|move|p1a: Slowbro|Psyshock|p2a: Noivern
|-damage|p2a: Noivern|11/100 par
|
|upkeep
|turn|83
|
|t:|1600921668
|move|p2a: Noivern|Roost|p2a: Noivern
|-heal|p2a: Noivern|61/100 par
|-singleturn|p2a: Noivern|move: Roost
|move|p1a: Slowbro|Scald|p2a: Noivern
|-resisted|p2a: Noivern
|-damage|p2a: Noivern|45/100 par
|
|upkeep
|turn|84
|
|t:|1600921674
|move|p2a: Noivern|Roost|p2a: Noivern
|-heal|p2a: Noivern|95/100 par
|-singleturn|p2a: Noivern|move: Roost
|move|p1a: Slowbro|Scald|p2a: Noivern
|-resisted|p2a: Noivern
|-damage|p2a: Noivern|78/100 par
|
|upkeep
|turn|85
|
|t:|1600921679
|move|p2a: Noivern|Draco Meteor|p1a: Slowbro
|-damage|p1a: Slowbro|57/100
|-unboost|p2a: Noivern|spa|2
|move|p1a: Slowbro|Scald|p2a: Noivern
|-resisted|p2a: Noivern
|-damage|p2a: Noivern|61/100 par
|
|upkeep
|turn|86
|
|t:|1600921683
|cant|p2a: Noivern|par
|move|p1a: Slowbro|Scald|p2a: Noivern
|-resisted|p2a: Noivern
|-damage|p2a: Noivern|44/100 par
|
|upkeep
|turn|87
|
|t:|1600921687
|cant|p2a: Noivern|par
|move|p1a: Slowbro|Scald|p2a: Noivern
|-resisted|p2a: Noivern
|-damage|p2a: Noivern|30/100 par
|
|upkeep
|turn|88
|
|t:|1600921690
|switch|p1a: Kingdra|Kingdra, M|28/100
|move|p2a: Noivern|Roost|p2a: Noivern
|-heal|p2a: Noivern|80/100 par
|-singleturn|p2a: Noivern|move: Roost
|
|-heal|p1a: Kingdra|35/100|[from] item: Leftovers
|upkeep
|turn|89
|
|t:|1600921694
|switch|p1a: Slowbro|Slowbro, F|90/100
|switch|p2a: Sylveon|Sylveon, F|94/100 par
|
|-heal|p2a: Sylveon|99/100 par|[from] item: Leftovers
|upkeep
|turn|90
|
|t:|1600921704
|switch|p1a: Noivern|Noivern, F|100/100
|switch|p2a: Noivern|Noivern, M|80/100 par
|
|upkeep
|turn|91
|
|t:|1600921709
|switch|p2a: Sylveon|Sylveon, F|99/100 par
|move|p1a: Noivern|Draco Meteor|p2a: Sylveon
|-immune|p2a: Sylveon
|
|-heal|p2a: Sylveon|100/100 par|[from] item: Leftovers
|upkeep
|turn|92
|
|t:|1600921715
|switch|p2a: Noivern|Noivern, M|80/100 par
|move|p1a: Noivern|Draco Meteor|p2a: Noivern
|-supereffective|p2a: Noivern
|-damage|p2a: Noivern|0 fnt
|-unboost|p1a: Noivern|spa|2
|faint|p2a: Noivern
|
|upkeep
|
|t:|1600921734
|switch|p2a: Sylveon|Sylveon, F|100/100 par
|turn|93
|
|t:|1600921739
|move|p1a: Noivern|Flamethrower|p2a: Sylveon
|-damage|p2a: Sylveon|92/100 par
|move|p2a: Sylveon|Wish|p2a: Sylveon
|
|-heal|p2a: Sylveon|98/100 par|[from] item: Leftovers
|upkeep
|turn|94
|
|t:|1600921740
|move|p1a: Noivern|Flamethrower|p2a: Sylveon
|-damage|p2a: Sylveon|89/100 par
|cant|p2a: Sylveon|par
|
|-heal|p2a: Sylveon|100/100 par|[from] move: Wish|[wisher] Sylveon
|upkeep
|turn|95
|
|t:|1600921743
|move|p1a: Noivern|Flamethrower|p2a: Sylveon
|-damage|p2a: Sylveon|92/100 par
|move|p2a: Sylveon|Hyper Voice|p1a: Noivern
|-supereffective|p1a: Noivern
|-damage|p1a: Noivern|0 fnt
|faint|p1a: Noivern
|
|-heal|p2a: Sylveon|98/100 par|[from] item: Leftovers
|upkeep
|
|t:|1600921746
|switch|p1a: Slowbro|Slowbro, F|100/100
|turn|96
|
|t:|1600921750
|move|p1a: Slowbro|Thunder Wave|p2a: Sylveon
|-fail|p2a: Sylveon|par
|move|p2a: Sylveon|Hyper Voice|p1a: Slowbro
|-damage|p1a: Slowbro|61/100
|
|-heal|p2a: Sylveon|100/100 par|[from] item: Leftovers
|upkeep
|turn|97
|
|t:|1600921754
|move|p1a: Slowbro|Slack Off|p1a: Slowbro
|-heal|p1a: Slowbro|100/100
|move|p2a: Sylveon|Heal Bell|p2a: Sylveon
|-activate|p2a: Sylveon|move: Heal Bell
|-curestatus|p2a: Sylveon|par|[msg]
|
|upkeep
|turn|98
|
|t:|1600921758
|move|p2a: Sylveon|Protect|p2a: Sylveon
|-singleturn|p2a: Sylveon|Protect
|move|p1a: Slowbro|Thunder Wave|p2a: Sylveon
|-activate|p2a: Sylveon|move: Protect
|
|upkeep
|turn|99
|
|t:|1600921766
|move|p2a: Sylveon|Wish|p2a: Sylveon
|move|p1a: Slowbro|Thunder Wave|p2a: Sylveon
|-status|p2a: Sylveon|par
|
|upkeep
|turn|100
|
|t:|1600921772
|move|p2a: Sylveon|Protect|p2a: Sylveon
|-singleturn|p2a: Sylveon|Protect
|move|p1a: Slowbro|Thunder Wave|p2a: Sylveon
|-activate|p2a: Sylveon|move: Protect
|
|upkeep
|turn|101
|
|t:|1600921779
|move|p1a: Slowbro|Thunder Wave|p2a: Sylveon
|-fail|p2a: Sylveon|par
|cant|p2a: Sylveon|par
|
|upkeep
|turn|102
|
|t:|1600921783
|move|p1a: Slowbro|Thunder Wave|p2a: Sylveon
|-fail|p2a: Sylveon|par
|cant|p2a: Sylveon|par
|
|upkeep
|turn|103
|
|t:|1600921787
|move|p1a: Slowbro|Thunder Wave|p2a: Sylveon
|-fail|p2a: Sylveon|par
|move|p2a: Sylveon|Wish|p2a: Sylveon
|
|upkeep
|turn|104
|
|t:|1600921792
|move|p1a: Slowbro|Thunder Wave|p2a: Sylveon
|-fail|p2a: Sylveon|par
|cant|p2a: Sylveon|par
|
|upkeep
|turn|105
|
|t:|1600921800
|move|p2a: Sylveon|Protect|p2a: Sylveon
|-singleturn|p2a: Sylveon|Protect
|move|p1a: Slowbro|Thunder Wave|p2a: Sylveon
|-activate|p2a: Sylveon|move: Protect
|
|upkeep
|turn|106
|
|t:|1600921804
|move|p1a: Slowbro|Thunder Wave|p2a: Sylveon
|-fail|p2a: Sylveon|par
|move|p2a: Sylveon|Hyper Voice|p1a: Slowbro
|-damage|p1a: Slowbro|60/100
|
|upkeep
|turn|107
|
|t:|1600921815
|move|p1a: Slowbro|Slack Off|p1a: Slowbro
|-heal|p1a: Slowbro|100/100
|cant|p2a: Sylveon|par
|
|upkeep
|turn|108
|
|t:|1600921820
|move|p1a: Slowbro|Thunder Wave|p2a: Sylveon
|-fail|p2a: Sylveon|par
|move|p2a: Sylveon|Wish|p2a: Sylveon
|
|upkeep
|turn|109
|
|t:|1600921826
|move|p2a: Sylveon|Protect|p2a: Sylveon
|-singleturn|p2a: Sylveon|Protect
|move|p1a: Slowbro|Thunder Wave|p2a: Sylveon
|-activate|p2a: Sylveon|move: Protect
|
|upkeep
|turn|110
|
|t:|1600921837
|move|p1a: Slowbro|Scald|p2a: Sylveon
|-damage|p2a: Sylveon|80/100 par
|move|p2a: Sylveon|Wish|p2a: Sylveon
|
|-heal|p2a: Sylveon|86/100 par|[from] item: Leftovers
|upkeep
|turn|111
|
|t:|1600921843
|cant|p2a: Sylveon|par
|move|p1a: Slowbro|Scald|p2a: Sylveon
|-damage|p2a: Sylveon|68/100 par
|
|-heal|p2a: Sylveon|100/100 par|[from] move: Wish|[wisher] Sylveon
|upkeep
|turn|112
|
|t:|1600921848
|move|p1a: Slowbro|Scald|p2a: Sylveon
|-damage|p2a: Sylveon|83/100 par
|move|p2a: Sylveon|Wish|p2a: Sylveon
|
|-heal|p2a: Sylveon|89/100 par|[from] item: Leftovers
|upkeep
|turn|113
|
|t:|1600921854
|move|p2a: Sylveon|Protect|p2a: Sylveon
|-singleturn|p2a: Sylveon|Protect
|move|p1a: Slowbro|Scald|p2a: Sylveon
|-activate|p2a: Sylveon|move: Protect
|
|-heal|p2a: Sylveon|100/100 par|[from] move: Wish|[wisher] Sylveon
|upkeep
|turn|114
|
|t:|1600921858
|move|p2a: Sylveon|Protect|p2a: Sylveon
|-singleturn|p2a: Sylveon|Protect
|move|p1a: Slowbro|Scald|p2a: Sylveon
|-activate|p2a: Sylveon|move: Protect
|
|upkeep
|turn|115
|
|t:|1600921861
|move|p1a: Slowbro|Scald|p2a: Sylveon
|-damage|p2a: Sylveon|80/100 par
|move|p2a: Sylveon|Wish|p2a: Sylveon
|
|-heal|p2a: Sylveon|86/100 par|[from] item: Leftovers
|upkeep
|turn|116
|
|t:|1600921864
|move|p1a: Slowbro|Thunder Wave|p2a: Sylveon|[miss]
|-miss|p1a: Slowbro|p2a: Sylveon
|move|p2a: Sylveon|Heal Bell|p2a: Sylveon
|-activate|p2a: Sylveon|move: Heal Bell
|-curestatus|p2a: Sylveon|par|[msg]
|
|-heal|p2a: Sylveon|100/100|[from] move: Wish|[wisher] Sylveon
|upkeep
|turn|117
|
|t:|1600921867
|move|p2a: Sylveon|Hyper Voice|p1a: Slowbro
|-damage|p1a: Slowbro|63/100
|move|p1a: Slowbro|Thunder Wave|p2a: Sylveon
|-status|p2a: Sylveon|par
|
|upkeep
|turn|118
|
|t:|1600921871
|move|p1a: Slowbro|Slack Off|p1a: Slowbro
|-heal|p1a: Slowbro|100/100
|cant|p2a: Sylveon|par
|
|upkeep
|turn|119
|
|t:|1600921880
|move|p1a: Slowbro|Thunder Wave|p2a: Sylveon
|-fail|p2a: Sylveon|par
|move|p2a: Sylveon|Hyper Voice|p1a: Slowbro
|-damage|p1a: Slowbro|63/100
|
|upkeep
|turn|120
|c|☆ditto nyc|ggwp
|
|t:|1600921883
|move|p1a: Slowbro|Slack Off|p1a: Slowbro
|-heal|p1a: Slowbro|100/100
|cant|p2a: Sylveon|par
|
|upkeep
|turn|121
|c|☆UU7L Adrift|Sacking noivern was a choke
|c|☆UU7L Adrift|Gg
|-message|UU7L Adrift forfeited.
|
|win|ditto nyc
|l|☆UU7L Adrift
|raw|ditto nyc's rating: 1473 &rarr; <strong>1496</strong><br />(+23 for winning)
|raw|UU7L Adrift's rating: 1534 &rarr; <strong>1510</strong><br />(-24 for losing)
