|j|☆LaMasseMillsap
|j|☆Lnua
|player|p1|LaMasseMillsap|169|1359
|player|p2|Lnua|misty-gen2|1433
|teamsize|p1|6
|teamsize|p2|6
|gametype|singles
|gen|8
|tier|[Gen 8] UU
|rated|
|clearpoke
|poke|p1|Chandelure, M|
|poke|p1|Cobalion|
|poke|p1|Flygon, F|
|poke|p1|Roserade, M|
|poke|p1|Blastoise, F|
|poke|p1|Duraludon, F|
|poke|p2|Noivern, F|
|poke|p2|Rhyperior, F|
|poke|p2|Sylveon, M|
|poke|p2|Reuniclus, F|
|poke|p2|Milotic, M|
|poke|p2|Cobalion|
|rule|Sleep Clause Mod: Limit one foe put to sleep
|rule|Species Clause: Limit one of each Pokémon
|rule|OHKO Clause: OHKO moves are banned
|rule|Evasion Moves Clause: Evasion moves are banned
|rule|Endless Battle Clause: Forcing endless battles is banned
|rule|HP Percentage Mod: HP is shown in percentages
|rule|Dynamax Clause: You cannot dynamax
|teampreview
|inactive|Battle timer is ON: inactive players will automatically lose when time's up. (requested by LaMasseMillsap)
|j|%vivalospride
|inactive|Lnua has 120 seconds left.
|c|☆Lnua|whoops I forgot shucca
|c|☆Lnua|nvm
|inactive|Lnua has 90 seconds left.
|
|start
|switch|p1a: Flygon|Flygon, F|100/100
|switch|p2a: Noivern|Noivern, F|100/100
|-item|p1a: Flygon|Choice Scarf|[from] ability: Frisk|[of] p2a: Noivern|[identify]
|turn|1
|
|switch|p2a: yawn|Sylveon, M|100/100
|move|p1a: Flygon|U-turn|p2a: yawn
|-resisted|p2a: yawn
|-crit|p2a: yawn
|-damage|p2a: yawn|87/100
|
|switch|p1a: Roserade|Roserade, M|100/100|[from]move: U-turn
|
|-heal|p2a: yawn|93/100|[from] item: Leftovers
|upkeep
|turn|2
|
|switch|p2a: Reuniclus|Reuniclus, F|100/100
|move|p1a: Roserade|Spikes|p2a: Reuniclus
|-sidestart|p2: Lnua|Spikes
|
|upkeep
|turn|3
|
|switch|p1a: Chandelure|Chandelure, M|100/100
|move|p2a: Reuniclus|Future Sight|p1a: Chandelure
|-start|p2a: Reuniclus|move: Future Sight
|
|upkeep
|turn|4
|
|move|p1a: Chandelure|Shadow Ball|p2a: Reuniclus
|-supereffective|p2a: Reuniclus
|-damage|p2a: Reuniclus|38/100
|move|p2a: Reuniclus|Knock Off|p1a: Chandelure
|-supereffective|p1a: Chandelure
|-damage|p1a: Chandelure|56/100
|-enditem|p1a: Chandelure|Choice Specs|[from] move: Knock Off|[of] p2a: Reuniclus
|
|upkeep
|turn|5
|
|switch|p2a: Milotic|Milotic, M|100/100
|-damage|p2a: Milotic|88/100|[from] Spikes
|move|p1a: Chandelure|Shadow Ball|p2a: Milotic
|-damage|p2a: Milotic|60/100
|
|-end|p1a: Chandelure|move: Future Sight
|-damage|p1a: Chandelure|0 fnt
|-heal|p2a: Milotic|66/100|[from] item: Leftovers
|faint|p1a: Chandelure
|upkeep
|c|%vivalospride|LOL
|c|☆Lnua|xD
|
|switch|p1a: Roserade|Roserade, M|100/100
|turn|6
|
|switch|p2a: Reuniclus|Reuniclus, F|71/100
|-damage|p2a: Reuniclus|59/100|[from] Spikes
|move|p1a: Roserade|Sludge Bomb|p2a: Reuniclus
|-damage|p2a: Reuniclus|39/100
|
|upkeep
|turn|7
|
|move|p1a: Roserade|Sludge Bomb|p2a: Reuniclus
|-damage|p2a: Reuniclus|17/100
|move|p2a: Reuniclus|Psychic|p1a: Roserade
|-supereffective|p1a: Roserade
|-damage|p1a: Roserade|0 fnt
|faint|p1a: Roserade
|
|upkeep
|
|switch|p1a: Duraludon|Duraludon, F|100/100
|turn|8
|
|switch|p2a: Rhyperior|Rhyperior, F|100/100
|-damage|p2a: Rhyperior|88/100|[from] Spikes
|move|p1a: Duraludon|Flash Cannon|p2a: Rhyperior
|-supereffective|p2a: Rhyperior
|-damage|p2a: Rhyperior|40/100
|
|-heal|p2a: Rhyperior|47/100|[from] item: Leftovers
|upkeep
|turn|9
|
|move|p1a: Duraludon|Flash Cannon|p2a: Rhyperior
|-supereffective|p2a: Rhyperior
|-damage|p2a: Rhyperior|3/100
|-unboost|p2a: Rhyperior|spd|1
|move|p2a: Rhyperior|Stealth Rock|p1a: Duraludon
|-sidestart|p1: LaMasseMillsap|move: Stealth Rock
|
|-heal|p2a: Rhyperior|9/100|[from] item: Leftovers
|upkeep
|turn|10
|
|move|p1a: Duraludon|Flash Cannon|p2a: Rhyperior
|-supereffective|p2a: Rhyperior
|-damage|p2a: Rhyperior|0 fnt
|faint|p2a: Rhyperior
|
|upkeep
|
|switch|p2a: Cobalion|Cobalion|100/100
|-damage|p2a: Cobalion|88/100|[from] Spikes
|turn|11
|
|move|p2a: Cobalion|Volt Switch|p1a: Duraludon
|-resisted|p1a: Duraludon
|-damage|p1a: Duraludon|94/100
|c|☆Lnua|oh
|
|switch|p2a: Milotic|Milotic, M|66/100|[from]move: Volt Switch
|-damage|p2a: Milotic|53/100|[from] Spikes
|move|p1a: Duraludon|Thunder Wave|p2a: Milotic
|-status|p2a: Milotic|par
|
|-heal|p1a: Duraludon|99/100|[from] item: Leftovers
|-heal|p2a: Milotic|59/100 par|[from] item: Leftovers
|upkeep
|turn|12
|c|☆Lnua|oh ok
|
|move|p1a: Duraludon|Stealth Rock|p2a: Milotic
|-sidestart|p2: Lnua|move: Stealth Rock
|move|p2a: Milotic|Recover|p2a: Milotic
|-heal|p2a: Milotic|100/100 par
|
|-heal|p1a: Duraludon|100/100|[from] item: Leftovers
|upkeep
|turn|13
|c|☆Lnua|idk what this does tbh
|
|switch|p1a: Blastoise|Blastoise, F|100/100
|-damage|p1a: Blastoise|88/100|[from] Stealth Rock
|move|p2a: Milotic|Toxic|p1a: Blastoise
|-status|p1a: Blastoise|tox
|
|-heal|p1a: Blastoise|94/100 tox|[from] item: Leftovers
|-damage|p1a: Blastoise|88/100 tox|[from] psn
|upkeep
|turn|14
|
|switch|p2a: yawn|Sylveon, M|93/100
|-damage|p2a: yawn|81/100|[from] Spikes
|-damage|p2a: yawn|68/100|[from] Stealth Rock
|move|p1a: Blastoise|Rapid Spin|p2a: yawn
|-damage|p2a: yawn|61/100
|-boost|p1a: Blastoise|spe|1
|-sideend|p1: LaMasseMillsap|Stealth Rock|[from] move: Rapid Spin|[of] p1a: Blastoise
|
|-heal|p1a: Blastoise|94/100 tox|[from] item: Leftovers
|-heal|p2a: yawn|67/100|[from] item: Leftovers
|-damage|p1a: Blastoise|82/100 tox|[from] psn
|upkeep
|turn|15
|
|move|p1a: Blastoise|Toxic|p2a: yawn|[miss]
|-miss|p1a: Blastoise|p2a: yawn
|move|p2a: yawn|Hyper Voice|p1a: Blastoise
|-damage|p1a: Blastoise|48/100 tox
|
|-heal|p1a: Blastoise|54/100 tox|[from] item: Leftovers
|-heal|p2a: yawn|73/100|[from] item: Leftovers
|-damage|p1a: Blastoise|36/100 tox|[from] psn
|upkeep
|turn|16
|
|move|p1a: Blastoise|Toxic|p2a: yawn
|-status|p2a: yawn|tox
|move|p2a: yawn|Calm Mind|p2a: yawn
|-boost|p2a: yawn|spa|1
|-boost|p2a: yawn|spd|1
|
|-heal|p1a: Blastoise|42/100 tox|[from] item: Leftovers
|-heal|p2a: yawn|79/100 tox|[from] item: Leftovers
|-damage|p1a: Blastoise|18/100 tox|[from] psn
|-damage|p2a: yawn|73/100 tox|[from] psn
|upkeep
|turn|17
|
|move|p1a: Blastoise|Scald|p2a: yawn
|-damage|p2a: yawn|57/100 tox
|move|p2a: yawn|Calm Mind|p2a: yawn
|-boost|p2a: yawn|spa|1
|-boost|p2a: yawn|spd|1
|
|-heal|p1a: Blastoise|24/100 tox|[from] item: Leftovers
|-heal|p2a: yawn|63/100 tox|[from] item: Leftovers
|-damage|p1a: Blastoise|0 fnt|[from] psn
|faint|p1a: Blastoise
|-damage|p2a: yawn|51/100 tox|[from] psn
|upkeep
|
|switch|p1a: Cobalion|Cobalion|100/100
|turn|18
|
|switch|p2a: Noivern|Noivern, F|100/100
|-item|p1a: Cobalion|Leftovers|[from] ability: Frisk|[of] p2a: Noivern|[identify]
|move|p1a: Cobalion|Iron Head|p2a: Noivern
|-damage|p2a: Noivern|57/100
|
|upkeep
|turn|19
|
|switch|p1a: Duraludon|Duraludon, F|100/100
|move|p2a: Noivern|Defog|p1a: Duraludon
|-unboost|p1a: Duraludon|evasion|1
|-sideend|p2: Lnua|Spikes|[from] move: Defog|[of] p2a: Noivern
|-sideend|p2: Lnua|Stealth Rock|[from] move: Defog|[of] p2a: Noivern
|
|upkeep
|turn|20
|
|switch|p2a: Milotic|Milotic, M|100/100 par
|move|p1a: Duraludon|Flash Cannon|p2a: Milotic
|-resisted|p2a: Milotic
|-damage|p2a: Milotic|90/100 par
|
|-heal|p2a: Milotic|96/100 par|[from] item: Leftovers
|upkeep
|turn|21
|
|switch|p1a: Cobalion|Cobalion|100/100
|switch|p2a: Reuniclus|Reuniclus, F|50/100
|
|upkeep
|turn|22
|
|move|p1a: Cobalion|Swords Dance|p1a: Cobalion
|-boost|p1a: Cobalion|atk|2
|move|p2a: Reuniclus|Future Sight|p1a: Cobalion
|-start|p2a: Reuniclus|move: Future Sight
|
|upkeep
|turn|23
|
|switch|p2a: Cobalion|Cobalion|88/100
|move|p1a: Cobalion|Iron Head|p2a: Cobalion
|-resisted|p2a: Cobalion
|-damage|p2a: Cobalion|59/100
|
|-heal|p2a: Cobalion|65/100|[from] item: Leftovers
|upkeep
|turn|24
|
|move|p1a: Cobalion|Close Combat|p2a: Cobalion
|-supereffective|p2a: Cobalion
|-damage|p2a: Cobalion|0 fnt
|-unboost|p1a: Cobalion|def|1
|-unboost|p1a: Cobalion|spd|1
|faint|p2a: Cobalion
|
|-end|p1a: Cobalion|move: Future Sight
|-damage|p1a: Cobalion|0 fnt
|faint|p1a: Cobalion
|upkeep
|c|☆Lnua|xD
|
|switch|p2a: Reuniclus|Reuniclus, F|84/100
|switch|p1a: Flygon|Flygon, F|100/100
|turn|25
|
|move|p1a: Flygon|U-turn|p2a: Reuniclus
|-supereffective|p2a: Reuniclus
|-damage|p2a: Reuniclus|41/100
|
|switch|p1a: Duraludon|Duraludon, F|100/100|[from]move: U-turn
|move|p2a: Reuniclus|Future Sight|p1a: Duraludon
|-start|p2a: Reuniclus|move: Future Sight
|
|upkeep
|turn|26
|
|switch|p2a: Milotic|Milotic, M|96/100 par
|move|p1a: Duraludon|Flash Cannon|p2a: Milotic
|-resisted|p2a: Milotic
|-damage|p2a: Milotic|85/100 par
|
|-heal|p2a: Milotic|91/100 par|[from] item: Leftovers
|upkeep
|turn|27
|
|move|p1a: Duraludon|Stealth Rock|p2a: Milotic
|-sidestart|p2: Lnua|move: Stealth Rock
|move|p2a: Milotic|Scald|p1a: Duraludon
|-resisted|p1a: Duraludon
|-damage|p1a: Duraludon|86/100
|
|-end|p1a: Duraludon|move: Future Sight
|-resisted|p1a: Duraludon
|-damage|p1a: Duraludon|58/100
|-heal|p1a: Duraludon|64/100|[from] item: Leftovers
|-heal|p2a: Milotic|97/100 par|[from] item: Leftovers
|upkeep
|turn|28
|
|move|p1a: Duraludon|Draco Meteor|p2a: Milotic
|-damage|p2a: Milotic|65/100 par
|-unboost|p1a: Duraludon|spa|2
|move|p2a: Milotic|Scald|p1a: Duraludon
|-resisted|p1a: Duraludon
|-damage|p1a: Duraludon|48/100
|
|-heal|p1a: Duraludon|54/100|[from] item: Leftovers
|-heal|p2a: Milotic|71/100 par|[from] item: Leftovers
|upkeep
|turn|29
|
|switch|p1a: Flygon|Flygon, F|100/100
|move|p2a: Milotic|Recover|p2a: Milotic
|-heal|p2a: Milotic|100/100 par
|
|upkeep
|turn|30
|
|move|p1a: Flygon|Dragon Claw|p2a: Milotic
|-damage|p2a: Milotic|79/100 par
|move|p2a: Milotic|Scald|p1a: Flygon
|-damage|p1a: Flygon|65/100
|
|-heal|p2a: Milotic|85/100 par|[from] item: Leftovers
|upkeep
|turn|31
|-message|LaMasseMillsap forfeited.
|
|win|Lnua
|l|☆LaMasseMillsap
|raw|LaMasseMillsap's rating: 1359 &rarr; <strong>1343</strong><br />(-16 for losing)
|raw|Lnua's rating: 1433 &rarr; <strong>1449</strong><br />(+16 for winning)
