|j|☆aaam
|j|☆aspicon
|t:|1633793526
|gametype|singles
|player|p1|aaam|hiker-gen4|1348
|player|p2|aspicon|hiker-gen4|1341
|teamsize|p1|6
|teamsize|p2|6
|gen|8
|tier|[Gen 8] UU
|rated|
|rule|Sleep Clause Mod: Limit one foe put to sleep
|rule|Species Clause: Limit one of each Pokémon
|rule|OHKO Clause: OHKO moves are banned
|rule|Evasion Moves Clause: Evasion moves are banned
|rule|Endless Battle Clause: Forcing endless battles is banned
|rule|HP Percentage Mod: HP is shown in percentages
|rule|Dynamax Clause: You cannot dynamax
|clearpoke
|poke|p1|Haxorus, F|
|poke|p1|Mamoswine, M|
|poke|p1|Krookodile, F|
|poke|p1|Rotom-Heat|
|poke|p1|Aegislash, F|
|poke|p1|Tapu Bulu|
|poke|p2|Krookodile, M|
|poke|p2|Lycanroc-Dusk, M|
|poke|p2|Azumarill, M|
|poke|p2|Entei|
|poke|p2|Regieleki|
|poke|p2|Hydreigon, F|
|teampreview
|inactive|Battle timer is ON: inactive players will automatically lose when time's up. (requested by aaam)
|
|t:|1633793574
|start
|switch|p1a: Mamoswine|Mamoswine, M|100/100
|switch|p2a: Lycanroc|Lycanroc-Dusk, M|100/100
|turn|1
|
|t:|1633793579
|move|p2a: Lycanroc|Taunt|p1a: Mamoswine
|-start|p1a: Mamoswine|move: Taunt
|move|p1a: Mamoswine|Earthquake|p2a: Lycanroc
|-supereffective|p2a: Lycanroc
|-enditem|p2a: Lycanroc|Focus Sash
|-damage|p2a: Lycanroc|1/100
|
|upkeep
|turn|2
|
|t:|1633793584
|move|p2a: Lycanroc|Accelerock|p1a: Mamoswine
|-damage|p1a: Mamoswine|74/100
|move|p1a: Mamoswine|Ice Shard|p2a: Lycanroc
|-damage|p2a: Lycanroc|0 fnt
|faint|p2a: Lycanroc
|
|upkeep
|
|t:|1633793596
|switch|p2a: Azumarill|Azumarill, M|100/100
|turn|3
|
|t:|1633793601
|switch|p1a: Tapu Bulu|Tapu Bulu|100/100
|-fieldstart|move: Grassy Terrain|[from] ability: Grassy Surge|[of] p1a: Tapu Bulu
|move|p2a: Azumarill|Aqua Jet|p1a: Tapu Bulu
|-resisted|p1a: Tapu Bulu
|-damage|p1a: Tapu Bulu|86/100
|
|-heal|p1a: Tapu Bulu|92/100|[from] Grassy Terrain
|-heal|p1a: Tapu Bulu|98/100|[from] item: Leftovers
|upkeep
|turn|4
|
|t:|1633793607
|switch|p2a: Entei|Entei|100/100
|-ability|p2a: Entei|Pressure
|move|p1a: Tapu Bulu|Stone Edge|p2a: Entei|[miss]
|-miss|p1a: Tapu Bulu|p2a: Entei
|
|-heal|p1a: Tapu Bulu|100/100|[from] Grassy Terrain
|upkeep
|turn|5
|
|t:|1633793615
|switch|p1a: Rotom|Rotom-Heat|100/100
|move|p2a: Entei|Sacred Fire|p1a: Rotom
|-resisted|p1a: Rotom
|-damage|p1a: Rotom|65/100
|
|upkeep
|turn|6
|
|t:|1633793620
|move|p2a: Entei|Sacred Fire|p1a: Rotom
|-resisted|p1a: Rotom
|-damage|p1a: Rotom|24/100
|move|p1a: Rotom|Volt Switch|p2a: Entei
|-damage|p2a: Entei|73/100
|
|t:|1633793626
|switch|p1a: Haxorus|Haxorus, F|100/100|[from]move: Volt Switch
|-ability|p1a: Haxorus|Mold Breaker
|
|-heal|p2a: Entei|79/100|[from] Grassy Terrain
|upkeep
|turn|7
|
|t:|1633793629
|move|p2a: Entei|Sacred Fire|p1a: Haxorus
|-resisted|p1a: Haxorus
|-damage|p1a: Haxorus|54/100
|-status|p1a: Haxorus|brn
|move|p1a: Haxorus|Swords Dance|p1a: Haxorus
|-boost|p1a: Haxorus|atk|2
|
|-heal|p2a: Entei|85/100|[from] Grassy Terrain
|-heal|p1a: Haxorus|60/100 brn|[from] Grassy Terrain
|-damage|p1a: Haxorus|54/100 brn|[from] brn
|-fieldend|move: Grassy Terrain
|upkeep
|turn|8
|
|t:|1633793636
|move|p2a: Entei|Sacred Fire|p1a: Haxorus
|-resisted|p1a: Haxorus
|-damage|p1a: Haxorus|9/100 brn
|move|p1a: Haxorus|Earthquake|p2a: Entei
|-supereffective|p2a: Entei
|-damage|p2a: Entei|5/100
|
|-damage|p1a: Haxorus|3/100 brn|[from] brn
|upkeep
|turn|9
|
|t:|1633793643
|move|p2a: Entei|Sacred Fire|p1a: Haxorus
|-resisted|p1a: Haxorus
|-damage|p1a: Haxorus|0 fnt
|faint|p1a: Haxorus
|
|upkeep
|
|t:|1633793653
|switch|p1a: Aegislash|Aegislash, F|100/100
|turn|10
|
|t:|1633793656
|move|p2a: Entei|Sacred Fire|p1a: Aegislash
|-supereffective|p1a: Aegislash
|-damage|p1a: Aegislash|0 fnt
|faint|p1a: Aegislash
|
|upkeep
|
|t:|1633793660
|switch|p1a: Mamoswine|Mamoswine, M|74/100
|turn|11
|
|t:|1633793664
|switch|p2a: Azumarill|Azumarill, M|100/100
|move|p1a: Mamoswine|Ice Shard|p2a: Azumarill
|-resisted|p2a: Azumarill
|-damage|p2a: Azumarill|87/100
|
|upkeep
|turn|12
|
|t:|1633793667
|switch|p1a: Tapu Bulu|Tapu Bulu|100/100
|-fieldstart|move: Grassy Terrain|[from] ability: Grassy Surge|[of] p1a: Tapu Bulu
|move|p2a: Azumarill|Belly Drum|p2a: Azumarill
|-damage|p2a: Azumarill|37/100
|-setboost|p2a: Azumarill|atk|6|[from] move: Belly Drum
|-enditem|p2a: Azumarill|Sitrus Berry|[eat]
|-heal|p2a: Azumarill|62/100|[from] item: Sitrus Berry
|
|-heal|p2a: Azumarill|68/100|[from] Grassy Terrain
|upkeep
|turn|13
|
|t:|1633793671
|move|p2a: Azumarill|Aqua Jet|p1a: Tapu Bulu
|-resisted|p1a: Tapu Bulu
|-damage|p1a: Tapu Bulu|49/100
|move|p1a: Tapu Bulu|Horn Leech|p2a: Azumarill
|-supereffective|p2a: Azumarill
|-damage|p2a: Azumarill|0 fnt
|-heal|p1a: Tapu Bulu|89/100|[from] drain|[of] p2a: Azumarill
|faint|p2a: Azumarill
|
|-heal|p1a: Tapu Bulu|96/100|[from] Grassy Terrain
|-heal|p1a: Tapu Bulu|100/100|[from] item: Leftovers
|upkeep
|
|t:|1633793678
|switch|p2a: Entei|Entei|5/100
|-ability|p2a: Entei|Pressure
|turn|14
|
|t:|1633793680
|switch|p1a: Mamoswine|Mamoswine, M|74/100
|move|p2a: Entei|Sacred Fire|p1a: Mamoswine
|-supereffective|p1a: Mamoswine
|-damage|p1a: Mamoswine|0 fnt
|faint|p1a: Mamoswine
|
|-heal|p2a: Entei|12/100|[from] Grassy Terrain
|upkeep
|
|t:|1633793683
|switch|p1a: Krookodile|Krookodile, F|100/100
|turn|15
|
|t:|1633793685
|move|p1a: Krookodile|Stone Edge|p2a: Entei
|-supereffective|p2a: Entei
|-damage|p2a: Entei|0 fnt
|faint|p2a: Entei
|-ability|p1a: Krookodile|Moxie|boost
|-boost|p1a: Krookodile|atk|1
|
|upkeep
|
|t:|1633793690
|switch|p2a: Krookodile|Krookodile, M|100/100
|turn|16
|
|t:|1633793695
|switch|p1a: Tapu Bulu|Tapu Bulu|100/100
|move|p2a: Krookodile|Close Combat|p1a: Tapu Bulu
|-resisted|p1a: Tapu Bulu
|-damage|p1a: Tapu Bulu|79/100
|-unboost|p2a: Krookodile|def|1
|-unboost|p2a: Krookodile|spd|1
|
|-heal|p1a: Tapu Bulu|85/100|[from] Grassy Terrain
|-heal|p1a: Tapu Bulu|91/100|[from] item: Leftovers
|-fieldend|move: Grassy Terrain
|upkeep
|turn|17
|
|t:|1633793699
|move|p2a: Krookodile|Close Combat|p1a: Tapu Bulu
|-resisted|p1a: Tapu Bulu
|-damage|p1a: Tapu Bulu|72/100
|-unboost|p2a: Krookodile|def|1
|-unboost|p2a: Krookodile|spd|1
|move|p1a: Tapu Bulu|Horn Leech|p2a: Krookodile
|-supereffective|p2a: Krookodile
|-damage|p2a: Krookodile|0 fnt
|-heal|p1a: Tapu Bulu|100/100|[from] drain|[of] p2a: Krookodile
|faint|p2a: Krookodile
|
|upkeep
|
|t:|1633793705
|switch|p2a: Hydreigon|Hydreigon, F|100/100
|turn|18
|
|t:|1633793708
|switch|p1a: Rotom|Rotom-Heat|24/100
|move|p2a: Hydreigon|Fire Blast|p1a: Rotom
|-resisted|p1a: Rotom
|-damage|p1a: Rotom|1/100
|-damage|p2a: Hydreigon|91/100|[from] item: Life Orb
|
|upkeep
|turn|19
|
|t:|1633793713
|move|p2a: Hydreigon|Dark Pulse|p1a: Rotom
|-damage|p1a: Rotom|0 fnt
|faint|p1a: Rotom
|-damage|p2a: Hydreigon|81/100|[from] item: Life Orb
|
|upkeep
|
|t:|1633793715
|switch|p1a: Krookodile|Krookodile, F|100/100
|turn|20
|
|t:|1633793717
|move|p1a: Krookodile|Close Combat|p2a: Hydreigon
|-supereffective|p2a: Hydreigon
|-crit|p2a: Hydreigon
|-damage|p2a: Hydreigon|0 fnt
|-unboost|p1a: Krookodile|def|1
|-unboost|p1a: Krookodile|spd|1
|faint|p2a: Hydreigon
|-ability|p1a: Krookodile|Moxie|boost
|-boost|p1a: Krookodile|atk|1
|
|upkeep
|
|t:|1633793720
|switch|p2a: Regieleki|Regieleki|100/100
|turn|21
|
|t:|1633793722
|move|p2a: Regieleki|Ancient Power|p1a: Krookodile
|-resisted|p1a: Krookodile
|-damage|p1a: Krookodile|73/100
|move|p1a: Krookodile|Close Combat|p2a: Regieleki
|-damage|p2a: Regieleki|0 fnt
|-unboost|p1a: Krookodile|def|1
|-unboost|p1a: Krookodile|spd|1
|faint|p2a: Regieleki
|
|win|aaam
|raw|aaam's rating: 1348 &rarr; <strong>1368</strong><br />(+20 for winning)
|raw|aspicon's rating: 1341 &rarr; <strong>1321</strong><br />(-20 for losing)
|j| Negapi & Posipi
