|j|☆Xoyjaz
|j|☆pokemonisbun
|player|p1|Xoyjaz|lucas|1355
|player|p2|pokemonisbun|misty-gen2|1406
|teamsize|p1|6
|teamsize|p2|6
|gametype|singles
|gen|8
|tier|[Gen 8] UU
|rated|
|clearpoke
|poke|p1|Milotic, F|
|poke|p1|Darmanitan, F|
|poke|p1|Celebi|
|poke|p1|Cobalion|
|poke|p1|Golisopod, M|
|poke|p1|Rotom-Wash|
|poke|p2|Stunfisk-Galar, F|
|poke|p2|Mantine, F|
|poke|p2|Umbreon, F|
|poke|p2|Quagsire, M|
|poke|p2|Reuniclus, M|
|poke|p2|Weezing-Galar, M|
|rule|Sleep Clause Mod: Limit one foe put to sleep
|rule|Species Clause: Limit one of each Pokémon
|rule|OHKO Clause: OHKO moves are banned
|rule|Evasion Moves Clause: Evasion moves are banned
|rule|Endless Battle Clause: Forcing endless battles is banned
|rule|HP Percentage Mod: HP is shown in percentages
|rule|Dynamax Clause: You cannot dynamax
|teampreview
|inactive|Battle timer is ON: inactive players will automatically lose when time's up. (requested by Xoyjaz)
|
|start
|switch|p1a: Darmanitan|Darmanitan, F, shiny|100/100
|switch|p2a: Reuniclus|Reuniclus, M|100/100
|turn|1
|
|switch|p2a: splosh!|Quagsire, M|100/100
|move|p1a: Darmanitan|U-turn|p2a: splosh!
|-damage|p2a: splosh!|82/100
|
|switch|p1a: Celebi|Celebi, shiny|100/100|[from]move: U-turn
|
|-heal|p2a: splosh!|89/100|[from] item: Leftovers
|upkeep
|turn|2
|
|switch|p2a: Reuniclus|Reuniclus, M|100/100
|move|p1a: Celebi|Nasty Plot|p1a: Celebi
|-boost|p1a: Celebi|spa|2
|
|upkeep
|turn|3
|
|move|p1a: Celebi|Giga Drain|p2a: Reuniclus
|-damage|p2a: Reuniclus|45/100
|move|p2a: Reuniclus|Calm Mind|p2a: Reuniclus
|-boost|p2a: Reuniclus|spa|1
|-boost|p2a: Reuniclus|spd|1
|
|-heal|p2a: Reuniclus|51/100|[from] item: Leftovers
|upkeep
|turn|4
|
|move|p1a: Celebi|Giga Drain|p2a: Reuniclus
|-damage|p2a: Reuniclus|10/100
|move|p2a: Reuniclus|Recover|p2a: Reuniclus
|-heal|p2a: Reuniclus|60/100
|
|-heal|p2a: Reuniclus|66/100|[from] item: Leftovers
|upkeep
|turn|5
|
|move|p1a: Celebi|Giga Drain|p2a: Reuniclus
|-damage|p2a: Reuniclus|23/100
|move|p2a: Reuniclus|Recover|p2a: Reuniclus
|-heal|p2a: Reuniclus|73/100
|
|-heal|p2a: Reuniclus|79/100|[from] item: Leftovers
|upkeep
|turn|6
|
|move|p1a: Celebi|Nasty Plot|p1a: Celebi
|-boost|p1a: Celebi|spa|2
|move|p2a: Reuniclus|Calm Mind|p2a: Reuniclus
|-boost|p2a: Reuniclus|spa|1
|-boost|p2a: Reuniclus|spd|1
|
|-heal|p2a: Reuniclus|85/100|[from] item: Leftovers
|upkeep
|turn|7
|
|move|p1a: Celebi|Giga Drain|p2a: Reuniclus
|-damage|p2a: Reuniclus|43/100
|move|p2a: Reuniclus|Calm Mind|p2a: Reuniclus
|-boost|p2a: Reuniclus|spa|1
|-boost|p2a: Reuniclus|spd|1
|
|-heal|p2a: Reuniclus|50/100|[from] item: Leftovers
|upkeep
|turn|8
|
|move|p1a: Celebi|Giga Drain|p2a: Reuniclus
|-damage|p2a: Reuniclus|15/100
|move|p2a: Reuniclus|Recover|p2a: Reuniclus
|-heal|p2a: Reuniclus|65/100
|
|-heal|p2a: Reuniclus|71/100|[from] item: Leftovers
|upkeep
|turn|9
|
|move|p1a: Celebi|Nasty Plot|p1a: Celebi
|-boost|p1a: Celebi|spa|2
|move|p2a: Reuniclus|Calm Mind|p2a: Reuniclus
|-boost|p2a: Reuniclus|spa|1
|-boost|p2a: Reuniclus|spd|1
|
|-heal|p2a: Reuniclus|77/100|[from] item: Leftovers
|upkeep
|turn|10
|
|move|p1a: Celebi|Psychic|p2a: Reuniclus
|-resisted|p2a: Reuniclus
|-damage|p2a: Reuniclus|51/100
|move|p2a: Reuniclus|Recover|p2a: Reuniclus
|-heal|p2a: Reuniclus|100/100
|
|upkeep
|turn|11
|
|move|p1a: Celebi|Psychic|p2a: Reuniclus
|-resisted|p2a: Reuniclus
|-damage|p2a: Reuniclus|75/100
|move|p2a: Reuniclus|Calm Mind|p2a: Reuniclus
|-boost|p2a: Reuniclus|spa|1
|-boost|p2a: Reuniclus|spd|1
|
|-heal|p2a: Reuniclus|81/100|[from] item: Leftovers
|upkeep
|turn|12
|
|move|p1a: Celebi|Psychic|p2a: Reuniclus
|-resisted|p2a: Reuniclus
|-damage|p2a: Reuniclus|61/100
|move|p2a: Reuniclus|Calm Mind|p2a: Reuniclus
|-boost|p2a: Reuniclus|spa|1
|-boost|p2a: Reuniclus|spd|1
|
|-heal|p2a: Reuniclus|67/100|[from] item: Leftovers
|upkeep
|turn|13
|
|move|p1a: Celebi|Giga Drain|p2a: Reuniclus
|-damage|p2a: Reuniclus|37/100
|move|p2a: Reuniclus|Recover|p2a: Reuniclus
|-heal|p2a: Reuniclus|87/100
|
|-heal|p2a: Reuniclus|93/100|[from] item: Leftovers
|upkeep
|turn|14
|
|move|p1a: Celebi|Giga Drain|p2a: Reuniclus
|-damage|p2a: Reuniclus|63/100
|move|p2a: Reuniclus|Iron Defense|p2a: Reuniclus
|-boost|p2a: Reuniclus|def|2
|
|-heal|p2a: Reuniclus|69/100|[from] item: Leftovers
|upkeep
|turn|15
|
|move|p1a: Celebi|Giga Drain|p2a: Reuniclus
|-damage|p2a: Reuniclus|36/100
|move|p2a: Reuniclus|Recover|p2a: Reuniclus
|-heal|p2a: Reuniclus|86/100
|
|-heal|p2a: Reuniclus|92/100|[from] item: Leftovers
|upkeep
|turn|16
|
|move|p1a: Celebi|Giga Drain|p2a: Reuniclus
|-damage|p2a: Reuniclus|62/100
|move|p2a: Reuniclus|Iron Defense|p2a: Reuniclus
|-boost|p2a: Reuniclus|def|2
|
|-heal|p2a: Reuniclus|68/100|[from] item: Leftovers
|upkeep
|turn|17
|
|switch|p1a: SiVer Donkey|Cobalion, shiny|100/100
|move|p2a: Reuniclus|Stored Power|p1a: SiVer Donkey
|-damage|p1a: SiVer Donkey|0 fnt
|faint|p1a: SiVer Donkey
|
|-heal|p2a: Reuniclus|74/100|[from] item: Leftovers
|upkeep
|
|switch|p1a: Golisopod|Golisopod, M|100/100
|turn|18
|
|move|p1a: Golisopod|Leech Life|p2a: Reuniclus
|-supereffective|p2a: Reuniclus
|-damage|p2a: Reuniclus|46/100
|-damage|p1a: Golisopod|90/100|[from] item: Life Orb
|move|p2a: Reuniclus|Recover|p2a: Reuniclus
|-heal|p2a: Reuniclus|96/100
|
|-heal|p2a: Reuniclus|100/100|[from] item: Leftovers
|upkeep
|turn|19
|-message|Xoyjaz forfeited.
|
|win|pokemonisbun
|l|☆Xoyjaz
||Ladder (probably) updated, but score could not be retrieved (Response not received).
