|j|☆IndeedeIsKing
|j|☆DLLT Wuchtbrumme
|t:|1667661757
|gametype|singles
|player|p1|IndeedeIsKing|doctor-gen8|1547
|player|p2|DLLT Wuchtbrumme|wallace|1574
|teamsize|p1|6
|teamsize|p2|6
|gen|8
|tier|[Gen 8] UU
|rated|
|rule|Sleep Clause Mod: Limit one foe put to sleep
|rule|Species Clause: Limit one of each Pokémon
|rule|OHKO Clause: OHKO moves are banned
|rule|Evasion Items Clause: Evasion items are banned
|rule|Evasion Moves Clause: Evasion moves are banned
|rule|Endless Battle Clause: Forcing endless battles is banned
|rule|HP Percentage Mod: HP is shown in percentages
|rule|Dynamax Clause: You cannot dynamax
|clearpoke
|poke|p1|Azelf|
|poke|p1|Zarude|
|poke|p1|Thundurus-Therian, M|
|poke|p1|Regieleki|
|poke|p1|Diggersby, F|
|poke|p1|Cobalion|
|poke|p2|Porygon2|
|poke|p2|Marowak-Alola, M|
|poke|p2|Cresselia, F|
|poke|p2|Conkeldurr, M|
|poke|p2|Primarina, M|
|poke|p2|Weezing-Galar, M|
|teampreview
|inactive|Battle timer is ON: inactive players will automatically lose when time's up. (requested by IndeedeIsKing)
|
|t:|1667661775
|start
|switch|p1a: Cobalion|Cobalion|100/100
|switch|p2a: Porygon2|Porygon2|100/100
|-ability|p2a: Porygon2|Justified|[from] ability: Trace|[of] p1a: Cobalion
|turn|1
|
|t:|1667661796
|switch|p2a: Primarina|Primarina, M|100/100
|move|p1a: Cobalion|Stealth Rock|p2a: Primarina
|-sidestart|p2: DLLT Wuchtbrumme|move: Stealth Rock
|
|upkeep
|turn|2
|
|t:|1667661803
|move|p1a: Cobalion|Iron Head|p2a: Primarina
|-damage|p2a: Primarina|59/100
|cant|p2a: Primarina|flinch
|
|upkeep
|turn|3
|
|t:|1667661808
|move|p1a: Cobalion|Iron Head|p2a: Primarina
|-crit|p2a: Primarina
|-damage|p2a: Primarina|0 fnt
|faint|p2a: Primarina
|
|upkeep
|c|☆DLLT Wuchtbrumme|wtf
|inactive|DLLT Wuchtbrumme has 120 seconds left.
|c|☆DLLT Wuchtbrumme|even two high roles
|c|☆DLLT Wuchtbrumme|with the crit
|c|☆DLLT Wuchtbrumme|lmao
|
|t:|1667661849
|switch|p2a: Marowak|Marowak-Alola, M|100/100
|-damage|p2a: Marowak|76/100|[from] Stealth Rock
|turn|4
|
|t:|1667661869
|move|p1a: Cobalion|Volt Switch|p2a: Marowak
|-damage|p2a: Marowak|58/100
|
|t:|1667661877
|switch|p1a: Thundurus|Thundurus-Therian, M|100/100|[from]move: Volt Switch
|move|p2a: Marowak|Flare Blitz|p1a: Thundurus
|-damage|p1a: Thundurus|0 fnt
|faint|p1a: Thundurus
|
|upkeep
|
|t:|1667661889
|switch|p1a: Azelf|Azelf|100/100
|turn|5
|
|t:|1667661903
|move|p1a: Azelf|Psychic|p2a: Marowak
|-damage|p2a: Marowak|4/100
|move|p2a: Marowak|Flare Blitz|p1a: Azelf
|-damage|p1a: Azelf|0 fnt
|faint|p1a: Azelf
|
|upkeep
|
|t:|1667661908
|switch|p1a: Regieleki|Regieleki|100/100
|turn|6
|inactive|DLLT Wuchtbrumme has 120 seconds left.
|
|t:|1667661933
|switch|p2a: Weezing|Weezing-Galar, M|100/100
|-ability|p2a: Weezing|Neutralizing Gas
|-damage|p2a: Weezing|88/100|[from] Stealth Rock
|move|p1a: Regieleki|Volt Switch|p2a: Weezing
|-damage|p2a: Weezing|48/100
|
|t:|1667661939
|switch|p1a: Diggersby|Diggersby, F|100/100|[from]move: Volt Switch
|
|-heal|p2a: Weezing|53/100|[from] item: Black Sludge
|upkeep
|turn|7
|
|t:|1667661951
|move|p1a: Diggersby|Earthquake|p2a: Weezing
|-supereffective|p2a: Weezing
|-damage|p2a: Weezing|16/100
|move|p2a: Weezing|Strange Steam|p1a: Diggersby
|-damage|p1a: Diggersby|61/100
|
|-heal|p2a: Weezing|22/100|[from] item: Black Sludge
|upkeep
|turn|8
|
|t:|1667661966
|switch|p1a: Regieleki|Regieleki|100/100
|move|p2a: Weezing|Strange Steam|p1a: Regieleki
|-damage|p1a: Regieleki|50/100
|
|-heal|p2a: Weezing|28/100|[from] item: Black Sludge
|upkeep
|turn|9
|
|t:|1667661975
|move|p1a: Regieleki|Thunderbolt|p2a: Weezing
|-damage|p2a: Weezing|0 fnt
|faint|p2a: Weezing
|-end|p2a: Weezing|ability: Neutralizing Gas
|
|upkeep
|inactive|DLLT Wuchtbrumme has 120 seconds left.
|
|t:|1667662014
|switch|p2a: Porygon2|Porygon2|100/100
|-damage|p2a: Porygon2|88/100|[from] Stealth Rock
|-ability|p2a: Porygon2|Transistor|[from] ability: Trace|[of] p1a: Regieleki
|turn|10
|
|t:|1667662025
|move|p1a: Regieleki|Volt Switch|p2a: Porygon2
|-damage|p2a: Porygon2|68/100
|
|t:|1667662027
|switch|p1a: Cobalion|Cobalion|100/100|[from]move: Volt Switch
|move|p2a: Porygon2|Trick Room|p2a: Porygon2
|-fieldstart|move: Trick Room|[of] p2a: Porygon2
|
|upkeep
|turn|11
|
|t:|1667662038
|move|p1a: Cobalion|Iron Head|p2a: Porygon2
|-damage|p2a: Porygon2|47/100
|move|p2a: Porygon2|Teleport|p2a: Porygon2
|
|t:|1667662042
|switch|p2a: Conkeldurr|Conkeldurr, M|100/100|[from]move: Teleport
|-damage|p2a: Conkeldurr|94/100|[from] Stealth Rock
|
|-status|p2a: Conkeldurr|brn|[from] item: Flame Orb
|upkeep
|turn|12
|
|t:|1667662062
|move|p2a: Conkeldurr|Close Combat|p1a: Cobalion
|-supereffective|p1a: Cobalion
|-damage|p1a: Cobalion|0 fnt
|-unboost|p2a: Conkeldurr|def|1
|-unboost|p2a: Conkeldurr|spd|1
|-damage|p2a: Conkeldurr|78/100 brn|[from] item: Rocky Helmet|[of] p1a: Cobalion
|faint|p1a: Cobalion
|
|-damage|p2a: Conkeldurr|72/100 brn|[from] brn
|upkeep
|
|t:|1667662080
|switch|p1a: Diggersby|Diggersby, F|61/100
|turn|13
|
|t:|1667662083
|move|p2a: Conkeldurr|Mach Punch|p1a: Diggersby
|-supereffective|p1a: Diggersby
|-damage|p1a: Diggersby|0 fnt
|faint|p1a: Diggersby
|
|-damage|p2a: Conkeldurr|66/100 brn|[from] brn
|upkeep
|
|t:|1667662093
|switch|p1a: Regieleki|Regieleki|50/100
|turn|14
|
|t:|1667662110
|move|p2a: Conkeldurr|Mach Punch|p1a: Regieleki
|-damage|p1a: Regieleki|0 fnt
|faint|p1a: Regieleki
|
|-damage|p2a: Conkeldurr|60/100 brn|[from] brn
|-fieldend|move: Trick Room
|upkeep
|
|t:|1667662113
|switch|p1a: Zarude|Zarude|100/100
|turn|15
|
|t:|1667662119
|move|p1a: Zarude|Power Whip|p2a: Conkeldurr|[miss]
|-miss|p1a: Zarude|p2a: Conkeldurr
|move|p2a: Conkeldurr|Close Combat|p1a: Zarude
|-supereffective|p1a: Zarude
|-damage|p1a: Zarude|0 fnt
|-unboost|p2a: Conkeldurr|def|1
|-unboost|p2a: Conkeldurr|spd|1
|faint|p1a: Zarude
|
|win|DLLT Wuchtbrumme
|raw|IndeedeIsKing's rating: 1547 &rarr; <strong>1529</strong><br />(-18 for losing)
|raw|DLLT Wuchtbrumme's rating: 1574 &rarr; <strong>1592</strong><br />(+18 for winning)
|c|☆DLLT Wuchtbrumme|rip
|c|☆DLLT Wuchtbrumme|G_G
|c|☆IndeedeIsKing|GG
