|inactive|Battle timer is ON: inactive players will automatically lose when time's up.
|j|☆swoopyx
|j|☆ChloraSucks
|t:|1666482282
|gametype|singles
|player|p1|swoopyx|lucas|
|player|p2|ChloraSucks|plasmagruntf-gen5bw|
|teamsize|p1|6
|teamsize|p2|6
|gen|8
|tier|[Gen 8] UU
|rated|Tournament battle
|rule|Sleep Clause Mod: Limit one foe put to sleep
|rule|Species Clause: Limit one of each Pokémon
|rule|OHKO Clause: OHKO moves are banned
|rule|Evasion Items Clause: Evasion items are banned
|rule|Evasion Moves Clause: Evasion moves are banned
|rule|Endless Battle Clause: Forcing endless battles is banned
|rule|HP Percentage Mod: HP is shown in percentages
|rule|Dynamax Clause: You cannot dynamax
|rule|Blitz: Super-fast timer
|clearpoke
|poke|p1|Lycanroc-Dusk, M|
|poke|p1|Nihilego|
|poke|p1|Skarmory, M|
|poke|p1|Hippowdon, M|
|poke|p1|Hatterene, F|
|poke|p1|Zarude|
|poke|p2|Cobalion|
|poke|p2|Umbreon, F|
|poke|p2|Rotom-Wash|
|poke|p2|Nihilego|
|poke|p2|Celesteela|
|poke|p2|Darmanitan, M|
|teampreview
|j| TheLogImusPrime
|inactive|swoopyx has 30 seconds left.
|c| TheLogImusPrime|gl
|j| reckless driving
|l| reckless driving
|inactive|swoopyx has 20 seconds left.
|c| TheLogImusPrime|swoop you whooped my ass you better win smh
|inactive|swoopyx has 15 seconds left.
|c|☆ChloraSucks|Glhf
|inactive|swoopyx has 10 seconds left.
|c|☆swoopyx|u2
|
|t:|1666482317
|start
|switch|p1a: Hippowdon|Hippowdon, M|100/100
|switch|p2a: Cobalion|Cobalion|100/100
|-weather|Sandstorm|[from] ability: Sand Stream|[of] p1a: Hippowdon
|turn|1
|
|t:|1666482321
|move|p2a: Cobalion|Stealth Rock|p1a: Hippowdon
|-sidestart|p1: swoopyx|move: Stealth Rock
|move|p1a: Hippowdon|Earthquake|p2a: Cobalion
|-supereffective|p2a: Cobalion
|-damage|p2a: Cobalion|34/100
|
|-weather|Sandstorm|[upkeep]
|upkeep
|turn|2
|
|t:|1666482324
|switch|p2a: Rotom|Rotom-Wash, shiny|100/100
|move|p1a: Hippowdon|Stealth Rock|p2a: Rotom
|-sidestart|p2: ChloraSucks|move: Stealth Rock
|
|-weather|Sandstorm|[upkeep]
|-damage|p2a: Rotom|94/100|[from] Sandstorm
|-heal|p2a: Rotom|100/100|[from] item: Leftovers
|upkeep
|turn|3
|
|t:|1666482328
|move|p2a: Rotom|Hydro Pump|p1a: Hippowdon|[miss]
|-miss|p2a: Rotom|p1a: Hippowdon
|move|p1a: Hippowdon|Toxic|p2a: Rotom
|-status|p2a: Rotom|tox
|
|-weather|Sandstorm|[upkeep]
|-damage|p2a: Rotom|94/100 tox|[from] Sandstorm
|-heal|p2a: Rotom|100/100 tox|[from] item: Leftovers
|-damage|p2a: Rotom|94/100 tox|[from] psn
|upkeep
|turn|4
|
|t:|1666482331
|move|p2a: Rotom|Hydro Pump|p1a: Hippowdon
|-supereffective|p1a: Hippowdon
|-damage|p1a: Hippowdon|13/100
|move|p1a: Hippowdon|Slack Off|p1a: Hippowdon
|-heal|p1a: Hippowdon|63/100
|
|-weather|Sandstorm|[upkeep]
|-damage|p2a: Rotom|88/100 tox|[from] Sandstorm
|-heal|p2a: Rotom|94/100 tox|[from] item: Leftovers
|-heal|p1a: Hippowdon|70/100|[from] item: Leftovers
|-damage|p2a: Rotom|82/100 tox|[from] psn
|upkeep
|turn|5
|
|t:|1666482334
|switch|p1a: Zarude|Zarude|100/100
|-damage|p1a: Zarude|88/100|[from] Stealth Rock
|move|p2a: Rotom|Defog|p1a: Zarude
|-unboost|p1a: Zarude|evasion|1
|-sideend|p1: swoopyx|Stealth Rock|[from] move: Defog|[of] p2a: Rotom
|-sideend|p2: ChloraSucks|Stealth Rock|[from] move: Defog|[of] p2a: Rotom
|
|-weather|none
|-heal|p2a: Rotom|88/100 tox|[from] item: Leftovers
|-damage|p2a: Rotom|69/100 tox|[from] psn
|upkeep
|turn|6
|inactive|ChloraSucks has 10 seconds left.
|
|t:|1666482340
|switch|p2a: Celesteela|Celesteela|100/100
|move|p1a: Zarude|U-turn|p2a: Celesteela
|-resisted|p2a: Celesteela
|-damage|p2a: Celesteela|97/100
|
|t:|1666482343
|switch|p1a: Hippowdon|Hippowdon, M|70/100|[from]move: U-turn
|-weather|Sandstorm|[from] ability: Sand Stream|[of] p1a: Hippowdon
|
|-weather|Sandstorm|[upkeep]
|-heal|p2a: Celesteela|100/100|[from] item: Leftovers
|-heal|p1a: Hippowdon|76/100|[from] item: Leftovers
|upkeep
|turn|7
|
|t:|1666482346
|move|p2a: Celesteela|Leech Seed|p1a: Hippowdon
|-start|p1a: Hippowdon|move: Leech Seed
|move|p1a: Hippowdon|Stealth Rock|p2a: Celesteela
|-sidestart|p2: ChloraSucks|move: Stealth Rock
|
|-weather|Sandstorm|[upkeep]
|-heal|p1a: Hippowdon|82/100|[from] item: Leftovers
|-damage|p1a: Hippowdon|70/100|[from] Leech Seed|[of] p2a: Celesteela
|upkeep
|turn|8
|
|t:|1666482349
|switch|p1a: Skarmory|Skarmory, M|100/100
|move|p2a: Celesteela|Toxic|p1a: Skarmory
|-immune|p1a: Skarmory
|
|-weather|Sandstorm|[upkeep]
|upkeep
|turn|9
|inactive|swoopyx has 10 seconds left.
|
|t:|1666482355
|move|p1a: Skarmory|Spikes|p2a: Celesteela
|-sidestart|p2: ChloraSucks|Spikes
|move|p2a: Celesteela|Leech Seed|p1a: Skarmory|[miss]
|-miss|p2a: Celesteela|p1a: Skarmory
|
|-weather|Sandstorm|[upkeep]
|upkeep
|turn|10
|
|t:|1666482359
|move|p1a: Skarmory|Body Press|p2a: Celesteela
|-damage|p2a: Celesteela|81/100
|move|p2a: Celesteela|Leech Seed|p1a: Skarmory
|-start|p1a: Skarmory|move: Leech Seed
|
|-weather|none
|-heal|p2a: Celesteela|87/100|[from] item: Leftovers
|-damage|p1a: Skarmory|88/100|[from] Leech Seed|[of] p2a: Celesteela
|-heal|p2a: Celesteela|97/100|[silent]
|upkeep
|turn|11
|
|t:|1666482362
|switch|p1a: Zarude|Zarude|88/100
|switch|p2a: Rotom|Rotom-Wash, shiny|69/100 tox
|-damage|p2a: Rotom|57/100 tox|[from] Stealth Rock
|
|-heal|p2a: Rotom|63/100 tox|[from] item: Leftovers
|-damage|p2a: Rotom|57/100 tox|[from] psn
|upkeep
|turn|12
|inactive|ChloraSucks has 10 seconds left.
|
|t:|1666482368
|switch|p2a: Celesteela|Celesteela|97/100
|-damage|p2a: Celesteela|85/100|[from] Stealth Rock
|move|p1a: Zarude|Close Combat|p2a: Celesteela
|-damage|p2a: Celesteela|62/100
|-unboost|p1a: Zarude|def|1
|-unboost|p1a: Zarude|spd|1
|
|-heal|p2a: Celesteela|68/100|[from] item: Leftovers
|upkeep
|turn|13
|inactive|ChloraSucks has 10 seconds left.
|
|t:|1666482373
|switch|p1a: Hatterene|Hatterene, F|100/100
|move|p2a: Celesteela|Flamethrower|p1a: Hatterene
|-damage|p1a: Hatterene|79/100
|
|-heal|p2a: Celesteela|74/100|[from] item: Leftovers
|-heal|p1a: Hatterene|85/100|[from] item: Leftovers
|upkeep
|turn|14
|j| Snowstorm brute
|
|t:|1666482378
|switch|p1a: Skarmory|Skarmory, M|88/100
|move|p2a: Celesteela|Heavy Slam|p1a: Skarmory
|-resisted|p1a: Skarmory
|-damage|p1a: Skarmory|75/100
|-damage|p2a: Celesteela|58/100|[from] item: Rocky Helmet|[of] p1a: Skarmory
|
|-heal|p2a: Celesteela|64/100|[from] item: Leftovers
|upkeep
|turn|15
|
|t:|1666482381
|switch|p1a: Hatterene|Hatterene, F|85/100
|move|p2a: Celesteela|Leech Seed|p1a: Hatterene
|move|p1a: Hatterene|Leech Seed|p2a: Celesteela|[from]ability: Magic Bounce
|-start|p2a: Celesteela|move: Leech Seed
|
|-heal|p2a: Celesteela|70/100|[from] item: Leftovers
|-heal|p1a: Hatterene|91/100|[from] item: Leftovers
|-damage|p2a: Celesteela|58/100|[from] Leech Seed|[of] p1a: Hatterene
|-heal|p1a: Hatterene|100/100|[silent]
|upkeep
|turn|16
|inactive|swoopyx has 10 seconds left.
|
|t:|1666482389
|switch|p2a: Cobalion|Cobalion|34/100
|-damage|p2a: Cobalion|31/100|[from] Stealth Rock
|-damage|p2a: Cobalion|18/100|[from] Spikes
|switch|p1a: Skarmory|Skarmory, M|75/100
|
|upkeep
|turn|17
|
|t:|1666482393
|move|p2a: Cobalion|Volt Switch|p1a: Skarmory
|-supereffective|p1a: Skarmory
|-damage|p1a: Skarmory|41/100
|
|t:|1666482397
|switch|p2a: Celesteela|Celesteela|58/100|[from]move: Volt Switch
|-damage|p2a: Celesteela|45/100|[from] Stealth Rock
|move|p1a: Skarmory|Body Press|p2a: Celesteela
|-damage|p2a: Celesteela|27/100
|
|-heal|p2a: Celesteela|33/100|[from] item: Leftovers
|upkeep
|turn|18
|
|t:|1666482399
|move|p1a: Skarmory|Roost|p1a: Skarmory
|-heal|p1a: Skarmory|91/100
|-singleturn|p1a: Skarmory|move: Roost
|move|p2a: Celesteela|Flamethrower|p1a: Skarmory
|-supereffective|p1a: Skarmory
|-crit|p1a: Skarmory
|-damage|p1a: Skarmory|2/100
|
|-heal|p2a: Celesteela|39/100|[from] item: Leftovers
|upkeep
|turn|19
|inactive|swoopyx has 10 seconds left.
|
|t:|1666482404
|move|p1a: Skarmory|Roost|p1a: Skarmory
|-heal|p1a: Skarmory|52/100
|-singleturn|p1a: Skarmory|move: Roost
|move|p2a: Celesteela|Leech Seed|p1a: Skarmory
|-start|p1a: Skarmory|move: Leech Seed
|
|-heal|p2a: Celesteela|45/100|[from] item: Leftovers
|-damage|p1a: Skarmory|40/100|[from] Leech Seed|[of] p2a: Celesteela
|-heal|p2a: Celesteela|55/100|[silent]
|upkeep
|turn|20
|inactive|swoopyx has 10 seconds left.
|
|t:|1666482409
|switch|p1a: Lycanroc|Lycanroc-Dusk, M|100/100
|move|p2a: Celesteela|Flamethrower|p1a: Lycanroc
|-resisted|p1a: Lycanroc
|-damage|p1a: Lycanroc|83/100
|
|-heal|p2a: Celesteela|61/100|[from] item: Leftovers
|upkeep
|turn|21
|
|t:|1666482414
|switch|p2a: Cobalion|Cobalion|18/100
|-damage|p2a: Cobalion|15/100|[from] Stealth Rock
|-damage|p2a: Cobalion|3/100|[from] Spikes
|move|p1a: Lycanroc|Close Combat|p2a: Cobalion
|-supereffective|p2a: Cobalion
|-damage|p2a: Cobalion|0 fnt
|-unboost|p1a: Lycanroc|def|1
|-unboost|p1a: Lycanroc|spd|1
|-damage|p1a: Lycanroc|67/100|[from] item: Rocky Helmet|[of] p2a: Cobalion
|faint|p2a: Cobalion
|
|upkeep
|inactive|ChloraSucks has 10 seconds left.
|
|t:|1666482422
|switch|p2a: Darmanitan|Darmanitan, M|100/100
|-damage|p2a: Darmanitan|76/100|[from] Stealth Rock
|-damage|p2a: Darmanitan|63/100|[from] Spikes
|turn|22
|inactive|swoopyx has 10 seconds left.
|
|t:|1666482428
|switch|p1a: Skarmory|Skarmory, M|40/100
|move|p2a: Darmanitan|U-turn|p1a: Skarmory
|-resisted|p1a: Skarmory
|-damage|p1a: Skarmory|36/100
|-damage|p2a: Darmanitan|47/100|[from] item: Rocky Helmet|[of] p1a: Skarmory
|
|t:|1666482431
|switch|p2a: Rotom|Rotom-Wash, shiny|57/100 tox|[from]move: U-turn
|-damage|p2a: Rotom|44/100 tox|[from] Stealth Rock
|
|-heal|p2a: Rotom|50/100 tox|[from] item: Leftovers
|-damage|p2a: Rotom|44/100 tox|[from] psn
|upkeep
|turn|23
|
|t:|1666482434
|move|p2a: Rotom|Defog|p1a: Skarmory
|-unboost|p1a: Skarmory|evasion|1
|-sideend|p2: ChloraSucks|Spikes|[from] move: Defog|[of] p2a: Rotom
|-sideend|p2: ChloraSucks|Stealth Rock|[from] move: Defog|[of] p2a: Rotom
|move|p1a: Skarmory|Roost|p1a: Skarmory
|-heal|p1a: Skarmory|86/100
|-singleturn|p1a: Skarmory|move: Roost
|
|-heal|p2a: Rotom|50/100 tox|[from] item: Leftovers
|-damage|p2a: Rotom|38/100 tox|[from] psn
|upkeep
|turn|24
|
|t:|1666482437
|switch|p1a: Zarude|Zarude|88/100
|move|p2a: Rotom|Volt Switch|p1a: Zarude
|-resisted|p1a: Zarude
|-damage|p1a: Zarude|73/100
|
|t:|1666482441
|switch|p2a: Celesteela|Celesteela|61/100|[from]move: Volt Switch
|
|-heal|p2a: Celesteela|67/100|[from] item: Leftovers
|upkeep
|turn|25
|
|t:|1666482443
|move|p1a: Zarude|U-turn|p2a: Celesteela
|-resisted|p2a: Celesteela
|-damage|p2a: Celesteela|64/100
|
|t:|1666482445
|switch|p1a: Hatterene|Hatterene, F|100/100|[from]move: U-turn
|move|p2a: Celesteela|Heavy Slam|p1a: Hatterene
|-supereffective|p1a: Hatterene
|-damage|p1a: Hatterene|34/100
|
|-heal|p2a: Celesteela|70/100|[from] item: Leftovers
|-heal|p1a: Hatterene|40/100|[from] item: Leftovers
|upkeep
|turn|26
|
|t:|1666482448
|move|p2a: Celesteela|Heavy Slam|p1a: Hatterene
|-supereffective|p1a: Hatterene
|-damage|p1a: Hatterene|0 fnt
|faint|p1a: Hatterene
|-ability|p2a: Celesteela|Beast Boost|boost
|-boost|p2a: Celesteela|def|1
|
|-heal|p2a: Celesteela|76/100|[from] item: Leftovers
|upkeep
|j| Micciu20250
|inactive|swoopyx has 10 seconds left.
|
|t:|1666482453
|switch|p1a: Lycanroc|Lycanroc-Dusk, M|67/100
|turn|27
|
|t:|1666482455
|move|p1a: Lycanroc|Close Combat|p2a: Celesteela
|-damage|p2a: Celesteela|46/100
|-unboost|p1a: Lycanroc|def|1
|-unboost|p1a: Lycanroc|spd|1
|move|p2a: Celesteela|Heavy Slam|p1a: Lycanroc
|-supereffective|p1a: Lycanroc
|-damage|p1a: Lycanroc|0 fnt
|faint|p1a: Lycanroc
|-ability|p2a: Celesteela|Beast Boost|boost
|-boost|p2a: Celesteela|def|1
|
|-heal|p2a: Celesteela|52/100|[from] item: Leftovers
|upkeep
|
|t:|1666482457
|switch|p1a: Nihilego|Nihilego|100/100
|turn|28
|
|t:|1666482459
|move|p1a: Nihilego|Meteor Beam||[still]
|-prepare|p1a: Nihilego|Meteor Beam
|-boost|p1a: Nihilego|spa|1
|-enditem|p1a: Nihilego|Power Herb
|-anim|p1a: Nihilego|Meteor Beam|p2a: Celesteela
|-damage|p2a: Celesteela|0 fnt
|faint|p2a: Celesteela
|-ability|p1a: Nihilego|Beast Boost|boost
|-boost|p1a: Nihilego|spe|1
|
|upkeep
|inactive|ChloraSucks has 10 seconds left.
|
|t:|1666482468
|switch|p2a: Umbreon|Umbreon, F, shiny|100/100
|turn|29
|
|t:|1666482470
|move|p1a: Nihilego|Meteor Beam||[still]
|-prepare|p1a: Nihilego|Meteor Beam
|-boost|p1a: Nihilego|spa|1
|move|p2a: Umbreon|Foul Play|p1a: Nihilego
|-damage|p1a: Nihilego|75/100
|
|upkeep
|turn|30
|
|t:|1666482472
|move|p2a: Umbreon|Protect|p2a: Umbreon
|-singleturn|p2a: Umbreon|Protect
|move|p1a: Nihilego|Meteor Beam|p2a: Umbreon|[from]lockedmove
|-activate|p2a: Umbreon|move: Protect
|
|upkeep
|turn|31
|
|t:|1666482475
|move|p1a: Nihilego|Sludge Wave|p2a: Umbreon
|-damage|p2a: Umbreon|51/100
|move|p2a: Umbreon|Foul Play|p1a: Nihilego
|-damage|p1a: Nihilego|48/100
|
|-heal|p2a: Umbreon|57/100|[from] item: Leftovers
|upkeep
|turn|32
|
|t:|1666482478
|move|p2a: Umbreon|Protect|p2a: Umbreon
|-singleturn|p2a: Umbreon|Protect
|move|p1a: Nihilego|Meteor Beam||[still]
|-prepare|p1a: Nihilego|Meteor Beam
|-boost|p1a: Nihilego|spa|1
|
|-heal|p2a: Umbreon|63/100|[from] item: Leftovers
|upkeep
|turn|33
|
|t:|1666482481
|move|p2a: Umbreon|Protect||[still]
|-fail|p2a: Umbreon
|move|p1a: Nihilego|Meteor Beam|p2a: Umbreon|[from]lockedmove
|-damage|p2a: Umbreon|0 fnt
|faint|p2a: Umbreon
|-ability|p1a: Nihilego|Beast Boost|boost
|-boost|p1a: Nihilego|spe|1
|
|upkeep
|
|t:|1666482485
|switch|p2a: Nihilego|Nihilego, shiny|100/100
|turn|34
|
|t:|1666482486
|move|p1a: Nihilego|Thunderbolt|p2a: Nihilego
|-damage|p2a: Nihilego|43/100
|move|p2a: Nihilego|Meteor Beam||[still]
|-prepare|p2a: Nihilego|Meteor Beam
|-boost|p2a: Nihilego|spa|1
|-enditem|p2a: Nihilego|Power Herb
|-anim|p2a: Nihilego|Meteor Beam|p1a: Nihilego
|-damage|p1a: Nihilego|0 fnt
|faint|p1a: Nihilego
|-ability|p2a: Nihilego|Beast Boost|boost
|-boost|p2a: Nihilego|spe|1
|
|upkeep
|
|t:|1666482490
|switch|p1a: Zarude|Zarude|73/100
|turn|35
|
|t:|1666482493
|move|p1a: Zarude|Darkest Lariat|p2a: Nihilego
|-damage|p2a: Nihilego|0 fnt
|faint|p2a: Nihilego
|
|upkeep
|inactive|ChloraSucks has 10 seconds left.
|-message|ChloraSucks forfeited.
|
|win|swoopyx
|n|☆swoopyx|swoopyx
|n|☆ChloraSucks|chlorasucks
|n| TheLogImusPrime|thelogimusprime
|n| Snowstorm brute|snowstormbrute
|n| Micciu20250|micciu20250
