|html|<div class="broadcast-blue"><strong>[Gen 8] UU is currently suspecting Kommo-o! For information on how to participate check out the <a href="https://www.smogon.com/forums/threads/np-ss-uu-stage-10-2-sickommo-ode.3693129/">suspect thread</a>.</strong></div>
|j|☆Monsteruser
|j|☆Bsuuuu
|t:|1636420760
|gametype|singles
|player|p1|Monsteruser|lucian|
|player|p2|Bsuuuu|43|
|teamsize|p1|6
|teamsize|p2|6
|gen|8
|tier|[Gen 8] UU
|rated|Tournament battle
|rule|Sleep Clause Mod: Limit one foe put to sleep
|rule|Species Clause: Limit one of each Pokémon
|rule|OHKO Clause: OHKO moves are banned
|rule|Evasion Moves Clause: Evasion moves are banned
|rule|Endless Battle Clause: Forcing endless battles is banned
|rule|HP Percentage Mod: HP is shown in percentages
|rule|Dynamax Clause: You cannot dynamax
|clearpoke
|poke|p1|Tangrowth, F|
|poke|p1|Azumarill, F|
|poke|p1|Moltres|
|poke|p1|Hydreigon, M|
|poke|p1|Aegislash, F|
|poke|p1|Conkeldurr, F|
|poke|p2|Hydreigon, M|
|poke|p2|Keldeo-Resolute|
|poke|p2|Amoonguss, M|
|poke|p2|Zarude|
|poke|p2|Nihilego|
|poke|p2|Chansey, F|
|teampreview
|j|%Codename Magnum
|j| AerialLadder
|
|t:|1636420822
|start
|switch|p1a: Conkeldurr|Conkeldurr, F|100/100
|switch|p2a: Nihilego|Nihilego|100/100
|turn|1
|j| Wahoo Taco
|l| Wahoo Taco
|
|t:|1636420863
|move|p2a: Nihilego|Stealth Rock|p1a: Conkeldurr
|-sidestart|p1: Monsteruser|move: Stealth Rock
|move|p1a: Conkeldurr|Drain Punch|p2a: Nihilego
|-damage|p2a: Nihilego|22/100
|
|-status|p1a: Conkeldurr|brn|[from] item: Flame Orb
|upkeep
|turn|2
|
|t:|1636420881
|switch|p2a: Amoonguss|Amoonguss, M|100/100
|move|p1a: Conkeldurr|Mach Punch|p2a: Amoonguss
|-resisted|p2a: Amoonguss
|-damage|p2a: Amoonguss|88/100
|-damage|p1a: Conkeldurr|84/100 brn|[from] item: Rocky Helmet|[of] p2a: Amoonguss
|
|-damage|p1a: Conkeldurr|78/100 brn|[from] brn
|upkeep
|turn|3
|
|t:|1636420889
|move|p1a: Conkeldurr|Facade|p2a: Amoonguss
|-damage|p2a: Amoonguss|28/100
|-damage|p1a: Conkeldurr|61/100 brn|[from] item: Rocky Helmet|[of] p2a: Amoonguss
|move|p2a: Amoonguss|Sludge Bomb|p1a: Conkeldurr
|-crit|p1a: Conkeldurr
|-damage|p1a: Conkeldurr|8/100 brn
|
|-damage|p1a: Conkeldurr|2/100 brn|[from] brn
|upkeep
|turn|4
|
|t:|1636420900
|switch|p2a: Nihilego|Nihilego|22/100
|move|p1a: Conkeldurr|Facade|p2a: Nihilego
|-resisted|p2a: Nihilego
|-damage|p2a: Nihilego|0 fnt
|faint|p2a: Nihilego
|
|-damage|p1a: Conkeldurr|0 fnt|[from] brn
|faint|p1a: Conkeldurr
|upkeep
|
|t:|1636420908
|switch|p2a: Keldeo|Keldeo-Resolute|100/100
|switch|p1a: Moltres|Moltres|100/100
|turn|5
|
|t:|1636420960
|move|p2a: Keldeo|Scald|p1a: Moltres
|-supereffective|p1a: Moltres
|-damage|p1a: Moltres|0 fnt
|faint|p1a: Moltres
|
|upkeep
|
|t:|1636420965
|switch|p1a: Hydreigon|Hydreigon, M|100/100
|-damage|p1a: Hydreigon|88/100|[from] Stealth Rock
|turn|6
|
|t:|1636420976
|switch|p2a: Chansey|Chansey, F|100/100
|move|p1a: Hydreigon|Defog|p2a: Chansey
|-unboost|p2a: Chansey|evasion|1
|-sideend|p1: Monsteruser|Stealth Rock|[from] move: Defog|[of] p1a: Hydreigon
|
|upkeep
|turn|7
|
|t:|1636420989
|switch|p1a: Aegislash|Aegislash, F|100/100
|-item|p1a: Aegislash|Air Balloon
|move|p2a: Chansey|Thunder Wave|p1a: Aegislash
|-status|p1a: Aegislash|par
|
|upkeep
|turn|8
|
|t:|1636420995
|switch|p2a: Keldeo|Keldeo-Resolute|100/100
|move|p1a: Aegislash|Swords Dance|p1a: Aegislash
|-boost|p1a: Aegislash|atk|2
|
|upkeep
|turn|9
|
|t:|1636420998
|-formechange|p1a: Aegislash|Aegislash-Blade||[from] ability: Stance Change
|move|p1a: Aegislash|Shadow Sneak|p2a: Keldeo
|-damage|p2a: Keldeo|44/100
|move|p2a: Keldeo|Hydro Pump|p1a: Aegislash
|-damage|p1a: Aegislash|0 fnt
|-enditem|p1a: Aegislash|Air Balloon
|faint|p1a: Aegislash
|
|upkeep
|j| Riquelme14
|c|☆Monsteruser|There goes my best bet for chansey
|
|t:|1636421023
|switch|p1a: Azumarill|Azumarill, F|100/100
|turn|10
|
|t:|1636421043
|move|p2a: Keldeo|Hydro Pump|p1a: Azumarill
|-resisted|p1a: Azumarill
|-damage|p1a: Azumarill|72/100
|move|p1a: Azumarill|Play Rough|p2a: Keldeo
|-supereffective|p2a: Keldeo
|-damage|p2a: Keldeo|0 fnt
|faint|p2a: Keldeo
|
|upkeep
|
|t:|1636421051
|switch|p2a: Amoonguss|Amoonguss, M|61/100
|turn|11
|
|t:|1636421059
|move|p1a: Azumarill|Ice Punch|p2a: Amoonguss
|-supereffective|p2a: Amoonguss
|-damage|p2a: Amoonguss|15/100
|-damage|p1a: Azumarill|56/100|[from] item: Rocky Helmet|[of] p2a: Amoonguss
|move|p2a: Amoonguss|Spore|p1a: Azumarill
|-status|p1a: Azumarill|slp|[from] move: Spore
|
|upkeep
|turn|12
|c|☆Monsteruser|Shit
|
|t:|1636421071
|cant|p1a: Azumarill|slp
|move|p2a: Amoonguss|Giga Drain|p1a: Azumarill
|-supereffective|p1a: Azumarill
|-damage|p1a: Azumarill|25/100 slp
|-heal|p2a: Amoonguss|30/100|[from] drain|[of] p1a: Azumarill
|
|upkeep
|turn|13
|
|t:|1636421074
|cant|p1a: Azumarill|slp
|move|p2a: Amoonguss|Giga Drain|p1a: Azumarill
|-supereffective|p1a: Azumarill
|-damage|p1a: Azumarill|0 fnt
|-heal|p2a: Amoonguss|41/100|[from] drain|[of] p1a: Azumarill
|faint|p1a: Azumarill
|
|upkeep
|c|☆Monsteruser|Now i strait up lose to chansey
|
|t:|1636421095
|switch|p1a: Hydreigon|Hydreigon, M|88/100
|turn|14
|
|t:|1636421098
|switch|p2a: Chansey|Chansey, F|100/100
|move|p1a: Hydreigon|Dark Pulse|p2a: Chansey
|-damage|p2a: Chansey|89/100
|
|upkeep
|turn|15
|-message|Monsteruser forfeited.
|
|win|Bsuuuu
|n|☆Monsteruser|monsteruser
|n|☆Bsuuuu|bsuuuu
|n| Codename Magnum|codenamemagnum
|n| AerialLadder|aerialladder
|n| Riquelme14|riquelme14
