|j|☆kerorek
|j|☆Ftaochaphet
|t:|1665148742
|gametype|singles
|player|p1|kerorek|lass-gen4dp|1402
|player|p2|Ftaochaphet|cyrus|1378
|teamsize|p1|6
|teamsize|p2|6
|gen|8
|tier|[Gen 8] UU
|rated|
|rule|Sleep Clause Mod: Limit one foe put to sleep
|rule|Species Clause: Limit one of each Pokémon
|rule|OHKO Clause: OHKO moves are banned
|rule|Evasion Items Clause: Evasion items are banned
|rule|Evasion Moves Clause: Evasion moves are banned
|rule|Endless Battle Clause: Forcing endless battles is banned
|rule|HP Percentage Mod: HP is shown in percentages
|rule|Dynamax Clause: You cannot dynamax
|clearpoke
|poke|p1|Hitmontop, M|
|poke|p1|Goodra, F|
|poke|p1|Heliolisk, F|
|poke|p1|Qwilfish, F|
|poke|p1|Avalugg, M|
|poke|p1|Seaking, F|
|poke|p2|Excadrill, M|
|poke|p2|Diggersby, F|
|poke|p2|Salamence, M|
|poke|p2|Gyarados, M|
|poke|p2|Cobalion|
|poke|p2|Thundurus-Therian, M|
|teampreview
|inactive|Battle timer is ON: inactive players will automatically lose when time's up. (requested by Ftaochaphet)
|inactive|Ftaochaphet has 120 seconds left.
|
|t:|1665148781
|start
|switch|p1a: Avalugg|Avalugg, M|100/100
|switch|p2a: Diggersby|Diggersby, F|100/100
|turn|1
|
|t:|1665148786
|move|p2a: Diggersby|Fire Punch|p1a: Avalugg
|-supereffective|p1a: Avalugg
|-damage|p1a: Avalugg|66/100
|-damage|p2a: Diggersby|91/100|[from] item: Life Orb
|move|p1a: Avalugg|Body Press|p2a: Diggersby
|-supereffective|p2a: Diggersby
|-damage|p2a: Diggersby|0 fnt
|faint|p2a: Diggersby
|
|upkeep
|
|t:|1665148790
|switch|p2a: Thundurus|Thundurus-Therian, M|100/100
|turn|2
|
|t:|1665148793
|switch|p1a: Seaking|Seaking, F|100/100
|move|p2a: Thundurus|Nasty Plot|p2a: Thundurus
|-boost|p2a: Thundurus|spa|2
|
|upkeep
|turn|3
|
|t:|1665148798
|move|p2a: Thundurus|Focus Blast|p1a: Seaking|[miss]
|-miss|p2a: Thundurus|p1a: Seaking
|move|p1a: Seaking|Knock Off|p2a: Thundurus
|-damage|p2a: Thundurus|69/100
|-enditem|p2a: Thundurus|Heavy-Duty Boots|[from] move: Knock Off|[of] p1a: Seaking
|
|upkeep
|turn|4
|
|t:|1665148802
|move|p2a: Thundurus|Focus Blast|p1a: Seaking
|-damage|p1a: Seaking|27/100
|move|p1a: Seaking|Flip Turn|p2a: Thundurus
|-damage|p2a: Thundurus|38/100
|
|t:|1665148807
|switch|p1a: Heliolisk|Heliolisk, F|100/100|[from]move: Flip Turn
|
|upkeep
|turn|5
|
|t:|1665148810
|move|p1a: Heliolisk|Hyper Voice|p2a: Thundurus
|-damage|p2a: Thundurus|0 fnt
|faint|p2a: Thundurus
|
|upkeep
|
|t:|1665148816
|switch|p2a: Cobalion|Cobalion|100/100
|turn|6
|
|t:|1665148825
|switch|p1a: Seaking|Seaking, F|27/100
|switch|p2a: Excadrill|Excadrill, M|100/100
|-ability|p2a: Excadrill|Mold Breaker
|
|-heal|p1a: Seaking|33/100|[from] item: Leftovers
|upkeep
|turn|7
|
|t:|1665148831
|move|p2a: Excadrill|Earthquake|p1a: Seaking
|-damage|p1a: Seaking|0 fnt
|faint|p1a: Seaking
|
|upkeep
|
|t:|1665148838
|switch|p1a: Hitmontop|Hitmontop, M|100/100
|turn|8
|
|t:|1665148846
|move|p2a: Excadrill|Earthquake|p1a: Hitmontop
|-damage|p1a: Hitmontop|29/100
|move|p1a: Hitmontop|Triple Axel|p2a: Excadrill
|-damage|p2a: Excadrill|81/100
|-damage|p2a: Excadrill|44/100
|-damage|p2a: Excadrill|0 fnt
|faint|p2a: Excadrill
|-hitcount|p2: Excadrill|3
|
|upkeep
|
|t:|1665148855
|switch|p2a: Gyarados|Gyarados, M|100/100
|turn|9
|
|t:|1665148865
|switch|p1a: Goodra|Goodra, F|100/100
|move|p2a: Gyarados|Dragon Dance|p2a: Gyarados
|-boost|p2a: Gyarados|atk|1
|-boost|p2a: Gyarados|spe|1
|
|upkeep
|turn|10
|
|t:|1665148870
|switch|p2a: Salamence|Salamence, M|100/100
|move|p1a: Goodra|Thunderbolt|p2a: Salamence
|-damage|p2a: Salamence|69/100
|
|upkeep
|turn|11
|
|t:|1665148873
|switch|p1a: Avalugg|Avalugg, M|66/100
|move|p2a: Salamence|Dragon Dance|p2a: Salamence
|-boost|p2a: Salamence|atk|1
|-boost|p2a: Salamence|spe|1
|
|upkeep
|turn|12
|
|t:|1665148876
|move|p2a: Salamence|Outrage|p1a: Avalugg
|-damage|p1a: Avalugg|30/100
|move|p1a: Avalugg|Recover|p1a: Avalugg
|-heal|p1a: Avalugg|80/100
|
|upkeep
|turn|13
|
|t:|1665148879
|move|p2a: Salamence|Outrage|p1a: Avalugg|[from]lockedmove
|-damage|p1a: Avalugg|41/100
|move|p1a: Avalugg|Recover|p1a: Avalugg
|-heal|p1a: Avalugg|91/100
|
|upkeep
|turn|14
|
|t:|1665148882
|move|p2a: Salamence|Outrage|p1a: Avalugg|[from]lockedmove
|-damage|p1a: Avalugg|54/100
|-start|p2a: Salamence|confusion|[fatigue]
|-enditem|p2a: Salamence|Lum Berry|[eat]
|-end|p2a: Salamence|confusion
|move|p1a: Avalugg|Iron Defense|p1a: Avalugg
|-boost|p1a: Avalugg|def|2
|
|upkeep
|turn|15
|
|t:|1665148885
|move|p2a: Salamence|Dragon Dance|p2a: Salamence
|-boost|p2a: Salamence|atk|1
|-boost|p2a: Salamence|spe|1
|move|p1a: Avalugg|Recover|p1a: Avalugg
|-heal|p1a: Avalugg|100/100
|
|upkeep
|turn|16
|
|t:|1665148888
|move|p2a: Salamence|Dragon Dance|p2a: Salamence
|-boost|p2a: Salamence|atk|1
|-boost|p2a: Salamence|spe|1
|move|p1a: Avalugg|Body Press|p2a: Salamence
|-resisted|p2a: Salamence
|-damage|p2a: Salamence|19/100
|
|upkeep
|turn|17
|
|t:|1665148891
|move|p2a: Salamence|Outrage|p1a: Avalugg
|-damage|p1a: Avalugg|65/100
|move|p1a: Avalugg|Body Press|p2a: Salamence
|-resisted|p2a: Salamence
|-damage|p2a: Salamence|0 fnt
|faint|p2a: Salamence
|
|upkeep
|
|t:|1665148894
|switch|p2a: Cobalion|Cobalion|100/100
|turn|18
|
|t:|1665148897
|move|p2a: Cobalion|Swords Dance|p2a: Cobalion
|-boost|p2a: Cobalion|atk|2
|move|p1a: Avalugg|Recover|p1a: Avalugg
|-heal|p1a: Avalugg|100/100
|
|upkeep
|turn|19
|
|t:|1665148900
|move|p2a: Cobalion|Close Combat|p1a: Avalugg
|-supereffective|p1a: Avalugg
|-damage|p1a: Avalugg|60/100
|-unboost|p2a: Cobalion|def|1
|-unboost|p2a: Cobalion|spd|1
|move|p1a: Avalugg|Body Press|p2a: Cobalion
|-supereffective|p2a: Cobalion
|-damage|p2a: Cobalion|0 fnt
|faint|p2a: Cobalion
|
|upkeep
|inactive|Ftaochaphet has 120 seconds left.
|inactive|Ftaochaphet has 90 seconds left.
|inactive|Ftaochaphet has 60 seconds left.
|l|☆Ftaochaphet
|inactive|Ftaochaphet disconnected and has a minute to reconnect!
|player|p2|
|inactive|Ftaochaphet has 30 seconds left.
|inactive|Ftaochaphet has 20 seconds left.
|inactive|Ftaochaphet has 15 seconds left.
|inactive|Ftaochaphet has 10 seconds left.
|inactive|Ftaochaphet has 5 seconds left.
|-message|Ftaochaphet lost due to inactivity.
|
|win|kerorek
|raw|kerorek's rating: 1402 &rarr; <strong>1420</strong><br />(+18 for winning)
|raw|Ftaochaphet's rating: 1368 &rarr; <strong>1350</strong><br />(-18 for losing)
||Ladder isn't responding, score probably updated but might not have (Request timeout).
