|j|☆cel's uu alt
|j|☆bioche80
|t:|1628629896
|gametype|singles
|player|p1|cel's uu alt|erika-gen2|1375
|player|p2|bioche80|artist-gen4|1448
|teamsize|p1|6
|teamsize|p2|6
|gen|8
|tier|[Gen 8] UU
|rated|
|rule|Sleep Clause Mod: Limit one foe put to sleep
|rule|Species Clause: Limit one of each Pokémon
|rule|OHKO Clause: OHKO moves are banned
|rule|Evasion Moves Clause: Evasion moves are banned
|rule|Endless Battle Clause: Forcing endless battles is banned
|rule|HP Percentage Mod: HP is shown in percentages
|rule|Dynamax Clause: You cannot dynamax
|clearpoke
|poke|p1|Celebi|
|poke|p1|Mienshao, M|
|poke|p1|Tentacruel, M|
|poke|p1|Salamence, M|
|poke|p1|Jirachi|
|poke|p1|Mamoswine, F|
|poke|p2|Mamoswine, F|
|poke|p2|Keldeo-Resolute|
|poke|p2|Rotom-Heat|
|poke|p2|Roserade, M|
|poke|p2|Jirachi|
|poke|p2|Tapu Bulu|
|teampreview
|
|t:|1628629920
|start
|switch|p1a: Mienshao|Mienshao, M|100/100
|switch|p2a: Rotom|Rotom-Heat|100/100
|turn|1
|j| BoojiBoy
|
|t:|1628629937
|move|p1a: Mienshao|Knock Off|p2a: Rotom
|-damage|p2a: Rotom|58/100
|-enditem|p2a: Rotom|Heavy-Duty Boots|[from] move: Knock Off|[of] p1a: Mienshao
|-damage|p1a: Mienshao|91/100|[from] item: Life Orb
|move|p2a: Rotom|Volt Switch|p1a: Mienshao
|-damage|p1a: Mienshao|41/100
|
|t:|1628629945
|switch|p2a: Keldeo|Keldeo-Resolute|100/100|[from]move: Volt Switch
|
|upkeep
|turn|2
|
|t:|1628629957
|switch|p1a: Tentacruel|Tentacruel, M|100/100
|move|p2a: Keldeo|Scald|p1a: Tentacruel
|-resisted|p1a: Tentacruel
|-damage|p1a: Tentacruel|78/100
|-damage|p2a: Keldeo|91/100|[from] item: Life Orb
|
|-heal|p1a: Tentacruel|84/100|[from] item: Black Sludge
|upkeep
|turn|3
|
|t:|1628629968
|switch|p1a: Jirachi|Jirachi|100/100
|move|p2a: Keldeo|Calm Mind|p2a: Keldeo
|-boost|p2a: Keldeo|spa|1
|-boost|p2a: Keldeo|spd|1
|
|upkeep
|turn|4
|
|t:|1628629979
|move|p2a: Keldeo|Scald|p1a: Jirachi
|-damage|p1a: Jirachi|31/100
|-status|p1a: Jirachi|brn
|-damage|p2a: Keldeo|81/100|[from] item: Life Orb
|move|p1a: Jirachi|Thunder Wave|p2a: Keldeo
|-status|p2a: Keldeo|par
|
|-heal|p1a: Jirachi|37/100 brn|[from] item: Leftovers
|-damage|p1a: Jirachi|31/100 brn|[from] brn
|upkeep
|turn|5
|
|t:|1628629989
|move|p1a: Jirachi|Stealth Rock|p2a: Keldeo
|-sidestart|p2: bioche80|move: Stealth Rock
|move|p2a: Keldeo|Secret Sword|p1a: Jirachi
|-damage|p1a: Jirachi|0 fnt
|faint|p1a: Jirachi
|-damage|p2a: Keldeo|71/100 par|[from] item: Life Orb
|
|upkeep
|
|t:|1628629994
|switch|p1a: Celebi|Celebi|100/100
|turn|6
|
|t:|1628630000
|move|p1a: Celebi|Nasty Plot|p1a: Celebi
|-boost|p1a: Celebi|spa|2
|move|p2a: Keldeo|Air Slash|p1a: Celebi
|-supereffective|p1a: Celebi
|-damage|p1a: Celebi|0 fnt
|faint|p1a: Celebi
|-damage|p2a: Keldeo|61/100 par|[from] item: Life Orb
|
|upkeep
|c| BoojiBoy|oof
|
|t:|1628630010
|switch|p1a: Salamence|Salamence, M|100/100
|-ability|p1a: Salamence|Intimidate|boost
|-unboost|p2a: Keldeo|atk|1
|turn|7
|
|t:|1628630042
|move|p1a: Salamence|Hurricane|p2a: Keldeo|[miss]
|-miss|p1a: Salamence|p2a: Keldeo
|move|p2a: Keldeo|Scald|p1a: Salamence
|-resisted|p1a: Salamence
|-damage|p1a: Salamence|54/100
|-damage|p2a: Keldeo|52/100 par|[from] item: Life Orb
|
|upkeep
|turn|8
|
|t:|1628630052
|move|p1a: Salamence|Hurricane|p2a: Keldeo
|-supereffective|p2a: Keldeo
|-damage|p2a: Keldeo|0 fnt
|faint|p2a: Keldeo
|
|upkeep
|
|t:|1628630059
|switch|p2a: Mamoswine|Mamoswine, F|100/100
|-damage|p2a: Mamoswine|88/100|[from] Stealth Rock
|turn|9
|
|t:|1628630068
|switch|p1a: Mienshao|Mienshao, M|75/100
|move|p2a: Mamoswine|Knock Off|p1a: Mienshao
|-resisted|p1a: Mienshao
|-damage|p1a: Mienshao|30/100
|-enditem|p1a: Mienshao|Life Orb|[from] move: Knock Off|[of] p2a: Mamoswine
|-damage|p2a: Mamoswine|78/100|[from] item: Life Orb
|
|upkeep
|turn|10
|
|t:|1628630076
|move|p2a: Mamoswine|Ice Shard|p1a: Mienshao
|-damage|p1a: Mienshao|0 fnt
|faint|p1a: Mienshao
|-damage|p2a: Mamoswine|68/100|[from] item: Life Orb
|
|upkeep
|
|t:|1628630086
|switch|p1a: Mamoswine|Mamoswine, F|100/100
|turn|11
|
|t:|1628630094
|switch|p2a: Rotom|Rotom-Heat|58/100
|-damage|p2a: Rotom|33/100|[from] Stealth Rock
|move|p1a: Mamoswine|Icicle Crash|p2a: Rotom|[miss]
|-miss|p1a: Mamoswine|p2a: Rotom
|
|upkeep
|turn|12
|c|☆bioche80|sorry
|
|t:|1628630105
|move|p2a: Rotom|Pain Split|p1a: Mamoswine
|-sethp|p1a: Mamoswine|64/100|[from] move: Pain Split|[silent]
|-sethp|p2a: Rotom|76/100|[from] move: Pain Split
|move|p1a: Mamoswine|Knock Off|p2a: Rotom
|-damage|p2a: Rotom|46/100
|-damage|p1a: Mamoswine|54/100|[from] item: Life Orb
|
|upkeep
|turn|13
|
|t:|1628630113
|switch|p1a: Salamence|Salamence, M|54/100
|-ability|p1a: Salamence|Intimidate|boost
|-unboost|p2a: Rotom|atk|1
|move|p2a: Rotom|Defog|p1a: Salamence
|-unboost|p1a: Salamence|evasion|1
|-sideend|p2: bioche80|Stealth Rock|[from] move: Defog|[of] p2a: Rotom
|
|upkeep
|turn|14
|
|t:|1628630122
|move|p1a: Salamence|Draco Meteor|p2a: Rotom
|-damage|p2a: Rotom|0 fnt
|-unboost|p1a: Salamence|spa|2
|faint|p2a: Rotom
|
|upkeep
|
|t:|1628630134
|switch|p2a: Mamoswine|Mamoswine, F|68/100
|turn|15
|
|t:|1628630138
|switch|p1a: Tentacruel|Tentacruel, M|84/100
|move|p2a: Mamoswine|Ice Shard|p1a: Tentacruel
|-resisted|p1a: Tentacruel
|-damage|p1a: Tentacruel|70/100
|-damage|p2a: Mamoswine|58/100|[from] item: Life Orb
|
|-heal|p1a: Tentacruel|76/100|[from] item: Black Sludge
|upkeep
|turn|16
|
|t:|1628630146
|switch|p2a: Roserade|Roserade, M|100/100
|switch|p1a: Salamence|Salamence, M|54/100
|-ability|p1a: Salamence|Intimidate|boost
|-unboost|p2a: Roserade|atk|1
|
|upkeep
|turn|17
|
|t:|1628630153
|move|p1a: Salamence|Hurricane|p2a: Roserade|[miss]
|-miss|p1a: Salamence|p2a: Roserade
|move|p2a: Roserade|Dazzling Gleam|p1a: Salamence
|-supereffective|p1a: Salamence
|-damage|p1a: Salamence|0 fnt
|faint|p1a: Salamence
|
|upkeep
|
|t:|1628630161
|switch|p1a: Mamoswine|Mamoswine, F|54/100
|turn|18
|
|t:|1628630168
|move|p1a: Mamoswine|Ice Shard|p2a: Roserade
|-supereffective|p2a: Roserade
|-damage|p2a: Roserade|6/100
|-damage|p1a: Mamoswine|44/100|[from] item: Life Orb
|move|p2a: Roserade|Giga Drain|p1a: Mamoswine
|-supereffective|p1a: Mamoswine
|-damage|p1a: Mamoswine|0 fnt
|-heal|p2a: Roserade|31/100|[from] drain|[of] p1a: Mamoswine
|faint|p1a: Mamoswine
|
|upkeep
|
|t:|1628630171
|switch|p1a: Tentacruel|Tentacruel, M|76/100
|turn|19
|
|t:|1628630181
|move|p1a: Tentacruel|Sludge Bomb|p2a: Roserade
|-damage|p2a: Roserade|14/100
|move|p2a: Roserade|Giga Drain|p1a: Tentacruel
|-damage|p1a: Tentacruel|43/100
|-damage|p2a: Roserade|0 fnt|[from] ability: Liquid Ooze|[of] p1a: Tentacruel
|faint|p2a: Roserade
|
|-heal|p1a: Tentacruel|49/100|[from] item: Black Sludge
|upkeep
|
|t:|1628630193
|switch|p2a: Jirachi|Jirachi|100/100
|turn|20
|
|t:|1628630196
|move|p2a: Jirachi|Trick|p1a: Tentacruel
|-activate|p2a: Jirachi|move: Trick|[of] p1a: Tentacruel
|-item|p1a: Tentacruel|Choice Scarf|[from] move: Trick
|-item|p2a: Jirachi|Black Sludge|[from] move: Trick
|move|p1a: Tentacruel|Rapid Spin|p2a: Jirachi
|-resisted|p2a: Jirachi
|-damage|p2a: Jirachi|97/100
|-boost|p1a: Tentacruel|spe|1
|
|-damage|p2a: Jirachi|85/100|[from] item: Black Sludge
|upkeep
|turn|21
|-message|cel's uu alt forfeited.
|
|win|bioche80
|l|☆cel's uu alt
|raw|cel&apos;s uu alt's rating: 1375 &rarr; <strong>1359</strong><br />(-16 for losing)
|raw|bioche80's rating: 1449 &rarr; <strong>1465</strong><br />(+16 for winning)
