|j|☆Azurasphaeren
|j|☆EliotEnRetar
|t:|1667224812
|gametype|singles
|player|p1|Azurasphaeren|pokekid|1361
|player|p2|EliotEnRetar|falkner|1559
|teamsize|p1|6
|teamsize|p2|6
|gen|8
|tier|[Gen 8] UU
|rated|
|rule|Sleep Clause Mod: Limit one foe put to sleep
|rule|Species Clause: Limit one of each Pokémon
|rule|OHKO Clause: OHKO moves are banned
|rule|Evasion Items Clause: Evasion items are banned
|rule|Evasion Moves Clause: Evasion moves are banned
|rule|Endless Battle Clause: Forcing endless battles is banned
|rule|HP Percentage Mod: HP is shown in percentages
|rule|Dynamax Clause: You cannot dynamax
|clearpoke
|poke|p1|Scizor, M|
|poke|p1|Tapu Bulu|
|poke|p1|Slowking, M|
|poke|p1|Mandibuzz, F|
|poke|p1|Zygarde-10%|
|poke|p1|Primarina, M|
|poke|p2|Darmanitan, F|
|poke|p2|Zygarde-10%|
|poke|p2|Rotom-Wash|
|poke|p2|Jirachi|
|poke|p2|Drapion, F|
|poke|p2|Tapu Bulu|
|teampreview
|inactive|Battle timer is ON: inactive players will automatically lose when time's up. (requested by EliotEnRetar)
|j| amogusroxyrrrr
|
|t:|1667224843
|start
|switch|p1a: Primarina|Primarina, M|100/100
|switch|p2a: Tapu Bulu|Tapu Bulu|100/100
|-fieldstart|move: Grassy Terrain|[from] ability: Grassy Surge|[of] p2a: Tapu Bulu
|turn|1
|
|t:|1667224849
|switch|p1a: Scizor|Scizor, M|100/100
|move|p2a: Tapu Bulu|Nature's Madness|p1a: Scizor
|-damage|p1a: Scizor|50/100
|
|-heal|p1a: Scizor|57/100|[from] Grassy Terrain
|-heal|p1a: Scizor|63/100|[from] item: Leftovers
|upkeep
|turn|2
|
|t:|1667224856
|switch|p2a: Cauet Burger|Rotom-Wash|100/100
|move|p1a: Scizor|Roost|p1a: Scizor
|-heal|p1a: Scizor|100/100
|-singleturn|p1a: Scizor|move: Roost
|
|upkeep
|turn|3
|
|t:|1667224860
|switch|p1a: Tapu Bulu|Tapu Bulu|100/100
|move|p2a: Cauet Burger|Will-O-Wisp|p1a: Tapu Bulu
|-status|p1a: Tapu Bulu|brn
|
|-damage|p1a: Tapu Bulu|94/100 brn|[from] brn
|upkeep
|turn|4
|
|t:|1667224865
|switch|p2a: Kool Monke|Darmanitan, F|100/100
|move|p1a: Tapu Bulu|Nature's Madness|p2a: Kool Monke
|-damage|p2a: Kool Monke|51/100
|
|-heal|p2a: Kool Monke|57/100|[from] Grassy Terrain
|-heal|p1a: Tapu Bulu|100/100 brn|[from] Grassy Terrain
|-damage|p1a: Tapu Bulu|94/100 brn|[from] brn
|upkeep
|turn|5
|
|t:|1667224869
|switch|p1a: Slowking|Slowking, M|100/100
|move|p2a: Kool Monke|Flare Blitz|p1a: Slowking
|-resisted|p1a: Slowking
|-damage|p1a: Slowking|53/100
|-damage|p2a: Kool Monke|40/100|[from] item: Rocky Helmet|[of] p1a: Slowking
|-damage|p2a: Kool Monke|23/100|[from] Recoil
|
|-heal|p2a: Kool Monke|29/100|[from] Grassy Terrain
|-heal|p1a: Slowking|59/100|[from] Grassy Terrain
|-fieldend|move: Grassy Terrain
|upkeep
|turn|6
|
|t:|1667224873
|move|p2a: Kool Monke|U-turn|p1a: Slowking
|-supereffective|p1a: Slowking
|-damage|p1a: Slowking|0 fnt
|-damage|p2a: Kool Monke|12/100|[from] item: Rocky Helmet|[of] p1a: Slowking
|faint|p1a: Slowking
|-damage|p2a: Kool Monke|2/100|[from] item: Life Orb
|inactive|EliotEnRetar has 120 seconds left.
|
|t:|1667224907
|switch|p2a: Cauet Burger|Rotom-Wash|100/100|[from]move: U-turn
|
|upkeep
|
|t:|1667224912
|switch|p1a: Zygarde|Zygarde-10%|100/100
|-ability|p1a: Zygarde|Aura Break
|turn|7
|
|t:|1667224914
|switch|p2a: Tapu Bulu|Tapu Bulu|100/100
|-fieldstart|move: Grassy Terrain|[from] ability: Grassy Surge|[of] p2a: Tapu Bulu
|move|p1a: Zygarde|Thousand Arrows|p2a: Tapu Bulu
|-resisted|p2a: Tapu Bulu
|-damage|p2a: Tapu Bulu|73/100
|
|-heal|p2a: Tapu Bulu|79/100|[from] Grassy Terrain
|upkeep
|turn|8
|
|t:|1667224919
|switch|p1a: Scizor|Scizor, M|100/100
|switch|p2a: ZZCC|Drapion, F|100/100
|
|upkeep
|turn|9
|
|t:|1667224923
|move|p2a: ZZCC|Knock Off|p1a: Scizor
|-damage|p1a: Scizor|53/100
|-enditem|p1a: Scizor|Leftovers|[from] move: Knock Off|[of] p2a: ZZCC
|-damage|p2a: ZZCC|91/100|[from] item: Life Orb
|move|p1a: Scizor|Swords Dance|p1a: Scizor
|-boost|p1a: Scizor|atk|2
|
|-heal|p2a: ZZCC|97/100|[from] Grassy Terrain
|-heal|p1a: Scizor|59/100|[from] Grassy Terrain
|upkeep
|turn|10
|
|t:|1667224929
|move|p2a: ZZCC|Swords Dance|p2a: ZZCC
|-boost|p2a: ZZCC|atk|2
|move|p1a: Scizor|Roost|p1a: Scizor
|-heal|p1a: Scizor|100/100
|-singleturn|p1a: Scizor|move: Roost
|
|-heal|p2a: ZZCC|100/100|[from] Grassy Terrain
|upkeep
|turn|11
|
|t:|1667224932
|move|p1a: Scizor|Bullet Punch|p2a: ZZCC
|-damage|p2a: ZZCC|36/100
|move|p2a: ZZCC|Knock Off|p1a: Scizor
|-damage|p1a: Scizor|28/100
|-damage|p2a: ZZCC|26/100|[from] item: Life Orb
|
|-heal|p2a: ZZCC|33/100|[from] Grassy Terrain
|-heal|p1a: Scizor|35/100|[from] Grassy Terrain
|-fieldend|move: Grassy Terrain
|upkeep
|turn|12
|
|t:|1667224939
|switch|p2a: Cauet Burger|Rotom-Wash|100/100
|move|p1a: Scizor|Bullet Punch|p2a: Cauet Burger
|-resisted|p2a: Cauet Burger
|-crit|p2a: Cauet Burger
|-damage|p2a: Cauet Burger|84/100
|
|-heal|p2a: Cauet Burger|90/100|[from] item: Leftovers
|upkeep
|turn|13
|
|t:|1667224944
|switch|p1a: Tapu Bulu|Tapu Bulu|94/100 brn
|-fieldstart|move: Grassy Terrain|[from] ability: Grassy Surge|[of] p1a: Tapu Bulu
|move|p2a: Cauet Burger|Volt Switch|p1a: Tapu Bulu
|-resisted|p1a: Tapu Bulu
|-damage|p1a: Tapu Bulu|85/100 brn
|
|t:|1667224950
|switch|p2a: ZZCC|Drapion, F|33/100|[from]move: Volt Switch
|
|-heal|p2a: ZZCC|39/100|[from] Grassy Terrain
|-heal|p1a: Tapu Bulu|92/100 brn|[from] Grassy Terrain
|-damage|p1a: Tapu Bulu|85/100 brn|[from] brn
|upkeep
|turn|14
|
|t:|1667224955
|switch|p1a: Mandibuzz|Mandibuzz, F|100/100
|move|p2a: ZZCC|Poison Jab|p1a: Mandibuzz
|-damage|p1a: Mandibuzz|75/100
|-damage|p2a: ZZCC|29/100|[from] item: Life Orb
|
|-heal|p2a: ZZCC|35/100|[from] Grassy Terrain
|upkeep
|turn|15
|
|t:|1667224961
|move|p2a: ZZCC|Poison Jab|p1a: Mandibuzz
|-damage|p1a: Mandibuzz|46/100
|-damage|p2a: ZZCC|25/100|[from] item: Life Orb
|move|p1a: Mandibuzz|Foul Play|p2a: ZZCC
|-resisted|p2a: ZZCC
|-damage|p2a: ZZCC|2/100
|
|-heal|p2a: ZZCC|8/100|[from] Grassy Terrain
|upkeep
|turn|16
|
|t:|1667224964
|move|p2a: ZZCC|Poison Jab|p1a: Mandibuzz
|-damage|p1a: Mandibuzz|21/100
|-status|p1a: Mandibuzz|psn
|-damage|p2a: ZZCC|0 fnt|[from] item: Life Orb
|faint|p2a: ZZCC
|move|p1a: Mandibuzz|Roost|p1a: Mandibuzz
|-heal|p1a: Mandibuzz|71/100 psn
|-singleturn|p1a: Mandibuzz|move: Roost
|
|-heal|p1a: Mandibuzz|77/100 psn|[from] Grassy Terrain
|-damage|p1a: Mandibuzz|65/100 psn|[from] psn
|upkeep
|inactive|EliotEnRetar has 120 seconds left.
|
|t:|1667225007
|switch|p2a: Jirachi|Jirachi|100/100
|turn|17
|
|t:|1667225024
|move|p2a: Jirachi|Healing Wish|p2a: Jirachi
|faint|p2a: Jirachi
|move|p1a: Mandibuzz|U-turn|p2: Jirachi|[notarget]
|-fail|p1a: Mandibuzz
|
|-damage|p1a: Mandibuzz|53/100 psn|[from] psn
|-fieldend|move: Grassy Terrain
|upkeep
|
|t:|1667225027
|switch|p2a: Kool Monke|Darmanitan, F|2/100
|-heal|p2a: Kool Monke|100/100|[from] move: Healing Wish
|turn|18
|
|t:|1667225031
|move|p2a: Kool Monke|Flare Blitz|p1a: Mandibuzz
|-damage|p1a: Mandibuzz|0 fnt
|faint|p1a: Mandibuzz
|-damage|p2a: Kool Monke|80/100|[from] Recoil
|
|upkeep
|
|t:|1667225034
|switch|p1a: Zygarde|Zygarde-10%|100/100
|-ability|p1a: Zygarde|Aura Break
|turn|19
|
|t:|1667225039
|switch|p1a: Scizor|Scizor, M|35/100
|switch|p2a: Tapu Bulu|Tapu Bulu|79/100
|-fieldstart|move: Grassy Terrain|[from] ability: Grassy Surge|[of] p2a: Tapu Bulu
|
|-heal|p2a: Tapu Bulu|85/100|[from] Grassy Terrain
|-heal|p1a: Scizor|41/100|[from] Grassy Terrain
|upkeep
|turn|20
|
|t:|1667225047
|switch|p2a: Kool Monke|Darmanitan, F|80/100
|move|p1a: Scizor|Roost|p1a: Scizor
|-heal|p1a: Scizor|91/100
|-singleturn|p1a: Scizor|move: Roost
|
|-heal|p2a: Kool Monke|86/100|[from] Grassy Terrain
|-heal|p1a: Scizor|97/100|[from] Grassy Terrain
|upkeep
|turn|21
|
|t:|1667225053
|switch|p1a: Zygarde|Zygarde-10%|100/100
|-ability|p1a: Zygarde|Aura Break
|move|p2a: Kool Monke|Flare Blitz|p1a: Zygarde
|-resisted|p1a: Zygarde
|-damage|p1a: Zygarde|5/100
|-damage|p2a: Kool Monke|63/100|[from] Recoil
|
|-heal|p1a: Zygarde|11/100|[from] Grassy Terrain
|-heal|p2a: Kool Monke|69/100|[from] Grassy Terrain
|upkeep
|turn|22
|
|t:|1667225058
|switch|p2a: Tapu Bulu|Tapu Bulu|85/100
|move|p1a: Zygarde|Thousand Arrows|p2a: Tapu Bulu
|-resisted|p2a: Tapu Bulu
|-crit|p2a: Tapu Bulu
|-damage|p2a: Tapu Bulu|49/100
|
|-heal|p1a: Zygarde|17/100|[from] Grassy Terrain
|-heal|p2a: Tapu Bulu|55/100|[from] Grassy Terrain
|upkeep
|turn|23
|
|t:|1667225064
|switch|p1a: Scizor|Scizor, M|97/100
|move|p2a: Tapu Bulu|Nature's Madness|p1a: Scizor
|-damage|p1a: Scizor|49/100
|
|-heal|p2a: Tapu Bulu|61/100|[from] Grassy Terrain
|-heal|p1a: Scizor|55/100|[from] Grassy Terrain
|-fieldend|move: Grassy Terrain
|upkeep
|turn|24
|
|t:|1667225069
|switch|p2a: Kool Monke|Darmanitan, F|69/100
|move|p1a: Scizor|U-turn|p2a: Kool Monke
|-resisted|p2a: Kool Monke
|-damage|p2a: Kool Monke|44/100
|
|t:|1667225072
|switch|p1a: Primarina|Primarina, M|100/100|[from]move: U-turn
|
|upkeep
|turn|25
|
|t:|1667225079
|switch|p2a: Tapu Bulu|Tapu Bulu|61/100
|-fieldstart|move: Grassy Terrain|[from] ability: Grassy Surge|[of] p2a: Tapu Bulu
|move|p1a: Primarina|Moonblast|p2a: Tapu Bulu
|-damage|p2a: Tapu Bulu|16/100
|
|-heal|p2a: Tapu Bulu|22/100|[from] Grassy Terrain
|upkeep
|turn|26
|
|t:|1667225086
|switch|p1a: Scizor|Scizor, M|55/100
|move|p2a: Tapu Bulu|Synthesis|p2a: Tapu Bulu
|-heal|p2a: Tapu Bulu|72/100
|
|-heal|p2a: Tapu Bulu|78/100|[from] Grassy Terrain
|-heal|p1a: Scizor|62/100|[from] Grassy Terrain
|upkeep
|turn|27
|
|t:|1667225092
|switch|p2a: Cauet Burger|Rotom-Wash|90/100
|move|p1a: Scizor|U-turn|p2a: Cauet Burger
|-damage|p2a: Cauet Burger|61/100
|
|t:|1667225096
|switch|p1a: Zygarde|Zygarde-10%|17/100|[from]move: U-turn
|-ability|p1a: Zygarde|Aura Break
|
|-heal|p1a: Zygarde|23/100|[from] Grassy Terrain
|-heal|p2a: Cauet Burger|68/100|[from] item: Leftovers
|upkeep
|turn|28
|
|t:|1667225103
|switch|p1a: Scizor|Scizor, M|62/100
|switch|p2a: Tapu Bulu|Tapu Bulu|78/100
|
|-heal|p2a: Tapu Bulu|84/100|[from] Grassy Terrain
|-heal|p1a: Scizor|68/100|[from] Grassy Terrain
|upkeep
|turn|29
|
|t:|1667225109
|switch|p2a: Cauet Burger|Rotom-Wash|68/100
|move|p1a: Scizor|U-turn|p2a: Cauet Burger
|-damage|p2a: Cauet Burger|41/100
|
|t:|1667225113
|switch|p1a: Zygarde|Zygarde-10%|23/100|[from]move: U-turn
|-ability|p1a: Zygarde|Aura Break
|
|-heal|p1a: Zygarde|29/100|[from] Grassy Terrain
|-heal|p2a: Cauet Burger|47/100|[from] item: Leftovers
|-fieldend|move: Grassy Terrain
|upkeep
|turn|30
|
|t:|1667225117
|switch|p2a: Tapu Bulu|Tapu Bulu|84/100
|-fieldstart|move: Grassy Terrain|[from] ability: Grassy Surge|[of] p2a: Tapu Bulu
|move|p1a: Zygarde|Thousand Arrows|p2a: Tapu Bulu
|-resisted|p2a: Tapu Bulu
|-damage|p2a: Tapu Bulu|56/100
|
|-heal|p1a: Zygarde|35/100|[from] Grassy Terrain
|-heal|p2a: Tapu Bulu|62/100|[from] Grassy Terrain
|upkeep
|turn|31
|
|t:|1667225126
|switch|p1a: Scizor|Scizor, M|68/100
|switch|p2a: Cauet Burger|Rotom-Wash|47/100
|
|-heal|p2a: Cauet Burger|53/100|[from] item: Leftovers
|-heal|p1a: Scizor|74/100|[from] Grassy Terrain
|upkeep
|turn|32
|
|t:|1667225133
|move|p2a: Cauet Burger|Volt Switch|p1a: Scizor
|-damage|p1a: Scizor|50/100
|
|t:|1667225137
|switch|p2a: Tapu Bulu|Tapu Bulu|62/100|[from]move: Volt Switch
|move|p1a: Scizor|U-turn|p2a: Tapu Bulu
|-damage|p2a: Tapu Bulu|30/100
|-damage|p1a: Scizor|33/100|[from] item: Rocky Helmet|[of] p2a: Tapu Bulu
|
|t:|1667225145
|switch|p1a: Zygarde|Zygarde-10%|35/100|[from]move: U-turn
|-ability|p1a: Zygarde|Aura Break
|
|-heal|p1a: Zygarde|41/100|[from] Grassy Terrain
|-heal|p2a: Tapu Bulu|36/100|[from] Grassy Terrain
|upkeep
|turn|33
|
|t:|1667225148
|switch|p1a: Scizor|Scizor, M|33/100
|move|p2a: Tapu Bulu|Horn Leech|p1a: Scizor
|-resisted|p1a: Scizor
|-damage|p1a: Scizor|23/100
|-heal|p2a: Tapu Bulu|41/100|[from] drain|[of] p1a: Scizor
|
|-heal|p2a: Tapu Bulu|47/100|[from] Grassy Terrain
|-heal|p1a: Scizor|29/100|[from] Grassy Terrain
|upkeep
|turn|34
|
|t:|1667225153
|switch|p2a: Kool Monke|Darmanitan, F|44/100
|move|p1a: Scizor|Roost|p1a: Scizor
|-heal|p1a: Scizor|79/100
|-singleturn|p1a: Scizor|move: Roost
|
|-heal|p2a: Kool Monke|50/100|[from] Grassy Terrain
|-heal|p1a: Scizor|86/100|[from] Grassy Terrain
|-fieldend|move: Grassy Terrain
|upkeep
|turn|35
|
|t:|1667225160
|switch|p1a: Primarina|Primarina, M|100/100
|move|p2a: Kool Monke|Flare Blitz|p1a: Primarina
|-resisted|p1a: Primarina
|-damage|p1a: Primarina|22/100
|-damage|p2a: Kool Monke|25/100|[from] Recoil
|
|-heal|p1a: Primarina|28/100|[from] item: Leftovers
|upkeep
|turn|36
|
|t:|1667225167
|move|p2a: Kool Monke|Flare Blitz|p1a: Primarina
|-resisted|p1a: Primarina
|-damage|p1a: Primarina|0 fnt
|faint|p1a: Primarina
|-damage|p2a: Kool Monke|16/100|[from] Recoil
|
|upkeep
|
|t:|1667225169
|switch|p1a: Scizor|Scizor, M|86/100
|turn|37
|
|t:|1667225180
|switch|p2a: Cauet Burger|Rotom-Wash|53/100
|move|p1a: Scizor|U-turn|p2a: Cauet Burger
|-damage|p2a: Cauet Burger|26/100
|
|t:|1667225183
|switch|p1a: Zygarde|Zygarde-10%|41/100|[from]move: U-turn
|-ability|p1a: Zygarde|Aura Break
|
|-heal|p2a: Cauet Burger|33/100|[from] item: Leftovers
|upkeep
|turn|38
|
|t:|1667225196
|switch|p2a: Tapu Bulu|Tapu Bulu|47/100
|-fieldstart|move: Grassy Terrain|[from] ability: Grassy Surge|[of] p2a: Tapu Bulu
|move|p1a: Zygarde|Stone Edge|p2a: Tapu Bulu|[miss]
|-miss|p1a: Zygarde|p2a: Tapu Bulu
|
|-heal|p1a: Zygarde|47/100|[from] Grassy Terrain
|-heal|p2a: Tapu Bulu|53/100|[from] Grassy Terrain
|upkeep
|turn|39
|
|t:|1667225212
|switch|p1a: Tapu Bulu|Tapu Bulu|85/100 brn
|switch|p2a: Kool Monke|Darmanitan, F|16/100
|
|-heal|p2a: Kool Monke|22/100|[from] Grassy Terrain
|-heal|p1a: Tapu Bulu|92/100 brn|[from] Grassy Terrain
|-damage|p1a: Tapu Bulu|85/100 brn|[from] brn
|upkeep
|turn|40
|
|t:|1667225217
|move|p2a: Kool Monke|Flare Blitz|p1a: Tapu Bulu
|-supereffective|p1a: Tapu Bulu
|-damage|p1a: Tapu Bulu|0 fnt
|faint|p1a: Tapu Bulu
|-damage|p2a: Kool Monke|0 fnt|[from] Recoil
|faint|p2a: Kool Monke
|
|upkeep
|
|t:|1667225230
|switch|p2a: Cauet Burger|Rotom-Wash|33/100
|switch|p1a: Zygarde|Zygarde-10%|47/100
|-ability|p1a: Zygarde|Aura Break
|turn|41
|
|t:|1667225235
|switch|p2a: Tapu Bulu|Tapu Bulu|53/100
|move|p1a: Zygarde|Stone Edge|p2a: Tapu Bulu
|-damage|p2a: Tapu Bulu|16/100
|
|-heal|p1a: Zygarde|53/100|[from] Grassy Terrain
|-heal|p2a: Tapu Bulu|22/100|[from] Grassy Terrain
|upkeep
|turn|42
|
|t:|1667225239
|switch|p2a: Fabriste Yoghurt|Zygarde-10%|100/100
|-ability|p2a: Fabriste Yoghurt|Aura Break
|move|p1a: Zygarde|Stone Edge|p2a: Fabriste Yoghurt
|-resisted|p2a: Fabriste Yoghurt
|-damage|p2a: Fabriste Yoghurt|62/100
|
|-heal|p2a: Fabriste Yoghurt|68/100|[from] Grassy Terrain
|-heal|p1a: Zygarde|59/100|[from] Grassy Terrain
|-fieldend|move: Grassy Terrain
|upkeep
|turn|43
|
|t:|1667225244
|switch|p1a: Scizor|Scizor, M|86/100
|move|p2a: Fabriste Yoghurt|Thousand Arrows|p1a: Scizor
|-damage|p1a: Scizor|25/100
|
|upkeep
|turn|44
|
|t:|1667225249
|move|p1a: Scizor|Bullet Punch|p2a: Fabriste Yoghurt
|-damage|p2a: Fabriste Yoghurt|14/100
|move|p2a: Fabriste Yoghurt|Thousand Arrows|p1a: Scizor
|-damage|p1a: Scizor|0 fnt
|faint|p1a: Scizor
|
|upkeep
|
|t:|1667225251
|switch|p1a: Zygarde|Zygarde-10%|59/100
|-ability|p1a: Zygarde|Aura Break
|turn|45
|j| CommunistKommo-o
|
|t:|1667225257
|switch|p2a: Tapu Bulu|Tapu Bulu|22/100
|-fieldstart|move: Grassy Terrain|[from] ability: Grassy Surge|[of] p2a: Tapu Bulu
|move|p1a: Zygarde|Thousand Arrows|p2a: Tapu Bulu
|-resisted|p2a: Tapu Bulu
|-damage|p2a: Tapu Bulu|0 fnt
|faint|p2a: Tapu Bulu
|
|-heal|p1a: Zygarde|65/100|[from] Grassy Terrain
|upkeep
|
|t:|1667225260
|switch|p2a: Fabriste Yoghurt|Zygarde-10%|14/100
|-ability|p2a: Fabriste Yoghurt|Aura Break
|turn|46
|
|t:|1667225262
|move|p2a: Fabriste Yoghurt|Extreme Speed|p1a: Zygarde
|-damage|p1a: Zygarde|6/100
|move|p1a: Zygarde|Thousand Arrows|p2a: Fabriste Yoghurt
|-damage|p2a: Fabriste Yoghurt|0 fnt
|faint|p2a: Fabriste Yoghurt
|
|-heal|p1a: Zygarde|12/100|[from] Grassy Terrain
|upkeep
|c|☆Azurasphaeren|gg
|c|☆EliotEnRetar|sad ending
|c|☆EliotEnRetar|gg
|
|t:|1667225276
|switch|p2a: Cauet Burger|Rotom-Wash|33/100
|turn|47
|
|t:|1667225279
|move|p1a: Zygarde|Thousand Arrows|p2a: Cauet Burger
|-supereffective|p2a: Cauet Burger
|-damage|p2a: Cauet Burger|0 fnt
|faint|p2a: Cauet Burger
|
|win|Azurasphaeren
|raw|Azurasphaeren's rating: 1361 &rarr; <strong>1391</strong><br />(+30 for winning)
|raw|EliotEnRetar's rating: 1559 &rarr; <strong>1529</strong><br />(-30 for losing)
|l|☆EliotEnRetar
