|j|☆Dysipius
|j|☆GryphonEX
|t:|1662739119
|gametype|singles
|player|p1|Dysipius|riley|1369
|player|p2|GryphonEX|gardenia|1484
|teamsize|p1|6
|teamsize|p2|6
|gen|8
|tier|[Gen 8] UU
|rated|
|rule|Sleep Clause Mod: Limit one foe put to sleep
|rule|Species Clause: Limit one of each Pokémon
|rule|OHKO Clause: OHKO moves are banned
|rule|Evasion Items Clause: Evasion items are banned
|rule|Evasion Moves Clause: Evasion moves are banned
|rule|Endless Battle Clause: Forcing endless battles is banned
|rule|HP Percentage Mod: HP is shown in percentages
|rule|Dynamax Clause: You cannot dynamax
|clearpoke
|poke|p1|Exploud, F|
|poke|p1|Skarmory, M|
|poke|p1|Excadrill, F|
|poke|p1|Darmanitan, M|
|poke|p1|Chansey, F|
|poke|p1|Suicune|
|poke|p2|Hydreigon, F|
|poke|p2|Suicune|
|poke|p2|Zarude|
|poke|p2|Salamence, F|
|poke|p2|Chansey, F|
|poke|p2|Corsola-Galar, M|
|teampreview
|inactive|Battle timer is ON: inactive players will automatically lose when time's up. (requested by Dysipius)
|c|☆GryphonEX|Good luck
|
|t:|1662739130
|start
|switch|p1a: Exploud|Exploud, F|100/100
|switch|p2a: Corsola|Corsola-Galar, M|100/100
|turn|1
|
|t:|1662739137
|move|p1a: Exploud|Boomburst|p2a: Corsola
|-crit|p2a: Corsola
|-damage|p2a: Corsola|26/100
|-start|p1a: Exploud|Disable|Boomburst|[from] ability: Cursed Body|[of] p2a: Corsola
|move|p2a: Corsola|Stealth Rock|p1a: Exploud
|-sidestart|p1: Dysipius|move: Stealth Rock
|
|upkeep
|turn|2
|
|t:|1662739155
|switch|p1a: Chansey|Chansey, F|100/100
|-damage|p1a: Chansey|88/100|[from] Stealth Rock
|move|p2a: Corsola|Strength Sap|p1a: Chansey
|-unboost|p1a: Chansey|atk|1
|-heal|p2a: Corsola|30/100
|
|upkeep
|turn|3
|
|t:|1662739164
|switch|p2a: Chansey|Chansey, F|100/100
|move|p1a: Chansey|Toxic|p2a: Chansey
|-status|p2a: Chansey|tox
|
|-damage|p2a: Chansey|94/100 tox|[from] psn
|upkeep
|turn|4
|
|t:|1662739173
|move|p1a: Chansey|Stealth Rock|p2a: Chansey
|-sidestart|p2: GryphonEX|move: Stealth Rock
|move|p2a: Chansey|Teleport|p2a: Chansey
|
|t:|1662739182
|-curestatus|p2a: Chansey|tox|[from] ability: Natural Cure
|switch|p2a: Zarude|Zarude|100/100|[from]move: Teleport
|-damage|p2a: Zarude|88/100|[from] Stealth Rock
|
|upkeep
|turn|5
|
|t:|1662739190
|switch|p1a: Skarmory|Skarmory, M|100/100
|-damage|p1a: Skarmory|88/100|[from] Stealth Rock
|move|p2a: Zarude|Close Combat|p1a: Skarmory
|-damage|p1a: Skarmory|56/100
|-unboost|p2a: Zarude|def|1
|-unboost|p2a: Zarude|spd|1
|-damage|p2a: Zarude|72/100|[from] item: Rocky Helmet|[of] p1a: Skarmory
|
|upkeep
|turn|6
|
|t:|1662739200
|switch|p2a: Salamence|Salamence, F|100/100
|-ability|p2a: Salamence|Intimidate|boost
|-unboost|p1a: Skarmory|atk|1
|move|p1a: Skarmory|Roost|p1a: Skarmory
|-heal|p1a: Skarmory|100/100
|-singleturn|p1a: Skarmory|move: Roost
|
|upkeep
|turn|7
|
|t:|1662739209
|switch|p1a: Chansey|Chansey, F|88/100
|-damage|p1a: Chansey|76/100|[from] Stealth Rock
|move|p2a: Salamence|Flamethrower|p1a: Chansey
|-damage|p1a: Chansey|69/100
|
|upkeep
|turn|8
|
|t:|1662739219
|switch|p2a: Chansey|Chansey, F|94/100
|-damage|p2a: Chansey|82/100|[from] Stealth Rock
|move|p1a: Chansey|Toxic|p2a: Chansey
|-status|p2a: Chansey|tox
|
|-damage|p2a: Chansey|76/100 tox|[from] psn
|upkeep
|turn|9
|
|t:|1662739228
|move|p1a: Chansey|Soft-Boiled|p1a: Chansey
|-heal|p1a: Chansey|100/100
|move|p2a: Chansey|Teleport|p2a: Chansey
|
|t:|1662739231
|-curestatus|p2a: Chansey|tox|[from] ability: Natural Cure
|switch|p2a: Suicune|Suicune|100/100|[from]move: Teleport
|-damage|p2a: Suicune|88/100|[from] Stealth Rock
|-ability|p2a: Suicune|Pressure
|
|-heal|p2a: Suicune|94/100|[from] item: Leftovers
|upkeep
|turn|10
|
|t:|1662739243
|switch|p1a: Exploud|Exploud, F|100/100
|-damage|p1a: Exploud|88/100|[from] Stealth Rock
|move|p2a: Suicune|Calm Mind|p2a: Suicune
|-boost|p2a: Suicune|spa|1
|-boost|p2a: Suicune|spd|1
|
|-heal|p2a: Suicune|100/100|[from] item: Leftovers
|upkeep
|turn|11
|
|t:|1662739252
|move|p1a: Exploud|Boomburst|p2a: Suicune
|-damage|p2a: Suicune|57/100
|move|p2a: Suicune|Calm Mind|p2a: Suicune
|-boost|p2a: Suicune|spa|1
|-boost|p2a: Suicune|spd|1
|
|-heal|p2a: Suicune|63/100|[from] item: Leftovers
|upkeep
|turn|12
|
|t:|1662739261
|move|p1a: Exploud|Boomburst|p2a: Suicune
|-damage|p2a: Suicune|28/100
|move|p2a: Suicune|Scald|p1a: Exploud
|-damage|p1a: Exploud|28/100
|
|-heal|p2a: Suicune|34/100|[from] item: Leftovers
|upkeep
|turn|13
|
|t:|1662739270
|switch|p2a: Chansey|Chansey, F|76/100
|-damage|p2a: Chansey|64/100|[from] Stealth Rock
|move|p1a: Exploud|Boomburst|p2a: Chansey
|-damage|p2a: Chansey|36/100
|
|upkeep
|turn|14
|
|t:|1662739283
|switch|p1a: Skarmory|Skarmory, M|100/100
|-damage|p1a: Skarmory|88/100|[from] Stealth Rock
|move|p2a: Chansey|Soft-Boiled|p2a: Chansey
|-heal|p2a: Chansey|87/100
|
|upkeep
|turn|15
|
|t:|1662739291
|switch|p2a: Corsola|Corsola-Galar, M|30/100
|-damage|p2a: Corsola|18/100|[from] Stealth Rock
|move|p1a: Skarmory|Body Press|p2a: Corsola
|-immune|p2a: Corsola
|
|upkeep
|turn|16
|
|t:|1662739299
|move|p1a: Skarmory|Brave Bird|p2a: Corsola
|-damage|p2a: Corsola|0 fnt
|faint|p2a: Corsola
|-damage|p1a: Skarmory|83/100|[from] Recoil
|
|upkeep
|
|t:|1662739310
|switch|p2a: Suicune|Suicune|34/100
|-damage|p2a: Suicune|22/100|[from] Stealth Rock
|-ability|p2a: Suicune|Pressure
|turn|17
|
|t:|1662739317
|move|p2a: Suicune|Rest|p2a: Suicune
|-status|p2a: Suicune|slp|[from] move: Rest
|-heal|p2a: Suicune|100/100 slp|[silent]
|move|p1a: Skarmory|Brave Bird|p2a: Suicune
|-crit|p2a: Suicune
|-damage|p2a: Suicune|71/100 slp
|-damage|p1a: Skarmory|71/100|[from] Recoil
|
|-heal|p2a: Suicune|77/100 slp|[from] item: Leftovers
|upkeep
|turn|18
|
|t:|1662739328
|switch|p1a: Exploud|Exploud, F|28/100
|-damage|p1a: Exploud|16/100|[from] Stealth Rock
|cant|p2a: Suicune|slp
|
|-heal|p2a: Suicune|83/100 slp|[from] item: Leftovers
|upkeep
|turn|19
|
|t:|1662739337
|switch|p2a: Chansey|Chansey, F|87/100
|-damage|p2a: Chansey|74/100|[from] Stealth Rock
|move|p1a: Exploud|Boomburst|p2a: Chansey
|-damage|p2a: Chansey|43/100
|
|upkeep
|turn|20
|
|t:|1662739345
|switch|p1a: Excadrill|Excadrill, F|100/100
|-damage|p1a: Excadrill|97/100|[from] Stealth Rock
|-ability|p1a: Excadrill|Mold Breaker
|move|p2a: Chansey|Soft-Boiled|p2a: Chansey
|-heal|p2a: Chansey|93/100
|
|-heal|p1a: Excadrill|100/100|[from] item: Leftovers
|upkeep
|turn|21
|
|t:|1662739356
|switch|p2a: Salamence|Salamence, F|100/100
|-ability|p2a: Salamence|Intimidate|boost
|-unboost|p1a: Excadrill|atk|1
|move|p1a: Excadrill|Rapid Spin|p2a: Salamence
|-damage|p2a: Salamence|91/100
|-boost|p1a: Excadrill|spe|1
|-sideend|p1: Dysipius|Stealth Rock|[from] move: Rapid Spin|[of] p1a: Excadrill
|
|upkeep
|turn|22
|
|t:|1662739366
|switch|p1a: Chansey|Chansey, F|100/100
|move|p2a: Salamence|Defog|p1a: Chansey
|-unboost|p1a: Chansey|evasion|1
|-sideend|p2: GryphonEX|Stealth Rock|[from] move: Defog|[of] p2a: Salamence
|
|upkeep
|turn|23
|
|t:|1662739390
|switch|p2a: Suicune|Suicune|83/100 slp
|-ability|p2a: Suicune|Pressure
|move|p1a: Chansey|Stealth Rock|p2a: Suicune
|-sidestart|p2: GryphonEX|move: Stealth Rock
|
|-heal|p2a: Suicune|89/100 slp|[from] item: Leftovers
|upkeep
|turn|24
|
|t:|1662739402
|cant|p2a: Suicune|slp
|move|p1a: Chansey|Seismic Toss|p2a: Suicune
|-damage|p2a: Suicune|64/100 slp
|
|-heal|p2a: Suicune|71/100 slp|[from] item: Leftovers
|upkeep
|turn|25
|
|t:|1662739416
|-curestatus|p2a: Suicune|slp|[msg]
|move|p2a: Suicune|Scald|p1a: Chansey
|-damage|p1a: Chansey|93/100
|-status|p1a: Chansey|brn
|move|p1a: Chansey|Seismic Toss|p2a: Suicune
|-damage|p2a: Suicune|46/100
|
|-heal|p2a: Suicune|52/100|[from] item: Leftovers
|-damage|p1a: Chansey|87/100 brn|[from] brn
|upkeep
|turn|26
|
|t:|1662739429
|move|p2a: Suicune|Calm Mind|p2a: Suicune
|-boost|p2a: Suicune|spa|1
|-boost|p2a: Suicune|spd|1
|move|p1a: Chansey|Seismic Toss|p2a: Suicune
|-damage|p2a: Suicune|27/100
|
|-heal|p2a: Suicune|33/100|[from] item: Leftovers
|-damage|p1a: Chansey|81/100 brn|[from] brn
|upkeep
|turn|27
|
|t:|1662739439
|move|p2a: Suicune|Calm Mind|p2a: Suicune
|-boost|p2a: Suicune|spa|1
|-boost|p2a: Suicune|spd|1
|move|p1a: Chansey|Seismic Toss|p2a: Suicune
|-damage|p2a: Suicune|9/100
|
|-heal|p2a: Suicune|15/100|[from] item: Leftovers
|-damage|p1a: Chansey|74/100 brn|[from] brn
|upkeep
|turn|28
|
|t:|1662739453
|-curestatus|p1a: Chansey|brn|[from] ability: Natural Cure
|switch|p1a: Excadrill|Excadrill, F|100/100
|-ability|p1a: Excadrill|Mold Breaker
|move|p2a: Suicune|Rest|p2a: Suicune
|-status|p2a: Suicune|slp|[from] move: Rest
|-heal|p2a: Suicune|100/100 slp|[silent]
|
|upkeep
|turn|29
|
|t:|1662739464
|move|p1a: Excadrill|Earthquake|p2a: Suicune
|-damage|p2a: Suicune|69/100 slp
|cant|p2a: Suicune|slp
|
|-heal|p2a: Suicune|75/100 slp|[from] item: Leftovers
|upkeep
|turn|30
|
|t:|1662739471
|move|p1a: Excadrill|Earthquake|p2a: Suicune
|-damage|p2a: Suicune|45/100 slp
|cant|p2a: Suicune|slp
|
|-heal|p2a: Suicune|51/100 slp|[from] item: Leftovers
|upkeep
|turn|31
|
|t:|1662739481
|move|p1a: Excadrill|Earthquake|p2a: Suicune
|-damage|p2a: Suicune|22/100 slp
|-curestatus|p2a: Suicune|slp|[msg]
|move|p2a: Suicune|Scald|p1a: Excadrill
|-supereffective|p1a: Excadrill
|-damage|p1a: Excadrill|0 fnt
|faint|p1a: Excadrill
|
|-heal|p2a: Suicune|28/100|[from] item: Leftovers
|upkeep
|
|t:|1662739493
|switch|p1a: Darmanitan|Darmanitan, M|100/100
|turn|32
|
|t:|1662739500
|move|p1a: Darmanitan|Superpower|p2a: Suicune
|-damage|p2a: Suicune|6/100
|-unboost|p1a: Darmanitan|atk|1
|-unboost|p1a: Darmanitan|def|1
|move|p2a: Suicune|Scald|p1a: Darmanitan
|-supereffective|p1a: Darmanitan
|-damage|p1a: Darmanitan|0 fnt
|faint|p1a: Darmanitan
|
|-heal|p2a: Suicune|12/100|[from] item: Leftovers
|upkeep
|
|t:|1662739516
|switch|p1a: Exploud|Exploud, F|16/100
|turn|33
|
|t:|1662739522
|move|p1a: Exploud|Boomburst|p2a: Suicune
|-damage|p2a: Suicune|0 fnt
|faint|p2a: Suicune
|
|upkeep
|
|t:|1662739532
|switch|p2a: Zarude|Zarude|72/100
|-damage|p2a: Zarude|59/100|[from] Stealth Rock
|turn|34
|
|t:|1662739536
|switch|p1a: Skarmory|Skarmory, M|71/100
|move|p2a: Zarude|U-turn|p1a: Skarmory
|-resisted|p1a: Skarmory
|-damage|p1a: Skarmory|66/100
|-damage|p2a: Zarude|43/100|[from] item: Rocky Helmet|[of] p1a: Skarmory
|
|t:|1662739541
|switch|p2a: Hydreigon|Hydreigon, F|100/100|[from]move: U-turn
|-damage|p2a: Hydreigon|88/100|[from] Stealth Rock
|
|upkeep
|turn|35
|
|t:|1662739548
|switch|p1a: Chansey|Chansey, F|74/100
|move|p2a: Hydreigon|Flamethrower|p1a: Chansey
|-damage|p1a: Chansey|59/100
|
|upkeep
|turn|36
|
|t:|1662739555
|switch|p2a: Chansey|Chansey, F|93/100
|-damage|p2a: Chansey|81/100|[from] Stealth Rock
|move|p1a: Chansey|Toxic|p2a: Chansey
|-status|p2a: Chansey|tox
|
|-damage|p2a: Chansey|75/100 tox|[from] psn
|upkeep
|turn|37
|
|t:|1662739565
|move|p1a: Chansey|Soft-Boiled|p1a: Chansey
|-heal|p1a: Chansey|100/100
|move|p2a: Chansey|Teleport|p2a: Chansey
|
|t:|1662739569
|-curestatus|p2a: Chansey|tox|[from] ability: Natural Cure
|switch|p2a: Salamence|Salamence, F|91/100|[from]move: Teleport
|-ability|p2a: Salamence|Intimidate|boost
|-unboost|p1a: Chansey|atk|1
|
|upkeep
|turn|38
|
|t:|1662739576
|switch|p2a: Chansey|Chansey, F|75/100
|-damage|p2a: Chansey|62/100|[from] Stealth Rock
|move|p1a: Chansey|Toxic|p2a: Chansey
|-status|p2a: Chansey|tox
|
|-damage|p2a: Chansey|56/100 tox|[from] psn
|upkeep
|turn|39
|
|t:|1662739589
|switch|p1a: Skarmory|Skarmory, M|66/100
|move|p2a: Chansey|Soft-Boiled|p2a: Chansey
|-heal|p2a: Chansey|100/100 tox
|
|-damage|p2a: Chansey|88/100 tox|[from] psn
|upkeep
|turn|40
|
|t:|1662739601
|-curestatus|p2a: Chansey|tox|[from] ability: Natural Cure
|switch|p2a: Salamence|Salamence, F|91/100
|-ability|p2a: Salamence|Intimidate|boost
|-unboost|p1a: Skarmory|atk|1
|move|p1a: Skarmory|Roost|p1a: Skarmory
|-heal|p1a: Skarmory|100/100
|-singleturn|p1a: Skarmory|move: Roost
|
|upkeep
|turn|41
|
|t:|1662739618
|switch|p1a: Suicune|Suicune|100/100
|-ability|p1a: Suicune|Pressure
|move|p2a: Salamence|Flamethrower|p1a: Suicune
|-resisted|p1a: Suicune
|-damage|p1a: Suicune|92/100
|
|-heal|p1a: Suicune|98/100|[from] item: Leftovers
|upkeep
|turn|42
|
|t:|1662739630
|switch|p2a: Chansey|Chansey, F|88/100
|-damage|p2a: Chansey|76/100|[from] Stealth Rock
|move|p1a: Suicune|Scald|p2a: Chansey
|-damage|p2a: Chansey|68/100
|-status|p2a: Chansey|brn
|
|-heal|p1a: Suicune|100/100|[from] item: Leftovers
|-damage|p2a: Chansey|62/100 brn|[from] brn
|upkeep
|turn|43
|
|t:|1662739642
|move|p1a: Suicune|Substitute|p1a: Suicune
|-start|p1a: Suicune|Substitute
|-damage|p1a: Suicune|75/100
|move|p2a: Chansey|Thunder Wave||[still]
|-fail|p2a: Chansey
|
|-heal|p1a: Suicune|82/100|[from] item: Leftovers
|-damage|p2a: Chansey|56/100 brn|[from] brn
|upkeep
|turn|44
|
|t:|1662739651
|move|p1a: Suicune|Calm Mind|p1a: Suicune
|-boost|p1a: Suicune|spa|1
|-boost|p1a: Suicune|spd|1
|move|p2a: Chansey|Seismic Toss|p1a: Suicune
|-activate|p1a: Suicune|move: Substitute|[damage]
|
|-heal|p1a: Suicune|88/100|[from] item: Leftovers
|-damage|p2a: Chansey|50/100 brn|[from] brn
|upkeep
|turn|45
|
|t:|1662739661
|move|p1a: Suicune|Calm Mind|p1a: Suicune
|-boost|p1a: Suicune|spa|1
|-boost|p1a: Suicune|spd|1
|move|p2a: Chansey|Soft-Boiled|p2a: Chansey
|-heal|p2a: Chansey|99/100 brn
|
|-heal|p1a: Suicune|94/100|[from] item: Leftovers
|-damage|p2a: Chansey|94/100 brn|[from] brn
|upkeep
|turn|46
|
|t:|1662739671
|move|p1a: Suicune|Calm Mind|p1a: Suicune
|-boost|p1a: Suicune|spa|1
|-boost|p1a: Suicune|spd|1
|move|p2a: Chansey|Seismic Toss|p1a: Suicune
|-end|p1a: Suicune|Substitute
|
|-heal|p1a: Suicune|99/100|[from] item: Leftovers
|-damage|p2a: Chansey|88/100 brn|[from] brn
|upkeep
|turn|47
|
|t:|1662739682
|move|p1a: Suicune|Substitute|p1a: Suicune
|-start|p1a: Suicune|Substitute
|-damage|p1a: Suicune|75/100
|move|p2a: Chansey|Seismic Toss|p1a: Suicune
|-activate|p1a: Suicune|move: Substitute|[damage]
|
|-heal|p1a: Suicune|81/100|[from] item: Leftovers
|-damage|p2a: Chansey|82/100 brn|[from] brn
|upkeep
|turn|48
|
|t:|1662739691
|move|p1a: Suicune|Calm Mind|p1a: Suicune
|-boost|p1a: Suicune|spa|1
|-boost|p1a: Suicune|spd|1
|move|p2a: Chansey|Seismic Toss|p1a: Suicune
|-end|p1a: Suicune|Substitute
|
|-heal|p1a: Suicune|88/100|[from] item: Leftovers
|-damage|p2a: Chansey|75/100 brn|[from] brn
|upkeep
|turn|49
|
|t:|1662739709
|-curestatus|p2a: Chansey|brn|[from] ability: Natural Cure
|switch|p2a: Zarude|Zarude|43/100
|-damage|p2a: Zarude|31/100|[from] Stealth Rock
|move|p1a: Suicune|Substitute|p1a: Suicune
|-start|p1a: Suicune|Substitute
|-damage|p1a: Suicune|63/100
|
|-heal|p1a: Suicune|69/100|[from] item: Leftovers
|upkeep
|turn|50
|
|t:|1662739719
|move|p2a: Zarude|Power Whip|p1a: Suicune
|-supereffective|p1a: Suicune
|-end|p1a: Suicune|Substitute
|move|p1a: Suicune|Scald|p2a: Zarude
|-resisted|p2a: Zarude
|-damage|p2a: Zarude|0 fnt
|faint|p2a: Zarude
|
|-heal|p1a: Suicune|75/100|[from] item: Leftovers
|upkeep
|-message|GryphonEX forfeited.
|
|win|Dysipius
|raw|Dysipius's rating: 1369 &rarr; <strong>1395</strong><br />(+26 for winning)
|raw|GryphonEX's rating: 1484 &rarr; <strong>1458</strong><br />(-26 for losing)
|l|☆GryphonEX
