|j|☆galoop
|j|☆pif
|t:|1644429276
|gametype|singles
|player|p1|galoop|265|1344
|player|p2|pif|265|1708
|teamsize|p1|6
|teamsize|p2|6
|gen|8
|tier|[Gen 8] UU
|rated|
|rule|Sleep Clause Mod: Limit one foe put to sleep
|rule|Species Clause: Limit one of each Pokémon
|rule|OHKO Clause: OHKO moves are banned
|rule|Evasion Moves Clause: Evasion moves are banned
|rule|Endless Battle Clause: Forcing endless battles is banned
|rule|HP Percentage Mod: HP is shown in percentages
|rule|Dynamax Clause: You cannot dynamax
|clearpoke
|poke|p1|Heracross, M|
|poke|p1|Aegislash, M|
|poke|p1|Slowking, F|
|poke|p1|Tangrowth, F|
|poke|p1|Moltres|
|poke|p1|Mamoswine, F|
|poke|p2|Diggersby, M|
|poke|p2|Crobat, M|
|poke|p2|Amoonguss, M|
|poke|p2|Nihilego|
|poke|p2|Aegislash, F|
|poke|p2|Slowking, F|
|teampreview
|inactive|Battle timer is ON: inactive players will automatically lose when time's up. (requested by galoop)
|inactive|pif has 120 seconds left.
|inactive|pif has 90 seconds left.
|
|t:|1644429345
|start
|switch|p1a: Mamoswine|Mamoswine, F|100/100
|switch|p2a: king of things|Slowking, F|100/100
|turn|1
|
|t:|1644429352
|switch|p1a: Tangrowth|Tangrowth, F|100/100
|move|p2a: king of things|Scald|p1a: Tangrowth
|-resisted|p1a: Tangrowth
|-damage|p1a: Tangrowth|92/100
|
|upkeep
|turn|2
|
|t:|1644429356
|switch|p2a: shroom of DOOM|Amoonguss, M|100/100
|move|p1a: Tangrowth|Knock Off|p2a: shroom of DOOM
|-crit|p2a: shroom of DOOM
|-damage|p2a: shroom of DOOM|76/100
|-damage|p1a: Tangrowth|75/100|[from] item: Rocky Helmet|[of] p2a: shroom of DOOM
|-enditem|p2a: shroom of DOOM|Rocky Helmet|[from] move: Knock Off|[of] p1a: Tangrowth
|
|upkeep
|turn|3
|
|t:|1644429365
|move|p1a: Tangrowth|Sludge Bomb|p2a: shroom of DOOM
|-damage|p2a: shroom of DOOM|56/100
|move|p2a: shroom of DOOM|Spore|p1a: Tangrowth
|-immune|p1a: Tangrowth
|
|upkeep
|turn|4
|
|t:|1644429370
|move|p1a: Tangrowth|Sludge Bomb|p2a: shroom of DOOM
|-damage|p2a: shroom of DOOM|38/100
|move|p2a: shroom of DOOM|Spore|p1a: Tangrowth
|-immune|p1a: Tangrowth
|
|upkeep
|turn|5
|
|t:|1644429376
|switch|p1a: Moltres|Moltres|100/100
|move|p2a: shroom of DOOM|Synthesis|p2a: shroom of DOOM
|-heal|p2a: shroom of DOOM|88/100
|
|upkeep
|turn|6
|c|☆pif|:(
|
|t:|1644429386
|switch|p2a: king of things|Slowking, F|100/100
|move|p1a: Moltres|Hurricane|p2a: king of things|[miss]
|-miss|p1a: Moltres|p2a: king of things
|
|upkeep
|turn|7
|
|t:|1644429392
|switch|p1a: Tangrowth|Tangrowth, F|100/100
|move|p2a: king of things|Future Sight|p1a: Tangrowth
|-start|p2a: king of things|move: Future Sight
|
|upkeep
|turn|8
|
|t:|1644429407
|switch|p1a: Moltres|Moltres|100/100
|switch|p2a: shroom of DOOM|Amoonguss, M|100/100
|
|upkeep
|turn|9
|
|t:|1644429413
|switch|p2a: king of things|Slowking, F|100/100
|move|p1a: Moltres|Hurricane|p2a: king of things
|-damage|p2a: king of things|54/100
|
|-end|p1a: Moltres|move: Future Sight
|-damage|p1a: Moltres|52/100
|upkeep
|turn|10
|
|t:|1644429422
|move|p1a: Moltres|Hurricane|p2a: king of things
|-damage|p2a: king of things|7/100
|move|p2a: king of things|Slack Off|p2a: king of things
|-heal|p2a: king of things|57/100
|
|upkeep
|turn|11
|
|t:|1644429432
|switch|p1a: Tangrowth|Tangrowth, F|100/100
|move|p2a: king of things|Scald|p1a: Tangrowth
|-resisted|p1a: Tangrowth
|-damage|p1a: Tangrowth|92/100
|
|upkeep
|turn|12
|
|t:|1644429440
|switch|p2a: shroom of DOOM|Amoonguss, M|100/100
|move|p1a: Tangrowth|Giga Drain|p2a: shroom of DOOM
|-resisted|p2a: shroom of DOOM
|-damage|p2a: shroom of DOOM|94/100
|-heal|p1a: Tangrowth|96/100|[from] drain|[of] p2a: shroom of DOOM
|
|upkeep
|turn|13
|
|t:|1644429446
|move|p1a: Tangrowth|Earthquake|p2a: shroom of DOOM
|-damage|p2a: shroom of DOOM|77/100
|move|p2a: shroom of DOOM|Spore|p1a: Tangrowth
|-immune|p1a: Tangrowth
|
|upkeep
|turn|14
|
|t:|1644429454
|switch|p1a: Moltres|Moltres|52/100
|move|p2a: shroom of DOOM|Spore|p1a: Moltres
|-status|p1a: Moltres|slp|[from] move: Spore
|
|upkeep
|turn|15
|-message|galoop forfeited.
|
|win|pif
|raw|galoop's rating: 1344 &rarr; <strong>1340</strong><br />(-4 for losing)
|raw|pif's rating: 1708 &rarr; <strong>1712</strong><br />(+4 for winning)
|l|☆galoop
