|j|☆galactest bro !
|j|☆leithyleith
|t:|1622878689
|gametype|singles
|player|p1|galactest bro !|2|1498
|player|p2|leithyleith|101|1523
|teamsize|p1|6
|teamsize|p2|6
|gen|8
|tier|[Gen 8] UU
|rated|
|rule|Sleep Clause Mod: Limit one foe put to sleep
|rule|Species Clause: Limit one of each Pokémon
|rule|OHKO Clause: OHKO moves are banned
|rule|Evasion Moves Clause: Evasion moves are banned
|rule|Endless Battle Clause: Forcing endless battles is banned
|rule|HP Percentage Mod: HP is shown in percentages
|rule|Dynamax Clause: You cannot dynamax
|clearpoke
|poke|p1|Kommo-o, F|
|poke|p1|Celesteela|
|poke|p1|Obstagoon, F|
|poke|p1|Gardevoir, M|
|poke|p1|Tentacruel, M|
|poke|p1|Diggersby, M|
|poke|p2|Arcanine, M|
|poke|p2|Vikavolt, M|
|poke|p2|Hatterene, F|
|poke|p2|Pangoro, F|
|poke|p2|Amoonguss, F|
|poke|p2|Seismitoad, F|
|teampreview
|c|☆galactest bro !|nice team
|c|☆leithyleith|thanks
|c|☆leithyleith|you too
|
|t:|1622878728
|start
|switch|p1a: Diggersby|Diggersby, M|100/100
|switch|p2a: Vikavolt|Vikavolt, M|100/100
|turn|1
|
|t:|1622878765
|switch|p2a: Arcanine|Arcanine, M|100/100
|-ability|p2a: Arcanine|Intimidate|boost
|-unboost|p1a: Diggersby|atk|1
|move|p1a: Diggersby|Body Slam|p2a: Arcanine
|-damage|p2a: Arcanine|54/100
|
|upkeep
|turn|2
|inactive|Battle timer is ON: inactive players will automatically lose when time's up. (requested by leithyleith)
|
|t:|1622878788
|switch|p1a: Kommo-o|Kommo-o, F|100/100
|switch|p2a: Amoonguss|Amoonguss, F|100/100
|
|upkeep
|turn|3
|inactive|galactest bro ! has 120 seconds left.
|
|t:|1622878826
|move|p1a: Kommo-o|Stealth Rock|p2a: Amoonguss
|-sidestart|p2: leithyleith|move: Stealth Rock
|move|p2a: Amoonguss|Spore|p1a: Kommo-o
|-status|p1a: Kommo-o|slp|[from] move: Spore
|
|upkeep
|turn|4
|inactive|galactest bro ! has 120 seconds left.
|
|t:|1622878851
|switch|p1a: Tentacruel|Tentacruel, M|100/100
|switch|p2a: Hatterene|Hatterene, F|100/100
|-damage|p2a: Hatterene|88/100|[from] Stealth Rock
|
|-heal|p2a: Hatterene|94/100|[from] item: Leftovers
|upkeep
|turn|5
|inactive|leithyleith has 120 seconds left.
|
|t:|1622878866
|switch|p2a: Seismitoad|Seismitoad, F|100/100
|-damage|p2a: Seismitoad|95/100|[from] Stealth Rock
|move|p1a: Tentacruel|Knock Off|p2a: Seismitoad
|-damage|p2a: Seismitoad|77/100
|-enditem|p2a: Seismitoad|Life Orb|[from] move: Knock Off|[of] p1a: Tentacruel
|
|upkeep
|turn|6
|inactive|galactest bro ! has 90 seconds left.
|
|t:|1622878918
|switch|p1a: Kommo-o|Kommo-o, F|100/100 slp
|move|p2a: Seismitoad|Stealth Rock|p1a: Kommo-o
|-sidestart|p1: galactest bro !|move: Stealth Rock
|
|upkeep
|turn|7
|inactive|leithyleith has 120 seconds left.
|
|t:|1622878937
|switch|p2a: Hatterene|Hatterene, F|94/100
|-damage|p2a: Hatterene|82/100|[from] Stealth Rock
|switch|p1a: Tentacruel|Tentacruel, M|100/100
|-damage|p1a: Tentacruel|88/100|[from] Stealth Rock
|
|-heal|p1a: Tentacruel|94/100|[from] item: Black Sludge
|-heal|p2a: Hatterene|88/100|[from] item: Leftovers
|upkeep
|turn|8
|
|t:|1622878947
|move|p1a: Tentacruel|Rapid Spin|p2a: Hatterene
|-damage|p2a: Hatterene|81/100
|-boost|p1a: Tentacruel|spe|1
|-sideend|p1: galactest bro !|Stealth Rock|[from] move: Rapid Spin|[of] p1a: Tentacruel
|move|p2a: Hatterene|Psyshock|p1a: Tentacruel
|-supereffective|p1a: Tentacruel
|-damage|p1a: Tentacruel|18/100
|
|-heal|p1a: Tentacruel|24/100|[from] item: Black Sludge
|-heal|p2a: Hatterene|87/100|[from] item: Leftovers
|upkeep
|turn|9
|
|t:|1622878962
|switch|p2a: Seismitoad|Seismitoad, F|77/100
|-damage|p2a: Seismitoad|71/100|[from] Stealth Rock
|move|p1a: Tentacruel|Knock Off|p2a: Seismitoad
|-damage|p2a: Seismitoad|58/100
|
|-heal|p1a: Tentacruel|30/100|[from] item: Black Sludge
|upkeep
|turn|10
|inactive|galactest bro ! has 60 seconds left.
|
|t:|1622878984
|switch|p1a: Gardevoir|Gardevoir, M|100/100
|-ability|p1a: Gardevoir|Swift Swim|[from] ability: Trace|[of] p2a: Seismitoad
|move|p2a: Seismitoad|Earth Power|p1a: Gardevoir
|-damage|p1a: Gardevoir|55/100
|
|upkeep
|turn|11
|inactive|galactest bro ! has 60 seconds left.
|
|t:|1622878995
|switch|p2a: Arcanine|Arcanine, M|54/100
|-ability|p2a: Arcanine|Intimidate|boost
|-unboost|p1a: Gardevoir|atk|1
|move|p1a: Gardevoir|Teleport|p1a: Gardevoir
|inactive|galactest bro ! has 60 seconds left.
|
|t:|1622879005
|switch|p1a: Diggersby|Diggersby, M|100/100|[from]move: Teleport
|
|upkeep
|turn|12
|
|t:|1622879012
|switch|p2a: Amoonguss|Amoonguss, F|100/100
|-damage|p2a: Amoonguss|88/100|[from] Stealth Rock
|move|p1a: Diggersby|Body Slam|p2a: Amoonguss
|-damage|p2a: Amoonguss|24/100
|-damage|p1a: Diggersby|84/100|[from] item: Rocky Helmet|[of] p2a: Amoonguss
|
|upkeep
|turn|13
|
|t:|1622879020
|switch|p2a: Arcanine|Arcanine, M|54/100
|-ability|p2a: Arcanine|Intimidate|boost
|-unboost|p1a: Diggersby|atk|1
|move|p1a: Diggersby|Body Slam|p2a: Arcanine
|-damage|p2a: Arcanine|7/100
|
|upkeep
|turn|14
|
|t:|1622879027
|move|p1a: Diggersby|Body Slam|p2a: Arcanine
|-damage|p2a: Arcanine|0 fnt
|faint|p2a: Arcanine
|
|upkeep
|
|t:|1622879044
|switch|p2a: Amoonguss|Amoonguss, F|57/100
|-damage|p2a: Amoonguss|45/100|[from] Stealth Rock
|turn|15
|inactive|galactest bro ! has 90 seconds left.
|inactive|galactest bro ! has 60 seconds left.
|
|t:|1622879093
|switch|p1a: Celesteela|Celesteela|100/100
|switch|p2a: Vikavolt|Vikavolt, M|100/100
|
|upkeep
|turn|16
|
|t:|1622879101
|switch|p1a: Diggersby|Diggersby, M|84/100
|move|p2a: Vikavolt|Sticky Web|p1a: Diggersby
|-sidestart|p1: galactest bro !|move: Sticky Web
|
|upkeep
|turn|17
|inactive|galactest bro ! has 60 seconds left.
|
|t:|1622879107
|move|p1a: Diggersby|Body Slam|p2a: Vikavolt
|-damage|p2a: Vikavolt|3/100
|move|p2a: Vikavolt|Energy Ball|p1a: Diggersby
|-supereffective|p1a: Diggersby
|-damage|p1a: Diggersby|0 fnt
|faint|p1a: Diggersby
|
|upkeep
|inactive|galactest bro ! has 60 seconds left.
|
|t:|1622879137
|switch|p1a: Gardevoir|Gardevoir, M|55/100
|-activate|p1a: Gardevoir|move: Sticky Web
|-unboost|p1a: Gardevoir|spe|1
|-ability|p1a: Gardevoir|Levitate|[from] ability: Trace|[of] p2a: Vikavolt
|turn|18
|
|t:|1622879153
|switch|p2a: Amoonguss|Amoonguss, F|78/100
|-damage|p2a: Amoonguss|66/100|[from] Stealth Rock
|move|p1a: Gardevoir|Psychic|p2a: Amoonguss
|-supereffective|p2a: Amoonguss
|-damage|p2a: Amoonguss|0 fnt
|faint|p2a: Amoonguss
|
|upkeep
|
|t:|1622879157
|switch|p2a: Pangoro|Pangoro, F|100/100
|-damage|p2a: Pangoro|94/100|[from] Stealth Rock
|turn|19
|inactive|galactest bro ! has 30 seconds left.
|
|t:|1622879187
|switch|p1a: Obstagoon|Obstagoon, F|100/100
|-activate|p1a: Obstagoon|move: Sticky Web
|-unboost|p1a: Obstagoon|spe|1
|move|p2a: Pangoro|Knock Off|p1a: Obstagoon
|-resisted|p1a: Obstagoon
|-damage|p1a: Obstagoon|59/100
|-enditem|p1a: Obstagoon|Flame Orb|[from] move: Knock Off|[of] p2a: Pangoro
|
|upkeep
|turn|20
|inactive|galactest bro ! has 30 seconds left.
|
|t:|1622879209
|switch|p2a: Seismitoad|Seismitoad, F|58/100
|-damage|p2a: Seismitoad|52/100|[from] Stealth Rock
|move|p1a: Obstagoon|Parting Shot|p2a: Seismitoad
|-unboost|p2a: Seismitoad|atk|1
|-unboost|p2a: Seismitoad|spa|1
|inactive|galactest bro ! has 30 seconds left this turn.
|inactive|galactest bro ! has 20 seconds left.
|inactive|galactest bro ! has 15 seconds left.
|
|t:|1622879225
|switch|p1a: Gardevoir|Gardevoir, M|55/100|[from]move: Parting Shot
|-activate|p1a: Gardevoir|move: Sticky Web
|-unboost|p1a: Gardevoir|spe|1
|-ability|p1a: Gardevoir|Swift Swim|[from] ability: Trace|[of] p2a: Seismitoad
|
|upkeep
|turn|21
|inactive|galactest bro ! has 25 seconds left this turn.
|inactive|galactest bro ! has 20 seconds left.
|
|t:|1622879232
|move|p1a: Gardevoir|Moonblast|p2a: Seismitoad
|-damage|p2a: Seismitoad|0 fnt
|faint|p2a: Seismitoad
|
|upkeep
|inactive|galactest bro ! has 25 seconds left this turn.
|
|t:|1622879244
|switch|p2a: Hatterene|Hatterene, F|87/100
|-damage|p2a: Hatterene|75/100|[from] Stealth Rock
|turn|22
|inactive|galactest bro ! has 30 seconds left.
|
|t:|1622879258
|switch|p1a: Tentacruel|Tentacruel, M|30/100
|-activate|p1a: Tentacruel|move: Sticky Web
|-unboost|p1a: Tentacruel|spe|1
|move|p2a: Hatterene|Calm Mind|p2a: Hatterene
|-boost|p2a: Hatterene|spa|1
|-boost|p2a: Hatterene|spd|1
|
|-heal|p1a: Tentacruel|36/100|[from] item: Black Sludge
|-heal|p2a: Hatterene|81/100|[from] item: Leftovers
|upkeep
|turn|23
|inactive|galactest bro ! has 30 seconds left.
|
|t:|1622879271
|move|p1a: Tentacruel|Rapid Spin|p2a: Hatterene
|-damage|p2a: Hatterene|74/100
|-boost|p1a: Tentacruel|spe|1
|-sideend|p1: galactest bro !|Sticky Web|[from] move: Rapid Spin|[of] p1a: Tentacruel
|move|p2a: Hatterene|Calm Mind|p2a: Hatterene
|-boost|p2a: Hatterene|spa|1
|-boost|p2a: Hatterene|spd|1
|
|-heal|p1a: Tentacruel|43/100|[from] item: Black Sludge
|-heal|p2a: Hatterene|80/100|[from] item: Leftovers
|upkeep
|turn|24
|
|t:|1622879281
|move|p1a: Tentacruel|Knock Off|p2a: Hatterene
|-damage|p2a: Hatterene|67/100
|-enditem|p2a: Hatterene|Leftovers|[from] move: Knock Off|[of] p1a: Tentacruel
|move|p2a: Hatterene|Calm Mind|p2a: Hatterene
|-boost|p2a: Hatterene|spa|1
|-boost|p2a: Hatterene|spd|1
|
|-heal|p1a: Tentacruel|49/100|[from] item: Black Sludge
|upkeep
|turn|25
|
|t:|1622879293
|move|p1a: Tentacruel|Scald|p2a: Hatterene
|-damage|p2a: Hatterene|57/100
|move|p2a: Hatterene|Draining Kiss|p1a: Tentacruel
|-resisted|p1a: Tentacruel
|-damage|p1a: Tentacruel|25/100
|-damage|p2a: Hatterene|37/100|[from] ability: Liquid Ooze|[of] p1a: Tentacruel
|
|-heal|p1a: Tentacruel|31/100|[from] item: Black Sludge
|upkeep
|turn|26
|
|t:|1622879306
|move|p1a: Tentacruel|Scald|p2a: Hatterene
|-damage|p2a: Hatterene|28/100
|move|p2a: Hatterene|Nuzzle|p1a: Tentacruel
|-supereffective|p1a: Tentacruel
|-damage|p1a: Tentacruel|23/100
|-status|p1a: Tentacruel|par
|
|-heal|p1a: Tentacruel|29/100 par|[from] item: Black Sludge
|upkeep
|turn|27
|
|t:|1622879315
|move|p1a: Tentacruel|Scald|p2a: Hatterene
|-damage|p2a: Hatterene|18/100
|-status|p2a: Hatterene|brn
|move|p2a: Hatterene|Calm Mind|p2a: Hatterene
|-boost|p2a: Hatterene|spa|1
|-boost|p2a: Hatterene|spd|1
|
|-heal|p1a: Tentacruel|35/100 par|[from] item: Black Sludge
|-damage|p2a: Hatterene|12/100 brn|[from] brn
|upkeep
|turn|28
|
|t:|1622879325
|move|p1a: Tentacruel|Scald|p2a: Hatterene
|-damage|p2a: Hatterene|3/100 brn
|move|p2a: Hatterene|Psyshock|p1a: Tentacruel
|-supereffective|p1a: Tentacruel
|-damage|p1a: Tentacruel|0 fnt
|faint|p1a: Tentacruel
|
|-damage|p2a: Hatterene|0 fnt|[from] brn
|faint|p2a: Hatterene
|upkeep
|
|t:|1622879336
|switch|p1a: Gardevoir|Gardevoir, M|55/100
|switch|p2a: Pangoro|Pangoro, F|94/100
|-ability|p1a: Gardevoir|Scrappy|[from] ability: Trace|[of] p2a: Pangoro
|-damage|p2a: Pangoro|88/100|[from] Stealth Rock
|turn|29
|
|t:|1622879344
|switch|p1a: Kommo-o|Kommo-o, F|100/100 slp
|move|p2a: Pangoro|Bullet Punch|p1a: Kommo-o
|-damage|p1a: Kommo-o|87/100 slp
|-damage|p2a: Pangoro|72/100|[from] item: Rocky Helmet|[of] p1a: Kommo-o
|
|upkeep
|turn|30
|inactive|galactest bro ! has 60 seconds left.
|
|t:|1622879352
|switch|p1a: Obstagoon|Obstagoon, F|59/100
|switch|p2a: Vikavolt|Vikavolt, M|3/100
|
|upkeep
|turn|31
|
|t:|1622879359
|move|p1a: Obstagoon|Knock Off|p2a: Vikavolt
|-damage|p2a: Vikavolt|0 fnt
|-enditem|p2a: Vikavolt|Heavy-Duty Boots|[from] move: Knock Off|[of] p1a: Obstagoon
|faint|p2a: Vikavolt
|
|upkeep
|
|t:|1622879362
|switch|p2a: Pangoro|Pangoro, F|72/100
|-damage|p2a: Pangoro|66/100|[from] Stealth Rock
|turn|32
|c|☆galactest bro !|gg
|
|t:|1622879372
|move|p2a: Pangoro|Bullet Punch|p1a: Obstagoon
|-damage|p1a: Obstagoon|37/100
|move|p1a: Obstagoon|Parting Shot|p2a: Pangoro
|-unboost|p2a: Pangoro|atk|1
|-unboost|p2a: Pangoro|spa|1
|
|t:|1622879378
|switch|p1a: Celesteela|Celesteela|100/100|[from]move: Parting Shot
|
|upkeep
|turn|33
|c|☆leithyleith|gg
|
|t:|1622879383
|move|p2a: Pangoro|Bullet Punch|p1a: Celesteela
|-resisted|p1a: Celesteela
|-damage|p1a: Celesteela|95/100
|move|p1a: Celesteela|Leech Seed|p2a: Pangoro
|-start|p2a: Pangoro|move: Leech Seed
|
|-heal|p1a: Celesteela|100/100|[from] item: Leftovers
|-damage|p2a: Pangoro|53/100|[from] Leech Seed|[of] p1a: Celesteela
|upkeep
|turn|34
|inactive|galactest bro ! has 90 seconds left.
|-message|leithyleith forfeited.
|
|win|galactest bro !
|raw|galactest bro !'s rating: 1498 &rarr; <strong>1519</strong><br />(+21 for winning)
|raw|leithyleith's rating: 1523 &rarr; <strong>1502</strong><br />(-21 for losing)
|l|☆leithyleith
