|j|☆cielau origine ♫
|j|☆Mimilucha
|t:|1664392494
|gametype|singles
|player|p1|cielau origine ♫|nate|
|player|p2|Mimilucha|ethan-masters|
|teamsize|p1|6
|teamsize|p2|6
|gen|8
|tier|[Gen 8] UU
|rule|Sleep Clause Mod: Limit one foe put to sleep
|rule|Species Clause: Limit one of each Pokémon
|rule|OHKO Clause: OHKO moves are banned
|rule|Evasion Items Clause: Evasion items are banned
|rule|Evasion Moves Clause: Evasion moves are banned
|rule|Endless Battle Clause: Forcing endless battles is banned
|rule|HP Percentage Mod: HP is shown in percentages
|rule|Dynamax Clause: You cannot dynamax
|clearpoke
|poke|p1|Mamoswine, M|
|poke|p1|Azelf|
|poke|p1|Slowking, F|
|poke|p1|Cobalion|
|poke|p1|Salamence, F|
|poke|p1|Zarude-Dada|
|poke|p2|Jirachi|
|poke|p2|Conkeldurr, M|
|poke|p2|Zygarde-10%|
|poke|p2|Rotom-Wash|
|poke|p2|Salamence, F|
|poke|p2|Chansey, F|
|teampreview
|inactive|Battle timer is ON: inactive players will automatically lose when time's up. (requested by Mimilucha)
|c|☆cielau origine ♫|hf
|c|☆Mimilucha|hf
|j| Pheo' grosse merde
|inactive|Mimilucha has 270 seconds left.
|inactive|cielau origine ♫ has 270 seconds left.
|
|t:|1664392533
|start
|switch|p1a: Azelf|Azelf|100/100
|switch|p2a: Chansey|Chansey, F|100/100
|turn|1
|
|t:|1664392539
|move|p1a: Azelf|Knock Off|p2a: Chansey
|-damage|p2a: Chansey|82/100
|-enditem|p2a: Chansey|Eviolite|[from] move: Knock Off|[of] p1a: Azelf
|move|p2a: Chansey|Toxic|p1a: Azelf
|-status|p1a: Azelf|tox
|
|-damage|p1a: Azelf|94/100 tox|[from] psn
|upkeep
|turn|2
|j| Micciu20250
|
|t:|1664392543
|move|p1a: Azelf|U-turn|p2a: Chansey
|-damage|p2a: Chansey|64/100
|
|t:|1664392547
|switch|p1a: Cobalion|Cobalion|100/100|[from]move: U-turn
|move|p2a: Chansey|Stealth Rock|p1a: Cobalion
|-sidestart|p1: cielau origine ♫|move: Stealth Rock
|
|upkeep
|turn|3
|
|t:|1664392551
|switch|p2a: Conkeldurr|Conkeldurr, M|100/100
|move|p1a: Cobalion|Stealth Rock|p2a: Conkeldurr
|-sidestart|p2: Mimilucha|move: Stealth Rock
|
|-status|p2a: Conkeldurr|brn|[from] item: Flame Orb
|upkeep
|turn|4
|
|t:|1664392561
|switch|p1a: Salamence|Salamence, F|100/100
|-ability|p1a: Salamence|Intimidate|boost
|-unboost|p2a: Conkeldurr|atk|1
|move|p2a: Conkeldurr|Knock Off|p1a: Salamence
|-damage|p1a: Salamence|55/100
|-enditem|p1a: Salamence|Heavy-Duty Boots|[from] move: Knock Off|[of] p2a: Conkeldurr
|
|-damage|p2a: Conkeldurr|95/100 brn|[from] brn
|upkeep
|turn|5
|
|t:|1664392569
|switch|p2a: Chansey|Chansey, F|64/100
|-damage|p2a: Chansey|52/100|[from] Stealth Rock
|move|p1a: Salamence|Hurricane|p2a: Chansey|[miss]
|-miss|p1a: Salamence|p2a: Chansey
|
|upkeep
|turn|6
|
|t:|1664392573
|move|p1a: Salamence|Roost|p1a: Salamence
|-heal|p1a: Salamence|100/100
|-singleturn|p1a: Salamence|move: Roost
|move|p2a: Chansey|Soft-Boiled|p2a: Chansey
|-heal|p2a: Chansey|100/100
|
|upkeep
|turn|7
|
|t:|1664392580
|switch|p1a: Zarude|Zarude-Dada|100/100
|switch|p2a: Rotom|Rotom-Wash|100/100
|-damage|p2a: Rotom|88/100|[from] Stealth Rock
|
|-heal|p2a: Rotom|94/100|[from] item: Leftovers
|upkeep
|turn|8
|
|t:|1664392586
|switch|p2a: Salamence|Salamence, F|100/100
|-ability|p2a: Salamence|Intimidate|boost
|-unboost|p1a: Zarude|atk|1
|move|p1a: Zarude|U-turn|p2a: Salamence
|-resisted|p2a: Salamence
|-damage|p2a: Salamence|94/100
|
|t:|1664392592
|switch|p1a: Mamoswine|Mamoswine, M|100/100|[from]move: U-turn
|-damage|p1a: Mamoswine|88/100|[from] Stealth Rock
|
|upkeep
|turn|9
|
|t:|1664392594
|switch|p2a: Rotom|Rotom-Wash|94/100
|-damage|p2a: Rotom|82/100|[from] Stealth Rock
|move|p1a: Mamoswine|Knock Off|p2a: Rotom
|-damage|p2a: Rotom|49/100
|-enditem|p2a: Rotom|Leftovers|[from] move: Knock Off|[of] p1a: Mamoswine
|
|upkeep
|turn|10
|
|t:|1664392601
|switch|p1a: Zarude|Zarude-Dada|100/100
|move|p2a: Rotom|Pain Split|p1a: Zarude
|-sethp|p1a: Zarude|71/100|[from] move: Pain Split|[silent]
|-sethp|p2a: Rotom|83/100|[from] move: Pain Split
|
|upkeep
|turn|11
|
|t:|1664392605
|switch|p2a: Salamence|Salamence, F|94/100
|-ability|p2a: Salamence|Intimidate|boost
|-unboost|p1a: Zarude|atk|1
|move|p1a: Zarude|U-turn|p2a: Salamence
|-resisted|p2a: Salamence
|-damage|p2a: Salamence|88/100
|
|t:|1664392607
|switch|p1a: Mamoswine|Mamoswine, M|88/100|[from]move: U-turn
|-damage|p1a: Mamoswine|76/100|[from] Stealth Rock
|
|upkeep
|turn|12
|
|t:|1664392611
|switch|p2a: Rotom|Rotom-Wash|83/100
|-damage|p2a: Rotom|70/100|[from] Stealth Rock
|move|p1a: Mamoswine|Icicle Crash|p2a: Rotom
|-resisted|p2a: Rotom
|-damage|p2a: Rotom|45/100
|
|upkeep
|turn|13
|
|t:|1664392618
|switch|p1a: Zarude|Zarude-Dada|71/100
|move|p2a: Rotom|Pain Split|p1a: Zarude
|-sethp|p1a: Zarude|55/100|[from] move: Pain Split|[silent]
|-sethp|p2a: Rotom|64/100|[from] move: Pain Split
|
|upkeep
|turn|14
|
|t:|1664392626
|switch|p2a: Salamence|Salamence, F|88/100
|-ability|p2a: Salamence|Intimidate|boost
|-unboost|p1a: Zarude|atk|1
|move|p1a: Zarude|U-turn|p2a: Salamence
|-resisted|p2a: Salamence
|-damage|p2a: Salamence|82/100
|
|t:|1664392632
|switch|p1a: Mamoswine|Mamoswine, M|76/100|[from]move: U-turn
|-damage|p1a: Mamoswine|63/100|[from] Stealth Rock
|
|upkeep
|turn|15
|
|t:|1664392637
|switch|p2a: Rotom|Rotom-Wash|64/100
|-damage|p2a: Rotom|52/100|[from] Stealth Rock
|move|p1a: Mamoswine|Icicle Crash|p2a: Rotom
|-resisted|p2a: Rotom
|-damage|p2a: Rotom|30/100
|
|upkeep
|turn|16
|l| Micciu20250
|
|t:|1664392644
|switch|p1a: Zarude|Zarude-Dada|55/100
|move|p2a: Rotom|Volt Switch|p1a: Zarude
|-resisted|p1a: Zarude
|-damage|p1a: Zarude|43/100
|
|t:|1664392647
|switch|p2a: Conkeldurr|Conkeldurr, M|95/100 brn|[from]move: Volt Switch
|-damage|p2a: Conkeldurr|89/100 brn|[from] Stealth Rock
|
|-damage|p2a: Conkeldurr|83/100 brn|[from] brn
|upkeep
|turn|17
|
|t:|1664392654
|switch|p1a: Salamence|Salamence, F|100/100
|-damage|p1a: Salamence|76/100|[from] Stealth Rock
|-ability|p1a: Salamence|Intimidate|boost
|-unboost|p2a: Conkeldurr|atk|1
|move|p2a: Conkeldurr|Facade|p1a: Salamence
|-damage|p1a: Salamence|5/100
|
|-damage|p2a: Conkeldurr|77/100 brn|[from] brn
|upkeep
|turn|18
|
|t:|1664392659
|switch|p1a: Slowking|Slowking, F|100/100
|-damage|p1a: Slowking|88/100|[from] Stealth Rock
|move|p2a: Conkeldurr|Mach Punch|p1a: Slowking
|-resisted|p1a: Slowking
|-damage|p1a: Slowking|79/100
|
|-damage|p2a: Conkeldurr|71/100 brn|[from] brn
|upkeep
|turn|19
|
|t:|1664392665
|switch|p2a: Jirachi|Jirachi|100/100
|-damage|p2a: Jirachi|94/100|[from] Stealth Rock
|move|p1a: Slowking|Scald|p2a: Jirachi
|-damage|p2a: Jirachi|76/100
|-status|p2a: Jirachi|brn
|
|-heal|p2a: Jirachi|82/100 brn|[from] item: Leftovers
|-damage|p2a: Jirachi|76/100 brn|[from] brn
|upkeep
|turn|20
|j| Cyussu
|
|t:|1664392669
|move|p2a: Jirachi|Wish|p2a: Jirachi
|move|p1a: Slowking|Teleport|p1a: Slowking
|
|t:|1664392676
|switch|p1a: Zarude|Zarude-Dada|43/100|[from]move: Teleport
|
|-heal|p2a: Jirachi|82/100 brn|[from] item: Leftovers
|-damage|p2a: Jirachi|76/100 brn|[from] brn
|upkeep
|turn|21
|
|t:|1664392685
|switch|p2a: Conkeldurr|Conkeldurr, M|71/100 brn
|-damage|p2a: Conkeldurr|65/100 brn|[from] Stealth Rock
|move|p1a: Zarude|Jungle Healing|p1a: Zarude
|-heal|p1a: Zarude|68/100
|
|-heal|p2a: Conkeldurr|100/100 brn|[from] move: Wish|[wisher] Jirachi
|-damage|p2a: Conkeldurr|95/100 brn|[from] brn
|upkeep
|turn|22
|
|t:|1664392690
|switch|p1a: Salamence|Salamence, F|5/100
|-damage|p1a: Salamence|0 fnt|[from] Stealth Rock
|faint|p1a: Salamence
|move|p2a: Conkeldurr|Drain Punch|p1: Salamence|[notarget]
|-fail|p2a: Conkeldurr
|
|-damage|p2a: Conkeldurr|89/100 brn|[from] brn
|upkeep
|
|t:|1664392695
|switch|p1a: Azelf|Azelf|94/100 tox
|turn|23
|
|t:|1664392700
|switch|p2a: Chansey|Chansey, F|100/100
|-damage|p2a: Chansey|88/100|[from] Stealth Rock
|move|p1a: Azelf|U-turn|p2a: Chansey
|-damage|p2a: Chansey|69/100
|
|t:|1664392702
|switch|p1a: Cobalion|Cobalion|100/100|[from]move: U-turn
|-damage|p1a: Cobalion|97/100|[from] Stealth Rock
|
|upkeep
|turn|24
|
|t:|1664392707
|switch|p2a: Salamence|Salamence, F|82/100
|-ability|p2a: Salamence|Intimidate|boost
|-unboost|p1a: Cobalion|atk|1
|move|p1a: Cobalion|Swords Dance|p1a: Cobalion
|-boost|p1a: Cobalion|atk|2
|
|upkeep
|turn|25
|
|t:|1664392712
|move|p1a: Cobalion|Iron Head|p2a: Salamence
|-damage|p2a: Salamence|42/100
|move|p2a: Salamence|Flamethrower|p1a: Cobalion
|-supereffective|p1a: Cobalion
|-damage|p1a: Cobalion|38/100
|-status|p1a: Cobalion|brn
|
|-damage|p1a: Cobalion|32/100 brn|[from] brn
|upkeep
|turn|26
|c|☆cielau origine ♫|nan mais
|c|☆Mimilucha|mb
|
|t:|1664392726
|move|p1a: Cobalion|Iron Head|p2a: Salamence
|-damage|p2a: Salamence|24/100
|move|p2a: Salamence|Roost|p2a: Salamence
|-heal|p2a: Salamence|74/100
|-singleturn|p2a: Salamence|move: Roost
|
|-damage|p1a: Cobalion|26/100 brn|[from] brn
|upkeep
|turn|27
|
|t:|1664392730
|switch|p1a: Slowking|Slowking, F|100/100
|-damage|p1a: Slowking|88/100|[from] Stealth Rock
|move|p2a: Salamence|Flamethrower|p1a: Slowking
|-resisted|p1a: Slowking
|-damage|p1a: Slowking|80/100
|
|upkeep
|turn|28
|
|t:|1664392734
|switch|p2a: Jirachi|Jirachi|76/100 brn
|-damage|p2a: Jirachi|70/100 brn|[from] Stealth Rock
|move|p1a: Slowking|Future Sight|p2a: Jirachi
|-start|p1a: Slowking|move: Future Sight
|
|-heal|p2a: Jirachi|76/100 brn|[from] item: Leftovers
|-damage|p2a: Jirachi|70/100 brn|[from] brn
|upkeep
|turn|29
|
|t:|1664392737
|move|p2a: Jirachi|Wish|p2a: Jirachi
|move|p1a: Slowking|Teleport|p1a: Slowking
|
|t:|1664392746
|switch|p1a: Zarude|Zarude-Dada|68/100|[from]move: Teleport
|
|-heal|p2a: Jirachi|76/100 brn|[from] item: Leftovers
|-damage|p2a: Jirachi|70/100 brn|[from] brn
|upkeep
|turn|30
|
|t:|1664392748
|move|p2a: Jirachi|Protect|p2a: Jirachi
|-singleturn|p2a: Jirachi|Protect
|move|p1a: Zarude|Darkest Lariat|p2a: Jirachi
|-activate|p2a: Jirachi|move: Protect
|
|-end|p2a: Jirachi|move: Future Sight
|-resisted|p2a: Jirachi
|-damage|p2a: Jirachi|63/100 brn
|-heal|p2a: Jirachi|100/100 brn|[from] move: Wish|[wisher] Jirachi
|-damage|p2a: Jirachi|94/100 brn|[from] brn
|upkeep
|turn|31
|
|t:|1664392752
|switch|p2a: Salamence|Salamence, F|74/100
|-ability|p2a: Salamence|Intimidate|boost
|-unboost|p1a: Zarude|atk|1
|move|p1a: Zarude|Darkest Lariat|p2a: Salamence
|-damage|p2a: Salamence|51/100
|
|upkeep
|turn|32
|
|t:|1664392755
|move|p1a: Zarude|U-turn|p2a: Salamence
|-resisted|p2a: Salamence
|-damage|p2a: Salamence|45/100
|
|t:|1664392759
|switch|p1a: Slowking|Slowking, F|100/100|[from]move: U-turn
|-damage|p1a: Slowking|88/100|[from] Stealth Rock
|move|p2a: Salamence|Roost|p2a: Salamence
|-heal|p2a: Salamence|95/100
|-singleturn|p2a: Salamence|move: Roost
|
|upkeep
|turn|33
|
|t:|1664392761
|switch|p2a: Jirachi|Jirachi|94/100 brn
|-damage|p2a: Jirachi|88/100 brn|[from] Stealth Rock
|move|p1a: Slowking|Future Sight|p2a: Jirachi
|-start|p1a: Slowking|move: Future Sight
|
|-heal|p2a: Jirachi|94/100 brn|[from] item: Leftovers
|-damage|p2a: Jirachi|88/100 brn|[from] brn
|upkeep
|turn|34
|
|t:|1664392763
|move|p2a: Jirachi|Wish|p2a: Jirachi
|move|p1a: Slowking|Teleport|p1a: Slowking
|
|t:|1664392765
|switch|p1a: Zarude|Zarude-Dada|68/100|[from]move: Teleport
|
|-heal|p2a: Jirachi|94/100 brn|[from] item: Leftovers
|-damage|p2a: Jirachi|88/100 brn|[from] brn
|upkeep
|turn|35
|j| Dunoks
|
|t:|1664392770
|move|p2a: Jirachi|Protect|p2a: Jirachi
|-singleturn|p2a: Jirachi|Protect
|move|p1a: Zarude|Darkest Lariat|p2a: Jirachi
|-activate|p2a: Jirachi|move: Protect
|
|-end|p2a: Jirachi|move: Future Sight
|-resisted|p2a: Jirachi
|-damage|p2a: Jirachi|81/100 brn
|-heal|p2a: Jirachi|100/100 brn|[from] move: Wish|[wisher] Jirachi
|-damage|p2a: Jirachi|94/100 brn|[from] brn
|upkeep
|turn|36
|j| Micciu20250
|
|t:|1664392774
|switch|p2a: Salamence|Salamence, F|95/100
|-ability|p2a: Salamence|Intimidate|boost
|-unboost|p1a: Zarude|atk|1
|move|p1a: Zarude|U-turn|p2a: Salamence
|-resisted|p2a: Salamence
|-damage|p2a: Salamence|90/100
|
|t:|1664392777
|switch|p1a: Mamoswine|Mamoswine, M|63/100|[from]move: U-turn
|-damage|p1a: Mamoswine|51/100|[from] Stealth Rock
|
|upkeep
|turn|37
|
|t:|1664392796
|switch|p2a: Rotom|Rotom-Wash|30/100
|-damage|p2a: Rotom|18/100|[from] Stealth Rock
|move|p1a: Mamoswine|Earthquake|p2a: Rotom
|-immune|p2a: Rotom|[from] ability: Levitate
|
|upkeep
|turn|38
|
|t:|1664392804
|switch|p1a: Cobalion|Cobalion|26/100 brn
|-damage|p1a: Cobalion|22/100 brn|[from] Stealth Rock
|move|p2a: Rotom|Will-O-Wisp|p1a: Cobalion
|-fail|p1a: Cobalion|brn
|
|-damage|p1a: Cobalion|16/100 brn|[from] brn
|upkeep
|turn|39
|
|t:|1664392814
|switch|p2a: Salamence|Salamence, F|90/100
|-ability|p2a: Salamence|Intimidate|boost
|-unboost|p1a: Cobalion|atk|1
|move|p1a: Cobalion|Close Combat|p2a: Salamence
|-resisted|p2a: Salamence
|-damage|p2a: Salamence|83/100
|-unboost|p1a: Cobalion|def|1
|-unboost|p1a: Cobalion|spd|1
|
|-damage|p1a: Cobalion|10/100 brn|[from] brn
|upkeep
|turn|40
|
|t:|1664392818
|switch|p1a: Slowking|Slowking, F|100/100
|-damage|p1a: Slowking|88/100|[from] Stealth Rock
|move|p2a: Salamence|Dual Wingbeat|p1a: Slowking
|-crit|p1a: Slowking
|-damage|p1a: Slowking|67/100
|-damage|p1a: Slowking|53/100
|-hitcount|p1a: Slowking|2
|
|upkeep
|turn|41
|
|t:|1664392832
|switch|p2a: Chansey|Chansey, F|69/100
|-damage|p2a: Chansey|56/100|[from] Stealth Rock
|move|p1a: Slowking|Slack Off|p1a: Slowking
|-heal|p1a: Slowking|100/100
|
|upkeep
|turn|42
|
|t:|1664392839
|switch|p1a: Zarude|Zarude-Dada|68/100
|move|p2a: Chansey|Seismic Toss|p1a: Zarude
|-damage|p1a: Zarude|39/100
|
|upkeep
|turn|43
|
|t:|1664392845
|switch|p2a: Salamence|Salamence, F|83/100
|-ability|p2a: Salamence|Intimidate|boost
|-unboost|p1a: Zarude|atk|1
|move|p1a: Zarude|Darkest Lariat|p2a: Salamence
|-damage|p2a: Salamence|60/100
|
|upkeep
|turn|44
|
|t:|1664392848
|move|p1a: Zarude|U-turn|p2a: Salamence
|-resisted|p2a: Salamence
|-damage|p2a: Salamence|54/100
|
|t:|1664392850
|switch|p1a: Slowking|Slowking, F|100/100|[from]move: U-turn
|-damage|p1a: Slowking|88/100|[from] Stealth Rock
|move|p2a: Salamence|Roost|p2a: Salamence
|-heal|p2a: Salamence|100/100
|-singleturn|p2a: Salamence|move: Roost
|
|upkeep
|turn|45
|
|t:|1664392856
|switch|p2a: Jirachi|Jirachi|94/100 brn
|-damage|p2a: Jirachi|88/100 brn|[from] Stealth Rock
|move|p1a: Slowking|Future Sight|p2a: Jirachi
|-start|p1a: Slowking|move: Future Sight
|
|-heal|p2a: Jirachi|94/100 brn|[from] item: Leftovers
|-damage|p2a: Jirachi|88/100 brn|[from] brn
|upkeep
|turn|46
|
|t:|1664392859
|move|p2a: Jirachi|Wish|p2a: Jirachi
|move|p1a: Slowking|Teleport|p1a: Slowking
|
|t:|1664392861
|switch|p1a: Zarude|Zarude-Dada|39/100|[from]move: Teleport
|
|-heal|p2a: Jirachi|94/100 brn|[from] item: Leftovers
|-damage|p2a: Jirachi|88/100 brn|[from] brn
|upkeep
|turn|47
|
|t:|1664392866
|move|p1a: Zarude|Darkest Lariat|p2a: Jirachi
|-supereffective|p2a: Jirachi
|-damage|p2a: Jirachi|11/100 brn
|move|p2a: Jirachi|U-turn|p1a: Zarude
|-supereffective|p1a: Zarude
|-damage|p1a: Zarude|9/100
|
|t:|1664392874
|switch|p2a: Rotom|Rotom-Wash|18/100|[from]move: U-turn
|-damage|p2a: Rotom|6/100|[from] Stealth Rock
|
|-end|p2a: Rotom|move: Future Sight
|-damage|p2a: Rotom|0 fnt
|faint|p2a: Rotom
|upkeep
|
|t:|1664392876
|switch|p2a: Zygarde|Zygarde-10%|100/100
|-damage|p2a: Zygarde|94/100|[from] Stealth Rock
|-ability|p2a: Zygarde|Aura Break
|turn|48
|
|t:|1664392887
|switch|p1a: Cobalion|Cobalion|10/100 brn
|-damage|p1a: Cobalion|7/100 brn|[from] Stealth Rock
|move|p2a: Zygarde|Thousand Arrows|p1a: Cobalion
|-supereffective|p1a: Cobalion
|-damage|p1a: Cobalion|0 fnt
|faint|p1a: Cobalion
|
|upkeep
|
|t:|1664392889
|switch|p1a: Mamoswine|Mamoswine, M|51/100
|-damage|p1a: Mamoswine|38/100|[from] Stealth Rock
|turn|49
|
|t:|1664392895
|switch|p2a: Jirachi|Jirachi|11/100 brn
|-damage|p2a: Jirachi|5/100 brn|[from] Stealth Rock
|move|p1a: Mamoswine|Ice Shard|p2a: Jirachi
|-resisted|p2a: Jirachi
|-damage|p2a: Jirachi|0 fnt
|faint|p2a: Jirachi
|
|upkeep
|
|t:|1664392897
|switch|p2a: Conkeldurr|Conkeldurr, M|89/100 brn
|-damage|p2a: Conkeldurr|83/100 brn|[from] Stealth Rock
|turn|50
|
|t:|1664392905
|switch|p1a: Zarude|Zarude-Dada|9/100
|move|p2a: Conkeldurr|Mach Punch|p1a: Zarude
|-supereffective|p1a: Zarude
|-damage|p1a: Zarude|0 fnt
|faint|p1a: Zarude
|
|-damage|p2a: Conkeldurr|77/100 brn|[from] brn
|upkeep
|
|t:|1664392907
|switch|p1a: Azelf|Azelf|94/100 tox
|turn|51
|
|t:|1664392910
|switch|p2a: Salamence|Salamence, F|100/100
|-ability|p2a: Salamence|Intimidate|boost
|-unboost|p1a: Azelf|atk|1
|move|p1a: Azelf|Psychic|p2a: Salamence
|-crit|p2a: Salamence
|-damage|p2a: Salamence|32/100
|
|-damage|p1a: Azelf|88/100 tox|[from] psn
|upkeep
|turn|52
|
|t:|1664392915
|move|p1a: Azelf|Psychic|p2a: Salamence
|-damage|p2a: Salamence|0 fnt
|faint|p2a: Salamence
|
|-damage|p1a: Azelf|76/100 tox|[from] psn
|upkeep
|
|t:|1664392918
|switch|p2a: Chansey|Chansey, F|56/100
|-damage|p2a: Chansey|44/100|[from] Stealth Rock
|turn|53
|
|t:|1664392921
|move|p1a: Azelf|U-turn|p2a: Chansey
|-damage|p2a: Chansey|30/100
|
|t:|1664392922
|switch|p1a: Slowking|Slowking, F|100/100|[from]move: U-turn
|-damage|p1a: Slowking|88/100|[from] Stealth Rock
|move|p2a: Chansey|Soft-Boiled|p2a: Chansey
|-heal|p2a: Chansey|80/100
|
|upkeep
|turn|54
|
|t:|1664392927
|move|p2a: Chansey|Toxic|p1a: Slowking
|-status|p1a: Slowking|tox
|move|p1a: Slowking|Future Sight|p2a: Chansey
|-start|p1a: Slowking|move: Future Sight
|
|-damage|p1a: Slowking|82/100 tox|[from] psn
|upkeep
|turn|55
|
|t:|1664392935
|move|p2a: Chansey|Seismic Toss|p1a: Slowking
|-damage|p1a: Slowking|56/100 tox
|move|p1a: Slowking|Teleport|p1a: Slowking
|l| Cyussu
|inactive|cielau origine ♫ has 270 seconds left.
|
|t:|1664392967
|switch|p1a: Azelf|Azelf|76/100 tox|[from]move: Teleport
|
|-damage|p1a: Azelf|70/100 tox|[from] psn
|upkeep
|turn|56
|inactive|cielau origine ♫ has 270 seconds left.
|
|t:|1664392981
|move|p1a: Azelf|Psychic|p2a: Chansey
|-damage|p2a: Chansey|60/100
|move|p2a: Chansey|Seismic Toss|p1a: Azelf
|-damage|p1a: Azelf|35/100 tox
|
|-end|p2a: Chansey|move: Future Sight
|-damage|p2a: Chansey|42/100
|-damage|p1a: Azelf|23/100 tox|[from] psn
|upkeep
|turn|57
|
|t:|1664392997
|move|p1a: Azelf|U-turn|p2a: Chansey
|-crit|p2a: Chansey
|-damage|p2a: Chansey|14/100
|
|t:|1664393001
|switch|p1a: Mamoswine|Mamoswine, M|38/100|[from]move: U-turn
|-damage|p1a: Mamoswine|26/100|[from] Stealth Rock
|move|p2a: Chansey|Seismic Toss|p1a: Mamoswine
|-damage|p1a: Mamoswine|0 fnt
|faint|p1a: Mamoswine
|
|upkeep
|
|t:|1664393008
|switch|p1a: Azelf|Azelf|23/100 tox
|turn|58
|
|t:|1664393015
|move|p1a: Azelf|Psychic|p2a: Chansey
|-damage|p2a: Chansey|0 fnt
|faint|p2a: Chansey
|
|-damage|p1a: Azelf|17/100 tox|[from] psn
|upkeep
|
|t:|1664393018
|switch|p2a: Conkeldurr|Conkeldurr, M|77/100 brn
|-damage|p2a: Conkeldurr|71/100 brn|[from] Stealth Rock
|turn|59
|
|t:|1664393020
|switch|p1a: Slowking|Slowking, F|90/100 tox
|-damage|p1a: Slowking|77/100 tox|[from] Stealth Rock
|move|p2a: Conkeldurr|Mach Punch|p1a: Slowking
|-resisted|p1a: Slowking
|-damage|p1a: Slowking|63/100 tox
|
|-damage|p1a: Slowking|57/100 tox|[from] psn
|-damage|p2a: Conkeldurr|65/100 brn|[from] brn
|upkeep
|turn|60
|
|t:|1664393024
|move|p2a: Conkeldurr|Facade|p1a: Slowking
|-damage|p1a: Slowking|0 fnt
|faint|p1a: Slowking
|
|-damage|p2a: Conkeldurr|59/100 brn|[from] brn
|upkeep
|c|☆cielau origine ♫|gg
|c|☆Mimilucha|gg
|-message|cielau origine ♫ forfeited.
|
|win|Mimilucha
