|j|☆uult91w mush
|j|☆UULT91wpokemonisfu
|t:|1651894665
|gametype|singles
|player|p1|uult91w mush|adaman|1484
|player|p2|UULT91wpokemonisfu|1|1710
|teamsize|p1|6
|teamsize|p2|6
|gen|8
|tier|[Gen 8] UU
|rated|
|rule|Sleep Clause Mod: Limit one foe put to sleep
|rule|Species Clause: Limit one of each Pokémon
|rule|OHKO Clause: OHKO moves are banned
|rule|Evasion Moves Clause: Evasion moves are banned
|rule|Endless Battle Clause: Forcing endless battles is banned
|rule|HP Percentage Mod: HP is shown in percentages
|rule|Dynamax Clause: You cannot dynamax
|clearpoke
|poke|p1|Hippowdon, F|
|poke|p1|Scizor, F|
|poke|p1|Hydreigon, M|
|poke|p1|Skarmory, M|
|poke|p1|Primarina, M|
|poke|p1|Raikou|
|poke|p2|Aegislash, M|
|poke|p2|Chansey, F|
|poke|p2|Quagsire, F|
|poke|p2|Umbreon, M|
|poke|p2|Weezing-Galar, M|
|poke|p2|Salamence, F|
|teampreview
|c|☆uult91w mush|hf
|inactive|Battle timer is ON: inactive players will automatically lose when time's up. (requested by uult91w mush)
|c|☆UULT91wpokemonisfu|hf
|j| UULT91w cry
|inactive|uult91w mush has 120 seconds left.
|
|t:|1651894729
|start
|switch|p1a: Scizor|Scizor, F|100/100
|switch|p2a: give her a chanse|Chansey, F|100/100
|turn|1
|
|t:|1651894757
|switch|p2a: mr stinkin lincoln|Weezing-Galar, M|100/100
|-ability|p2a: mr stinkin lincoln|Neutralizing Gas
|move|p1a: Scizor|Knock Off|p2a: mr stinkin lincoln
|-resisted|p2a: mr stinkin lincoln
|-damage|p2a: mr stinkin lincoln|89/100
|-damage|p1a: Scizor|84/100|[from] item: Rocky Helmet|[of] p2a: mr stinkin lincoln
|-enditem|p2a: mr stinkin lincoln|Rocky Helmet|[from] move: Knock Off|[of] p1a: Scizor
|
|upkeep
|turn|2
|
|t:|1651894778
|switch|p1a: Hydreigon|Hydreigon, M|100/100
|move|p2a: mr stinkin lincoln|Corrosive Gas|p1a: Hydreigon
|-enditem|p1a: Hydreigon|Choice Scarf|[from] move: Corrosive Gas|[of] p2a: mr stinkin lincoln
|
|upkeep
|turn|3
|
|t:|1651894788
|move|p1a: Hydreigon|U-turn|p2a: mr stinkin lincoln
|-resisted|p2a: mr stinkin lincoln
|-damage|p2a: mr stinkin lincoln|87/100
|
|t:|1651894792
|switch|p1a: Primarina|Primarina, M|100/100|[from]move: U-turn
|move|p2a: mr stinkin lincoln|Corrosive Gas|p1a: Primarina
|-enditem|p1a: Primarina|Leftovers|[from] move: Corrosive Gas|[of] p2a: mr stinkin lincoln
|
|upkeep
|turn|4
|
|t:|1651894796
|-end|p2a: mr stinkin lincoln|ability: Neutralizing Gas
|switch|p2a: give her a chanse|Chansey, F|100/100
|move|p1a: Primarina|Scald|p2a: give her a chanse
|-damage|p2a: give her a chanse|89/100
|
|upkeep
|turn|5
|
|t:|1651894800
|switch|p1a: Skarmory|Skarmory, M|100/100
|move|p2a: give her a chanse|Stealth Rock|p1a: Skarmory
|-sidestart|p1: uult91w mush|move: Stealth Rock
|
|upkeep
|turn|6
|
|t:|1651894804
|switch|p2a: slash and bash|Aegislash, M|100/100
|move|p1a: Skarmory|Spikes|p2a: slash and bash
|-sidestart|p2: UULT91wpokemonisfu|Spikes
|
|upkeep
|turn|7
|
|t:|1651894812
|switch|p1a: Scizor|Scizor, F|84/100
|-formechange|p2a: slash and bash|Aegislash-Blade||[from] ability: Stance Change
|move|p2a: slash and bash|Shadow Ball|p1a: Scizor
|-damage|p1a: Scizor|30/100
|
|upkeep
|turn|8
|
|t:|1651894820
|switch|p2a: mr mencey wencey|Salamence, F|100/100
|-ability|p2a: mr mencey wencey|Intimidate|boost
|-unboost|p1a: Scizor|atk|1
|move|p1a: Scizor|Roost|p1a: Scizor
|-heal|p1a: Scizor|80/100
|-singleturn|p1a: Scizor|move: Roost
|
|upkeep
|turn|9
|
|t:|1651894837
|switch|p1a: Primarina|Primarina, M|100/100
|-damage|p1a: Primarina|88/100|[from] Stealth Rock
|move|p2a: mr mencey wencey|Defog|p1a: Primarina
|-unboost|p1a: Primarina|evasion|1
|-sideend|p1: uult91w mush|Stealth Rock|[from] move: Defog|[of] p2a: mr mencey wencey
|-sideend|p2: UULT91wpokemonisfu|Spikes|[from] move: Defog|[of] p2a: mr mencey wencey
|
|upkeep
|turn|10
|
|t:|1651894845
|switch|p2a: give her a chanse|Chansey, F|89/100
|switch|p1a: Scizor|Scizor, F|80/100
|
|upkeep
|turn|11
|
|t:|1651894850
|switch|p2a: mr stinkin lincoln|Weezing-Galar, M|87/100
|-ability|p2a: mr stinkin lincoln|Neutralizing Gas
|move|p1a: Scizor|Knock Off|p2a: mr stinkin lincoln
|-resisted|p2a: mr stinkin lincoln
|-damage|p2a: mr stinkin lincoln|80/100
|
|upkeep
|turn|12
|
|t:|1651894859
|switch|p1a: Primarina|Primarina, M|88/100
|move|p2a: mr stinkin lincoln|Strange Steam|p1a: Primarina
|-crit|p1a: Primarina
|-damage|p1a: Primarina|62/100
|
|upkeep
|turn|13
|
|t:|1651894864
|-end|p2a: mr stinkin lincoln|ability: Neutralizing Gas
|switch|p2a: give her a chanse|Chansey, F|89/100
|move|p1a: Primarina|Scald|p2a: give her a chanse
|-damage|p2a: give her a chanse|79/100
|-status|p2a: give her a chanse|brn
|
|-damage|p2a: give her a chanse|73/100 brn|[from] brn
|upkeep
|turn|14
|
|t:|1651894872
|switch|p1a: Skarmory|Skarmory, M|100/100
|move|p2a: give her a chanse|Stealth Rock|p1a: Skarmory
|-sidestart|p1: uult91w mush|move: Stealth Rock
|
|-damage|p2a: give her a chanse|67/100 brn|[from] brn
|upkeep
|turn|15
|
|t:|1651894875
|-curestatus|p2a: give her a chanse|brn|[from] ability: Natural Cure
|switch|p2a: slash and bash|Aegislash, M|100/100
|move|p1a: Skarmory|Spikes|p2a: slash and bash
|-sidestart|p2: UULT91wpokemonisfu|Spikes
|
|upkeep
|turn|16
|
|t:|1651894880
|switch|p1a: Scizor|Scizor, F|80/100
|-formechange|p2a: slash and bash|Aegislash-Blade||[from] ability: Stance Change
|move|p2a: slash and bash|Shadow Ball|p1a: Scizor
|-damage|p1a: Scizor|28/100
|
|upkeep
|turn|17
|
|t:|1651894888
|switch|p2a: mr mencey wencey|Salamence, F|100/100
|-ability|p2a: mr mencey wencey|Intimidate|boost
|-unboost|p1a: Scizor|atk|1
|move|p1a: Scizor|Roost|p1a: Scizor
|-heal|p1a: Scizor|78/100
|-singleturn|p1a: Scizor|move: Roost
|
|upkeep
|turn|18
|
|t:|1651894893
|switch|p2a: slash and bash|Aegislash, M|100/100
|-damage|p2a: slash and bash|88/100|[from] Spikes
|switch|p1a: Hippowdon|Hippowdon, F|100/100
|-damage|p1a: Hippowdon|94/100|[from] Stealth Rock
|
|-heal|p2a: slash and bash|94/100|[from] item: Leftovers
|-heal|p1a: Hippowdon|100/100|[from] item: Leftovers
|upkeep
|turn|19
|
|t:|1651894900
|switch|p1a: Scizor|Scizor, F|78/100
|move|p2a: slash and bash|Toxic|p1a: Scizor
|-immune|p1a: Scizor
|
|-heal|p2a: slash and bash|100/100|[from] item: Leftovers
|upkeep
|turn|20
|
|t:|1651894905
|move|p2a: slash and bash|King's Shield|p2a: slash and bash
|-singleturn|p2a: slash and bash|Protect
|move|p1a: Scizor|Bullet Punch|p2a: slash and bash
|-activate|p2a: slash and bash|move: Protect
|-unboost|p1a: Scizor|atk|1
|
|upkeep
|turn|21
|
|t:|1651894911
|switch|p2a: mr stinkin lincoln|Weezing-Galar, M|80/100
|-ability|p2a: mr stinkin lincoln|Neutralizing Gas
|-damage|p2a: mr stinkin lincoln|67/100|[from] Spikes
|move|p1a: Scizor|Knock Off|p2a: mr stinkin lincoln
|-resisted|p2a: mr stinkin lincoln
|-damage|p2a: mr stinkin lincoln|62/100
|
|upkeep
|turn|22
|j| hariyana grande
|
|t:|1651894920
|switch|p1a: Primarina|Primarina, M|62/100
|-damage|p1a: Primarina|50/100|[from] Stealth Rock
|move|p2a: mr stinkin lincoln|Strange Steam|p1a: Primarina|[miss]
|-miss|p2a: mr stinkin lincoln|p1a: Primarina
|
|upkeep
|turn|23
|
|t:|1651894925
|-end|p2a: mr stinkin lincoln|ability: Neutralizing Gas
|switch|p2a: give her a chanse|Chansey, F|67/100
|-damage|p2a: give her a chanse|55/100|[from] Spikes
|switch|p1a: Scizor|Scizor, F|78/100
|
|upkeep
|turn|24
|
|t:|1651894931
|switch|p2a: mr mencey wencey|Salamence, F|100/100
|-ability|p2a: mr mencey wencey|Intimidate|boost
|-unboost|p1a: Scizor|atk|1
|move|p1a: Scizor|Knock Off|p2a: mr mencey wencey
|-damage|p2a: mr mencey wencey|81/100
|-enditem|p2a: mr mencey wencey|Heavy-Duty Boots|[from] move: Knock Off|[of] p1a: Scizor
|
|upkeep
|turn|25
|
|t:|1651894939
|switch|p2a: slash and bash|Aegislash, M|100/100
|-damage|p2a: slash and bash|88/100|[from] Spikes
|switch|p1a: Hippowdon|Hippowdon, F|100/100
|-damage|p1a: Hippowdon|94/100|[from] Stealth Rock
|
|-heal|p2a: slash and bash|94/100|[from] item: Leftovers
|-heal|p1a: Hippowdon|100/100|[from] item: Leftovers
|upkeep
|turn|26
|
|t:|1651894944
|switch|p1a: Scizor|Scizor, F|78/100
|move|p2a: slash and bash|Toxic|p1a: Scizor
|-immune|p1a: Scizor
|
|-heal|p2a: slash and bash|100/100|[from] item: Leftovers
|upkeep
|turn|27
|
|t:|1651894947
|switch|p2a: mr mencey wencey|Salamence, F|81/100
|-ability|p2a: mr mencey wencey|Intimidate|boost
|-unboost|p1a: Scizor|atk|1
|move|p1a: Scizor|Knock Off|p2a: mr mencey wencey
|-damage|p2a: mr mencey wencey|69/100
|
|upkeep
|turn|28
|
|t:|1651894952
|switch|p2a: slash and bash|Aegislash, M|100/100
|-damage|p2a: slash and bash|88/100|[from] Spikes
|switch|p1a: Hippowdon|Hippowdon, F|100/100
|-damage|p1a: Hippowdon|94/100|[from] Stealth Rock
|
|-heal|p2a: slash and bash|94/100|[from] item: Leftovers
|-heal|p1a: Hippowdon|100/100|[from] item: Leftovers
|upkeep
|turn|29
|
|t:|1651894956
|switch|p1a: Scizor|Scizor, F|78/100
|move|p2a: slash and bash|Toxic|p1a: Scizor
|-immune|p1a: Scizor
|
|-heal|p2a: slash and bash|100/100|[from] item: Leftovers
|upkeep
|turn|30
|
|t:|1651894959
|switch|p2a: mr mencey wencey|Salamence, F|69/100
|-ability|p2a: mr mencey wencey|Intimidate|boost
|-unboost|p1a: Scizor|atk|1
|move|p1a: Scizor|Swords Dance|p1a: Scizor
|-boost|p1a: Scizor|atk|2
|
|upkeep
|turn|31
|
|t:|1651894963
|switch|p2a: slash and bash|Aegislash, M|100/100
|-damage|p2a: slash and bash|88/100|[from] Spikes
|switch|p1a: Hippowdon|Hippowdon, F|100/100
|-damage|p1a: Hippowdon|94/100|[from] Stealth Rock
|
|-heal|p2a: slash and bash|94/100|[from] item: Leftovers
|-heal|p1a: Hippowdon|100/100|[from] item: Leftovers
|upkeep
|turn|32
|
|t:|1651894968
|switch|p1a: Scizor|Scizor, F|78/100
|move|p2a: slash and bash|Toxic|p1a: Scizor
|-immune|p1a: Scizor
|
|-heal|p2a: slash and bash|100/100|[from] item: Leftovers
|upkeep
|turn|33
|
|t:|1651894971
|switch|p2a: mr mencey wencey|Salamence, F|69/100
|-ability|p2a: mr mencey wencey|Intimidate|boost
|-unboost|p1a: Scizor|atk|1
|move|p1a: Scizor|Swords Dance|p1a: Scizor
|-boost|p1a: Scizor|atk|2
|
|upkeep
|turn|34
|
|t:|1651894974
|switch|p2a: slash and bash|Aegislash, M|100/100
|-damage|p2a: slash and bash|88/100|[from] Spikes
|switch|p1a: Hippowdon|Hippowdon, F|100/100
|-damage|p1a: Hippowdon|94/100|[from] Stealth Rock
|
|-heal|p2a: slash and bash|94/100|[from] item: Leftovers
|-heal|p1a: Hippowdon|100/100|[from] item: Leftovers
|upkeep
|turn|35
|
|t:|1651894978
|switch|p1a: Scizor|Scizor, F|78/100
|-formechange|p2a: slash and bash|Aegislash-Blade||[from] ability: Stance Change
|move|p2a: slash and bash|Shadow Ball|p1a: Scizor
|-damage|p1a: Scizor|26/100
|
|-heal|p2a: slash and bash|100/100|[from] item: Leftovers
|upkeep
|turn|36
|
|t:|1651894984
|switch|p2a: mr mencey wencey|Salamence, F|69/100
|-ability|p2a: mr mencey wencey|Intimidate|boost
|-unboost|p1a: Scizor|atk|1
|move|p1a: Scizor|Roost|p1a: Scizor
|-heal|p1a: Scizor|77/100
|-singleturn|p1a: Scizor|move: Roost
|
|upkeep
|turn|37
|
|t:|1651894987
|switch|p2a: slash and bash|Aegislash, M|100/100
|-damage|p2a: slash and bash|88/100|[from] Spikes
|switch|p1a: Hippowdon|Hippowdon, F|100/100
|-damage|p1a: Hippowdon|94/100|[from] Stealth Rock
|
|-heal|p2a: slash and bash|94/100|[from] item: Leftovers
|-heal|p1a: Hippowdon|100/100|[from] item: Leftovers
|upkeep
|turn|38
|
|t:|1651895002
|switch|p1a: Scizor|Scizor, F|77/100
|-formechange|p2a: slash and bash|Aegislash-Blade||[from] ability: Stance Change
|move|p2a: slash and bash|Shadow Ball|p1a: Scizor
|-damage|p1a: Scizor|26/100
|-unboost|p1a: Scizor|spd|1
|
|-heal|p2a: slash and bash|100/100|[from] item: Leftovers
|upkeep
|turn|39
|
|t:|1651895016
|-formechange|p2a: slash and bash|Aegislash||[from] ability: Stance Change
|move|p2a: slash and bash|King's Shield|p2a: slash and bash
|-singleturn|p2a: slash and bash|Protect
|move|p1a: Scizor|Roost|p1a: Scizor
|-heal|p1a: Scizor|77/100
|-singleturn|p1a: Scizor|move: Roost
|
|upkeep
|turn|40
|
|t:|1651895025
|switch|p1a: Hydreigon|Hydreigon, M|100/100
|-damage|p1a: Hydreigon|88/100|[from] Stealth Rock
|switch|p2a: mr mencey wencey|Salamence, F|69/100
|-ability|p2a: mr mencey wencey|Intimidate|boost
|-unboost|p1a: Hydreigon|atk|1
|
|upkeep
|turn|41
|
|t:|1651895035
|switch|p1a: Hippowdon|Hippowdon, F|100/100
|-damage|p1a: Hippowdon|94/100|[from] Stealth Rock
|switch|p2a: mr umby wumby|Umbreon, M|100/100
|-damage|p2a: mr umby wumby|88/100|[from] Spikes
|
|-heal|p2a: mr umby wumby|94/100|[from] item: Leftovers
|-heal|p1a: Hippowdon|100/100|[from] item: Leftovers
|upkeep
|turn|42
|
|t:|1651895046
|move|p2a: mr umby wumby|Wish|p2a: mr umby wumby
|move|p1a: Hippowdon|Stealth Rock|p2a: mr umby wumby
|-sidestart|p2: UULT91wpokemonisfu|move: Stealth Rock
|
|-heal|p2a: mr umby wumby|99/100|[from] item: Leftovers
|upkeep
|turn|43
|
|t:|1651895050
|switch|p2a: mr mencey wencey|Salamence, F|69/100
|-damage|p2a: mr mencey wencey|45/100|[from] Stealth Rock
|-ability|p2a: mr mencey wencey|Intimidate|boost
|-unboost|p1a: Hippowdon|atk|1
|move|p1a: Hippowdon|Earthquake|p2a: mr mencey wencey
|-immune|p2a: mr mencey wencey
|
|-heal|p2a: mr mencey wencey|95/100|[from] move: Wish|[wisher] mr umby wumby
|upkeep
|turn|44
|
|t:|1651895058
|switch|p2a: slash and bash|Aegislash, M|100/100
|-damage|p2a: slash and bash|88/100|[from] Spikes
|-damage|p2a: slash and bash|82/100|[from] Stealth Rock
|move|p1a: Hippowdon|Earthquake|p2a: slash and bash
|-supereffective|p2a: slash and bash
|-damage|p2a: slash and bash|42/100
|
|-heal|p2a: slash and bash|49/100|[from] item: Leftovers
|upkeep
|turn|45
|
|t:|1651895063
|switch|p1a: Scizor|Scizor, F|77/100
|-formechange|p2a: slash and bash|Aegislash-Blade||[from] ability: Stance Change
|move|p2a: slash and bash|Shadow Ball|p1a: Scizor
|-damage|p1a: Scizor|27/100
|-unboost|p1a: Scizor|spd|1
|
|-heal|p2a: slash and bash|55/100|[from] item: Leftovers
|upkeep
|turn|46
|
|t:|1651895066
|move|p1a: Scizor|Knock Off|p2a: slash and bash
|-supereffective|p2a: slash and bash
|-damage|p2a: slash and bash|0 fnt
|-enditem|p2a: slash and bash|Leftovers|[from] move: Knock Off|[of] p1a: Scizor
|faint|p2a: slash and bash
|
|upkeep
|-message|UULT91wpokemonisfu forfeited.
|
|win|uult91w mush
|raw|uult91w mush's rating: 1492 &rarr; <strong>1523</strong><br />(+31 for winning)
|raw|UULT91wpokemonisfu's rating: 1710 &rarr; <strong>1679</strong><br />(-31 for losing)
|c|☆UULT91wpokemonisfu|gg
