|j|☆sdgvsdfg
|j|☆Sneakyplanner
|t:|1665619967
|gametype|singles
|player|p1|sdgvsdfg|nurseryaide|1473
|player|p2|Sneakyplanner|rocketgruntf|1472
|teamsize|p1|6
|teamsize|p2|6
|gen|8
|tier|[Gen 8] UU
|rated|
|rule|Sleep Clause Mod: Limit one foe put to sleep
|rule|Species Clause: Limit one of each Pokémon
|rule|OHKO Clause: OHKO moves are banned
|rule|Evasion Items Clause: Evasion items are banned
|rule|Evasion Moves Clause: Evasion moves are banned
|rule|Endless Battle Clause: Forcing endless battles is banned
|rule|HP Percentage Mod: HP is shown in percentages
|rule|Dynamax Clause: You cannot dynamax
|clearpoke
|poke|p1|Chansey, F|
|poke|p1|Darmanitan, M|
|poke|p1|Slowbro-Galar, F|
|poke|p1|Regidrago|
|poke|p1|Swirlix, M|
|poke|p1|Regieleki|
|poke|p2|Jirachi|
|poke|p2|Amoonguss, M|
|poke|p2|Lycanroc-Dusk, M|
|poke|p2|Mandibuzz, F|
|poke|p2|Salamence, F|
|poke|p2|Swampert, F|
|teampreview
|
|t:|1665619993
|start
|switch|p1a: Regidrago|Regidrago|100/100
|switch|p2a: Jirachi|Jirachi|100/100
|turn|1
|
|t:|1665619999
|switch|p1a: Swirlix|Swirlix, M|100/100
|move|p2a: Jirachi|Iron Head|p1a: Swirlix
|-supereffective|p1a: Swirlix
|-enditem|p1a: Swirlix|Focus Sash
|-damage|p1a: Swirlix|1/100
|
|upkeep
|turn|2
|
|t:|1665620006
|move|p2a: Jirachi|Iron Head|p1a: Swirlix
|-supereffective|p1a: Swirlix
|-damage|p1a: Swirlix|0 fnt
|faint|p1a: Swirlix
|
|upkeep
|
|t:|1665620011
|switch|p1a: Darmanitan|Darmanitan, M|100/100
|turn|3
|
|t:|1665620013
|switch|p2a: Deluge|Swampert, F|100/100
|move|p1a: Darmanitan|U-turn|p2a: Deluge
|-damage|p2a: Deluge|83/100
|
|t:|1665620018
|switch|p1a: Regidrago|Regidrago|100/100|[from]move: U-turn
|
|-heal|p2a: Deluge|89/100|[from] item: Leftovers
|upkeep
|turn|4
|
|t:|1665620038
|switch|p2a: Jirachi|Jirachi|100/100
|move|p1a: Regidrago|Dragon Energy|p2a: Jirachi
|-resisted|p2a: Jirachi
|-damage|p2a: Jirachi|30/100
|
|upkeep
|turn|5
|
|t:|1665620045
|switch|p1a: Darmanitan|Darmanitan, M|100/100
|move|p2a: Jirachi|U-turn|p1a: Darmanitan
|-resisted|p1a: Darmanitan
|-damage|p1a: Darmanitan|84/100
|
|t:|1665620063
|switch|p2a: Deluge|Swampert, F|89/100|[from]move: U-turn
|
|-heal|p2a: Deluge|95/100|[from] item: Leftovers
|upkeep
|turn|6
|j| jorean17
|
|t:|1665620070
|move|p1a: Darmanitan|U-turn|p2a: Deluge
|-damage|p2a: Deluge|79/100
|
|t:|1665620075
|switch|p1a: Chansey|Chansey, F|100/100|[from]move: U-turn
|move|p2a: Deluge|Stealth Rock|p1a: Chansey
|-sidestart|p1: sdgvsdfg|move: Stealth Rock
|
|-heal|p2a: Deluge|85/100|[from] item: Leftovers
|upkeep
|turn|7
|
|t:|1665620083
|move|p2a: Deluge|Flip Turn|p1a: Chansey
|-damage|p1a: Chansey|85/100
|
|t:|1665620088
|switch|p2a: Buzby|Mandibuzz, F|100/100|[from]move: Flip Turn
|move|p1a: Chansey|Teleport|p1a: Chansey
|
|t:|1665620090
|switch|p1a: Regieleki|Regieleki|100/100|[from]move: Teleport
|-damage|p1a: Regieleki|88/100|[from] Stealth Rock
|
|upkeep
|turn|8
|
|t:|1665620096
|move|p1a: Regieleki|Rapid Spin|p2a: Buzby
|-damage|p2a: Buzby|93/100
|-boost|p1a: Regieleki|spe|1
|-sideend|p1: sdgvsdfg|Stealth Rock|[from] move: Rapid Spin|[of] p1a: Regieleki
|move|p2a: Buzby|Knock Off|p1a: Regieleki
|-damage|p1a: Regieleki|41/100
|-enditem|p1a: Regieleki|Choice Specs|[from] move: Knock Off|[of] p2a: Buzby
|
|upkeep
|turn|9
|
|t:|1665620105
|switch|p2a: Deluge|Swampert, F|85/100
|move|p1a: Regieleki|Thunder Cage|p2a: Deluge
|-immune|p2a: Deluge
|
|-heal|p2a: Deluge|92/100|[from] item: Leftovers
|upkeep
|turn|10
|
|t:|1665620113
|switch|p1a: Chansey|Chansey, F|85/100
|move|p2a: Deluge|Stealth Rock|p1a: Chansey
|-sidestart|p1: sdgvsdfg|move: Stealth Rock
|
|-heal|p2a: Deluge|98/100|[from] item: Leftovers
|upkeep
|turn|11
|
|t:|1665620122
|move|p2a: Deluge|Earthquake|p1a: Chansey
|-damage|p1a: Chansey|61/100
|move|p1a: Chansey|Teleport|p1a: Chansey
|
|t:|1665620129
|switch|p1a: Regidrago|Regidrago|100/100|[from]move: Teleport
|-damage|p1a: Regidrago|88/100|[from] Stealth Rock
|
|-heal|p2a: Deluge|100/100|[from] item: Leftovers
|upkeep
|turn|12
|inactive|Battle timer is ON: inactive players will automatically lose when time's up. (requested by sdgvsdfg)
|inactive|Sneakyplanner has 120 seconds left.
|
|t:|1665620205
|move|p1a: Regidrago|Dragon Energy|p2a: Deluge
|-damage|p2a: Deluge|0 fnt
|faint|p2a: Deluge
|
|upkeep
|l| jorean17
|inactive|Sneakyplanner has 120 seconds left.
|
|t:|1665620248
|switch|p2a: Sunset|Lycanroc-Dusk, M|100/100
|turn|13
|
|t:|1665620255
|switch|p1a: Chansey|Chansey, F|61/100
|-damage|p1a: Chansey|48/100|[from] Stealth Rock
|move|p2a: Sunset|Stone Edge|p1a: Chansey|[miss]
|-miss|p2a: Sunset|p1a: Chansey
|
|upkeep
|turn|14
|
|t:|1665620262
|move|p2a: Sunset|Close Combat|p1a: Chansey
|-supereffective|p1a: Chansey
|-damage|p1a: Chansey|0 fnt
|-unboost|p2a: Sunset|def|1
|-unboost|p2a: Sunset|spd|1
|faint|p1a: Chansey
|-damage|p2a: Sunset|91/100|[from] item: Life Orb
|
|upkeep
|
|t:|1665620276
|switch|p1a: Regieleki|Regieleki|41/100
|-damage|p1a: Regieleki|29/100|[from] Stealth Rock
|turn|15
|inactive|Sneakyplanner has 120 seconds left.
|
|t:|1665620307
|move|p2a: Sunset|Accelerock|p1a: Regieleki
|-damage|p1a: Regieleki|0 fnt
|faint|p1a: Regieleki
|-damage|p2a: Sunset|81/100|[from] item: Life Orb
|
|upkeep
|
|t:|1665620311
|switch|p1a: Slowbro|Slowbro-Galar, F|100/100
|-damage|p1a: Slowbro|88/100|[from] Stealth Rock
|turn|16
|-activate|p1a: Slowbro|item: Quick Claw
|
|t:|1665620315
|switch|p2a: Jirachi|Jirachi|30/100
|move|p1a: Slowbro|Nasty Plot|p1a: Slowbro
|-boost|p1a: Slowbro|spa|2
|
|upkeep
|turn|17
|
|t:|1665620321
|move|p2a: Jirachi|Trick|p1a: Slowbro
|-activate|p2a: Jirachi|move: Trick|[of] p1a: Slowbro
|-item|p1a: Slowbro|Choice Scarf|[from] move: Trick
|-item|p2a: Jirachi|Quick Claw|[from] move: Trick
|move|p1a: Slowbro|Fire Blast|p2a: Jirachi
|-supereffective|p2a: Jirachi
|-damage|p2a: Jirachi|0 fnt
|faint|p2a: Jirachi
|
|upkeep
|
|t:|1665620329
|switch|p2a: Abdul|Salamence, F|100/100
|-ability|p2a: Abdul|Intimidate|boost
|-unboost|p1a: Slowbro|atk|1
|turn|18
|
|t:|1665620334
|switch|p1a: Darmanitan|Darmanitan, M|84/100
|-damage|p1a: Darmanitan|59/100|[from] Stealth Rock
|move|p2a: Abdul|Hurricane|p1a: Darmanitan
|-damage|p1a: Darmanitan|0 fnt
|faint|p1a: Darmanitan
|
|upkeep
|
|t:|1665620336
|switch|p1a: Slowbro|Slowbro-Galar, F|88/100
|-damage|p1a: Slowbro|76/100|[from] Stealth Rock
|turn|19
|-activate|p1a: Slowbro|ability: Quick Draw
|
|t:|1665620345
|switch|p2a: Breloomish|Amoonguss, M|100/100
|move|p1a: Slowbro|Ice Beam|p2a: Breloomish
|-supereffective|p2a: Breloomish
|-crit|p2a: Breloomish
|-damage|p2a: Breloomish|27/100
|
|upkeep
|turn|20
|
|t:|1665620355
|move|p1a: Slowbro|Ice Beam|p2a: Breloomish
|-supereffective|p2a: Breloomish
|-damage|p2a: Breloomish|0 fnt
|faint|p2a: Breloomish
|
|upkeep
|
|t:|1665620361
|switch|p2a: Sunset|Lycanroc-Dusk, M|81/100
|turn|21
|
|t:|1665620364
|move|p2a: Sunset|Stone Edge|p1a: Slowbro|[miss]
|-miss|p2a: Sunset|p1a: Slowbro
|move|p1a: Slowbro|Ice Beam|p2a: Sunset
|-damage|p2a: Sunset|34/100
|-status|p2a: Sunset|frz
|
|upkeep
|turn|22
|
|t:|1665620377
|-curestatus|p2a: Sunset|frz|[msg]
|move|p2a: Sunset|Stone Edge|p1a: Slowbro
|-damage|p1a: Slowbro|23/100
|-damage|p2a: Sunset|24/100|[from] item: Life Orb
|move|p1a: Slowbro|Ice Beam|p2a: Sunset
|-damage|p2a: Sunset|0 fnt
|faint|p2a: Sunset
|
|upkeep
|
|t:|1665620385
|switch|p2a: Buzby|Mandibuzz, F|93/100
|turn|23
|
|t:|1665620389
|switch|p1a: Regidrago|Regidrago|88/100
|-damage|p1a: Regidrago|76/100|[from] Stealth Rock
|move|p2a: Buzby|Knock Off|p1a: Regidrago
|-damage|p1a: Regidrago|50/100
|-enditem|p1a: Regidrago|Choice Specs|[from] move: Knock Off|[of] p2a: Buzby
|
|upkeep
|turn|24
|
|t:|1665620398
|move|p1a: Regidrago|Dragon Pulse|p2a: Buzby
|-damage|p2a: Buzby|61/100
|move|p2a: Buzby|U-turn|p1a: Regidrago
|-damage|p1a: Regidrago|39/100
|
|t:|1665620409
|switch|p2a: Abdul|Salamence, F|100/100|[from]move: U-turn
|-ability|p2a: Abdul|Intimidate|boost
|-unboost|p1a: Regidrago|atk|1
|
|upkeep
|turn|25
|
|t:|1665620420
|move|p2a: Abdul|Draco Meteor|p1a: Regidrago
|-supereffective|p1a: Regidrago
|-damage|p1a: Regidrago|0 fnt
|-unboost|p2a: Abdul|spa|2
|faint|p1a: Regidrago
|
|upkeep
|
|t:|1665620422
|switch|p1a: Slowbro|Slowbro-Galar, F|23/100
|-damage|p1a: Slowbro|10/100|[from] Stealth Rock
|turn|26
|-activate|p1a: Slowbro|ability: Quick Draw
|
|t:|1665620448
|move|p1a: Slowbro|Ice Beam|p2a: Abdul
|-supereffective|p2a: Abdul
|-damage|p2a: Abdul|0 fnt
|faint|p2a: Abdul
|
|upkeep
|
|t:|1665620453
|switch|p2a: Buzby|Mandibuzz, F|61/100
|turn|27
|
|t:|1665620460
|move|p2a: Buzby|Knock Off|p1a: Slowbro
|-supereffective|p1a: Slowbro
|-damage|p1a: Slowbro|0 fnt
|-enditem|p1a: Slowbro|Choice Scarf|[from] move: Knock Off|[of] p2a: Buzby
|faint|p1a: Slowbro
|
|win|Sneakyplanner
|raw|sdgvsdfg's rating: 1473 &rarr; <strong>1453</strong><br />(-20 for losing)
|raw|Sneakyplanner's rating: 1472 &rarr; <strong>1492</strong><br />(+20 for winning)
|c|☆Sneakyplanner|Luck can only get you so far
|c|☆sdgvsdfg|sadfnksanffs
|c|☆sdgvsdfg|tru
|l|☆Sneakyplanner
