|j|☆PokeBlack_R
|j|☆DDD951
|t:|1655407490
|gametype|singles
|player|p1|PokeBlack_R|drayden|1371
|player|p2|DDD951|170|1515
|teamsize|p1|6
|teamsize|p2|6
|gen|8
|tier|[Gen 8] UU
|rated|
|rule|Sleep Clause Mod: Limit one foe put to sleep
|rule|Species Clause: Limit one of each Pokémon
|rule|OHKO Clause: OHKO moves are banned
|rule|Evasion Moves Clause: Evasion moves are banned
|rule|Endless Battle Clause: Forcing endless battles is banned
|rule|HP Percentage Mod: HP is shown in percentages
|rule|Dynamax Clause: You cannot dynamax
|clearpoke
|poke|p1|Crawdaunt, M|
|poke|p1|Zygarde-10%|
|poke|p1|Nidoking, M|
|poke|p1|Scizor, M|
|poke|p1|Salamence, F|
|poke|p1|Keldeo-Resolute|
|poke|p2|Scizor, M|
|poke|p2|Gyarados, F|
|poke|p2|Starmie|
|poke|p2|Nihilego|
|poke|p2|Tangrowth, M|
|poke|p2|Darmanitan, M|
|teampreview
|inactive|Battle timer is ON: inactive players will automatically lose when time's up. (requested by PokeBlack_R)
|
|t:|1655407495
|start
|switch|p1a: Crawdaunt|Crawdaunt, M|100/100
|switch|p2a: Darmanitan|Darmanitan, M|100/100
|turn|1
|
|t:|1655407501
|move|p2a: Darmanitan|U-turn|p1a: Crawdaunt
|-supereffective|p1a: Crawdaunt
|-damage|p1a: Crawdaunt|21/100
|
|t:|1655407505
|switch|p2a: Scizor|Scizor, M|100/100|[from]move: U-turn
|move|p1a: Crawdaunt|Dragon Dance|p1a: Crawdaunt
|-boost|p1a: Crawdaunt|atk|1
|-boost|p1a: Crawdaunt|spe|1
|
|upkeep
|turn|2
|
|t:|1655407511
|move|p2a: Scizor|Bullet Punch|p1a: Crawdaunt
|-resisted|p1a: Crawdaunt
|-damage|p1a: Crawdaunt|1/100
|move|p1a: Crawdaunt|Knock Off|p2a: Scizor
|-damage|p2a: Scizor|29/100
|-enditem|p2a: Scizor|Leftovers|[from] move: Knock Off|[of] p1a: Crawdaunt
|
|upkeep
|turn|3
|
|t:|1655407519
|move|p1a: Crawdaunt|Aqua Jet|p2a: Scizor
|-damage|p2a: Scizor|0 fnt
|faint|p2a: Scizor
|
|upkeep
|
|t:|1655407525
|switch|p2a: Starmie|Starmie|100/100
|turn|4
|
|t:|1655407530
|move|p2a: Starmie|Ice Beam|p1a: Crawdaunt
|-resisted|p1a: Crawdaunt
|-damage|p1a: Crawdaunt|0 fnt
|faint|p1a: Crawdaunt
|-damage|p2a: Starmie|91/100|[from] item: Life Orb
|
|upkeep
|
|t:|1655407541
|switch|p1a: Scizor|Scizor, M|100/100
|turn|5
|
|t:|1655407547
|switch|p2a: Darmanitan|Darmanitan, M|100/100
|move|p1a: Scizor|Bug Bite|p2a: Darmanitan
|-resisted|p2a: Darmanitan
|-damage|p2a: Darmanitan|63/100
|
|upkeep
|turn|6
|
|t:|1655407556
|move|p2a: Darmanitan|U-turn|p1a: Scizor
|-resisted|p1a: Scizor
|-damage|p1a: Scizor|85/100
|
|t:|1655407560
|switch|p2a: Nihilego|Nihilego|100/100|[from]move: U-turn
|move|p1a: Scizor|Swords Dance|p1a: Scizor
|-boost|p1a: Scizor|atk|2
|
|-heal|p1a: Scizor|91/100|[from] item: Leftovers
|upkeep
|turn|7
|
|t:|1655407587
|move|p1a: Scizor|Bullet Punch|p2a: Nihilego
|-supereffective|p2a: Nihilego
|-damage|p2a: Nihilego|0 fnt
|faint|p2a: Nihilego
|
|-heal|p1a: Scizor|97/100|[from] item: Leftovers
|upkeep
|
|t:|1655407593
|switch|p2a: Darmanitan|Darmanitan, M|63/100
|turn|8
|
|t:|1655407597
|move|p1a: Scizor|Bullet Punch|p2a: Darmanitan
|-resisted|p2a: Darmanitan
|-damage|p2a: Darmanitan|10/100
|move|p2a: Darmanitan|Flare Blitz|p1a: Scizor
|-supereffective|p1a: Scizor
|-damage|p1a: Scizor|0 fnt
|faint|p1a: Scizor
|-damage|p2a: Darmanitan|0 fnt|[from] Recoil
|faint|p2a: Darmanitan
|
|upkeep
|j| andy delort
|
|t:|1655407607
|switch|p2a: Starmie|Starmie|91/100
|switch|p1a: Keldeo|Keldeo-Resolute|100/100
|turn|9
|
|t:|1655407612
|move|p2a: Starmie|Psyshock|p1a: Keldeo
|-supereffective|p1a: Keldeo
|-damage|p1a: Keldeo|0 fnt
|faint|p1a: Keldeo
|-damage|p2a: Starmie|81/100|[from] item: Life Orb
|
|upkeep
|
|t:|1655407621
|switch|p1a: Salamence|Salamence, F|100/100
|turn|10
|
|t:|1655407624
|move|p2a: Starmie|Ice Beam|p1a: Salamence
|-supereffective|p1a: Salamence
|-damage|p1a: Salamence|0 fnt
|faint|p1a: Salamence
|-damage|p2a: Starmie|71/100|[from] item: Life Orb
|
|upkeep
|
|t:|1655407626
|switch|p1a: Zygarde|Zygarde-10%|100/100
|-ability|p1a: Zygarde|Aura Break
|turn|11
|
|t:|1655407632
|switch|p2a: Tangrowth|Tangrowth, M|100/100
|move|p1a: Zygarde|Thousand Arrows|p2a: Tangrowth
|-resisted|p2a: Tangrowth
|-damage|p2a: Tangrowth|79/100
|
|upkeep
|turn|12
|
|t:|1655407639
|switch|p1a: Nidoking|Nidoking, M|100/100
|move|p2a: Tangrowth|Earthquake|p1a: Nidoking
|-supereffective|p1a: Nidoking
|-damage|p1a: Nidoking|40/100
|
|upkeep
|turn|13
|
|t:|1655407646
|move|p1a: Nidoking|Sludge Wave|p2a: Tangrowth
|-supereffective|p2a: Tangrowth
|-damage|p2a: Tangrowth|0 fnt
|faint|p2a: Tangrowth
|
|upkeep
|
|t:|1655407650
|switch|p2a: Starmie|Starmie|71/100
|turn|14
|
|t:|1655407654
|move|p2a: Starmie|Ice Beam|p1a: Nidoking
|-supereffective|p1a: Nidoking
|-damage|p1a: Nidoking|0 fnt
|faint|p1a: Nidoking
|-damage|p2a: Starmie|61/100|[from] item: Life Orb
|
|upkeep
|
|t:|1655407656
|switch|p1a: Zygarde|Zygarde-10%|100/100
|-ability|p1a: Zygarde|Aura Break
|turn|15
|
|t:|1655407662
|move|p2a: Starmie|Ice Beam|p1a: Zygarde
|-supereffective|p1a: Zygarde
|-damage|p1a: Zygarde|0 fnt
|faint|p1a: Zygarde
|-damage|p2a: Starmie|51/100|[from] item: Life Orb
|
|win|DDD951
|raw|PokeBlack_R's rating: 1371 &rarr; <strong>1359</strong><br />(-12 for losing)
|raw|DDD951's rating: 1515 &rarr; <strong>1527</strong><br />(+12 for winning)
|l|☆PokeBlack_R
||Ladder isn't responding, score probably updated but might not have (Request timeout).
