|j|☆Dunoks
|j|☆ti84silveredition
|inactive|Battle timer is ON: inactive players will automatically lose when time's up.
|t:|1662402262
|gametype|singles
|player|p1|Dunoks|#fcl9mighty|
|player|p2|ti84silveredition|102|
|teamsize|p1|6
|teamsize|p2|6
|gen|8
|tier|[Gen 8] UU
|rated|Tournament battle
|rule|Sleep Clause Mod: Limit one foe put to sleep
|rule|Species Clause: Limit one of each Pokémon
|rule|OHKO Clause: OHKO moves are banned
|rule|Evasion Items Clause: Evasion items are banned
|rule|Evasion Moves Clause: Evasion moves are banned
|rule|Endless Battle Clause: Forcing endless battles is banned
|rule|HP Percentage Mod: HP is shown in percentages
|rule|Dynamax Clause: You cannot dynamax
|clearpoke
|poke|p1|Rotom-Wash|
|poke|p1|Hippowdon, F|
|poke|p1|Scizor, M|
|poke|p1|Hydreigon, M|
|poke|p1|Amoonguss, M|
|poke|p1|Crobat, M|
|poke|p2|Primarina, F|
|poke|p2|Zarude|
|poke|p2|Nihilego|
|poke|p2|Zygarde-10%|
|poke|p2|Moltres|
|poke|p2|Jirachi|
|teampreview
|j|*Lady Monita
|j| BB-8-NU
|inactive|ti84silveredition also wants the timer to be on.
|j| RoyalReloaded
|c|☆Dunoks|hf
|j| Slick Slomopavitz
|j| Kuroko no Basket
|j| Blanketsburg
|l| RoyalReloaded
|j| Grietrich
|
|t:|1662402276
|start
|switch|p1a: Hippowdon|Hippowdon, F|100/100
|switch|p2a: Jirachi|Jirachi|100/100
|-weather|Sandstorm|[from] ability: Sand Stream|[of] p1a: Hippowdon
|turn|1
|j| TheSerotoninVibes♡
|
|t:|1662402280
|move|p2a: Jirachi|U-turn|p1a: Hippowdon
|-damage|p1a: Hippowdon|87/100
|
|t:|1662402283
|switch|p2a: Primarina|Primarina, F|100/100|[from]move: U-turn
|move|p1a: Hippowdon|Stealth Rock|p2a: Primarina
|-sidestart|p2: ti84silveredition|move: Stealth Rock
|
|-weather|Sandstorm|[upkeep]
|-damage|p2a: Primarina|94/100|[from] Sandstorm
|-heal|p2a: Primarina|100/100|[from] item: Leftovers
|-heal|p1a: Hippowdon|93/100|[from] item: Leftovers
|upkeep
|turn|2
|
|t:|1662402287
|switch|p1a: Amoonguss|Amoonguss, M|100/100
|move|p2a: Primarina|Scald|p1a: Amoonguss
|-resisted|p1a: Amoonguss
|-damage|p1a: Amoonguss|85/100
|
|-weather|Sandstorm|[upkeep]
|-damage|p2a: Primarina|94/100|[from] Sandstorm
|-damage|p1a: Amoonguss|78/100|[from] Sandstorm
|-heal|p2a: Primarina|100/100|[from] item: Leftovers
|upkeep
|turn|3
|j| qxfn143
|l| TheSerotoninVibes♡
|j| Noodle_G
|
|t:|1662402292
|move|p2a: Primarina|Scald|p1a: Amoonguss
|-resisted|p1a: Amoonguss
|-damage|p1a: Amoonguss|64/100
|move|p1a: Amoonguss|Spore|p2a: Primarina
|-status|p2a: Primarina|slp|[from] move: Spore
|
|-weather|Sandstorm|[upkeep]
|-damage|p2a: Primarina|94/100 slp|[from] Sandstorm
|-damage|p1a: Amoonguss|58/100|[from] Sandstorm
|-heal|p2a: Primarina|100/100 slp|[from] item: Leftovers
|upkeep
|turn|4
|
|t:|1662402295
|cant|p2a: Primarina|slp
|move|p2a: Primarina|Sleep Talk|p2a: Primarina
|move|p2a: Primarina|Moonblast|p1a: Amoonguss|[from]move: Sleep Talk
|-resisted|p1a: Amoonguss
|-crit|p1a: Amoonguss
|-damage|p1a: Amoonguss|33/100
|-unboost|p1a: Amoonguss|spa|1
|move|p1a: Amoonguss|Seed Bomb|p2a: Primarina
|-supereffective|p2a: Primarina
|-damage|p2a: Primarina|57/100 slp
|
|-weather|Sandstorm|[upkeep]
|-damage|p2a: Primarina|51/100 slp|[from] Sandstorm
|-damage|p1a: Amoonguss|27/100|[from] Sandstorm
|-heal|p2a: Primarina|57/100 slp|[from] item: Leftovers
|upkeep
|turn|5
|l| qxfn143
|
|t:|1662402302
|switch|p2a: Jirachi|Jirachi|100/100
|-damage|p2a: Jirachi|94/100|[from] Stealth Rock
|switch|p1a: Rotom|Rotom-Wash|100/100
|
|-weather|none
|upkeep
|turn|6
|
|t:|1662402306
|move|p2a: Jirachi|U-turn|p1a: Rotom
|-damage|p1a: Rotom|82/100
|
|t:|1662402308
|switch|p2a: Zygarde|Zygarde-10%|100/100|[from]move: U-turn
|-damage|p2a: Zygarde|94/100|[from] Stealth Rock
|-ability|p2a: Zygarde|Aura Break
|move|p1a: Rotom|Volt Switch|p2a: Zygarde
|-immune|p2a: Zygarde
|
|-heal|p1a: Rotom|88/100|[from] item: Leftovers
|upkeep
|turn|7
|j| nabome
|
|t:|1662402312
|switch|p1a: Hippowdon|Hippowdon, F|93/100
|-weather|Sandstorm|[from] ability: Sand Stream|[of] p1a: Hippowdon
|move|p2a: Zygarde|Thousand Arrows|p1a: Hippowdon
|-damage|p1a: Hippowdon|56/100
|
|-weather|Sandstorm|[upkeep]
|-heal|p1a: Hippowdon|62/100|[from] item: Leftovers
|upkeep
|turn|8
|
|t:|1662402316
|switch|p2a: Primarina|Primarina, F|57/100 slp
|-damage|p2a: Primarina|45/100 slp|[from] Stealth Rock
|move|p1a: Hippowdon|Slack Off|p1a: Hippowdon
|-heal|p1a: Hippowdon|100/100
|
|-weather|Sandstorm|[upkeep]
|-damage|p2a: Primarina|39/100 slp|[from] Sandstorm
|-heal|p2a: Primarina|45/100 slp|[from] item: Leftovers
|upkeep
|turn|9
|
|t:|1662402319
|switch|p1a: Amoonguss|Amoonguss, M|60/100
|cant|p2a: Primarina|slp
|move|p2a: Primarina|Sleep Talk|p2a: Primarina
|move|p2a: Primarina|Rest||[from]move: Sleep Talk|[still]
|-fail|p2a: Primarina
|
|-weather|Sandstorm|[upkeep]
|-damage|p2a: Primarina|39/100 slp|[from] Sandstorm
|-damage|p1a: Amoonguss|54/100|[from] Sandstorm
|-heal|p2a: Primarina|45/100 slp|[from] item: Leftovers
|upkeep
|turn|10
|
|t:|1662402325
|-curestatus|p2a: Primarina|slp|[msg]
|move|p2a: Primarina|Scald|p1a: Amoonguss
|-resisted|p1a: Amoonguss
|-damage|p1a: Amoonguss|38/100
|-status|p1a: Amoonguss|brn
|move|p1a: Amoonguss|Sludge Bomb|p2a: Primarina
|-supereffective|p2a: Primarina
|-damage|p2a: Primarina|3/100
|
|-weather|Sandstorm|[upkeep]
|-damage|p2a: Primarina|0 fnt|[from] Sandstorm
|-damage|p1a: Amoonguss|32/100 brn|[from] Sandstorm
|faint|p2a: Primarina
|-damage|p1a: Amoonguss|25/100 brn|[from] brn
|upkeep
|
|t:|1662402327
|switch|p2a: Nihilego|Nihilego|100/100
|-damage|p2a: Nihilego|88/100|[from] Stealth Rock
|turn|11
|
|t:|1662402332
|switch|p1a: Scizor|Scizor, M|100/100
|move|p2a: Nihilego|Stealth Rock|p1a: Scizor
|-sidestart|p1: Dunoks|move: Stealth Rock
|
|-weather|none
|-heal|p2a: Nihilego|94/100|[from] item: Black Sludge
|upkeep
|turn|12
|
|t:|1662402336
|switch|p2a: Moltres|Moltres|100/100
|move|p1a: Scizor|U-turn|p2a: Moltres
|-resisted|p2a: Moltres
|-damage|p2a: Moltres|91/100
|-status|p1a: Scizor|brn|[from] ability: Flame Body|[of] p2a: Moltres
|
|t:|1662402339
|switch|p1a: Hydreigon|Hydreigon, M|100/100|[from]move: U-turn
|-damage|p1a: Hydreigon|88/100|[from] Stealth Rock
|
|upkeep
|turn|13
|
|t:|1662402341
|move|p1a: Hydreigon|Draco Meteor|p2a: Moltres
|-damage|p2a: Moltres|0 fnt
|-unboost|p1a: Hydreigon|spa|2
|faint|p2a: Moltres
|
|upkeep
|
|t:|1662402346
|switch|p2a: Nihilego|Nihilego|94/100
|-damage|p2a: Nihilego|82/100|[from] Stealth Rock
|turn|14
|
|t:|1662402352
|switch|p1a: Scizor|Scizor, M|100/100 brn
|move|p2a: Nihilego|Power Gem|p1a: Scizor
|-damage|p1a: Scizor|58/100 brn
|
|-heal|p2a: Nihilego|88/100|[from] item: Black Sludge
|-damage|p1a: Scizor|52/100 brn|[from] brn
|upkeep
|turn|15
|
|t:|1662402356
|switch|p2a: Jirachi|Jirachi|94/100
|-damage|p2a: Jirachi|88/100|[from] Stealth Rock
|move|p1a: Scizor|Roost|p1a: Scizor
|-heal|p1a: Scizor|100/100 brn
|-singleturn|p1a: Scizor|move: Roost
|
|-damage|p1a: Scizor|94/100 brn|[from] brn
|upkeep
|turn|16
|l| Kuroko no Basket
|
|t:|1662402362
|switch|p1a: Amoonguss|Amoonguss, M|59/100 brn
|-damage|p1a: Amoonguss|46/100 brn|[from] Stealth Rock
|move|p2a: Jirachi|Iron Head|p1a: Amoonguss
|-damage|p1a: Amoonguss|19/100 brn
|-damage|p2a: Jirachi|72/100|[from] item: Rocky Helmet|[of] p1a: Amoonguss
|
|-damage|p1a: Amoonguss|13/100 brn|[from] brn
|upkeep
|turn|17
|
|t:|1662402364
|switch|p1a: Rotom|Rotom-Wash|88/100
|-damage|p1a: Rotom|76/100|[from] Stealth Rock
|move|p2a: Jirachi|Iron Head|p1a: Rotom
|-resisted|p1a: Rotom
|-damage|p1a: Rotom|67/100
|
|-heal|p1a: Rotom|74/100|[from] item: Leftovers
|upkeep
|turn|18
|
|t:|1662402370
|switch|p2a: Zygarde|Zygarde-10%|94/100
|-damage|p2a: Zygarde|88/100|[from] Stealth Rock
|-ability|p2a: Zygarde|Aura Break
|move|p1a: Rotom|Volt Switch|p2a: Zygarde
|-immune|p2a: Zygarde
|
|-heal|p1a: Rotom|80/100|[from] item: Leftovers
|upkeep
|turn|19
|j| Nike2002
|
|t:|1662402376
|switch|p1a: Hippowdon|Hippowdon, F|100/100
|-damage|p1a: Hippowdon|94/100|[from] Stealth Rock
|-weather|Sandstorm|[from] ability: Sand Stream|[of] p1a: Hippowdon
|move|p2a: Zygarde|Outrage|p1a: Hippowdon
|-damage|p1a: Hippowdon|41/100
|
|-weather|Sandstorm|[upkeep]
|-heal|p1a: Hippowdon|47/100|[from] item: Leftovers
|upkeep
|turn|20
|
|t:|1662402379
|switch|p1a: Scizor|Scizor, M|94/100 brn
|move|p2a: Zygarde|Outrage|p1a: Scizor|[from]lockedmove
|-resisted|p1a: Scizor
|-damage|p1a: Scizor|57/100 brn
|
|-weather|Sandstorm|[upkeep]
|-damage|p1a: Scizor|51/100 brn|[from] brn
|upkeep
|turn|21
|
|t:|1662402382
|move|p2a: Zygarde|Outrage|p1a: Scizor|[from]lockedmove
|-resisted|p1a: Scizor
|-damage|p1a: Scizor|18/100 brn
|-start|p2a: Zygarde|confusion|[fatigue]
|move|p1a: Scizor|Roost|p1a: Scizor
|-heal|p1a: Scizor|68/100 brn
|-singleturn|p1a: Scizor|move: Roost
|
|-weather|Sandstorm|[upkeep]
|-damage|p1a: Scizor|62/100 brn|[from] brn
|upkeep
|turn|22
|j| BillyGolo
|j| scharkopf
|j| M‽com‽ICS‽am
|
|t:|1662402387
|switch|p2a: Jirachi|Jirachi|72/100
|-damage|p2a: Jirachi|66/100|[from] Stealth Rock
|move|p1a: Scizor|U-turn|p2a: Jirachi
|-damage|p2a: Jirachi|50/100
|
|t:|1662402390
|switch|p1a: Rotom|Rotom-Wash|80/100|[from]move: U-turn
|-damage|p1a: Rotom|67/100|[from] Stealth Rock
|
|-weather|Sandstorm|[upkeep]
|-damage|p1a: Rotom|61/100|[from] Sandstorm
|-heal|p1a: Rotom|67/100|[from] item: Leftovers
|upkeep
|turn|23
|
|t:|1662402395
|move|p2a: Jirachi|U-turn|p1a: Rotom
|-damage|p1a: Rotom|49/100
|
|t:|1662402397
|switch|p2a: Zygarde|Zygarde-10%|88/100|[from]move: U-turn
|-damage|p2a: Zygarde|82/100|[from] Stealth Rock
|-ability|p2a: Zygarde|Aura Break
|move|p1a: Rotom|Hydro Pump|p2a: Zygarde
|-damage|p2a: Zygarde|25/100
|
|-weather|none
|-heal|p1a: Rotom|55/100|[from] item: Leftovers
|upkeep
|turn|24
|
|t:|1662402405
|switch|p1a: Amoonguss|Amoonguss, M|46/100 brn
|-damage|p1a: Amoonguss|33/100 brn|[from] Stealth Rock
|move|p2a: Zygarde|Thousand Arrows|p1a: Amoonguss
|-damage|p1a: Amoonguss|0 fnt
|faint|p1a: Amoonguss
|
|upkeep
|j| SirSilverChicken
|
|t:|1662402408
|switch|p1a: Crobat|Crobat, M|100/100
|turn|25
|l| SirSilverChicken
|l| Nike2002
|
|t:|1662402419
|switch|p2a: Nihilego|Nihilego|88/100
|-damage|p2a: Nihilego|76/100|[from] Stealth Rock
|move|p1a: Crobat|U-turn|p2a: Nihilego
|-resisted|p2a: Nihilego
|-damage|p2a: Nihilego|59/100
|
|t:|1662402421
|switch|p1a: Scizor|Scizor, M|62/100 brn|[from]move: U-turn
|
|-heal|p2a: Nihilego|65/100|[from] item: Black Sludge
|-damage|p1a: Scizor|55/100 brn|[from] brn
|upkeep
|turn|26
|l| nabome
|
|t:|1662402444
|move|p2a: Nihilego|Power Gem|p1a: Scizor
|-damage|p1a: Scizor|13/100 brn
|move|p1a: Scizor|Roost|p1a: Scizor
|-heal|p1a: Scizor|63/100 brn
|-singleturn|p1a: Scizor|move: Roost
|
|-heal|p2a: Nihilego|72/100|[from] item: Black Sludge
|-damage|p1a: Scizor|57/100 brn|[from] brn
|upkeep
|turn|27
|
|t:|1662402448
|move|p1a: Scizor|Bullet Punch|p2a: Nihilego
|-supereffective|p2a: Nihilego
|-damage|p2a: Nihilego|24/100
|move|p2a: Nihilego|Power Gem|p1a: Scizor
|-damage|p1a: Scizor|13/100 brn
|
|-heal|p2a: Nihilego|30/100|[from] item: Black Sludge
|-damage|p1a: Scizor|7/100 brn|[from] brn
|upkeep
|turn|28
|
|t:|1662402453
|switch|p2a: Jirachi|Jirachi|50/100
|-damage|p2a: Jirachi|44/100|[from] Stealth Rock
|move|p1a: Scizor|Bullet Punch|p2a: Jirachi
|-resisted|p2a: Jirachi
|-damage|p2a: Jirachi|37/100
|
|-damage|p1a: Scizor|1/100 brn|[from] brn
|upkeep
|turn|29
|
|t:|1662402459
|move|p1a: Scizor|Bullet Punch|p2a: Jirachi
|-resisted|p2a: Jirachi
|-damage|p2a: Jirachi|30/100
|move|p2a: Jirachi|U-turn|p1a: Scizor
|-resisted|p1a: Scizor
|-crit|p1a: Scizor
|-damage|p1a: Scizor|0 fnt
|faint|p1a: Scizor
|j| LUIZDRAGON93
|
|t:|1662402467
|switch|p2a: Zarude|Zarude|100/100|[from]move: U-turn
|
|upkeep
|j|@J0rdy004 ♫
|j| lechonk rider
|
|t:|1662402479
|switch|p1a: Crobat|Crobat, M|100/100
|turn|30
|
|t:|1662402487
|move|p1a: Crobat|Brave Bird|p2a: Zarude
|-supereffective|p2a: Zarude
|-damage|p2a: Zarude|20/100
|-damage|p1a: Crobat|73/100|[from] Recoil
|move|p2a: Zarude|U-turn|p1a: Crobat
|-resisted|p1a: Crobat
|-damage|p1a: Crobat|67/100
|
|t:|1662402503
|switch|p2a: Jirachi|Jirachi|30/100|[from]move: U-turn
|-damage|p2a: Jirachi|24/100|[from] Stealth Rock
|
|upkeep
|turn|31
|
|t:|1662402507
|switch|p1a: Hydreigon|Hydreigon, M|88/100
|-damage|p1a: Hydreigon|76/100|[from] Stealth Rock
|move|p2a: Jirachi|Healing Wish|p2a: Jirachi
|faint|p2a: Jirachi
|
|upkeep
|
|t:|1662402519
|switch|p2a: Zygarde|Zygarde-10%|25/100
|-heal|p2a: Zygarde|100/100|[from] move: Healing Wish
|-damage|p2a: Zygarde|94/100|[from] Stealth Rock
|-ability|p2a: Zygarde|Aura Break
|turn|32
|
|t:|1662402522
|move|p2a: Zygarde|Outrage|p1a: Hydreigon
|-supereffective|p1a: Hydreigon
|-damage|p1a: Hydreigon|0 fnt
|faint|p1a: Hydreigon
|
|upkeep
|l| M‽com‽ICS‽am
|
|t:|1662402528
|switch|p1a: Crobat|Crobat, M|67/100
|turn|33
|
|t:|1662402531
|move|p1a: Crobat|U-turn|p2a: Zygarde
|-damage|p2a: Zygarde|62/100
|l| Slick Slomopavitz
|
|t:|1662402534
|switch|p1a: Rotom|Rotom-Wash|55/100|[from]move: U-turn
|-damage|p1a: Rotom|42/100|[from] Stealth Rock
|move|p2a: Zygarde|Outrage|p1a: Rotom|[from]lockedmove
|-crit|p1a: Rotom
|-damage|p1a: Rotom|0 fnt
|faint|p1a: Rotom
|
|upkeep
|
|t:|1662402542
|switch|p1a: Crobat|Crobat, M|67/100
|turn|34
|
|t:|1662402546
|move|p1a: Crobat|Brave Bird|p2a: Zygarde
|-damage|p2a: Zygarde|0 fnt
|faint|p2a: Zygarde
|-damage|p1a: Crobat|52/100|[from] Recoil
|
|upkeep
|
|t:|1662402549
|switch|p2a: Nihilego|Nihilego|30/100
|-damage|p2a: Nihilego|17/100|[from] Stealth Rock
|turn|35
|
|t:|1662402551
|move|p1a: Crobat|Brave Bird|p2a: Nihilego
|-resisted|p2a: Nihilego
|-damage|p2a: Nihilego|0 fnt
|faint|p2a: Nihilego
|-damage|p1a: Crobat|46/100|[from] Recoil
|
|upkeep
|
|t:|1662402552
|switch|p2a: Zarude|Zarude|20/100
|turn|36
|
|t:|1662402555
|move|p1a: Crobat|Brave Bird|p2a: Zarude
|-supereffective|p2a: Zarude
|-damage|p2a: Zarude|0 fnt
|faint|p2a: Zarude
|-damage|p1a: Crobat|40/100|[from] Recoil
|
|win|Dunoks
|n|☆Dunoks|dunoks
|n|☆ti84silveredition|ti84silveredition
|n|*Lady Monita|ladymonita
|n| BB-8-NU|bb8nu
|n| Blanketsburg|blanketsburg
|n| Grietrich|grietrich
|n| Noodle_G|noodleg
|n| BillyGolo|billygolo
|n| scharkopf|scharkopf
|n| LUIZDRAGON93|luizdragon93
|n|%J0rdy004 ♫|j0rdy004
|n| lechonk rider|lechonkrider
|l|*Lady Monita
|c|☆Dunoks|gg
|l|☆ti84silveredition
|l| BB-8-NU
|l| Blanketsburg
|l|☆Dunoks
|j| Failbor21
