|j|☆zaradoesnotsmell
|j|☆Goro Yagami 9
|t:|1661948632
|gametype|singles
|player|p1|zaradoesnotsmell|karen|1469
|player|p2|Goro Yagami 9|169|1410
|teamsize|p1|6
|teamsize|p2|6
|gen|8
|tier|[Gen 8] UU
|rated|
|rule|Sleep Clause Mod: Limit one foe put to sleep
|rule|Species Clause: Limit one of each Pokémon
|rule|OHKO Clause: OHKO moves are banned
|rule|Evasion Items Clause: Evasion items are banned
|rule|Evasion Moves Clause: Evasion moves are banned
|rule|Endless Battle Clause: Forcing endless battles is banned
|rule|HP Percentage Mod: HP is shown in percentages
|rule|Dynamax Clause: You cannot dynamax
|clearpoke
|poke|p1|Chandelure, F|
|poke|p1|Scizor, F|
|poke|p1|Slowbro-Galar, F|
|poke|p1|Keldeo-Resolute|
|poke|p1|Salamence, M|
|poke|p1|Krookodile, M|
|poke|p2|Zygarde-10%|
|poke|p2|Cobalion|
|poke|p2|Hydreigon, F|
|poke|p2|Tangrowth, M|
|poke|p2|Salamence, M|
|poke|p2|Slowking, M|
|teampreview
|
|t:|1661948653
|start
|switch|p1a: Krookodile|Krookodile, M|100/100
|switch|p2a: Hydreigon|Hydreigon, F|100/100
|-ability|p1a: Krookodile|Intimidate|boost
|-unboost|p2a: Hydreigon|atk|1
|turn|1
|inactive|Battle timer is ON: inactive players will automatically lose when time's up. (requested by zaradoesnotsmell)
|
|t:|1661948661
|move|p2a: Hydreigon|U-turn|p1a: Krookodile
|-supereffective|p1a: Krookodile
|-damage|p1a: Krookodile|73/100
|
|t:|1661948664
|switch|p2a: Salamence|Salamence, M|100/100|[from]move: U-turn
|-ability|p2a: Salamence|Intimidate|boost
|-unboost|p1a: Krookodile|atk|1
|move|p1a: Krookodile|Stealth Rock|p2a: Salamence
|-sidestart|p2: Goro Yagami 9|move: Stealth Rock
|
|upkeep
|turn|2
|
|t:|1661948689
|switch|p1a: Chandelure|Chandelure, F|100/100
|move|p2a: Salamence|Dual Wingbeat|p1a: Chandelure
|-damage|p1a: Chandelure|76/100
|-damage|p1a: Chandelure|51/100
|-hitcount|p1a: Chandelure|2
|
|-heal|p1a: Chandelure|57/100|[from] item: Leftovers
|upkeep
|turn|3
|
|t:|1661948698
|move|p1a: Chandelure|Shadow Ball|p2a: Salamence
|-damage|p2a: Salamence|56/100
|-unboost|p2a: Salamence|spd|1
|move|p2a: Salamence|Defog|p1a: Chandelure
|-unboost|p1a: Chandelure|evasion|1
|-sideend|p2: Goro Yagami 9|Stealth Rock|[from] move: Defog|[of] p2a: Salamence
|
|-heal|p1a: Chandelure|63/100|[from] item: Leftovers
|upkeep
|turn|4
|
|t:|1661948722
|switch|p2a: Hydreigon|Hydreigon, F|100/100
|move|p1a: Chandelure|Substitute|p1a: Chandelure
|-start|p1a: Chandelure|Substitute
|-damage|p1a: Chandelure|38/100
|
|-heal|p1a: Chandelure|45/100|[from] item: Leftovers
|upkeep
|turn|5
|
|t:|1661948730
|move|p2a: Hydreigon|Dark Pulse|p1a: Chandelure
|-supereffective|p1a: Chandelure
|-end|p1a: Chandelure|Substitute
|move|p1a: Chandelure|Flamethrower|p2a: Hydreigon
|-resisted|p2a: Hydreigon
|-damage|p2a: Hydreigon|72/100
|
|-heal|p1a: Chandelure|51/100|[from] item: Leftovers
|upkeep
|turn|6
|inactive|zaradoesnotsmell has 120 seconds left.
|
|t:|1661948757
|switch|p2a: Salamence|Salamence, M|56/100
|-ability|p2a: Salamence|Intimidate|boost
|-unboost|p1a: Chandelure|atk|1
|switch|p1a: Scizor|Scizor, F|100/100
|
|upkeep
|turn|7
|inactive|zaradoesnotsmell has 120 seconds left.
|
|t:|1661948767
|switch|p1a: Salamence|Salamence, M|100/100
|-ability|p1a: Salamence|Intimidate|boost
|-unboost|p2a: Salamence|atk|1
|move|p2a: Salamence|Roost|p2a: Salamence
|-heal|p2a: Salamence|100/100
|-singleturn|p2a: Salamence|move: Roost
|
|upkeep
|turn|8
|
|t:|1661948776
|switch|p2a: Slowking|Slowking, M|100/100
|move|p1a: Salamence|Toxic|p2a: Slowking
|-status|p2a: Slowking|tox
|
|-damage|p2a: Slowking|94/100 tox|[from] psn
|upkeep
|turn|9
|
|t:|1661948786
|switch|p1a: Slowbro|Slowbro-Galar, F|100/100
|move|p2a: Slowking|Teleport|p2a: Slowking
|
|t:|1661948793
|switch|p2a: Zygarde|Zygarde-10%|100/100|[from]move: Teleport
|-ability|p2a: Zygarde|Aura Break
|
|upkeep
|turn|10
|
|t:|1661948799
|switch|p1a: Salamence|Salamence, M|100/100
|-ability|p1a: Salamence|Intimidate|boost
|-unboost|p2a: Zygarde|atk|1
|move|p2a: Zygarde|Thousand Arrows|p1a: Salamence
|-damage|p1a: Salamence|70/100
|-start|p1a: Salamence|Smack Down
|
|upkeep
|turn|11
|
|t:|1661948809
|switch|p2a: Slowking|Slowking, M|100/100 tox
|move|p1a: Salamence|Roost|p1a: Salamence
|-heal|p1a: Salamence|100/100
|-singleturn|p1a: Salamence|move: Roost
|
|-damage|p2a: Slowking|94/100 tox|[from] psn
|upkeep
|turn|12
|inactive|zaradoesnotsmell has 120 seconds left.
|
|t:|1661948841
|move|p1a: Salamence|Flamethrower|p2a: Slowking
|-resisted|p2a: Slowking
|-damage|p2a: Slowking|87/100 tox
|move|p2a: Slowking|Future Sight|p1a: Salamence
|-start|p2a: Slowking|move: Future Sight
|
|-damage|p2a: Slowking|74/100 tox|[from] psn
|upkeep
|turn|13
|inactive|zaradoesnotsmell has 120 seconds left.
|
|t:|1661948858
|move|p1a: Salamence|Flamethrower|p2a: Slowking
|-resisted|p2a: Slowking
|-damage|p2a: Slowking|67/100 tox
|move|p2a: Slowking|Teleport|p2a: Slowking
|
|t:|1661948864
|switch|p2a: Hydreigon|Hydreigon, F|72/100|[from]move: Teleport
|
|upkeep
|turn|14
|inactive|zaradoesnotsmell has 120 seconds left.
|
|t:|1661948884
|switch|p1a: Scizor|Scizor, F|100/100
|move|p2a: Hydreigon|Draco Meteor|p1a: Scizor
|-resisted|p1a: Scizor
|-damage|p1a: Scizor|66/100
|-unboost|p2a: Hydreigon|spa|2
|
|-end|p1a: Scizor|move: Future Sight
|-resisted|p1a: Scizor
|-damage|p1a: Scizor|44/100
|upkeep
|turn|15
|inactive|zaradoesnotsmell has 120 seconds left.
|
|t:|1661948896
|switch|p2a: Cobalion|Cobalion|100/100
|move|p1a: Scizor|Roost|p1a: Scizor
|-heal|p1a: Scizor|94/100
|-singleturn|p1a: Scizor|move: Roost
|
|upkeep
|turn|16
|inactive|zaradoesnotsmell has 120 seconds left.
|
|t:|1661948921
|switch|p1a: Salamence|Salamence, M|100/100
|-ability|p1a: Salamence|Intimidate|boost
|-unboost|p2a: Cobalion|atk|1
|move|p2a: Cobalion|Stealth Rock|p1a: Salamence
|-sidestart|p1: zaradoesnotsmell|move: Stealth Rock
|
|upkeep
|turn|17
|
|t:|1661948928
|switch|p2a: Slowking|Slowking, M|99/100 tox
|move|p1a: Salamence|Defog|p2a: Slowking
|-unboost|p2a: Slowking|evasion|1
|-sideend|p1: zaradoesnotsmell|Stealth Rock|[from] move: Defog|[of] p1a: Salamence
|
|-damage|p2a: Slowking|94/100 tox|[from] psn
|upkeep
|turn|18
|
|t:|1661948939
|switch|p1a: Krookodile|Krookodile, M|73/100
|-ability|p1a: Krookodile|Intimidate|boost
|-unboost|p2a: Slowking|atk|1
|move|p2a: Slowking|Teleport|p2a: Slowking
|
|t:|1661948945
|switch|p2a: Tangrowth|Tangrowth, M|100/100|[from]move: Teleport
|
|upkeep
|turn|19
|inactive|zaradoesnotsmell has 120 seconds left.
|
|t:|1661948966
|move|p1a: Krookodile|Stealth Rock|p2a: Tangrowth
|-sidestart|p2: Goro Yagami 9|move: Stealth Rock
|move|p2a: Tangrowth|Knock Off|p1a: Krookodile
|-resisted|p1a: Krookodile
|-damage|p1a: Krookodile|59/100
|-enditem|p1a: Krookodile|Choice Scarf|[from] move: Knock Off|[of] p2a: Tangrowth
|
|upkeep
|turn|20
|
|t:|1661948978
|switch|p1a: Scizor|Scizor, F|94/100
|move|p2a: Tangrowth|Power Whip|p1a: Scizor
|-resisted|p1a: Scizor
|-damage|p1a: Scizor|86/100
|
|upkeep
|turn|21
|
|t:|1661948982
|switch|p2a: Salamence|Salamence, M|100/100
|-ability|p2a: Salamence|Intimidate|boost
|-unboost|p1a: Scizor|atk|1
|move|p1a: Scizor|U-turn|p2a: Salamence
|-resisted|p2a: Salamence
|-damage|p2a: Salamence|92/100
|
|t:|1661949012
|switch|p1a: Chandelure|Chandelure, F|51/100|[from]move: U-turn
|
|-heal|p1a: Chandelure|57/100|[from] item: Leftovers
|upkeep
|turn|22
|
|t:|1661949018
|move|p1a: Chandelure|Shadow Ball|p2a: Salamence
|-damage|p2a: Salamence|43/100
|move|p2a: Salamence|Defog|p1a: Chandelure
|-unboost|p1a: Chandelure|evasion|1
|-sideend|p2: Goro Yagami 9|Stealth Rock|[from] move: Defog|[of] p2a: Salamence
|
|-heal|p1a: Chandelure|63/100|[from] item: Leftovers
|upkeep
|turn|23
|
|t:|1661949037
|switch|p2a: Hydreigon|Hydreigon, F|72/100
|move|p1a: Chandelure|Shadow Ball|p2a: Hydreigon
|-resisted|p2a: Hydreigon
|-damage|p2a: Hydreigon|46/100
|
|-heal|p1a: Chandelure|69/100|[from] item: Leftovers
|upkeep
|turn|24
|
|t:|1661949051
|switch|p1a: Slowbro|Slowbro-Galar, F|100/100
|move|p2a: Hydreigon|Draco Meteor|p1a: Slowbro
|-damage|p1a: Slowbro|64/100
|-unboost|p2a: Hydreigon|spa|2
|
|upkeep
|turn|25
|inactive|zaradoesnotsmell has 90 seconds left.
|
|t:|1661949069
|switch|p2a: Zygarde|Zygarde-10%|100/100
|-ability|p2a: Zygarde|Aura Break
|switch|p1a: Krookodile|Krookodile, M|59/100
|-ability|p1a: Krookodile|Intimidate|boost
|-unboost|p2a: Zygarde|atk|1
|
|upkeep
|turn|26
|inactive|zaradoesnotsmell has 90 seconds left.
|
|t:|1661949086
|switch|p2a: Tangrowth|Tangrowth, M|100/100
|move|p1a: Krookodile|Stealth Rock|p2a: Tangrowth
|-sidestart|p2: Goro Yagami 9|move: Stealth Rock
|
|upkeep
|turn|27
|inactive|zaradoesnotsmell has 90 seconds left.
|
|t:|1661949094
|switch|p1a: Scizor|Scizor, F|86/100
|move|p2a: Tangrowth|Knock Off|p1a: Scizor
|-damage|p1a: Scizor|67/100
|-enditem|p1a: Scizor|Safety Goggles|[from] move: Knock Off|[of] p2a: Tangrowth
|
|upkeep
|turn|28
|
|t:|1661949103
|move|p1a: Scizor|Knock Off|p2a: Tangrowth
|-crit|p2a: Tangrowth
|-damage|p2a: Tangrowth|75/100
|-enditem|p2a: Tangrowth|Assault Vest|[from] move: Knock Off|[of] p1a: Scizor
|move|p2a: Tangrowth|Knock Off|p1a: Scizor
|-damage|p1a: Scizor|54/100
|
|upkeep
|turn|29
|
|t:|1661949113
|switch|p2a: Salamence|Salamence, M|43/100
|-ability|p2a: Salamence|Intimidate|boost
|-unboost|p1a: Scizor|atk|1
|move|p1a: Scizor|U-turn|p2a: Salamence
|-resisted|p2a: Salamence
|-damage|p2a: Salamence|34/100
|
|t:|1661949122
|switch|p1a: Chandelure|Chandelure, F|69/100|[from]move: U-turn
|
|-heal|p1a: Chandelure|75/100|[from] item: Leftovers
|upkeep
|turn|30
|inactive|Goro Yagami 9 has 120 seconds left.
|
|t:|1661949154
|switch|p2a: Hydreigon|Hydreigon, F|46/100
|-damage|p2a: Hydreigon|33/100|[from] Stealth Rock
|move|p1a: Chandelure|Shadow Ball|p2a: Hydreigon
|-resisted|p2a: Hydreigon
|-damage|p2a: Hydreigon|6/100
|
|-heal|p1a: Chandelure|81/100|[from] item: Leftovers
|upkeep
|turn|31
|inactive|Goro Yagami 9 has 120 seconds left.
|
|t:|1661949177
|switch|p1a: Scizor|Scizor, F|54/100
|move|p2a: Hydreigon|Dark Pulse|p1a: Scizor
|-damage|p1a: Scizor|11/100
|
|upkeep
|turn|32
|
|t:|1661949187
|switch|p2a: Salamence|Salamence, M|34/100
|-ability|p2a: Salamence|Intimidate|boost
|-unboost|p1a: Scizor|atk|1
|switch|p1a: Keldeo|Keldeo-Resolute|100/100
|
|upkeep
|turn|33
|inactive|zaradoesnotsmell has 90 seconds left.
|l|☆zaradoesnotsmell
|inactive|zaradoesnotsmell disconnected and has a minute to reconnect!
|player|p1|
|j|☆zaradoesnotsmell
|inactive|zaradoesnotsmell reconnected and has 60 seconds left.
|player|p1|zaradoesnotsmell|karen
|
|t:|1661949243
|move|p1a: Keldeo|Icy Wind|p2a: Salamence
|-supereffective|p2a: Salamence
|-damage|p2a: Salamence|0 fnt
|faint|p2a: Salamence
|
|upkeep
|c|☆Goro Yagami 9|ah, icy wind keld
|
|t:|1661949254
|switch|p2a: Tangrowth|Tangrowth, M|100/100
|-damage|p2a: Tangrowth|88/100|[from] Stealth Rock
|turn|34
|inactive|zaradoesnotsmell has 60 seconds left.
|
|t:|1661949274
|switch|p1a: Slowbro|Slowbro-Galar, F|97/100
|move|p2a: Tangrowth|Focus Blast|p1a: Slowbro
|-resisted|p1a: Slowbro
|-damage|p1a: Slowbro|93/100
|-unboost|p1a: Slowbro|spd|1
|
|upkeep
|turn|35
|inactive|zaradoesnotsmell has 60 seconds left.
|
|t:|1661949284
|move|p2a: Tangrowth|Knock Off|p1a: Slowbro
|-supereffective|p1a: Slowbro
|-damage|p1a: Slowbro|56/100
|-enditem|p1a: Slowbro|Assault Vest|[from] move: Knock Off|[of] p2a: Tangrowth
|move|p1a: Slowbro|Shell Side Arm|p2a: Tangrowth|[anim] Shell Side Arm Special
|-supereffective|p2a: Tangrowth
|-damage|p2a: Tangrowth|5/100
|-hint|Special Shell Side Arm
|
|upkeep
|turn|36
|inactive|zaradoesnotsmell has 60 seconds left.
|
|t:|1661949308
|move|p2a: Tangrowth|Knock Off|p1a: Slowbro
|-supereffective|p1a: Slowbro
|-damage|p1a: Slowbro|29/100
|move|p1a: Slowbro|Flamethrower|p2a: Tangrowth
|-supereffective|p2a: Tangrowth
|-damage|p2a: Tangrowth|0 fnt
|faint|p2a: Tangrowth
|
|upkeep
|
|t:|1661949313
|switch|p2a: Zygarde|Zygarde-10%|100/100
|-damage|p2a: Zygarde|94/100|[from] Stealth Rock
|-ability|p2a: Zygarde|Aura Break
|turn|37
|inactive|zaradoesnotsmell has 60 seconds left.
|
|t:|1661949345
|switch|p2a: Slowking|Slowking, M|100/100 tox
|-damage|p2a: Slowking|88/100 tox|[from] Stealth Rock
|move|p1a: Slowbro|Future Sight|p2a: Slowking
|-start|p1a: Slowbro|move: Future Sight
|
|-damage|p2a: Slowking|82/100 tox|[from] psn
|upkeep
|turn|38
|
|t:|1661949359
|switch|p1a: Scizor|Scizor, F|11/100
|move|p2a: Slowking|Future Sight|p1a: Scizor
|-start|p2a: Slowking|move: Future Sight
|
|-damage|p2a: Slowking|70/100 tox|[from] psn
|upkeep
|turn|39
|
|t:|1661949374
|move|p1a: Scizor|Roost|p1a: Scizor
|-heal|p1a: Scizor|61/100
|-singleturn|p1a: Scizor|move: Roost
|move|p2a: Slowking|Teleport|p2a: Slowking
|
|t:|1661949376
|switch|p2a: Cobalion|Cobalion|100/100|[from]move: Teleport
|-damage|p2a: Cobalion|97/100|[from] Stealth Rock
|
|-end|p2a: Cobalion|move: Future Sight
|-damage|p2a: Cobalion|33/100
|upkeep
|turn|40
|inactive|zaradoesnotsmell has 60 seconds left.
|
|t:|1661949391
|switch|p1a: Krookodile|Krookodile, M|59/100
|-ability|p1a: Krookodile|Intimidate|boost
|-unboost|p2a: Cobalion|atk|1
|move|p2a: Cobalion|Stealth Rock|p1a: Krookodile
|-sidestart|p1: zaradoesnotsmell|move: Stealth Rock
|
|-end|p1a: Krookodile|move: Future Sight
|-immune|p1a: Krookodile
|upkeep
|turn|41
|
|t:|1661949421
|switch|p1a: Salamence|Salamence, M|100/100
|-ability|p1a: Salamence|Intimidate|boost
|-unboost|p2a: Cobalion|atk|1
|move|p2a: Cobalion|Close Combat|p1a: Salamence
|-resisted|p1a: Salamence
|-damage|p1a: Salamence|91/100
|-unboost|p2a: Cobalion|def|1
|-unboost|p2a: Cobalion|spd|1
|
|upkeep
|turn|42
|
|t:|1661949435
|switch|p2a: Slowking|Slowking, M|100/100 tox
|-damage|p2a: Slowking|88/100 tox|[from] Stealth Rock
|move|p1a: Salamence|Flamethrower|p2a: Slowking
|-resisted|p2a: Slowking
|-damage|p2a: Slowking|80/100 tox
|
|-damage|p2a: Slowking|74/100 tox|[from] psn
|upkeep
|turn|43
|
|t:|1661949445
|switch|p1a: Scizor|Scizor, F|61/100
|-damage|p1a: Scizor|49/100|[from] Stealth Rock
|move|p2a: Slowking|Scald|p1a: Scizor
|-damage|p1a: Scizor|19/100
|-status|p1a: Scizor|brn
|
|-damage|p2a: Slowking|62/100 tox|[from] psn
|-damage|p1a: Scizor|12/100 brn|[from] brn
|upkeep
|turn|44
|
|t:|1661949456
|move|p1a: Scizor|Roost|p1a: Scizor
|-heal|p1a: Scizor|63/100 brn
|-singleturn|p1a: Scizor|move: Roost
|move|p2a: Slowking|Teleport|p2a: Slowking
|
|t:|1661949462
|switch|p2a: Cobalion|Cobalion|33/100|[from]move: Teleport
|-damage|p2a: Cobalion|30/100|[from] Stealth Rock
|
|-damage|p1a: Scizor|56/100 brn|[from] brn
|upkeep
|turn|45
|
|t:|1661949467
|move|p2a: Cobalion|Swords Dance|p2a: Cobalion
|-boost|p2a: Cobalion|atk|2
|move|p1a: Scizor|Roost|p1a: Scizor
|-heal|p1a: Scizor|100/100 brn
|-singleturn|p1a: Scizor|move: Roost
|
|-damage|p1a: Scizor|94/100 brn|[from] brn
|upkeep
|turn|46
|inactive|zaradoesnotsmell has 60 seconds left.
|inactive|zaradoesnotsmell has 30 seconds left.
|inactive|zaradoesnotsmell has 20 seconds left.
|
|t:|1661949513
|switch|p1a: Salamence|Salamence, M|91/100
|-ability|p1a: Salamence|Intimidate|boost
|-unboost|p2a: Cobalion|atk|1
|move|p2a: Cobalion|Iron Head|p1a: Salamence
|-damage|p1a: Salamence|52/100
|
|upkeep
|turn|47
|inactive|zaradoesnotsmell has 30 seconds left this turn.
|
|t:|1661949522
|move|p2a: Cobalion|Iron Head|p1a: Salamence
|-damage|p1a: Salamence|11/100
|cant|p1a: Salamence|flinch
|
|upkeep
|turn|48
|inactive|zaradoesnotsmell has 30 seconds left.
|
|t:|1661949535
|move|p2a: Cobalion|Close Combat|p1a: Salamence
|-resisted|p1a: Salamence
|-damage|p1a: Salamence|0 fnt
|-unboost|p2a: Cobalion|def|1
|-unboost|p2a: Cobalion|spd|1
|faint|p1a: Salamence
|
|upkeep
|inactive|zaradoesnotsmell has 30 seconds left this turn.
|
|t:|1661949537
|switch|p1a: Chandelure|Chandelure, F|81/100
|-damage|p1a: Chandelure|56/100|[from] Stealth Rock
|turn|49
|
|t:|1661949546
|switch|p2a: Hydreigon|Hydreigon, F|6/100
|-damage|p2a: Hydreigon|0 fnt|[from] Stealth Rock
|faint|p2a: Hydreigon
|move|p1a: Chandelure|Shadow Ball|p2: Hydreigon|[notarget]
|-fail|p1a: Chandelure
|
|-heal|p1a: Chandelure|63/100|[from] item: Leftovers
|upkeep
|
|t:|1661949551
|switch|p2a: Zygarde|Zygarde-10%|94/100
|-damage|p2a: Zygarde|88/100|[from] Stealth Rock
|-ability|p2a: Zygarde|Aura Break
|turn|50
|
|t:|1661949569
|switch|p1a: Slowbro|Slowbro-Galar, F|62/100
|-damage|p1a: Slowbro|50/100|[from] Stealth Rock
|move|p2a: Zygarde|Thousand Arrows|p1a: Slowbro
|-supereffective|p1a: Slowbro
|-damage|p1a: Slowbro|0 fnt
|faint|p1a: Slowbro
|
|upkeep
|
|t:|1661949573
|switch|p1a: Keldeo|Keldeo-Resolute|100/100
|-damage|p1a: Keldeo|94/100|[from] Stealth Rock
|turn|51
|
|t:|1661949583
|switch|p2a: Slowking|Slowking, M|95/100 tox
|-damage|p2a: Slowking|82/100 tox|[from] Stealth Rock
|move|p1a: Keldeo|Secret Sword|p2a: Slowking
|-resisted|p2a: Slowking
|-damage|p2a: Slowking|59/100 tox
|
|-damage|p2a: Slowking|52/100 tox|[from] psn
|upkeep
|turn|52
|
|t:|1661949591
|move|p1a: Keldeo|Secret Sword|p2a: Slowking
|-resisted|p2a: Slowking
|-damage|p2a: Slowking|29/100 tox
|move|p2a: Slowking|Slack Off|p2a: Slowking
|-heal|p2a: Slowking|79/100 tox
|
|-damage|p2a: Slowking|67/100 tox|[from] psn
|upkeep
|turn|53
|
|t:|1661949598
|move|p1a: Keldeo|Secret Sword|p2a: Slowking
|-resisted|p2a: Slowking
|-damage|p2a: Slowking|45/100 tox
|move|p2a: Slowking|Future Sight|p1a: Keldeo
|-start|p2a: Slowking|move: Future Sight
|
|-damage|p2a: Slowking|27/100 tox|[from] psn
|upkeep
|turn|54
|
|t:|1661949608
|move|p1a: Keldeo|Secret Sword|p2a: Slowking
|-resisted|p2a: Slowking
|-damage|p2a: Slowking|4/100 tox
|move|p2a: Slowking|Slack Off|p2a: Slowking
|-heal|p2a: Slowking|54/100 tox
|
|-damage|p2a: Slowking|30/100 tox|[from] psn
|upkeep
|turn|55
|
|t:|1661949616
|switch|p1a: Scizor|Scizor, F|94/100 brn
|-damage|p1a: Scizor|82/100 brn|[from] Stealth Rock
|move|p2a: Slowking|Teleport|p2a: Slowking
|
|t:|1661949620
|switch|p2a: Cobalion|Cobalion|30/100|[from]move: Teleport
|-damage|p2a: Cobalion|27/100|[from] Stealth Rock
|
|-end|p1a: Scizor|move: Future Sight
|-resisted|p1a: Scizor
|-damage|p1a: Scizor|62/100 brn
|-damage|p1a: Scizor|56/100 brn|[from] brn
|upkeep
|turn|56
|
|t:|1661949645
|move|p2a: Cobalion|Swords Dance|p2a: Cobalion
|-boost|p2a: Cobalion|atk|2
|move|p1a: Scizor|U-turn|p2a: Cobalion
|-resisted|p2a: Cobalion
|-damage|p2a: Cobalion|23/100
|inactive|zaradoesnotsmell has 60 seconds left.
|
|t:|1661949659
|switch|p1a: Krookodile|Krookodile, M|59/100|[from]move: U-turn
|-damage|p1a: Krookodile|53/100|[from] Stealth Rock
|-ability|p1a: Krookodile|Intimidate|boost
|-unboost|p2a: Cobalion|atk|1
|
|upkeep
|turn|57
|inactive|zaradoesnotsmell has 60 seconds left.
|inactive|Goro Yagami 9 has 120 seconds left.
|
|t:|1661949699
|move|p2a: Cobalion|Close Combat|p1a: Krookodile
|-supereffective|p1a: Krookodile
|-damage|p1a: Krookodile|0 fnt
|-unboost|p2a: Cobalion|def|1
|-unboost|p2a: Cobalion|spd|1
|faint|p1a: Krookodile
|
|upkeep
|
|t:|1661949704
|switch|p1a: Scizor|Scizor, F|56/100 brn
|-damage|p1a: Scizor|43/100 brn|[from] Stealth Rock
|turn|58
|inactive|Goro Yagami 9 has 120 seconds left.
|inactive|zaradoesnotsmell has 30 seconds left.
|inactive|zaradoesnotsmell has 20 seconds left.
|inactive|zaradoesnotsmell has 15 seconds left.
|
|t:|1661949760
|move|p2a: Cobalion|Close Combat|p1a: Scizor
|-damage|p1a: Scizor|0 fnt
|-unboost|p2a: Cobalion|def|1
|-unboost|p2a: Cobalion|spd|1
|faint|p1a: Scizor
|
|upkeep
|inactive|zaradoesnotsmell has 20 seconds left this turn.
|inactive|zaradoesnotsmell has 15 seconds left.
|inactive|zaradoesnotsmell has 10 seconds left.
|
|t:|1661949770
|switch|p1a: Chandelure|Chandelure, F|63/100
|-damage|p1a: Chandelure|38/100|[from] Stealth Rock
|turn|59
|inactive|zaradoesnotsmell has 20 seconds left this turn.
|
|t:|1661949792
|move|p2a: Cobalion|Iron Head|p1a: Chandelure
|-resisted|p1a: Chandelure
|-damage|p1a: Chandelure|0 fnt
|faint|p1a: Chandelure
|
|upkeep
|inactive|zaradoesnotsmell has 25 seconds left this turn.
|
|t:|1661949796
|switch|p1a: Keldeo|Keldeo-Resolute|94/100
|-damage|p1a: Keldeo|88/100|[from] Stealth Rock
|turn|60
|inactive|zaradoesnotsmell has 30 seconds left.
|c|☆zaradoesnotsmell|guess I should have taken this speed tie a while ago hey
|c|☆Goro Yagami 9|ngl
|
|t:|1661949811
|move|p2a: Cobalion|Close Combat|p1a: Keldeo
|-damage|p1a: Keldeo|4/100
|-unboost|p2a: Cobalion|def|1
|-unboost|p2a: Cobalion|spd|1
|move|p1a: Keldeo|Secret Sword|p2a: Cobalion
|-supereffective|p2a: Cobalion
|-enditem|p2a: Cobalion|Chople Berry|[eat]
|-enditem|p2a: Cobalion|Chople Berry|[weaken]
|-damage|p2a: Cobalion|0 fnt
|faint|p2a: Cobalion
|
|upkeep
|inactive|zaradoesnotsmell has 30 seconds left this turn.
|c|☆Goro Yagami 9|that iron head was a very lucky roll
|c|☆Goro Yagami 9|if I calced it right
|
|t:|1661949834
|switch|p2a: Zygarde|Zygarde-10%|88/100
|-damage|p2a: Zygarde|82/100|[from] Stealth Rock
|-ability|p2a: Zygarde|Aura Break
|turn|61
|inactive|zaradoesnotsmell has 30 seconds left.
|c|☆Goro Yagami 9|gg
|inactive|Goro Yagami 9 has 90 seconds left.
|
|t:|1661949850
|move|p2a: Zygarde|Extreme Speed|p1a: Keldeo
|-damage|p1a: Keldeo|0 fnt
|faint|p1a: Keldeo
|
|win|Goro Yagami 9
|raw|zaradoesnotsmell's rating: 1469 &rarr; <strong>1446</strong><br />(-23 for losing)
|raw|Goro Yagami 9's rating: 1410 &rarr; <strong>1433</strong><br />(+23 for winning)
|c|☆zaradoesnotsmell|gg
||Ladder isn't responding, score probably updated but might not have (Request timeout).
|c|☆zaradoesnotsmell|that flinch on my salamence too
|c|☆zaradoesnotsmell|game would have been over a long time ago if that coballion couldn't keep switching in
|c|☆zaradoesnotsmell|gg though
|c|☆Goro Yagami 9|yeah
|c|☆Goro Yagami 9|I got bailed by that
