|j|☆Zephyyyr
|j|☆Sacred-Pie㋛
|t:|1631322226
|gametype|singles
|player|p1|Zephyyyr|richboy|
|player|p2|Sacred-Pie㋛|ash|
|teamsize|p1|6
|teamsize|p2|6
|gen|8
|tier|[Gen 8] UU
|rated|Tournament battle
|rule|Sleep Clause Mod: Limit one foe put to sleep
|rule|Species Clause: Limit one of each Pokémon
|rule|OHKO Clause: OHKO moves are banned
|rule|Evasion Moves Clause: Evasion moves are banned
|rule|Endless Battle Clause: Forcing endless battles is banned
|rule|HP Percentage Mod: HP is shown in percentages
|rule|Dynamax Clause: You cannot dynamax
|clearpoke
|poke|p1|Azumarill, F|
|poke|p1|Diggersby, F|
|poke|p1|Rotom-Heat|
|poke|p1|Amoonguss, F|
|poke|p1|Kommo-o, F|
|poke|p1|Celesteela|
|poke|p2|Gardevoir, M|
|poke|p2|Crawdaunt, M|
|poke|p2|Tangrowth, M|
|poke|p2|Rotom-Wash|
|poke|p2|Cloyster, M|
|poke|p2|Chansey, F|
|teampreview
|inactive|Battle timer is ON: inactive players will automatically lose when time's up. (requested by Sacred-Pie㋛)
|j| Sneasel TTT?
|c|☆Sacred-Pie㋛|ooga boogha
|c|☆Zephyyyr|Hf
|j|+Monky25
|c| Sneasel TTT?|OOGA BOOGA'
|inactive|Zephyyyr has 120 seconds left.
|
|t:|1631322276
|start
|switch|p1a: Kommo-o|Kommo-o, F|100/100
|switch|p2a: Crawdaunt|Crawdaunt, M|100/100
|turn|1
|
|t:|1631322289
|switch|p2a: Rotom|Rotom-Wash|100/100
|move|p1a: Kommo-o|Stealth Rock|p2a: Rotom
|-sidestart|p2: Sacred-Pie㋛|move: Stealth Rock
|
|upkeep
|turn|2
|
|t:|1631322293
|move|p1a: Kommo-o|Toxic|p2a: Rotom
|-status|p2a: Rotom|tox
|move|p2a: Rotom|Will-O-Wisp|p1a: Kommo-o
|-status|p1a: Kommo-o|brn
|
|-damage|p2a: Rotom|94/100 tox|[from] psn
|-damage|p1a: Kommo-o|94/100 brn|[from] brn
|upkeep
|turn|3
|j|+pokemonisfun
|
|t:|1631322309
|switch|p1a: Amoonguss|Amoonguss, F|100/100
|move|p2a: Rotom|Volt Switch|p1a: Amoonguss
|-resisted|p1a: Amoonguss
|-damage|p1a: Amoonguss|95/100
|
|t:|1631322328
|switch|p2a: Chansey|Chansey, F|100/100|[from]move: Volt Switch
|-damage|p2a: Chansey|88/100|[from] Stealth Rock
|
|upkeep
|turn|4
|
|t:|1631322337
|switch|p2a: Rotom|Rotom-Wash|94/100 tox
|switch|p1a: Diggersby|Diggersby, F|100/100
|
|-damage|p2a: Rotom|88/100 tox|[from] psn
|upkeep
|turn|5
|
|t:|1631322344
|move|p1a: Diggersby|U-turn|p2a: Rotom
|-damage|p2a: Rotom|64/100 tox
|
|t:|1631322348
|switch|p1a: Amoonguss|Amoonguss, F|100/100|[from]move: U-turn
|move|p2a: Rotom|Will-O-Wisp|p1a: Amoonguss
|-status|p1a: Amoonguss|brn
|
|-damage|p2a: Rotom|52/100 tox|[from] psn
|-damage|p1a: Amoonguss|94/100 brn|[from] brn
|upkeep
|turn|6
|
|t:|1631322357
|switch|p1a: Diggersby|Diggersby, F|100/100
|move|p2a: Rotom|Volt Switch|p1a: Diggersby
|-immune|p1a: Diggersby
|
|-damage|p2a: Rotom|33/100 tox|[from] psn
|upkeep
|turn|7
|j|+Chuo水ku
|
|t:|1631322373
|move|p1a: Diggersby|Body Slam|p2a: Rotom
|-damage|p2a: Rotom|0 fnt
|faint|p2a: Rotom
|
|upkeep
|
|t:|1631322377
|switch|p2a: old meta|Cloyster, M|100/100
|-damage|p2a: old meta|76/100|[from] Stealth Rock
|turn|8
|
|t:|1631322384
|move|p1a: Diggersby|Body Slam|p2a: old meta
|-damage|p2a: old meta|27/100
|move|p2a: old meta|Shell Smash|p2a: old meta
|-unboost|p2a: old meta|def|1
|-unboost|p2a: old meta|spd|1
|-boost|p2a: old meta|atk|2
|-boost|p2a: old meta|spa|2
|-boost|p2a: old meta|spe|2
|-enditem|p2a: old meta|White Herb
|-clearnegativeboost|p2a: old meta|[silent]
|
|upkeep
|turn|9
|j|+Manipulative
|c|☆Sacred-Pie㋛|QOD do i outspeed
|c|☆Zephyyyr|Obv
|c|☆Sacred-Pie㋛|find out next time on dbs
|inactive|Sacred-Pie㋛ has 120 seconds left.
|
|t:|1631322419
|move|p2a: old meta|Icicle Spear|p1a: Diggersby
|-supereffective|p1a: Diggersby
|-damage|p1a: Diggersby|39/100
|-supereffective|p1a: Diggersby
|-damage|p1a: Diggersby|0 fnt
|faint|p1a: Diggersby
|-hitcount|p1: Diggersby|2
|
|upkeep
|
|t:|1631322424
|switch|p1a: Azumarill|Azumarill, F|100/100
|turn|10
|c|☆Sacred-Pie㋛|crazy
|
|t:|1631322429
|move|p2a: old meta|Rock Blast|p1a: Azumarill
|-damage|p1a: Azumarill|83/100
|-damage|p1a: Azumarill|64/100
|-damage|p1a: Azumarill|44/100
|-enditem|p1a: Azumarill|Sitrus Berry|[eat]
|-heal|p1a: Azumarill|69/100|[from] item: Sitrus Berry
|-damage|p1a: Azumarill|50/100
|-damage|p1a: Azumarill|31/100
|-hitcount|p1a: Azumarill|5
|move|p1a: Azumarill|Knock Off|p2a: old meta
|-damage|p2a: old meta|1/100
|
|upkeep
|turn|11
|
|t:|1631322440
|move|p2a: old meta|Ice Shard|p1a: Azumarill
|-resisted|p1a: Azumarill
|-damage|p1a: Azumarill|10/100
|move|p1a: Azumarill|Aqua Jet|p2a: old meta
|-resisted|p2a: old meta
|-damage|p2a: old meta|0 fnt
|faint|p2a: old meta
|
|upkeep
|
|t:|1631322446
|switch|p2a: Gardevoir|Gardevoir, M|100/100
|-damage|p2a: Gardevoir|88/100|[from] Stealth Rock
|-ability|p2a: Gardevoir|Huge Power|[from] ability: Trace|[of] p1a: Azumarill
|turn|12
|
|t:|1631322458
|move|p1a: Azumarill|Aqua Jet|p2a: Gardevoir
|-crit|p2a: Gardevoir
|-damage|p2a: Gardevoir|20/100
|move|p2a: Gardevoir|Mystical Fire|p1a: Azumarill
|-resisted|p1a: Azumarill
|-damage|p1a: Azumarill|0 fnt
|faint|p1a: Azumarill
|
|upkeep
|
|t:|1631322462
|switch|p1a: Rotom|Rotom-Heat|100/100
|turn|13
|
|t:|1631322466
|switch|p2a: Tangrowth|Tangrowth, M|100/100
|-damage|p2a: Tangrowth|88/100|[from] Stealth Rock
|move|p1a: Rotom|Volt Switch|p2a: Tangrowth
|-resisted|p2a: Tangrowth
|-damage|p2a: Tangrowth|81/100
|
|t:|1631322468
|switch|p1a: Amoonguss|Amoonguss, F|100/100 brn|[from]move: Volt Switch
|
|-damage|p1a: Amoonguss|94/100 brn|[from] brn
|upkeep
|turn|14
|j| Eviluation
|
|t:|1631322476
|move|p2a: Tangrowth|Knock Off|p1a: Amoonguss
|-damage|p1a: Amoonguss|73/100 brn
|-enditem|p1a: Amoonguss|Assault Vest|[from] move: Knock Off|[of] p2a: Tangrowth
|move|p1a: Amoonguss|Sludge Bomb|p2a: Tangrowth
|-supereffective|p2a: Tangrowth
|-damage|p2a: Tangrowth|48/100
|
|-damage|p1a: Amoonguss|67/100 brn|[from] brn
|upkeep
|turn|15
|l| Eviluation
|
|t:|1631322494
|switch|p2a: Chansey|Chansey, F|88/100
|-damage|p2a: Chansey|76/100|[from] Stealth Rock
|move|p1a: Amoonguss|Sludge Bomb|p2a: Chansey
|-damage|p2a: Chansey|67/100
|-status|p2a: Chansey|psn
|
|-damage|p2a: Chansey|55/100 psn|[from] psn
|-damage|p1a: Amoonguss|61/100 brn|[from] brn
|upkeep
|turn|16
|
|t:|1631322498
|switch|p1a: Kommo-o|Kommo-o, F|94/100 brn
|move|p2a: Chansey|Soft-Boiled|p2a: Chansey
|-heal|p2a: Chansey|100/100 psn
|
|-heal|p1a: Kommo-o|100/100 brn|[from] item: Leftovers
|-damage|p2a: Chansey|88/100 psn|[from] psn
|-damage|p1a: Kommo-o|94/100 brn|[from] brn
|upkeep
|turn|17
|
|t:|1631322504
|switch|p2a: Tangrowth|Tangrowth, M|81/100
|-damage|p2a: Tangrowth|68/100|[from] Stealth Rock
|move|p1a: Kommo-o|Body Press|p2a: Tangrowth
|-damage|p2a: Tangrowth|53/100
|
|-heal|p1a: Kommo-o|100/100 brn|[from] item: Leftovers
|-damage|p1a: Kommo-o|94/100 brn|[from] brn
|upkeep
|turn|18
|
|t:|1631322509
|switch|p1a: Rotom|Rotom-Heat|100/100
|move|p2a: Tangrowth|Knock Off|p1a: Rotom
|-damage|p1a: Rotom|76/100
|-enditem|p1a: Rotom|Heavy-Duty Boots|[from] move: Knock Off|[of] p2a: Tangrowth
|
|upkeep
|turn|19
|
|t:|1631322520
|move|p1a: Rotom|Overheat|p2a: Tangrowth
|-supereffective|p2a: Tangrowth
|-damage|p2a: Tangrowth|0 fnt
|-unboost|p1a: Rotom|spa|2
|faint|p2a: Tangrowth
|
|upkeep
|
|t:|1631322524
|switch|p2a: Gardevoir|Gardevoir, M|20/100
|-damage|p2a: Gardevoir|8/100|[from] Stealth Rock
|-ability|p2a: Gardevoir|Levitate|[from] ability: Trace|[of] p1a: Rotom
|turn|20
|
|t:|1631322527
|move|p2a: Gardevoir|Psychic|p1a: Rotom
|-damage|p1a: Rotom|25/100
|move|p1a: Rotom|Volt Switch|p2a: Gardevoir
|-damage|p2a: Gardevoir|0 fnt
|faint|p2a: Gardevoir
|
|t:|1631322531
|switch|p1a: Kommo-o|Kommo-o, F|94/100 brn|[from]move: Volt Switch
|
|-heal|p1a: Kommo-o|100/100 brn|[from] item: Leftovers
|-damage|p1a: Kommo-o|94/100 brn|[from] brn
|upkeep
|
|t:|1631322534
|switch|p2a: Crawdaunt|Crawdaunt, M|100/100
|-damage|p2a: Crawdaunt|88/100|[from] Stealth Rock
|turn|21
|
|t:|1631322536
|move|p1a: Kommo-o|Body Press|p2a: Crawdaunt
|-supereffective|p2a: Crawdaunt
|-damage|p2a: Crawdaunt|24/100
|move|p2a: Crawdaunt|Crabhammer|p1a: Kommo-o
|-resisted|p1a: Kommo-o
|-damage|p1a: Kommo-o|71/100 brn
|
|-heal|p1a: Kommo-o|78/100 brn|[from] item: Leftovers
|-damage|p1a: Kommo-o|71/100 brn|[from] brn
|upkeep
|turn|22
|c|☆Sacred-Pie㋛|gg
|c|☆Zephyyyr|Gg
|-message|Sacred-Pie㋛ forfeited.
|
|win|Zephyyyr
|n|☆Zephyyyr|zephyyyr
|n|☆Sacred-Pie㋛|sacredpie
|n| Sneasel TTT?|sneaselttt
|n| Monky25|monky25
|n| pokemonisfun|pokemonisfun
|n| Chuo水ku|chuoku
|n|+Manipulative|manipulative
|l|☆Sacred-Pie㋛
|l|☆Zephyyyr
|j| maomamao
|l|+Manipulative
|l| maomamao
|l| Chuo水ku
