|j|☆yuukafu
|j|☆pif
|t:|1659545397
|gametype|singles
|player|p1|yuukafu|misty|1484
|player|p2|pif|#uutrio2ladder|1721
|teamsize|p1|6
|teamsize|p2|6
|gen|8
|tier|[Gen 8] UU
|rated|
|rule|Sleep Clause Mod: Limit one foe put to sleep
|rule|Species Clause: Limit one of each Pokémon
|rule|OHKO Clause: OHKO moves are banned
|rule|Evasion Moves Clause: Evasion moves are banned
|rule|Endless Battle Clause: Forcing endless battles is banned
|rule|HP Percentage Mod: HP is shown in percentages
|rule|Dynamax Clause: You cannot dynamax
|clearpoke
|poke|p1|Shedinja|
|poke|p1|Stunfisk, M|
|poke|p1|Politoed, M|
|poke|p1|Hatterene, F|
|poke|p1|Hitmontop, M|
|poke|p1|Skarmory, M|
|poke|p2|Nihilego|
|poke|p2|Celesteela|
|poke|p2|Excadrill, F|
|poke|p2|Necrozma|
|poke|p2|Scizor, F|
|poke|p2|Gyarados, M|
|teampreview
|
|t:|1659545412
|start
|switch|p1a: Politoed|Politoed, M|100/100
|switch|p2a: Metal Mole|Excadrill, F, shiny|100/100
|-ability|p2a: Metal Mole|Mold Breaker
|-weather|RainDance|[from] ability: Drizzle|[of] p1a: Politoed
|turn|1
|c|☆pif|glhf
|c|☆yuukafu|u2
|
|t:|1659545424
|move|p2a: Metal Mole|Stealth Rock|p1a: Politoed
|-sidestart|p1: yuukafu|move: Stealth Rock
|move|p1a: Politoed|Weather Ball|p2a: Metal Mole
|-supereffective|p2a: Metal Mole
|-enditem|p2a: Metal Mole|Focus Sash
|-damage|p2a: Metal Mole|1/100
|
|-weather|RainDance|[upkeep]
|upkeep
|turn|2
|
|t:|1659545440
|switch|p1a: Skarmory|Skarmory, M|100/100
|-damage|p1a: Skarmory|88/100|[from] Stealth Rock
|move|p2a: Metal Mole|Earthquake|p1a: Skarmory
|-immune|p1a: Skarmory
|
|-weather|RainDance|[upkeep]
|upkeep
|turn|3
|
|t:|1659545458
|switch|p2a: Jelly|Nihilego|100/100
|move|p1a: Skarmory|Roost|p1a: Skarmory
|-heal|p1a: Skarmory|100/100
|-singleturn|p1a: Skarmory|move: Roost
|
|-weather|RainDance|[upkeep]
|upkeep
|turn|4
|
|t:|1659545466
|move|p2a: Jelly|Meteor Beam||[still]
|-prepare|p2a: Jelly|Meteor Beam
|-boost|p2a: Jelly|spa|1
|-enditem|p2a: Jelly|Power Herb
|-anim|p2a: Jelly|Meteor Beam|p1a: Skarmory
|-ability|p1a: Skarmory|Sturdy
|-damage|p1a: Skarmory|1/100
|move|p1a: Skarmory|Defog|p2a: Jelly
|-unboost|p2a: Jelly|evasion|1
|-sideend|p1: yuukafu|Stealth Rock|[from] move: Defog|[of] p1a: Skarmory
|
|-weather|RainDance|[upkeep]
|upkeep
|turn|5
|
|t:|1659545477
|switch|p1a: Stunfisk|Stunfisk, M|100/100
|move|p2a: Jelly|Grass Knot|p1a: Stunfisk
|-supereffective|p1a: Stunfisk
|-damage|p1a: Stunfisk|77/100
|-status|p2a: Jelly|par|[from] ability: Static|[of] p1a: Stunfisk
|
|-weather|none
|-heal|p1a: Stunfisk|83/100|[from] item: Leftovers
|upkeep
|turn|6
|
|t:|1659545489
|switch|p2a: Metal Mole|Excadrill, F, shiny|1/100
|-ability|p2a: Metal Mole|Mold Breaker
|move|p1a: Stunfisk|Stealth Rock|p2a: Metal Mole
|-sidestart|p2: pif|move: Stealth Rock
|
|-heal|p1a: Stunfisk|90/100|[from] item: Leftovers
|upkeep
|turn|7
|
|t:|1659545500
|switch|p1a: Hatterene|Hatterene, F|100/100
|move|p2a: Metal Mole|Stealth Rock|p1a: Hatterene
|-sidestart|p1: yuukafu|move: Stealth Rock
|
|upkeep
|turn|8
|
|t:|1659545515
|move|p2a: Metal Mole|Rapid Spin|p1a: Hatterene
|-damage|p1a: Hatterene|87/100
|-boost|p2a: Metal Mole|spe|1
|-sideend|p2: pif|Stealth Rock|[from] move: Rapid Spin|[of] p2a: Metal Mole
|move|p1a: Hatterene|Giga Drain|p2a: Metal Mole
|-damage|p2a: Metal Mole|0 fnt
|-heal|p1a: Hatterene|87/100|[from] drain|[of] p2a: Metal Mole
|faint|p2a: Metal Mole
|
|-heal|p1a: Hatterene|93/100|[from] item: Leftovers
|upkeep
|
|t:|1659545568
|switch|p2a: Alaskan Bull Worm|Gyarados, M|100/100
|turn|9
|
|t:|1659545574
|move|p2a: Alaskan Bull Worm|Dragon Dance|p2a: Alaskan Bull Worm
|-boost|p2a: Alaskan Bull Worm|atk|1
|-boost|p2a: Alaskan Bull Worm|spe|1
|move|p1a: Hatterene|Psyshock|p2a: Alaskan Bull Worm
|-damage|p2a: Alaskan Bull Worm|59/100
|
|-heal|p1a: Hatterene|99/100|[from] item: Leftovers
|upkeep
|turn|10
|
|t:|1659545583
|move|p2a: Alaskan Bull Worm|Waterfall|p1a: Hatterene
|-damage|p1a: Hatterene|50/100
|move|p1a: Hatterene|Psyshock|p2a: Alaskan Bull Worm
|-damage|p2a: Alaskan Bull Worm|10/100
|
|-heal|p1a: Hatterene|56/100|[from] item: Leftovers
|upkeep
|turn|11
|
|t:|1659545596
|switch|p1a: Skarmory|Skarmory, M|1/100
|-damage|p1a: Skarmory|0 fnt|[from] Stealth Rock
|faint|p1a: Skarmory
|move|p2a: Alaskan Bull Worm|Waterfall|p1: Skarmory|[notarget]
|-fail|p2a: Alaskan Bull Worm
|
|upkeep
|
|t:|1659545602
|switch|p1a: Hitmontop|Hitmontop, M|100/100
|-damage|p1a: Hitmontop|94/100|[from] Stealth Rock
|turn|12
|
|t:|1659545605
|move|p2a: Alaskan Bull Worm|Waterfall|p1a: Hitmontop
|-damage|p1a: Hitmontop|15/100
|move|p1a: Hitmontop|Rapid Spin|p2a: Alaskan Bull Worm
|-damage|p2a: Alaskan Bull Worm|0 fnt
|-boost|p1a: Hitmontop|spe|1
|-sideend|p1: yuukafu|Stealth Rock|[from] move: Rapid Spin|[of] p1a: Hitmontop
|faint|p2a: Alaskan Bull Worm
|
|upkeep
|
|t:|1659545616
|switch|p2a: Crystal Gem|Necrozma|100/100
|turn|13
|
|t:|1659545623
|move|p1a: Hitmontop|Triple Axel|p2a: Crystal Gem
|-damage|p2a: Crystal Gem|93/100
|-damage|p2a: Crystal Gem|80/100
|-damage|p2a: Crystal Gem|59/100
|-hitcount|p2a: Crystal Gem|3
|move|p2a: Crystal Gem|Photon Geyser|p1a: Hitmontop
|-supereffective|p1a: Hitmontop
|-damage|p1a: Hitmontop|0 fnt
|faint|p1a: Hitmontop
|
|upkeep
|
|t:|1659545635
|switch|p1a: Politoed|Politoed, M|100/100
|-weather|RainDance|[from] ability: Drizzle|[of] p1a: Politoed
|turn|14
|
|t:|1659545641
|switch|p2a: Jelly|Nihilego|100/100 par
|move|p1a: Politoed|Weather Ball|p2a: Jelly
|-supereffective|p2a: Jelly
|-damage|p2a: Jelly|0 fnt
|faint|p2a: Jelly
|
|-weather|RainDance|[upkeep]
|upkeep
|
|t:|1659545644
|switch|p2a: Bloodlust|Scizor, F|100/100
|turn|15
|
|t:|1659545652
|move|p2a: Bloodlust|Quick Attack|p1a: Politoed
|-damage|p1a: Politoed|67/100
|-damage|p2a: Bloodlust|91/100|[from] item: Life Orb
|move|p1a: Politoed|Weather Ball|p2a: Bloodlust
|-damage|p2a: Bloodlust|0 fnt
|faint|p2a: Bloodlust
|
|-weather|RainDance|[upkeep]
|upkeep
|
|t:|1659545661
|switch|p2a: Bamboo Rocket|Celesteela, shiny|100/100
|turn|16
|
|t:|1659545666
|switch|p1a: Stunfisk|Stunfisk, M|90/100
|move|p2a: Bamboo Rocket|Autotomize|p2a: Bamboo Rocket
|-boost|p2a: Bamboo Rocket|spe|2
|-start|p2a: Bamboo Rocket|Autotomize
|
|-weather|RainDance|[upkeep]
|-heal|p1a: Stunfisk|96/100|[from] item: Leftovers
|upkeep
|turn|17
|
|t:|1659545674
|move|p2a: Bamboo Rocket|Meteor Beam||[still]
|-prepare|p2a: Bamboo Rocket|Meteor Beam
|-boost|p2a: Bamboo Rocket|spa|1
|-enditem|p2a: Bamboo Rocket|Power Herb
|-anim|p2a: Bamboo Rocket|Meteor Beam|p1a: Stunfisk
|-resisted|p1a: Stunfisk
|-damage|p1a: Stunfisk|77/100
|move|p1a: Stunfisk|Thunder|p2a: Bamboo Rocket
|-supereffective|p2a: Bamboo Rocket
|-damage|p2a: Bamboo Rocket|32/100
|-status|p2a: Bamboo Rocket|par
|
|-weather|RainDance|[upkeep]
|-heal|p1a: Stunfisk|83/100|[from] item: Leftovers
|upkeep
|turn|18
|
|t:|1659545677
|move|p2a: Bamboo Rocket|Air Slash|p1a: Stunfisk|[miss]
|-miss|p2a: Bamboo Rocket|p1a: Stunfisk
|move|p1a: Stunfisk|Thunder|p2a: Bamboo Rocket
|-supereffective|p2a: Bamboo Rocket
|-damage|p2a: Bamboo Rocket|0 fnt
|faint|p2a: Bamboo Rocket
|
|-weather|none
|-heal|p1a: Stunfisk|90/100|[from] item: Leftovers
|upkeep
|
|t:|1659545680
|switch|p2a: Crystal Gem|Necrozma|59/100
|turn|19
|
|t:|1659545688
|switch|p1a: Shedinja|Shedinja|100/100
|move|p2a: Crystal Gem|Dragon Dance|p2a: Crystal Gem
|-boost|p2a: Crystal Gem|atk|1
|-boost|p2a: Crystal Gem|spe|1
|
|upkeep
|turn|20
|
|t:|1659545692
|move|p2a: Crystal Gem|Photon Geyser|p1a: Shedinja
|-enditem|p1a: Shedinja|Focus Sash
|-damage|p1a: Shedinja|100/100
|move|p1a: Shedinja|Poltergeist|p2a: Crystal Gem
|-activate|p2a: Crystal Gem|move: Poltergeist|Weakness Policy
|-supereffective|p2a: Crystal Gem
|-crit|p2a: Crystal Gem
|-damage|p2a: Crystal Gem|0 fnt
|faint|p2a: Crystal Gem
|
|win|yuukafu
|raw|yuukafu's rating: 1484 &rarr; <strong>1516</strong><br />(+32 for winning)
|raw|pif's rating: 1721 &rarr; <strong>1689</strong><br />(-32 for losing)
|c|☆yuukafu|gg
|c|☆pif|gg
||Ladder isn't responding, score probably updated but might not have (Request timeout).
