|j|☆Moontalks
|j|☆Dr. Elite
|t:|1661886558
|gametype|singles
|player|p1|Moontalks|ethan-masters|
|player|p2|Dr. Elite|#drelite|
|teamsize|p1|6
|teamsize|p2|6
|gen|8
|tier|[Gen 8] UU
|rated|Tournament battle
|rule|Sleep Clause Mod: Limit one foe put to sleep
|rule|Species Clause: Limit one of each Pokémon
|rule|OHKO Clause: OHKO moves are banned
|rule|Evasion Items Clause: Evasion items are banned
|rule|Evasion Moves Clause: Evasion moves are banned
|rule|Endless Battle Clause: Forcing endless battles is banned
|rule|HP Percentage Mod: HP is shown in percentages
|rule|Dynamax Clause: You cannot dynamax
|clearpoke
|poke|p1|Zygarde-10%|
|poke|p1|Skarmory, M|
|poke|p1|Nihilego|
|poke|p1|Slowking, M|
|poke|p1|Zarude|
|poke|p1|Thundurus-Therian, M|
|poke|p2|Primarina, F|
|poke|p2|Rapidash-Galar, F|
|poke|p2|Togekiss, M|
|poke|p2|Hatterene, F|
|poke|p2|Klefki, F|
|poke|p2|Gardevoir, F|
|teampreview
|inactive|Battle timer is ON: inactive players will automatically lose when time's up. (requested by Moontalks)
|j| threeblindmice7
|inactive|Dr. Elite has 120 seconds left.
|j| Arch en Ciel 22
|
|t:|1661886594
|start
|switch|p1a: Slowking|Slowking, M|100/100
|switch|p2a: Kindness|Klefki, F|100/100
|turn|1
|j| ViviCetus
|
|t:|1661886607
|move|p2a: Kindness|Reflect|p2a: Kindness
|-sidestart|p2: Dr. Elite|Reflect
|move|p1a: Slowking|Scald|p2a: Kindness
|-damage|p2a: Kindness|66/100
|-status|p2a: Kindness|brn
|
|-damage|p2a: Kindness|60/100 brn|[from] brn
|upkeep
|turn|2
|
|t:|1661886622
|move|p2a: Kindness|Light Screen|p2a: Kindness
|-sidestart|p2: Dr. Elite|move: Light Screen
|move|p1a: Slowking|Teleport|p1a: Slowking
|j| RTSG tests
|
|t:|1661886637
|switch|p1a: Thundurus|Thundurus-Therian, M|100/100|[from]move: Teleport
|
|-damage|p2a: Kindness|54/100 brn|[from] brn
|upkeep
|turn|3
|l| RTSG tests
|
|t:|1661886646
|move|p2a: Kindness|Switcheroo|p1a: Thundurus
|-activate|p2a: Kindness|move: Trick|[of] p1a: Thundurus
|-item|p1a: Thundurus|Full Incense|[from] move: Switcheroo
|-item|p2a: Kindness|Heavy-Duty Boots|[from] move: Switcheroo
|move|p1a: Thundurus|Volt Switch|p2a: Kindness
|-damage|p2a: Kindness|31/100 brn
|
|t:|1661886653
|switch|p1a: Slowking|Slowking, M|100/100|[from]move: Volt Switch
|
|-damage|p2a: Kindness|25/100 brn|[from] brn
|upkeep
|turn|4
|
|t:|1661886666
|switch|p2a: Patience|Hatterene, F|100/100
|move|p1a: Slowking|Teleport|p1a: Slowking
|
|t:|1661886686
|switch|p1a: Nihilego|Nihilego|100/100|[from]move: Teleport
|
|upkeep
|turn|5
|inactive|Moontalks has 120 seconds left.
|
|t:|1661886735
|switch|p1a: Zarude|Zarude|100/100
|move|p2a: Patience|Calm Mind|p2a: Patience
|-boost|p2a: Patience|spa|1
|-boost|p2a: Patience|spd|1
|
|-sideend|p2: Dr. Elite|Reflect
|upkeep
|turn|6
|
|t:|1661886743
|move|p1a: Zarude|Power Whip|p2a: Patience
|-damage|p2a: Patience|50/100
|move|p2a: Patience|Trick Room|p2a: Patience
|-fieldstart|move: Trick Room|[of] p2a: Patience
|
|-sideend|p2: Dr. Elite|move: Light Screen
|upkeep
|turn|7
|
|t:|1661886749
|switch|p1a: Skarmory|Skarmory, M|100/100
|move|p2a: Patience|Draining Kiss|p1a: Skarmory
|-resisted|p1a: Skarmory
|-damage|p1a: Skarmory|77/100
|-heal|p2a: Patience|67/100|[from] drain|[of] p1a: Skarmory
|-damage|p2a: Patience|50/100|[from] item: Rocky Helmet|[of] p1a: Skarmory
|
|upkeep
|turn|8
|
|t:|1661886753
|switch|p1a: Slowking|Slowking, M|100/100
|move|p2a: Patience|Calm Mind|p2a: Patience
|-boost|p2a: Patience|spa|1
|-boost|p2a: Patience|spd|1
|
|upkeep
|turn|9
|j|#estarossa
|
|t:|1661886761
|move|p2a: Patience|Calm Mind|p2a: Patience
|-boost|p2a: Patience|spa|1
|-boost|p2a: Patience|spd|1
|move|p1a: Slowking|Scald|p2a: Patience
|-damage|p2a: Patience|38/100
|
|upkeep
|turn|10
|
|t:|1661886769
|switch|p1a: Skarmory|Skarmory, M|77/100
|move|p2a: Patience|Draining Kiss|p1a: Skarmory
|-resisted|p1a: Skarmory
|-damage|p1a: Skarmory|36/100
|-heal|p2a: Patience|68/100|[from] drain|[of] p1a: Skarmory
|-damage|p2a: Patience|52/100|[from] item: Rocky Helmet|[of] p1a: Skarmory
|
|-fieldend|move: Trick Room
|upkeep
|turn|11
|
|t:|1661886773
|move|p1a: Skarmory|Iron Defense|p1a: Skarmory
|-boost|p1a: Skarmory|def|2
|move|p2a: Patience|Trick Room|p2a: Patience
|-fieldstart|move: Trick Room|[of] p2a: Patience
|
|upkeep
|turn|12
|
|t:|1661886783
|switch|p1a: Slowking|Slowking, M|100/100
|move|p2a: Patience|Draining Kiss|p1a: Slowking
|-damage|p1a: Slowking|59/100
|-heal|p2a: Patience|90/100|[from] drain|[of] p1a: Slowking
|
|upkeep
|turn|13
|
|t:|1661886788
|move|p2a: Patience|Calm Mind|p2a: Patience
|-boost|p2a: Patience|spa|1
|-boost|p2a: Patience|spd|1
|move|p1a: Slowking|Slack Off|p1a: Slowking
|-heal|p1a: Slowking|100/100
|
|upkeep
|turn|14
|
|t:|1661886790
|move|p1a: Slowking|Scald|p2a: Patience
|-damage|p2a: Patience|80/100
|move|p2a: Patience|Trick Room|p2a: Patience
|-fieldend|move: Trick Room
|
|upkeep
|turn|15
|
|t:|1661886794
|move|p1a: Slowking|Scald|p2a: Patience
|-damage|p2a: Patience|70/100
|move|p2a: Patience|Trick Room|p2a: Patience
|-fieldstart|move: Trick Room|[of] p2a: Patience
|
|upkeep
|turn|16
|
|t:|1661886798
|move|p2a: Patience|Calm Mind|p2a: Patience
|-boost|p2a: Patience|spa|1
|-boost|p2a: Patience|spd|1
|move|p1a: Slowking|Scald|p2a: Patience
|-damage|p2a: Patience|62/100
|
|upkeep
|turn|17
|
|t:|1661886801
|move|p2a: Patience|Draining Kiss|p1a: Slowking
|-damage|p1a: Slowking|44/100
|-heal|p2a: Patience|100/100|[from] drain|[of] p1a: Slowking
|move|p1a: Slowking|Scald|p2a: Patience
|-damage|p2a: Patience|92/100
|-status|p2a: Patience|brn
|
|-damage|p2a: Patience|86/100 brn|[from] brn
|upkeep
|turn|18
|
|t:|1661886811
|switch|p1a: Skarmory|Skarmory, M|36/100
|move|p2a: Patience|Draining Kiss|p1a: Skarmory
|-resisted|p1a: Skarmory
|-damage|p1a: Skarmory|0 fnt
|-heal|p2a: Patience|100/100 brn|[from] drain|[of] p1a: Skarmory
|-damage|p2a: Patience|84/100 brn|[from] item: Rocky Helmet|[of] p1a: Skarmory
|faint|p1a: Skarmory
|
|-damage|p2a: Patience|78/100 brn|[from] brn
|upkeep
|
|t:|1661886813
|switch|p1a: Nihilego|Nihilego|100/100
|turn|19
|
|t:|1661886815
|move|p2a: Patience|Stored Power|p1a: Nihilego
|-supereffective|p1a: Nihilego
|-damage|p1a: Nihilego|0 fnt
|faint|p1a: Nihilego
|
|-damage|p2a: Patience|72/100 brn|[from] brn
|-fieldend|move: Trick Room
|upkeep
|
|t:|1661886830
|switch|p1a: Zygarde|Zygarde-10%|100/100
|-ability|p1a: Zygarde|Aura Break
|turn|20
|
|t:|1661886834
|move|p1a: Zygarde|Thousand Arrows|p2a: Patience
|-damage|p2a: Patience|27/100 brn
|move|p2a: Patience|Draining Kiss|p1a: Zygarde
|-supereffective|p1a: Zygarde
|-damage|p1a: Zygarde|0 fnt
|-heal|p2a: Patience|85/100 brn|[from] drain|[of] p1a: Zygarde
|faint|p1a: Zygarde
|
|-damage|p2a: Patience|79/100 brn|[from] brn
|upkeep
|-message|Moontalks forfeited.
|
|win|Dr. Elite
|n|☆Moontalks|moontalks
|n|☆Dr. Elite|drelite
|n| threeblindmice7|threeblindmice7
|n| Arch en Ciel 22|archenciel22
|n| ViviCetus|vivicetus
|n|%estarossa|estarossa
