|raw|<div class="broadcast-blue"><strong>This battle is required to be public due to a player having a name starting with 'UULT82n'.</div>
|j|☆uult82n danee
|j|☆Lucckyy
|t:|1622115811
|gametype|singles
|player|p1|uult82n danee|burnet|1205
|player|p2|Lucckyy|86|1390
|teamsize|p1|6
|teamsize|p2|6
|gen|8
|tier|[Gen 8] UU
|rated|
|rule|Sleep Clause Mod: Limit one foe put to sleep
|rule|Species Clause: Limit one of each Pokémon
|rule|OHKO Clause: OHKO moves are banned
|rule|Evasion Moves Clause: Evasion moves are banned
|rule|Endless Battle Clause: Forcing endless battles is banned
|rule|HP Percentage Mod: HP is shown in percentages
|rule|Dynamax Clause: You cannot dynamax
|clearpoke
|poke|p1|Roserade, F|
|poke|p1|Krookodile, M|
|poke|p1|Primarina, M|
|poke|p1|Salamence, M|
|poke|p1|Thundurus, M|
|poke|p1|Aegislash, F|
|poke|p2|Chansey, F|
|poke|p2|Jirachi|
|poke|p2|Torkoal, F|
|poke|p2|Darmanitan, M|
|poke|p2|Aegislash, M|
|poke|p2|Obstagoon, M|
|teampreview
|inactive|Battle timer is ON: inactive players will automatically lose when time's up. (requested by uult82n danee)
|
|t:|1622115835
|start
|switch|p1a: Krookodile|Krookodile, M|100/100
|switch|p2a: Obstagoon|Obstagoon, M|100/100
|-ability|p1a: Krookodile|Intimidate|boost
|-unboost|p2a: Obstagoon|atk|1
|-ability|p2a: Obstagoon|Defiant
|-boost|p2a: Obstagoon|atk|2
|turn|1
|
|t:|1622115842
|switch|p1a: Primarina|Primarina, M|100/100
|move|p2a: Obstagoon|Close Combat|p1a: Primarina
|-resisted|p1a: Primarina
|-damage|p1a: Primarina|67/100
|-unboost|p2a: Obstagoon|def|1
|-unboost|p2a: Obstagoon|spd|1
|
|-heal|p1a: Primarina|73/100|[from] item: Leftovers
|upkeep
|turn|2
|
|t:|1622115862
|switch|p2a: Aegislash|Aegislash, M|100/100
|move|p1a: Primarina|Moonblast|p2a: Aegislash
|-resisted|p2a: Aegislash
|-damage|p2a: Aegislash|84/100
|
|-heal|p1a: Primarina|79/100|[from] item: Leftovers
|upkeep
|turn|3
|
|t:|1622115872
|switch|p1a: Roserade|Roserade, F|100/100
|-formechange|p2a: Aegislash|Aegislash-Blade||[from] ability: Stance Change
|move|p2a: Aegislash|Iron Head|p1a: Roserade
|-damage|p1a: Roserade|0 fnt
|faint|p1a: Roserade
|
|upkeep
|
|t:|1622115876
|switch|p1a: Krookodile|Krookodile, M|100/100
|-ability|p1a: Krookodile|Intimidate|boost
|-unboost|p2a: Aegislash|atk|1
|turn|4
|
|t:|1622115891
|switch|p2a: Obstagoon|Obstagoon, M|100/100
|move|p1a: Krookodile|Earthquake|p2a: Obstagoon
|-damage|p2a: Obstagoon|54/100
|
|upkeep
|turn|5
|
|t:|1622115900
|switch|p1a: Primarina|Primarina, M|79/100
|move|p2a: Obstagoon|Parting Shot|p1a: Primarina
|-unboost|p1a: Primarina|atk|1
|-unboost|p1a: Primarina|spa|1
|
|t:|1622115905
|switch|p2a: Torkoal|Torkoal, F|100/100|[from]move: Parting Shot
|-weather|SunnyDay|[from] ability: Drought|[of] p2a: Torkoal
|
|-weather|SunnyDay|[upkeep]
|-heal|p1a: Primarina|85/100|[from] item: Leftovers
|upkeep
|turn|6
|
|t:|1622115915
|switch|p2a: Chansey|Chansey, F|100/100
|move|p1a: Primarina|Scald|p2a: Chansey
|-damage|p2a: Chansey|97/100
|-status|p2a: Chansey|brn
|
|-weather|SunnyDay|[upkeep]
|-heal|p1a: Primarina|91/100|[from] item: Leftovers
|-damage|p2a: Chansey|91/100 brn|[from] brn
|upkeep
|turn|7
|
|t:|1622115923
|switch|p1a: Krookodile|Krookodile, M|100/100
|-ability|p1a: Krookodile|Intimidate|boost
|-unboost|p2a: Chansey|atk|1
|move|p2a: Chansey|Teleport|p2a: Chansey
|
|t:|1622115930
|switch|p2a: Darmanitan|Darmanitan, M|100/100|[from]move: Teleport
|
|-weather|SunnyDay|[upkeep]
|upkeep
|turn|8
|
|t:|1622115936
|move|p1a: Krookodile|Earthquake|p2a: Darmanitan
|-supereffective|p2a: Darmanitan
|-damage|p2a: Darmanitan|0 fnt
|faint|p2a: Darmanitan
|
|-weather|SunnyDay|[upkeep]
|upkeep
|
|t:|1622115938
|switch|p2a: Obstagoon|Obstagoon, M|54/100
|turn|9
|
|t:|1622115943
|switch|p1a: Primarina|Primarina, M|91/100
|move|p2a: Obstagoon|Parting Shot|p1a: Primarina
|-unboost|p1a: Primarina|atk|1
|-unboost|p1a: Primarina|spa|1
|
|t:|1622115945
|switch|p2a: Aegislash|Aegislash, M|84/100|[from]move: Parting Shot
|
|-weather|SunnyDay|[upkeep]
|-heal|p1a: Primarina|97/100|[from] item: Leftovers
|upkeep
|turn|10
|
|t:|1622115956
|switch|p1a: Salamence|Salamence, M|100/100
|-ability|p1a: Salamence|Intimidate|boost
|-unboost|p2a: Aegislash|atk|1
|-formechange|p2a: Aegislash|Aegislash-Blade||[from] ability: Stance Change
|move|p2a: Aegislash|Solar Blade||[still]
|-prepare|p2a: Aegislash|Solar Blade
|-anim|p2a: Aegislash|Solar Blade|p1a: Salamence
|-resisted|p1a: Salamence
|-damage|p1a: Salamence|89/100
|
|-weather|SunnyDay|[upkeep]
|upkeep
|turn|11
|
|t:|1622115967
|switch|p2a: Chansey|Chansey, F|91/100
|move|p1a: Salamence|Earthquake|p2a: Chansey
|-damage|p2a: Chansey|69/100
|
|-weather|SunnyDay|[upkeep]
|upkeep
|turn|12
|inactive|Lucckyy has 120 seconds left.
|
|t:|1622116004
|switch|p1a: Aegislash|Aegislash, F|100/100
|move|p2a: Chansey|Teleport|p2a: Chansey
|
|t:|1622116010
|switch|p2a: Obstagoon|Obstagoon, M|54/100|[from]move: Teleport
|
|-weather|none
|upkeep
|turn|13
|
|t:|1622116015
|move|p1a: Aegislash|King's Shield|p1a: Aegislash
|-singleturn|p1a: Aegislash|Protect
|move|p2a: Obstagoon|Knock Off|p1a: Aegislash
|-activate|p1a: Aegislash|move: Protect
|-unboost|p2a: Obstagoon|atk|1
|-ability|p2a: Obstagoon|Defiant
|-boost|p2a: Obstagoon|atk|2
|
|upkeep
|turn|14
|
|t:|1622116024
|switch|p1a: Primarina|Primarina, M|97/100
|move|p2a: Obstagoon|Knock Off|p1a: Primarina
|-resisted|p1a: Primarina
|-damage|p1a: Primarina|62/100
|-enditem|p1a: Primarina|Leftovers|[from] move: Knock Off|[of] p2a: Obstagoon
|
|upkeep
|turn|15
|
|t:|1622116031
|switch|p2a: Chansey|Chansey, F|69/100
|move|p1a: Primarina|Scald|p2a: Chansey
|-damage|p2a: Chansey|60/100
|
|upkeep
|turn|16
|
|t:|1622116053
|switch|p1a: Aegislash|Aegislash, F|100/100
|move|p2a: Chansey|Teleport|p2a: Chansey
|
|t:|1622116057
|switch|p2a: Obstagoon|Obstagoon, M|54/100|[from]move: Teleport
|
|upkeep
|turn|17
|
|t:|1622116080
|switch|p1a: Primarina|Primarina, M|62/100
|move|p2a: Obstagoon|Knock Off|p1a: Primarina
|-resisted|p1a: Primarina
|-damage|p1a: Primarina|44/100
|
|upkeep
|turn|18
|
|t:|1622116085
|switch|p2a: Chansey|Chansey, F|60/100
|switch|p1a: Krookodile|Krookodile, M|100/100
|-ability|p1a: Krookodile|Intimidate|boost
|-unboost|p2a: Chansey|atk|1
|
|upkeep
|turn|19
|
|t:|1622116098
|move|p1a: Krookodile|Knock Off|p2a: Chansey
|-damage|p2a: Chansey|31/100
|-enditem|p2a: Chansey|Eviolite|[from] move: Knock Off|[of] p1a: Krookodile
|move|p2a: Chansey|Soft-Boiled|p2a: Chansey
|-heal|p2a: Chansey|81/100
|
|upkeep
|turn|20
|
|t:|1622116107
|switch|p1a: Aegislash|Aegislash, F|100/100
|move|p2a: Chansey|Teleport|p2a: Chansey
|
|t:|1622116109
|switch|p2a: Torkoal|Torkoal, F|100/100|[from]move: Teleport
|-weather|SunnyDay|[from] ability: Drought|[of] p2a: Torkoal
|
|-weather|SunnyDay|[upkeep]
|upkeep
|turn|21
|
|t:|1622116123
|switch|p1a: Krookodile|Krookodile, M|100/100
|-ability|p1a: Krookodile|Intimidate|boost
|-unboost|p2a: Torkoal|atk|1
|switch|p2a: Obstagoon|Obstagoon, M|54/100
|
|-weather|SunnyDay|[upkeep]
|upkeep
|turn|22
|
|t:|1622116130
|switch|p1a: Primarina|Primarina, M|44/100
|move|p2a: Obstagoon|Close Combat|p1a: Primarina
|-resisted|p1a: Primarina
|-damage|p1a: Primarina|22/100
|-unboost|p2a: Obstagoon|def|1
|-unboost|p2a: Obstagoon|spd|1
|
|-weather|SunnyDay|[upkeep]
|upkeep
|turn|23
|
|t:|1622116137
|switch|p2a: Chansey|Chansey, F|81/100
|move|p1a: Primarina|Rest|p1a: Primarina
|-status|p1a: Primarina|slp|[from] move: Rest
|-heal|p1a: Primarina|100/100 slp|[silent]
|
|-weather|SunnyDay|[upkeep]
|upkeep
|turn|24
|
|t:|1622116142
|switch|p1a: Aegislash|Aegislash, F|100/100
|move|p2a: Chansey|Teleport|p2a: Chansey
|
|t:|1622116150
|switch|p2a: Obstagoon|Obstagoon, M|54/100|[from]move: Teleport
|
|-weather|SunnyDay|[upkeep]
|upkeep
|turn|25
|
|t:|1622116156
|switch|p1a: Primarina|Primarina, M|100/100 slp
|move|p2a: Obstagoon|Parting Shot|p1a: Primarina
|-unboost|p1a: Primarina|atk|1
|-unboost|p1a: Primarina|spa|1
|
|t:|1622116158
|switch|p2a: Aegislash|Aegislash, M|84/100|[from]move: Parting Shot
|
|-weather|SunnyDay|[upkeep]
|upkeep
|turn|26
|
|t:|1622116164
|switch|p1a: Salamence|Salamence, M|89/100
|-ability|p1a: Salamence|Intimidate|boost
|-unboost|p2a: Aegislash|atk|1
|-formechange|p2a: Aegislash|Aegislash-Blade||[from] ability: Stance Change
|move|p2a: Aegislash|Iron Head|p1a: Salamence
|-damage|p1a: Salamence|35/100
|
|-weather|SunnyDay|[upkeep]
|upkeep
|turn|27
|
|t:|1622116181
|switch|p2a: Chansey|Chansey, F|81/100
|move|p1a: Salamence|Roost|p1a: Salamence
|-heal|p1a: Salamence|85/100
|-singleturn|p1a: Salamence|move: Roost
|
|-weather|none
|upkeep
|turn|28
|
|t:|1622116187
|move|p1a: Salamence|Dragon Dance|p1a: Salamence
|-boost|p1a: Salamence|atk|1
|-boost|p1a: Salamence|spe|1
|move|p2a: Chansey|Teleport|p2a: Chansey
|
|t:|1622116191
|switch|p2a: Aegislash|Aegislash, M|84/100|[from]move: Teleport
|
|upkeep
|turn|29
|
|t:|1622116212
|move|p1a: Salamence|Earthquake|p2a: Aegislash
|-supereffective|p2a: Aegislash
|-damage|p2a: Aegislash|9/100
|-formechange|p2a: Aegislash|Aegislash-Blade||[from] ability: Stance Change
|move|p2a: Aegislash|Iron Head|p1a: Salamence
|-damage|p1a: Salamence|10/100
|
|upkeep
|turn|30
|
|t:|1622116228
|switch|p2a: Jirachi|Jirachi|100/100
|move|p1a: Salamence|Earthquake|p2a: Jirachi
|-supereffective|p2a: Jirachi
|-damage|p2a: Jirachi|18/100
|
|-heal|p2a: Jirachi|25/100|[from] item: Leftovers
|upkeep
|turn|31
|
|t:|1622116235
|move|p1a: Salamence|Earthquake|p2a: Jirachi
|-supereffective|p2a: Jirachi
|-damage|p2a: Jirachi|0 fnt
|faint|p2a: Jirachi
|
|upkeep
|
|t:|1622116236
|switch|p2a: Aegislash|Aegislash, M|9/100
|turn|32
|
|t:|1622116241
|switch|p1a: Krookodile|Krookodile, M|100/100
|-ability|p1a: Krookodile|Intimidate|boost
|-unboost|p2a: Aegislash|atk|1
|-formechange|p2a: Aegislash|Aegislash-Blade||[from] ability: Stance Change
|move|p2a: Aegislash|Shadow Sneak|p1a: Krookodile
|-resisted|p1a: Krookodile
|-damage|p1a: Krookodile|86/100
|
|upkeep
|turn|33
|
|t:|1622116248
|switch|p2a: Chansey|Chansey, F|81/100
|move|p1a: Krookodile|Earthquake|p2a: Chansey
|-damage|p2a: Chansey|39/100
|
|upkeep
|turn|34
|
|t:|1622116253
|move|p1a: Krookodile|Earthquake|p2a: Chansey
|-damage|p2a: Chansey|0 fnt
|faint|p2a: Chansey
|
|upkeep
|
|t:|1622116255
|switch|p2a: Torkoal|Torkoal, F|100/100
|-weather|SunnyDay|[from] ability: Drought|[of] p2a: Torkoal
|turn|35
|
|t:|1622116261
|move|p1a: Krookodile|Earthquake|p2a: Torkoal
|-supereffective|p2a: Torkoal
|-damage|p2a: Torkoal|43/100
|move|p2a: Torkoal|Body Press|p1a: Krookodile
|-supereffective|p1a: Krookodile
|-damage|p1a: Krookodile|10/100
|
|-weather|SunnyDay|[upkeep]
|upkeep
|turn|36
|
|t:|1622116266
|move|p1a: Krookodile|Earthquake|p2a: Torkoal
|-supereffective|p2a: Torkoal
|-damage|p2a: Torkoal|0 fnt
|faint|p2a: Torkoal
|
|-weather|SunnyDay|[upkeep]
|upkeep
|
|t:|1622116267
|switch|p2a: Aegislash|Aegislash, M|9/100
|turn|37
|
|t:|1622116272
|switch|p1a: Salamence|Salamence, M|10/100
|-ability|p1a: Salamence|Intimidate|boost
|-unboost|p2a: Aegislash|atk|1
|-formechange|p2a: Aegislash|Aegislash-Blade||[from] ability: Stance Change
|move|p2a: Aegislash|Shadow Sneak|p1a: Salamence
|-damage|p1a: Salamence|0 fnt
|faint|p1a: Salamence
|
|-weather|SunnyDay|[upkeep]
|upkeep
|
|t:|1622116275
|switch|p1a: Krookodile|Krookodile, M|10/100
|-ability|p1a: Krookodile|Intimidate|boost
|-unboost|p2a: Aegislash|atk|1
|turn|38
|
|t:|1622116278
|move|p2a: Aegislash|Shadow Sneak|p1a: Krookodile
|-resisted|p1a: Krookodile
|-damage|p1a: Krookodile|0 fnt
|faint|p1a: Krookodile
|
|-weather|SunnyDay|[upkeep]
|upkeep
|
|t:|1622116283
|switch|p1a: Thundurus|Thundurus, M|100/100
|turn|39
|
|t:|1622116291
|move|p2a: Aegislash|Shadow Sneak|p1a: Thundurus
|-damage|p1a: Thundurus|70/100
|move|p1a: Thundurus|Knock Off|p2a: Aegislash
|-supereffective|p2a: Aegislash
|-damage|p2a: Aegislash|0 fnt
|-enditem|p2a: Aegislash|Choice Band|[from] move: Knock Off|[of] p1a: Thundurus
|faint|p2a: Aegislash
|
|-weather|SunnyDay|[upkeep]
|upkeep
|
|t:|1622116293
|switch|p2a: Obstagoon|Obstagoon, M|54/100
|turn|40
|-message|Lucckyy forfeited.
|
|win|uult82n danee
|raw|uult82n danee's rating: 1205 &rarr; <strong>1242</strong><br />(+37 for winning)
|raw|Lucckyy's rating: 1390 &rarr; <strong>1360</strong><br />(-30 for losing)
|l|☆Lucckyy
