|j|☆Reiko86
|j|☆Karolynia彡
|t:|1620262365
|gametype|singles
|player|p1|Reiko86|101|
|player|p2|Karolynia彡|n|
|teamsize|p1|6
|teamsize|p2|6
|gen|8
|tier|[Gen 8] UU
|rated|Tournament battle
|clearpoke
|poke|p1|Carbink|
|poke|p1|Vikavolt, F|
|poke|p1|Marowak-Alola, F|
|poke|p1|Rhyperior, M|
|poke|p1|Cresselia, F|
|poke|p1|Crawdaunt, F|
|poke|p2|Rotom-Wash|
|poke|p2|Scizor, M|
|poke|p2|Salamence, M|
|poke|p2|Amoonguss, M|
|poke|p2|Chandelure, M|
|poke|p2|Mamoswine, M|
|rule|Sleep Clause Mod: Limit one foe put to sleep
|rule|Species Clause: Limit one of each Pokémon
|rule|OHKO Clause: OHKO moves are banned
|rule|Evasion Moves Clause: Evasion moves are banned
|rule|Endless Battle Clause: Forcing endless battles is banned
|rule|HP Percentage Mod: HP is shown in percentages
|rule|Dynamax Clause: You cannot dynamax
|teampreview
|j|*Lady Monita
|c|☆Karolynia彡|glhf
|
|t:|1620262377
|start
|switch|p1a: Carbink|Carbink|100/100
|switch|p2a: Rostom-Wash|Rotom-Wash, shiny|100/100
|turn|1
|
|t:|1620262395
|move|p2a: Rostom-Wash|Hydro Pump|p1a: Carbink
|-supereffective|p1a: Carbink
|-damage|p1a: Carbink|39/100
|move|p1a: Carbink|Trick Room|p1a: Carbink
|-fieldstart|move: Trick Room|[of] p1a: Carbink
|
|upkeep
|turn|2
|
|t:|1620262401
|move|p1a: Carbink|Stealth Rock|p2a: Rostom-Wash
|-sidestart|p2: Karolynia彡|move: Stealth Rock
|move|p2a: Rostom-Wash|Defog|p1a: Carbink
|-unboost|p1a: Carbink|evasion|1
|-sideend|p2: Karolynia彡|Stealth Rock|[from] move: Defog|[of] p2a: Rostom-Wash
|
|upkeep
|turn|3
|c|☆Reiko86|hmmm thats sus
|
|t:|1620262415
|switch|p2a: Shandy|Chandelure, M, shiny|100/100
|move|p1a: Carbink|Explosion|p2a: Shandy
|-immune|p2a: Shandy
|faint|p1a: Carbink
|
|upkeep
|c|☆Reiko86|thats also sus, 100% been watchin my battles
|
|t:|1620262441
|switch|p1a: Marowak|Marowak-Alola, F|100/100
|turn|4
|inactive|Battle timer is ON: inactive players will automatically lose when time's up. (requested by Reiko86)
|c|☆Reiko86|come on mods int that cheating?
|
|t:|1620262474
|switch|p2a: Amorgos|Amoonguss, M|100/100
|move|p1a: Marowak|Shadow Bone|p2a: Amorgos
|-damage|p2a: Amorgos|53/100
|-unboost|p2a: Amorgos|def|1
|
|upkeep
|turn|5
|j| Edfggvc
|l| Edfggvc
|
|t:|1620262483
|switch|p2a: Rostom-Wash|Rotom-Wash, shiny|100/100
|move|p1a: Marowak|Shadow Bone|p2a: Rostom-Wash
|-damage|p2a: Rostom-Wash|23/100
|
|-heal|p2a: Rostom-Wash|29/100|[from] item: Leftovers
|-fieldend|move: Trick Room
|upkeep
|turn|6
|
|t:|1620262492
|move|p2a: Rostom-Wash|Pain Split|p1a: Marowak
|-sethp|p1a: Marowak|64/100|[from] move: Pain Split|[silent]
|-sethp|p2a: Rostom-Wash|68/100|[from] move: Pain Split
|move|p1a: Marowak|Shadow Bone|p2a: Rostom-Wash
|-damage|p2a: Rostom-Wash|0 fnt
|faint|p2a: Rostom-Wash
|
|upkeep
|
|t:|1620262496
|switch|p2a: Truffle|Mamoswine, M|100/100
|turn|7
|
|t:|1620262505
|switch|p1a: Cresselia|Cresselia, F|100/100
|move|p2a: Truffle|Knock Off|p1a: Cresselia
|-supereffective|p1a: Cresselia
|-damage|p1a: Cresselia|53/100
|-enditem|p1a: Cresselia|Mental Herb|[from] move: Knock Off|[of] p2a: Truffle
|
|upkeep
|turn|8
|
|t:|1620262512
|move|p2a: Truffle|Stealth Rock|p1a: Cresselia
|-sidestart|p1: Reiko86|move: Stealth Rock
|move|p1a: Cresselia|Trick Room|p1a: Cresselia
|-fieldstart|move: Trick Room|[of] p1a: Cresselia
|
|upkeep
|turn|9
|
|t:|1620262530
|switch|p1a: Vikavolt|Vikavolt, F|100/100
|-damage|p1a: Vikavolt|76/100|[from] Stealth Rock
|switch|p2a: Amorgos|Amoonguss, M|87/100
|
|upkeep
|turn|10
|
|t:|1620262538
|move|p1a: Vikavolt|Bug Buzz|p2a: Amorgos
|-damage|p2a: Amorgos|24/100
|-damage|p1a: Vikavolt|66/100|[from] item: Life Orb
|move|p2a: Amorgos|Spore|p1a: Vikavolt
|-status|p1a: Vikavolt|slp|[from] move: Spore
|
|upkeep
|turn|11
|
|t:|1620262549
|switch|p1a: Marowak|Marowak-Alola, F|64/100
|-damage|p1a: Marowak|39/100|[from] Stealth Rock
|switch|p2a: Alamance|Salamence, M|100/100
|
|upkeep
|turn|12
|
|t:|1620262556
|move|p1a: Marowak|Shadow Bone|p2a: Alamance
|-damage|p2a: Alamance|17/100
|move|p2a: Alamance|Dragon Dance|p2a: Alamance
|-boost|p2a: Alamance|atk|1
|-boost|p2a: Alamance|spe|1
|
|-fieldend|move: Trick Room
|upkeep
|turn|13
|
|t:|1620262563
|move|p2a: Alamance|Earthquake|p1a: Marowak
|-supereffective|p1a: Marowak
|-damage|p1a: Marowak|0 fnt
|faint|p1a: Marowak
|-ability|p2a: Alamance|Moxie|boost
|-boost|p2a: Alamance|atk|1
|
|upkeep
|
|t:|1620262569
|switch|p1a: Crawdaunt|Crawdaunt, F|100/100
|-damage|p1a: Crawdaunt|88/100|[from] Stealth Rock
|turn|14
|
|t:|1620262574
|move|p1a: Crawdaunt|Aqua Jet|p2a: Alamance
|-resisted|p2a: Alamance
|-damage|p2a: Alamance|0 fnt
|faint|p2a: Alamance
|-damage|p1a: Crawdaunt|78/100|[from] item: Life Orb
|
|upkeep
|
|t:|1620262577
|switch|p2a: Vasectomy|Scizor, M|100/100
|turn|15
|
|t:|1620262587
|switch|p1a: Vikavolt|Vikavolt, F|66/100 slp
|-damage|p1a: Vikavolt|41/100 slp|[from] Stealth Rock
|move|p2a: Vasectomy|U-turn|p1a: Vikavolt
|-damage|p1a: Vikavolt|0 fnt
|faint|p1a: Vikavolt
|
|t:|1620262594
|switch|p2a: Shandy|Chandelure, M, shiny|100/100|[from]move: U-turn
|
|upkeep
|
|t:|1620262599
|switch|p1a: Crawdaunt|Crawdaunt, F|78/100
|-damage|p1a: Crawdaunt|66/100|[from] Stealth Rock
|turn|16
|
|t:|1620262605
|switch|p2a: Amorgos|Amoonguss, M|57/100
|move|p1a: Crawdaunt|Crabhammer|p2a: Amorgos
|-resisted|p2a: Amorgos
|-crit|p2a: Amorgos
|-damage|p2a: Amorgos|1/100
|-damage|p1a: Crawdaunt|49/100|[from] item: Rocky Helmet|[of] p2a: Amorgos
|-damage|p1a: Crawdaunt|39/100|[from] item: Life Orb
|
|upkeep
|turn|17
|
|t:|1620262613
|move|p1a: Crawdaunt|Aqua Jet|p2a: Amorgos
|-resisted|p2a: Amorgos
|-damage|p2a: Amorgos|0 fnt
|-damage|p1a: Crawdaunt|22/100|[from] item: Rocky Helmet|[of] p2a: Amorgos
|faint|p2a: Amorgos
|-damage|p1a: Crawdaunt|12/100|[from] item: Life Orb
|
|upkeep
|
|t:|1620262617
|switch|p2a: Vasectomy|Scizor, M|100/100
|turn|18
|
|t:|1620262628
|move|p2a: Vasectomy|Bullet Punch|p1a: Crawdaunt
|-resisted|p1a: Crawdaunt
|-damage|p1a: Crawdaunt|0 fnt
|faint|p1a: Crawdaunt
|
|upkeep
|c|☆Karolynia彡|gg
|
|t:|1620262633
|switch|p1a: Cresselia|Cresselia, F|53/100
|-damage|p1a: Cresselia|41/100|[from] Stealth Rock
|turn|19
|c|☆Reiko86|yea cheater u should b disqualify for watching battles
|
|t:|1620262655
|move|p2a: Vasectomy|U-turn|p1a: Cresselia
|-supereffective|p1a: Cresselia
|-damage|p1a: Cresselia|0 fnt
|faint|p1a: Cresselia
|c|☆Karolynia彡|aight
|
|t:|1620262658
|switch|p2a: Shandy|Chandelure, M, shiny|100/100|[from]move: U-turn
|
|upkeep
|inactive|Reiko86 has 120 seconds left.
|
|t:|1620262685
|switch|p1a: Rhyperior|Rhyperior, M|100/100
|-damage|p1a: Rhyperior|94/100|[from] Stealth Rock
|turn|20
|inactive|Reiko86 has 120 seconds left.
|
|t:|1620262703
|move|p2a: Shandy|Energy Ball|p1a: Rhyperior
|-supereffective|p1a: Rhyperior
|-damage|p1a: Rhyperior|0 fnt
|faint|p1a: Rhyperior
|
|win|Karolynia彡
|n|☆Reiko86|reiko86
|n|☆Karolynia彡|karolynia
|n|*Lady Monita|ladymonita
|l|*Lady Monita
|l|☆Karolynia彡
|c|☆Reiko86|gg cheater
|j| sirmrwhale
|j| Jadino bambino
|c| Jadino bambino|hmmm
|l|☆Reiko86
|l| sirmrwhale
|j| sirmrwhale
|j|+thinkerinO
|l| sirmrwhale
|l| Jadino bambino
|j|☆Karolynia彡
|player|p2|Karolynia彡|n
