|html|<div class="broadcast-blue"><strong>[Gen 8] UU is currently suspecting Aegislash! For information on how to participate check out the <a href="https://www.smogon.com/forums/threads/np-ss-uu-stage-11-1-kingslayer.3698890/">suspect thread</a>.</strong></div>
|j|☆Smuggzz
|j|☆luc ario power
|t:|1647212709
|gametype|singles
|player|p1|Smuggzz|101|1370
|player|p2|luc ario power|birdkeeper-gen4dp|1490
|teamsize|p1|6
|teamsize|p2|6
|gen|8
|tier|[Gen 8] UU
|rated|
|rule|Sleep Clause Mod: Limit one foe put to sleep
|rule|Species Clause: Limit one of each Pokémon
|rule|OHKO Clause: OHKO moves are banned
|rule|Evasion Moves Clause: Evasion moves are banned
|rule|Endless Battle Clause: Forcing endless battles is banned
|rule|HP Percentage Mod: HP is shown in percentages
|rule|Dynamax Clause: You cannot dynamax
|clearpoke
|poke|p1|Aegislash, M|
|poke|p1|Mandibuzz, F|
|poke|p1|Mamoswine, M|
|poke|p1|Rotom-Wash|
|poke|p1|Keldeo-Resolute|
|poke|p1|Conkeldurr, F|
|poke|p2|Aegislash, F|
|poke|p2|Volcanion|
|poke|p2|Azumarill, M|
|poke|p2|Mandibuzz, F|
|poke|p2|Conkeldurr, F|
|poke|p2|Mamoswine, F|
|teampreview
|inactive|Battle timer is ON: inactive players will automatically lose when time's up. (requested by Smuggzz)
|
|t:|1647212729
|start
|switch|p1a: Aegislash|Aegislash, M, shiny|100/100
|switch|p2a: gramps|Conkeldurr, F|100/100
|turn|1
|
|t:|1647212734
|-formechange|p1a: Aegislash|Aegislash-Blade||[from] ability: Stance Change
|move|p1a: Aegislash|Shadow Ball|p2a: gramps
|-damage|p2a: gramps|26/100
|move|p2a: gramps|Knock Off|p1a: Aegislash
|-supereffective|p1a: Aegislash
|-damage|p1a: Aegislash|0 fnt
|-enditem|p1a: Aegislash|Choice Specs|[from] move: Knock Off|[of] p2a: gramps
|faint|p1a: Aegislash
|
|-status|p2a: gramps|brn|[from] item: Flame Orb
|upkeep
|
|t:|1647212748
|switch|p1a: Keldeo|Keldeo-Resolute|100/100
|turn|2
|
|t:|1647212755
|switch|p2a: best boi|Azumarill, M|100/100
|move|p1a: Keldeo|Secret Sword|p2a: best boi
|-resisted|p2a: best boi
|-damage|p2a: best boi|68/100
|
|upkeep
|turn|3
|
|t:|1647212763
|switch|p1a: Rotom|Rotom-Wash|100/100
|move|p2a: best boi|Play Rough|p1a: Rotom
|-damage|p1a: Rotom|40/100
|
|-heal|p1a: Rotom|46/100|[from] item: Leftovers
|upkeep
|turn|4
|
|t:|1647212790
|switch|p2a: birb|Mandibuzz, F|100/100
|move|p1a: Rotom|Will-O-Wisp|p2a: birb
|-status|p2a: birb|brn
|
|-heal|p1a: Rotom|52/100|[from] item: Leftovers
|-damage|p2a: birb|94/100 brn|[from] brn
|upkeep
|turn|5
|
|t:|1647212796
|move|p1a: Rotom|Pain Split|p2a: birb
|-sethp|p2a: birb|66/100 brn|[from] move: Pain Split|[silent]
|-sethp|p1a: Rotom|92/100|[from] move: Pain Split
|move|p2a: birb|U-turn|p1a: Rotom
|-damage|p1a: Rotom|86/100
|inactive|luc ario power has 120 seconds left.
|
|t:|1647212814
|switch|p2a: eye of rhajat|Aegislash, F|100/100|[from]move: U-turn
|
|-heal|p1a: Rotom|92/100|[from] item: Leftovers
|upkeep
|turn|6
|
|t:|1647212843
|move|p1a: Rotom|Will-O-Wisp|p2a: eye of rhajat
|-status|p2a: eye of rhajat|brn
|-formechange|p2a: eye of rhajat|Aegislash-Blade||[from] ability: Stance Change
|move|p2a: eye of rhajat|Shadow Ball|p1a: Rotom
|-damage|p1a: Rotom|40/100
|
|-heal|p1a: Rotom|46/100|[from] item: Leftovers
|-damage|p2a: eye of rhajat|94/100 brn|[from] brn
|upkeep
|turn|7
|
|t:|1647212855
|move|p1a: Rotom|Pain Split|p2a: eye of rhajat
|-sethp|p2a: eye of rhajat|70/100 brn|[from] move: Pain Split|[silent]
|-sethp|p1a: Rotom|70/100|[from] move: Pain Split
|move|p2a: eye of rhajat|Shadow Ball|p1a: Rotom
|-damage|p1a: Rotom|17/100
|-unboost|p1a: Rotom|spd|1
|
|-heal|p1a: Rotom|24/100|[from] item: Leftovers
|-damage|p2a: eye of rhajat|64/100 brn|[from] brn
|upkeep
|turn|8
|inactive|luc ario power has 120 seconds left.
|
|t:|1647212886
|switch|p1a: Mandibuzz|Mandibuzz, F|100/100
|-formechange|p2a: eye of rhajat|Aegislash||[from] ability: Stance Change
|move|p2a: eye of rhajat|King's Shield||[still]
|-fail|p2a: eye of rhajat
|
|-damage|p2a: eye of rhajat|58/100 brn|[from] brn
|upkeep
|turn|9
|
|t:|1647212905
|switch|p2a: birb|Mandibuzz, F|66/100 brn
|move|p1a: Mandibuzz|Foul Play|p2a: birb
|-resisted|p2a: birb
|-damage|p2a: birb|59/100 brn
|
|-heal|p2a: birb|65/100 brn|[from] item: Leftovers
|-damage|p2a: birb|59/100 brn|[from] brn
|upkeep
|turn|10
|
|t:|1647212914
|switch|p1a: Conkeldurr|Conkeldurr, F|100/100
|move|p2a: birb|Roost|p2a: birb
|-heal|p2a: birb|100/100 brn
|-singleturn|p2a: birb|move: Roost
|
|-damage|p2a: birb|94/100 brn|[from] brn
|-status|p1a: Conkeldurr|brn|[from] item: Flame Orb
|upkeep
|turn|11
|
|t:|1647212923
|move|p2a: birb|Brave Bird|p1a: Conkeldurr
|-supereffective|p1a: Conkeldurr
|-damage|p1a: Conkeldurr|69/100 brn
|-damage|p2a: birb|86/100 brn|[from] Recoil
|move|p1a: Conkeldurr|Knock Off|p2a: birb
|-resisted|p2a: birb
|-damage|p2a: birb|67/100 brn
|-enditem|p2a: birb|Leftovers|[from] move: Knock Off|[of] p1a: Conkeldurr
|
|-damage|p2a: birb|61/100 brn|[from] brn
|-damage|p1a: Conkeldurr|63/100 brn|[from] brn
|upkeep
|turn|12
|inactive|luc ario power has 120 seconds left.
|
|t:|1647212946
|switch|p1a: Mandibuzz|Mandibuzz, F|100/100
|move|p2a: birb|U-turn|p1a: Mandibuzz
|-damage|p1a: Mandibuzz|96/100
|
|t:|1647212956
|switch|p2a: reee|Mamoswine, F|100/100|[from]move: U-turn
|
|upkeep
|turn|13
|inactive|Smuggzz has 120 seconds left.
|
|t:|1647213009
|switch|p1a: Keldeo|Keldeo-Resolute|100/100
|move|p2a: reee|Stealth Rock|p1a: Keldeo
|-sidestart|p1: Smuggzz|move: Stealth Rock
|
|upkeep
|turn|14
|inactive|luc ario power has 120 seconds left.
|
|t:|1647213017
|move|p1a: Keldeo|Secret Sword|p2a: reee
|-supereffective|p2a: reee
|-enditem|p2a: reee|Focus Sash
|-damage|p2a: reee|1/100
|move|p2a: reee|Earthquake|p1a: Keldeo
|-damage|p1a: Keldeo|42/100
|
|upkeep
|turn|15
|inactive|luc ario power has 120 seconds left.
|
|t:|1647213043
|switch|p2a: eye of rhajat|Aegislash, F|58/100 brn
|move|p1a: Keldeo|Secret Sword|p2a: eye of rhajat
|-immune|p2a: eye of rhajat
|
|-damage|p2a: eye of rhajat|52/100 brn|[from] brn
|upkeep
|turn|16
|
|t:|1647213048
|switch|p1a: Mandibuzz|Mandibuzz, F|96/100
|-formechange|p2a: eye of rhajat|Aegislash-Blade||[from] ability: Stance Change
|move|p2a: eye of rhajat|Shadow Ball|p1a: Mandibuzz
|-resisted|p1a: Mandibuzz
|-damage|p1a: Mandibuzz|80/100
|
|-damage|p2a: eye of rhajat|46/100 brn|[from] brn
|upkeep
|turn|17
|inactive|luc ario power has 120 seconds left.
|
|t:|1647213053
|switch|p2a: birb|Mandibuzz, F|61/100 brn
|move|p1a: Mandibuzz|Defog|p2a: birb
|-unboost|p2a: birb|evasion|1
|-sideend|p1: Smuggzz|Stealth Rock|[from] move: Defog|[of] p1a: Mandibuzz
|
|-damage|p2a: birb|55/100 brn|[from] brn
|upkeep
|turn|18
|
|t:|1647213060
|move|p1a: Mandibuzz|Foul Play|p2a: birb
|-resisted|p2a: birb
|-damage|p2a: birb|48/100 brn
|move|p2a: birb|Roost|p2a: birb
|-heal|p2a: birb|98/100 brn
|-singleturn|p2a: birb|move: Roost
|
|-damage|p2a: birb|92/100 brn|[from] brn
|upkeep
|turn|19
|
|t:|1647213073
|move|p1a: Mandibuzz|U-turn|p2a: birb
|-damage|p2a: birb|85/100 brn
|
|t:|1647213076
|switch|p1a: Mamoswine|Mamoswine, M|100/100|[from]move: U-turn
|move|p2a: birb|U-turn|p1a: Mamoswine
|-damage|p1a: Mamoswine|94/100
|inactive|luc ario power has 120 seconds left.
|
|t:|1647213101
|switch|p2a: best boi|Azumarill, M|68/100|[from]move: U-turn
|
|upkeep
|turn|20
|inactive|luc ario power has 120 seconds left.
|inactive|Smuggzz has 120 seconds left.
|
|t:|1647213138
|switch|p1a: Rotom|Rotom-Wash|24/100
|move|p2a: best boi|Liquidation|p1a: Rotom
|-resisted|p1a: Rotom
|-damage|p1a: Rotom|0 fnt
|faint|p1a: Rotom
|
|upkeep
|
|t:|1647213153
|switch|p1a: Conkeldurr|Conkeldurr, F|63/100 brn
|turn|21
|
|t:|1647213176
|move|p1a: Conkeldurr|Facade|p2a: best boi
|-damage|p2a: best boi|0 fnt
|faint|p2a: best boi
|
|-damage|p1a: Conkeldurr|57/100 brn|[from] brn
|upkeep
|inactive|luc ario power has 90 seconds left.
|
|t:|1647213217
|switch|p2a: eye of rhajat|Aegislash, F|46/100 brn
|turn|22
|inactive|Smuggzz has 120 seconds left.
|
|t:|1647213228
|switch|p1a: Mandibuzz|Mandibuzz, F|80/100
|-formechange|p2a: eye of rhajat|Aegislash-Blade||[from] ability: Stance Change
|move|p2a: eye of rhajat|Shadow Ball|p1a: Mandibuzz
|-resisted|p1a: Mandibuzz
|-damage|p1a: Mandibuzz|63/100
|
|-damage|p2a: eye of rhajat|40/100 brn|[from] brn
|upkeep
|turn|23
|
|t:|1647213239
|-formechange|p2a: eye of rhajat|Aegislash||[from] ability: Stance Change
|move|p2a: eye of rhajat|King's Shield|p2a: eye of rhajat
|-singleturn|p2a: eye of rhajat|Protect
|move|p1a: Mandibuzz|U-turn|p2a: eye of rhajat
|-activate|p2a: eye of rhajat|move: Protect
|-unboost|p1a: Mandibuzz|atk|1
|
|-damage|p2a: eye of rhajat|34/100 brn|[from] brn
|upkeep
|turn|24
|inactive|luc ario power has 60 seconds left.
|j| RBRTILU
|
|t:|1647213259
|switch|p2a: birb|Mandibuzz, F|85/100 brn
|move|p1a: Mandibuzz|Roost|p1a: Mandibuzz
|-heal|p1a: Mandibuzz|100/100
|-singleturn|p1a: Mandibuzz|move: Roost
|
|-damage|p2a: birb|79/100 brn|[from] brn
|upkeep
|turn|25
|
|t:|1647213276
|move|p1a: Mandibuzz|Foul Play|p2a: birb
|-resisted|p2a: birb
|-damage|p2a: birb|72/100 brn
|move|p2a: birb|Foul Play|p1a: Mandibuzz
|-resisted|p1a: Mandibuzz
|-damage|p1a: Mandibuzz|97/100
|
|-damage|p2a: birb|66/100 brn|[from] brn
|upkeep
|turn|26
|
|t:|1647213281
|move|p1a: Mandibuzz|U-turn|p2a: birb
|-damage|p2a: birb|61/100 brn
|
|t:|1647213284
|switch|p1a: Mamoswine|Mamoswine, M|94/100|[from]move: U-turn
|move|p2a: birb|Roost|p2a: birb
|-heal|p2a: birb|100/100 brn
|-singleturn|p2a: birb|move: Roost
|
|-damage|p2a: birb|94/100 brn|[from] brn
|upkeep
|turn|27
|
|t:|1647213305
|move|p1a: Mamoswine|Icicle Crash|p2a: birb
|-supereffective|p2a: birb
|-damage|p2a: birb|19/100 brn
|-damage|p1a: Mamoswine|84/100|[from] item: Life Orb
|move|p2a: birb|Foul Play|p1a: Mamoswine
|-damage|p1a: Mamoswine|55/100
|
|-damage|p2a: birb|13/100 brn|[from] brn
|upkeep
|turn|28
|inactive|luc ario power has 60 seconds left.
|
|t:|1647213328
|move|p1a: Mamoswine|Icicle Crash|p2a: birb
|-supereffective|p2a: birb
|-damage|p2a: birb|0 fnt
|faint|p2a: birb
|-damage|p1a: Mamoswine|45/100|[from] item: Life Orb
|
|upkeep
|inactive|luc ario power has 60 seconds left.
|inactive|luc ario power has 30 seconds left.
|
|t:|1647213364
|switch|p2a: reee|Mamoswine, F|1/100
|turn|29
|
|t:|1647213366
|move|p2a: reee|Ice Shard|p1a: Mamoswine
|-damage|p1a: Mamoswine|34/100
|move|p1a: Mamoswine|Ice Shard|p2a: reee
|-crit|p2a: reee
|-damage|p2a: reee|0 fnt
|faint|p2a: reee
|-damage|p1a: Mamoswine|24/100|[from] item: Life Orb
|
|upkeep
|inactive|luc ario power has 30 seconds left.
|
|t:|1647213382
|switch|p2a: eye of rhajat|Aegislash, F|34/100 brn
|turn|30
|inactive|luc ario power has 30 seconds left.
|
|t:|1647213398
|move|p2a: eye of rhajat|King's Shield|p2a: eye of rhajat
|-singleturn|p2a: eye of rhajat|Protect
|move|p1a: Mamoswine|Earthquake|p2a: eye of rhajat
|-activate|p2a: eye of rhajat|move: Protect
|
|-damage|p2a: eye of rhajat|29/100 brn|[from] brn
|upkeep
|turn|31
|inactive|luc ario power has 30 seconds left.
|inactive|luc ario power has 20 seconds left.
|inactive|luc ario power has 15 seconds left.
|
|t:|1647213422
|move|p1a: Mamoswine|Earthquake|p2a: eye of rhajat
|-supereffective|p2a: eye of rhajat
|-damage|p2a: eye of rhajat|0 fnt
|faint|p2a: eye of rhajat
|-damage|p1a: Mamoswine|14/100|[from] item: Life Orb
|
|upkeep
|inactive|luc ario power has 20 seconds left this turn.
|inactive|luc ario power has 15 seconds left.
|
|t:|1647213430
|switch|p2a: dabeers|Volcanion|100/100
|turn|32
|inactive|luc ario power has 25 seconds left this turn.
|
|t:|1647213431
|move|p1a: Mamoswine|Earthquake|p2a: dabeers
|-supereffective|p2a: dabeers
|-damage|p2a: dabeers|0 fnt
|faint|p2a: dabeers
|-damage|p1a: Mamoswine|4/100|[from] item: Life Orb
|
|upkeep
|inactive|luc ario power has 30 seconds left this turn.
|
|t:|1647213433
|switch|p2a: gramps|Conkeldurr, F|26/100 brn
|turn|33
|
|t:|1647213435
|move|p1a: Mamoswine|Ice Shard|p2a: gramps
|-damage|p2a: gramps|0 fnt
|faint|p2a: gramps
|-damage|p1a: Mamoswine|0 fnt|[from] item: Life Orb
|faint|p1a: Mamoswine
|
|win|Smuggzz
|raw|Smuggzz's rating: 1370 &rarr; <strong>1397</strong><br />(+27 for winning)
|raw|luc ario power's rating: 1490 &rarr; <strong>1463</strong><br />(-27 for losing)
|c|☆Smuggzz|gg
|c|☆luc ario power|gg
|l|☆luc ario power
