|j|☆Xoyjaz
|j|☆OG$wett ䷩
|player|p1|Xoyjaz|lucas|
|player|p2|OG$wett ䷩|hala|
|teamsize|p1|6
|teamsize|p2|6
|gametype|singles
|gen|8
|tier|[Gen 8] UU
|rated|Tournament battle
|clearpoke
|poke|p1|Polteageist|
|poke|p1|Crawdaunt, M|
|poke|p1|Mamoswine, M|
|poke|p1|Gengar, M|
|poke|p1|Barraskewda, F|
|poke|p1|Chandelure, F|
|poke|p2|Xatu, M|
|poke|p2|Crawdaunt, M|
|poke|p2|Golisopod, M|
|poke|p2|Rhyperior, F|
|poke|p2|Weezing-Galar, M|
|poke|p2|Bewear, M|
|rule|Sleep Clause Mod: Limit one foe put to sleep
|rule|Species Clause: Limit one of each Pokémon
|rule|OHKO Clause: OHKO moves are banned
|rule|Evasion Moves Clause: Evasion moves are banned
|rule|Endless Battle Clause: Forcing endless battles is banned
|rule|HP Percentage Mod: HP is shown in percentages
|rule|Dynamax Clause: You cannot dynamax
|teampreview
|inactive|Battle timer is ON: inactive players will automatically lose when time's up. (requested by Xoyjaz)
|inactive|OG$wett ䷩ also wants the timer to be on.
|j| slimevixen
|
|start
|switch|p1a: Mamoswine|Mamoswine, M|100/100
|switch|p2a: Golisopod|Golisopod, M, shiny|100/100
|turn|1
|j| Captaincockslapper
|l| Captaincockslapper
|j|+tondas
|
|move|p1a: Mamoswine|Earthquake|p2a: Golisopod
|-resisted|p2a: Golisopod
|-damage|p2a: Golisopod|75/100
|move|p2a: Golisopod|Spikes|p1a: Mamoswine
|-sidestart|p1: Xoyjaz|Spikes
|
|upkeep
|turn|2
|j| Captaincockslapper
|j| ChampagneSapiTest
|
|move|p1a: Mamoswine|Earthquake|p2a: Golisopod
|-resisted|p2a: Golisopod
|-damage|p2a: Golisopod|51/100
|move|p2a: Golisopod|Liquidation|p1a: Mamoswine
|-supereffective|p1a: Mamoswine
|-enditem|p1a: Mamoswine|Focus Sash
|-damage|p1a: Mamoswine|1/100
|
|upkeep
|turn|3
|
|move|p1a: Mamoswine|Stone Edge|p2a: Golisopod
|-supereffective|p2a: Golisopod
|-damage|p2a: Golisopod|0 fnt
|faint|p2a: Golisopod
|
|upkeep
|
|switch|p2a: Crawdaunt|Crawdaunt, M|100/100
|turn|4
|
|move|p2a: Crawdaunt|Aqua Jet|p1a: Mamoswine
|-supereffective|p1a: Mamoswine
|-damage|p1a: Mamoswine|0 fnt
|faint|p1a: Mamoswine
|
|upkeep
|
|switch|p1a: Helping hand|Crawdaunt, M|100/100
|-damage|p1a: Helping hand|88/100|[from] Spikes
|turn|5
|j| Yeffmon
|
|switch|p2a: Bewear|Bewear, M|100/100
|move|p1a: Helping hand|Close Combat|p2a: Bewear
|-supereffective|p2a: Bewear
|-damage|p2a: Bewear|44/100
|-unboost|p1a: Helping hand|def|1
|-unboost|p1a: Helping hand|spd|1
|
|-heal|p2a: Bewear|50/100|[from] item: Leftovers
|upkeep
|turn|6
|j|%juuno ✿@!
|
|switch|p1a: Gengar|Gengar, M|100/100
|-damage|p1a: Gengar|88/100|[from] Spikes
|move|p2a: Bewear|Shadow Claw|p1a: Gengar
|-supereffective|p1a: Gengar
|-damage|p1a: Gengar|0 fnt
|-start|p2a: Bewear|Disable|Shadow Claw|[from] ability: Cursed Body|[of] p1a: Gengar
|faint|p1a: Gengar
|
|-heal|p2a: Bewear|56/100|[from] item: Leftovers
|upkeep
|j| glass glass
|
|switch|p1a: Polteageist|Polteageist|100/100
|-damage|p1a: Polteageist|88/100|[from] Spikes
|turn|7
|j| Datsplashtho
|c| ChampagneSapiTest|ooo
|c| ChampagneSapiTest|big plays
|
|switch|p2a: Xatu|Xatu, M|100/100
|move|p1a: Polteageist|Stored Power|p2a: Xatu
|-resisted|p2a: Xatu
|-damage|p2a: Xatu|94/100
|
|upkeep
|turn|8
|
|move|p2a: Xatu|Psychic|p1a: Polteageist
|-damage|p1a: Polteageist|42/100
|move|p1a: Polteageist|Shadow Ball|p2a: Xatu
|-supereffective|p2a: Xatu
|-enditem|p2a: Xatu|Kasib Berry|[eat]
|-enditem|p2a: Xatu|Kasib Berry|[weaken]
|-damage|p2a: Xatu|24/100
|-unboost|p2a: Xatu|spd|1
|
|upkeep
|turn|9
|
|switch|p1a: Helping hand|Crawdaunt, M|88/100
|-damage|p1a: Helping hand|76/100|[from] Spikes
|move|p2a: Xatu|Psychic|p1a: Helping hand
|-immune|p1a: Helping hand
|
|upkeep
|turn|10
|
|move|p1a: Helping hand|Aqua Jet|p2a: Xatu
|-damage|p2a: Xatu|0 fnt
|faint|p2a: Xatu
|
|upkeep
|l| ChampagneSapiTest
|inactive|OG$wett ䷩ has 120 seconds left.
|
|switch|p2a: Weezing|Weezing-Galar, M|100/100
|turn|11
|inactive|Xoyjaz has 120 seconds left.
|
|switch|p1a: Polteageist|Polteageist|42/100
|-damage|p1a: Polteageist|30/100|[from] Spikes
|move|p2a: Weezing|Strange Steam|p1a: Polteageist
|-damage|p1a: Polteageist|0 fnt
|faint|p1a: Polteageist
|
|upkeep
|
|switch|p1a: Aqua|Chandelure, F, shiny|100/100
|-damage|p1a: Aqua|88/100|[from] Spikes
|turn|12
|
|move|p1a: Aqua|Shadow Ball|p2a: Weezing
|-damage|p2a: Weezing|33/100
|move|p2a: Weezing|Shadow Ball|p1a: Aqua
|-supereffective|p1a: Aqua
|-damage|p1a: Aqua|24/100
|-unboost|p1a: Aqua|spd|1
|
|-heal|p2a: Weezing|39/100|[from] item: Black Sludge
|upkeep
|turn|13
|
|switch|p1a: Helping hand|Crawdaunt, M|76/100
|-damage|p1a: Helping hand|64/100|[from] Spikes
|move|p2a: Weezing|Shadow Ball|p1a: Helping hand
|-resisted|p1a: Helping hand
|-damage|p1a: Helping hand|40/100
|
|-heal|p2a: Weezing|44/100|[from] item: Black Sludge
|upkeep
|turn|14
|
|move|p1a: Helping hand|Crabhammer|p2a: Weezing
|-damage|p2a: Weezing|0 fnt
|faint|p2a: Weezing
|
|upkeep
|inactive|OG$wett ䷩ has 120 seconds left.
|
|switch|p2a: Crawdaunt|Crawdaunt, M|100/100
|turn|15
|inactive|Xoyjaz has 120 seconds left.
|
|move|p2a: Crawdaunt|Aqua Jet|p1a: Helping hand
|-resisted|p1a: Helping hand
|-damage|p1a: Helping hand|5/100
|move|p1a: Helping hand|Crabhammer|p2a: Crawdaunt
|-resisted|p2a: Crawdaunt
|-damage|p2a: Crawdaunt|28/100
|
|upkeep
|turn|16
|
|move|p2a: Crawdaunt|Aqua Jet|p1a: Helping hand
|-resisted|p1a: Helping hand
|-damage|p1a: Helping hand|0 fnt
|faint|p1a: Helping hand
|
|upkeep
|
|switch|p1a: Barraskewda|Barraskewda, F|100/100
|-damage|p1a: Barraskewda|88/100|[from] Spikes
|turn|17
|
|move|p2a: Crawdaunt|Aqua Jet|p1a: Barraskewda
|-resisted|p1a: Barraskewda
|-damage|p1a: Barraskewda|43/100
|move|p1a: Barraskewda|Liquidation|p2a: Crawdaunt
|-resisted|p2a: Crawdaunt
|-damage|p2a: Crawdaunt|0 fnt
|-damage|p1a: Barraskewda|34/100|[from] item: Life Orb
|faint|p2a: Crawdaunt
|
|upkeep
|
|switch|p2a: Bewear|Bewear, M|56/100
|turn|18
|inactive|Xoyjaz has 120 seconds left.
|inactive|Xoyjaz has 90 seconds left.
|l|+tondas
|
|move|p1a: Barraskewda|Close Combat|p2a: Bewear
|-supereffective|p2a: Bewear
|-damage|p2a: Bewear|0 fnt
|-unboost|p1a: Barraskewda|def|1
|-unboost|p1a: Barraskewda|spd|1
|-damage|p1a: Barraskewda|24/100|[from] item: Life Orb
|faint|p2a: Bewear
|
|upkeep
|
|switch|p2a: Rhyperior|Rhyperior, F|100/100
|turn|19
|
|move|p1a: Barraskewda|Liquidation|p2a: Rhyperior
|-supereffective|p2a: Rhyperior
|-damage|p2a: Rhyperior|0 fnt
|-damage|p1a: Barraskewda|14/100|[from] item: Life Orb
|faint|p2a: Rhyperior
|
|win|Xoyjaz
