|j|☆The Dragon Gyrados
|j|☆Low Ladder Terror
|t:|1606870996
|player|p1|The Dragon Gyrados|clair|1562
|player|p2|Low Ladder Terror|teamrocket|1577
|teamsize|p1|6
|teamsize|p2|6
|gametype|singles
|gen|8
|tier|[Gen 8] UU
|rated|
|clearpoke
|poke|p1|Salamence, F|
|poke|p1|Ninetales-Alola, M|
|poke|p1|Klefki, M|
|poke|p1|Moltres-Galar|
|poke|p1|Barbaracle, F|
|poke|p1|Blaziken, F|
|poke|p2|Ninetales-Alola, F|
|poke|p2|Blaziken, M|
|poke|p2|Krookodile, M|
|poke|p2|Azumarill, F|
|poke|p2|Celesteela|
|poke|p2|Salamence, F|
|rule|Sleep Clause Mod: Limit one foe put to sleep
|rule|Species Clause: Limit one of each Pokémon
|rule|OHKO Clause: OHKO moves are banned
|rule|Evasion Moves Clause: Evasion moves are banned
|rule|Endless Battle Clause: Forcing endless battles is banned
|rule|HP Percentage Mod: HP is shown in percentages
|rule|Dynamax Clause: You cannot dynamax
|teampreview
|inactive|Battle timer is ON: inactive players will automatically lose when time's up. (requested by Low Ladder Terror)
|
|t:|1606871022
|start
|switch|p1a: Ninetales|Ninetales-Alola, M|100/100
|switch|p2a: Ninetales|Ninetales-Alola, F|100/100
|-weather|Hail|[from] ability: Snow Warning|[of] p1a: Ninetales
|turn|1
|
|t:|1606871027
|move|p1a: Ninetales|Aurora Veil|p1a: Ninetales
|-sidestart|p1: The Dragon Gyrados|move: Aurora Veil
|move|p2a: Ninetales|Hypnosis|p1a: Ninetales|[miss]
|-miss|p2a: Ninetales|p1a: Ninetales
|
|-weather|Hail|[upkeep]
|upkeep
|turn|2
|
|t:|1606871032
|move|p2a: Ninetales|Encore|p1a: Ninetales
|-start|p1a: Ninetales|Encore
|move|p1a: Ninetales|Aurora Veil||[still]
|-fail|p1a: Ninetales
|
|-weather|Hail|[upkeep]
|upkeep
|turn|3
|c|☆The Dragon Gyrados|nice
|c|☆The Dragon Gyrados|both speed times
|
|t:|1606871045
|switch|p1a: Klefki|Klefki, M|100/100
|move|p2a: Ninetales|Aurora Veil|p2a: Ninetales
|-sidestart|p2: Low Ladder Terror|move: Aurora Veil
|
|-weather|Hail|[upkeep]
|-damage|p1a: Klefki|94/100|[from] Hail
|upkeep
|turn|4
|c|☆Low Ladder Terror|you won the first speed tie what you talking about
|j| mkdoodle44
|j| Stamatis
|
|t:|1606871068
|move|p1a: Klefki|Defog|p2a: Ninetales
|-unboost|p2a: Ninetales|evasion|1
|-sideend|p2: Low Ladder Terror|move: Aurora Veil
|move|p2a: Ninetales|Hypnosis|p1a: Klefki
|-status|p1a: Klefki|slp|[from] move: Hypnosis
|
|-weather|Hail|[upkeep]
|-damage|p1a: Klefki|88/100 slp|[from] Hail
|upkeep
|turn|5
|
|t:|1606871079
|cant|p1a: Klefki|slp
|move|p2a: Ninetales|Aurora Veil|p2a: Ninetales
|-sidestart|p2: Low Ladder Terror|move: Aurora Veil
|
|-weather|none
|upkeep
|turn|6
|j| Moltester
|
|t:|1606871086
|switch|p2a: Krookodile|Krookodile, M|100/100
|-ability|p2a: Krookodile|Intimidate|boost
|-unboost|p1a: Klefki|atk|1
|cant|p1a: Klefki|slp
|
|upkeep
|turn|7
|
|t:|1606871092
|switch|p1a: Ninetales|Ninetales-Alola, M|100/100
|-weather|Hail|[from] ability: Snow Warning|[of] p1a: Ninetales
|move|p2a: Krookodile|Stealth Rock|p1a: Ninetales
|-sidestart|p1: The Dragon Gyrados|move: Stealth Rock
|
|-weather|Hail|[upkeep]
|-damage|p2a: Krookodile|94/100|[from] Hail
|upkeep
|turn|8
|
|t:|1606871110
|move|p1a: Ninetales|Hypnosis|p2a: Krookodile
|-status|p2a: Krookodile|slp|[from] move: Hypnosis
|cant|p2a: Krookodile|slp
|
|-weather|Hail|[upkeep]
|-damage|p2a: Krookodile|88/100 slp|[from] Hail
|-sideend|p1: The Dragon Gyrados|move: Aurora Veil
|upkeep
|turn|9
|
|t:|1606871117
|switch|p2a: Blaziken|Blaziken, M|100/100
|move|p1a: Ninetales|Aurora Veil|p1a: Ninetales
|-sidestart|p1: The Dragon Gyrados|move: Aurora Veil
|
|-weather|Hail|[upkeep]
|-damage|p2a: Blaziken|95/100|[from] Hail
|upkeep
|turn|10
|
|t:|1606871126
|switch|p1a: Salamence|Salamence, F|100/100
|-damage|p1a: Salamence|76/100|[from] Stealth Rock
|move|p2a: Blaziken|Swords Dance|p2a: Blaziken
|-boost|p2a: Blaziken|atk|2
|
|-weather|Hail|[upkeep]
|-damage|p2a: Blaziken|89/100|[from] Hail
|-damage|p1a: Salamence|70/100|[from] Hail
|-ability|p2a: Blaziken|Speed Boost|boost
|-boost|p2a: Blaziken|spe|1
|upkeep
|turn|11
|inactive|Low Ladder Terror has 120 seconds left.
|
|t:|1606871183
|move|p2a: Blaziken|Thunder Punch|p1a: Salamence
|-damage|p1a: Salamence|36/100
|-damage|p2a: Blaziken|79/100|[from] item: Life Orb
|move|p1a: Salamence|Dragon Dance|p1a: Salamence
|-boost|p1a: Salamence|atk|1
|-boost|p1a: Salamence|spe|1
|
|-weather|none
|-ability|p2a: Blaziken|Speed Boost|boost
|-boost|p2a: Blaziken|spe|1
|upkeep
|turn|12
|
|t:|1606871192
|move|p2a: Blaziken|Close Combat|p1a: Salamence
|-resisted|p1a: Salamence
|-damage|p1a: Salamence|0 fnt
|-unboost|p2a: Blaziken|def|1
|-unboost|p2a: Blaziken|spd|1
|-damage|p2a: Blaziken|69/100|[from] item: Life Orb
|faint|p1a: Salamence
|
|-sideend|p2: Low Ladder Terror|move: Aurora Veil
|-ability|p2a: Blaziken|Speed Boost|boost
|-boost|p2a: Blaziken|spe|1
|upkeep
|c|☆The Dragon Gyrados|wow
|c|☆Low Ladder Terror|?
|
|t:|1606871208
|switch|p1a: Klefki|Klefki, M|88/100 slp
|-damage|p1a: Klefki|82/100 slp|[from] Stealth Rock
|turn|13
|
|t:|1606871214
|cant|p1a: Klefki|slp
|move|p2a: Blaziken|Blaze Kick|p1a: Klefki
|-supereffective|p1a: Klefki
|-damage|p1a: Klefki|0 fnt
|-damage|p2a: Blaziken|59/100|[from] item: Life Orb
|faint|p1a: Klefki
|
|-ability|p2a: Blaziken|Speed Boost|boost
|-boost|p2a: Blaziken|spe|1
|upkeep
|c|☆The Dragon Gyrados|3 fuckin sleeps
|c|☆The Dragon Gyrados|turns
|c|☆The Dragon Gyrados|LMFAO
|c|☆Low Ladder Terror|you complain way too much
|c|☆The Dragon Gyrados|yo stfu
|c|☆Low Ladder Terror|thats not even hax
|c|☆The Dragon Gyrados|3 turn sleeps?
|c|☆The Dragon Gyrados|isnt haxk
|c|☆The Dragon Gyrados|lmfao
|inactive|The Dragon Gyrados has 120 seconds left.
|c|☆The Dragon Gyrados|nice IQ
|
|t:|1606871247
|switch|p1a: Barbaracle|Barbaracle, F|100/100
|-damage|p1a: Barbaracle|88/100|[from] Stealth Rock
|turn|14
|
|t:|1606871251
|move|p2a: Blaziken|Close Combat|p1a: Barbaracle
|-supereffective|p1a: Barbaracle
|-damage|p1a: Barbaracle|0 fnt
|-unboost|p2a: Blaziken|def|1
|-unboost|p2a: Blaziken|spd|1
|-damage|p2a: Blaziken|49/100|[from] item: Life Orb
|faint|p1a: Barbaracle
|
|-ability|p2a: Blaziken|Speed Boost|boost
|-boost|p2a: Blaziken|spe|1
|upkeep
|c| Moltester|how do you manage to get mad every match gyrados
|
|t:|1606871262
|switch|p1a: Ninetales|Ninetales-Alola, M|100/100
|-damage|p1a: Ninetales|76/100|[from] Stealth Rock
|-weather|Hail|[from] ability: Snow Warning|[of] p1a: Ninetales
|turn|15
|c| mkdoodle44|lol
|
|t:|1606871271
|switch|p1a: Blaziken|Blaziken, F|100/100
|-damage|p1a: Blaziken|88/100|[from] Stealth Rock
|move|p2a: Blaziken|Close Combat|p1a: Blaziken
|-damage|p1a: Blaziken|0 fnt
|-unboost|p2a: Blaziken|def|1
|-unboost|p2a: Blaziken|spd|1
|-damage|p2a: Blaziken|39/100|[from] item: Life Orb
|faint|p1a: Blaziken
|
|-weather|Hail|[upkeep]
|-damage|p2a: Blaziken|33/100|[from] Hail
|-ability|p2a: Blaziken|Speed Boost|boost
|-boost|p2a: Blaziken|spe|1
|upkeep
|
|t:|1606871283
|switch|p1a: Ninetales|Ninetales-Alola, M|76/100
|-damage|p1a: Ninetales|51/100|[from] Stealth Rock
|turn|16
|
|t:|1606871287
|move|p2a: Blaziken|Close Combat|p1a: Ninetales
|-damage|p1a: Ninetales|0 fnt
|-unboost|p2a: Blaziken|def|1
|-unboost|p2a: Blaziken|spd|1
|-damage|p2a: Blaziken|23/100|[from] item: Life Orb
|faint|p1a: Ninetales
|
|-weather|Hail|[upkeep]
|-damage|p2a: Blaziken|17/100|[from] Hail
|-sideend|p1: The Dragon Gyrados|move: Aurora Veil
|upkeep
|c|☆Low Ladder Terror|gg
|c|☆The Dragon Gyrados|joke
|c|☆The Dragon Gyrados|lets see this guys rank
|c|☆Low Ladder Terror|lol
|c| Moltester|lol
|inactive|The Dragon Gyrados has 120 seconds left.
|c|☆The Dragon Gyrados|bet he got up with this fuck blazken
|c|☆The Dragon Gyrados|knew it
|c|☆The Dragon Gyrados|LMFAO
|c|☆The Dragon Gyrados|dumb ass luck
|c| Moltester|youre using
|c|☆The Dragon Gyrados|3 turn sleep
|c|☆Low Ladder Terror|you're using blaziken too
|c| Moltester|aurora veil + blaziken
|c|☆The Dragon Gyrados|hate when ppl talk
|c| Moltester|?
|c|☆The Dragon Gyrados|3 fuckin turns
|c|☆Low Ladder Terror|we're using identical teams
|c|☆Low Ladder Terror|that just means im better
|inactive|The Dragon Gyrados has 90 seconds left.
|c|☆The Dragon Gyrados|im above u tho
|-message|The Dragon Gyrados forfeited.
|
|win|Low Ladder Terror
|c| Moltester|ur not
|l|☆The Dragon Gyrados
|c|☆Low Ladder Terror|still lost
|l|☆Low Ladder Terror
|l| Moltester
|l| mkdoodle44
|j|☆Low Ladder Terror
|player|p2|Low Ladder Terror|teamrocket
