|j|☆Bruh_Mommentium
|j|☆y1theking100
|player|p1|Bruh_Mommentium|harlequin|1000
|player|p2|y1theking100|palmer|1064
|teamsize|p1|6
|teamsize|p2|6
|gametype|singles
|gen|8
|tier|[Gen 8] UU
|rated|
|clearpoke
|poke|p1|Skuntank, M|
|poke|p1|Escavalier, F|
|poke|p1|Drifblim, F|
|poke|p1|Flygon, F|
|poke|p1|Gourgeist-*, F|
|poke|p1|Bronzong|
|poke|p2|Pincurchin, M|
|poke|p2|Weezing-Galar, F|
|poke|p2|Hitmontop, M|
|poke|p2|Thievul, M|
|poke|p2|Cobalion|
|poke|p2|Raichu-Alola, F|
|rule|Sleep Clause Mod: Limit one foe put to sleep
|rule|Species Clause: Limit one of each Pokémon
|rule|OHKO Clause: OHKO moves are banned
|rule|Evasion Moves Clause: Evasion moves are banned
|rule|Endless Battle Clause: Forcing endless battles is banned
|rule|HP Percentage Mod: HP is shown in percentages
|rule|Dynamax Clause: You cannot dynamax
|teampreview
|inactive|Battle timer is ON: inactive players will automatically lose when time's up. (requested by y1theking100)
|
|start
|switch|p1a: Drifblim|Drifblim, F|100/100
|switch|p2a: Pincurchin|Pincurchin, M|100/100
|-fieldstart|move: Electric Terrain|[from] ability: Electric Surge|[of] p2a: Pincurchin
|turn|1
|
|switch|p1a: Flygon|Flygon, F|100/100
|move|p2a: Pincurchin|Spikes|p1a: Flygon
|-sidestart|p1: Bruh_Mommentium|Spikes
|
|upkeep
|turn|2
|
|move|p1a: Flygon|Dragon Dance|p1a: Flygon
|-boost|p1a: Flygon|atk|1
|-boost|p1a: Flygon|spe|1
|move|p2a: Pincurchin|Spikes|p1a: Flygon
|-sidestart|p1: Bruh_Mommentium|Spikes
|
|upkeep
|turn|3
|
|switch|p2a: Weezing|Weezing-Galar, F|100/100
|move|p1a: Flygon|Earthquake|p2a: Weezing
|-immune|p2a: Weezing|[from] ability: Levitate
|
|upkeep
|turn|4
|
|move|p1a: Flygon|Iron Tail|p2a: Weezing|[miss]
|-miss|p1a: Flygon|p2a: Weezing
|move|p2a: Weezing|Will-O-Wisp|p1a: Flygon
|-status|p1a: Flygon|brn
|
|-damage|p1a: Flygon|95/100 brn|[from] brn
|upkeep
|turn|5
|
|switch|p1a: Bronzong|Bronzong|100/100
|move|p2a: Weezing|Strange Steam|p1a: Bronzong
|-resisted|p1a: Bronzong
|-damage|p1a: Bronzong|84/100
|-start|p1a: Bronzong|confusion
|
|-fieldend|move: Electric Terrain
|upkeep
|turn|6
|
|move|p2a: Weezing|Flamethrower|p1a: Bronzong
|-supereffective|p1a: Bronzong
|-damage|p1a: Bronzong|39/100
|-activate|p1a: Bronzong|confusion
|move|p1a: Bronzong|Stealth Rock|p2a: Weezing
|-sidestart|p2: y1theking100|move: Stealth Rock
|
|upkeep
|turn|7
|
|switch|p1a: Drifblim|Drifblim, F|100/100
|move|p2a: Weezing|Flamethrower|p1a: Drifblim
|-damage|p1a: Drifblim|74/100
|-status|p1a: Drifblim|brn
|
|-heal|p1a: Drifblim|80/100 brn|[from] item: Leftovers
|-damage|p1a: Drifblim|74/100 brn|[from] brn
|upkeep
|turn|8
|
|move|p1a: Drifblim|Calm Mind|p1a: Drifblim
|-boost|p1a: Drifblim|spa|1
|-boost|p1a: Drifblim|spd|1
|move|p2a: Weezing|Sludge Wave|p1a: Drifblim
|-resisted|p1a: Drifblim
|-damage|p1a: Drifblim|59/100 brn
|
|-heal|p1a: Drifblim|65/100 brn|[from] item: Leftovers
|-damage|p1a: Drifblim|59/100 brn|[from] brn
|upkeep
|turn|9
|
|switch|p2a: Pincurchin|Pincurchin, M|100/100
|-damage|p2a: Pincurchin|88/100|[from] Stealth Rock
|-fieldstart|move: Electric Terrain|[from] ability: Electric Surge|[of] p2a: Pincurchin
|move|p1a: Drifblim|Shadow Ball|p2a: Pincurchin
|-crit|p2a: Pincurchin
|-damage|p2a: Pincurchin|0 fnt
|faint|p2a: Pincurchin
|
|-heal|p1a: Drifblim|65/100 brn|[from] item: Leftovers
|-damage|p1a: Drifblim|59/100 brn|[from] brn
|upkeep
|
|switch|p2a: Thievul|Thievul, M|100/100
|-damage|p2a: Thievul|88/100|[from] Stealth Rock
|-enditem|p2a: Thievul|Electric Seed
|-boost|p2a: Thievul|def|1|[from] item: Electric Seed
|turn|10
|
|move|p2a: Thievul|Nasty Plot|p2a: Thievul
|-boost|p2a: Thievul|spa|2
|move|p1a: Drifblim|Will-O-Wisp|p2a: Thievul
|-status|p2a: Thievul|brn
|
|-heal|p1a: Drifblim|65/100 brn|[from] item: Leftovers
|-damage|p2a: Thievul|82/100 brn|[from] brn
|-damage|p1a: Drifblim|59/100 brn|[from] brn
|upkeep
|turn|11
|
|move|p2a: Thievul|Nasty Plot|p2a: Thievul
|-boost|p2a: Thievul|spa|2
|move|p1a: Drifblim|Calm Mind|p1a: Drifblim
|-boost|p1a: Drifblim|spa|1
|-boost|p1a: Drifblim|spd|1
|
|-heal|p1a: Drifblim|65/100 brn|[from] item: Leftovers
|-damage|p2a: Thievul|76/100 brn|[from] brn
|-damage|p1a: Drifblim|59/100 brn|[from] brn
|upkeep
|turn|12
|
|move|p2a: Thievul|Dark Pulse|p1a: Drifblim
|-supereffective|p1a: Drifblim
|-damage|p1a: Drifblim|0 fnt
|faint|p1a: Drifblim
|
|-damage|p2a: Thievul|70/100 brn|[from] brn
|upkeep
|
|switch|p1a: Skuntank|Skuntank, M|100/100
|-damage|p1a: Skuntank|84/100|[from] Spikes
|turn|13
|
|move|p2a: Thievul|Dark Pulse|p1a: Skuntank
|-resisted|p1a: Skuntank
|-damage|p1a: Skuntank|10/100
|cant|p1a: Skuntank|flinch
|
|-heal|p1a: Skuntank|16/100|[from] item: Black Sludge
|-damage|p2a: Thievul|64/100 brn|[from] brn
|-fieldend|move: Electric Terrain
|upkeep
|turn|14
|
|move|p2a: Thievul|Dark Pulse|p1a: Skuntank
|-resisted|p1a: Skuntank
|-damage|p1a: Skuntank|0 fnt
|faint|p1a: Skuntank
|
|-damage|p2a: Thievul|58/100 brn|[from] brn
|upkeep
|
|switch|p1a: Escavalier|Escavalier, F|100/100
|-damage|p1a: Escavalier|84/100|[from] Spikes
|turn|15
|
|move|p2a: Thievul|Dark Pulse|p1a: Escavalier
|-damage|p1a: Escavalier|0 fnt
|faint|p1a: Escavalier
|
|-damage|p2a: Thievul|52/100 brn|[from] brn
|upkeep
|
|switch|p1a: Flygon|Flygon, F|95/100 brn
|turn|16
|
|move|p2a: Thievul|Dark Pulse|p1a: Flygon
|-damage|p1a: Flygon|0 fnt
|faint|p1a: Flygon
|
|-damage|p2a: Thievul|46/100 brn|[from] brn
|upkeep
|
|switch|p1a: Gourgeist|Gourgeist, F|100/100
|-damage|p1a: Gourgeist|84/100|[from] Spikes
|turn|17
|
|move|p1a: Gourgeist|Shadow Sneak|p2a: Thievul
|-resisted|p2a: Thievul
|-damage|p2a: Thievul|37/100 brn
|move|p2a: Thievul|Dark Pulse|p1a: Gourgeist
|-supereffective|p1a: Gourgeist
|-damage|p1a: Gourgeist|0 fnt
|faint|p1a: Gourgeist
|
|-damage|p2a: Thievul|31/100 brn|[from] brn
|upkeep
|
|switch|p1a: Bronzong|Bronzong|39/100
|turn|18
|
|move|p2a: Thievul|Dark Pulse|p1a: Bronzong
|-supereffective|p1a: Bronzong
|-damage|p1a: Bronzong|0 fnt
|faint|p1a: Bronzong
|
|win|y1theking100
|c|☆y1theking100|gg
|raw|Bruh_Mommentium's rating: 1000 &rarr; <strong>1000</strong><br />(+0 for losing)
|raw|y1theking100's rating: 1064 &rarr; <strong>1089</strong><br />(+25 for winning)
|l|☆Bruh_Mommentium
