|j|☆Hydreigon > Latias
|j|☆EliotEnRetar
|t:|1617110171
|player|p1|Hydreigon > Latias|cynthia|1458
|player|p2|EliotEnRetar|falkner|1446
|teamsize|p1|6
|teamsize|p2|6
|gametype|singles
|gen|8
|tier|[Gen 8] UU
|rated|
|clearpoke
|poke|p1|Slowbro-Galar, F|
|poke|p1|Rhyperior, M|
|poke|p1|Zeraora|
|poke|p1|Skarmory, M|
|poke|p1|Keldeo-Resolute|
|poke|p1|Tangrowth, M|
|poke|p2|Crawdaunt, F|
|poke|p2|Rotom-Heat|
|poke|p2|Tapu Bulu|
|poke|p2|Sylveon, M|
|poke|p2|Scizor, F|
|poke|p2|Krookodile, F|
|rule|Sleep Clause Mod: Limit one foe put to sleep
|rule|Species Clause: Limit one of each Pokémon
|rule|OHKO Clause: OHKO moves are banned
|rule|Evasion Moves Clause: Evasion moves are banned
|rule|Endless Battle Clause: Forcing endless battles is banned
|rule|HP Percentage Mod: HP is shown in percentages
|rule|Dynamax Clause: You cannot dynamax
|teampreview
|j| lolo9108
|
|t:|1617110184
|start
|switch|p1a: Tangrowth|Tangrowth, M|100/100
|switch|p2a: Shrekito|Tapu Bulu|100/100
|-fieldstart|move: Grassy Terrain|[from] ability: Grassy Surge|[of] p2a: Shrekito
|turn|1
|inactive|Battle timer is ON: inactive players will automatically lose when time's up. (requested by Hydreigon > Latias)
|
|t:|1617110189
|switch|p2a: CauetBurger|Rotom-Heat|100/100
|move|p1a: Tangrowth|Knock Off|p2a: CauetBurger
|-damage|p2a: CauetBurger|81/100
|-enditem|p2a: CauetBurger|Heavy-Duty Boots|[from] move: Knock Off|[of] p1a: Tangrowth
|
|upkeep
|turn|2
|
|t:|1617110196
|move|p2a: CauetBurger|Will-O-Wisp|p1a: Tangrowth|[miss]
|-miss|p2a: CauetBurger|p1a: Tangrowth
|move|p1a: Tangrowth|Sludge Bomb|p2a: CauetBurger
|-damage|p2a: CauetBurger|58/100
|
|upkeep
|turn|3
|
|t:|1617110199
|move|p2a: CauetBurger|Will-O-Wisp|p1a: Tangrowth
|-status|p1a: Tangrowth|brn
|move|p1a: Tangrowth|Sludge Bomb|p2a: CauetBurger
|-damage|p2a: CauetBurger|35/100
|
|-damage|p1a: Tangrowth|94/100 brn|[from] brn
|upkeep
|turn|4
|
|t:|1617110203
|move|p2a: CauetBurger|Overheat|p1a: Tangrowth
|-supereffective|p1a: Tangrowth
|-damage|p1a: Tangrowth|39/100 brn
|-unboost|p2a: CauetBurger|spa|2
|move|p1a: Tangrowth|Sludge Bomb|p2a: CauetBurger
|-damage|p2a: CauetBurger|13/100
|
|-heal|p1a: Tangrowth|45/100 brn|[from] Grassy Terrain
|-damage|p1a: Tangrowth|39/100 brn|[from] brn
|upkeep
|turn|5
|
|t:|1617110213
|switch|p2a: N-Hervé|Scizor, F|100/100
|move|p1a: Tangrowth|Sludge Bomb|p2a: N-Hervé
|-immune|p2a: N-Hervé
|
|-heal|p1a: Tangrowth|45/100 brn|[from] Grassy Terrain
|-fieldend|move: Grassy Terrain
|-damage|p1a: Tangrowth|39/100 brn|[from] brn
|upkeep
|turn|6
|
|t:|1617110216
|switch|p1a: Skarmory|Skarmory, M|100/100
|move|p2a: N-Hervé|U-turn|p1a: Skarmory
|-resisted|p1a: Skarmory
|-damage|p1a: Skarmory|94/100
|-damage|p2a: N-Hervé|84/100|[from] item: Rocky Helmet|[of] p1a: Skarmory
|l| lolo9108
|
|t:|1617110220
|switch|p2a: CauetBurger|Rotom-Heat|13/100|[from]move: U-turn
|
|upkeep
|turn|7
|
|t:|1617110224
|switch|p1a: Tangrowth|Tangrowth, M|72/100 brn
|move|p2a: CauetBurger|Overheat|p1a: Tangrowth
|-supereffective|p1a: Tangrowth
|-damage|p1a: Tangrowth|15/100 brn
|-unboost|p2a: CauetBurger|spa|2
|
|-damage|p1a: Tangrowth|9/100 brn|[from] brn
|upkeep
|turn|8
|j| lolo9108
|l| lolo9108
|
|t:|1617110237
|switch|p2a: Shrekito|Tapu Bulu|100/100
|-fieldstart|move: Grassy Terrain|[from] ability: Grassy Surge|[of] p2a: Shrekito
|switch|p1a: Rhyperior|Rhyperior, M|100/100
|
|upkeep
|turn|9
|
|t:|1617110247
|switch|p1a: Skarmory|Skarmory, M|94/100
|move|p2a: Shrekito|Close Combat|p1a: Skarmory
|-damage|p1a: Skarmory|53/100
|-unboost|p2a: Shrekito|def|1
|-unboost|p2a: Shrekito|spd|1
|-damage|p2a: Shrekito|84/100|[from] item: Rocky Helmet|[of] p1a: Skarmory
|
|-heal|p2a: Shrekito|90/100|[from] Grassy Terrain
|upkeep
|turn|10
|
|t:|1617110253
|switch|p2a: CauetBurger|Rotom-Heat|13/100
|move|p1a: Skarmory|Roost|p1a: Skarmory
|-heal|p1a: Skarmory|100/100
|-singleturn|p1a: Skarmory|move: Roost
|
|upkeep
|turn|11
|
|t:|1617110261
|switch|p1a: Slowbro|Slowbro-Galar, F|100/100
|move|p2a: CauetBurger|Will-O-Wisp|p1a: Slowbro
|-status|p1a: Slowbro|brn
|
|-damage|p1a: Slowbro|94/100 brn|[from] brn
|upkeep
|turn|12
|
|t:|1617110263
|move|p2a: CauetBurger|Volt Switch|p1a: Slowbro
|-damage|p1a: Slowbro|62/100 brn
|
|t:|1617110265
|switch|p2a: N-Hervé|Scizor, F|84/100|[from]move: Volt Switch
|move|p1a: Slowbro|Scald|p2a: N-Hervé
|-damage|p2a: N-Hervé|61/100
|-status|p2a: N-Hervé|brn
|
|-heal|p2a: N-Hervé|67/100 brn|[from] Grassy Terrain
|-heal|p1a: Slowbro|68/100 brn|[from] Grassy Terrain
|-fieldend|move: Grassy Terrain
|-damage|p2a: N-Hervé|61/100 brn|[from] brn
|-damage|p1a: Slowbro|62/100 brn|[from] brn
|upkeep
|turn|13
|
|t:|1617110269
|switch|p1a: Skarmory|Skarmory, M|100/100
|move|p2a: N-Hervé|U-turn|p1a: Skarmory
|-resisted|p1a: Skarmory
|-damage|p1a: Skarmory|98/100
|-damage|p2a: N-Hervé|45/100 brn|[from] item: Rocky Helmet|[of] p1a: Skarmory
|
|t:|1617110278
|switch|p2a: Goodbye Stall|Crawdaunt, F|100/100|[from]move: U-turn
|
|upkeep
|turn|14
|
|t:|1617110285
|move|p2a: Goodbye Stall|Substitute|p2a: Goodbye Stall
|-start|p2a: Goodbye Stall|Substitute
|-damage|p2a: Goodbye Stall|76/100
|move|p1a: Skarmory|Roost|p1a: Skarmory
|-heal|p1a: Skarmory|100/100
|-singleturn|p1a: Skarmory|move: Roost
|
|-heal|p2a: Goodbye Stall|82/100|[from] item: Leftovers
|upkeep
|turn|15
|
|t:|1617110291
|move|p2a: Goodbye Stall|Swords Dance|p2a: Goodbye Stall
|-boost|p2a: Goodbye Stall|atk|2
|move|p1a: Skarmory|Whirlwind|p2a: Goodbye Stall
|drag|p2a: Jean-Jean|Krookodile, F|100/100
|-ability|p2a: Jean-Jean|Intimidate|boost
|-unboost|p1a: Skarmory|atk|1
|
|upkeep
|turn|16
|
|t:|1617110295
|move|p2a: Jean-Jean|Knock Off|p1a: Skarmory
|-damage|p1a: Skarmory|73/100
|-damage|p2a: Jean-Jean|84/100|[from] item: Rocky Helmet|[of] p1a: Skarmory
|-enditem|p1a: Skarmory|Rocky Helmet|[from] move: Knock Off|[of] p2a: Jean-Jean
|move|p1a: Skarmory|Spikes|p2a: Jean-Jean
|-sidestart|p2: EliotEnRetar|Spikes
|
|upkeep
|turn|17
|
|t:|1617110299
|switch|p2a: CauetBurger|Rotom-Heat|13/100
|move|p1a: Skarmory|Spikes|p2a: CauetBurger
|-sidestart|p2: EliotEnRetar|Spikes
|
|upkeep
|turn|18
|
|t:|1617110302
|move|p2a: CauetBurger|Defog|p1a: Skarmory
|-unboost|p1a: Skarmory|evasion|1
|-sideend|p2: EliotEnRetar|Spikes|[from] move: Defog|[of] p2a: CauetBurger
|move|p1a: Skarmory|Brave Bird|p2a: CauetBurger
|-resisted|p2a: CauetBurger
|-damage|p2a: CauetBurger|4/100
|-damage|p1a: Skarmory|71/100|[from] Recoil
|
|upkeep
|turn|19
|
|t:|1617110309
|switch|p1a: Slowbro|Slowbro-Galar, F|95/100 brn
|move|p2a: CauetBurger|Overheat|p1a: Slowbro|[miss]
|-miss|p2a: CauetBurger|p1a: Slowbro
|
|-damage|p1a: Slowbro|89/100 brn|[from] brn
|upkeep
|turn|20
|
|t:|1617110315
|move|p2a: CauetBurger|Volt Switch|p1a: Slowbro
|-damage|p1a: Slowbro|61/100 brn
|
|t:|1617110318
|switch|p2a: Goodbye Stall|Crawdaunt, F|82/100|[from]move: Volt Switch
|move|p1a: Slowbro|Scald|p2a: Goodbye Stall
|-resisted|p2a: Goodbye Stall
|-damage|p2a: Goodbye Stall|63/100
|
|-heal|p2a: Goodbye Stall|69/100|[from] item: Leftovers
|-damage|p1a: Slowbro|55/100 brn|[from] brn
|upkeep
|turn|21
|
|t:|1617110325
|switch|p1a: Skarmory|Skarmory, M|71/100
|move|p2a: Goodbye Stall|Liquidation|p1a: Skarmory
|-damage|p1a: Skarmory|38/100
|
|-heal|p2a: Goodbye Stall|75/100|[from] item: Leftovers
|upkeep
|turn|22
|
|t:|1617110329
|move|p2a: Goodbye Stall|Liquidation|p1a: Skarmory
|-damage|p1a: Skarmory|0 fnt
|faint|p1a: Skarmory
|
|-heal|p2a: Goodbye Stall|81/100|[from] item: Leftovers
|upkeep
|
|t:|1617110336
|switch|p1a: Zeraora|Zeraora|100/100
|turn|23
|
|t:|1617110340
|switch|p2a: Jean-Jean|Krookodile, F|84/100
|-ability|p2a: Jean-Jean|Intimidate|boost
|-unboost|p1a: Zeraora|atk|1
|move|p1a: Zeraora|Knock Off|p2a: Jean-Jean
|-resisted|p2a: Jean-Jean
|-crit|p2a: Jean-Jean
|-damage|p2a: Jean-Jean|58/100
|-enditem|p2a: Jean-Jean|Choice Scarf|[from] move: Knock Off|[of] p1a: Zeraora
|
|upkeep
|turn|24
|
|t:|1617110363
|switch|p1a: Tangrowth|Tangrowth, M|42/100 brn
|move|p2a: Jean-Jean|High Horsepower|p1a: Tangrowth
|-resisted|p1a: Tangrowth
|-damage|p1a: Tangrowth|25/100 brn
|
|-damage|p1a: Tangrowth|19/100 brn|[from] brn
|upkeep
|turn|25
|
|t:|1617110369
|switch|p1a: Rhyperior|Rhyperior, M|100/100
|move|p2a: Jean-Jean|Knock Off|p1a: Rhyperior
|-damage|p1a: Rhyperior|73/100
|-enditem|p1a: Rhyperior|Leftovers|[from] move: Knock Off|[of] p2a: Jean-Jean
|
|upkeep
|turn|26
|
|t:|1617110385
|switch|p2a: CauetBurger|Rotom-Heat|4/100
|move|p1a: Rhyperior|Stealth Rock|p2a: CauetBurger
|-sidestart|p2: EliotEnRetar|move: Stealth Rock
|
|upkeep
|turn|27
|
|t:|1617110408
|switch|p1a: Slowbro|Slowbro-Galar, F|88/100 brn
|move|p2a: CauetBurger|Defog|p1a: Slowbro
|-unboost|p1a: Slowbro|evasion|1
|-sideend|p2: EliotEnRetar|Stealth Rock|[from] move: Defog|[of] p2a: CauetBurger
|
|-damage|p1a: Slowbro|82/100 brn|[from] brn
|upkeep
|turn|28
|
|t:|1617110416
|move|p2a: CauetBurger|Overheat|p1a: Slowbro
|-damage|p1a: Slowbro|25/100 brn
|-unboost|p2a: CauetBurger|spa|2
|move|p1a: Slowbro|Scald|p2a: CauetBurger
|-supereffective|p2a: CauetBurger
|-damage|p2a: CauetBurger|0 fnt
|faint|p2a: CauetBurger
|
|-damage|p1a: Slowbro|19/100 brn|[from] brn
|upkeep
|
|t:|1617110423
|switch|p2a: Shrekito|Tapu Bulu|90/100
|-fieldstart|move: Grassy Terrain|[from] ability: Grassy Surge|[of] p2a: Shrekito
|turn|29
|
|t:|1617110428
|switch|p1a: Tangrowth|Tangrowth, M|52/100 brn
|move|p2a: Shrekito|Wood Hammer|p1a: Tangrowth
|-resisted|p1a: Tangrowth
|-damage|p1a: Tangrowth|11/100 brn
|-damage|p2a: Shrekito|71/100|[from] Recoil
|
|-heal|p2a: Shrekito|77/100|[from] Grassy Terrain
|-heal|p1a: Tangrowth|17/100 brn|[from] Grassy Terrain
|-damage|p1a: Tangrowth|11/100 brn|[from] brn
|upkeep
|turn|30
|
|t:|1617110437
|switch|p1a: Slowbro|Slowbro-Galar, F|52/100 brn
|move|p2a: Shrekito|Wood Hammer|p1a: Slowbro
|-resisted|p1a: Slowbro
|-damage|p1a: Slowbro|10/100 brn
|-damage|p2a: Shrekito|57/100|[from] Recoil
|
|-heal|p2a: Shrekito|63/100|[from] Grassy Terrain
|-heal|p1a: Slowbro|16/100 brn|[from] Grassy Terrain
|-damage|p1a: Slowbro|10/100 brn|[from] brn
|upkeep
|turn|31
|
|t:|1617110441
|move|p2a: Shrekito|Wood Hammer|p1a: Slowbro
|-resisted|p1a: Slowbro
|-damage|p1a: Slowbro|0 fnt
|-damage|p2a: Shrekito|59/100|[from] Recoil
|faint|p1a: Slowbro
|
|-heal|p2a: Shrekito|65/100|[from] Grassy Terrain
|upkeep
|
|t:|1617110449
|switch|p1a: Keldeo|Keldeo-Resolute|100/100
|turn|32
|
|t:|1617110452
|switch|p2a: Proutix 2000|Sylveon, M|100/100
|move|p1a: Keldeo|Icy Wind|p2a: Proutix 2000
|-damage|p2a: Proutix 2000|85/100
|-unboost|p2a: Proutix 2000|spe|1
|
|-heal|p2a: Proutix 2000|91/100|[from] Grassy Terrain
|-heal|p2a: Proutix 2000|97/100|[from] item: Leftovers
|upkeep
|turn|33
|
|t:|1617110457
|switch|p1a: Rhyperior|Rhyperior, M|73/100
|move|p2a: Proutix 2000|Hyper Voice|p1a: Rhyperior
|-damage|p1a: Rhyperior|42/100
|
|-heal|p1a: Rhyperior|48/100|[from] Grassy Terrain
|-heal|p2a: Proutix 2000|100/100|[from] Grassy Terrain
|-fieldend|move: Grassy Terrain
|upkeep
|turn|34
|
|t:|1617110464
|move|p1a: Rhyperior|Stealth Rock|p2a: Proutix 2000
|-sidestart|p2: EliotEnRetar|move: Stealth Rock
|move|p2a: Proutix 2000|Hyper Voice|p1a: Rhyperior
|-damage|p1a: Rhyperior|14/100
|
|upkeep
|turn|35
|
|t:|1617110473
|move|p1a: Rhyperior|Toxic|p2a: Proutix 2000
|-status|p2a: Proutix 2000|tox
|move|p2a: Proutix 2000|Hyper Voice|p1a: Rhyperior
|-damage|p1a: Rhyperior|0 fnt
|faint|p1a: Rhyperior
|
|-damage|p2a: Proutix 2000|94/100 tox|[from] psn
|upkeep
|
|t:|1617110487
|switch|p1a: Tangrowth|Tangrowth, M|44/100 brn
|turn|36
|
|t:|1617110493
|move|p1a: Tangrowth|Knock Off|p2a: Proutix 2000
|-resisted|p2a: Proutix 2000
|-damage|p2a: Proutix 2000|89/100 tox
|-enditem|p2a: Proutix 2000|Leftovers|[from] move: Knock Off|[of] p1a: Tangrowth
|move|p2a: Proutix 2000|Hyper Voice|p1a: Tangrowth
|-damage|p1a: Tangrowth|21/100 brn
|
|-damage|p1a: Tangrowth|14/100 brn|[from] brn
|-damage|p2a: Proutix 2000|76/100 tox|[from] psn
|upkeep
|turn|37
|
|t:|1617110500
|switch|p2a: Shrekito|Tapu Bulu|65/100
|-damage|p2a: Shrekito|52/100|[from] Stealth Rock
|-fieldstart|move: Grassy Terrain|[from] ability: Grassy Surge|[of] p2a: Shrekito
|move|p1a: Tangrowth|Giga Drain|p2a: Shrekito
|-resisted|p2a: Shrekito
|-damage|p2a: Shrekito|28/100
|-heal|p1a: Tangrowth|23/100 brn|[from] drain|[of] p2a: Shrekito
|
|-heal|p2a: Shrekito|34/100|[from] Grassy Terrain
|-heal|p1a: Tangrowth|29/100 brn|[from] Grassy Terrain
|-damage|p1a: Tangrowth|23/100 brn|[from] brn
|upkeep
|turn|38
|
|t:|1617110507
|move|p2a: Shrekito|Wood Hammer|p1a: Tangrowth
|-resisted|p1a: Tangrowth
|-damage|p1a: Tangrowth|0 fnt
|-damage|p2a: Shrekito|23/100|[from] Recoil
|faint|p1a: Tangrowth
|
|-heal|p2a: Shrekito|29/100|[from] Grassy Terrain
|upkeep
|
|t:|1617110511
|switch|p1a: Keldeo|Keldeo-Resolute|100/100
|turn|39
|
|t:|1617110527
|switch|p2a: N-Hervé|Scizor, F|45/100 brn
|-damage|p2a: N-Hervé|32/100 brn|[from] Stealth Rock
|move|p1a: Keldeo|Secret Sword|p2a: N-Hervé
|-damage|p2a: N-Hervé|0 fnt
|faint|p2a: N-Hervé
|
|upkeep
|
|t:|1617110530
|switch|p2a: Proutix 2000|Sylveon, M|76/100 tox
|-damage|p2a: Proutix 2000|64/100 tox|[from] Stealth Rock
|turn|40
|
|t:|1617110532
|switch|p1a: Zeraora|Zeraora|100/100
|move|p2a: Proutix 2000|Hyper Voice|p1a: Zeraora
|-damage|p1a: Zeraora|52/100
|
|-heal|p1a: Zeraora|58/100|[from] Grassy Terrain
|-heal|p2a: Proutix 2000|70/100 tox|[from] Grassy Terrain
|-damage|p2a: Proutix 2000|64/100 tox|[from] psn
|upkeep
|turn|41
|
|t:|1617110540
|switch|p2a: Goodbye Stall|Crawdaunt, F|81/100
|-damage|p2a: Goodbye Stall|69/100|[from] Stealth Rock
|move|p1a: Zeraora|Plasma Fists|p2a: Goodbye Stall
|-supereffective|p2a: Goodbye Stall
|-damage|p2a: Goodbye Stall|0 fnt
|-fieldactivate|move: Ion Deluge
|faint|p2a: Goodbye Stall
|
|-heal|p1a: Zeraora|64/100|[from] Grassy Terrain
|-fieldend|move: Grassy Terrain
|upkeep
|
|t:|1617110542
|switch|p2a: Jean-Jean|Krookodile, F|58/100
|-damage|p2a: Jean-Jean|52/100|[from] Stealth Rock
|-ability|p2a: Jean-Jean|Intimidate|boost
|-unboost|p1a: Zeraora|atk|1
|turn|42
|
|t:|1617110549
|move|p1a: Zeraora|Play Rough|p2a: Jean-Jean
|-supereffective|p2a: Jean-Jean
|-damage|p2a: Jean-Jean|1/100
|move|p2a: Jean-Jean|Knock Off|p1a: Zeraora
|-damage|p1a: Zeraora|0 fnt
|-enditem|p1a: Zeraora|Heavy-Duty Boots|[from] move: Knock Off|[of] p2a: Jean-Jean
|faint|p1a: Zeraora
|
|upkeep
|
|t:|1617110551
|switch|p1a: Keldeo|Keldeo-Resolute|100/100
|turn|43
|
|t:|1617110555
|move|p1a: Keldeo|Hydro Pump|p2a: Jean-Jean
|-supereffective|p2a: Jean-Jean
|-damage|p2a: Jean-Jean|0 fnt
|faint|p2a: Jean-Jean
|
|upkeep
|
|t:|1617110557
|switch|p2a: Proutix 2000|Sylveon, M|64/100 tox
|-damage|p2a: Proutix 2000|52/100 tox|[from] Stealth Rock
|turn|44
|
|t:|1617110559
|move|p1a: Keldeo|Hydro Pump|p2a: Proutix 2000
|-damage|p2a: Proutix 2000|6/100 tox
|move|p2a: Proutix 2000|Hyper Voice|p1a: Keldeo
|-supereffective|p1a: Keldeo
|-damage|p1a: Keldeo|11/100
|
|-damage|p2a: Proutix 2000|0 fnt|[from] psn
|faint|p2a: Proutix 2000
|upkeep
|
|t:|1617110562
|switch|p2a: Shrekito|Tapu Bulu|29/100
|-damage|p2a: Shrekito|17/100|[from] Stealth Rock
|-fieldstart|move: Grassy Terrain|[from] ability: Grassy Surge|[of] p2a: Shrekito
|turn|45
|c|☆Hydreigon > Latias|land
|c|☆EliotEnRetar|well see
|
|t:|1617110573
|move|p1a: Keldeo|Hydro Pump|p2a: Shrekito
|-resisted|p2a: Shrekito
|-damage|p2a: Shrekito|0 fnt
|faint|p2a: Shrekito
|
|win|Hydreigon > Latias
|raw|Hydreigon &gt; Latias's rating: 1458 &rarr; <strong>1477</strong><br />(+19 for winning)
|raw|EliotEnRetar's rating: 1446 &rarr; <strong>1427</strong><br />(-19 for losing)
|c|☆EliotEnRetar|gg
|c|☆Hydreigon > Latias|gg
|l|☆EliotEnRetar
