|raw|<div class="broadcast-blue"><strong>This battle is required to be public due to a player having a name starting with 'uult94a'.</div>
|j|☆DDD951
|j|☆uult94a km
|t:|1653765514
|gametype|singles
|player|p1|DDD951|101|1384
|player|p2|uult94a km|#uuplxsisters|1560
|teamsize|p1|6
|teamsize|p2|6
|gen|8
|tier|[Gen 8] UU
|rated|
|rule|Sleep Clause Mod: Limit one foe put to sleep
|rule|Species Clause: Limit one of each Pokémon
|rule|OHKO Clause: OHKO moves are banned
|rule|Evasion Moves Clause: Evasion moves are banned
|rule|Endless Battle Clause: Forcing endless battles is banned
|rule|HP Percentage Mod: HP is shown in percentages
|rule|Dynamax Clause: You cannot dynamax
|clearpoke
|poke|p1|Gyarados, F|
|poke|p1|Scizor, F|
|poke|p1|Slowbro-Galar, F|
|poke|p1|Swampert, F|
|poke|p1|Hydreigon, F|
|poke|p1|Conkeldurr, M|
|poke|p2|Swampert, M|
|poke|p2|Aegislash, F|
|poke|p2|Vanilluxe, F|
|poke|p2|Arctovish|
|poke|p2|Mandibuzz, F|
|poke|p2|Slowking, M|
|teampreview
|c|☆uult94a km|hf
|j| Mionda ✿
|c|☆DDD951|u2
|
|t:|1653765528
|start
|switch|p1a: Scizor|Scizor, F|100/100
|switch|p2a: Vanilluxe|Vanilluxe, F|100/100
|-weather|Hail|[from] ability: Snow Warning|[of] p2a: Vanilluxe
|turn|1
|
|t:|1653765534
|switch|p2a: Mandibuzz|Mandibuzz, F|100/100
|move|p1a: Scizor|U-turn|p2a: Mandibuzz
|-damage|p2a: Mandibuzz|72/100
|-damage|p1a: Scizor|91/100|[from] item: Life Orb
|
|t:|1653765539
|switch|p1a: Conkeldurr|Conkeldurr, M|100/100|[from]move: U-turn
|
|-weather|Hail|[upkeep]
|-damage|p1a: Conkeldurr|94/100|[from] Hail
|-status|p1a: Conkeldurr|brn|[from] item: Flame Orb
|upkeep
|turn|2
|
|t:|1653765548
|move|p2a: Mandibuzz|Foul Play|p1a: Conkeldurr
|-resisted|p1a: Conkeldurr
|-damage|p1a: Conkeldurr|71/100 brn
|move|p1a: Conkeldurr|Bulk Up|p1a: Conkeldurr
|-boost|p1a: Conkeldurr|atk|1
|-boost|p1a: Conkeldurr|def|1
|
|-weather|Hail|[upkeep]
|-damage|p1a: Conkeldurr|65/100 brn|[from] Hail
|-damage|p1a: Conkeldurr|59/100 brn|[from] brn
|upkeep
|turn|3
|
|t:|1653765558
|move|p2a: Mandibuzz|Foul Play|p1a: Conkeldurr
|-resisted|p1a: Conkeldurr
|-damage|p1a: Conkeldurr|39/100 brn
|move|p1a: Conkeldurr|Drain Punch|p2a: Mandibuzz
|-damage|p2a: Mandibuzz|24/100
|-heal|p1a: Conkeldurr|64/100 brn|[from] drain|[of] p2a: Mandibuzz
|
|-weather|Hail|[upkeep]
|-damage|p1a: Conkeldurr|58/100 brn|[from] Hail
|-damage|p1a: Conkeldurr|52/100 brn|[from] brn
|upkeep
|turn|4
|
|t:|1653765568
|move|p2a: Mandibuzz|Foul Play|p1a: Conkeldurr
|-resisted|p1a: Conkeldurr
|-damage|p1a: Conkeldurr|30/100 brn
|move|p1a: Conkeldurr|Drain Punch|p2a: Mandibuzz
|-damage|p2a: Mandibuzz|0 fnt
|-heal|p1a: Conkeldurr|43/100 brn|[from] drain|[of] p2a: Mandibuzz
|faint|p2a: Mandibuzz
|
|-weather|Hail|[upkeep]
|-damage|p1a: Conkeldurr|37/100 brn|[from] Hail
|-damage|p1a: Conkeldurr|30/100 brn|[from] brn
|upkeep
|
|t:|1653765573
|switch|p2a: Aegislash|Aegislash, F|100/100
|turn|5
|
|t:|1653765580
|switch|p1a: Hydreigon|Hydreigon, F|100/100
|-formechange|p2a: Aegislash|Aegislash-Blade||[from] ability: Stance Change
|move|p2a: Aegislash|Flash Cannon|p1a: Hydreigon
|-damage|p1a: Hydreigon|13/100
|-unboost|p1a: Hydreigon|spd|1
|
|-weather|none
|upkeep
|turn|6
|
|t:|1653765590
|switch|p2a: Swampert|Swampert, M|100/100
|move|p1a: Hydreigon|Dark Pulse|p2a: Swampert
|-damage|p2a: Swampert|50/100
|
|-heal|p2a: Swampert|56/100|[from] item: Leftovers
|upkeep
|turn|7
|
|t:|1653765597
|move|p1a: Hydreigon|Dark Pulse|p2a: Swampert
|-damage|p2a: Swampert|2/100
|move|p2a: Swampert|Stealth Rock|p1a: Hydreigon
|-sidestart|p1: DDD951|move: Stealth Rock
|
|-heal|p2a: Swampert|8/100|[from] item: Leftovers
|upkeep
|turn|8
|
|t:|1653765603
|move|p1a: Hydreigon|Dark Pulse|p2a: Swampert
|-damage|p2a: Swampert|0 fnt
|faint|p2a: Swampert
|
|upkeep
|
|t:|1653765607
|switch|p2a: Vanilluxe|Vanilluxe, F|100/100
|-weather|Hail|[from] ability: Snow Warning|[of] p2a: Vanilluxe
|turn|9
|
|t:|1653765612
|move|p2a: Vanilluxe|Blizzard|p1a: Hydreigon
|-supereffective|p1a: Hydreigon
|-damage|p1a: Hydreigon|0 fnt
|faint|p1a: Hydreigon
|
|-weather|Hail|[upkeep]
|upkeep
|
|t:|1653765619
|switch|p1a: Scizor|Scizor, F|91/100
|-damage|p1a: Scizor|78/100|[from] Stealth Rock
|turn|10
|
|t:|1653765624
|move|p2a: Vanilluxe|Blizzard|p1a: Scizor
|-resisted|p1a: Scizor
|-damage|p1a: Scizor|40/100
|move|p1a: Scizor|Knock Off|p2a: Vanilluxe
|-damage|p2a: Vanilluxe|38/100
|-enditem|p2a: Vanilluxe|Choice Scarf|[from] move: Knock Off|[of] p1a: Scizor
|-damage|p1a: Scizor|30/100|[from] item: Life Orb
|
|-weather|Hail|[upkeep]
|-damage|p1a: Scizor|24/100|[from] Hail
|upkeep
|turn|11
|
|t:|1653765634
|switch|p2a: Aegislash|Aegislash, F|100/100
|move|p1a: Scizor|Bullet Punch|p2a: Aegislash
|-resisted|p2a: Aegislash
|-damage|p2a: Aegislash|78/100
|-damage|p1a: Scizor|14/100|[from] item: Life Orb
|
|-weather|Hail|[upkeep]
|-damage|p1a: Scizor|8/100|[from] Hail
|-damage|p2a: Aegislash|71/100|[from] Hail
|upkeep
|turn|12
|
|t:|1653765645
|move|p1a: Scizor|Knock Off|p2a: Aegislash
|-supereffective|p2a: Aegislash
|-damage|p2a: Aegislash|0 fnt
|-enditem|p2a: Aegislash|Choice Specs|[from] move: Knock Off|[of] p1a: Scizor
|faint|p2a: Aegislash
|-damage|p1a: Scizor|0 fnt|[from] item: Life Orb
|faint|p1a: Scizor
|
|-weather|Hail|[upkeep]
|upkeep
|
|t:|1653765654
|switch|p1a: Conkeldurr|Conkeldurr, M|30/100 brn
|switch|p2a: Arctovish|Arctovish|100/100
|-damage|p1a: Conkeldurr|24/100 brn|[from] Stealth Rock
|turn|13
|
|t:|1653765660
|move|p1a: Conkeldurr|Mach Punch|p2a: Arctovish
|-supereffective|p2a: Arctovish
|-damage|p2a: Arctovish|34/100
|move|p2a: Arctovish|Fishious Rend|p1a: Conkeldurr
|-damage|p1a: Conkeldurr|0 fnt
|faint|p1a: Conkeldurr
|
|-weather|none
|upkeep
|j| Sergent Fantoche
|
|t:|1653765667
|switch|p1a: Slowbro|Slowbro-Galar, F|100/100
|-damage|p1a: Slowbro|88/100|[from] Stealth Rock
|turn|14
|
|t:|1653765673
|move|p2a: Arctovish|Fishious Rend|p1a: Slowbro
|-damage|p1a: Slowbro|21/100
|move|p1a: Slowbro|Psyshock|p2a: Arctovish
|-damage|p2a: Arctovish|0 fnt
|faint|p2a: Arctovish
|
|upkeep
|
|t:|1653765677
|switch|p2a: Vanilluxe|Vanilluxe, F|38/100
|-weather|Hail|[from] ability: Snow Warning|[of] p2a: Vanilluxe
|turn|15
|
|t:|1653765682
|switch|p1a: Swampert|Swampert, F|100/100
|-damage|p1a: Swampert|94/100|[from] Stealth Rock
|move|p2a: Vanilluxe|Freeze-Dry|p1a: Swampert
|-supereffective|p1a: Swampert
|-damage|p1a: Swampert|0 fnt
|faint|p1a: Swampert
|
|-weather|Hail|[upkeep]
|upkeep
|
|t:|1653765690
|switch|p1a: Slowbro|Slowbro-Galar, F|54/100
|-damage|p1a: Slowbro|41/100|[from] Stealth Rock
|turn|16
|
|t:|1653765694
|switch|p2a: Slowking|Slowking, M|100/100
|switch|p1a: Gyarados|Gyarados, F|100/100
|-damage|p1a: Gyarados|76/100|[from] Stealth Rock
|-ability|p1a: Gyarados|Intimidate|boost
|-unboost|p2a: Slowking|atk|1
|
|-weather|Hail|[upkeep]
|-damage|p1a: Gyarados|69/100|[from] Hail
|-damage|p2a: Slowking|94/100|[from] Hail
|upkeep
|turn|17
|
|t:|1653765704
|move|p1a: Gyarados|Power Whip|p2a: Slowking
|-supereffective|p2a: Slowking
|-damage|p2a: Slowking|0 fnt
|faint|p2a: Slowking
|
|-weather|Hail|[upkeep]
|-damage|p1a: Gyarados|63/100|[from] Hail
|upkeep
|
|t:|1653765706
|switch|p2a: Vanilluxe|Vanilluxe, F|38/100
|turn|18
|
|t:|1653765714
|move|p2a: Vanilluxe|Blizzard|p1a: Gyarados
|-damage|p1a: Gyarados|15/100
|move|p1a: Gyarados|Power Whip|p2a: Vanilluxe
|-damage|p2a: Vanilluxe|0 fnt
|faint|p2a: Vanilluxe
|
|win|DDD951
|raw|DDD951's rating: 1384 &rarr; <strong>1413</strong><br />(+29 for winning)
|raw|uult94a km's rating: 1560 &rarr; <strong>1531</strong><br />(-29 for losing)
|l|☆uult94a km
|l| Sergent Fantoche
|l| Mionda ✿
||Ladder isn't responding, score probably updated but might not have (Request timeout).
