|j|☆gijion chilli
|j|☆nom522
|player|p1|gijion chilli|twins-gen4dp|1644
|player|p2|nom522|247|1343
|teamsize|p1|6
|teamsize|p2|6
|gametype|singles
|gen|8
|tier|[Gen 8] UU
|rated|
|clearpoke
|poke|p1|Machamp, F|
|poke|p1|Weavile, M|
|poke|p1|Duraludon, M|
|poke|p1|Weezing-Galar, F|
|poke|p1|Doublade, F|
|poke|p1|Gardevoir, M|
|poke|p2|Weavile, F|
|poke|p2|Hippowdon, M|
|poke|p2|Weezing-Galar, M|
|poke|p2|Milotic, M|
|poke|p2|Charizard, F|
|poke|p2|Umbreon, F|
|rule|Sleep Clause Mod: Limit one foe put to sleep
|rule|Species Clause: Limit one of each Pokémon
|rule|OHKO Clause: OHKO moves are banned
|rule|Evasion Moves Clause: Evasion moves are banned
|rule|Endless Battle Clause: Forcing endless battles is banned
|rule|HP Percentage Mod: HP is shown in percentages
|rule|Dynamax Clause: You cannot dynamax
|teampreview
|inactive|Battle timer is ON: inactive players will automatically lose when time's up. (requested by nom522)
|
|start
|switch|p1a: Duraludon|Duraludon, M|100/100
|switch|p2a: Weezing|Weezing-Galar, M|100/100
|turn|1
|
|switch|p2a: Umbreon|Umbreon, F|100/100
|move|p1a: Duraludon|Flash Cannon|p2a: Umbreon
|-damage|p2a: Umbreon|80/100
|
|-heal|p2a: Umbreon|86/100|[from] item: Leftovers
|upkeep
|turn|2
|
|move|p1a: Duraludon|Stealth Rock|p2a: Umbreon
|-sidestart|p2: nom522|move: Stealth Rock
|move|p2a: Umbreon|Foul Play|p1a: Duraludon
|-damage|p1a: Duraludon|74/100
|
|-heal|p2a: Umbreon|92/100|[from] item: Leftovers
|upkeep
|turn|3
|
|switch|p1a: Machamp|Machamp, F|100/100
|move|p2a: Umbreon|Foul Play|p1a: Machamp
|-resisted|p1a: Machamp
|-damage|p1a: Machamp|67/100
|
|-heal|p2a: Umbreon|98/100|[from] item: Leftovers
|-status|p1a: Machamp|brn|[from] item: Flame Orb
|upkeep
|turn|4
|
|move|p2a: Umbreon|Protect|p2a: Umbreon
|-singleturn|p2a: Umbreon|Protect
|move|p1a: Machamp|Facade|p2a: Umbreon
|-activate|p2a: Umbreon|move: Protect
|
|-heal|p2a: Umbreon|100/100|[from] item: Leftovers
|-damage|p1a: Machamp|61/100 brn|[from] brn
|upkeep
|turn|5
|
|move|p1a: Machamp|Facade|p2a: Umbreon
|-damage|p2a: Umbreon|33/100
|move|p2a: Umbreon|Foul Play|p1a: Machamp
|-resisted|p1a: Machamp
|-damage|p1a: Machamp|24/100 brn
|
|-heal|p2a: Umbreon|39/100|[from] item: Leftovers
|-damage|p1a: Machamp|18/100 brn|[from] brn
|upkeep
|turn|6
|
|switch|p2a: Weezing|Weezing-Galar, M|100/100
|-damage|p2a: Weezing|88/100|[from] Stealth Rock
|move|p1a: Machamp|Facade|p2a: Weezing
|-damage|p2a: Weezing|36/100
|-damage|p1a: Machamp|2/100 brn|[from] item: Rocky Helmet|[of] p2a: Weezing
|
|-damage|p1a: Machamp|0 fnt|[from] brn
|faint|p1a: Machamp
|upkeep
|
|switch|p1a: Weezing|Weezing-Galar, F|100/100
|turn|7
|
|switch|p2a: Hippowdon|Hippowdon, M|100/100
|-damage|p2a: Hippowdon|94/100|[from] Stealth Rock
|-weather|Sandstorm|[from] ability: Sand Stream|[of] p2a: Hippowdon
|move|p1a: Weezing|Sludge Bomb|p2a: Hippowdon
|-resisted|p2a: Hippowdon
|-damage|p2a: Hippowdon|72/100
|
|-weather|Sandstorm|[upkeep]
|-damage|p1a: Weezing|94/100|[from] Sandstorm
|-heal|p1a: Weezing|100/100|[from] item: Black Sludge
|-heal|p2a: Hippowdon|79/100|[from] item: Leftovers
|upkeep
|turn|8
|
|move|p1a: Weezing|Toxic|p2a: Hippowdon
|-status|p2a: Hippowdon|tox
|move|p2a: Hippowdon|Stealth Rock|p1a: Weezing
|-sidestart|p1: gijion chilli|move: Stealth Rock
|
|-weather|Sandstorm|[upkeep]
|-damage|p1a: Weezing|94/100|[from] Sandstorm
|-heal|p1a: Weezing|100/100|[from] item: Black Sludge
|-heal|p2a: Hippowdon|85/100 tox|[from] item: Leftovers
|-damage|p2a: Hippowdon|79/100 tox|[from] psn
|upkeep
|turn|9
|
|move|p1a: Weezing|Strange Steam|p2a: Hippowdon
|-damage|p2a: Hippowdon|38/100 tox
|-start|p2a: Hippowdon|confusion
|-activate|p2a: Hippowdon|confusion
|-damage|p2a: Hippowdon|32/100 tox|[from] confusion
|
|-weather|Sandstorm|[upkeep]
|-damage|p1a: Weezing|94/100|[from] Sandstorm
|-heal|p1a: Weezing|100/100|[from] item: Black Sludge
|-heal|p2a: Hippowdon|39/100 tox|[from] item: Leftovers
|-damage|p2a: Hippowdon|26/100 tox|[from] psn
|upkeep
|turn|10
|
|move|p1a: Weezing|Strange Steam|p2a: Hippowdon
|-damage|p2a: Hippowdon|0 fnt
|faint|p2a: Hippowdon
|
|-weather|Sandstorm|[upkeep]
|-damage|p1a: Weezing|94/100|[from] Sandstorm
|-heal|p1a: Weezing|100/100|[from] item: Black Sludge
|upkeep
|
|switch|p2a: Milotic|Milotic, M|100/100
|-damage|p2a: Milotic|88/100|[from] Stealth Rock
|turn|11
|
|move|p1a: Weezing|Toxic|p2a: Milotic
|-status|p2a: Milotic|tox
|move|p2a: Milotic|Scald|p1a: Weezing
|-damage|p1a: Weezing|59/100
|-status|p1a: Weezing|brn
|
|-weather|none
|-heal|p1a: Weezing|65/100 brn|[from] item: Black Sludge
|-heal|p2a: Milotic|94/100 tox|[from] item: Leftovers
|-damage|p1a: Weezing|59/100 brn|[from] brn
|-damage|p2a: Milotic|88/100 tox|[from] psn
|upkeep
|turn|12
|
|switch|p1a: Duraludon|Duraludon, M|74/100
|-damage|p1a: Duraludon|68/100|[from] Stealth Rock
|move|p2a: Milotic|Mirror Coat||[still]
|-fail|p2a: Milotic
|
|-heal|p2a: Milotic|94/100 tox|[from] item: Leftovers
|-damage|p2a: Milotic|82/100 tox|[from] psn
|upkeep
|turn|13
|
|move|p1a: Duraludon|Thunderbolt|p2a: Milotic
|-supereffective|p2a: Milotic
|-damage|p2a: Milotic|48/100 tox
|move|p2a: Milotic|Mirror Coat|p1a: Duraludon
|-damage|p1a: Duraludon|0 fnt
|faint|p1a: Duraludon
|
|-heal|p2a: Milotic|55/100 tox|[from] item: Leftovers
|-damage|p2a: Milotic|36/100 tox|[from] psn
|upkeep
|
|switch|p1a: Weavile|Weavile, M|100/100
|-damage|p1a: Weavile|76/100|[from] Stealth Rock
|-ability|p1a: Weavile|Pressure
|turn|14
|
|switch|p2a: Weezing|Weezing-Galar, M|36/100
|-damage|p2a: Weezing|23/100|[from] Stealth Rock
|move|p1a: Weavile|Knock Off|p2a: Weezing
|-resisted|p2a: Weezing
|-damage|p2a: Weezing|3/100
|-damage|p1a: Weavile|59/100|[from] item: Rocky Helmet|[of] p2a: Weezing
|-enditem|p2a: Weezing|Rocky Helmet|[from] move: Knock Off|[of] p1a: Weavile
|-damage|p1a: Weavile|49/100|[from] item: Life Orb
|
|upkeep
|turn|15
|
|move|p1a: Weavile|Knock Off|p2a: Weezing
|-resisted|p2a: Weezing
|-damage|p2a: Weezing|0 fnt
|-damage|p1a: Weavile|39/100|[from] item: Life Orb
|faint|p2a: Weezing
|
|upkeep
|
|switch|p2a: Umbreon|Umbreon, F|39/100
|-damage|p2a: Umbreon|26/100|[from] Stealth Rock
|turn|16
|
|move|p2a: Umbreon|Protect|p2a: Umbreon
|-singleturn|p2a: Umbreon|Protect
|move|p1a: Weavile|Low Kick|p2a: Umbreon
|-activate|p2a: Umbreon|move: Protect
|
|-heal|p2a: Umbreon|32/100|[from] item: Leftovers
|upkeep
|turn|17
|
|move|p1a: Weavile|Low Kick|p2a: Umbreon
|-supereffective|p2a: Umbreon
|-damage|p2a: Umbreon|0 fnt
|-damage|p1a: Weavile|29/100|[from] item: Life Orb
|faint|p2a: Umbreon
|
|upkeep
|
|switch|p2a: Weavile|Weavile, F|100/100
|-ability|p2a: Weavile|Pressure
|turn|18
|
|move|p1a: Weavile|Low Kick|p2a: Weavile
|-supereffective|p2a: Weavile
|-damage|p2a: Weavile|0 fnt
|-damage|p1a: Weavile|19/100|[from] item: Life Orb
|faint|p2a: Weavile
|
|upkeep
|
|switch|p2a: Charizard|Charizard, F|100/100
|turn|19
|
|move|p1a: Weavile|Knock Off|p2a: Charizard
|-damage|p2a: Charizard|10/100
|-enditem|p2a: Charizard|Heavy-Duty Boots|[from] move: Knock Off|[of] p1a: Weavile
|-damage|p1a: Weavile|9/100|[from] item: Life Orb
|move|p2a: Charizard|Dragon Dance|p2a: Charizard
|-boost|p2a: Charizard|atk|1
|-boost|p2a: Charizard|spe|1
|
|upkeep
|turn|20
|
|move|p1a: Weavile|Ice Shard|p2a: Charizard
|-damage|p2a: Charizard|0 fnt
|-damage|p1a: Weavile|0 fnt|[from] item: Life Orb
|faint|p2a: Charizard
|faint|p1a: Weavile
|
|upkeep
|
|switch|p1a: Gardevoir|Gardevoir, M|100/100
|switch|p2a: Milotic|Milotic, M|36/100 tox
|-damage|p1a: Gardevoir|88/100|[from] Stealth Rock
|-ability|p1a: Gardevoir|Competitive|[from] ability: Trace|[of] p2a: Milotic
|-damage|p2a: Milotic|24/100 tox|[from] Stealth Rock
|turn|21
|
|move|p1a: Gardevoir|Moonblast|p2a: Milotic
|-damage|p2a: Milotic|0 fnt
|faint|p2a: Milotic
|
|win|gijion chilli
|raw|gijion chilli's rating: 1644 &rarr; <strong>1650</strong><br />(+6 for winning)
|raw|nom522's rating: 1343 &rarr; <strong>1337</strong><br />(-6 for losing)
|c|☆gijion chilli|Gg
|l|☆nom522
