|j|☆Shades438
|j|☆wShoyo
|t:|1662310734
|gametype|singles
|player|p1|Shades438|brendan-gen3rs|1370
|player|p2|wShoyo|brendan|1393
|teamsize|p1|6
|teamsize|p2|6
|gen|8
|tier|[Gen 8] UU
|rated|
|rule|Sleep Clause Mod: Limit one foe put to sleep
|rule|Species Clause: Limit one of each Pokémon
|rule|OHKO Clause: OHKO moves are banned
|rule|Evasion Items Clause: Evasion items are banned
|rule|Evasion Moves Clause: Evasion moves are banned
|rule|Endless Battle Clause: Forcing endless battles is banned
|rule|HP Percentage Mod: HP is shown in percentages
|rule|Dynamax Clause: You cannot dynamax
|clearpoke
|poke|p1|Politoed, M|
|poke|p1|Kingdra, M|
|poke|p1|Azumarill, M|
|poke|p1|Tornadus, M|
|poke|p1|Salamence, M|
|poke|p1|Chansey, F|
|poke|p2|Crawdaunt, M|
|poke|p2|Tangrowth, M|
|poke|p2|Swampert, M|
|poke|p2|Moltres|
|poke|p2|Thundurus-Therian, M|
|poke|p2|Jirachi|
|teampreview
|j| Kasha Kel.Trainer
|
|t:|1662310747
|start
|switch|p1a: Politoed|Politoed, M|100/100
|switch|p2a: Thundurus|Thundurus-Therian, M, shiny|100/100
|-weather|RainDance|[from] ability: Drizzle|[of] p1a: Politoed
|turn|1
|c|☆Shades438|wShoyo
|c|☆Shades438|hello
|c|☆wShoyo|hi
|
|t:|1662310759
|switch|p1a: Chansey|Chansey, F|100/100
|move|p2a: Thundurus|Volt Switch|p1a: Chansey
|-damage|p1a: Chansey|81/100
|
|t:|1662310761
|switch|p2a: Crawdaunt|Crawdaunt, M|100/100|[from]move: Volt Switch
|
|-weather|RainDance|[upkeep]
|upkeep
|turn|2
|
|t:|1662310767
|switch|p1a: Salamence|Salamence, M|100/100
|-ability|p1a: Salamence|Intimidate|boost
|-unboost|p2a: Crawdaunt|atk|1
|move|p2a: Crawdaunt|Crabhammer|p1a: Salamence
|-resisted|p1a: Salamence
|-crit|p1a: Salamence
|-damage|p1a: Salamence|0 fnt
|faint|p1a: Salamence
|
|-weather|RainDance|[upkeep]
|upkeep
|
|t:|1662310798
|switch|p1a: Kingdra|Kingdra, M|100/100
|turn|3
|
|t:|1662310805
|switch|p2a: Swampert|Swampert, M|100/100
|move|p1a: Kingdra|Surf|p2a: Swampert
|-damage|p2a: Swampert|43/100
|
|-weather|RainDance|[upkeep]
|-heal|p2a: Swampert|49/100|[from] item: Leftovers
|upkeep
|turn|4
|
|t:|1662310808
|move|p2a: Swampert|Protect|p2a: Swampert
|-singleturn|p2a: Swampert|Protect
|move|p1a: Kingdra|Surf|p2a: Swampert
|-activate|p2a: Swampert|move: Protect
|
|-weather|RainDance|[upkeep]
|-heal|p2a: Swampert|55/100|[from] item: Leftovers
|upkeep
|turn|5
|
|t:|1662310812
|switch|p2a: Tangrowth|Tangrowth, M|100/100
|move|p1a: Kingdra|Surf|p2a: Tangrowth
|-resisted|p2a: Tangrowth
|-damage|p2a: Tangrowth|38/100
|
|-weather|RainDance|[upkeep]
|upkeep
|turn|6
|
|t:|1662310819
|switch|p2a: Swampert|Swampert, M|55/100
|move|p1a: Kingdra|Surf|p2a: Swampert
|-damage|p2a: Swampert|0 fnt
|faint|p2a: Swampert
|
|-weather|RainDance|[upkeep]
|upkeep
|inactive|Battle timer is ON: inactive players will automatically lose when time's up. (requested by Shades438)
|
|t:|1662310858
|switch|p2a: Crawdaunt|Crawdaunt, M|100/100
|turn|7
|
|t:|1662310881
|move|p1a: Kingdra|Surf|p2a: Crawdaunt
|-resisted|p2a: Crawdaunt
|-damage|p2a: Crawdaunt|2/100
|move|p2a: Crawdaunt|Knock Off|p1a: Kingdra
|-damage|p1a: Kingdra|0 fnt
|-enditem|p1a: Kingdra|Choice Specs|[from] move: Knock Off|[of] p2a: Crawdaunt
|faint|p1a: Kingdra
|
|-weather|RainDance|[upkeep]
|upkeep
|
|t:|1662310888
|switch|p1a: Azumarill|Azumarill, M|100/100
|turn|8
|
|t:|1662310895
|switch|p2a: Tangrowth|Tangrowth, M|71/100
|move|p1a: Azumarill|Ice Punch|p2a: Tangrowth
|-supereffective|p2a: Tangrowth
|-damage|p2a: Tangrowth|24/100
|-damage|p1a: Azumarill|84/100|[from] item: Rocky Helmet|[of] p2a: Tangrowth
|
|-weather|none
|upkeep
|turn|9
|
|t:|1662310901
|switch|p1a: Politoed|Politoed, M|100/100
|-weather|RainDance|[from] ability: Drizzle|[of] p1a: Politoed
|switch|p2a: Jirachi|Jirachi, shiny|100/100
|
|-weather|RainDance|[upkeep]
|upkeep
|turn|10
|
|t:|1662310912
|move|p2a: Jirachi|Thunder Punch|p1a: Politoed
|-supereffective|p1a: Politoed
|-damage|p1a: Politoed|48/100
|move|p1a: Politoed|Scald|p2a: Jirachi
|-damage|p2a: Jirachi|63/100
|-status|p2a: Jirachi|brn
|
|-weather|RainDance|[upkeep]
|-damage|p2a: Jirachi|57/100 brn|[from] brn
|upkeep
|turn|11
|
|t:|1662310927
|switch|p1a: Tornadus|Tornadus, M|100/100
|move|p2a: Jirachi|Thunder Punch|p1a: Tornadus
|-supereffective|p1a: Tornadus
|-damage|p1a: Tornadus|54/100
|
|-weather|RainDance|[upkeep]
|-damage|p2a: Jirachi|51/100 brn|[from] brn
|upkeep
|turn|12
|
|t:|1662310937
|move|p1a: Tornadus|Weather Ball|p2a: Jirachi
|-damage|p2a: Jirachi|0 fnt
|faint|p2a: Jirachi
|
|-weather|RainDance|[upkeep]
|upkeep
|
|t:|1662310962
|switch|p2a: Crawdaunt|Crawdaunt, M|2/100
|turn|13
|
|t:|1662310973
|switch|p1a: Chansey|Chansey, F|81/100
|move|p2a: Crawdaunt|Aqua Jet|p1a: Chansey
|-damage|p1a: Chansey|37/100
|
|-weather|RainDance|[upkeep]
|upkeep
|turn|14
|
|t:|1662310979
|move|p2a: Crawdaunt|Aqua Jet|p1a: Chansey
|-damage|p1a: Chansey|0 fnt
|faint|p1a: Chansey
|
|-weather|RainDance|[upkeep]
|upkeep
|
|t:|1662310981
|switch|p1a: Azumarill|Azumarill, M|84/100
|turn|15
|
|t:|1662310989
|switch|p2a: Tangrowth|Tangrowth, M|57/100
|move|p1a: Azumarill|Liquidation|p2a: Tangrowth
|-resisted|p2a: Tangrowth
|-damage|p2a: Tangrowth|25/100
|-damage|p1a: Azumarill|67/100|[from] item: Rocky Helmet|[of] p2a: Tangrowth
|
|-weather|RainDance|[upkeep]
|upkeep
|turn|16
|l| Kasha Kel.Trainer
|inactive|wShoyo has 120 seconds left.
|
|t:|1662311031
|switch|p2a: Moltres|Moltres|100/100
|move|p1a: Azumarill|Liquidation|p2a: Moltres
|-supereffective|p2a: Moltres
|-damage|p2a: Moltres|0 fnt
|-status|p1a: Azumarill|brn|[from] ability: Flame Body|[of] p2a: Moltres
|faint|p2a: Moltres
|
|-weather|none
|-damage|p1a: Azumarill|61/100 brn|[from] brn
|upkeep
|
|t:|1662311034
|switch|p2a: Thundurus|Thundurus-Therian, M, shiny|100/100
|turn|17
|inactive|wShoyo has 120 seconds left.
|c|☆wShoyo|is banded
|
|t:|1662311047
|switch|p1a: Politoed|Politoed, M|48/100
|-weather|RainDance|[from] ability: Drizzle|[of] p1a: Politoed
|move|p2a: Thundurus|Volt Switch|p1a: Politoed
|-supereffective|p1a: Politoed
|-damage|p1a: Politoed|0 fnt
|faint|p1a: Politoed
|c|☆wShoyo|azumarill
|
|t:|1662311057
|switch|p2a: Tangrowth|Tangrowth, M|59/100|[from]move: Volt Switch
|
|-weather|RainDance|[upkeep]
|upkeep
|
|t:|1662311060
|switch|p1a: Tornadus|Tornadus, M|54/100
|turn|18
|inactive|wShoyo has 120 seconds left.
|
|t:|1662311084
|switch|p2a: Thundurus|Thundurus-Therian, M, shiny|100/100
|move|p1a: Tornadus|Hurricane|p2a: Thundurus
|-resisted|p2a: Thundurus
|-damage|p2a: Thundurus|48/100
|-start|p2a: Thundurus|confusion
|
|-weather|RainDance|[upkeep]
|upkeep
|turn|19
|inactive|wShoyo has 120 seconds left.
|
|t:|1662311090
|move|p1a: Tornadus|Hurricane|p2a: Thundurus
|-resisted|p2a: Thundurus
|-damage|p2a: Thundurus|0 fnt
|faint|p2a: Thundurus
|
|-weather|RainDance|[upkeep]
|upkeep
|
|t:|1662311092
|switch|p2a: Crawdaunt|Crawdaunt, M|2/100
|turn|20
|
|t:|1662311096
|switch|p1a: Azumarill|Azumarill, M|61/100 brn
|switch|p2a: Tangrowth|Tangrowth, M|92/100
|
|-weather|RainDance|[upkeep]
|-damage|p1a: Azumarill|55/100 brn|[from] brn
|upkeep
|turn|21
|
|t:|1662311105
|switch|p1a: Tornadus|Tornadus, M|54/100
|move|p2a: Tangrowth|Knock Off|p1a: Tornadus
|-damage|p1a: Tornadus|18/100
|-enditem|p1a: Tornadus|Choice Specs|[from] move: Knock Off|[of] p2a: Tangrowth
|
|-weather|RainDance|[upkeep]
|upkeep
|turn|22
|
|t:|1662311114
|move|p1a: Tornadus|Hurricane|p2a: Tangrowth
|-supereffective|p2a: Tangrowth
|-damage|p2a: Tangrowth|0 fnt
|faint|p2a: Tangrowth
|
|-weather|RainDance|[upkeep]
|upkeep
|
|t:|1662311117
|switch|p2a: Crawdaunt|Crawdaunt, M|2/100
|turn|23
|
|t:|1662311120
|move|p2a: Crawdaunt|Aqua Jet|p1a: Tornadus
|-damage|p1a: Tornadus|0 fnt
|faint|p1a: Tornadus
|
|-weather|RainDance|[upkeep]
|upkeep
|
|t:|1662311121
|switch|p1a: Azumarill|Azumarill, M|55/100 brn
|turn|24
|
|t:|1662311124
|move|p2a: Crawdaunt|Aqua Jet|p1a: Azumarill
|-resisted|p1a: Azumarill
|-damage|p1a: Azumarill|25/100 brn
|move|p1a: Azumarill|Aqua Jet|p2a: Crawdaunt
|-resisted|p2a: Crawdaunt
|-damage|p2a: Crawdaunt|0 fnt
|faint|p2a: Crawdaunt
|
|win|Shades438
|raw|Shades438's rating: 1370 &rarr; <strong>1391</strong><br />(+21 for winning)
|raw|wShoyo's rating: 1393 &rarr; <strong>1372</strong><br />(-21 for losing)
