|j|☆udongirl
|j|☆Moutemoute
|t:|1652531344
|gametype|singles
|player|p1|udongirl|#bltviiiturtwigs|
|player|p2|Moutemoute|#moutemoute|
|teamsize|p1|6
|teamsize|p2|6
|gen|8
|tier|[Gen 8] UU
|rule|Sleep Clause Mod: Limit one foe put to sleep
|rule|Species Clause: Limit one of each Pokémon
|rule|OHKO Clause: OHKO moves are banned
|rule|Evasion Moves Clause: Evasion moves are banned
|rule|Endless Battle Clause: Forcing endless battles is banned
|rule|HP Percentage Mod: HP is shown in percentages
|rule|Dynamax Clause: You cannot dynamax
|clearpoke
|poke|p1|Salamence, M|
|poke|p1|Celesteela|
|poke|p1|Nihilego|
|poke|p1|Slowking, F|
|poke|p1|Conkeldurr, F|
|poke|p1|Excadrill, M|
|poke|p2|Chandelure, F|
|poke|p2|Cobalion|
|poke|p2|Primarina, F|
|poke|p2|Tangrowth, F|
|poke|p2|Scizor, F|
|poke|p2|Zygarde-10%|
|teampreview
|c|☆Moutemoute|hf
|c|☆udongirl|u2
|c|☆Moutemoute|can u public ?
|j|&Kennedy
|j|&Alex
|j|+twincell
|c|☆udongirl|idk how to public
|j| stl umap tle
|c|&Kennedy|I can if you want
|c|☆udongirl|but okay
|c| stl umap tle|go udongirl :3
|j| nakabisha2
|c|&Kennedy|/log Kennedy made this room public.
|c|☆Moutemoute|goat Kennedy
|c|☆Moutemoute|./publicroom udongirl
|c|+twincell|Go udongirl
|j| Floss
|c|☆Moutemoute|if you wanna know on future
|c| Floss|GO MOUTE
|c|&Alex|Hi twincell
|j| belegen
|c|&Kennedy|ALLEZ MOUTE
|c|+twincell|hi Alex
|c|&Alex|So nice to see you
|c| belegen|ALLEZ MOUTE
|j|+AuzBat
|
|t:|1652531470
|start
|switch|p1a: Salamence|Salamence, M|100/100
|switch|p2a: Primarina|Primarina, F|100/100
|-ability|p1a: Salamence|Intimidate|boost
|-unboost|p2a: Primarina|atk|1
|turn|1
|j|+Aporetic
|j| coronal@!
|
|t:|1652531490
|switch|p1a: Slowking|Slowking, F|100/100
|move|p2a: Primarina|Substitute|p2a: Primarina
|-start|p2a: Primarina|Substitute
|-damage|p2a: Primarina|76/100
|
|-heal|p2a: Primarina|82/100|[from] item: Leftovers
|upkeep
|turn|2
|
|t:|1652531499
|move|p2a: Primarina|Moonblast|p1a: Slowking
|-crit|p1a: Slowking
|-damage|p1a: Slowking|41/100
|move|p1a: Slowking|Psyshock|p2a: Primarina
|-end|p2a: Primarina|Substitute
|
|-heal|p2a: Primarina|88/100|[from] item: Leftovers
|upkeep
|turn|3
|c| belegen|Handsome hax
|c| belegen|as per
|
|t:|1652531519
|switch|p1a: Excadrill|Excadrill, M|100/100
|-ability|p1a: Excadrill|Mold Breaker
|move|p2a: Primarina|Substitute|p2a: Primarina
|-start|p2a: Primarina|Substitute
|-damage|p2a: Primarina|63/100
|
|-heal|p2a: Primarina|69/100|[from] item: Leftovers
|upkeep
|turn|4
|
|t:|1652531525
|move|p1a: Excadrill|Earthquake|p2a: Primarina
|-end|p2a: Primarina|Substitute
|move|p2a: Primarina|Scald|p1a: Excadrill
|-supereffective|p1a: Excadrill
|-damage|p1a: Excadrill|15/100
|-status|p1a: Excadrill|brn
|
|-heal|p1a: Excadrill|21/100 brn|[from] item: Leftovers
|-heal|p2a: Primarina|75/100|[from] item: Leftovers
|-damage|p1a: Excadrill|15/100 brn|[from] brn
|upkeep
|turn|5
|j| abejas
|
|t:|1652531536
|switch|p2a: Cobalion|Cobalion|100/100
|move|p1a: Excadrill|Toxic|p2a: Cobalion
|-immune|p2a: Cobalion
|
|-heal|p1a: Excadrill|21/100 brn|[from] item: Leftovers
|-damage|p1a: Excadrill|15/100 brn|[from] brn
|upkeep
|turn|6
|
|t:|1652531544
|switch|p1a: Salamence|Salamence, M|100/100
|-ability|p1a: Salamence|Intimidate|boost
|-unboost|p2a: Cobalion|atk|1
|move|p2a: Cobalion|Close Combat|p1a: Salamence
|-resisted|p1a: Salamence
|-damage|p1a: Salamence|85/100
|-unboost|p2a: Cobalion|def|1
|-unboost|p2a: Cobalion|spd|1
|
|upkeep
|turn|7
|
|t:|1652531552
|move|p2a: Cobalion|Volt Switch|p1a: Salamence
|-damage|p1a: Salamence|71/100
|
|t:|1652531557
|switch|p2a: Primarina|Primarina, F|75/100|[from]move: Volt Switch
|move|p1a: Salamence|Hurricane|p2a: Primarina
|-damage|p2a: Primarina|0 fnt
|faint|p2a: Primarina
|
|upkeep
|j| SeenTHroughCracks
|c|☆Moutemoute|SHHHHHHHHHHHHHHHHHHHHHHHHHESSSH
|c| Floss|oh na
|c|&Kennedy|oop
|c|☆Moutemoute|specs mence
|c|☆udongirl|:)
|c| coronal|tech
|c| belegen|D:
|c|☆udongirl|ofc
|c| abejas|perdemos
|j| Sirwings
|c|+Aporetic|Damn
|c|+twincell|nice
|c|☆Moutemoute|my man, my man
|c|☆Moutemoute|prim just explode
|
|t:|1652531599
|switch|p2a: Cobalion|Cobalion|100/100
|turn|8
|
|t:|1652531608
|switch|p1a: Conkeldurr|Conkeldurr, F|100/100
|move|p2a: Cobalion|Stealth Rock|p1a: Conkeldurr
|-sidestart|p1: udongirl|move: Stealth Rock
|
|-status|p1a: Conkeldurr|brn|[from] item: Flame Orb
|upkeep
|turn|9
|c| belegen|it's fine
|j| Kurihara ⋆
|
|t:|1652531629
|move|p2a: Cobalion|Volt Switch|p1a: Conkeldurr
|-damage|p1a: Conkeldurr|84/100 brn
|c|&Kennedy|need to channel more handsome hax to get the W
|
|t:|1652531632
|switch|p2a: Tangrowth|Tangrowth, F|100/100|[from]move: Volt Switch
|move|p1a: Conkeldurr|Knock Off|p2a: Tangrowth
|-damage|p2a: Tangrowth|61/100
|-enditem|p2a: Tangrowth|Assault Vest|[from] move: Knock Off|[of] p1a: Conkeldurr
|
|-damage|p1a: Conkeldurr|78/100 brn|[from] brn
|upkeep
|turn|10
|c|&Kennedy|we got this
|
|t:|1652531644
|move|p1a: Conkeldurr|Drain Punch|p2a: Tangrowth
|-crit|p2a: Tangrowth
|-damage|p2a: Tangrowth|0 fnt
|-heal|p1a: Conkeldurr|100/100 brn|[from] drain|[of] p2a: Tangrowth
|faint|p2a: Tangrowth
|
|-damage|p1a: Conkeldurr|94/100 brn|[from] brn
|upkeep
|c|☆Moutemoute|:(
|c| belegen|,
|c|&Kennedy|Aporetic can you leave the room so we get more handsome
|c| Floss|this is ur fault ken
|c|☆udongirl|mb
|c| belegen|on god
|c| belegen|Aporetic get ur ass out
|c|+Aporetic|This was on you Ken
|
|t:|1652531663
|switch|p2a: Chandelure|Chandelure, F|100/100
|turn|11
|c|&Kennedy|:sob:
|c|+Aporetic|Soon as you say that
|
|t:|1652531669
|switch|p2a: Cobalion|Cobalion|100/100
|switch|p1a: Excadrill|Excadrill, M|15/100 brn
|-damage|p1a: Excadrill|12/100 brn|[from] Stealth Rock
|-ability|p1a: Excadrill|Mold Breaker
|
|-heal|p1a: Excadrill|18/100 brn|[from] item: Leftovers
|-damage|p1a: Excadrill|12/100 brn|[from] brn
|upkeep
|turn|12
|c| Kurihara ⋆|nice avatar moutemoute
|c|☆Moutemoute|thanks
|c|☆Moutemoute|shoutout brumirage
|
|t:|1652531682
|move|p2a: Cobalion|Close Combat|p1a: Excadrill
|-supereffective|p1a: Excadrill
|-damage|p1a: Excadrill|0 fnt
|-unboost|p2a: Cobalion|def|1
|-unboost|p2a: Cobalion|spd|1
|faint|p1a: Excadrill
|
|upkeep
|c|&Kennedy|brumi the goat
|
|t:|1652531686
|switch|p1a: Conkeldurr|Conkeldurr, F|94/100 brn
|-damage|p1a: Conkeldurr|88/100 brn|[from] Stealth Rock
|turn|13
|c| Kurihara ⋆|fr
|j|+heroictobias
|
|t:|1652531707
|move|p2a: Cobalion|Close Combat|p1a: Conkeldurr
|-damage|p1a: Conkeldurr|45/100 brn
|-unboost|p2a: Cobalion|def|1
|-unboost|p2a: Cobalion|spd|1
|move|p1a: Conkeldurr|Drain Punch|p2a: Cobalion
|-supereffective|p2a: Cobalion
|-damage|p2a: Cobalion|0 fnt
|-heal|p1a: Conkeldurr|86/100 brn|[from] drain|[of] p2a: Cobalion
|-damage|p1a: Conkeldurr|70/100 brn|[from] item: Rocky Helmet|[of] p2a: Cobalion
|faint|p2a: Cobalion
|
|-damage|p1a: Conkeldurr|64/100 brn|[from] brn
|upkeep
|
|t:|1652531716
|switch|p2a: Chandelure|Chandelure, F|100/100
|turn|14
|j| Crow Music
|
|t:|1652531736
|switch|p1a: Nihilego|Nihilego|100/100
|-damage|p1a: Nihilego|88/100|[from] Stealth Rock
|move|p2a: Chandelure|Shadow Ball|p1a: Nihilego
|-damage|p1a: Nihilego|51/100
|
|-heal|p1a: Nihilego|58/100|[from] item: Black Sludge
|upkeep
|turn|15
|
|t:|1652531742
|switch|p2a: Zygarde|Zygarde-10%|100/100
|-ability|p2a: Zygarde|Aura Break
|move|p1a: Nihilego|Power Gem|p2a: Zygarde
|-resisted|p2a: Zygarde
|-damage|p2a: Zygarde|71/100
|
|-heal|p1a: Nihilego|64/100|[from] item: Black Sludge
|upkeep
|turn|16
|
|t:|1652531782
|switch|p1a: Slowking|Slowking, F|74/100
|move|p2a: Zygarde|Thousand Arrows|p1a: Slowking
|-damage|p1a: Slowking|34/100
|
|upkeep
|turn|17
|
|t:|1652531790
|move|p2a: Zygarde|Thousand Arrows|p1a: Slowking
|-damage|p1a: Slowking|0 fnt
|faint|p1a: Slowking
|
|upkeep
|
|t:|1652531806
|switch|p1a: Conkeldurr|Conkeldurr, F|64/100 brn
|-damage|p1a: Conkeldurr|58/100 brn|[from] Stealth Rock
|turn|18
|
|t:|1652531828
|switch|p2a: Chandelure|Chandelure, F|100/100
|move|p1a: Conkeldurr|Knock Off|p2a: Chandelure
|-supereffective|p2a: Chandelure
|-damage|p2a: Chandelure|0 fnt
|-enditem|p2a: Chandelure|Heavy-Duty Boots|[from] move: Knock Off|[of] p1a: Conkeldurr
|faint|p2a: Chandelure
|
|-damage|p1a: Conkeldurr|52/100 brn|[from] brn
|upkeep
|
|t:|1652531836
|switch|p2a: Scizor|Scizor, F|100/100
|turn|19
|
|t:|1652531843
|move|p2a: Scizor|Swords Dance|p2a: Scizor
|-boost|p2a: Scizor|atk|2
|move|p1a: Conkeldurr|Drain Punch|p2a: Scizor
|-damage|p2a: Scizor|42/100
|-heal|p1a: Conkeldurr|77/100 brn|[from] drain|[of] p2a: Scizor
|
|-damage|p1a: Conkeldurr|71/100 brn|[from] brn
|upkeep
|turn|20
|c|☆Moutemoute|that's a fat L
|
|t:|1652531859
|move|p2a: Scizor|Bullet Punch|p1a: Conkeldurr
|-damage|p1a: Conkeldurr|23/100 brn
|move|p1a: Conkeldurr|Drain Punch|p2a: Scizor
|-damage|p2a: Scizor|0 fnt
|-heal|p1a: Conkeldurr|40/100 brn|[from] drain|[of] p2a: Scizor
|faint|p2a: Scizor
|
|-damage|p1a: Conkeldurr|34/100 brn|[from] brn
|upkeep
|
|t:|1652531861
|switch|p2a: Zygarde|Zygarde-10%|71/100
|-ability|p2a: Zygarde|Aura Break
|turn|21
|
|t:|1652531866
|move|p1a: Conkeldurr|Mach Punch|p2a: Zygarde
|-damage|p2a: Zygarde|9/100
|move|p2a: Zygarde|Thousand Arrows|p1a: Conkeldurr
|-damage|p1a: Conkeldurr|0 fnt
|faint|p1a: Conkeldurr
|
|upkeep
|l|+AuzBat
|
|t:|1652531870
|switch|p1a: Celesteela|Celesteela|100/100
|-damage|p1a: Celesteela|88/100|[from] Stealth Rock
|turn|22
|
|t:|1652531872
|move|p2a: Zygarde|Thousand Arrows|p1a: Celesteela
|-damage|p1a: Celesteela|36/100
|-start|p1a: Celesteela|Smack Down
|move|p1a: Celesteela|Heavy Slam|p2a: Zygarde
|-damage|p2a: Zygarde|0 fnt
|faint|p2a: Zygarde
|
|win|udongirl
|c|&Alex|/me pat udongirl
|l| Crow Music
|c|☆udongirl|okay! gg
|c|&Kennedy|gg
|c|&Kennedy|wp
|c| belegen|gg
|l|&Alex
|l| Floss
|l| belegen
|c|+Aporetic|gg
|l|&Kennedy
|j| drey77
|c|+twincell|goat
|l|+heroictobias
|l|+Aporetic
|l|☆Moutemoute
|l| drey77
|c| coronal|gg
|l| coronal
|l| Kurihara ⋆
|l| SeenTHroughCracks
|l| stl umap tle
|l| Sirwings
|l| abejas
|j|&Alex
|l|&Alex
|l| nakabisha2
|player|p1|udongirl|#bltviiiturtwigs
|n|+twincell@!|twincell
|n|+twincell|twincell
