|j|☆Meute
|j|☆GreatSwitch!
|t:|1665506016
|gametype|singles
|player|p1|Meute|lance-masters|1520
|player|p2|GreatSwitch!|266|1641
|teamsize|p1|6
|teamsize|p2|6
|gen|8
|tier|[Gen 8] UU
|rated|
|rule|Sleep Clause Mod: Limit one foe put to sleep
|rule|Species Clause: Limit one of each Pokémon
|rule|OHKO Clause: OHKO moves are banned
|rule|Evasion Items Clause: Evasion items are banned
|rule|Evasion Moves Clause: Evasion moves are banned
|rule|Endless Battle Clause: Forcing endless battles is banned
|rule|HP Percentage Mod: HP is shown in percentages
|rule|Dynamax Clause: You cannot dynamax
|clearpoke
|poke|p1|Necrozma|
|poke|p1|Salamence, M|
|poke|p1|Registeel|
|poke|p1|Cobalion|
|poke|p1|Thundurus-Therian, M|
|poke|p1|Sylveon, M|
|poke|p2|Zygarde-10%|
|poke|p2|Cobalion|
|poke|p2|Golisopod, M|
|poke|p2|Reuniclus, F|
|poke|p2|Chansey, F|
|poke|p2|Salamence, M|
|teampreview
|inactive|Battle timer is ON: inactive players will automatically lose when time's up. (requested by Meute)
|
|t:|1665506044
|start
|switch|p1a: Thundurus|Thundurus-Therian, M|100/100
|switch|p2a: Golisopod|Golisopod, M|100/100
|turn|1
|
|t:|1665506059
|switch|p2a: Chansey|Chansey, F|100/100
|move|p1a: Thundurus|Volt Switch|p2a: Chansey
|-damage|p2a: Chansey|89/100
|
|t:|1665506064
|switch|p1a: Cobalion|Cobalion|100/100|[from]move: Volt Switch
|
|upkeep
|turn|2
|
|t:|1665506071
|switch|p2a: wednesday|Salamence, M|100/100
|-ability|p2a: wednesday|Intimidate|boost
|-unboost|p1a: Cobalion|atk|1
|move|p1a: Cobalion|Stealth Rock|p2a: wednesday
|-sidestart|p2: GreatSwitch!|move: Stealth Rock
|
|upkeep
|turn|3
|
|t:|1665506091
|switch|p1a: Sylveon|Sylveon, M|100/100
|move|p2a: wednesday|Defog|p1a: Sylveon
|-unboost|p1a: Sylveon|evasion|1
|-sideend|p2: GreatSwitch!|Stealth Rock|[from] move: Defog|[of] p2a: wednesday
|
|upkeep
|turn|4
|
|t:|1665506100
|switch|p2a: Chansey|Chansey, F|89/100
|switch|p1a: Thundurus|Thundurus-Therian, M|100/100
|
|upkeep
|turn|5
|
|t:|1665506107
|move|p1a: Thundurus|Knock Off|p2a: Chansey
|-damage|p2a: Chansey|75/100
|-enditem|p2a: Chansey|Eviolite|[from] move: Knock Off|[of] p1a: Thundurus
|move|p2a: Chansey|Seismic Toss|p1a: Thundurus
|-damage|p1a: Thundurus|67/100
|
|upkeep
|turn|6
|
|t:|1665506114
|move|p1a: Thundurus|Volt Switch|p2a: Chansey
|-damage|p2a: Chansey|55/100
|
|t:|1665506117
|switch|p1a: Cobalion|Cobalion|100/100|[from]move: Volt Switch
|move|p2a: Chansey|Soft-Boiled|p2a: Chansey
|-heal|p2a: Chansey|100/100
|
|upkeep
|turn|7
|
|t:|1665506124
|switch|p2a: wednesday|Salamence, M|100/100
|-ability|p2a: wednesday|Intimidate|boost
|-unboost|p1a: Cobalion|atk|1
|move|p1a: Cobalion|Stealth Rock|p2a: wednesday
|-sidestart|p2: GreatSwitch!|move: Stealth Rock
|
|upkeep
|turn|8
|
|t:|1665506130
|switch|p1a: Necrozma|Necrozma|100/100
|move|p2a: wednesday|Defog|p1a: Necrozma
|-unboost|p1a: Necrozma|evasion|1
|-sideend|p2: GreatSwitch!|Stealth Rock|[from] move: Defog|[of] p2a: wednesday
|
|upkeep
|turn|9
|
|t:|1665506137
|switch|p2a: Reuniclus|Reuniclus, F, shiny|100/100
|switch|p1a: Cobalion|Cobalion|100/100
|
|upkeep
|turn|10
|
|t:|1665506152
|switch|p1a: Registeel|Registeel|100/100
|move|p2a: Reuniclus|Calm Mind|p2a: Reuniclus
|-boost|p2a: Reuniclus|spa|1
|-boost|p2a: Reuniclus|spd|1
|
|upkeep
|turn|11
|
|t:|1665506156
|move|p1a: Registeel|Amnesia|p1a: Registeel
|-boost|p1a: Registeel|spd|2
|move|p2a: Reuniclus|Calm Mind|p2a: Reuniclus
|-boost|p2a: Reuniclus|spa|1
|-boost|p2a: Reuniclus|spd|1
|
|upkeep
|turn|12
|
|t:|1665506169
|move|p1a: Registeel|Amnesia|p1a: Registeel
|-boost|p1a: Registeel|spd|2
|move|p2a: Reuniclus|Calm Mind|p2a: Reuniclus
|-boost|p2a: Reuniclus|spa|1
|-boost|p2a: Reuniclus|spd|1
|
|upkeep
|turn|13
|
|t:|1665506174
|move|p1a: Registeel|Iron Defense|p1a: Registeel
|-boost|p1a: Registeel|def|2
|move|p2a: Reuniclus|Calm Mind|p2a: Reuniclus
|-boost|p2a: Reuniclus|spa|1
|-boost|p2a: Reuniclus|spd|1
|
|upkeep
|turn|14
|
|t:|1665506177
|move|p1a: Registeel|Iron Defense|p1a: Registeel
|-boost|p1a: Registeel|def|2
|move|p2a: Reuniclus|Calm Mind|p2a: Reuniclus
|-boost|p2a: Reuniclus|spa|1
|-boost|p2a: Reuniclus|spd|1
|
|upkeep
|turn|15
|
|t:|1665506182
|move|p1a: Registeel|Body Press|p2a: Reuniclus
|-resisted|p2a: Reuniclus
|-damage|p2a: Reuniclus|58/100
|move|p2a: Reuniclus|Focus Blast|p1a: Registeel
|-supereffective|p1a: Registeel
|-damage|p1a: Registeel|40/100
|
|upkeep
|turn|16
|inactive|Meute has 120 seconds left.
|
|t:|1665506242
|move|p1a: Registeel|Rest|p1a: Registeel
|-status|p1a: Registeel|slp|[from] move: Rest
|-heal|p1a: Registeel|100/100 slp|[silent]
|-enditem|p1a: Registeel|Chesto Berry|[eat]
|-curestatus|p1a: Registeel|slp|[msg]
|move|p2a: Reuniclus|Recover|p2a: Reuniclus
|-heal|p2a: Reuniclus|100/100
|
|upkeep
|turn|17
|
|t:|1665506247
|move|p1a: Registeel|Amnesia|p1a: Registeel
|-boost|p1a: Registeel|spd|2
|move|p2a: Reuniclus|Focus Blast|p1a: Registeel
|-supereffective|p1a: Registeel
|-damage|p1a: Registeel|57/100
|
|upkeep
|turn|18
|inactive|Meute has 90 seconds left.
|
|t:|1665506270
|move|p1a: Registeel|Body Press|p2a: Reuniclus
|-resisted|p2a: Reuniclus
|-damage|p2a: Reuniclus|58/100
|move|p2a: Reuniclus|Psyshock|p1a: Registeel
|-resisted|p1a: Registeel
|-damage|p1a: Registeel|46/100
|
|upkeep
|turn|19
|inactive|Meute has 90 seconds left.
|inactive|Meute has 60 seconds left.
|
|t:|1665506328
|move|p1a: Registeel|Body Press|p2a: Reuniclus
|-resisted|p2a: Reuniclus
|-damage|p2a: Reuniclus|18/100
|move|p2a: Reuniclus|Recover|p2a: Reuniclus
|-heal|p2a: Reuniclus|68/100
|
|upkeep
|turn|20
|
|t:|1665506333
|move|p1a: Registeel|Iron Defense|p1a: Registeel
|-boost|p1a: Registeel|def|2
|move|p2a: Reuniclus|Focus Blast|p1a: Registeel
|-supereffective|p1a: Registeel
|-damage|p1a: Registeel|3/100
|
|upkeep
|turn|21
|
|t:|1665506340
|move|p1a: Registeel|Rest|p1a: Registeel
|-status|p1a: Registeel|slp|[from] move: Rest
|-heal|p1a: Registeel|100/100 slp|[silent]
|move|p2a: Reuniclus|Recover|p2a: Reuniclus
|-heal|p2a: Reuniclus|100/100
|
|upkeep
|turn|22
|
|t:|1665506346
|cant|p1a: Registeel|slp
|move|p2a: Reuniclus|Focus Blast|p1a: Registeel
|-supereffective|p1a: Registeel
|-damage|p1a: Registeel|60/100 slp
|
|upkeep
|turn|23
|
|t:|1665506354
|cant|p1a: Registeel|slp
|move|p2a: Reuniclus|Calm Mind|p2a: Reuniclus
|-boost|p2a: Reuniclus|spa|1
|-boost|p2a: Reuniclus|spd|1
|
|upkeep
|turn|24
|
|t:|1665506358
|-curestatus|p1a: Registeel|slp|[msg]
|move|p1a: Registeel|Body Press|p2a: Reuniclus
|-resisted|p2a: Reuniclus
|-damage|p2a: Reuniclus|50/100
|move|p2a: Reuniclus|Focus Blast|p1a: Registeel
|-supereffective|p1a: Registeel
|-damage|p1a: Registeel|14/100
|
|upkeep
|turn|25
|inactive|Meute has 90 seconds left.
|inactive|Meute has 60 seconds left.
|
|t:|1665506396
|move|p1a: Registeel|Rest|p1a: Registeel
|-status|p1a: Registeel|slp|[from] move: Rest
|-heal|p1a: Registeel|100/100 slp|[silent]
|move|p2a: Reuniclus|Focus Blast|p1a: Registeel
|-supereffective|p1a: Registeel
|-damage|p1a: Registeel|52/100 slp
|
|upkeep
|turn|26
|
|t:|1665506402
|cant|p1a: Registeel|slp
|move|p2a: Reuniclus|Psyshock|p1a: Registeel
|-resisted|p1a: Registeel
|-damage|p1a: Registeel|42/100 slp
|
|upkeep
|turn|27
|
|t:|1665506408
|cant|p1a: Registeel|slp
|move|p2a: Reuniclus|Focus Blast|p1a: Registeel
|-supereffective|p1a: Registeel
|-damage|p1a: Registeel|0 fnt
|faint|p1a: Registeel
|
|upkeep
|-message|Meute forfeited.
|
|win|GreatSwitch!
|raw|Meute's rating: 1520 &rarr; <strong>1507</strong><br />(-13 for losing)
|raw|GreatSwitch!'s rating: 1641 &rarr; <strong>1654</strong><br />(+13 for winning)
|l|☆Meute
||Ladder isn't responding, score probably updated but might not have (Request timeout).
