|j|☆70to90gxe
|j|☆MichaelderBeste2
|t:|1655309732
|gametype|singles
|player|p1|70to90gxe|lucas|
|player|p2|MichaelderBeste2|#wcop2021germany|
|teamsize|p1|6
|teamsize|p2|6
|gen|8
|tier|[Gen 8] UU
|rule|Sleep Clause Mod: Limit one foe put to sleep
|rule|Species Clause: Limit one of each Pokémon
|rule|OHKO Clause: OHKO moves are banned
|rule|Evasion Moves Clause: Evasion moves are banned
|rule|Endless Battle Clause: Forcing endless battles is banned
|rule|HP Percentage Mod: HP is shown in percentages
|rule|Dynamax Clause: You cannot dynamax
|clearpoke
|poke|p1|Hippowdon, M|
|poke|p1|Excadrill, M|
|poke|p1|Nidoking, M|
|poke|p1|Skarmory, M|
|poke|p1|Tangrowth, M|
|poke|p1|Primarina, M|
|poke|p2|Sharpedo, F|
|poke|p2|Gardevoir, M|
|poke|p2|Excadrill, F|
|poke|p2|Celesteela|
|poke|p2|Lycanroc-Dusk, F|
|poke|p2|Decidueye, F|
|teampreview
|c|☆70to90gxe|hf
|c|☆MichaelderBeste2|hf
|j|+Elgino
|j| javitu
|j|+heroictobias
|j| Xceloh
|j|+ez
|j|+Fragments
|j|%J0rdy004 ♫
|j| PrinceOfAllTacos
|c| PrinceOfAllTacos|lgi gxe
|j| Luirromen
|j| Suta Pulachina
|j| saba
|l| Luirromen
|l| saba
|j| saba
|l|+Fragments
|
|t:|1655309865
|start
|switch|p1a: Hippowdon|Hippowdon, M|100/100
|switch|p2a: Gardevoir|Gardevoir, M|100/100
|-ability|p2a: Gardevoir|Sand Stream|[from] ability: Trace|[of] p1a: Hippowdon
|-weather|Sandstorm|[from] ability: Sand Stream|[of] p2a: Gardevoir
|turn|1
|
|t:|1655309873
|move|p2a: Gardevoir|Taunt|p1a: Hippowdon
|-start|p1a: Hippowdon|move: Taunt
|cant|p1a: Hippowdon|move: Taunt|Stealth Rock
|
|-weather|Sandstorm|[upkeep]
|-damage|p2a: Gardevoir|94/100|[from] Sandstorm
|upkeep
|turn|2
|
|t:|1655309904
|switch|p2a: Decidueye|Decidueye, F|100/100
|move|p1a: Hippowdon|Earthquake|p2a: Decidueye
|-resisted|p2a: Decidueye
|-damage|p2a: Decidueye|72/100
|
|-weather|Sandstorm|[upkeep]
|-damage|p2a: Decidueye|66/100|[from] Sandstorm
|upkeep
|turn|3
|j|+Fragments
|
|t:|1655309928
|switch|p1a: Tangrowth|Tangrowth, M|100/100
|move|p2a: Decidueye|Poltergeist|p1a: Tangrowth
|-activate|p1a: Tangrowth|move: Poltergeist|Assault Vest
|-damage|p1a: Tangrowth|42/100
|
|-weather|Sandstorm|[upkeep]
|-damage|p2a: Decidueye|60/100|[from] Sandstorm
|-damage|p1a: Tangrowth|36/100|[from] Sandstorm
|upkeep
|turn|4
|
|t:|1655309943
|switch|p1a: Skarmory|Skarmory, M|100/100
|move|p2a: Decidueye|Poltergeist|p1a: Skarmory|[miss]
|-miss|p2a: Decidueye|p1a: Skarmory
|
|-weather|Sandstorm|[upkeep]
|-damage|p2a: Decidueye|54/100|[from] Sandstorm
|upkeep
|turn|5
|j| Luirromen
|
|t:|1655309963
|switch|p2a: Gardevoir|Gardevoir, M|94/100
|-ability|p2a: Gardevoir|Sturdy|[from] ability: Trace|[of] p1a: Skarmory
|move|p1a: Skarmory|Spikes|p2a: Gardevoir
|-sidestart|p2: MichaelderBeste2|Spikes
|
|-weather|none
|upkeep
|turn|6
|
|t:|1655309968
|switch|p1a: Hippowdon|Hippowdon, M|100/100
|-weather|Sandstorm|[from] ability: Sand Stream|[of] p1a: Hippowdon
|move|p2a: Gardevoir|Moonblast|p1a: Hippowdon
|-damage|p1a: Hippowdon|67/100
|
|-weather|Sandstorm|[upkeep]
|-damage|p2a: Gardevoir|88/100|[from] Sandstorm
|upkeep
|turn|7
|
|t:|1655309997
|switch|p2a: Celesteela|Celesteela|100/100
|move|p1a: Hippowdon|Earthquake|p2a: Celesteela
|-immune|p2a: Celesteela
|
|-weather|Sandstorm|[upkeep]
|upkeep
|turn|8
|
|t:|1655310005
|switch|p2a: Decidueye|Decidueye, F|54/100
|-damage|p2a: Decidueye|42/100|[from] Spikes
|switch|p1a: Nidoking|Nidoking, M|100/100
|
|-weather|Sandstorm|[upkeep]
|-damage|p2a: Decidueye|36/100|[from] Sandstorm
|upkeep
|turn|9
|j| TheCoastsOfToast
|
|t:|1655310015
|switch|p1a: Skarmory|Skarmory, M|100/100
|move|p2a: Decidueye|Shadow Sneak|p1a: Skarmory
|-crit|p1a: Skarmory
|-damage|p1a: Skarmory|74/100
|-damage|p2a: Decidueye|19/100|[from] item: Rocky Helmet|[of] p1a: Skarmory
|
|-weather|Sandstorm|[upkeep]
|-damage|p2a: Decidueye|13/100|[from] Sandstorm
|upkeep
|turn|10
|
|t:|1655310033
|switch|p2a: Gardevoir|Gardevoir, M|88/100
|-ability|p2a: Gardevoir|Sturdy|[from] ability: Trace|[of] p1a: Skarmory
|move|p1a: Skarmory|Roost|p1a: Skarmory
|-heal|p1a: Skarmory|100/100
|-singleturn|p1a: Skarmory|move: Roost
|
|-weather|Sandstorm|[upkeep]
|-damage|p2a: Gardevoir|82/100|[from] Sandstorm
|upkeep
|turn|11
|
|t:|1655310038
|switch|p1a: Excadrill|Excadrill, M|100/100
|move|p2a: Gardevoir|Moonblast|p1a: Excadrill
|-resisted|p1a: Excadrill
|-damage|p1a: Excadrill|69/100
|
|-weather|Sandstorm|[upkeep]
|-damage|p2a: Gardevoir|76/100|[from] Sandstorm
|-heal|p1a: Excadrill|75/100|[from] item: Leftovers
|upkeep
|turn|12
|
|t:|1655310083
|switch|p2a: Decidueye|Decidueye, F|13/100
|-damage|p2a: Decidueye|0 fnt|[from] Spikes
|faint|p2a: Decidueye
|move|p1a: Excadrill|Iron Head|p2: Decidueye|[notarget]
|-fail|p1a: Excadrill
|
|-weather|Sandstorm|[upkeep]
|-heal|p1a: Excadrill|81/100|[from] item: Leftovers
|upkeep
|j| EternalSnowman
|
|t:|1655310094
|switch|p2a: Celesteela|Celesteela|100/100
|turn|13
|
|t:|1655310098
|switch|p1a: Nidoking|Nidoking, M|100/100
|move|p2a: Celesteela|Flamethrower|p1a: Nidoking
|-damage|p1a: Nidoking|59/100
|
|-weather|none
|upkeep
|turn|14
|j| london13
|
|t:|1655310114
|switch|p2a: Lycanroc|Lycanroc-Dusk, F|100/100
|-damage|p2a: Lycanroc|88/100|[from] Spikes
|move|p1a: Nidoking|Earth Power|p2a: Lycanroc
|-supereffective|p2a: Lycanroc
|-damage|p2a: Lycanroc|0 fnt
|faint|p2a: Lycanroc
|
|upkeep
|l| saba
|
|t:|1655310123
|switch|p2a: Excadrill|Excadrill, F|100/100
|-damage|p2a: Excadrill|88/100|[from] Spikes
|-ability|p2a: Excadrill|Mold Breaker
|turn|15
|
|t:|1655310132
|switch|p1a: Skarmory|Skarmory, M|100/100
|move|p2a: Excadrill|Stealth Rock|p1a: Skarmory
|-sidestart|p1: 70to90gxe|move: Stealth Rock
|
|upkeep
|turn|16
|j| saba
|
|t:|1655310137
|switch|p2a: Gardevoir|Gardevoir, M|76/100
|-ability|p2a: Gardevoir|Sturdy|[from] ability: Trace|[of] p1a: Skarmory
|move|p1a: Skarmory|Iron Defense|p1a: Skarmory
|-boost|p1a: Skarmory|def|2
|
|upkeep
|turn|17
|
|t:|1655310150
|switch|p1a: Hippowdon|Hippowdon, M|67/100
|-damage|p1a: Hippowdon|60/100|[from] Stealth Rock
|-weather|Sandstorm|[from] ability: Sand Stream|[of] p1a: Hippowdon
|move|p2a: Gardevoir|Moonblast|p1a: Hippowdon
|-damage|p1a: Hippowdon|24/100
|
|-weather|Sandstorm|[upkeep]
|-damage|p2a: Gardevoir|70/100|[from] Sandstorm
|upkeep
|turn|18
|
|t:|1655310162
|switch|p1a: Nidoking|Nidoking, M|59/100
|-damage|p1a: Nidoking|53/100|[from] Stealth Rock
|move|p2a: Gardevoir|Moonblast|p1a: Nidoking
|-resisted|p1a: Nidoking
|-damage|p1a: Nidoking|17/100
|
|-weather|Sandstorm|[upkeep]
|-damage|p2a: Gardevoir|64/100|[from] Sandstorm
|upkeep
|turn|19
|j|+sharp_claw
|
|t:|1655310204
|switch|p2a: Excadrill|Excadrill, F|88/100
|-damage|p2a: Excadrill|76/100|[from] Spikes
|-ability|p2a: Excadrill|Mold Breaker
|move|p1a: Nidoking|Earth Power|p2a: Excadrill
|-supereffective|p2a: Excadrill
|-damage|p2a: Excadrill|0 fnt
|faint|p2a: Excadrill
|
|-weather|Sandstorm|[upkeep]
|upkeep
|
|t:|1655310211
|switch|p2a: Sharpedo|Sharpedo, F|100/100
|-damage|p2a: Sharpedo|88/100|[from] Spikes
|turn|20
|
|t:|1655310221
|switch|p1a: Skarmory|Skarmory, M|100/100
|-damage|p1a: Skarmory|88/100|[from] Stealth Rock
|move|p2a: Sharpedo|Protect||[still]
|-fail|p2a: Sharpedo
|
|-weather|Sandstorm|[upkeep]
|-damage|p2a: Sharpedo|82/100|[from] Sandstorm
|-ability|p2a: Sharpedo|Speed Boost|boost
|-boost|p2a: Sharpedo|spe|1
|upkeep
|turn|21
|
|t:|1655310226
|switch|p2a: Gardevoir|Gardevoir, M|64/100
|-ability|p2a: Gardevoir|Sturdy|[from] ability: Trace|[of] p1a: Skarmory
|move|p1a: Skarmory|Body Press|p2a: Gardevoir
|-resisted|p2a: Gardevoir
|-damage|p2a: Gardevoir|49/100
|
|-weather|Sandstorm|[upkeep]
|-damage|p2a: Gardevoir|43/100|[from] Sandstorm
|upkeep
|turn|22
|
|t:|1655310250
|switch|p1a: Tangrowth|Tangrowth, M|69/100
|-damage|p1a: Tangrowth|57/100|[from] Stealth Rock
|move|p2a: Gardevoir|Mystical Fire|p1a: Tangrowth
|-supereffective|p1a: Tangrowth
|-damage|p1a: Tangrowth|23/100
|-unboost|p1a: Tangrowth|spa|1
|
|-weather|Sandstorm|[upkeep]
|-damage|p2a: Gardevoir|37/100|[from] Sandstorm
|-damage|p1a: Tangrowth|17/100|[from] Sandstorm
|upkeep
|turn|23
|
|t:|1655310266
|switch|p2a: Sharpedo|Sharpedo, F|82/100
|-damage|p2a: Sharpedo|70/100|[from] Spikes
|move|p1a: Tangrowth|Knock Off|p2a: Sharpedo
|-resisted|p2a: Sharpedo
|-damage|p2a: Sharpedo|41/100
|-enditem|p2a: Sharpedo|Life Orb|[from] move: Knock Off|[of] p1a: Tangrowth
|
|-weather|Sandstorm|[upkeep]
|-damage|p2a: Sharpedo|35/100|[from] Sandstorm
|-damage|p1a: Tangrowth|11/100|[from] Sandstorm
|upkeep
|turn|24
|
|t:|1655310271
|move|p2a: Sharpedo|Crunch|p1a: Tangrowth
|-damage|p1a: Tangrowth|0 fnt
|faint|p1a: Tangrowth
|
|-weather|none
|-ability|p2a: Sharpedo|Speed Boost|boost
|-boost|p2a: Sharpedo|spe|1
|upkeep
|
|t:|1655310277
|switch|p1a: Primarina|Primarina, M|100/100
|turn|25
|
|t:|1655310283
|move|p2a: Sharpedo|Poison Jab|p1a: Primarina
|-supereffective|p1a: Primarina
|-damage|p1a: Primarina|42/100
|move|p1a: Primarina|Moonblast|p2a: Sharpedo
|-supereffective|p2a: Sharpedo
|-damage|p2a: Sharpedo|0 fnt
|faint|p2a: Sharpedo
|
|upkeep
|
|t:|1655310298
|switch|p2a: Celesteela|Celesteela|100/100
|turn|26
|
|t:|1655310301
|move|p2a: Celesteela|Autotomize|p2a: Celesteela
|-boost|p2a: Celesteela|spe|2
|-start|p2a: Celesteela|Autotomize
|move|p1a: Primarina|Scald|p2a: Celesteela
|-damage|p2a: Celesteela|67/100
|-status|p2a: Celesteela|brn
|
|-damage|p2a: Celesteela|61/100 brn|[from] brn
|upkeep
|turn|27
|
|t:|1655310333
|switch|p1a: Excadrill|Excadrill, M|81/100
|-damage|p1a: Excadrill|78/100|[from] Stealth Rock
|move|p2a: Celesteela|Meteor Beam||[still]
|-prepare|p2a: Celesteela|Meteor Beam
|-boost|p2a: Celesteela|spa|1
|-enditem|p2a: Celesteela|Power Herb
|-anim|p2a: Celesteela|Meteor Beam|p1a: Excadrill
|-resisted|p1a: Excadrill
|-damage|p1a: Excadrill|58/100
|
|-heal|p1a: Excadrill|64/100|[from] item: Leftovers
|-damage|p2a: Celesteela|55/100 brn|[from] brn
|upkeep
|turn|28
|
|t:|1655310349
|switch|p1a: Primarina|Primarina, M|42/100
|move|p2a: Celesteela|Autotomize|p2a: Celesteela
|-boost|p2a: Celesteela|spe|2
|-start|p2a: Celesteela|Autotomize
|
|-damage|p2a: Celesteela|49/100 brn|[from] brn
|upkeep
|turn|29
|
|t:|1655310406
|move|p2a: Celesteela|Air Slash|p1a: Primarina
|-damage|p1a: Primarina|0 fnt
|faint|p1a: Primarina
|-ability|p2a: Celesteela|Beast Boost|boost
|-boost|p2a: Celesteela|spa|1
|
|-damage|p2a: Celesteela|43/100 brn|[from] brn
|upkeep
|
|t:|1655310408
|switch|p1a: Hippowdon|Hippowdon, M|24/100
|-damage|p1a: Hippowdon|18/100|[from] Stealth Rock
|-weather|Sandstorm|[from] ability: Sand Stream|[of] p1a: Hippowdon
|turn|30
|
|t:|1655310411
|move|p2a: Celesteela|Flamethrower|p1a: Hippowdon
|-damage|p1a: Hippowdon|0 fnt
|faint|p1a: Hippowdon
|-ability|p2a: Celesteela|Beast Boost|boost
|-boost|p2a: Celesteela|spa|1
|
|-weather|Sandstorm|[upkeep]
|-damage|p2a: Celesteela|38/100 brn|[from] brn
|upkeep
|c|☆70to90gxe|gg
|
|t:|1655310415
|switch|p1a: Excadrill|Excadrill, M|64/100
|-damage|p1a: Excadrill|61/100|[from] Stealth Rock
|turn|31
|c|☆MichaelderBeste2|gg
|
|t:|1655310418
|move|p2a: Celesteela|Flamethrower|p1a: Excadrill
|-supereffective|p1a: Excadrill
|-damage|p1a: Excadrill|0 fnt
|faint|p1a: Excadrill
|-ability|p2a: Celesteela|Beast Boost|boost
|-boost|p2a: Celesteela|spa|1
|
|-weather|Sandstorm|[upkeep]
|-damage|p2a: Celesteela|32/100 brn|[from] brn
|upkeep
|l| PrinceOfAllTacos
|-message|70to90gxe forfeited.
|
|win|MichaelderBeste2
|l|☆70to90gxe
|c|☆MichaelderBeste2|I'm so confused
|l| saba
|l| Luirromen
|c|☆MichaelderBeste2|abouzt a roll
|c|☆MichaelderBeste2|oh he left
|c|+ez|yea cuz u SUCK
|c| javitu|team provided
|l| javitu
|j|☆70to90gxe
|player|p1|70to90gxe|lucas
|l| TheCoastsOfToast
|l| Suta Pulachina
|l|%J0rdy004 ♫
|l|+Elgino
|l| london13
|j| LoSconosciuto
|l| LoSconosciuto
