|j|☆uult1 shoot
|j|☆WMAR
|player|p1|uult1 shoot|silver-gen2|1308
|player|p2|WMAR|lusamine-nihilego|1226
|teamsize|p1|6
|teamsize|p2|6
|gametype|singles
|gen|8
|tier|[Gen 8] UU
|rated|
|clearpoke
|poke|p1|Polteageist|
|poke|p1|Sirfetch'd, F|
|poke|p1|Haxorus, F|
|poke|p1|Necrozma|
|poke|p1|Machamp, M|
|poke|p1|Shuckle, M|
|poke|p2|Pangoro, F|
|poke|p2|Avalugg, M|
|poke|p2|Noivern, M|
|poke|p2|Darmanitan, M|
|poke|p2|Celebi|
|poke|p2|Gigalith, F|
|rule|Sleep Clause Mod: Limit one foe put to sleep
|rule|Species Clause: Limit one of each Pokémon
|rule|OHKO Clause: OHKO moves are banned
|rule|Evasion Moves Clause: Evasion moves are banned
|rule|Endless Battle Clause: Forcing endless battles is banned
|rule|HP Percentage Mod: HP is shown in percentages
|rule|Dynamax Clause: You cannot dynamax
|teampreview
|
|start
|switch|p1a: Shuckle|Shuckle, M|100/100
|switch|p2a: Darmanitan|Darmanitan, M|100/100
|turn|1
|
|move|p2a: Darmanitan|Trick|p1a: Shuckle
|-activate|p2a: Darmanitan|move: Trick|[of] p1a: Shuckle
|-item|p1a: Shuckle|Choice Scarf|[from] move: Trick
|-item|p2a: Darmanitan|Mental Herb|[from] move: Trick
|move|p1a: Shuckle|Stealth Rock|p2a: Darmanitan
|-sidestart|p2: WMAR|move: Stealth Rock
|
|upkeep
|turn|2
|inactive|Battle timer is ON: inactive players will automatically lose when time's up. (requested by WMAR)
|
|switch|p1a: Machamp|Machamp, M|100/100
|move|p2a: Darmanitan|U-turn|p1a: Machamp
|-resisted|p1a: Machamp
|-damage|p1a: Machamp|87/100
|
|switch|p2a: Celebi|Celebi|100/100|[from]move: U-turn
|-damage|p2a: Celebi|88/100|[from] Stealth Rock
|
|-heal|p2a: Celebi|94/100|[from] item: Leftovers
|upkeep
|turn|3
|
|move|p2a: Celebi|Psychic|p1a: Machamp
|-supereffective|p1a: Machamp
|-damage|p1a: Machamp|37/100
|move|p1a: Machamp|Knock Off|p2a: Celebi
|-supereffective|p2a: Celebi
|-damage|p2a: Celebi|23/100
|-enditem|p2a: Celebi|Leftovers|[from] move: Knock Off|[of] p1a: Machamp
|
|upkeep
|turn|4
|
|move|p1a: Machamp|Bullet Punch|p2a: Celebi
|-damage|p2a: Celebi|7/100
|move|p2a: Celebi|Psychic|p1a: Machamp
|-supereffective|p1a: Machamp
|-crit|p1a: Machamp
|-damage|p1a: Machamp|0 fnt
|faint|p1a: Machamp
|
|upkeep
|
|switch|p1a: Haxorus|Haxorus, F, shiny|100/100
|-ability|p1a: Haxorus|Mold Breaker
|turn|5
|
|move|p2a: Celebi|Psychic|p1a: Haxorus
|-damage|p1a: Haxorus|36/100
|move|p1a: Haxorus|Dragon Dance|p1a: Haxorus
|-boost|p1a: Haxorus|atk|1
|-boost|p1a: Haxorus|spe|1
|
|upkeep
|turn|6
|
|move|p1a: Haxorus|Poison Jab|p2a: Celebi
|-supereffective|p2a: Celebi
|-damage|p2a: Celebi|0 fnt
|-damage|p1a: Haxorus|26/100|[from] item: Life Orb
|faint|p2a: Celebi
|
|upkeep
|
|switch|p2a: Pangoro|Pangoro, F, shiny|100/100
|-damage|p2a: Pangoro|94/100|[from] Stealth Rock
|turn|7
|
|move|p2a: Pangoro|Bullet Punch|p1a: Haxorus
|-damage|p1a: Haxorus|0 fnt
|-damage|p2a: Pangoro|84/100|[from] item: Life Orb
|faint|p1a: Haxorus
|
|upkeep
|
|switch|p1a: Shuckle|Shuckle, M|100/100
|turn|8
|
|move|p2a: Pangoro|Swords Dance|p2a: Pangoro
|-boost|p2a: Pangoro|atk|2
|move|p1a: Shuckle|Final Gambit|p2a: Pangoro
|-damage|p2a: Pangoro|11/100
|faint|p1a: Shuckle
|
|upkeep
|
|switch|p1a: Necrozma|Necrozma, shiny|100/100
|turn|9
|
|move|p2a: Pangoro|Bullet Punch|p1a: Necrozma
|-damage|p1a: Necrozma|54/100
|-damage|p2a: Pangoro|1/100|[from] item: Life Orb
|move|p1a: Necrozma|Earthquake|p2a: Pangoro
|-damage|p2a: Pangoro|0 fnt
|faint|p2a: Pangoro
|
|upkeep
|inactive|WMAR has 120 seconds left.
|
|switch|p2a: Gigalith|Gigalith, F|100/100
|-damage|p2a: Gigalith|88/100|[from] Stealth Rock
|-weather|Sandstorm|[from] ability: Sand Stream|[of] p2a: Gigalith
|turn|10
|
|switch|p1a: Sirfetch'd|Sirfetch'd, F, shiny|100/100
|move|p2a: Gigalith|Stealth Rock|p1a: Sirfetch'd
|-sidestart|p1: uult1 shoot|move: Stealth Rock
|
|-weather|Sandstorm|[upkeep]
|-damage|p1a: Sirfetch'd|94/100|[from] Sandstorm
|-heal|p2a: Gigalith|94/100|[from] item: Leftovers
|upkeep
|turn|11
|
|switch|p2a: Noivern|Noivern, M|100/100
|move|p1a: Sirfetch'd|Close Combat|p2a: Noivern
|-resisted|p2a: Noivern
|-damage|p2a: Noivern|29/100
|-unboost|p1a: Sirfetch'd|def|1
|-unboost|p1a: Sirfetch'd|spd|1
|
|-weather|Sandstorm|[upkeep]
|-damage|p2a: Noivern|23/100|[from] Sandstorm
|-damage|p1a: Sirfetch'd|88/100|[from] Sandstorm
|upkeep
|turn|12
|
|move|p2a: Noivern|Draco Meteor|p1a: Sirfetch'd
|-damage|p1a: Sirfetch'd|0 fnt
|-unboost|p2a: Noivern|spa|2
|faint|p1a: Sirfetch'd
|
|-weather|Sandstorm|[upkeep]
|-damage|p2a: Noivern|17/100|[from] Sandstorm
|upkeep
|
|switch|p1a: Polteageist|Polteageist, shiny|100/100
|-damage|p1a: Polteageist|88/100|[from] Stealth Rock
|turn|13
|
|move|p2a: Noivern|Taunt|p1a: Polteageist
|-start|p1a: Polteageist|move: Taunt
|cant|p1a: Polteageist|move: Taunt|Shell Smash
|
|-weather|Sandstorm|[upkeep]
|-damage|p2a: Noivern|10/100|[from] Sandstorm
|-damage|p1a: Polteageist|82/100|[from] Sandstorm
|upkeep
|turn|14
|
|move|p2a: Noivern|Draco Meteor|p1a: Polteageist
|-damage|p1a: Polteageist|52/100
|-unboost|p2a: Noivern|spa|2
|move|p1a: Polteageist|Giga Drain|p2a: Noivern
|-resisted|p2a: Noivern
|-damage|p2a: Noivern|1/100
|-heal|p1a: Polteageist|58/100|[from] drain|[of] p2a: Noivern
|
|-weather|none
|upkeep
|turn|15
|
|move|p2a: Noivern|Flamethrower|p1a: Polteageist
|-damage|p1a: Polteageist|47/100
|move|p1a: Polteageist|Giga Drain|p2a: Noivern
|-resisted|p2a: Noivern
|-damage|p2a: Noivern|0 fnt
|-heal|p1a: Polteageist|48/100|[from] drain|[of] p2a: Noivern
|faint|p2a: Noivern
|
|-end|p1a: Polteageist|move: Taunt
|upkeep
|
|switch|p2a: Darmanitan|Darmanitan, M|100/100
|-damage|p2a: Darmanitan|76/100|[from] Stealth Rock
|turn|16
|
|move|p2a: Darmanitan|Flare Blitz|p1a: Polteageist
|-damage|p1a: Polteageist|0 fnt
|-damage|p2a: Darmanitan|64/100|[from] Recoil
|faint|p1a: Polteageist
|
|upkeep
|
|switch|p1a: Necrozma|Necrozma, shiny|54/100
|-damage|p1a: Necrozma|41/100|[from] Stealth Rock
|turn|17
|
|move|p2a: Darmanitan|Flare Blitz|p1a: Necrozma
|-damage|p1a: Necrozma|0 fnt
|-damage|p2a: Darmanitan|51/100|[from] Recoil
|faint|p1a: Necrozma
|
|win|WMAR
