|j|☆lanouille
|j|☆BigFatMantis
|t:|1613309437
|player|p1|lanouille|schoolkid|1386
|player|p2|BigFatMantis|unknown|1638
|teamsize|p1|6
|teamsize|p2|6
|gametype|singles
|gen|8
|tier|[Gen 8] UU
|rated|
|clearpoke
|poke|p1|Nihilego|
|poke|p1|Ditto|
|poke|p1|Thundurus, M|
|poke|p1|Azumarill, M|
|poke|p1|Salamence, M|
|poke|p1|Jirachi|
|poke|p2|Azelf|
|poke|p2|Zeraora|
|poke|p2|Mew|
|poke|p2|Azumarill, M|
|poke|p2|Moltres-Galar|
|poke|p2|Scizor, F|
|rule|Sleep Clause Mod: Limit one foe put to sleep
|rule|Species Clause: Limit one of each Pokémon
|rule|OHKO Clause: OHKO moves are banned
|rule|Evasion Moves Clause: Evasion moves are banned
|rule|Endless Battle Clause: Forcing endless battles is banned
|rule|HP Percentage Mod: HP is shown in percentages
|rule|Dynamax Clause: You cannot dynamax
|teampreview
|inactive|Battle timer is ON: inactive players will automatically lose when time's up. (requested by BigFatMantis)
|
|t:|1613309461
|start
|switch|p1a: Thundurus|Thundurus, M|100/100
|switch|p2a: Azelf|Azelf|100/100
|turn|1
|
|t:|1613309467
|move|p2a: Azelf|Stealth Rock|p1a: Thundurus
|-sidestart|p1: lanouille|move: Stealth Rock
|move|p1a: Thundurus|Thunderbolt|p2a: Azelf
|-damage|p2a: Azelf|14/100
|
|upkeep
|turn|2
|
|t:|1613309472
|move|p2a: Azelf|Light Screen|p2a: Azelf
|-sidestart|p2: BigFatMantis|move: Light Screen
|move|p1a: Thundurus|Thunderbolt|p2a: Azelf
|-damage|p2a: Azelf|0 fnt
|faint|p2a: Azelf
|
|upkeep
|
|t:|1613309481
|switch|p2a: Zeraora|Zeraora|100/100
|turn|3
|
|t:|1613309487
|switch|p1a: Salamence|Salamence, M|100/100
|-ability|p1a: Salamence|Intimidate|boost
|-unboost|p2a: Zeraora|atk|1
|move|p2a: Zeraora|Bulk Up|p2a: Zeraora
|-boost|p2a: Zeraora|atk|1
|-boost|p2a: Zeraora|def|1
|
|upkeep
|turn|4
|
|t:|1613309498
|move|p2a: Zeraora|Bulk Up|p2a: Zeraora
|-boost|p2a: Zeraora|atk|1
|-boost|p2a: Zeraora|def|1
|move|p1a: Salamence|Draco Meteor|p2a: Zeraora
|-damage|p2a: Zeraora|59/100
|-unboost|p1a: Salamence|spa|2
|
|upkeep
|turn|5
|
|t:|1613309511
|move|p2a: Zeraora|Bulk Up|p2a: Zeraora
|-boost|p2a: Zeraora|atk|1
|-boost|p2a: Zeraora|def|1
|move|p1a: Salamence|Defog|p2a: Zeraora
|-unboost|p2a: Zeraora|evasion|1
|-sideend|p2: BigFatMantis|move: Light Screen
|-sideend|p1: lanouille|Stealth Rock|[from] move: Defog|[of] p1a: Salamence
|
|upkeep
|turn|6
|
|t:|1613309519
|move|p2a: Zeraora|Play Rough|p1a: Salamence
|-supereffective|p1a: Salamence
|-damage|p1a: Salamence|0 fnt
|faint|p1a: Salamence
|
|upkeep
|
|t:|1613309527
|switch|p1a: Ditto|Ditto|100/100
|-transform|p1a: Ditto|p2a: Zeraora|[from] ability: Imposter
|turn|7
|
|t:|1613309537
|move|p1a: Ditto|Blaze Kick|p2a: Zeraora
|-damage|p2a: Zeraora|29/100
|move|p2a: Zeraora|Blaze Kick|p1a: Ditto
|-damage|p1a: Ditto|71/100
|
|upkeep
|turn|8
|
|t:|1613309548
|move|p1a: Ditto|Blaze Kick|p2a: Zeraora
|-damage|p2a: Zeraora|1/100
|move|p2a: Zeraora|Blaze Kick|p1a: Ditto
|-damage|p1a: Ditto|41/100
|
|upkeep
|turn|9
|
|t:|1613309554
|move|p1a: Ditto|Blaze Kick|p2a: Zeraora
|-damage|p2a: Zeraora|0 fnt
|faint|p2a: Zeraora
|
|upkeep
|
|t:|1613309563
|switch|p2a: Azumarill|Azumarill, M|100/100
|turn|10
|
|t:|1613309574
|move|p1a: Ditto|Blaze Kick|p2a: Azumarill
|-resisted|p2a: Azumarill
|-damage|p2a: Azumarill|67/100
|move|p2a: Azumarill|Knock Off|p1a: Ditto
|-damage|p1a: Ditto|17/100
|-enditem|p1a: Ditto|Choice Scarf|[from] move: Knock Off|[of] p2a: Azumarill
|
|upkeep
|turn|11
|
|t:|1613309581
|move|p2a: Azumarill|Aqua Jet|p1a: Ditto
|-damage|p1a: Ditto|2/100
|move|p1a: Ditto|Plasma Fists|p2a: Azumarill
|-supereffective|p2a: Azumarill
|-damage|p2a: Azumarill|0 fnt
|-fieldactivate|move: Ion Deluge
|faint|p2a: Azumarill
|
|upkeep
|
|t:|1613309585
|switch|p2a: Scizor|Scizor, F|100/100
|turn|12
|
|t:|1613309592
|move|p2a: Scizor|Bullet Punch|p1a: Ditto
|-resisted|p1a: Ditto
|-damage|p1a: Ditto|0 fnt
|-damage|p2a: Scizor|91/100|[from] item: Life Orb
|faint|p1a: Ditto
|
|upkeep
|
|t:|1613309604
|switch|p1a: Thundurus|Thundurus, M|100/100
|turn|13
|
|t:|1613309611
|move|p2a: Scizor|Quick Attack|p1a: Thundurus
|-damage|p1a: Thundurus|59/100
|-damage|p2a: Scizor|81/100|[from] item: Life Orb
|move|p1a: Thundurus|Thunderbolt|p2a: Scizor
|-damage|p2a: Scizor|0 fnt
|faint|p2a: Scizor
|
|upkeep
|
|t:|1613309617
|switch|p2a: Mew|Mew|100/100
|turn|14
|
|t:|1613309621
|move|p1a: Thundurus|Thunderbolt|p2a: Mew
|-damage|p2a: Mew|44/100
|move|p2a: Mew|Cosmic Power|p2a: Mew
|-boost|p2a: Mew|def|1
|-boost|p2a: Mew|spd|1
|
|upkeep
|turn|15
|
|t:|1613309627
|move|p1a: Thundurus|Thunderbolt|p2a: Mew
|-damage|p2a: Mew|7/100
|move|p2a: Mew|Rest|p2a: Mew
|-status|p2a: Mew|slp|[from] move: Rest
|-heal|p2a: Mew|100/100 slp|[silent]
|-enditem|p2a: Mew|Chesto Berry|[eat]
|-curestatus|p2a: Mew|slp|[msg]
|
|upkeep
|turn|16
|
|t:|1613309636
|switch|p1a: Azumarill|Azumarill, M|100/100
|move|p2a: Mew|Cosmic Power|p2a: Mew
|-boost|p2a: Mew|def|1
|-boost|p2a: Mew|spd|1
|
|upkeep
|turn|17
|
|t:|1613309652
|move|p2a: Mew|Stored Power|p1a: Azumarill
|-damage|p1a: Azumarill|60/100
|move|p1a: Azumarill|Belly Drum|p1a: Azumarill
|-damage|p1a: Azumarill|10/100
|-setboost|p1a: Azumarill|atk|6|[from] move: Belly Drum
|-enditem|p1a: Azumarill|Sitrus Berry|[eat]
|-heal|p1a: Azumarill|35/100|[from] item: Sitrus Berry
|
|upkeep
|turn|18
|
|t:|1613309661
|move|p1a: Azumarill|Aqua Jet|p2a: Mew
|-damage|p2a: Mew|68/100
|move|p2a: Mew|Stored Power|p1a: Azumarill
|-damage|p1a: Azumarill|0 fnt
|faint|p1a: Azumarill
|
|upkeep
|
|t:|1613309668
|switch|p1a: Nihilego|Nihilego|100/100
|turn|19
|
|t:|1613309675
|move|p1a: Nihilego|Meteor Beam||[still]
|-prepare|p1a: Nihilego|Meteor Beam
|-boost|p1a: Nihilego|spa|1
|-enditem|p1a: Nihilego|Power Herb
|-anim|p1a: Nihilego|Meteor Beam|p2a: Mew
|-damage|p2a: Mew|31/100
|move|p2a: Mew|Cosmic Power|p2a: Mew
|-boost|p2a: Mew|def|1
|-boost|p2a: Mew|spd|1
|
|upkeep
|turn|20
|
|t:|1613309684
|move|p1a: Nihilego|Meteor Beam||[still]
|-prepare|p1a: Nihilego|Meteor Beam
|-boost|p1a: Nihilego|spa|1
|move|p2a: Mew|Rest|p2a: Mew
|-status|p2a: Mew|slp|[from] move: Rest
|-heal|p2a: Mew|100/100 slp|[silent]
|
|upkeep
|turn|21
|
|t:|1613309691
|move|p1a: Nihilego|Meteor Beam|p2a: Mew|[from]lockedmove
|-damage|p2a: Mew|62/100 slp
|cant|p2a: Mew|slp
|
|upkeep
|turn|22
|
|t:|1613309698
|move|p1a: Nihilego|Meteor Beam||[still]
|-prepare|p1a: Nihilego|Meteor Beam
|-boost|p1a: Nihilego|spa|1
|cant|p2a: Mew|slp
|
|upkeep
|turn|23
|
|t:|1613309704
|move|p1a: Nihilego|Meteor Beam|p2a: Mew|[from]lockedmove
|-damage|p2a: Mew|15/100 slp
|-curestatus|p2a: Mew|slp|[msg]
|move|p2a: Mew|Body Press|p1a: Nihilego
|-crit|p1a: Nihilego
|-damage|p1a: Nihilego|0 fnt
|faint|p1a: Nihilego
|
|upkeep
|
|t:|1613309713
|switch|p1a: Thundurus|Thundurus, M|59/100
|turn|24
|
|t:|1613309716
|move|p1a: Thundurus|Thunderbolt|p2a: Mew
|-damage|p2a: Mew|0 fnt
|faint|p2a: Mew
|
|upkeep
|
|t:|1613309719
|switch|p2a: Moltres|Moltres-Galar|100/100
|turn|25
|
|t:|1613309721
|move|p1a: Thundurus|Thunderbolt|p2a: Moltres
|-supereffective|p2a: Moltres
|-damage|p2a: Moltres|0 fnt
|faint|p2a: Moltres
|
|win|lanouille
|raw|lanouille's rating: 1386 &rarr; <strong>1419</strong><br />(+33 for winning)
|raw|BigFatMantis's rating: 1638 &rarr; <strong>1605</strong><br />(-33 for losing)
|l|☆BigFatMantis
|c|☆lanouille|gg
