|html|<div class="broadcast-blue"><strong>[Gen 8] UU is currently suspecting Terrakion! For information on how to participate check out the <a href="https://www.smogon.com/forums/threads/np-ss-uu-stage-8-3-rack-city.3678591/">suspect thread</a>.</strong></div>
|j|☆uu8t bonk
|j|☆spiecywhiteboi
|t:|1613783822
|player|p1|uu8t bonk|lass-gen1rb|1271
|player|p2|spiecywhiteboi|firebreather|1287
|teamsize|p1|6
|teamsize|p2|6
|gametype|singles
|gen|8
|tier|[Gen 8] UU
|rated|
|clearpoke
|poke|p1|Ditto|
|poke|p1|Zeraora|
|poke|p1|Terrakion|
|poke|p1|Skarmory, F|
|poke|p1|Amoonguss, M|
|poke|p1|Slowking, M|
|poke|p2|Terrakion|
|poke|p2|Mamoswine, F|
|poke|p2|Bisharp, F|
|poke|p2|Salamence, M|
|poke|p2|Tentacruel, M|
|poke|p2|Rotom-Heat|
|rule|Sleep Clause Mod: Limit one foe put to sleep
|rule|Species Clause: Limit one of each Pokémon
|rule|OHKO Clause: OHKO moves are banned
|rule|Evasion Moves Clause: Evasion moves are banned
|rule|Endless Battle Clause: Forcing endless battles is banned
|rule|HP Percentage Mod: HP is shown in percentages
|rule|Dynamax Clause: You cannot dynamax
|teampreview
|inactive|Battle timer is ON: inactive players will automatically lose when time's up. (requested by spiecywhiteboi)
|
|t:|1613783837
|start
|switch|p1a: Slowking|Slowking, M|100/100
|switch|p2a: Salamence|Salamence, M|100/100
|-ability|p2a: Salamence|Intimidate|boost
|-unboost|p1a: Slowking|atk|1
|turn|1
|j| chloe at work
|
|t:|1613783849
|move|p2a: Salamence|Draco Meteor|p1a: Slowking
|-damage|p1a: Slowking|58/100
|-unboost|p2a: Salamence|spa|2
|move|p1a: Slowking|Future Sight|p2a: Salamence
|-start|p1a: Slowking|move: Future Sight
|
|upkeep
|turn|2
|
|t:|1613783864
|switch|p2a: Bisharp|Bisharp, F|100/100
|move|p1a: Slowking|Teleport|p1a: Slowking
|
|t:|1613783867
|switch|p1a: Terrakion|Terrakion|100/100|[from]move: Teleport
|
|upkeep
|turn|3
|
|t:|1613783877
|switch|p2a: Salamence|Salamence, M|100/100
|-ability|p2a: Salamence|Intimidate|boost
|-unboost|p1a: Terrakion|atk|1
|move|p1a: Terrakion|Close Combat|p2a: Salamence
|-resisted|p2a: Salamence
|-damage|p2a: Salamence|65/100
|-unboost|p1a: Terrakion|def|1
|-unboost|p1a: Terrakion|spd|1
|
|-end|p2a: Salamence|move: Future Sight
|-damage|p2a: Salamence|13/100
|upkeep
|turn|4
|j| Donny P.
|j| emma stone fan ❤
|inactive|spiecywhiteboi has 120 seconds left.
|c|☆spiecywhiteboi|i hope terrakion doesnt get banned
|c| emma stone fan ❤|gooooo spiecywhiteboi
|
|t:|1613783913
|move|p1a: Terrakion|Close Combat|p2a: Salamence
|-resisted|p2a: Salamence
|-damage|p2a: Salamence|0 fnt
|-unboost|p1a: Terrakion|def|1
|-unboost|p1a: Terrakion|spd|1
|faint|p2a: Salamence
|
|upkeep
|c| emma stone fan ❤|im rooting for u
|c|☆spiecywhiteboi|thank you stranger
|
|t:|1613783940
|switch|p2a: Tentacruel|Tentacruel, M|100/100
|turn|5
|
|t:|1613783947
|switch|p1a: Slowking|Slowking, M|92/100
|move|p2a: Tentacruel|Scald|p1a: Slowking
|-resisted|p1a: Slowking
|-damage|p1a: Slowking|83/100
|
|upkeep
|turn|6
|c|☆uu8t bonk|some friend she is >:(
|c|☆spiecywhiteboi|lmao
|
|t:|1613783962
|switch|p2a: Rotom|Rotom-Heat|100/100
|move|p1a: Slowking|Teleport|p1a: Slowking
|
|t:|1613783964
|switch|p1a: Terrakion|Terrakion|100/100|[from]move: Teleport
|
|upkeep
|turn|7
|c| emma stone fan ❤|;;;
|
|t:|1613783975
|switch|p2a: Tentacruel|Tentacruel, M|100/100
|move|p1a: Terrakion|Close Combat|p2a: Tentacruel
|-resisted|p2a: Tentacruel
|-damage|p2a: Tentacruel|54/100
|-unboost|p1a: Terrakion|def|1
|-unboost|p1a: Terrakion|spd|1
|
|-heal|p2a: Tentacruel|60/100|[from] item: Black Sludge
|upkeep
|turn|8
|
|t:|1613783986
|switch|p1a: Slowking|Slowking, M|100/100
|move|p2a: Tentacruel|Sludge Bomb|p1a: Slowking
|-damage|p1a: Slowking|83/100
|-status|p1a: Slowking|psn
|
|-heal|p2a: Tentacruel|66/100|[from] item: Black Sludge
|-damage|p1a: Slowking|71/100 psn|[from] psn
|upkeep
|turn|9
|c| chloe at work|what a balanced mon
|c| emma stone fan ❤|hi chloe at work
|
|t:|1613783997
|move|p2a: Tentacruel|Knock Off|p1a: Slowking
|-supereffective|p1a: Slowking
|-damage|p1a: Slowking|46/100 psn
|-enditem|p1a: Slowking|Heavy-Duty Boots|[from] move: Knock Off|[of] p2a: Tentacruel
|move|p1a: Slowking|Teleport|p1a: Slowking
|
|t:|1613783999
|switch|p1a: Zeraora|Zeraora|100/100|[from]move: Teleport
|
|-heal|p2a: Tentacruel|72/100|[from] item: Black Sludge
|upkeep
|turn|10
|c| chloe at work|hi emma stone fan (fan of emma stone also named emma)
|
|t:|1613784008
|switch|p2a: Rotom|Rotom-Heat|100/100
|move|p1a: Zeraora|Knock Off|p2a: Rotom
|-crit|p2a: Rotom
|-damage|p2a: Rotom|48/100
|-enditem|p2a: Rotom|Heavy-Duty Boots|[from] move: Knock Off|[of] p1a: Zeraora
|
|upkeep
|turn|11
|c| emma stone fan ❤|:o
|
|t:|1613784017
|move|p1a: Zeraora|Volt Switch|p2a: Rotom
|-resisted|p2a: Rotom
|-damage|p2a: Rotom|37/100
|
|t:|1613784019
|switch|p1a: Slowking|Slowking, M|79/100 psn|[from]move: Volt Switch
|move|p2a: Rotom|Overheat|p1a: Slowking
|-resisted|p1a: Slowking
|-damage|p1a: Slowking|63/100 psn
|-unboost|p2a: Rotom|spa|2
|
|-damage|p1a: Slowking|51/100 psn|[from] psn
|upkeep
|turn|12
|inactive|spiecywhiteboi has 120 seconds left.
|
|t:|1613784032
|switch|p2a: Bisharp|Bisharp, F|100/100
|move|p1a: Slowking|Teleport|p1a: Slowking
|
|t:|1613784034
|switch|p1a: Terrakion|Terrakion|100/100|[from]move: Teleport
|
|upkeep
|turn|13
|
|t:|1613784041
|switch|p2a: Tentacruel|Tentacruel, M|72/100
|move|p1a: Terrakion|Close Combat|p2a: Tentacruel
|-resisted|p2a: Tentacruel
|-damage|p2a: Tentacruel|20/100
|-unboost|p1a: Terrakion|def|1
|-unboost|p1a: Terrakion|spd|1
|
|-heal|p2a: Tentacruel|26/100|[from] item: Black Sludge
|upkeep
|turn|14
|c| emma stone fan ❤|why is nobody using doublade
|inactive|spiecywhiteboi has 120 seconds left.
|c|☆spiecywhiteboi|yea what chloe said
|c| chloe at work|while you were out partying with friends i was studying doublade
|c|☆spiecywhiteboi|cuz its in the tier below
|
|t:|1613784083
|move|p1a: Terrakion|Close Combat|p2a: Tentacruel
|-resisted|p2a: Tentacruel
|-damage|p2a: Tentacruel|0 fnt
|-unboost|p1a: Terrakion|def|1
|-unboost|p1a: Terrakion|spd|1
|faint|p2a: Tentacruel
|
|upkeep
|
|t:|1613784085
|switch|p2a: Terrakion|Terrakion|100/100
|turn|15
|
|t:|1613784091
|switch|p1a: Amoonguss|Amoonguss, M|100/100
|move|p2a: Terrakion|Earthquake|p1a: Amoonguss
|-crit|p1a: Amoonguss
|-damage|p1a: Amoonguss|44/100
|
|upkeep
|turn|16
|c| emma stone fan ❤|the only counterplay
|c| emma stone fan ❤|is the speedtie
|
|t:|1613784099
|switch|p2a: Bisharp|Bisharp, F|100/100
|switch|p1a: Skarmory|Skarmory, F|100/100
|
|upkeep
|turn|17
|inactive|spiecywhiteboi has 120 seconds left.
|
|t:|1613784106
|move|p2a: Bisharp|Iron Head|p1a: Skarmory
|-resisted|p1a: Skarmory
|-damage|p1a: Skarmory|84/100
|-damage|p2a: Bisharp|91/100|[from] item: Life Orb
|move|p1a: Skarmory|Whirlwind|p2a: Bisharp
|drag|p2a: Terrakion|Terrakion|100/100
|
|upkeep
|turn|18
|
|t:|1613784113
|move|p2a: Terrakion|Close Combat|p1a: Skarmory
|-damage|p1a: Skarmory|29/100
|-unboost|p2a: Terrakion|def|1
|-unboost|p2a: Terrakion|spd|1
|move|p1a: Skarmory|Roost|p1a: Skarmory
|-heal|p1a: Skarmory|79/100
|-singleturn|p1a: Skarmory|move: Roost
|
|upkeep
|turn|19
|c|☆spiecywhiteboi|i love that skram takes more then half
|inactive|spiecywhiteboi has 120 seconds left.
|
|t:|1613784130
|switch|p2a: Rotom|Rotom-Heat|37/100
|switch|p1a: Amoonguss|Amoonguss, M|78/100
|
|upkeep
|turn|20
|c| emma stone fan ❤|oml
|
|t:|1613784139
|switch|p1a: Ditto|Ditto|100/100
|-transform|p1a: Ditto|p2a: Rotom|[from] ability: Imposter
|move|p2a: Rotom|Discharge|p1a: Ditto
|-resisted|p1a: Ditto
|-damage|p1a: Ditto|85/100
|
|upkeep
|turn|21
|c| emma stone fan ❤|get predicted
|c|☆spiecywhiteboi|GET DUNKED ON KIT
|c|☆spiecywhiteboi|KIDDO
|inactive|spiecywhiteboi has 120 seconds left.
|c|☆uu8t bonk|>:(
|
|t:|1613784156
|switch|p1a: Terrakion|Terrakion|100/100
|switch|p2a: Terrakion|Terrakion|100/100
|
|upkeep
|turn|22
|inactive|spiecywhiteboi has 120 seconds left.
|
|t:|1613784171
|switch|p1a: Amoonguss|Amoonguss, M|100/100
|move|p2a: Terrakion|Close Combat|p1a: Amoonguss
|-resisted|p1a: Amoonguss
|-damage|p1a: Amoonguss|64/100
|-unboost|p2a: Terrakion|def|1
|-unboost|p2a: Terrakion|spd|1
|-damage|p2a: Terrakion|84/100|[from] item: Rocky Helmet|[of] p1a: Amoonguss
|
|upkeep
|turn|23
|inactive|spiecywhiteboi has 120 seconds left.
|c|☆uu8t bonk|yup
|c|☆uu8t bonk|36 to max defense amoonguss
|c|☆uu8t bonk|nice n balanced
|
|t:|1613784186
|switch|p2a: Mamoswine|Mamoswine, F|100/100
|move|p1a: Amoonguss|Spore|p2a: Mamoswine
|-status|p2a: Mamoswine|slp|[from] move: Spore
|
|upkeep
|turn|24
|c| emma stone fan ❤|free aegislash
|c| emma stone fan ❤|and everythings okay
|inactive|spiecywhiteboi has 120 seconds left.
|c|☆spiecywhiteboi|well it is only base 85 def to max attack terra
|
|t:|1613784225
|switch|p1a: Terrakion|Terrakion|100/100
|cant|p2a: Mamoswine|slp
|
|upkeep
|turn|25
|
|t:|1613784234
|switch|p2a: Rotom|Rotom-Heat|37/100
|move|p1a: Terrakion|Close Combat|p2a: Rotom
|-damage|p2a: Rotom|0 fnt
|-unboost|p1a: Terrakion|def|1
|-unboost|p1a: Terrakion|spd|1
|faint|p2a: Rotom
|
|upkeep
|inactive|spiecywhiteboi has 90 seconds left.
|c|☆spiecywhiteboi|k so might use king so i can use terra effectively
|c|☆spiecywhiteboi|emma im sorry i let u down
|c| emma stone fan ❤|:(
|c| emma stone fan ❤|its okay
|inactive|spiecywhiteboi has 60 seconds left.
|c|☆uu8t bonk|its ok, she doesnt mind
|c| emma stone fan ❤|u tried ur best
|c| chloe at work|ill be riding SHOTGUN underneath the HOT SUN feeling like a SOMEONE
|
|t:|1613784283
|switch|p2a: Bisharp|Bisharp, F|91/100
|turn|26
|c|☆uu8t bonk|thanks chloe
|c|☆spiecywhiteboi|I LOVE THAT SONG
|c| chloe at work|home grown alligator see ya later
|inactive|spiecywhiteboi has 60 seconds left.
|c|☆uu8t bonk|we appreciate your opinion
|c| emma stone fan ❤|uu8t bonk is a known pkmn cheater
|c| emma stone fan ❤|using broken mons
|c|☆uu8t bonk|?
|c| emma stone fan ❤|like terrakion
|c|☆uu8t bonk|i would never cheat
|c|☆spiecywhiteboi|GOT IT THAT ROLL
|c| emma stone fan ❤|and slowking
|c| emma stone fan ❤|and zeraora
|c|☆uu8t bonk|omg chloe you made a friend
|c| chloe at work|YAY
|c|☆uu8t bonk|:pleading_face:
|inactive|spiecywhiteboi has 30 seconds left.
|c| chloe at work|finally a friend
|
|t:|1613784326
|move|p2a: Bisharp|Sucker Punch|p1a: Terrakion
|-resisted|p1a: Terrakion
|-damage|p1a: Terrakion|59/100
|-ability|p1a: Terrakion|Justified|boost
|-boost|p1a: Terrakion|atk|1
|-damage|p2a: Bisharp|81/100|[from] item: Life Orb
|move|p1a: Terrakion|Close Combat|p2a: Bisharp
|-supereffective|p2a: Bisharp
|-damage|p2a: Bisharp|0 fnt
|-unboost|p1a: Terrakion|def|1
|-unboost|p1a: Terrakion|spd|1
|faint|p2a: Bisharp
|
|upkeep
|c| emma stone fan ❤|spiecywhiteboi do you use discord
|inactive|spiecywhiteboi has 30 seconds left.
|c|☆spiecywhiteboi|YIS
|
|t:|1613784336
|switch|p2a: Terrakion|Terrakion|84/100
|turn|27
|
|t:|1613784341
|move|p1a: Terrakion|Close Combat|p2a: Terrakion
|-supereffective|p2a: Terrakion
|-damage|p2a: Terrakion|0 fnt
|-unboost|p1a: Terrakion|def|1
|-unboost|p1a: Terrakion|spd|1
|faint|p2a: Terrakion
|
|upkeep
|
|t:|1613784343
|switch|p2a: Mamoswine|Mamoswine, F|100/100 slp
|turn|28
|c| emma stone fan ❤|emma ❤#4133
|c| emma stone fan ❤|add me
|c| chloe at work|emma do you get every boy to add you or what
|c|☆spiecywhiteboi|got it dood
|
|t:|1613784359
|-activate|p1a: Terrakion|move: Struggle
|move|p1a: Terrakion|Struggle|p2a: Mamoswine
|-damage|p2a: Mamoswine|56/100 slp
|-damage|p1a: Terrakion|34/100|[from] recoil
|-curestatus|p2a: Mamoswine|slp|[msg]
|move|p2a: Mamoswine|Earthquake|p1a: Terrakion
|-supereffective|p1a: Terrakion
|-damage|p1a: Terrakion|0 fnt
|-damage|p2a: Mamoswine|46/100|[from] item: Life Orb
|faint|p1a: Terrakion
|
|upkeep
|c|☆uu8t bonk|im sorry about my weird friends
|c|☆uu8t bonk|gg
|
|t:|1613784365
|switch|p1a: Zeraora|Zeraora|100/100
|turn|29
|c|☆spiecywhiteboi|wait its out of moves i didnt realise lol
|
|t:|1613784379
|move|p2a: Mamoswine|Ice Shard|p1a: Zeraora
|-damage|p1a: Zeraora|59/100
|-damage|p2a: Mamoswine|36/100|[from] item: Life Orb
|move|p1a: Zeraora|Knock Off|p2a: Mamoswine
|-damage|p2a: Mamoswine|2/100
|-enditem|p2a: Mamoswine|Life Orb|[from] move: Knock Off|[of] p1a: Zeraora
|
|upkeep
|turn|30
|c| chloe at work|wait whys it called
|c| chloe at work|mamoswine
|c| chloe at work|mammoth + swine?
|c| chloe at work|how can it be both
|
|t:|1613784388
|move|p2a: Mamoswine|Ice Shard|p1a: Zeraora
|-damage|p1a: Zeraora|29/100
|move|p1a: Zeraora|Knock Off|p2a: Mamoswine
|-damage|p2a: Mamoswine|0 fnt
|faint|p2a: Mamoswine
|
|win|uu8t bonk
|c|☆uu8t bonk|gg
|c|☆spiecywhiteboi|gg
|raw|uu8t bonk's rating: 1292 &rarr; <strong>1316</strong><br />(+24 for winning)
|raw|spiecywhiteboi's rating: 1288 &rarr; <strong>1263</strong><br />(-25 for losing)
|c|☆uu8t bonk|if you're adding them
|c|☆uu8t bonk|feel free to add me too
|c| chloe at work|it makes no biological sense
|c|☆uu8t bonk|Lily#5728
|c|☆uu8t bonk|hope you have fun laddering :>
|l|☆uu8t bonk
|l| emma stone fan ❤
|l| chloe at work
|l|☆spiecywhiteboi
|j|☆uu8t bonk
|player|p1|uu8t bonk|lass-gen1rb
