|j|☆thegreatestshowman
|j|☆Kahiba
|t:|1626222322
|gametype|singles
|player|p1|thegreatestshowman|pokemonranger|
|player|p2|Kahiba|falkner|
|teamsize|p1|6
|teamsize|p2|6
|gen|8
|tier|[Gen 8] UU
|rated|Tournament battle
|rule|Sleep Clause Mod: Limit one foe put to sleep
|rule|Species Clause: Limit one of each Pokémon
|rule|OHKO Clause: OHKO moves are banned
|rule|Evasion Moves Clause: Evasion moves are banned
|rule|Endless Battle Clause: Forcing endless battles is banned
|rule|HP Percentage Mod: HP is shown in percentages
|rule|Dynamax Clause: You cannot dynamax
|clearpoke
|poke|p1|Azelf|
|poke|p1|Keldeo-Resolute|
|poke|p1|Krookodile, F|
|poke|p1|Celesteela|
|poke|p1|Tentacruel, F|
|poke|p1|Tapu Bulu|
|poke|p2|Zarude|
|poke|p2|Rotom-Wash|
|poke|p2|Moltres|
|poke|p2|Reuniclus, M|
|poke|p2|Diancie|
|poke|p2|Cobalion|
|teampreview
|j| Chicknemacnchez
|
|t:|1626222345
|start
|switch|p1a: Tentacruel|Tentacruel, F|100/100
|switch|p2a: and games|Diancie|100/100
|turn|1
|
|t:|1626222352
|switch|p2a: we've got fun|Reuniclus, M|100/100
|move|p1a: Tentacruel|Knock Off|p2a: we've got fun
|-supereffective|p2a: we've got fun
|-damage|p2a: we've got fun|72/100
|-enditem|p2a: we've got fun|Assault Vest|[from] move: Knock Off|[of] p1a: Tentacruel
|
|upkeep
|turn|2
|
|t:|1626222361
|switch|p1a: Krookodile|Krookodile, F|100/100
|-ability|p1a: Krookodile|Intimidate|boost
|-unboost|p2a: we've got fun|atk|1
|move|p2a: we've got fun|Future Sight|p1a: Krookodile
|-start|p2a: we've got fun|move: Future Sight
|
|upkeep
|turn|3
|
|t:|1626222369
|switch|p2a: welcome to|Rotom-Wash|100/100
|move|p1a: Krookodile|Stealth Rock|p2a: welcome to
|-sidestart|p2: Kahiba|move: Stealth Rock
|
|upkeep
|turn|4
|
|t:|1626222378
|switch|p1a: Celesteela|Celesteela|100/100
|move|p2a: welcome to|Hydro Pump|p1a: Celesteela
|-damage|p1a: Celesteela|75/100
|
|-end|p1a: Celesteela|move: Future Sight
|-resisted|p1a: Celesteela
|-damage|p1a: Celesteela|60/100
|-heal|p1a: Celesteela|66/100|[from] item: Leftovers
|upkeep
|turn|5
|
|t:|1626222390
|move|p1a: Celesteela|Protect|p1a: Celesteela
|-singleturn|p1a: Celesteela|Protect
|move|p2a: welcome to|Volt Switch|p1a: Celesteela
|-activate|p1a: Celesteela|move: Protect
|
|-heal|p1a: Celesteela|72/100|[from] item: Leftovers
|upkeep
|turn|6
|
|t:|1626222394
|move|p2a: welcome to|Volt Switch|p1a: Celesteela
|-supereffective|p1a: Celesteela
|-damage|p1a: Celesteela|42/100
|
|t:|1626222398
|switch|p2a: the jungle|Moltres|100/100|[from]move: Volt Switch
|move|p1a: Celesteela|Leech Seed|p2a: the jungle
|-start|p2a: the jungle|move: Leech Seed
|
|-heal|p1a: Celesteela|48/100|[from] item: Leftovers
|-damage|p2a: the jungle|88/100|[from] Leech Seed|[of] p1a: Celesteela
|-heal|p1a: Celesteela|59/100|[silent]
|upkeep
|turn|7
|
|t:|1626222402
|switch|p2a: welcome to|Rotom-Wash|100/100
|-damage|p2a: welcome to|88/100|[from] Stealth Rock
|move|p1a: Celesteela|Protect||[still]
|-fail|p1a: Celesteela
|
|-heal|p2a: welcome to|94/100|[from] item: Leftovers
|-heal|p1a: Celesteela|65/100|[from] item: Leftovers
|upkeep
|turn|8
|
|t:|1626222407
|move|p1a: Celesteela|Protect|p1a: Celesteela
|-singleturn|p1a: Celesteela|Protect
|move|p2a: welcome to|Hydro Pump|p1a: Celesteela
|-activate|p1a: Celesteela|move: Protect
|
|-heal|p2a: welcome to|100/100|[from] item: Leftovers
|-heal|p1a: Celesteela|71/100|[from] item: Leftovers
|upkeep
|turn|9
|
|t:|1626222415
|move|p2a: welcome to|Defog|p1a: Celesteela
|-unboost|p1a: Celesteela|evasion|1
|-sideend|p2: Kahiba|Stealth Rock|[from] move: Defog|[of] p2a: welcome to
|move|p1a: Celesteela|Leech Seed|p2a: welcome to
|-start|p2a: welcome to|move: Leech Seed
|
|-heal|p1a: Celesteela|77/100|[from] item: Leftovers
|-damage|p2a: welcome to|88/100|[from] Leech Seed|[of] p1a: Celesteela
|-heal|p1a: Celesteela|86/100|[silent]
|upkeep
|turn|10
|
|t:|1626222420
|switch|p2a: the jungle|Moltres|88/100
|move|p1a: Celesteela|Leech Seed|p2a: the jungle|[miss]
|-miss|p1a: Celesteela|p2a: the jungle
|
|-heal|p1a: Celesteela|92/100|[from] item: Leftovers
|upkeep
|turn|11
|
|t:|1626222425
|switch|p1a: Tentacruel|Tentacruel, F|100/100
|move|p2a: the jungle|Flamethrower|p1a: Tentacruel
|-resisted|p1a: Tentacruel
|-damage|p1a: Tentacruel|83/100
|
|-heal|p1a: Tentacruel|90/100|[from] item: Black Sludge
|upkeep
|turn|12
|
|t:|1626222439
|switch|p1a: Krookodile|Krookodile, F|100/100
|-ability|p1a: Krookodile|Intimidate|boost
|-unboost|p2a: the jungle|atk|1
|move|p2a: the jungle|U-turn|p1a: Krookodile
|-supereffective|p1a: Krookodile
|-damage|p1a: Krookodile|75/100
|
|t:|1626222443
|switch|p2a: In the jungle|Zarude|100/100|[from]move: U-turn
|
|upkeep
|turn|13
|
|t:|1626222448
|switch|p1a: Tapu Bulu|Tapu Bulu|100/100
|-fieldstart|move: Grassy Terrain|[from] ability: Grassy Surge|[of] p1a: Tapu Bulu
|move|p2a: In the jungle|Power Whip|p1a: Tapu Bulu|[miss]
|-miss|p2a: In the jungle|p1a: Tapu Bulu
|
|upkeep
|turn|14
|
|t:|1626222453
|move|p1a: Tapu Bulu|Stone Edge|p2a: In the jungle
|-damage|p2a: In the jungle|66/100
|move|p2a: In the jungle|U-turn|p1a: Tapu Bulu
|-damage|p1a: Tapu Bulu|76/100
|
|t:|1626222457
|switch|p2a: price to pay|Cobalion|100/100|[from]move: U-turn
|
|-heal|p1a: Tapu Bulu|82/100|[from] Grassy Terrain
|upkeep
|turn|15
|
|t:|1626222462
|switch|p1a: Tentacruel|Tentacruel, F|90/100
|move|p2a: price to pay|Poison Jab|p1a: Tentacruel
|-resisted|p1a: Tentacruel
|-damage|p1a: Tentacruel|80/100
|
|-heal|p1a: Tentacruel|86/100|[from] Grassy Terrain
|-heal|p1a: Tentacruel|92/100|[from] item: Black Sludge
|upkeep
|turn|16
|
|t:|1626222474
|move|p1a: Tentacruel|Scald|p2a: price to pay
|-crit|p2a: price to pay
|-damage|p2a: price to pay|64/100
|move|p2a: price to pay|Volt Switch|p1a: Tentacruel
|-supereffective|p1a: Tentacruel
|-damage|p1a: Tentacruel|70/100
|
|t:|1626222479
|switch|p2a: we've got fun|Reuniclus, M|100/100|[from]move: Volt Switch
|
|-heal|p1a: Tentacruel|76/100|[from] Grassy Terrain
|-heal|p1a: Tentacruel|82/100|[from] item: Black Sludge
|upkeep
|turn|17
|j| faded love
|
|t:|1626222490
|switch|p1a: Celesteela|Celesteela|92/100
|move|p2a: we've got fun|Focus Blast|p1a: Celesteela|[miss]
|-miss|p2a: we've got fun|p1a: Celesteela
|
|-heal|p1a: Celesteela|98/100|[from] item: Leftovers
|-fieldend|move: Grassy Terrain
|upkeep
|turn|18
|
|t:|1626222500
|move|p1a: Celesteela|Leech Seed|p2a: we've got fun
|-start|p2a: we've got fun|move: Leech Seed
|move|p2a: we've got fun|Knock Off|p1a: Celesteela
|-damage|p1a: Celesteela|86/100
|-enditem|p1a: Celesteela|Leftovers|[from] move: Knock Off|[of] p2a: we've got fun
|
|-damage|p2a: we've got fun|88/100|[from] Leech Seed|[of] p1a: Celesteela
|-heal|p1a: Celesteela|99/100|[silent]
|upkeep
|turn|19
|
|t:|1626222507
|switch|p2a: and games|Diancie|100/100
|move|p1a: Celesteela|Flamethrower|p2a: and games
|-resisted|p2a: and games
|-damage|p2a: and games|94/100
|
|-heal|p2a: and games|99/100|[from] item: Leftovers
|upkeep
|turn|20
|
|t:|1626222513
|switch|p2a: the jungle|Moltres|88/100
|move|p1a: Celesteela|Leech Seed|p2a: the jungle
|-start|p2a: the jungle|move: Leech Seed
|
|-damage|p2a: the jungle|76/100|[from] Leech Seed|[of] p1a: Celesteela
|-heal|p1a: Celesteela|100/100|[silent]
|upkeep
|turn|21
|
|t:|1626222521
|move|p1a: Celesteela|Protect|p1a: Celesteela
|-singleturn|p1a: Celesteela|Protect
|move|p2a: the jungle|Flamethrower|p1a: Celesteela
|-activate|p1a: Celesteela|move: Protect
|
|-damage|p2a: the jungle|64/100|[from] Leech Seed|[of] p1a: Celesteela
|upkeep
|turn|22
|
|t:|1626222526
|move|p2a: the jungle|U-turn|p1a: Celesteela
|-resisted|p1a: Celesteela
|-damage|p1a: Celesteela|98/100
|
|t:|1626222537
|switch|p2a: welcome to|Rotom-Wash|88/100|[from]move: U-turn
|move|p1a: Celesteela|Leech Seed|p2a: welcome to
|-start|p2a: welcome to|move: Leech Seed
|
|-heal|p2a: welcome to|94/100|[from] item: Leftovers
|-damage|p2a: welcome to|82/100|[from] Leech Seed|[of] p1a: Celesteela
|-heal|p1a: Celesteela|100/100|[silent]
|upkeep
|turn|23
|
|t:|1626222542
|switch|p2a: the jungle|Moltres|64/100
|switch|p1a: Krookodile|Krookodile, F|75/100
|-ability|p1a: Krookodile|Intimidate|boost
|-unboost|p2a: the jungle|atk|1
|
|upkeep
|turn|24
|
|t:|1626222547
|switch|p2a: In the jungle|Zarude|66/100
|move|p1a: Krookodile|Knock Off|p2a: In the jungle
|-resisted|p2a: In the jungle
|-damage|p2a: In the jungle|43/100
|-enditem|p2a: In the jungle|Heavy-Duty Boots|[from] move: Knock Off|[of] p1a: Krookodile
|
|upkeep
|turn|25
|
|t:|1626222560
|switch|p1a: Celesteela|Celesteela|100/100
|move|p2a: In the jungle|Jungle Healing|p2a: In the jungle
|-heal|p2a: In the jungle|68/100
|
|upkeep
|turn|26
|j|@ANGER MANAGEMENT
|
|t:|1626222569
|move|p2a: In the jungle|U-turn|p1a: Celesteela
|-resisted|p1a: Celesteela
|-damage|p1a: Celesteela|96/100
|
|t:|1626222572
|switch|p2a: the jungle|Moltres|64/100|[from]move: U-turn
|move|p1a: Celesteela|Flamethrower|p2a: the jungle
|-resisted|p2a: the jungle
|-damage|p2a: the jungle|51/100
|
|upkeep
|turn|27
|
|t:|1626222577
|move|p2a: the jungle|U-turn|p1a: Celesteela
|-resisted|p1a: Celesteela
|-damage|p1a: Celesteela|93/100
|
|t:|1626222580
|switch|p2a: we've got fun|Reuniclus, M|100/100|[from]move: U-turn
|move|p1a: Celesteela|Leech Seed|p2a: we've got fun
|-start|p2a: we've got fun|move: Leech Seed
|
|-damage|p2a: we've got fun|88/100|[from] Leech Seed|[of] p1a: Celesteela
|-heal|p1a: Celesteela|100/100|[silent]
|upkeep
|turn|28
|
|t:|1626222587
|switch|p2a: the jungle|Moltres|51/100
|move|p1a: Celesteela|Flamethrower|p2a: the jungle
|-resisted|p2a: the jungle
|-damage|p2a: the jungle|39/100
|
|upkeep
|turn|29
|
|t:|1626222594
|move|p2a: the jungle|Roost|p2a: the jungle
|-heal|p2a: the jungle|89/100
|-singleturn|p2a: the jungle|move: Roost
|move|p1a: Celesteela|Leech Seed|p2a: the jungle
|-start|p2a: the jungle|move: Leech Seed
|
|-damage|p2a: the jungle|77/100|[from] Leech Seed|[of] p1a: Celesteela
|upkeep
|turn|30
|
|t:|1626222599
|switch|p1a: Tentacruel|Tentacruel, F|82/100
|move|p2a: the jungle|Hurricane|p1a: Tentacruel
|-damage|p1a: Tentacruel|36/100
|-start|p1a: Tentacruel|confusion
|
|-heal|p1a: Tentacruel|43/100|[from] item: Black Sludge
|-damage|p2a: the jungle|65/100|[from] Leech Seed|[of] p1a: Tentacruel
|-heal|p1a: Tentacruel|54/100|[silent]
|upkeep
|turn|31
|
|t:|1626222604
|-activate|p1a: Tentacruel|confusion
|move|p1a: Tentacruel|Knock Off|p2a: the jungle
|-crit|p2a: the jungle
|-damage|p2a: the jungle|39/100
|-enditem|p2a: the jungle|Heavy-Duty Boots|[from] move: Knock Off|[of] p1a: Tentacruel
|move|p2a: the jungle|U-turn|p1a: Tentacruel
|-resisted|p1a: Tentacruel
|-damage|p1a: Tentacruel|46/100
|
|t:|1626222610
|switch|p2a: we've got fun|Reuniclus, M|100/100|[from]move: U-turn
|
|-heal|p1a: Tentacruel|52/100|[from] item: Black Sludge
|upkeep
|turn|32
|
|t:|1626222614
|switch|p1a: Celesteela|Celesteela|100/100
|move|p2a: we've got fun|Psyshock|p1a: Celesteela
|-resisted|p1a: Celesteela
|-damage|p1a: Celesteela|86/100
|
|upkeep
|turn|33
|
|t:|1626222626
|switch|p1a: Keldeo|Keldeo-Resolute|100/100
|switch|p2a: the jungle|Moltres|39/100
|
|upkeep
|turn|34
|
|t:|1626222632
|switch|p2a: we've got fun|Reuniclus, M|100/100
|move|p1a: Keldeo|Scald|p2a: we've got fun
|-damage|p2a: we've got fun|71/100
|
|upkeep
|turn|35
|
|t:|1626222637
|switch|p1a: Krookodile|Krookodile, F|75/100
|-ability|p1a: Krookodile|Intimidate|boost
|-unboost|p2a: we've got fun|atk|1
|move|p2a: we've got fun|Psyshock|p1a: Krookodile
|-immune|p1a: Krookodile
|
|upkeep
|turn|36
|
|t:|1626222641
|switch|p2a: welcome to|Rotom-Wash|82/100
|move|p1a: Krookodile|Stealth Rock|p2a: welcome to
|-sidestart|p2: Kahiba|move: Stealth Rock
|
|-heal|p2a: welcome to|88/100|[from] item: Leftovers
|upkeep
|turn|37
|
|t:|1626222644
|move|p1a: Krookodile|Knock Off|p2a: welcome to
|-damage|p2a: welcome to|43/100
|-enditem|p2a: welcome to|Leftovers|[from] move: Knock Off|[of] p1a: Krookodile
|move|p2a: welcome to|Hydro Pump|p1a: Krookodile|[miss]
|-miss|p2a: welcome to|p1a: Krookodile
|
|upkeep
|turn|38
|
|t:|1626222651
|move|p1a: Krookodile|Taunt|p2a: welcome to
|-start|p2a: welcome to|move: Taunt
|cant|p2a: welcome to|move: Taunt|Pain Split
|
|upkeep
|turn|39
|
|t:|1626222656
|switch|p1a: Tapu Bulu|Tapu Bulu|82/100
|-fieldstart|move: Grassy Terrain|[from] ability: Grassy Surge|[of] p1a: Tapu Bulu
|move|p2a: welcome to|Hydro Pump|p1a: Tapu Bulu
|-resisted|p1a: Tapu Bulu
|-damage|p1a: Tapu Bulu|57/100
|
|-heal|p1a: Tapu Bulu|63/100|[from] Grassy Terrain
|upkeep
|turn|40
|
|t:|1626222666
|switch|p2a: price to pay|Cobalion|64/100
|-damage|p2a: price to pay|61/100|[from] Stealth Rock
|move|p1a: Tapu Bulu|Close Combat|p2a: price to pay
|-supereffective|p2a: price to pay
|-damage|p2a: price to pay|7/100
|-unboost|p1a: Tapu Bulu|def|1
|-unboost|p1a: Tapu Bulu|spd|1
|-damage|p1a: Tapu Bulu|47/100|[from] item: Rocky Helmet|[of] p2a: price to pay
|
|-heal|p1a: Tapu Bulu|53/100|[from] Grassy Terrain
|-heal|p2a: price to pay|13/100|[from] Grassy Terrain
|upkeep
|turn|41
|
|t:|1626222672
|switch|p2a: we've got fun|Reuniclus, M|100/100
|-damage|p2a: we've got fun|88/100|[from] Stealth Rock
|move|p1a: Tapu Bulu|Close Combat|p2a: we've got fun
|-resisted|p2a: we've got fun
|-damage|p2a: we've got fun|68/100
|-unboost|p1a: Tapu Bulu|def|1
|-unboost|p1a: Tapu Bulu|spd|1
|
|-heal|p1a: Tapu Bulu|59/100|[from] Grassy Terrain
|-heal|p2a: we've got fun|74/100|[from] Grassy Terrain
|upkeep
|turn|42
|
|t:|1626222676
|switch|p1a: Celesteela|Celesteela|86/100
|move|p2a: we've got fun|Psyshock|p1a: Celesteela
|-resisted|p1a: Celesteela
|-damage|p1a: Celesteela|71/100
|
|-heal|p2a: we've got fun|80/100|[from] Grassy Terrain
|upkeep
|turn|43
|
|t:|1626222684
|switch|p2a: welcome to|Rotom-Wash|43/100
|-damage|p2a: welcome to|31/100|[from] Stealth Rock
|move|p1a: Celesteela|Leech Seed|p2a: welcome to
|-start|p2a: welcome to|move: Leech Seed
|
|-damage|p2a: welcome to|18/100|[from] Leech Seed|[of] p1a: Celesteela
|-heal|p1a: Celesteela|80/100|[silent]
|-fieldend|move: Grassy Terrain
|upkeep
|turn|44
|
|t:|1626222692
|move|p1a: Celesteela|Protect|p1a: Celesteela
|-singleturn|p1a: Celesteela|Protect
|move|p2a: welcome to|Pain Split|p1a: Celesteela
|-activate|p1a: Celesteela|move: Protect
|
|-damage|p2a: welcome to|6/100|[from] Leech Seed|[of] p1a: Celesteela
|-heal|p1a: Celesteela|89/100|[silent]
|upkeep
|turn|45
|
|t:|1626222697
|switch|p1a: Tapu Bulu|Tapu Bulu|59/100
|-fieldstart|move: Grassy Terrain|[from] ability: Grassy Surge|[of] p1a: Tapu Bulu
|move|p2a: welcome to|Pain Split|p1a: Tapu Bulu
|-sethp|p1a: Tapu Bulu|33/100|[from] move: Pain Split|[silent]
|-sethp|p2a: welcome to|32/100|[from] move: Pain Split
|
|-heal|p1a: Tapu Bulu|39/100|[from] Grassy Terrain
|-damage|p2a: welcome to|19/100|[from] Leech Seed|[of] p1a: Tapu Bulu
|-heal|p1a: Tapu Bulu|51/100|[silent]
|upkeep
|turn|46
|
|t:|1626222704
|switch|p2a: price to pay|Cobalion|13/100
|-damage|p2a: price to pay|10/100|[from] Stealth Rock
|move|p1a: Tapu Bulu|Horn Leech|p2a: price to pay
|-resisted|p2a: price to pay
|-damage|p2a: price to pay|0 fnt
|-heal|p1a: Tapu Bulu|58/100|[from] drain|[of] p2a: price to pay
|-damage|p1a: Tapu Bulu|42/100|[from] item: Rocky Helmet|[of] p2a: price to pay
|faint|p2a: price to pay
|
|-heal|p1a: Tapu Bulu|48/100|[from] Grassy Terrain
|upkeep
|
|t:|1626222710
|switch|p2a: the jungle|Moltres|39/100
|-damage|p2a: the jungle|0 fnt|[from] Stealth Rock
|faint|p2a: the jungle
|j| Young Lilo
|
|t:|1626222715
|switch|p2a: and games|Diancie|99/100
|-damage|p2a: and games|88/100|[from] Stealth Rock
|turn|47
|
|t:|1626222718
|move|p1a: Tapu Bulu|Horn Leech|p2a: and games
|-supereffective|p2a: and games
|-damage|p2a: and games|12/100
|-heal|p1a: Tapu Bulu|88/100|[from] drain|[of] p2a: and games
|move|p2a: and games|Mystical Fire|p1a: Tapu Bulu
|-supereffective|p1a: Tapu Bulu
|-damage|p1a: Tapu Bulu|41/100
|-unboost|p1a: Tapu Bulu|spa|1
|
|-heal|p1a: Tapu Bulu|47/100|[from] Grassy Terrain
|-heal|p2a: and games|18/100|[from] Grassy Terrain
|-heal|p2a: and games|24/100|[from] item: Leftovers
|upkeep
|turn|48
|
|t:|1626222722
|switch|p2a: In the jungle|Zarude|68/100
|-damage|p2a: In the jungle|56/100|[from] Stealth Rock
|move|p1a: Tapu Bulu|Horn Leech|p2a: In the jungle
|-resisted|p2a: In the jungle
|-damage|p2a: In the jungle|33/100
|-heal|p1a: Tapu Bulu|61/100|[from] drain|[of] p2a: In the jungle
|
|-heal|p1a: Tapu Bulu|67/100|[from] Grassy Terrain
|-heal|p2a: In the jungle|39/100|[from] Grassy Terrain
|upkeep
|turn|49
|c|☆Kahiba|idt theres much I can do from here
|c|☆Kahiba|gg
|-message|Kahiba forfeited.
|
|win|thegreatestshowman
|n|☆thegreatestshowman|thegreatestshowman
|n|☆Kahiba|kahiba
|n| Chicknemacnchez|chicknemacnchez
|n| faded love|fadedlove
|n| ANGER MANAGEMENT|angermanagement
|n| Young Lilo|younglilo
|c|☆thegreatestshowman|gg
|l|☆thegreatestshowman
