|j|☆uult1 sparrowstail
|j|☆onebigone
|player|p1|uult1 sparrowstail|twins-gen4|1304
|player|p2|onebigone|skyla|1317
|teamsize|p1|6
|teamsize|p2|6
|gametype|singles
|gen|8
|tier|[Gen 8] UU
|rated|
|clearpoke
|poke|p1|Solosis, L1, F|
|poke|p1|Gigalith, M|
|poke|p1|Gardevoir, F|
|poke|p1|Haxorus, M|
|poke|p1|Rotom-Wash|
|poke|p1|Dugtrio-Alola, M|
|poke|p2|Escavalier, F|
|poke|p2|Gigalith, F|
|poke|p2|Jellicent, M|
|poke|p2|Noivern, F|
|poke|p2|Rhyperior, F|
|poke|p2|Sylveon, M|
|rule|Sleep Clause Mod: Limit one foe put to sleep
|rule|Species Clause: Limit one of each Pokémon
|rule|OHKO Clause: OHKO moves are banned
|rule|Evasion Moves Clause: Evasion moves are banned
|rule|Endless Battle Clause: Forcing endless battles is banned
|rule|HP Percentage Mod: HP is shown in percentages
|rule|Dynamax Clause: You cannot dynamax
|teampreview
|
|start
|switch|p1a: Haxorus|Haxorus, M|100/100
|switch|p2a: Escavalier|Escavalier, F|100/100
|-ability|p1a: Haxorus|Mold Breaker
|turn|1
|
|switch|p1a: Rotom|Rotom-Wash|100/100
|move|p2a: Escavalier|Megahorn|p1a: Rotom
|-damage|p1a: Rotom|0 fnt
|faint|p1a: Rotom
|
|upkeep
|
|switch|p1a: Gardevoir|Gardevoir, F|100/100
|-ability|p1a: Gardevoir|Overcoat|[from] ability: Trace|[of] p2a: Escavalier
|turn|2
|
|switch|p2a: Noivern|Noivern, F|100/100
|move|p1a: Gardevoir|Mystical Fire|p2a: Noivern
|-resisted|p2a: Noivern
|-damage|p2a: Noivern|83/100
|-unboost|p2a: Noivern|spa|1
|
|upkeep
|turn|3
|
|switch|p1a: Gigalith|Gigalith, M|100/100
|-weather|Sandstorm|[from] ability: Sand Stream|[of] p1a: Gigalith
|switch|p2a: Escavalier|Escavalier, F|100/100
|
|-weather|Sandstorm|[upkeep]
|upkeep
|turn|4
|
|move|p2a: Escavalier|Iron Head|p1a: Gigalith
|-supereffective|p1a: Gigalith
|-damage|p1a: Gigalith|19/100
|move|p1a: Gigalith|Stealth Rock|p2a: Escavalier
|-sidestart|p2: onebigone|move: Stealth Rock
|
|-weather|Sandstorm|[upkeep]
|-heal|p1a: Gigalith|25/100|[from] item: Leftovers
|upkeep
|turn|5
|
|move|p2a: Escavalier|Iron Head|p1a: Gigalith
|-supereffective|p1a: Gigalith
|-damage|p1a: Gigalith|0 fnt
|faint|p1a: Gigalith
|
|-weather|Sandstorm|[upkeep]
|upkeep
|
|switch|p1a: Dugtrio|Dugtrio-Alola, M|100/100
|turn|6
|
|switch|p2a: Rhyperior|Rhyperior, F|100/100
|-damage|p2a: Rhyperior|94/100|[from] Stealth Rock
|move|p1a: Dugtrio|Iron Head|p2a: Rhyperior
|-supereffective|p2a: Rhyperior
|-damage|p2a: Rhyperior|31/100
|-damage|p1a: Dugtrio|91/100|[from] item: Life Orb
|
|-weather|Sandstorm|[upkeep]
|upkeep
|turn|7
|
|move|p1a: Dugtrio|Iron Head|p2a: Rhyperior
|-supereffective|p2a: Rhyperior
|-damage|p2a: Rhyperior|0 fnt
|-damage|p1a: Dugtrio|81/100|[from] item: Life Orb
|faint|p2a: Rhyperior
|
|-weather|none
|upkeep
|
|switch|p2a: Noivern|Noivern, F|83/100
|turn|8
|
|switch|p1a: Gardevoir|Gardevoir, F|100/100
|-ability|p1a: Gardevoir|Infiltrator|[from] ability: Trace|[of] p2a: Noivern
|move|p2a: Noivern|Defog|p1a: Gardevoir
|-unboost|p1a: Gardevoir|evasion|1
|-sideend|p2: onebigone|Stealth Rock|[from] move: Defog|[of] p2a: Noivern
|
|upkeep
|turn|9
|
|switch|p2a: Gigalith|Gigalith, F|100/100
|-weather|Sandstorm|[from] ability: Sand Stream|[of] p2a: Gigalith
|move|p1a: Gardevoir|Moonblast|p2a: Gigalith
|-damage|p2a: Gigalith|77/100
|
|-weather|Sandstorm|[upkeep]
|-damage|p1a: Gardevoir|94/100|[from] Sandstorm
|-heal|p2a: Gigalith|83/100|[from] item: Leftovers
|upkeep
|turn|10
|
|switch|p1a: Solosis|Solosis, L1, F|100/100
|switch|p2a: Escavalier|Escavalier, F|100/100
|
|-weather|Sandstorm|[upkeep]
|upkeep
|turn|11
|
|move|p2a: Escavalier|Megahorn|p1a: Solosis
|-supereffective|p1a: Solosis
|-enditem|p1a: Solosis|Focus Sash
|-damage|p1a: Solosis|9/100
|move|p1a: Solosis|Endeavor|p2a: Escavalier
|-damage|p2a: Escavalier|1/100
|
|-weather|Sandstorm|[upkeep]
|upkeep
|turn|12
|
|move|p2a: Escavalier|Megahorn|p1a: Solosis
|-supereffective|p1a: Solosis
|-damage|p1a: Solosis|0 fnt
|faint|p1a: Solosis
|
|-weather|Sandstorm|[upkeep]
|upkeep
|
|switch|p1a: Dugtrio|Dugtrio-Alola, M|81/100
|turn|13
|
|switch|p2a: Noivern|Noivern, F|83/100
|move|p1a: Dugtrio|Iron Head|p2a: Noivern
|-damage|p2a: Noivern|5/100
|-damage|p1a: Dugtrio|71/100|[from] item: Life Orb
|
|-weather|none
|upkeep
|turn|14
|
|switch|p2a: Jellicent|Jellicent, M|100/100
|move|p1a: Dugtrio|Sucker Punch||[still]
|-fail|p1a: Dugtrio
|
|upkeep
|turn|15
|
|switch|p1a: Gardevoir|Gardevoir, F|94/100
|-ability|p1a: Gardevoir|Water Absorb|[from] ability: Trace|[of] p2a: Jellicent
|move|p2a: Jellicent|Hex|p1a: Gardevoir
|-supereffective|p1a: Gardevoir
|-damage|p1a: Gardevoir|50/100
|
|upkeep
|turn|16
|
|switch|p2a: Escavalier|Escavalier, F|1/100
|move|p1a: Gardevoir|Trick|p2a: Escavalier
|-activate|p1a: Gardevoir|move: Trick|[of] p2a: Escavalier
|-item|p2a: Escavalier|Choice Scarf|[from] move: Trick
|-item|p1a: Gardevoir|Choice Band|[from] move: Trick
|
|upkeep
|turn|17
|
|move|p1a: Gardevoir|Moonblast|p2a: Escavalier
|-resisted|p2a: Escavalier
|-damage|p2a: Escavalier|0 fnt
|faint|p2a: Escavalier
|
|upkeep
|j| FaLCoNeSSI83
|
|switch|p2a: Gigalith|Gigalith, F|83/100
|-weather|Sandstorm|[from] ability: Sand Stream|[of] p2a: Gigalith
|turn|18
|
|move|p1a: Gardevoir|Moonblast|p2a: Gigalith
|-damage|p2a: Gigalith|58/100
|move|p2a: Gigalith|Earthquake|p1a: Gardevoir
|-damage|p1a: Gardevoir|0 fnt
|faint|p1a: Gardevoir
|
|-weather|Sandstorm|[upkeep]
|-heal|p2a: Gigalith|64/100|[from] item: Leftovers
|upkeep
|
|switch|p1a: Dugtrio|Dugtrio-Alola, M|71/100
|turn|19
|
|move|p1a: Dugtrio|Iron Head|p2a: Gigalith
|-supereffective|p2a: Gigalith
|-damage|p2a: Gigalith|0 fnt
|-damage|p1a: Dugtrio|61/100|[from] item: Life Orb
|faint|p2a: Gigalith
|
|-weather|Sandstorm|[upkeep]
|upkeep
|
|switch|p2a: Jellicent|Jellicent, M|100/100
|turn|20
|
|switch|p1a: Haxorus|Haxorus, M|100/100
|-ability|p1a: Haxorus|Mold Breaker
|move|p2a: Jellicent|Scald|p1a: Haxorus
|-resisted|p1a: Haxorus
|-damage|p1a: Haxorus|82/100
|
|-weather|Sandstorm|[upkeep]
|-damage|p1a: Haxorus|76/100|[from] Sandstorm
|-damage|p2a: Jellicent|94/100|[from] Sandstorm
|upkeep
|turn|21
|
|move|p1a: Haxorus|Outrage|p2a: Jellicent
|-damage|p2a: Jellicent|12/100
|move|p2a: Jellicent|Will-O-Wisp|p1a: Haxorus
|-status|p1a: Haxorus|brn
|
|-weather|Sandstorm|[upkeep]
|-damage|p1a: Haxorus|70/100 brn|[from] Sandstorm
|-damage|p2a: Jellicent|6/100|[from] Sandstorm
|-damage|p1a: Haxorus|64/100 brn|[from] brn
|upkeep
|turn|22
|
|switch|p2a: Sylveon|Sylveon, M|100/100
|move|p1a: Haxorus|Outrage|p2a: Sylveon|[from]lockedmove
|-immune|p2a: Sylveon
|-start|p1a: Haxorus|confusion|[fatigue]
|
|-weather|none
|-damage|p1a: Haxorus|57/100 brn|[from] brn
|upkeep
|turn|23
|
|switch|p1a: Dugtrio|Dugtrio-Alola, M|61/100
|move|p2a: Sylveon|Hyper Voice|p1a: Dugtrio
|-resisted|p1a: Dugtrio
|-damage|p1a: Dugtrio|24/100
|
|upkeep
|turn|24
|j| UULT1 SOLO DOLO
|
|switch|p2a: Noivern|Noivern, F|5/100
|move|p1a: Dugtrio|Iron Head|p2a: Noivern
|-damage|p2a: Noivern|0 fnt
|-damage|p1a: Dugtrio|14/100|[from] item: Life Orb
|faint|p2a: Noivern
|
|upkeep
|
|switch|p2a: Sylveon|Sylveon, M|100/100
|turn|25
|
|move|p1a: Dugtrio|Iron Head|p2a: Sylveon
|-supereffective|p2a: Sylveon
|-damage|p2a: Sylveon|25/100
|-damage|p1a: Dugtrio|4/100|[from] item: Life Orb
|move|p2a: Sylveon|Hyper Voice|p1a: Dugtrio
|-resisted|p1a: Dugtrio
|-damage|p1a: Dugtrio|0 fnt
|faint|p1a: Dugtrio
|
|-heal|p2a: Sylveon|31/100|[from] item: Leftovers
|upkeep
|
|switch|p1a: Haxorus|Haxorus, M|57/100 brn
|-ability|p1a: Haxorus|Mold Breaker
|turn|26
|
|move|p2a: Sylveon|Protect|p2a: Sylveon
|-singleturn|p2a: Sylveon|Protect
|move|p1a: Haxorus|Earthquake|p2a: Sylveon
|-activate|p2a: Sylveon|move: Protect
|
|-heal|p2a: Sylveon|37/100|[from] item: Leftovers
|-damage|p1a: Haxorus|51/100 brn|[from] brn
|upkeep
|turn|27
|l| UULT1 SOLO DOLO
|
|switch|p2a: Jellicent|Jellicent, M|6/100
|move|p1a: Haxorus|Earthquake|p2a: Jellicent
|-damage|p2a: Jellicent|0 fnt
|faint|p2a: Jellicent
|
|-damage|p1a: Haxorus|45/100 brn|[from] brn
|upkeep
|
|switch|p2a: Sylveon|Sylveon, M|37/100
|turn|28
|
|move|p2a: Sylveon|Protect|p2a: Sylveon
|-singleturn|p2a: Sylveon|Protect
|move|p1a: Haxorus|Earthquake|p2a: Sylveon
|-activate|p2a: Sylveon|move: Protect
|
|-heal|p2a: Sylveon|43/100|[from] item: Leftovers
|-damage|p1a: Haxorus|39/100 brn|[from] brn
|upkeep
|turn|29
|
|move|p1a: Haxorus|Earthquake|p2a: Sylveon
|-damage|p2a: Sylveon|22/100
|move|p2a: Sylveon|Hyper Voice|p1a: Haxorus
|-supereffective|p1a: Haxorus
|-damage|p1a: Haxorus|0 fnt
|faint|p1a: Haxorus
|
|win|onebigone
|l|☆uult1 sparrowstail
