|j|☆Eazigzagoon
|j|☆kingyascah
|t:|1655738657
|gametype|singles
|player|p1|Eazigzagoon|tuberf|1438
|player|p2|kingyascah|brock|1334
|teamsize|p1|6
|teamsize|p2|6
|gen|8
|tier|[Gen 8] UU
|rated|
|rule|Sleep Clause Mod: Limit one foe put to sleep
|rule|Species Clause: Limit one of each Pokémon
|rule|OHKO Clause: OHKO moves are banned
|rule|Evasion Moves Clause: Evasion moves are banned
|rule|Endless Battle Clause: Forcing endless battles is banned
|rule|HP Percentage Mod: HP is shown in percentages
|rule|Dynamax Clause: You cannot dynamax
|clearpoke
|poke|p1|Guzzlord|
|poke|p1|Moltres|
|poke|p1|Zygarde-10%|
|poke|p1|Keldeo-Resolute|
|poke|p1|Tapu Bulu|
|poke|p1|Nihilego|
|poke|p2|Hatterene, F|
|poke|p2|Chansey, F|
|poke|p2|Torkoal, M|
|poke|p2|Darmanitan, M|
|poke|p2|Venusaur, F|
|poke|p2|Charizard, F|
|teampreview
|inactive|Battle timer is ON: inactive players will automatically lose when time's up. (requested by kingyascah)
|
|t:|1655738680
|start
|switch|p1a: Nihilego|Nihilego|100/100
|switch|p2a: Torkoal|Torkoal, M|100/100
|-weather|SunnyDay|[from] ability: Drought|[of] p2a: Torkoal
|turn|1
|
|t:|1655738687
|switch|p2a: Chansey|Chansey, F|100/100
|move|p1a: Nihilego|Stealth Rock|p2a: Chansey
|-sidestart|p2: kingyascah|move: Stealth Rock
|
|-weather|SunnyDay|[upkeep]
|upkeep
|turn|2
|
|t:|1655738697
|move|p1a: Nihilego|Knock Off|p2a: Chansey
|-damage|p2a: Chansey|92/100
|-enditem|p2a: Chansey|Eviolite|[from] move: Knock Off|[of] p1a: Nihilego
|move|p2a: Chansey|Teleport|p2a: Chansey
|
|t:|1655738702
|switch|p2a: Darmanitan|Darmanitan, M|100/100|[from]move: Teleport
|-damage|p2a: Darmanitan|76/100|[from] Stealth Rock
|
|-weather|SunnyDay|[upkeep]
|upkeep
|turn|3
|
|t:|1655738732
|switch|p1a: Moltres|Moltres|100/100
|move|p2a: Darmanitan|Flare Blitz|p1a: Moltres
|-resisted|p1a: Moltres
|-damage|p1a: Moltres|33/100
|-damage|p2a: Darmanitan|54/100|[from] Recoil
|
|-weather|SunnyDay|[upkeep]
|upkeep
|turn|4
|
|t:|1655738741
|move|p2a: Darmanitan|Flare Blitz|p1a: Moltres
|-resisted|p1a: Moltres
|-damage|p1a: Moltres|0 fnt
|faint|p1a: Moltres
|-damage|p2a: Darmanitan|44/100|[from] Recoil
|
|-weather|SunnyDay|[upkeep]
|upkeep
|
|t:|1655738751
|switch|p1a: Guzzlord|Guzzlord|100/100
|turn|5
|
|t:|1655738754
|move|p2a: Darmanitan|Flare Blitz|p1a: Guzzlord
|-resisted|p1a: Guzzlord
|-damage|p1a: Guzzlord|60/100
|-damage|p2a: Darmanitan|21/100|[from] Recoil
|move|p1a: Guzzlord|Knock Off|p2a: Darmanitan
|-damage|p2a: Darmanitan|0 fnt
|-enditem|p2a: Darmanitan|Choice Scarf|[from] move: Knock Off|[of] p1a: Guzzlord
|faint|p2a: Darmanitan
|-ability|p1a: Guzzlord|Beast Boost|boost
|-boost|p1a: Guzzlord|atk|1
|
|-weather|SunnyDay|[upkeep]
|upkeep
|
|t:|1655738766
|switch|p2a: Venusaur|Venusaur, F|100/100
|-damage|p2a: Venusaur|88/100|[from] Stealth Rock
|turn|6
|
|t:|1655738771
|move|p2a: Venusaur|Growth|p2a: Venusaur
|-boost|p2a: Venusaur|atk|2
|-boost|p2a: Venusaur|spa|2
|move|p1a: Guzzlord|Knock Off|p2a: Venusaur
|-damage|p2a: Venusaur|0 fnt
|-enditem|p2a: Venusaur|Life Orb|[from] move: Knock Off|[of] p1a: Guzzlord
|faint|p2a: Venusaur
|-ability|p1a: Guzzlord|Beast Boost|boost
|-boost|p1a: Guzzlord|atk|1
|
|-weather|SunnyDay|[upkeep]
|upkeep
|-message|kingyascah forfeited.
|
|win|Eazigzagoon
|raw|Eazigzagoon's rating: 1438 &rarr; <strong>1452</strong><br />(+14 for winning)
|raw|kingyascah's rating: 1334 &rarr; <strong>1320</strong><br />(-14 for losing)
|l|☆kingyascah
||Ladder isn't responding, score probably updated but might not have (Request timeout).
