|j|☆TheFlawlessWin
|j|☆pokemonisfun
|t:|1620614902
|gametype|singles
|player|p1|TheFlawlessWin|lance|1686
|player|p2|pokemonisfun|preschooler|1858
|teamsize|p1|6
|teamsize|p2|6
|gen|8
|tier|[Gen 8] UU
|rated|
|rule|Sleep Clause Mod: Limit one foe put to sleep
|rule|Species Clause: Limit one of each Pokémon
|rule|OHKO Clause: OHKO moves are banned
|rule|Evasion Moves Clause: Evasion moves are banned
|rule|Endless Battle Clause: Forcing endless battles is banned
|rule|HP Percentage Mod: HP is shown in percentages
|rule|Dynamax Clause: You cannot dynamax
|clearpoke
|poke|p1|Conkeldurr, F|
|poke|p1|Rotom-Heat|
|poke|p1|Zarude|
|poke|p1|Celesteela|
|poke|p1|Tentacruel, M|
|poke|p1|Palossand, F|
|poke|p2|Primarina, M|
|poke|p2|Rotom-Heat|
|poke|p2|Zarude-Dada|
|poke|p2|Chansey, F|
|poke|p2|Scizor, F|
|poke|p2|Nidoqueen, F|
|teampreview
|inactive|Battle timer is ON: inactive players will automatically lose when time's up. (requested by TheFlawlessWin)
|
|t:|1620614971
|start
|switch|p1a: Palossand|Palossand, F|100/100
|switch|p2a: mitten impossible|Rotom-Heat|100/100
|turn|1
|
|t:|1620614986
|switch|p2a: za polite|Zarude-Dada|100/100
|move|p1a: Palossand|Shadow Ball|p2a: za polite
|-resisted|p2a: za polite
|-damage|p2a: za polite|87/100
|-unboost|p2a: za polite|spd|1
|
|upkeep
|turn|2
|inactive|pokemonisfun has 120 seconds left.
|
|t:|1620615022
|switch|p1a: Rotom|Rotom-Heat|100/100
|move|p2a: za polite|Darkest Lariat|p1a: Rotom
|-damage|p1a: Rotom|54/100
|
|upkeep
|turn|3
|inactive|pokemonisfun has 120 seconds left.
|
|t:|1620615029
|switch|p2a: mitten impossible|Rotom-Heat|100/100
|move|p1a: Rotom|Pain Split|p2a: mitten impossible
|-sethp|p2a: mitten impossible|77/100|[from] move: Pain Split|[silent]
|-sethp|p1a: Rotom|77/100|[from] move: Pain Split
|
|upkeep
|turn|4
|
|t:|1620615037
|move|p1a: Rotom|Toxic|p2a: mitten impossible
|-status|p2a: mitten impossible|tox
|move|p2a: mitten impossible|Volt Switch|p1a: Rotom
|-resisted|p1a: Rotom
|-damage|p1a: Rotom|64/100
|
|t:|1620615044
|switch|p2a: meanie queenie|Nidoqueen, F|100/100|[from]move: Volt Switch
|
|upkeep
|turn|5
|
|t:|1620615049
|move|p1a: Rotom|Pain Split|p2a: meanie queenie
|-sethp|p2a: meanie queenie|80/100|[from] move: Pain Split|[silent]
|-sethp|p1a: Rotom|85/100|[from] move: Pain Split
|move|p2a: meanie queenie|Sludge Wave|p1a: Rotom
|-damage|p1a: Rotom|31/100
|
|-heal|p2a: meanie queenie|86/100|[from] item: Black Sludge
|upkeep
|turn|6
|
|t:|1620615053
|move|p1a: Rotom|Pain Split|p2a: meanie queenie
|-sethp|p2a: meanie queenie|58/100|[from] move: Pain Split|[silent]
|-sethp|p1a: Rotom|61/100|[from] move: Pain Split
|move|p2a: meanie queenie|Sludge Wave|p1a: Rotom
|-damage|p1a: Rotom|9/100
|
|-heal|p2a: meanie queenie|64/100|[from] item: Black Sludge
|upkeep
|turn|7
|
|t:|1620615062
|switch|p1a: Tentacruel|Tentacruel, M|100/100
|switch|p2a: mitten impossible|Rotom-Heat|77/100 tox
|
|-damage|p2a: mitten impossible|71/100 tox|[from] psn
|upkeep
|turn|8
|
|t:|1620615073
|switch|p1a: Palossand|Palossand, F|100/100
|move|p2a: mitten impossible|Volt Switch|p1a: Palossand
|-immune|p1a: Palossand
|
|-damage|p2a: mitten impossible|59/100 tox|[from] psn
|upkeep
|turn|9
|
|t:|1620615080
|switch|p2a: za polite|Zarude-Dada|87/100
|move|p1a: Palossand|Stealth Rock|p2a: za polite
|-sidestart|p2: pokemonisfun|move: Stealth Rock
|
|upkeep
|turn|10
|
|t:|1620615098
|switch|p1a: Celesteela|Celesteela|100/100
|move|p2a: za polite|Power Whip|p1a: Celesteela
|-resisted|p1a: Celesteela
|-damage|p1a: Celesteela|90/100
|
|-heal|p1a: Celesteela|96/100|[from] item: Leftovers
|upkeep
|turn|11
|
|t:|1620615121
|move|p2a: za polite|Darkest Lariat|p1a: Celesteela
|-damage|p1a: Celesteela|65/100
|move|p1a: Celesteela|Leech Seed|p2a: za polite
|-immune|p2a: za polite
|
|-heal|p1a: Celesteela|71/100|[from] item: Leftovers
|upkeep
|turn|12
|
|t:|1620615138
|move|p1a: Celesteela|Protect|p1a: Celesteela
|-singleturn|p1a: Celesteela|Protect
|move|p2a: za polite|U-turn|p1a: Celesteela
|-activate|p1a: Celesteela|move: Protect
|
|-heal|p1a: Celesteela|77/100|[from] item: Leftovers
|upkeep
|turn|13
|j| samasenta
|
|t:|1620615156
|move|p2a: za polite|Darkest Lariat|p1a: Celesteela
|-damage|p1a: Celesteela|44/100
|move|p1a: Celesteela|Flamethrower|p2a: za polite
|-supereffective|p2a: za polite
|-damage|p2a: za polite|42/100
|
|-heal|p1a: Celesteela|50/100|[from] item: Leftovers
|upkeep
|turn|14
|
|t:|1620615165
|move|p2a: za polite|Jungle Healing|p2a: za polite
|-heal|p2a: za polite|67/100
|move|p1a: Celesteela|Leech Seed|p2a: za polite
|-immune|p2a: za polite
|
|-heal|p1a: Celesteela|56/100|[from] item: Leftovers
|upkeep
|turn|15
|
|t:|1620615178
|switch|p1a: Conkeldurr|Conkeldurr, F|100/100
|move|p2a: za polite|U-turn|p1a: Conkeldurr
|-resisted|p1a: Conkeldurr
|-damage|p1a: Conkeldurr|89/100
|inactive|pokemonisfun has 120 seconds left.
|
|t:|1620615193
|switch|p2a: seal that squeals|Primarina, M|100/100|[from]move: U-turn
|-damage|p2a: seal that squeals|88/100|[from] Stealth Rock
|
|-heal|p2a: seal that squeals|94/100|[from] item: Leftovers
|-status|p1a: Conkeldurr|brn|[from] item: Flame Orb
|upkeep
|turn|16
|inactive|pokemonisfun has 120 seconds left.
|inactive|pokemonisfun has 90 seconds left.
|
|t:|1620615238
|switch|p1a: Tentacruel|Tentacruel, M|100/100
|move|p2a: seal that squeals|Scald|p1a: Tentacruel
|-resisted|p1a: Tentacruel
|-damage|p1a: Tentacruel|87/100
|
|-heal|p1a: Tentacruel|93/100|[from] item: Black Sludge
|-heal|p2a: seal that squeals|99/100|[from] item: Leftovers
|upkeep
|turn|17
|inactive|pokemonisfun has 90 seconds left.
|
|t:|1620615263
|switch|p1a: Conkeldurr|Conkeldurr, F|89/100 brn
|move|p2a: seal that squeals|Scald|p1a: Conkeldurr
|-damage|p1a: Conkeldurr|42/100 brn
|
|-heal|p2a: seal that squeals|100/100|[from] item: Leftovers
|-damage|p1a: Conkeldurr|36/100 brn|[from] brn
|upkeep
|turn|18
|
|t:|1620615273
|switch|p1a: Tentacruel|Tentacruel, M|93/100
|switch|p2a: punchy wunchy|Scizor, F|100/100
|
|-heal|p1a: Tentacruel|99/100|[from] item: Black Sludge
|upkeep
|turn|19
|
|t:|1620615277
|move|p1a: Tentacruel|Scald|p2a: punchy wunchy
|-damage|p2a: punchy wunchy|75/100
|move|p2a: punchy wunchy|Knock Off|p1a: Tentacruel
|-damage|p1a: Tentacruel|64/100
|-enditem|p1a: Tentacruel|Black Sludge|[from] move: Knock Off|[of] p2a: punchy wunchy
|
|upkeep
|turn|20
|inactive|pokemonisfun has 90 seconds left.
|
|t:|1620615294
|switch|p2a: take a chansey|Chansey, F|100/100
|-damage|p2a: take a chansey|88/100|[from] Stealth Rock
|move|p1a: Tentacruel|Scald|p2a: take a chansey
|-damage|p2a: take a chansey|81/100
|
|upkeep
|turn|21
|inactive|pokemonisfun has 90 seconds left.
|
|t:|1620615303
|switch|p1a: Celesteela|Celesteela|56/100
|move|p2a: take a chansey|Seismic Toss|p1a: Celesteela
|-damage|p1a: Celesteela|31/100
|
|-heal|p1a: Celesteela|37/100|[from] item: Leftovers
|upkeep
|turn|22
|
|t:|1620615312
|move|p1a: Celesteela|Heavy Slam|p2a: take a chansey
|-damage|p2a: take a chansey|54/100
|move|p2a: take a chansey|Teleport|p2a: take a chansey
|inactive|pokemonisfun has 90 seconds left.
|j| l'm really bad
|inactive|pokemonisfun has 60 seconds left.
|
|t:|1620615353
|switch|p2a: meanie queenie|Nidoqueen, F|64/100|[from]move: Teleport
|-damage|p2a: meanie queenie|58/100|[from] Stealth Rock
|
|-heal|p2a: meanie queenie|64/100|[from] item: Black Sludge
|-heal|p1a: Celesteela|43/100|[from] item: Leftovers
|upkeep
|turn|23
|
|t:|1620615361
|switch|p1a: Tentacruel|Tentacruel, M|64/100
|move|p2a: meanie queenie|Stealth Rock|p1a: Tentacruel
|-sidestart|p1: TheFlawlessWin|move: Stealth Rock
|
|-heal|p2a: meanie queenie|70/100|[from] item: Black Sludge
|upkeep
|turn|24
|
|t:|1620615367
|move|p1a: Tentacruel|Scald|p2a: meanie queenie
|-supereffective|p2a: meanie queenie
|-damage|p2a: meanie queenie|19/100
|-status|p2a: meanie queenie|brn
|move|p2a: meanie queenie|Earth Power|p1a: Tentacruel
|-supereffective|p1a: Tentacruel
|-damage|p1a: Tentacruel|0 fnt
|faint|p1a: Tentacruel
|
|-heal|p2a: meanie queenie|25/100 brn|[from] item: Black Sludge
|-damage|p2a: meanie queenie|19/100 brn|[from] brn
|upkeep
|
|t:|1620615379
|switch|p1a: Zarude|Zarude|100/100
|-damage|p1a: Zarude|88/100|[from] Stealth Rock
|turn|25
|inactive|pokemonisfun has 90 seconds left.
|
|t:|1620615404
|switch|p2a: punchy wunchy|Scizor, F|75/100
|move|p1a: Zarude|Darkest Lariat|p2a: punchy wunchy
|-damage|p2a: punchy wunchy|40/100
|
|upkeep
|turn|26
|
|t:|1620615421
|switch|p1a: Palossand|Palossand, F|100/100
|-damage|p1a: Palossand|94/100|[from] Stealth Rock
|move|p2a: punchy wunchy|Roost|p2a: punchy wunchy
|-heal|p2a: punchy wunchy|90/100
|-singleturn|p2a: punchy wunchy|move: Roost
|
|upkeep
|turn|27
|
|t:|1620615429
|move|p2a: punchy wunchy|U-turn|p1a: Palossand
|-resisted|p1a: Palossand
|-damage|p1a: Palossand|85/100
|
|t:|1620615435
|switch|p2a: za polite|Zarude-Dada|67/100|[from]move: U-turn
|move|p1a: Palossand|Scorching Sands|p2a: za polite
|-resisted|p2a: za polite
|-damage|p2a: za polite|55/100
|-status|p2a: za polite|brn
|
|-damage|p2a: za polite|49/100 brn|[from] brn
|upkeep
|turn|28
|inactive|pokemonisfun has 90 seconds left.
|
|t:|1620615449
|switch|p1a: Conkeldurr|Conkeldurr, F|36/100 brn
|-damage|p1a: Conkeldurr|30/100 brn|[from] Stealth Rock
|move|p2a: za polite|Jungle Healing|p2a: za polite
|-heal|p2a: za polite|74/100 brn
|-curestatus|p2a: za polite|brn|[msg]
|
|-damage|p1a: Conkeldurr|24/100 brn|[from] brn
|upkeep
|turn|29
|inactive|pokemonisfun has 90 seconds left.
|
|t:|1620615463
|switch|p2a: meanie queenie|Nidoqueen, F|19/100 brn
|-damage|p2a: meanie queenie|13/100 brn|[from] Stealth Rock
|move|p1a: Conkeldurr|Drain Punch|p2a: meanie queenie
|-resisted|p2a: meanie queenie
|-damage|p2a: meanie queenie|0 fnt
|-heal|p1a: Conkeldurr|29/100 brn|[from] drain|[of] p2a: meanie queenie
|faint|p2a: meanie queenie
|
|-damage|p1a: Conkeldurr|23/100 brn|[from] brn
|upkeep
|
|t:|1620615479
|switch|p2a: seal that squeals|Primarina, M|100/100
|-damage|p2a: seal that squeals|88/100|[from] Stealth Rock
|turn|30
|
|t:|1620615485
|move|p1a: Conkeldurr|Facade|p2a: seal that squeals
|-damage|p2a: seal that squeals|25/100
|move|p2a: seal that squeals|Moonblast|p1a: Conkeldurr
|-supereffective|p1a: Conkeldurr
|-crit|p1a: Conkeldurr
|-damage|p1a: Conkeldurr|0 fnt
|faint|p1a: Conkeldurr
|
|-heal|p2a: seal that squeals|31/100|[from] item: Leftovers
|upkeep
|
|t:|1620615492
|switch|p1a: Rotom|Rotom-Heat|9/100
|turn|31
|inactive|pokemonisfun has 90 seconds left.
|
|t:|1620615511
|move|p1a: Rotom|Volt Switch|p2a: seal that squeals
|-supereffective|p2a: seal that squeals
|-damage|p2a: seal that squeals|0 fnt
|faint|p2a: seal that squeals
|
|t:|1620615531
|switch|p1a: Celesteela|Celesteela|43/100|[from]move: Volt Switch
|-damage|p1a: Celesteela|31/100|[from] Stealth Rock
|
|-heal|p1a: Celesteela|37/100|[from] item: Leftovers
|upkeep
|
|t:|1620615537
|switch|p2a: za polite|Zarude-Dada|74/100
|turn|32
|
|t:|1620615542
|move|p1a: Celesteela|Protect|p1a: Celesteela
|-singleturn|p1a: Celesteela|Protect
|move|p2a: za polite|Darkest Lariat|p1a: Celesteela
|-activate|p1a: Celesteela|move: Protect
|
|-heal|p1a: Celesteela|43/100|[from] item: Leftovers
|upkeep
|turn|33
|
|t:|1620615549
|switch|p1a: Zarude|Zarude|88/100
|-damage|p1a: Zarude|76/100|[from] Stealth Rock
|move|p2a: za polite|Darkest Lariat|p1a: Zarude
|-resisted|p1a: Zarude
|-damage|p1a: Zarude|55/100
|
|upkeep
|turn|34
|
|t:|1620615572
|switch|p2a: punchy wunchy|Scizor, F|90/100
|move|p1a: Zarude|U-turn|p2a: punchy wunchy
|-resisted|p2a: punchy wunchy
|-damage|p2a: punchy wunchy|80/100
|
|t:|1620615576
|switch|p1a: Rotom|Rotom-Heat|9/100|[from]move: U-turn
|
|upkeep
|turn|35
|
|t:|1620615580
|move|p1a: Rotom|Pain Split|p2a: punchy wunchy
|-sethp|p2a: punchy wunchy|44/100|[from] move: Pain Split|[silent]
|-sethp|p1a: Rotom|50/100|[from] move: Pain Split
|move|p2a: punchy wunchy|Knock Off|p1a: Rotom
|-damage|p1a: Rotom|18/100
|-enditem|p1a: Rotom|Heavy-Duty Boots|[from] move: Knock Off|[of] p2a: punchy wunchy
|
|upkeep
|turn|36
|
|t:|1620615601
|switch|p2a: mitten impossible|Rotom-Heat|59/100 tox
|move|p1a: Rotom|Overheat|p2a: mitten impossible|[miss]
|-miss|p1a: Rotom|p2a: mitten impossible
|
|-damage|p2a: mitten impossible|53/100 tox|[from] psn
|upkeep
|turn|37
|
|t:|1620615606
|move|p2a: mitten impossible|Overheat|p1a: Rotom
|-resisted|p1a: Rotom
|-damage|p1a: Rotom|0 fnt
|-unboost|p2a: mitten impossible|spa|2
|faint|p1a: Rotom
|
|-damage|p2a: mitten impossible|41/100 tox|[from] psn
|upkeep
|
|t:|1620615628
|switch|p1a: Palossand|Palossand, F|85/100
|-damage|p1a: Palossand|79/100|[from] Stealth Rock
|turn|38
|inactive|pokemonisfun has 120 seconds left.
|
|t:|1620615639
|switch|p2a: za polite|Zarude-Dada|74/100
|switch|p1a: Zarude|Zarude|55/100
|-damage|p1a: Zarude|43/100|[from] Stealth Rock
|
|upkeep
|turn|39
|inactive|pokemonisfun has 120 seconds left.
|inactive|pokemonisfun has 90 seconds left.
|
|t:|1620615678
|switch|p2a: mitten impossible|Rotom-Heat|41/100 tox
|move|p1a: Zarude|U-turn|p2a: mitten impossible
|-resisted|p2a: mitten impossible
|-damage|p2a: mitten impossible|30/100 tox
|
|t:|1620615690
|switch|p1a: Celesteela|Celesteela|43/100|[from]move: U-turn
|-damage|p1a: Celesteela|31/100|[from] Stealth Rock
|
|-heal|p1a: Celesteela|37/100|[from] item: Leftovers
|-damage|p2a: mitten impossible|24/100 tox|[from] psn
|upkeep
|turn|40
|inactive|pokemonisfun has 90 seconds left.
|
|t:|1620615719
|move|p1a: Celesteela|Protect|p1a: Celesteela
|-singleturn|p1a: Celesteela|Protect
|move|p2a: mitten impossible|Overheat|p1a: Celesteela
|-activate|p1a: Celesteela|move: Protect
|
|-heal|p1a: Celesteela|43/100|[from] item: Leftovers
|-damage|p2a: mitten impossible|12/100 tox|[from] psn
|upkeep
|turn|41
|
|t:|1620615730
|switch|p1a: Palossand|Palossand, F|79/100
|-damage|p1a: Palossand|72/100|[from] Stealth Rock
|move|p2a: mitten impossible|Overheat|p1a: Palossand
|-damage|p1a: Palossand|18/100
|-unboost|p2a: mitten impossible|spa|2
|
|-damage|p2a: mitten impossible|0 fnt|[from] psn
|faint|p2a: mitten impossible
|upkeep
|
|t:|1620615740
|switch|p2a: punchy wunchy|Scizor, F|44/100
|turn|42
|
|t:|1620615750
|move|p2a: punchy wunchy|Bullet Punch|p1a: Palossand
|-damage|p1a: Palossand|0 fnt
|faint|p1a: Palossand
|
|upkeep
|
|t:|1620615756
|switch|p1a: Celesteela|Celesteela|43/100
|-damage|p1a: Celesteela|30/100|[from] Stealth Rock
|turn|43
|
|t:|1620615780
|move|p1a: Celesteela|Protect|p1a: Celesteela
|-singleturn|p1a: Celesteela|Protect
|move|p2a: punchy wunchy|U-turn|p1a: Celesteela
|-activate|p1a: Celesteela|move: Protect
|
|-heal|p1a: Celesteela|36/100|[from] item: Leftovers
|upkeep
|turn|44
|inactive|pokemonisfun has 60 seconds left.
|
|t:|1620615806
|move|p2a: punchy wunchy|Knock Off|p1a: Celesteela
|-damage|p1a: Celesteela|13/100
|-enditem|p1a: Celesteela|Leftovers|[from] move: Knock Off|[of] p2a: punchy wunchy
|move|p1a: Celesteela|Flamethrower|p2a: punchy wunchy
|-supereffective|p2a: punchy wunchy
|-damage|p2a: punchy wunchy|0 fnt
|faint|p2a: punchy wunchy
|-ability|p1a: Celesteela|Beast Boost|boost
|-boost|p1a: Celesteela|spd|1
|
|upkeep
|
|t:|1620615811
|switch|p2a: za polite|Zarude-Dada|74/100
|turn|45
|inactive|pokemonisfun has 60 seconds left.
|
|t:|1620615819
|switch|p1a: Zarude|Zarude|43/100
|-damage|p1a: Zarude|31/100|[from] Stealth Rock
|move|p2a: za polite|Darkest Lariat|p1a: Zarude
|-resisted|p1a: Zarude
|-damage|p1a: Zarude|11/100
|
|upkeep
|turn|46
|inactive|pokemonisfun has 60 seconds left.
|c|☆TheFlawlessWin|gg
|-message|TheFlawlessWin forfeited.
|
|win|pokemonisfun
|raw|TheFlawlessWin's rating: 1686 &rarr; <strong>1675</strong><br />(-11 for losing)
|raw|pokemonisfun's rating: 1858 &rarr; <strong>1869</strong><br />(+11 for winning)
|l|☆TheFlawlessWin
|c|☆pokemonisfun|gg
