|j|☆uzumaki the hand
|j|☆oddmushroom
|player|p1|uzumaki the hand|swimmerf|1356
|player|p2|oddmushroom|52|1274
|teamsize|p1|6
|teamsize|p2|6
|gametype|singles
|gen|8
|tier|[Gen 8] UU
|rated|
|rule|Sleep Clause Mod: Limit one foe put to sleep
|rule|Species Clause: Limit one of each Pokémon
|rule|OHKO Clause: OHKO moves are banned
|rule|Evasion Moves Clause: Evasion moves are banned
|rule|Endless Battle Clause: Forcing endless battles is banned
|rule|HP Percentage Mod: HP is shown in percentages
|clearpoke
|poke|p1|Polteageist|
|poke|p1|Falinks|
|poke|p1|Mew|
|poke|p1|Kommo-o, M|
|poke|p1|Avalugg, F|
|poke|p1|Cloyster, M|
|poke|p2|Dubwool, M|
|poke|p2|Claydol|
|poke|p2|Gallade, M|
|poke|p2|Mawile, F|
|poke|p2|Noivern, M|
|poke|p2|Chandelure, M|
|rule|Dynamax Clause: You cannot dynamax
|teampreview
|
|start
|switch|p1a: Mew|Mew|100/100
|switch|p2a: Gallade|Gallade, M|100/100
|turn|1
|
|switch|p2a: Chandelure|Chandelure, M|100/100
|move|p1a: Mew|Will-O-Wisp|p2a: Chandelure
|-immune|p2a: Chandelure
|
|upkeep
|turn|2
|inactive|Battle timer is ON: inactive players will automatically lose when time's up. (requested by oddmushroom)
|
|move|p1a: Mew|Stealth Rock|p2a: Chandelure
|-sidestart|p2: oddmushroom|move: Stealth Rock
|move|p2a: Chandelure|Calm Mind|p2a: Chandelure
|-boost|p2a: Chandelure|spa|1
|-boost|p2a: Chandelure|spd|1
|
|upkeep
|turn|3
|
|move|p1a: Mew|Taunt|p2a: Chandelure
|-start|p2a: Chandelure|move: Taunt
|move|p2a: Chandelure|Shadow Ball|p1a: Mew
|-supereffective|p1a: Mew
|-damage|p1a: Mew|0 fnt
|faint|p1a: Mew
|
|upkeep
|
|switch|p1a: Kommo-o|Kommo-o, M|100/100
|turn|4
|
|move|p1a: Kommo-o|Clangorous Soul|p1a: Kommo-o
|-boost|p1a: Kommo-o|atk|1
|-boost|p1a: Kommo-o|def|1
|-boost|p1a: Kommo-o|spa|1
|-boost|p1a: Kommo-o|spd|1
|-boost|p1a: Kommo-o|spe|1
|-damage|p1a: Kommo-o|67/100
|-enditem|p1a: Kommo-o|Throat Spray
|-boost|p1a: Kommo-o|spa|1
|move|p2a: Chandelure|Shadow Ball|p1a: Kommo-o
|-immune|p1a: Kommo-o|[from] ability: Bulletproof
|
|upkeep
|turn|5
|
|move|p1a: Kommo-o|Clanging Scales|p2a: Chandelure
|-crit|p2a: Chandelure
|-damage|p2a: Chandelure|0 fnt
|-unboost|p1a: Kommo-o|def|1
|faint|p2a: Chandelure
|
|upkeep
|
|switch|p2a: Mawile|Mawile, F|100/100
|-damage|p2a: Mawile|94/100|[from] Stealth Rock
|turn|6
|
|move|p1a: Kommo-o|Flamethrower|p2a: Mawile
|-supereffective|p2a: Mawile
|-damage|p2a: Mawile|0 fnt
|faint|p2a: Mawile
|
|upkeep
|
|switch|p2a: Noivern|Noivern, M|100/100
|-damage|p2a: Noivern|75/100|[from] Stealth Rock
|turn|7
|
|move|p1a: Kommo-o|Clanging Scales|p2a: Noivern
|-supereffective|p2a: Noivern
|-damage|p2a: Noivern|0 fnt
|-unboost|p1a: Kommo-o|def|1
|faint|p2a: Noivern
|
|upkeep
|
|switch|p2a: Dubwool|Dubwool, M|100/100
|-damage|p2a: Dubwool|88/100|[from] Stealth Rock
|turn|8
|
|move|p1a: Kommo-o|Clanging Scales|p2a: Dubwool
|-damage|p2a: Dubwool|0 fnt
|-unboost|p1a: Kommo-o|def|1
|faint|p2a: Dubwool
|
|upkeep
|
|switch|p2a: Claydol|Claydol|100/100
|-damage|p2a: Claydol|94/100|[from] Stealth Rock
|turn|9
|
|move|p1a: Kommo-o|Clanging Scales|p2a: Claydol
|-damage|p2a: Claydol|13/100
|-unboost|p1a: Kommo-o|def|1
|move|p2a: Claydol|Rapid Spin|p1a: Kommo-o
|-damage|p1a: Kommo-o|52/100
|-sideend|p2: oddmushroom|Stealth Rock|[from] move: Rapid Spin|[of] p2a: Claydol
|-boost|p2a: Claydol|spe|1
|
|-heal|p2a: Claydol|20/100|[from] item: Leftovers
|upkeep
|turn|10
|
|move|p1a: Kommo-o|Clanging Scales|p2a: Claydol
|-damage|p2a: Claydol|0 fnt
|-unboost|p1a: Kommo-o|def|1
|faint|p2a: Claydol
|
|upkeep
|-message|oddmushroom forfeited.
|
|win|uzumaki the hand
|l|☆oddmushroom
