|j|☆Passdaboofpls
|j|☆kerorek
|t:|1629153573
|gametype|singles
|player|p1|Passdaboofpls|265|1488
|player|p2|kerorek|lass-gen4dp|1484
|teamsize|p1|6
|teamsize|p2|6
|gen|8
|tier|[Gen 8] UU
|rated|
|rule|Sleep Clause Mod: Limit one foe put to sleep
|rule|Species Clause: Limit one of each Pokémon
|rule|OHKO Clause: OHKO moves are banned
|rule|Evasion Moves Clause: Evasion moves are banned
|rule|Endless Battle Clause: Forcing endless battles is banned
|rule|HP Percentage Mod: HP is shown in percentages
|rule|Dynamax Clause: You cannot dynamax
|clearpoke
|poke|p1|Zygarde-10%|
|poke|p1|Raikou|
|poke|p1|Machamp, M|
|poke|p1|Cresselia, F|
|poke|p1|Registeel|
|poke|p1|Krookodile, M|
|poke|p2|Goodra, M|
|poke|p2|Celebi|
|poke|p2|Lanturn, F|
|poke|p2|Cramorant, M|
|poke|p2|Dubwool, M|
|poke|p2|Morpeko, M|
|teampreview
|
|t:|1629153588
|start
|switch|p1a: Registeel|Registeel|100/100
|switch|p2a: Celebi|Celebi|100/100
|turn|1
|
|t:|1629153594
|move|p2a: Celebi|Stealth Rock|p1a: Registeel
|-sidestart|p1: Passdaboofpls|move: Stealth Rock
|move|p1a: Registeel|Stealth Rock|p2a: Celebi
|-sidestart|p2: kerorek|move: Stealth Rock
|
|upkeep
|turn|2
|
|t:|1629153597
|move|p2a: Celebi|U-turn|p1a: Registeel
|-resisted|p1a: Registeel
|-damage|p1a: Registeel|96/100
|
|t:|1629153598
|switch|p2a: Dubwool|Dubwool, M|100/100|[from]move: U-turn
|-damage|p2a: Dubwool|88/100|[from] Stealth Rock
|move|p1a: Registeel|Toxic|p2a: Dubwool
|-status|p2a: Dubwool|tox
|
|-heal|p1a: Registeel|100/100|[from] item: Leftovers
|-damage|p2a: Dubwool|82/100 tox|[from] psn
|upkeep
|turn|3
|
|t:|1629153603
|move|p2a: Dubwool|Cotton Guard|p2a: Dubwool
|-boost|p2a: Dubwool|def|3
|move|p1a: Registeel|Seismic Toss|p2a: Dubwool
|-damage|p2a: Dubwool|53/100 tox
|-damage|p1a: Registeel|84/100|[from] item: Rocky Helmet|[of] p2a: Dubwool
|
|-heal|p1a: Registeel|90/100|[from] item: Leftovers
|-damage|p2a: Dubwool|41/100 tox|[from] psn
|upkeep
|turn|4
|
|t:|1629153606
|move|p1a: Registeel|Protect|p1a: Registeel
|-singleturn|p1a: Registeel|Protect
|move|p2a: Dubwool|Rest|p2a: Dubwool
|-status|p2a: Dubwool|slp|[from] move: Rest
|-heal|p2a: Dubwool|100/100 slp|[silent]
|
|-heal|p1a: Registeel|96/100|[from] item: Leftovers
|upkeep
|turn|5
|
|t:|1629153614
|switch|p1a: Raikou|Raikou|100/100
|-ability|p1a: Raikou|Pressure
|cant|p2a: Dubwool|slp
|move|p2a: Dubwool|Sleep Talk|p2a: Dubwool
|move|p2a: Dubwool|Body Press|p1a: Raikou|[from]move: Sleep Talk
|-damage|p1a: Raikou|12/100
|
|upkeep
|turn|6
|
|t:|1629153619
|switch|p2a: Lanturn|Lanturn, F|100/100
|-damage|p2a: Lanturn|88/100|[from] Stealth Rock
|move|p1a: Raikou|Thunderbolt|p2a: Lanturn
|-heal|p2a: Lanturn|100/100|[from] ability: Volt Absorb|[of] p1a: Raikou
|
|upkeep
|turn|7
|
|t:|1629153628
|switch|p1a: Machamp|Machamp, M|100/100
|-damage|p1a: Machamp|94/100|[from] Stealth Rock
|move|p2a: Lanturn|Scald|p1a: Machamp
|-damage|p1a: Machamp|68/100
|-status|p1a: Machamp|brn
|
|-damage|p1a: Machamp|62/100 brn|[from] brn
|upkeep
|turn|8
|
|t:|1629153631
|switch|p2a: Celebi|Celebi|100/100
|-damage|p2a: Celebi|88/100|[from] Stealth Rock
|move|p1a: Machamp|Facade|p2a: Celebi
|-damage|p2a: Celebi|30/100
|
|-damage|p1a: Machamp|55/100 brn|[from] brn
|upkeep
|turn|9
|
|t:|1629153637
|switch|p1a: Krookodile|Krookodile, M|100/100
|-damage|p1a: Krookodile|94/100|[from] Stealth Rock
|move|p2a: Celebi|Leaf Storm|p1a: Krookodile
|-supereffective|p1a: Krookodile
|-damage|p1a: Krookodile|0 fnt
|-unboost|p2a: Celebi|spa|2
|faint|p1a: Krookodile
|
|upkeep
|
|t:|1629153648
|switch|p1a: Machamp|Machamp, M|55/100 brn
|-damage|p1a: Machamp|49/100 brn|[from] Stealth Rock
|turn|10
|
|t:|1629153661
|move|p2a: Celebi|Recover|p2a: Celebi
|-heal|p2a: Celebi|80/100
|move|p1a: Machamp|Knock Off|p2a: Celebi
|-supereffective|p2a: Celebi
|-enditem|p2a: Celebi|Colbur Berry|[eat]
|-enditem|p2a: Celebi|Colbur Berry|[weaken]
|-damage|p2a: Celebi|40/100
|
|-damage|p1a: Machamp|43/100 brn|[from] brn
|upkeep
|turn|11
|
|t:|1629153671
|move|p2a: Celebi|Leaf Storm|p1a: Machamp|[miss]
|-miss|p2a: Celebi|p1a: Machamp
|move|p1a: Machamp|Facade|p2a: Celebi
|-damage|p2a: Celebi|0 fnt
|faint|p2a: Celebi
|
|-damage|p1a: Machamp|37/100 brn|[from] brn
|upkeep
|
|t:|1629153679
|switch|p2a: Morpeko|Morpeko, M|100/100
|-damage|p2a: Morpeko|88/100|[from] Stealth Rock
|turn|12
|
|t:|1629153683
|switch|p1a: Zygarde|Zygarde-10%|100/100
|-damage|p1a: Zygarde|94/100|[from] Stealth Rock
|-ability|p1a: Zygarde|Aura Break
|move|p2a: Morpeko|Aura Wheel|p1a: Zygarde
|-immune|p1a: Zygarde
|
|-formechange|p2a: Morpeko|Morpeko-Hangry||[from] ability: Hunger Switch
|upkeep
|turn|13
|
|t:|1629153693
|switch|p2a: Lanturn|Lanturn, F|100/100
|-damage|p2a: Lanturn|88/100|[from] Stealth Rock
|move|p1a: Zygarde|Thousand Arrows|p2a: Lanturn
|-supereffective|p2a: Lanturn
|-damage|p2a: Lanturn|0 fnt
|faint|p2a: Lanturn
|
|upkeep
|
|t:|1629153698
|switch|p2a: Goodra|Goodra, M|100/100
|-damage|p2a: Goodra|88/100|[from] Stealth Rock
|turn|14
|
|t:|1629153701
|switch|p1a: Registeel|Registeel|96/100
|-damage|p1a: Registeel|90/100|[from] Stealth Rock
|move|p2a: Goodra|Fire Blast|p1a: Registeel
|-supereffective|p1a: Registeel
|-damage|p1a: Registeel|31/100
|
|-heal|p1a: Registeel|37/100|[from] item: Leftovers
|upkeep
|turn|15
|
|t:|1629153707
|move|p1a: Registeel|Protect|p1a: Registeel
|-singleturn|p1a: Registeel|Protect
|move|p2a: Goodra|Fire Blast|p1a: Registeel
|-activate|p1a: Registeel|move: Protect
|
|-heal|p1a: Registeel|43/100|[from] item: Leftovers
|upkeep
|turn|16
|
|t:|1629153717
|switch|p2a: Dubwool|Dubwool, M|100/100 slp
|-damage|p2a: Dubwool|88/100 slp|[from] Stealth Rock
|move|p1a: Registeel|Toxic||[still]
|-fail|p1a: Registeel
|
|-heal|p1a: Registeel|49/100|[from] item: Leftovers
|upkeep
|turn|17
|
|t:|1629153720
|cant|p2a: Dubwool|slp
|move|p2a: Dubwool|Sleep Talk|p2a: Dubwool
|move|p2a: Dubwool|Rest||[from]move: Sleep Talk|[still]
|-fail|p2a: Dubwool
|move|p1a: Registeel|Seismic Toss|p2a: Dubwool
|-damage|p2a: Dubwool|59/100 slp
|-damage|p1a: Registeel|33/100|[from] item: Rocky Helmet|[of] p2a: Dubwool
|
|-heal|p1a: Registeel|39/100|[from] item: Leftovers
|upkeep
|turn|18
|
|t:|1629153724
|-curestatus|p2a: Dubwool|slp|[msg]
|move|p2a: Dubwool|Cotton Guard|p2a: Dubwool
|-boost|p2a: Dubwool|def|3
|move|p1a: Registeel|Seismic Toss|p2a: Dubwool
|-damage|p2a: Dubwool|31/100
|-damage|p1a: Registeel|22/100|[from] item: Rocky Helmet|[of] p2a: Dubwool
|
|-heal|p1a: Registeel|29/100|[from] item: Leftovers
|upkeep
|turn|19
|
|t:|1629153727
|move|p2a: Dubwool|Rest|p2a: Dubwool
|-status|p2a: Dubwool|slp|[from] move: Rest
|-heal|p2a: Dubwool|100/100 slp|[silent]
|move|p1a: Registeel|Toxic||[still]
|-fail|p1a: Registeel
|
|-heal|p1a: Registeel|35/100|[from] item: Leftovers
|upkeep
|turn|20
|
|t:|1629153730
|cant|p2a: Dubwool|slp
|move|p2a: Dubwool|Sleep Talk|p2a: Dubwool
|move|p2a: Dubwool|Cotton Guard|p2a: Dubwool|[from]move: Sleep Talk
|-boost|p2a: Dubwool|def|3
|move|p1a: Registeel|Seismic Toss|p2a: Dubwool
|-damage|p2a: Dubwool|72/100 slp
|-damage|p1a: Registeel|18/100|[from] item: Rocky Helmet|[of] p2a: Dubwool
|
|-heal|p1a: Registeel|24/100|[from] item: Leftovers
|upkeep
|turn|21
|
|t:|1629153732
|cant|p2a: Dubwool|slp
|move|p2a: Dubwool|Sleep Talk|p2a: Dubwool
|move|p2a: Dubwool|Body Press|p1a: Registeel|[from]move: Sleep Talk
|-supereffective|p1a: Registeel
|-damage|p1a: Registeel|0 fnt
|faint|p1a: Registeel
|
|upkeep
|
|t:|1629153742
|switch|p1a: Raikou|Raikou|12/100
|-ability|p1a: Raikou|Pressure
|turn|22
|
|t:|1629153746
|switch|p2a: Goodra|Goodra, M|88/100
|-damage|p2a: Goodra|76/100|[from] Stealth Rock
|move|p1a: Raikou|Thunderbolt|p2a: Goodra
|-resisted|p2a: Goodra
|-damage|p2a: Goodra|61/100
|
|upkeep
|turn|23
|
|t:|1629153751
|move|p1a: Raikou|Volt Switch|p2a: Goodra
|-resisted|p2a: Goodra
|-damage|p2a: Goodra|49/100
|
|t:|1629153753
|switch|p1a: Cresselia|Cresselia, F|100/100|[from]move: Volt Switch
|-damage|p1a: Cresselia|88/100|[from] Stealth Rock
|move|p2a: Goodra|Draco Meteor|p1a: Cresselia
|-damage|p1a: Cresselia|26/100
|-unboost|p2a: Goodra|spa|2
|
|-heal|p1a: Cresselia|32/100|[from] item: Leftovers
|upkeep
|turn|24
|
|t:|1629153758
|switch|p2a: Morpeko|Morpeko, M|88/100
|-damage|p2a: Morpeko|76/100|[from] Stealth Rock
|move|p1a: Cresselia|Lunar Dance|p1a: Cresselia
|faint|p1a: Cresselia
|
|-formechange|p2a: Morpeko|Morpeko-Hangry||[from] ability: Hunger Switch
|upkeep
|
|t:|1629153768
|switch|p1a: Machamp|Machamp, M|37/100 brn
|-heal|p1a: Machamp|100/100|[from] move: Lunar Dance
|-damage|p1a: Machamp|94/100|[from] Stealth Rock
|turn|25
|
|t:|1629153774
|move|p2a: Morpeko|Psychic Fangs|p1a: Machamp
|-supereffective|p1a: Machamp
|-damage|p1a: Machamp|0 fnt
|faint|p1a: Machamp
|
|-formechange|p2a: Morpeko|Morpeko||[from] ability: Hunger Switch
|upkeep
|
|t:|1629153778
|switch|p1a: Zygarde|Zygarde-10%|94/100
|-damage|p1a: Zygarde|88/100|[from] Stealth Rock
|-ability|p1a: Zygarde|Aura Break
|turn|26
|
|t:|1629153784
|move|p1a: Zygarde|Outrage|p2a: Morpeko
|-damage|p2a: Morpeko|0 fnt
|faint|p2a: Morpeko
|
|upkeep
|
|t:|1629153789
|switch|p2a: Dubwool|Dubwool, M|72/100 slp
|-damage|p2a: Dubwool|59/100 slp|[from] Stealth Rock
|turn|27
|
|t:|1629153799
|move|p1a: Zygarde|Outrage|p2a: Dubwool|[from]lockedmove
|-damage|p2a: Dubwool|32/100 slp
|-damage|p1a: Zygarde|72/100|[from] item: Rocky Helmet|[of] p2a: Dubwool
|-curestatus|p2a: Dubwool|slp|[msg]
|move|p2a: Dubwool|Rest|p2a: Dubwool
|-status|p2a: Dubwool|slp|[from] move: Rest
|-heal|p2a: Dubwool|100/100 slp|[silent]
|
|upkeep
|turn|28
|
|t:|1629153802
|move|p1a: Zygarde|Outrage|p2a: Dubwool|[from]lockedmove
|-damage|p2a: Dubwool|71/100 slp
|-damage|p1a: Zygarde|56/100|[from] item: Rocky Helmet|[of] p2a: Dubwool
|-start|p1a: Zygarde|confusion|[fatigue]
|cant|p2a: Dubwool|slp
|move|p2a: Dubwool|Sleep Talk|p2a: Dubwool
|move|p2a: Dubwool|Cotton Guard|p2a: Dubwool|[from]move: Sleep Talk
|-boost|p2a: Dubwool|def|3
|
|upkeep
|turn|29
|
|t:|1629153807
|-activate|p1a: Zygarde|confusion
|move|p1a: Zygarde|Outrage|p2a: Dubwool
|-damage|p2a: Dubwool|59/100 slp
|-damage|p1a: Zygarde|39/100|[from] item: Rocky Helmet|[of] p2a: Dubwool
|cant|p2a: Dubwool|slp
|move|p2a: Dubwool|Sleep Talk|p2a: Dubwool
|move|p2a: Dubwool|Body Press|p1a: Zygarde|[from]move: Sleep Talk
|-damage|p1a: Zygarde|0 fnt
|faint|p1a: Zygarde
|
|upkeep
|
|t:|1629153808
|switch|p1a: Raikou|Raikou|12/100
|-ability|p1a: Raikou|Pressure
|turn|30
|
|t:|1629153811
|move|p1a: Raikou|Aura Sphere|p2a: Dubwool
|-supereffective|p2a: Dubwool
|-damage|p2a: Dubwool|2/100 slp
|-curestatus|p2a: Dubwool|slp|[msg]
|move|p2a: Dubwool|Body Press|p1a: Raikou
|-damage|p1a: Raikou|0 fnt
|faint|p1a: Raikou
|
|win|kerorek
|raw|Passdaboofpls's rating: 1488 &rarr; <strong>1468</strong><br />(-20 for losing)
|raw|kerorek's rating: 1485 &rarr; <strong>1505</strong><br />(+20 for winning)
|l|☆Passdaboofpls
||Ladder isn't responding, score probably updated but might not have (Request timeout).
