|j|☆big baz
|j|☆water sandwich
|player|p1|big baz|ltsurge|1474
|player|p2|water sandwich|hilbert|1450
|teamsize|p1|6
|teamsize|p2|6
|gametype|singles
|gen|8
|tier|[Gen 8] UU
|rated|
|clearpoke
|poke|p1|Weezing-Galar, F|
|poke|p1|Umbreon, F|
|poke|p1|Aegislash, M|
|poke|p1|Pangoro, F|
|poke|p1|Kyurem|
|poke|p1|Araquanid, F|
|poke|p2|Tyranitar, F|
|poke|p2|Conkeldurr, F|
|poke|p2|Aegislash, F|
|poke|p2|Skarmory, F|
|poke|p2|Grimmsnarl, M|
|poke|p2|Cloyster, F|
|rule|Sleep Clause Mod: Limit one foe put to sleep
|rule|Species Clause: Limit one of each Pokémon
|rule|OHKO Clause: OHKO moves are banned
|rule|Evasion Moves Clause: Evasion moves are banned
|rule|Endless Battle Clause: Forcing endless battles is banned
|rule|HP Percentage Mod: HP is shown in percentages
|rule|Dynamax Clause: You cannot dynamax
|teampreview
|inactive|Battle timer is ON: inactive players will automatically lose when time's up. (requested by water sandwich)
|
|start
|switch|p1a: Pangoro|Pangoro, F|100/100
|switch|p2a: Skarmory|Skarmory, F|100/100
|turn|1
|
|move|p2a: Skarmory|Stealth Rock|p1a: Pangoro
|-sidestart|p1: big baz|move: Stealth Rock
|move|p1a: Pangoro|Close Combat|p2a: Skarmory
|-damage|p2a: Skarmory|14/100
|-unboost|p1a: Pangoro|def|1
|-unboost|p1a: Pangoro|spd|1
|-enditem|p2a: Skarmory|Salac Berry|[eat]
|-boost|p2a: Skarmory|spe|1|[from] item: Salac Berry
|
|upkeep
|turn|2
|
|switch|p1a: Umbreon|Umbreon, F|100/100
|-damage|p1a: Umbreon|88/100|[from] Stealth Rock
|move|p2a: Skarmory|Spikes|p1a: Umbreon
|-sidestart|p1: big baz|Spikes
|
|-heal|p1a: Umbreon|94/100|[from] item: Leftovers
|upkeep
|turn|3
|
|move|p2a: Skarmory|Spikes|p1a: Umbreon
|-sidestart|p1: big baz|Spikes
|move|p1a: Umbreon|Foul Play|p2a: Skarmory
|-damage|p2a: Skarmory|0 fnt
|faint|p2a: Skarmory
|
|-heal|p1a: Umbreon|99/100|[from] item: Leftovers
|upkeep
|
|switch|p2a: Conkeldurr|Conkeldurr, F|100/100
|turn|4
|
|switch|p1a: Weezing|Weezing-Galar, F|100/100
|-ability|p1a: Weezing|Neutralizing Gas
|-damage|p1a: Weezing|84/100|[from] Spikes
|-damage|p1a: Weezing|72/100|[from] Stealth Rock
|move|p2a: Conkeldurr|Knock Off|p1a: Weezing
|-resisted|p1a: Weezing
|-damage|p1a: Weezing|59/100
|-enditem|p1a: Weezing|Black Sludge|[from] move: Knock Off|[of] p2a: Conkeldurr
|
|-status|p2a: Conkeldurr|brn|[from] item: Flame Orb
|upkeep
|turn|5
|
|switch|p2a: Grimmsnarl|Grimmsnarl, M|100/100
|move|p1a: Weezing|Defog|p2a: Grimmsnarl
|-unboost|p2a: Grimmsnarl|evasion|1
|-sideend|p1: big baz|Spikes|[from] move: Defog|[of] p1a: Weezing
|-sideend|p1: big baz|Stealth Rock|[from] move: Defog|[of] p1a: Weezing
|
|upkeep
|turn|6
|
|move|p2a: Grimmsnarl|Light Screen|p2a: Grimmsnarl
|-sidestart|p2: water sandwich|move: Light Screen
|move|p1a: Weezing|Sludge Bomb|p2a: Grimmsnarl
|-supereffective|p2a: Grimmsnarl
|-damage|p2a: Grimmsnarl|78/100
|-status|p2a: Grimmsnarl|psn
|
|-damage|p2a: Grimmsnarl|66/100 psn|[from] psn
|upkeep
|turn|7
|
|move|p1a: Weezing|Toxic Spikes|p2a: Grimmsnarl
|-sidestart|p2: water sandwich|move: Toxic Spikes
|move|p2a: Grimmsnarl|Spirit Break|p1a: Weezing
|-resisted|p1a: Weezing
|-damage|p1a: Weezing|49/100
|-unboost|p1a: Weezing|spa|1
|
|-damage|p2a: Grimmsnarl|53/100 psn|[from] psn
|upkeep
|turn|8
|
|move|p2a: Grimmsnarl|Spirit Break|p1a: Weezing
|-resisted|p1a: Weezing
|-damage|p1a: Weezing|39/100
|-unboost|p1a: Weezing|spa|1
|move|p1a: Weezing|Toxic Spikes|p2a: Grimmsnarl
|-sidestart|p2: water sandwich|move: Toxic Spikes
|
|-damage|p2a: Grimmsnarl|41/100 psn|[from] psn
|upkeep
|turn|9
|
|move|p2a: Grimmsnarl|Spirit Break|p1a: Weezing
|-resisted|p1a: Weezing
|-damage|p1a: Weezing|28/100
|-unboost|p1a: Weezing|spa|1
|move|p1a: Weezing|Sludge Bomb|p2a: Grimmsnarl
|-supereffective|p2a: Grimmsnarl
|-damage|p2a: Grimmsnarl|32/100 psn
|
|-damage|p2a: Grimmsnarl|20/100 psn|[from] psn
|upkeep
|turn|10
|
|move|p2a: Grimmsnarl|Reflect|p2a: Grimmsnarl
|-sidestart|p2: water sandwich|Reflect
|move|p1a: Weezing|Strange Steam|p2a: Grimmsnarl
|-supereffective|p2a: Grimmsnarl
|-damage|p2a: Grimmsnarl|11/100 psn
|
|-damage|p2a: Grimmsnarl|0 fnt|[from] psn
|faint|p2a: Grimmsnarl
|upkeep
|
|switch|p2a: Tyranitar|Tyranitar, F|100/100
|-status|p2a: Tyranitar|tox
|turn|11
|
|-weather|Sandstorm|[from] ability: Sand Stream|[of] p2a: Tyranitar
|switch|p1a: Pangoro|Pangoro, F|100/100
|move|p2a: Tyranitar|Dragon Dance|p2a: Tyranitar
|-boost|p2a: Tyranitar|atk|1
|-boost|p2a: Tyranitar|spe|1
|
|-weather|Sandstorm|[upkeep]
|-damage|p1a: Pangoro|94/100|[from] Sandstorm
|-damage|p2a: Tyranitar|94/100 tox|[from] psn
|upkeep
|turn|12
|
|move|p2a: Tyranitar|Stone Edge|p1a: Pangoro
|-resisted|p1a: Pangoro
|-damage|p1a: Pangoro|48/100
|move|p1a: Pangoro|Close Combat|p2a: Tyranitar
|-supereffective|p2a: Tyranitar
|-damage|p2a: Tyranitar|0 fnt
|-unboost|p1a: Pangoro|def|1
|-unboost|p1a: Pangoro|spd|1
|faint|p2a: Tyranitar
|
|-weather|Sandstorm|[upkeep]
|-damage|p1a: Pangoro|42/100|[from] Sandstorm
|upkeep
|
|switch|p2a: Conkeldurr|Conkeldurr, F|100/100 brn
|turn|13
|
|switch|p1a: Weezing|Weezing-Galar, F|28/100
|-ability|p1a: Weezing|Neutralizing Gas
|move|p2a: Conkeldurr|Bulk Up|p2a: Conkeldurr
|-boost|p2a: Conkeldurr|atk|1
|-boost|p2a: Conkeldurr|def|1
|
|-weather|Sandstorm|[upkeep]
|-damage|p2a: Conkeldurr|95/100 brn|[from] Sandstorm
|-damage|p1a: Weezing|22/100|[from] Sandstorm
|-damage|p2a: Conkeldurr|89/100 brn|[from] brn
|-sideend|p2: water sandwich|move: Light Screen
|upkeep
|turn|14
|
|move|p2a: Conkeldurr|Knock Off|p1a: Weezing
|-resisted|p1a: Weezing
|-damage|p1a: Weezing|17/100
|move|p1a: Weezing|Strange Steam|p2a: Conkeldurr
|-supereffective|p2a: Conkeldurr
|-damage|p2a: Conkeldurr|11/100 brn
|
|-weather|Sandstorm|[upkeep]
|-damage|p2a: Conkeldurr|5/100 brn|[from] Sandstorm
|-damage|p1a: Weezing|11/100|[from] Sandstorm
|-damage|p2a: Conkeldurr|0 fnt|[from] brn
|faint|p2a: Conkeldurr
|upkeep
|j| neverused player01
|
|switch|p2a: Cloyster|Cloyster, F|100/100
|-status|p2a: Cloyster|tox
|turn|15
|
|move|p2a: Cloyster|Shell Smash|p2a: Cloyster
|-unboost|p2a: Cloyster|def|1
|-unboost|p2a: Cloyster|spd|1
|-boost|p2a: Cloyster|atk|2
|-boost|p2a: Cloyster|spa|2
|-boost|p2a: Cloyster|spe|2
|move|p1a: Weezing|Sludge Bomb|p2a: Cloyster
|-damage|p2a: Cloyster|0 fnt
|faint|p2a: Cloyster
|
|-weather|none
|upkeep
|-message|water sandwich forfeited.
|
|win|big baz
|l|☆water sandwich
|raw|big baz's rating: 1475 &rarr; <strong>1494</strong><br />(+19 for winning)
|raw|water sandwich's rating: 1450 &rarr; <strong>1432</strong><br />(-18 for losing)
