|j|☆Blizz'Art33
|j|☆kindersurprise2 0
|t:|1663317581
|gametype|singles
|player|p1|Blizz'Art33|brycen|1325
|player|p2|kindersurprise2 0|emmet|1450
|teamsize|p1|6
|teamsize|p2|6
|gen|8
|tier|[Gen 8] UU
|rated|
|rule|Sleep Clause Mod: Limit one foe put to sleep
|rule|Species Clause: Limit one of each Pokémon
|rule|OHKO Clause: OHKO moves are banned
|rule|Evasion Items Clause: Evasion items are banned
|rule|Evasion Moves Clause: Evasion moves are banned
|rule|Endless Battle Clause: Forcing endless battles is banned
|rule|HP Percentage Mod: HP is shown in percentages
|rule|Dynamax Clause: You cannot dynamax
|clearpoke
|poke|p1|Hydreigon, F|
|poke|p1|Rotom-Heat|
|poke|p1|Swampert, M|
|poke|p1|Cobalion|
|poke|p1|Tangrowth, M|
|poke|p1|Crobat, M|
|poke|p2|Azumarill, M|
|poke|p2|Celesteela|
|poke|p2|Tangrowth, M|
|poke|p2|Rotom-Wash|
|poke|p2|Slowbro-Galar, M|
|poke|p2|Hippowdon, F|
|teampreview
|inactive|Battle timer is ON: inactive players will automatically lose when time's up. (requested by Blizz'Art33)
|
|t:|1663317594
|start
|switch|p1a: Swampert|Swampert, M|100/100
|switch|p2a: Tangrowth|Tangrowth, M|100/100
|turn|1
|
|t:|1663317603
|switch|p1a: Rotom|Rotom-Heat|100/100
|move|p2a: Tangrowth|Knock Off|p1a: Rotom
|-damage|p1a: Rotom|76/100
|-enditem|p1a: Rotom|Heavy-Duty Boots|[from] move: Knock Off|[of] p2a: Tangrowth
|
|upkeep
|turn|2
|
|t:|1663317620
|switch|p2a: Rotom|Rotom-Wash|100/100
|move|p1a: Rotom|Volt Switch|p2a: Rotom
|-damage|p2a: Rotom|73/100
|
|t:|1663317628
|switch|p1a: Tangrowth|Tangrowth, M|100/100|[from]move: Volt Switch
|
|upkeep
|turn|3
|
|t:|1663317636
|move|p2a: Rotom|Trick|p1a: Tangrowth
|-activate|p2a: Rotom|move: Trick|[of] p1a: Tangrowth
|-item|p1a: Tangrowth|Choice Scarf|[from] move: Trick
|-item|p2a: Rotom|Assault Vest|[from] move: Trick
|move|p1a: Tangrowth|Knock Off|p2a: Rotom
|-damage|p2a: Rotom|52/100
|-enditem|p2a: Rotom|Assault Vest|[from] move: Knock Off|[of] p1a: Tangrowth
|
|upkeep
|turn|4
|
|t:|1663317643
|move|p2a: Rotom|Volt Switch|p1a: Tangrowth
|-resisted|p1a: Tangrowth
|-damage|p1a: Tangrowth|87/100
|
|t:|1663317651
|switch|p2a: Hippowdon|Hippowdon, F|100/100|[from]move: Volt Switch
|-weather|Sandstorm|[from] ability: Sand Stream|[of] p2a: Hippowdon
|move|p1a: Tangrowth|Knock Off|p2a: Hippowdon
|-damage|p2a: Hippowdon|88/100
|-enditem|p2a: Hippowdon|Leftovers|[from] move: Knock Off|[of] p1a: Tangrowth
|
|-weather|Sandstorm|[upkeep]
|-damage|p1a: Tangrowth|81/100|[from] Sandstorm
|upkeep
|turn|5
|
|t:|1663317664
|switch|p1a: Swampert|Swampert, M|100/100
|move|p2a: Hippowdon|Stealth Rock|p1a: Swampert
|-sidestart|p1: Blizz'Art33|move: Stealth Rock
|
|-weather|Sandstorm|[upkeep]
|upkeep
|turn|6
|
|t:|1663317671
|move|p1a: Swampert|Stealth Rock|p2a: Hippowdon
|-sidestart|p2: kindersurprise2 0|move: Stealth Rock
|move|p2a: Hippowdon|Toxic|p1a: Swampert
|-status|p1a: Swampert|tox
|
|-weather|Sandstorm|[upkeep]
|-damage|p1a: Swampert|94/100 tox|[from] psn
|upkeep
|turn|7
|
|t:|1663317681
|move|p1a: Swampert|Flip Turn|p2a: Hippowdon
|-supereffective|p2a: Hippowdon
|-damage|p2a: Hippowdon|64/100
|
|t:|1663317688
|switch|p1a: Tangrowth|Tangrowth, M|100/100|[from]move: Flip Turn
|-damage|p1a: Tangrowth|88/100|[from] Stealth Rock
|move|p2a: Hippowdon|Slack Off|p2a: Hippowdon
|-heal|p2a: Hippowdon|100/100
|
|-weather|Sandstorm|[upkeep]
|-damage|p1a: Tangrowth|82/100|[from] Sandstorm
|upkeep
|turn|8
|
|t:|1663317703
|switch|p2a: Slowbro|Slowbro-Galar, M|100/100
|-damage|p2a: Slowbro|88/100|[from] Stealth Rock
|move|p1a: Tangrowth|Energy Ball|p2a: Slowbro
|-resisted|p2a: Slowbro
|-damage|p2a: Slowbro|72/100
|
|-weather|none
|upkeep
|turn|9
|
|t:|1663317717
|switch|p1a: Cobalion|Cobalion|100/100
|-damage|p1a: Cobalion|97/100|[from] Stealth Rock
|move|p2a: Slowbro|Calm Mind|p2a: Slowbro
|-boost|p2a: Slowbro|spa|1
|-boost|p2a: Slowbro|spd|1
|
|-heal|p1a: Cobalion|100/100|[from] item: Leftovers
|upkeep
|turn|10
|
|t:|1663317729
|move|p1a: Cobalion|Swords Dance|p1a: Cobalion
|-boost|p1a: Cobalion|atk|2
|move|p2a: Slowbro|Calm Mind|p2a: Slowbro
|-boost|p2a: Slowbro|spa|1
|-boost|p2a: Slowbro|spd|1
|
|upkeep
|turn|11
|
|t:|1663317737
|move|p1a: Cobalion|Megahorn|p2a: Slowbro
|-damage|p2a: Slowbro|25/100
|move|p2a: Slowbro|Flamethrower|p1a: Cobalion
|-supereffective|p1a: Cobalion
|-damage|p1a: Cobalion|0 fnt
|faint|p1a: Cobalion
|
|upkeep
|
|t:|1663317745
|switch|p1a: Hydreigon|Hydreigon, F|100/100
|-damage|p1a: Hydreigon|88/100|[from] Stealth Rock
|turn|12
|
|t:|1663317749
|move|p1a: Hydreigon|Dark Pulse|p2a: Slowbro
|-supereffective|p2a: Slowbro
|-enditem|p2a: Slowbro|Colbur Berry|[eat]
|-enditem|p2a: Slowbro|Colbur Berry|[weaken]
|-damage|p2a: Slowbro|0 fnt
|faint|p2a: Slowbro
|
|upkeep
|
|t:|1663317758
|switch|p2a: Azumarill|Azumarill, M|100/100
|-damage|p2a: Azumarill|88/100|[from] Stealth Rock
|turn|13
|
|t:|1663317765
|switch|p1a: Tangrowth|Tangrowth, M|100/100
|-damage|p1a: Tangrowth|88/100|[from] Stealth Rock
|move|p2a: Azumarill|Play Rough|p1a: Tangrowth
|-damage|p1a: Tangrowth|29/100
|
|upkeep
|turn|14
|
|t:|1663317775
|switch|p2a: Tangrowth|Tangrowth, M|100/100
|-damage|p2a: Tangrowth|88/100|[from] Stealth Rock
|move|p1a: Tangrowth|Energy Ball|p2a: Tangrowth
|-resisted|p2a: Tangrowth
|-damage|p2a: Tangrowth|76/100
|
|upkeep
|turn|15
|
|t:|1663317786
|switch|p1a: Crobat|Crobat, M|100/100
|move|p2a: Tangrowth|Sludge Bomb|p1a: Crobat
|-resisted|p1a: Crobat
|-damage|p1a: Crobat|85/100
|
|upkeep
|turn|16
|
|t:|1663317800
|switch|p2a: Hippowdon|Hippowdon, F|100/100
|-damage|p2a: Hippowdon|94/100|[from] Stealth Rock
|-weather|Sandstorm|[from] ability: Sand Stream|[of] p2a: Hippowdon
|move|p1a: Crobat|U-turn|p2a: Hippowdon
|-damage|p2a: Hippowdon|83/100
|
|t:|1663317815
|switch|p1a: Swampert|Swampert, M|94/100 tox|[from]move: U-turn
|-damage|p1a: Swampert|88/100 tox|[from] Stealth Rock
|
|-weather|Sandstorm|[upkeep]
|-heal|p1a: Swampert|94/100 tox|[from] item: Leftovers
|-damage|p1a: Swampert|88/100 tox|[from] psn
|upkeep
|turn|17
|
|t:|1663317824
|switch|p2a: Celesteela|Celesteela|100/100
|-damage|p2a: Celesteela|88/100|[from] Stealth Rock
|move|p1a: Swampert|Toxic|p2a: Celesteela
|-immune|p2a: Celesteela
|
|-weather|Sandstorm|[upkeep]
|-heal|p1a: Swampert|94/100 tox|[from] item: Leftovers
|-damage|p1a: Swampert|82/100 tox|[from] psn
|upkeep
|turn|18
|
|t:|1663317829
|move|p2a: Celesteela|Autotomize|p2a: Celesteela
|-boost|p2a: Celesteela|spe|2
|-start|p2a: Celesteela|Autotomize
|move|p1a: Swampert|Flip Turn|p2a: Celesteela
|-damage|p2a: Celesteela|66/100
|
|t:|1663317833
|switch|p1a: Rotom|Rotom-Heat|76/100|[from]move: Flip Turn
|-damage|p1a: Rotom|51/100|[from] Stealth Rock
|
|-weather|Sandstorm|[upkeep]
|-damage|p1a: Rotom|45/100|[from] Sandstorm
|upkeep
|turn|19
|
|t:|1663317840
|move|p2a: Celesteela|Meteor Beam||[still]
|-prepare|p2a: Celesteela|Meteor Beam
|-boost|p2a: Celesteela|spa|1
|-enditem|p2a: Celesteela|Power Herb
|-anim|p2a: Celesteela|Meteor Beam|p1a: Rotom|[miss]
|-miss|p2a: Celesteela|p1a: Rotom
|move|p1a: Rotom|Overheat|p2a: Celesteela
|-supereffective|p2a: Celesteela
|-damage|p2a: Celesteela|0 fnt
|-unboost|p1a: Rotom|spa|2
|faint|p2a: Celesteela
|
|-weather|Sandstorm|[upkeep]
|-damage|p1a: Rotom|38/100|[from] Sandstorm
|upkeep
|
|t:|1663317859
|switch|p2a: Azumarill|Azumarill, M|88/100
|-damage|p2a: Azumarill|76/100|[from] Stealth Rock
|turn|20
|
|t:|1663317866
|switch|p1a: Tangrowth|Tangrowth, M|62/100
|-damage|p1a: Tangrowth|50/100|[from] Stealth Rock
|move|p2a: Azumarill|Knock Off|p1a: Tangrowth
|-damage|p1a: Tangrowth|6/100
|-enditem|p1a: Tangrowth|Choice Scarf|[from] move: Knock Off|[of] p2a: Azumarill
|
|-weather|none
|upkeep
|turn|21
|
|t:|1663317876
|move|p2a: Azumarill|Knock Off|p1a: Tangrowth
|-damage|p1a: Tangrowth|0 fnt
|faint|p1a: Tangrowth
|
|upkeep
|
|t:|1663317883
|switch|p1a: Rotom|Rotom-Heat|38/100
|-damage|p1a: Rotom|13/100|[from] Stealth Rock
|turn|22
|
|t:|1663317890
|switch|p2a: Hippowdon|Hippowdon, F|83/100
|-damage|p2a: Hippowdon|76/100|[from] Stealth Rock
|-weather|Sandstorm|[from] ability: Sand Stream|[of] p2a: Hippowdon
|move|p1a: Rotom|Pain Split|p2a: Hippowdon
|-sethp|p2a: Hippowdon|43/100|[from] move: Pain Split|[silent]
|-sethp|p1a: Rotom|59/100|[from] move: Pain Split
|
|-weather|Sandstorm|[upkeep]
|-damage|p1a: Rotom|53/100|[from] Sandstorm
|upkeep
|turn|23
|
|t:|1663317901
|move|p1a: Rotom|Overheat|p2a: Hippowdon|[miss]
|-miss|p1a: Rotom|p2a: Hippowdon
|move|p2a: Hippowdon|Slack Off|p2a: Hippowdon
|-heal|p2a: Hippowdon|93/100
|
|-weather|Sandstorm|[upkeep]
|-damage|p1a: Rotom|47/100|[from] Sandstorm
|upkeep
|turn|24
|
|t:|1663317908
|move|p1a: Rotom|Pain Split|p2a: Hippowdon
|-sethp|p2a: Hippowdon|64/100|[from] move: Pain Split|[silent]
|-sethp|p1a: Rotom|88/100|[from] move: Pain Split
|move|p2a: Hippowdon|Toxic|p1a: Rotom
|-status|p1a: Rotom|tox
|
|-weather|Sandstorm|[upkeep]
|-damage|p1a: Rotom|81/100 tox|[from] Sandstorm
|-damage|p1a: Rotom|75/100 tox|[from] psn
|upkeep
|turn|25
|
|t:|1663317921
|switch|p1a: Swampert|Swampert, M|82/100 tox
|-damage|p1a: Swampert|76/100 tox|[from] Stealth Rock
|move|p2a: Hippowdon|Slack Off|p2a: Hippowdon
|-heal|p2a: Hippowdon|100/100
|
|-weather|Sandstorm|[upkeep]
|-heal|p1a: Swampert|82/100 tox|[from] item: Leftovers
|-damage|p1a: Swampert|76/100 tox|[from] psn
|upkeep
|turn|26
|
|t:|1663317932
|switch|p2a: Tangrowth|Tangrowth, M|100/100
|-damage|p2a: Tangrowth|88/100|[from] Stealth Rock
|move|p1a: Swampert|Toxic|p2a: Tangrowth
|-status|p2a: Tangrowth|tox
|
|-weather|none
|-heal|p1a: Swampert|82/100 tox|[from] item: Leftovers
|-damage|p1a: Swampert|70/100 tox|[from] psn
|-damage|p2a: Tangrowth|82/100 tox|[from] psn
|upkeep
|turn|27
|
|t:|1663317941
|move|p1a: Swampert|Flip Turn|p2a: Tangrowth
|-resisted|p2a: Tangrowth
|-damage|p2a: Tangrowth|74/100 tox
|
|t:|1663317946
|switch|p1a: Crobat|Crobat, M|85/100|[from]move: Flip Turn
|move|p2a: Tangrowth|Knock Off|p1a: Crobat
|-damage|p1a: Crobat|57/100
|-enditem|p1a: Crobat|Heavy-Duty Boots|[from] move: Knock Off|[of] p2a: Tangrowth
|
|-damage|p2a: Tangrowth|62/100 tox|[from] psn
|upkeep
|turn|28
|
|t:|1663317956
|switch|p2a: Rotom|Rotom-Wash|52/100
|-damage|p2a: Rotom|39/100|[from] Stealth Rock
|move|p1a: Crobat|Roost|p1a: Crobat
|-heal|p1a: Crobat|100/100
|-singleturn|p1a: Crobat|move: Roost
|
|upkeep
|turn|29
|
|t:|1663317964
|move|p1a: Crobat|U-turn|p2a: Rotom
|-damage|p2a: Rotom|20/100
|
|t:|1663317967
|switch|p1a: Swampert|Swampert, M|70/100 tox|[from]move: U-turn
|-damage|p1a: Swampert|63/100 tox|[from] Stealth Rock
|move|p2a: Rotom|Volt Switch|p1a: Swampert
|-immune|p1a: Swampert
|
|-heal|p1a: Swampert|70/100 tox|[from] item: Leftovers
|-damage|p1a: Swampert|63/100 tox|[from] psn
|upkeep
|turn|30
|
|t:|1663317978
|move|p2a: Rotom|Hydro Pump|p1a: Swampert
|-damage|p1a: Swampert|31/100 tox
|move|p1a: Swampert|Flip Turn|p2a: Rotom
|-resisted|p2a: Rotom
|-damage|p2a: Rotom|3/100
|
|t:|1663317985
|switch|p1a: Crobat|Crobat, M|100/100|[from]move: Flip Turn
|-damage|p1a: Crobat|76/100|[from] Stealth Rock
|
|upkeep
|turn|31
|
|t:|1663317991
|switch|p2a: Hippowdon|Hippowdon, F|100/100
|-damage|p2a: Hippowdon|94/100|[from] Stealth Rock
|-weather|Sandstorm|[from] ability: Sand Stream|[of] p2a: Hippowdon
|move|p1a: Crobat|U-turn|p2a: Hippowdon
|-damage|p2a: Hippowdon|84/100
|
|t:|1663318002
|switch|p1a: Swampert|Swampert, M|31/100 tox|[from]move: U-turn
|-damage|p1a: Swampert|25/100 tox|[from] Stealth Rock
|
|-weather|Sandstorm|[upkeep]
|-heal|p1a: Swampert|31/100 tox|[from] item: Leftovers
|-damage|p1a: Swampert|25/100 tox|[from] psn
|upkeep
|turn|32
|
|t:|1663318016
|move|p1a: Swampert|Flip Turn|p2a: Hippowdon
|-supereffective|p2a: Hippowdon
|-crit|p2a: Hippowdon
|-damage|p2a: Hippowdon|21/100
|
|t:|1663318022
|switch|p1a: Hydreigon|Hydreigon, F|88/100|[from]move: Flip Turn
|-damage|p1a: Hydreigon|76/100|[from] Stealth Rock
|move|p2a: Hippowdon|Toxic|p1a: Hydreigon|[miss]
|-miss|p2a: Hippowdon|p1a: Hydreigon
|
|-weather|Sandstorm|[upkeep]
|-damage|p1a: Hydreigon|70/100|[from] Sandstorm
|upkeep
|turn|33
|
|t:|1663318035
|move|p1a: Hydreigon|Dark Pulse|p2a: Hippowdon
|-damage|p2a: Hippowdon|0 fnt
|faint|p2a: Hippowdon
|
|-weather|Sandstorm|[upkeep]
|-damage|p1a: Hydreigon|64/100|[from] Sandstorm
|upkeep
|
|t:|1663318037
|switch|p2a: Azumarill|Azumarill, M|76/100
|-damage|p2a: Azumarill|64/100|[from] Stealth Rock
|turn|34
|
|t:|1663318050
|move|p1a: Hydreigon|Dark Pulse|p2a: Azumarill
|-resisted|p2a: Azumarill
|-damage|p2a: Azumarill|25/100
|move|p2a: Azumarill|Play Rough|p1a: Hydreigon
|-supereffective|p1a: Hydreigon
|-damage|p1a: Hydreigon|0 fnt
|faint|p1a: Hydreigon
|
|-weather|Sandstorm|[upkeep]
|-damage|p2a: Azumarill|19/100|[from] Sandstorm
|upkeep
|
|t:|1663318060
|switch|p1a: Crobat|Crobat, M|76/100
|-damage|p1a: Crobat|51/100|[from] Stealth Rock
|turn|35
|
|t:|1663318068
|switch|p2a: Rotom|Rotom-Wash|3/100
|-damage|p2a: Rotom|0 fnt|[from] Stealth Rock
|faint|p2a: Rotom
|move|p1a: Crobat|Brave Bird|p2: Rotom|[notarget]
|-fail|p1a: Crobat
|
|-weather|none
|upkeep
|
|t:|1663318070
|switch|p2a: Azumarill|Azumarill, M|19/100
|-damage|p2a: Azumarill|7/100|[from] Stealth Rock
|turn|36
|
|t:|1663318073
|move|p2a: Azumarill|Aqua Jet|p1a: Crobat
|-crit|p1a: Crobat
|-damage|p1a: Crobat|0 fnt
|faint|p1a: Crobat
|
|upkeep
|c|☆kindersurprise2 0|gg
|
|t:|1663318080
|switch|p1a: Swampert|Swampert, M|25/100 tox
|-damage|p1a: Swampert|18/100 tox|[from] Stealth Rock
|turn|37
|
|t:|1663318083
|move|p2a: Azumarill|Aqua Jet|p1a: Swampert
|-damage|p1a: Swampert|0 fnt
|faint|p1a: Swampert
|
|upkeep
|
|t:|1663318087
|switch|p1a: Rotom|Rotom-Heat|75/100 tox
|-damage|p1a: Rotom|50/100 tox|[from] Stealth Rock
|turn|38
|
|t:|1663318090
|move|p2a: Azumarill|Aqua Jet|p1a: Rotom
|-supereffective|p1a: Rotom
|-damage|p1a: Rotom|0 fnt
|faint|p1a: Rotom
|
|win|kindersurprise2 0
|raw|Blizz&apos;Art33's rating: 1325 &rarr; <strong>1312</strong><br />(-13 for losing)
|raw|kindersurprise2 0's rating: 1450 &rarr; <strong>1463</strong><br />(+13 for winning)
|c|☆Blizz'Art33|gg
