|raw|<div class="broadcast-blue"><strong>This battle is required to be public due to a player having a name starting with 'uult91w'.</div>
|j|☆UULT91w Adaam
|j|☆UULT91w UnzipsC
|t:|1651958768
|gametype|singles
|player|p1|UULT91w Adaam|265|1611
|player|p2|UULT91w UnzipsC|lucas|1616
|teamsize|p1|6
|teamsize|p2|6
|gen|8
|tier|[Gen 8] UU
|rated|
|rule|Sleep Clause Mod: Limit one foe put to sleep
|rule|Species Clause: Limit one of each Pokémon
|rule|OHKO Clause: OHKO moves are banned
|rule|Evasion Moves Clause: Evasion moves are banned
|rule|Endless Battle Clause: Forcing endless battles is banned
|rule|HP Percentage Mod: HP is shown in percentages
|rule|Dynamax Clause: You cannot dynamax
|clearpoke
|poke|p1|Togekiss, F|
|poke|p1|Nidoking, M|
|poke|p1|Hydreigon, F|
|poke|p1|Rotom-Heat|
|poke|p1|Scizor, M|
|poke|p1|Tangrowth, M|
|poke|p2|Marowak-Alola, F|
|poke|p2|Mesprit|
|poke|p2|Conkeldurr, F|
|poke|p2|Gyarados, F|
|poke|p2|Porygon2|
|poke|p2|Cresselia, F|
|teampreview
|inactive|Battle timer is ON: inactive players will automatically lose when time's up. (requested by UULT91w UnzipsC)
|j|+Mengy ㋛
|
|t:|1651958776
|start
|switch|p1a: Nidoking|Nidoking, M|100/100
|switch|p2a: Mesprit|Mesprit|100/100
|turn|1
|
|t:|1651958779
|move|p1a: Nidoking|Stealth Rock|p2a: Mesprit
|-sidestart|p2: UULT91w UnzipsC|move: Stealth Rock
|move|p2a: Mesprit|Trick Room|p2a: Mesprit
|-fieldstart|move: Trick Room|[of] p2a: Mesprit
|
|upkeep
|turn|2
|j| pokemonisfun
|j| opela
|j| RLplayer
|j| Floda rida
|l| Floda rida
|
|t:|1651958791
|switch|p1a: deino triple|Hydreigon, F|100/100
|move|p2a: Mesprit|Healing Wish|p2a: Mesprit
|faint|p2a: Mesprit
|
|upkeep
|j|+avarice
|
|t:|1651958794
|switch|p2a: Conkeldurr|Conkeldurr, F|100/100
|-damage|p2a: Conkeldurr|94/100|[from] Stealth Rock
|turn|3
|
|t:|1651958800
|switch|p1a: Tangrowth|Tangrowth, M|100/100
|move|p2a: Conkeldurr|Knock Off|p1a: Tangrowth
|-crit|p1a: Tangrowth
|-damage|p1a: Tangrowth|67/100
|-damage|p2a: Conkeldurr|78/100|[from] item: Rocky Helmet|[of] p1a: Tangrowth
|-enditem|p1a: Tangrowth|Rocky Helmet|[from] move: Knock Off|[of] p2a: Conkeldurr
|
|-status|p2a: Conkeldurr|brn|[from] item: Flame Orb
|upkeep
|turn|4
|
|t:|1651958805
|switch|p1a: Togekiss|Togekiss, F|100/100
|move|p2a: Conkeldurr|Facade|p1a: Togekiss
|-damage|p1a: Togekiss|6/100
|
|-damage|p2a: Conkeldurr|72/100 brn|[from] brn
|upkeep
|turn|5
|c| pokemonisfun|i dont think i've ever seen someone kill a mesprit before
|c| pokemonisfun|they always kill themselves
|
|t:|1651958825
|move|p2a: Conkeldurr|Close Combat|p1a: Togekiss
|-resisted|p1a: Togekiss
|-damage|p1a: Togekiss|0 fnt
|-unboost|p2a: Conkeldurr|def|1
|-unboost|p2a: Conkeldurr|spd|1
|faint|p1a: Togekiss
|
|-damage|p2a: Conkeldurr|66/100 brn|[from] brn
|-fieldend|move: Trick Room
|upkeep
|j| ASKOV
|j| instant throw
|
|t:|1651958837
|switch|p1a: Nidoking|Nidoking, M|100/100
|turn|6
|
|t:|1651958843
|switch|p2a: Porygon2|Porygon2|100/100
|-damage|p2a: Porygon2|88/100|[from] Stealth Rock
|-ability|p2a: Porygon2|Download|boost
|-boost|p2a: Porygon2|spa|1
|move|p1a: Nidoking|Sludge Wave|p2a: Porygon2
|-damage|p2a: Porygon2|43/100
|
|upkeep
|turn|7
|
|t:|1651958849
|switch|p2a: Gyarados|Gyarados, F|100/100
|-ability|p2a: Gyarados|Intimidate|boost
|-unboost|p1a: Nidoking|atk|1
|move|p1a: Nidoking|Sludge Wave|p2a: Gyarados
|-damage|p2a: Gyarados|30/100
|
|upkeep
|turn|8
|l| opela
|
|t:|1651958860
|switch|p1a: Tangrowth|Tangrowth, M|100/100
|move|p2a: Gyarados|Waterfall|p1a: Tangrowth
|-resisted|p1a: Tangrowth
|-damage|p1a: Tangrowth|86/100
|
|upkeep
|turn|9
|
|t:|1651958864
|move|p2a: Gyarados|Ice Fang|p1a: Tangrowth
|-supereffective|p1a: Tangrowth
|-damage|p1a: Tangrowth|59/100
|move|p1a: Tangrowth|Giga Drain|p2a: Gyarados
|-damage|p2a: Gyarados|0 fnt
|-heal|p1a: Tangrowth|71/100|[from] drain|[of] p2a: Gyarados
|faint|p2a: Gyarados
|
|upkeep
|
|t:|1651958869
|switch|p2a: Porygon2|Porygon2|43/100
|-heal|p2a: Porygon2|100/100|[from] move: Healing Wish
|-damage|p2a: Porygon2|88/100|[from] Stealth Rock
|-ability|p2a: Porygon2|Download|boost
|-boost|p2a: Porygon2|spa|1
|turn|10
|
|t:|1651958873
|move|p1a: Tangrowth|Sleep Powder|p2a: Porygon2|[miss]
|-miss|p1a: Tangrowth|p2a: Porygon2
|move|p2a: Porygon2|Trick Room|p2a: Porygon2
|-fieldstart|move: Trick Room|[of] p2a: Porygon2
|
|upkeep
|turn|11
|j| opela
|
|t:|1651958887
|switch|p1a: Rotom|Rotom-Heat|100/100
|move|p2a: Porygon2|Ice Beam|p1a: Rotom
|-resisted|p1a: Rotom
|-damage|p1a: Rotom|78/100
|-status|p1a: Rotom|frz
|
|upkeep
|turn|12
|
|t:|1651958897
|switch|p1a: deino triple|Hydreigon, F|100/100
|move|p2a: Porygon2|Teleport|p2a: Porygon2
|
|t:|1651958900
|switch|p2a: Conkeldurr|Conkeldurr, F|66/100 brn|[from]move: Teleport
|-damage|p2a: Conkeldurr|60/100 brn|[from] Stealth Rock
|
|-damage|p2a: Conkeldurr|54/100 brn|[from] brn
|upkeep
|turn|13
|
|t:|1651958911
|switch|p1a: Tangrowth|Tangrowth, M|100/100
|move|p2a: Conkeldurr|Close Combat|p1a: Tangrowth
|-damage|p1a: Tangrowth|40/100
|-unboost|p2a: Conkeldurr|def|1
|-unboost|p2a: Conkeldurr|spd|1
|
|-damage|p2a: Conkeldurr|48/100 brn|[from] brn
|upkeep
|turn|14
|j| UULT91w Corp N
|
|t:|1651958916
|switch|p1a: Rotom|Rotom-Heat|78/100 frz
|move|p2a: Conkeldurr|Close Combat|p1a: Rotom
|-damage|p1a: Rotom|0 fnt
|-unboost|p2a: Conkeldurr|def|1
|-unboost|p2a: Conkeldurr|spd|1
|faint|p1a: Rotom
|
|-damage|p2a: Conkeldurr|42/100 brn|[from] brn
|-fieldend|move: Trick Room
|upkeep
|
|t:|1651958921
|switch|p1a: Nidoking|Nidoking, M|100/100
|turn|15
|
|t:|1651958935
|switch|p2a: Cresselia|Cresselia, F|100/100
|-damage|p2a: Cresselia|88/100|[from] Stealth Rock
|move|p1a: Nidoking|Sludge Wave|p2a: Cresselia
|-damage|p2a: Cresselia|50/100
|
|upkeep
|turn|16
|
|t:|1651958942
|move|p1a: Nidoking|Sludge Wave|p2a: Cresselia
|-damage|p2a: Cresselia|15/100
|move|p2a: Cresselia|Trick Room|p2a: Cresselia
|-fieldstart|move: Trick Room|[of] p2a: Cresselia
|
|upkeep
|turn|17
|
|t:|1651958946
|move|p2a: Cresselia|Lunar Dance|p2a: Cresselia
|faint|p2a: Cresselia
|move|p1a: Nidoking|Sludge Wave|p2: Cresselia|[notarget]
|-fail|p1a: Nidoking
|
|upkeep
|
|t:|1651958956
|switch|p2a: Marowak|Marowak-Alola, F|100/100
|-damage|p2a: Marowak|76/100|[from] Stealth Rock
|turn|18
|
|t:|1651958975
|switch|p1a: Tangrowth|Tangrowth, M|73/100
|move|p2a: Marowak|Substitute|p2a: Marowak
|-start|p2a: Marowak|Substitute
|-damage|p2a: Marowak|51/100
|
|upkeep
|turn|19
|c|+Mengy ㋛|how does an oven get frozen
|
|t:|1651958982
|move|p2a: Marowak|Flare Blitz|p1a: Tangrowth
|-supereffective|p1a: Tangrowth
|-damage|p1a: Tangrowth|0 fnt
|faint|p1a: Tangrowth
|
|upkeep
|
|t:|1651958985
|switch|p1a: deino triple|Hydreigon, F|100/100
|turn|20
|
|t:|1651958988
|move|p2a: Marowak|Flare Blitz|p1a: deino triple
|-resisted|p1a: deino triple
|-damage|p1a: deino triple|43/100
|move|p1a: deino triple|Dark Pulse|p2a: Marowak
|-supereffective|p2a: Marowak
|-end|p2a: Marowak|Substitute
|
|-fieldend|move: Trick Room
|upkeep
|turn|21
|
|t:|1651958994
|switch|p2a: Conkeldurr|Conkeldurr, F|42/100 brn
|-heal|p2a: Conkeldurr|100/100|[from] move: Lunar Dance
|-damage|p2a: Conkeldurr|94/100|[from] Stealth Rock
|move|p1a: deino triple|Dark Pulse|p2a: Conkeldurr
|-resisted|p2a: Conkeldurr
|-damage|p2a: Conkeldurr|70/100
|
|-status|p2a: Conkeldurr|brn|[from] item: Flame Orb
|upkeep
|turn|22
|
|t:|1651959007
|move|p1a: deino triple|Dark Pulse|p2a: Conkeldurr
|-resisted|p2a: Conkeldurr
|-damage|p2a: Conkeldurr|45/100 brn
|move|p2a: Conkeldurr|Knock Off|p1a: deino triple
|-resisted|p1a: deino triple
|-damage|p1a: deino triple|11/100
|-enditem|p1a: deino triple|Choice Scarf|[from] move: Knock Off|[of] p2a: Conkeldurr
|
|-damage|p2a: Conkeldurr|39/100 brn|[from] brn
|upkeep
|turn|23
|
|t:|1651959011
|move|p2a: Conkeldurr|Mach Punch|p1a: deino triple
|-supereffective|p1a: deino triple
|-damage|p1a: deino triple|0 fnt
|faint|p1a: deino triple
|
|-damage|p2a: Conkeldurr|33/100 brn|[from] brn
|upkeep
|
|t:|1651959021
|switch|p1a: Nidoking|Nidoking, M|100/100
|turn|24
|
|t:|1651959023
|move|p1a: Nidoking|Sludge Wave|p2a: Conkeldurr
|-damage|p2a: Conkeldurr|0 fnt
|faint|p2a: Conkeldurr
|
|upkeep
|
|t:|1651959025
|switch|p2a: Porygon2|Porygon2|88/100
|-damage|p2a: Porygon2|76/100|[from] Stealth Rock
|-ability|p2a: Porygon2|Download|boost
|-boost|p2a: Porygon2|spa|1
|turn|25
|
|t:|1651959038
|move|p1a: Nidoking|Sludge Wave|p2a: Porygon2
|-damage|p2a: Porygon2|33/100
|move|p2a: Porygon2|Trick Room|p2a: Porygon2
|-fieldstart|move: Trick Room|[of] p2a: Porygon2
|
|upkeep
|turn|26
|
|t:|1651959043
|move|p2a: Porygon2|Thunderbolt|p1a: Nidoking
|-immune|p1a: Nidoking
|move|p1a: Nidoking|Sludge Wave|p2a: Porygon2
|-damage|p2a: Porygon2|0 fnt
|faint|p2a: Porygon2
|
|upkeep
|
|t:|1651959044
|switch|p2a: Marowak|Marowak-Alola, F|51/100
|-damage|p2a: Marowak|26/100|[from] Stealth Rock
|turn|27
|
|t:|1651959051
|move|p2a: Marowak|Flare Blitz|p1a: Nidoking
|-damage|p1a: Nidoking|0 fnt
|faint|p1a: Nidoking
|
|upkeep
|
|t:|1651959052
|switch|p1a: Scizor|Scizor, M|100/100
|turn|28
|
|t:|1651959054
|move|p1a: Scizor|Bullet Punch|p2a: Marowak
|-resisted|p2a: Marowak
|-damage|p2a: Marowak|6/100
|move|p2a: Marowak|Flare Blitz|p1a: Scizor
|-supereffective|p1a: Scizor
|-damage|p1a: Scizor|0 fnt
|faint|p1a: Scizor
|
|win|UULT91w UnzipsC
|raw|UULT91w Adaam's rating: 1611 &rarr; <strong>1591</strong><br />(-20 for losing)
|raw|UULT91w UnzipsC's rating: 1616 &rarr; <strong>1636</strong><br />(+20 for winning)
