|j|☆Eazigzagoon
|j|☆SilverNote3
|t:|1657110781
|gametype|singles
|player|p1|Eazigzagoon|tuberf|1475
|player|p2|SilverNote3|wattson|1385
|teamsize|p1|6
|teamsize|p2|6
|gen|8
|tier|[Gen 8] UU
|rated|
|rule|Sleep Clause Mod: Limit one foe put to sleep
|rule|Species Clause: Limit one of each Pokémon
|rule|OHKO Clause: OHKO moves are banned
|rule|Evasion Moves Clause: Evasion moves are banned
|rule|Endless Battle Clause: Forcing endless battles is banned
|rule|HP Percentage Mod: HP is shown in percentages
|rule|Dynamax Clause: You cannot dynamax
|clearpoke
|poke|p1|Skarmory, M|
|poke|p1|Azelf|
|poke|p1|Hippowdon, M|
|poke|p1|Hydreigon, F|
|poke|p1|Slowbro-Galar, M|
|poke|p1|Primarina, F|
|poke|p2|Scizor, F|
|poke|p2|Primarina, M|
|poke|p2|Salamence, F|
|poke|p2|Hippowdon, M|
|poke|p2|Hatterene, F|
|poke|p2|Amoonguss, F|
|teampreview
|inactive|Battle timer is ON: inactive players will automatically lose when time's up. (requested by SilverNote3)
|inactive|Eazigzagoon has 120 seconds left.
|inactive|SilverNote3 has 120 seconds left.
|
|t:|1657110818
|start
|switch|p1a: Azelf|Azelf|100/100
|switch|p2a: Hippowdon|Hippowdon, M|100/100
|-weather|Sandstorm|[from] ability: Sand Stream|[of] p2a: Hippowdon
|turn|1
|
|t:|1657110833
|move|p1a: Azelf|Knock Off|p2a: Hippowdon
|-damage|p2a: Hippowdon|86/100
|-enditem|p2a: Hippowdon|Leftovers|[from] move: Knock Off|[of] p1a: Azelf
|move|p2a: Hippowdon|Stealth Rock|p1a: Azelf
|-sidestart|p1: Eazigzagoon|move: Stealth Rock
|
|-weather|Sandstorm|[upkeep]
|-damage|p1a: Azelf|94/100|[from] Sandstorm
|upkeep
|turn|2
|
|t:|1657110857
|move|p1a: Azelf|U-turn|p2a: Hippowdon
|-damage|p2a: Hippowdon|75/100
|
|t:|1657110862
|switch|p1a: Skarmory|Skarmory, M|100/100|[from]move: U-turn
|-damage|p1a: Skarmory|88/100|[from] Stealth Rock
|move|p2a: Hippowdon|Whirlwind|p1a: Skarmory
|drag|p1a: Hippowdon|Hippowdon, M|100/100
|-damage|p1a: Hippowdon|94/100|[from] Stealth Rock
|
|-weather|Sandstorm|[upkeep]
|-heal|p1a: Hippowdon|100/100|[from] item: Leftovers
|upkeep
|turn|3
|
|t:|1657110876
|switch|p2a: Hatterene|Hatterene, F|100/100
|move|p1a: Hippowdon|Earthquake|p2a: Hatterene
|-damage|p2a: Hatterene|69/100
|
|-weather|Sandstorm|[upkeep]
|-damage|p2a: Hatterene|63/100|[from] Sandstorm
|-heal|p2a: Hatterene|69/100|[from] item: Leftovers
|upkeep
|turn|4
|
|t:|1657110887
|switch|p1a: Slowbro|Slowbro-Galar, M|100/100
|-damage|p1a: Slowbro|88/100|[from] Stealth Rock
|move|p2a: Hatterene|Calm Mind|p2a: Hatterene
|-boost|p2a: Hatterene|spa|1
|-boost|p2a: Hatterene|spd|1
|
|-weather|Sandstorm|[upkeep]
|-damage|p2a: Hatterene|63/100|[from] Sandstorm
|-damage|p1a: Slowbro|82/100|[from] Sandstorm
|-heal|p2a: Hatterene|69/100|[from] item: Leftovers
|upkeep
|turn|5
|
|t:|1657110901
|move|p2a: Hatterene|Psyshock|p1a: Slowbro
|-damage|p1a: Slowbro|33/100
|move|p1a: Slowbro|Shell Side Arm|p2a: Hatterene|[anim] Shell Side Arm Physical
|-supereffective|p2a: Hatterene
|-damage|p2a: Hatterene|18/100
|-hint|Physical Shell Side Arm
|
|-weather|none
|-heal|p2a: Hatterene|24/100|[from] item: Leftovers
|upkeep
|turn|6
|inactive|Eazigzagoon has 120 seconds left.
|inactive|Eazigzagoon has 90 seconds left.
|
|t:|1657110966
|move|p2a: Hatterene|Mystical Fire|p1a: Slowbro
|-damage|p1a: Slowbro|14/100
|-unboost|p1a: Slowbro|spa|1
|move|p1a: Slowbro|Shell Side Arm|p2a: Hatterene|[anim] Shell Side Arm Physical
|-supereffective|p2a: Hatterene
|-damage|p2a: Hatterene|0 fnt
|-hint|Physical Shell Side Arm
|faint|p2a: Hatterene
|
|upkeep
|
|t:|1657110979
|switch|p2a: Salamence|Salamence, F|100/100
|turn|7
|inactive|Eazigzagoon has 90 seconds left.
|
|t:|1657111005
|switch|p2a: Primarina|Primarina, M|100/100
|switch|p1a: Skarmory|Skarmory, M|88/100
|-damage|p1a: Skarmory|76/100|[from] Stealth Rock
|
|upkeep
|turn|8
|inactive|Eazigzagoon has 60 seconds left.
|
|t:|1657111032
|switch|p1a: Primarina|Primarina, F|100/100
|-damage|p1a: Primarina|88/100|[from] Stealth Rock
|move|p2a: Primarina|Hydro Pump|p1a: Primarina
|-resisted|p1a: Primarina
|-damage|p1a: Primarina|60/100
|
|-heal|p1a: Primarina|66/100|[from] item: Leftovers
|upkeep
|turn|9
|inactive|Eazigzagoon has 60 seconds left.
|
|t:|1657111049
|switch|p2a: Amoonguss|Amoonguss, F|100/100
|move|p1a: Primarina|Scald|p2a: Amoonguss
|-resisted|p2a: Amoonguss
|-damage|p2a: Amoonguss|85/100
|-status|p2a: Amoonguss|brn
|
|-heal|p1a: Primarina|72/100|[from] item: Leftovers
|-damage|p2a: Amoonguss|79/100 brn|[from] brn
|upkeep
|turn|10
|inactive|Eazigzagoon has 60 seconds left.
|
|t:|1657111062
|switch|p1a: Slowbro|Slowbro-Galar, M|47/100
|-damage|p1a: Slowbro|35/100|[from] Stealth Rock
|move|p2a: Amoonguss|Spore|p1a: Slowbro
|-status|p1a: Slowbro|slp|[from] move: Spore
|
|-damage|p2a: Amoonguss|73/100 brn|[from] brn
|upkeep
|turn|11
|j| TofuLover
|
|t:|1657111072
|switch|p2a: Scizor|Scizor, F|100/100
|switch|p1a: Skarmory|Skarmory, M|76/100
|-damage|p1a: Skarmory|64/100|[from] Stealth Rock
|
|upkeep
|turn|12
|
|t:|1657111081
|move|p1a: Skarmory|Spikes|p2a: Scizor
|-sidestart|p2: SilverNote3|Spikes
|move|p2a: Scizor|Knock Off|p1a: Skarmory
|-damage|p1a: Skarmory|46/100
|-damage|p2a: Scizor|84/100|[from] item: Rocky Helmet|[of] p1a: Skarmory
|-enditem|p1a: Skarmory|Rocky Helmet|[from] move: Knock Off|[of] p2a: Scizor
|
|upkeep
|turn|13
|
|t:|1657111091
|move|p1a: Skarmory|Spikes|p2a: Scizor
|-sidestart|p2: SilverNote3|Spikes
|move|p2a: Scizor|U-turn|p1a: Skarmory
|-resisted|p1a: Skarmory
|-damage|p1a: Skarmory|40/100
|
|t:|1657111097
|switch|p2a: Primarina|Primarina, M|100/100|[from]move: U-turn
|-damage|p2a: Primarina|84/100|[from] Spikes
|
|upkeep
|turn|14
|inactive|Eazigzagoon has 90 seconds left.
|
|t:|1657111106
|switch|p1a: Slowbro|Slowbro-Galar, M|68/100 slp
|-damage|p1a: Slowbro|55/100 slp|[from] Stealth Rock
|move|p2a: Primarina|Moonblast|p1a: Slowbro
|-resisted|p1a: Slowbro
|-damage|p1a: Slowbro|31/100 slp
|
|upkeep
|turn|15
|
|t:|1657111116
|move|p2a: Primarina|Moonblast|p1a: Slowbro
|-resisted|p1a: Slowbro
|-damage|p1a: Slowbro|8/100 slp
|cant|p1a: Slowbro|slp
|
|upkeep
|turn|16
|inactive|Eazigzagoon has 90 seconds left.
|
|t:|1657111151
|switch|p1a: Skarmory|Skarmory, M|40/100
|-damage|p1a: Skarmory|28/100|[from] Stealth Rock
|move|p2a: Primarina|Moonblast|p1a: Skarmory
|-resisted|p1a: Skarmory
|-damage|p1a: Skarmory|0 fnt
|faint|p1a: Skarmory
|
|upkeep
|inactive|Eazigzagoon has 60 seconds left.
|
|t:|1657111174
|switch|p1a: Primarina|Primarina, F|72/100
|-damage|p1a: Primarina|59/100|[from] Stealth Rock
|turn|17
|l| TofuLover
|
|t:|1657111179
|move|p2a: Primarina|Moonblast|p1a: Primarina
|-damage|p1a: Primarina|13/100
|-unboost|p1a: Primarina|spa|1
|move|p1a: Primarina|Calm Mind|p1a: Primarina
|-boost|p1a: Primarina|spa|1
|-boost|p1a: Primarina|spd|1
|
|-heal|p1a: Primarina|19/100|[from] item: Leftovers
|upkeep
|turn|18
|
|t:|1657111189
|move|p2a: Primarina|Moonblast|p1a: Primarina
|-damage|p1a: Primarina|0 fnt
|faint|p1a: Primarina
|
|upkeep
|
|t:|1657111192
|switch|p1a: Azelf|Azelf|94/100
|turn|19
|
|t:|1657111198
|move|p1a: Azelf|Psychic|p2a: Primarina
|-damage|p2a: Primarina|34/100
|move|p2a: Primarina|Moonblast|p1a: Azelf
|-damage|p1a: Azelf|0 fnt
|faint|p1a: Azelf
|
|upkeep
|
|t:|1657111204
|switch|p1a: Hippowdon|Hippowdon, M|100/100
|-damage|p1a: Hippowdon|94/100|[from] Stealth Rock
|-weather|Sandstorm|[from] ability: Sand Stream|[of] p1a: Hippowdon
|turn|20
|
|t:|1657111211
|move|p2a: Primarina|Moonblast|p1a: Hippowdon
|-damage|p1a: Hippowdon|25/100
|move|p1a: Hippowdon|Stealth Rock|p2a: Primarina
|-sidestart|p2: SilverNote3|move: Stealth Rock
|
|-weather|Sandstorm|[upkeep]
|-damage|p2a: Primarina|28/100|[from] Sandstorm
|-heal|p1a: Hippowdon|31/100|[from] item: Leftovers
|upkeep
|turn|21
|
|t:|1657111221
|move|p2a: Primarina|Moonblast|p1a: Hippowdon
|-damage|p1a: Hippowdon|0 fnt
|faint|p1a: Hippowdon
|
|-weather|Sandstorm|[upkeep]
|-damage|p2a: Primarina|22/100|[from] Sandstorm
|upkeep
|
|t:|1657111224
|switch|p1a: Hydreigon|Hydreigon, F|100/100
|-damage|p1a: Hydreigon|88/100|[from] Stealth Rock
|turn|22
|
|t:|1657111234
|move|p1a: Hydreigon|U-turn|p2a: Primarina
|-resisted|p2a: Primarina
|-damage|p2a: Primarina|12/100
|
|t:|1657111236
|switch|p1a: Slowbro|Slowbro-Galar, M|41/100 slp|[from]move: U-turn
|-damage|p1a: Slowbro|28/100 slp|[from] Stealth Rock
|move|p2a: Primarina|Moonblast|p1a: Slowbro
|-resisted|p1a: Slowbro
|-damage|p1a: Slowbro|3/100 slp
|
|-weather|Sandstorm|[upkeep]
|-damage|p2a: Primarina|6/100|[from] Sandstorm
|-damage|p1a: Slowbro|0 fnt|[from] Sandstorm
|faint|p1a: Slowbro
|upkeep
|
|t:|1657111238
|switch|p1a: Hydreigon|Hydreigon, F|88/100
|-damage|p1a: Hydreigon|76/100|[from] Stealth Rock
|turn|23
|
|t:|1657111251
|move|p1a: Hydreigon|Dark Pulse|p2a: Primarina
|-resisted|p2a: Primarina
|-damage|p2a: Primarina|0 fnt
|faint|p2a: Primarina
|
|-weather|Sandstorm|[upkeep]
|-damage|p1a: Hydreigon|70/100|[from] Sandstorm
|upkeep
|
|t:|1657111260
|switch|p2a: Scizor|Scizor, F|84/100
|turn|24
|
|t:|1657111264
|move|p1a: Hydreigon|Dark Pulse|p2a: Scizor
|-damage|p2a: Scizor|45/100
|move|p2a: Scizor|U-turn|p1a: Hydreigon
|-supereffective|p1a: Hydreigon
|-crit|p1a: Hydreigon
|-damage|p1a: Hydreigon|0 fnt
|faint|p1a: Hydreigon
|
|win|SilverNote3
|raw|Eazigzagoon's rating: 1475 &rarr; <strong>1450</strong><br />(-25 for losing)
|raw|SilverNote3's rating: 1385 &rarr; <strong>1410</strong><br />(+25 for winning)
|l|☆Eazigzagoon
||Ladder isn't responding, score probably updated but might not have (Request timeout).
