|j|☆Adrift and Alone
|j|☆Trade
|player|p1|Adrift and Alone|ethan-gen2|
|player|p2|Trade|sina|
|teamsize|p1|6
|teamsize|p2|6
|gametype|singles
|gen|8
|tier|[Gen 8] UU
|rated|Tournament battle
|clearpoke
|poke|p1|Haxorus, M|
|poke|p1|Roserade, F|
|poke|p1|Rhyperior, F|
|poke|p1|Doublade, M|
|poke|p1|Vaporeon, F|
|poke|p1|Noivern, F|
|poke|p2|Celebi|
|poke|p2|Cobalion|
|poke|p2|Milotic, M|
|poke|p2|Noivern, F|
|poke|p2|Mamoswine, F|
|poke|p2|Doublade, M|
|rule|Sleep Clause Mod: Limit one foe put to sleep
|rule|Species Clause: Limit one of each Pokémon
|rule|OHKO Clause: OHKO moves are banned
|rule|Evasion Moves Clause: Evasion moves are banned
|rule|Endless Battle Clause: Forcing endless battles is banned
|rule|HP Percentage Mod: HP is shown in percentages
|rule|Dynamax Clause: You cannot dynamax
|teampreview
|j|*Lady Monita
|j| Perfect Hoopa
|j| Giga Ghoul
|
|start
|switch|p1a: Noivern|Noivern, F|100/100
|switch|p2a: Cobalion|Cobalion|100/100
|turn|1
|inactive|Battle timer is ON: inactive players will automatically lose when time's up. (requested by Adrift and Alone)
|
|switch|p2a: Milotic|Milotic, M|100/100
|move|p1a: Noivern|Hurricane|p2a: Milotic|[miss]
|-miss|p1a: Noivern|p2a: Milotic
|
|upkeep
|turn|2
|
|switch|p2a: Cobalion|Cobalion|100/100
|move|p1a: Noivern|U-turn|p2a: Cobalion
|-resisted|p2a: Cobalion
|-damage|p2a: Cobalion|98/100
|
|switch|p1a: Doublade|Doublade, M, shiny|100/100|[from]move: U-turn
|
|upkeep
|turn|3
|
|switch|p2a: Milotic|Milotic, M|100/100
|move|p1a: Doublade|Swords Dance|p1a: Doublade
|-boost|p1a: Doublade|atk|2
|
|upkeep
|turn|4
|
|switch|p1a: Roserade|Roserade, F, shiny|100/100
|move|p2a: Milotic|Haze|p2a: Milotic
|-clearallboost
|
|upkeep
|turn|5
|
|switch|p2a: Cobalion|Cobalion|98/100
|move|p1a: Roserade|Sleep Powder|p2a: Cobalion
|-status|p2a: Cobalion|slp|[from] move: Sleep Powder
|
|upkeep
|turn|6
|
|switch|p2a: Noivern|Noivern, F|100/100
|move|p1a: Roserade|Toxic Spikes|p2a: Noivern
|-sidestart|p2: Trade|move: Toxic Spikes
|
|upkeep
|turn|7
|
|switch|p1a: Rhyperior|Rhyperior, F|100/100
|move|p2a: Noivern|Hurricane|p1a: Rhyperior
|-resisted|p1a: Rhyperior
|-damage|p1a: Rhyperior|80/100
|
|-heal|p1a: Rhyperior|86/100|[from] item: Leftovers
|upkeep
|turn|8
|
|switch|p2a: Celebi|Celebi|100/100
|-status|p2a: Celebi|psn
|move|p1a: Rhyperior|Rock Blast|p2a: Celebi
|-damage|p2a: Celebi|89/100 psn
|-damage|p2a: Celebi|76/100 psn
|-hitcount|p2a: Celebi|2
|
|-heal|p2a: Celebi|83/100 psn|[from] item: Leftovers
|-heal|p1a: Rhyperior|92/100|[from] item: Leftovers
|-damage|p2a: Celebi|70/100 psn|[from] psn
|upkeep
|turn|9
|
|switch|p1a: Noivern|Noivern, F|100/100
|move|p2a: Celebi|U-turn|p1a: Noivern
|-resisted|p1a: Noivern
|-damage|p1a: Noivern|91/100
|j| KabilaPoK
|
|switch|p2a: Mamoswine|Mamoswine, F|100/100|[from]move: U-turn
|-status|p2a: Mamoswine|psn
|
|-damage|p2a: Mamoswine|88/100 psn|[from] psn
|upkeep
|turn|10
|
|move|p1a: Noivern|U-turn|p2a: Mamoswine
|-crit|p2a: Mamoswine
|-damage|p2a: Mamoswine|71/100 psn
|
|switch|p1a: Vaporeon|Vaporeon, F|100/100|[from]move: U-turn
|move|p2a: Mamoswine|Earthquake|p1a: Vaporeon
|-damage|p1a: Vaporeon|50/100
|-damage|p2a: Mamoswine|61/100 psn|[from] item: Life Orb
|
|-heal|p1a: Vaporeon|56/100|[from] item: Leftovers
|-damage|p2a: Mamoswine|48/100 psn|[from] psn
|upkeep
|turn|11
|j| ELtioDann
|
|switch|p2a: Noivern|Noivern, F|100/100
|move|p1a: Vaporeon|Wish|p1a: Vaporeon
|
|-heal|p1a: Vaporeon|62/100|[from] item: Leftovers
|upkeep
|turn|12
|
|move|p1a: Vaporeon|Protect|p1a: Vaporeon
|-singleturn|p1a: Vaporeon|Protect
|move|p2a: Noivern|Defog|p1a: Vaporeon
|-activate|p1a: Vaporeon|move: Protect
|
|-heal|p1a: Vaporeon|100/100|[from] move: Wish|[wisher] Vaporeon
|upkeep
|turn|13
|
|switch|p1a: Rhyperior|Rhyperior, F|92/100
|move|p2a: Noivern|Hurricane|p1a: Rhyperior
|-resisted|p1a: Rhyperior
|-damage|p1a: Rhyperior|72/100
|
|-heal|p1a: Rhyperior|78/100|[from] item: Leftovers
|upkeep
|turn|14
|
|move|p2a: Noivern|Defog|p1a: Rhyperior
|-unboost|p1a: Rhyperior|evasion|1
|-sideend|p2: Trade|Toxic Spikes|[from] move: Defog|[of] p2a: Noivern
|move|p1a: Rhyperior|Rock Blast|p2a: Noivern
|-supereffective|p2a: Noivern
|-damage|p2a: Noivern|69/100
|-supereffective|p2a: Noivern
|-damage|p2a: Noivern|39/100
|-supereffective|p2a: Noivern
|-damage|p2a: Noivern|6/100
|-supereffective|p2a: Noivern
|-damage|p2a: Noivern|0 fnt
|-hitcount|p2a: Noivern|4
|faint|p2a: Noivern
|
|-heal|p1a: Rhyperior|84/100|[from] item: Leftovers
|upkeep
|
|switch|p2a: Celebi|Celebi|70/100
|turn|15
|
|switch|p1a: Noivern|Noivern, F|91/100
|move|p2a: Celebi|Nasty Plot|p2a: Celebi
|-boost|p2a: Celebi|spa|2
|
|-heal|p2a: Celebi|76/100|[from] item: Leftovers
|upkeep
|turn|16
|
|move|p1a: Noivern|Hurricane|p2a: Celebi|[miss]
|-miss|p1a: Noivern|p2a: Celebi
|move|p2a: Celebi|Psychic|p1a: Noivern
|-damage|p1a: Noivern|0 fnt
|faint|p1a: Noivern
|
|-heal|p2a: Celebi|83/100|[from] item: Leftovers
|upkeep
|
|switch|p1a: Doublade|Doublade, M, shiny|100/100
|turn|17
|j| Eumil
|
|move|p2a: Celebi|U-turn|p1a: Doublade
|-resisted|p1a: Doublade
|-damage|p1a: Doublade|99/100
|
|switch|p2a: Milotic|Milotic, M|100/100|[from]move: U-turn
|move|p1a: Doublade|Swords Dance|p1a: Doublade
|-boost|p1a: Doublade|atk|2
|
|upkeep
|turn|18
|
|switch|p1a: Roserade|Roserade, F, shiny|100/100
|move|p2a: Milotic|Scald|p1a: Roserade
|-resisted|p1a: Roserade
|-damage|p1a: Roserade|83/100
|-status|p1a: Roserade|brn
|
|-heal|p1a: Roserade|89/100 brn|[from] item: Black Sludge
|-damage|p1a: Roserade|83/100 brn|[from] brn
|upkeep
|turn|19
|
|move|p1a: Roserade|Toxic Spikes|p2a: Milotic
|-sidestart|p2: Trade|move: Toxic Spikes
|move|p2a: Milotic|Ice Beam|p1a: Roserade
|-supereffective|p1a: Roserade
|-damage|p1a: Roserade|33/100 brn
|
|-heal|p1a: Roserade|40/100 brn|[from] item: Black Sludge
|-damage|p1a: Roserade|33/100 brn|[from] brn
|upkeep
|turn|20
|
|move|p1a: Roserade|Giga Drain|p2a: Milotic
|-supereffective|p2a: Milotic
|-crit|p2a: Milotic
|-damage|p2a: Milotic|27/100
|-heal|p1a: Roserade|89/100 brn|[from] drain|[of] p2a: Milotic
|move|p2a: Milotic|Ice Beam|p1a: Roserade
|-supereffective|p1a: Roserade
|-damage|p1a: Roserade|36/100 brn
|
|-heal|p1a: Roserade|42/100 brn|[from] item: Black Sludge
|-heal|p2a: Milotic|33/100|[from] item: Leftovers
|-damage|p1a: Roserade|36/100 brn|[from] brn
|upkeep
|turn|21
|
|switch|p2a: Doublade|Doublade, M|100/100
|move|p1a: Roserade|Giga Drain|p2a: Doublade
|-resisted|p2a: Doublade
|-damage|p2a: Doublade|76/100
|-heal|p1a: Roserade|51/100 brn|[from] drain|[of] p2a: Doublade
|
|-heal|p1a: Roserade|57/100 brn|[from] item: Black Sludge
|-damage|p1a: Roserade|51/100 brn|[from] brn
|upkeep
|turn|22
|
|switch|p1a: Vaporeon|Vaporeon, F|100/100
|switch|p2a: Milotic|Milotic, M|33/100
|-status|p2a: Milotic|psn
|
|-heal|p2a: Milotic|39/100 psn|[from] item: Leftovers
|-damage|p2a: Milotic|27/100 psn|[from] psn
|upkeep
|turn|23
|
|switch|p1a: Memento Mori|Haxorus, M|100/100
|-ability|p1a: Memento Mori|Mold Breaker
|move|p2a: Milotic|Recover|p2a: Milotic
|-heal|p2a: Milotic|77/100 psn
|
|-heal|p2a: Milotic|83/100 psn|[from] item: Leftovers
|-damage|p2a: Milotic|70/100 psn|[from] psn
|upkeep
|turn|24
|
|move|p1a: Memento Mori|Dragon Claw|p2a: Milotic
|-damage|p2a: Milotic|15/100 psn
|move|p2a: Milotic|Recover|p2a: Milotic
|-heal|p2a: Milotic|65/100 psn
|
|-heal|p2a: Milotic|71/100 psn|[from] item: Leftovers
|-damage|p2a: Milotic|59/100 psn|[from] psn
|upkeep
|turn|25
|
|switch|p2a: Doublade|Doublade, M|76/100
|move|p1a: Memento Mori|Dragon Claw|p2a: Doublade
|-resisted|p2a: Doublade
|-damage|p2a: Doublade|59/100
|
|upkeep
|turn|26
|
|switch|p1a: Vaporeon|Vaporeon, F|100/100
|move|p2a: Doublade|Shadow Claw|p1a: Vaporeon
|-damage|p1a: Vaporeon|75/100
|
|-heal|p1a: Vaporeon|81/100|[from] item: Leftovers
|upkeep
|turn|27
|
|switch|p1a: Memento Mori|Haxorus, M|100/100
|-ability|p1a: Memento Mori|Mold Breaker
|switch|p2a: Milotic|Milotic, M|59/100 psn
|
|-heal|p2a: Milotic|65/100 psn|[from] item: Leftovers
|-damage|p2a: Milotic|53/100 psn|[from] psn
|upkeep
|turn|28
|
|move|p1a: Memento Mori|Earthquake|p2a: Milotic
|-damage|p2a: Milotic|7/100 psn
|move|p2a: Milotic|Recover|p2a: Milotic
|-heal|p2a: Milotic|57/100 psn
|
|-heal|p2a: Milotic|63/100 psn|[from] item: Leftovers
|-damage|p2a: Milotic|51/100 psn|[from] psn
|upkeep
|turn|29
|
|move|p1a: Memento Mori|Earthquake|p2a: Milotic
|-damage|p2a: Milotic|6/100 psn
|move|p2a: Milotic|Recover|p2a: Milotic
|-heal|p2a: Milotic|56/100 psn
|
|-heal|p2a: Milotic|62/100 psn|[from] item: Leftovers
|-damage|p2a: Milotic|50/100 psn|[from] psn
|upkeep
|turn|30
|
|move|p1a: Memento Mori|Earthquake|p2a: Milotic
|-damage|p2a: Milotic|5/100 psn
|move|p2a: Milotic|Ice Beam|p1a: Memento Mori
|-supereffective|p1a: Memento Mori
|-damage|p1a: Memento Mori|37/100
|
|-heal|p2a: Milotic|11/100 psn|[from] item: Leftovers
|-damage|p2a: Milotic|0 fnt|[from] psn
|faint|p2a: Milotic
|upkeep
|
|switch|p2a: Celebi|Celebi|83/100
|-status|p2a: Celebi|psn
|turn|31
|
|switch|p1a: Doublade|Doublade, M, shiny|99/100
|move|p2a: Celebi|Psychic|p1a: Doublade
|-resisted|p1a: Doublade
|-crit|p1a: Doublade
|-damage|p1a: Doublade|63/100
|
|-heal|p2a: Celebi|89/100 psn|[from] item: Leftovers
|-damage|p2a: Celebi|76/100 psn|[from] psn
|upkeep
|turn|32
|
|-curestatus|p2a: Celebi|psn|[from] ability: Natural Cure
|switch|p2a: Doublade|Doublade, M|59/100
|move|p1a: Doublade|Swords Dance|p1a: Doublade
|-boost|p1a: Doublade|atk|2
|
|upkeep
|turn|33
|
|move|p1a: Doublade|Shadow Sneak|p2a: Doublade
|-supereffective|p2a: Doublade
|-damage|p2a: Doublade|16/100
|move|p2a: Doublade|Shadow Claw|p1a: Doublade
|-supereffective|p1a: Doublade
|-damage|p1a: Doublade|30/100
|
|upkeep
|turn|34
|
|move|p2a: Doublade|Shadow Sneak|p1a: Doublade
|-supereffective|p1a: Doublade
|-damage|p1a: Doublade|7/100
|move|p1a: Doublade|Shadow Sneak|p2a: Doublade
|-supereffective|p2a: Doublade
|-damage|p2a: Doublade|0 fnt
|faint|p2a: Doublade
|
|upkeep
|
|switch|p2a: Mamoswine|Mamoswine, F|48/100 psn
|turn|35
|j| Mellow1004
|
|move|p2a: Mamoswine|Ice Shard|p1a: Doublade
|-resisted|p1a: Doublade
|-damage|p1a: Doublade|0 fnt
|-damage|p2a: Mamoswine|38/100 psn|[from] item: Life Orb
|faint|p1a: Doublade
|
|-damage|p2a: Mamoswine|26/100 psn|[from] psn
|upkeep
|
|switch|p1a: Roserade|Roserade, F, shiny|51/100
|turn|36
|
|switch|p1a: Vaporeon|Vaporeon, F|81/100
|move|p2a: Mamoswine|Ice Shard|p1a: Vaporeon
|-resisted|p1a: Vaporeon
|-damage|p1a: Vaporeon|70/100
|-damage|p2a: Mamoswine|16/100 psn|[from] item: Life Orb
|
|-heal|p1a: Vaporeon|76/100|[from] item: Leftovers
|-damage|p2a: Mamoswine|3/100 psn|[from] psn
|upkeep
|turn|37
|
|move|p2a: Mamoswine|Knock Off|p1a: Vaporeon
|-damage|p1a: Vaporeon|40/100
|-enditem|p1a: Vaporeon|Leftovers|[from] move: Knock Off|[of] p2a: Mamoswine
|-damage|p2a: Mamoswine|0 fnt|[from] item: Life Orb
|faint|p2a: Mamoswine
|move|p1a: Vaporeon|Wish|p1a: Vaporeon
|
|upkeep
|
|switch|p2a: Celebi|Celebi|76/100
|-status|p2a: Celebi|psn
|turn|38
|
|move|p1a: Vaporeon|Protect|p1a: Vaporeon
|-singleturn|p1a: Vaporeon|Protect
|move|p2a: Celebi|Psychic|p1a: Vaporeon
|-activate|p1a: Vaporeon|move: Protect
|
|-heal|p1a: Vaporeon|90/100|[from] move: Wish|[wisher] Vaporeon
|-heal|p2a: Celebi|83/100 psn|[from] item: Leftovers
|-damage|p2a: Celebi|70/100 psn|[from] psn
|upkeep
|turn|39
|
|switch|p1a: Roserade|Roserade, F, shiny|51/100
|move|p2a: Celebi|Nasty Plot|p2a: Celebi
|-boost|p2a: Celebi|spa|2
|
|-heal|p2a: Celebi|76/100 psn|[from] item: Leftovers
|-heal|p1a: Roserade|57/100|[from] item: Black Sludge
|-damage|p2a: Celebi|64/100 psn|[from] psn
|upkeep
|turn|40
|
|move|p2a: Celebi|Psychic|p1a: Roserade
|-supereffective|p1a: Roserade
|-damage|p1a: Roserade|0 fnt
|faint|p1a: Roserade
|
|-heal|p2a: Celebi|70/100 psn|[from] item: Leftovers
|-damage|p2a: Celebi|58/100 psn|[from] psn
|upkeep
|
|switch|p1a: Memento Mori|Haxorus, M|37/100
|-ability|p1a: Memento Mori|Mold Breaker
|turn|41
|
|move|p1a: Memento Mori|First Impression|p2a: Celebi
|-supereffective|p2a: Celebi
|-damage|p2a: Celebi|0 fnt
|faint|p2a: Celebi
|
|upkeep
|c|☆Trade|ah
|c|☆Trade|gg
|-message|Trade forfeited.
|
|win|Adrift and Alone
|l|*Lady Monita
|c|☆Adrift and Alone|gg
|l|☆Trade
|l|☆Adrift and Alone
|l| KabilaPoK
|l| Perfect Hoopa
|l| Giga Ghoul
