|j|☆BigFatMantis
|j|☆Boost Swoosh
|t:|1603173352
|player|p1|BigFatMantis|unknown|
|player|p2|Boost Swoosh|teamrocket|
|teamsize|p1|6
|teamsize|p2|6
|gametype|singles
|gen|8
|tier|[Gen 8] UU
|rated|Tournament battle
|clearpoke
|poke|p1|Sylveon, M|
|poke|p1|Porygon2|
|poke|p1|Copperajah, M|
|poke|p1|Slowbro, F|
|poke|p1|Marowak-Alola, M|
|poke|p1|Flygon, F|
|poke|p2|Marowak-Alola, F|
|poke|p2|Slowbro, M|
|poke|p2|Weezing-Galar, M|
|poke|p2|Zarude|
|poke|p2|Cobalion|
|poke|p2|Mamoswine, M|
|rule|Sleep Clause Mod: Limit one foe put to sleep
|rule|Species Clause: Limit one of each Pokémon
|rule|OHKO Clause: OHKO moves are banned
|rule|Evasion Moves Clause: Evasion moves are banned
|rule|Endless Battle Clause: Forcing endless battles is banned
|rule|HP Percentage Mod: HP is shown in percentages
|rule|Dynamax Clause: You cannot dynamax
|teampreview
|j| technosis
|j| wuhoodude
|inactive|Battle timer is ON: inactive players will automatically lose when time's up. (requested by Boost Swoosh)
|c|☆BigFatMantis|glhf
|j| Andresa<3
|c|☆Boost Swoosh|u2
|c| wuhoodude|go fellow bewear fan
|
|t:|1603173373
|start
|switch|p1a: Slowbro|Slowbro, F|100/100
|switch|p2a: Marowak|Marowak-Alola, F|100/100
|turn|1
|c| wuhoodude|idk why i thought i saw a bewear
|
|t:|1603173397
|move|p2a: Marowak|Poltergeist|p1a: Slowbro
|-activate|p1a: Slowbro|move: Poltergeist|Heavy-Duty Boots
|-supereffective|p1a: Slowbro
|-damage|p1a: Slowbro|0 fnt
|faint|p1a: Slowbro
|
|upkeep
|j| Totem skarm
|c| wuhoodude|there should be a bewear
|
|t:|1603173407
|switch|p1a: Flygon|Flygon, F|100/100
|turn|2
|c| wuhoodude|on either side
|
|t:|1603173434
|switch|p1a: Porygon2|Porygon2|100/100
|-ability|p1a: Porygon2|Rock Head|[from] ability: Trace|[of] p2a: Marowak
|switch|p2a: Weezing|Weezing-Galar, M|100/100
|
|upkeep
|turn|3
|
|t:|1603173446
|switch|p2a: Cobalion|Cobalion|100/100
|move|p1a: Porygon2|Trick Room|p1a: Porygon2
|-fieldstart|move: Trick Room|[of] p1a: Porygon2
|
|upkeep
|turn|4
|inactive|Boost Swoosh has 120 seconds left.
|
|t:|1603173463
|move|p2a: Cobalion|Stone Edge|p1a: Porygon2|[miss]
|-miss|p2a: Cobalion|p1a: Porygon2
|move|p1a: Porygon2|Teleport|p1a: Porygon2
|j| Lowtierviper
|
|t:|1603173473
|switch|p1a: Marowak|Marowak-Alola, M|100/100|[from]move: Teleport
|
|upkeep
|turn|5
|inactive|Boost Swoosh has 120 seconds left.
|
|t:|1603173514
|switch|p2a: Zarude|Zarude|100/100
|move|p1a: Marowak|Shadow Bone|p2a: Zarude
|-resisted|p2a: Zarude
|-damage|p2a: Zarude|68/100
|
|upkeep
|turn|6
|
|t:|1603173522
|move|p1a: Marowak|Flare Blitz|p2a: Zarude
|-supereffective|p2a: Zarude
|-damage|p2a: Zarude|0 fnt
|faint|p2a: Zarude
|
|upkeep
|
|t:|1603173526
|switch|p2a: Weezing|Weezing-Galar, M|100/100
|turn|7
|
|t:|1603173533
|move|p1a: Marowak|Flare Blitz|p2a: Weezing
|-damage|p2a: Weezing|5/100
|move|p2a: Weezing|Shadow Ball|p1a: Marowak
|-supereffective|p1a: Marowak
|-damage|p1a: Marowak|38/100
|
|-heal|p2a: Weezing|11/100|[from] item: Black Sludge
|-fieldend|move: Trick Room
|upkeep
|turn|8
|inactive|Boost Swoosh has 120 seconds left.
|c|☆BigFatMantis|who uses Shadow Ball Weezing
|c| Totem skarm|u
|
|t:|1603173552
|switch|p1a: Porygon2|Porygon2|100/100
|-ability|p1a: Porygon2|Levitate|[from] ability: Trace|[of] p2a: Weezing
|move|p2a: Weezing|Shadow Ball|p1a: Porygon2
|-immune|p1a: Porygon2
|
|-heal|p2a: Weezing|17/100|[from] item: Black Sludge
|upkeep
|turn|9
|c| Totem skarm|u do
|
|t:|1603173557
|switch|p2a: Cobalion|Cobalion|100/100
|move|p1a: Porygon2|Trick Room|p1a: Porygon2
|-fieldstart|move: Trick Room|[of] p1a: Porygon2
|
|upkeep
|turn|10
|
|t:|1603173565
|switch|p1a: Marowak|Marowak-Alola, M|38/100
|move|p2a: Cobalion|Stealth Rock|p1a: Marowak
|-sidestart|p1: BigFatMantis|move: Stealth Rock
|
|upkeep
|turn|11
|
|t:|1603173571
|switch|p2a: Slowbro|Slowbro, M|100/100
|move|p1a: Marowak|Flare Blitz|p2a: Slowbro
|-resisted|p2a: Slowbro
|-damage|p2a: Slowbro|72/100
|
|upkeep
|turn|12
|
|t:|1603173579
|switch|p2a: Weezing|Weezing-Galar, M|17/100
|move|p1a: Marowak|Shadow Bone|p2a: Weezing
|-damage|p2a: Weezing|0 fnt
|faint|p2a: Weezing
|
|upkeep
|
|t:|1603173587
|switch|p2a: Slowbro|Slowbro, M|100/100
|turn|13
|j| Can'tFight
|
|t:|1603173603
|switch|p2a: Cobalion|Cobalion|100/100
|switch|p1a: Porygon2|Porygon2|100/100
|-damage|p1a: Porygon2|88/100|[from] Stealth Rock
|-ability|p1a: Porygon2|Justified|[from] ability: Trace|[of] p2a: Cobalion
|
|-fieldend|move: Trick Room
|upkeep
|turn|14
|inactive|Boost Swoosh has 120 seconds left.
|
|t:|1603173637
|move|p2a: Cobalion|Close Combat|p1a: Porygon2
|-supereffective|p1a: Porygon2
|-damage|p1a: Porygon2|18/100
|-unboost|p2a: Cobalion|def|1
|-unboost|p2a: Cobalion|spd|1
|move|p1a: Porygon2|Trick Room|p1a: Porygon2
|-fieldstart|move: Trick Room|[of] p1a: Porygon2
|
|upkeep
|turn|15
|inactive|Boost Swoosh has 120 seconds left.
|j| Mygrein ㋡
|
|t:|1603173649
|move|p2a: Cobalion|Iron Head|p1a: Porygon2
|-damage|p1a: Porygon2|0 fnt
|faint|p1a: Porygon2
|
|upkeep
|j| K302
|
|t:|1603173658
|switch|p1a: Sylveon|Sylveon, M|100/100
|-damage|p1a: Sylveon|88/100|[from] Stealth Rock
|turn|16
|
|t:|1603173670
|move|p1a: Sylveon|Hyper Voice|p2a: Cobalion
|-damage|p2a: Cobalion|0 fnt
|faint|p2a: Cobalion
|
|upkeep
|
|t:|1603173680
|switch|p2a: Marowak|Marowak-Alola, F|100/100
|turn|17
|j| TOOMUCHMONEY
|
|t:|1603173693
|move|p1a: Sylveon|Hyper Voice|p2a: Marowak
|-resisted|p2a: Marowak
|-damage|p2a: Marowak|35/100
|move|p2a: Marowak|Flare Blitz|p1a: Sylveon
|-damage|p1a: Sylveon|0 fnt
|faint|p1a: Sylveon
|
|upkeep
|c| Lowtierviper|pull up in that ghost, poltergeist
|
|t:|1603173701
|switch|p1a: Marowak|Marowak-Alola, M|38/100
|-damage|p1a: Marowak|13/100|[from] Stealth Rock
|turn|18
|c| technosis|....phantom?
|inactive|Boost Swoosh has 120 seconds left.
|
|t:|1603173729
|move|p1a: Marowak|Knock Off|p2a: Marowak
|-supereffective|p2a: Marowak
|-damage|p2a: Marowak|0 fnt
|-enditem|p2a: Marowak|Thick Club|[from] move: Knock Off|[of] p1a: Marowak
|faint|p2a: Marowak
|
|-fieldend|move: Trick Room
|upkeep
|
|t:|1603173733
|switch|p2a: Mamoswine|Mamoswine, M|100/100
|turn|19
|l| wuhoodude
|
|t:|1603173737
|move|p2a: Mamoswine|Knock Off|p1a: Marowak
|-supereffective|p1a: Marowak
|-damage|p1a: Marowak|0 fnt
|-enditem|p1a: Marowak|Thick Club|[from] move: Knock Off|[of] p2a: Mamoswine
|-damage|p2a: Mamoswine|91/100|[from] item: Life Orb
|faint|p1a: Marowak
|
|upkeep
|c| TOOMUCHMONEY|i havent seen u in a while boost swoosh
|c| TOOMUCHMONEY|i used to see u in sm
|
|t:|1603173765
|switch|p1a: Copperajah|Copperajah, M|100/100
|-damage|p1a: Copperajah|94/100|[from] Stealth Rock
|turn|20
|c|☆Boost Swoosh|o someone remembers
|
|t:|1603173779
|move|p2a: Mamoswine|Earthquake|p1a: Copperajah
|-supereffective|p1a: Copperajah
|-damage|p1a: Copperajah|0 fnt
|-damage|p2a: Mamoswine|81/100|[from] item: Life Orb
|faint|p1a: Copperajah
|
|upkeep
|
|t:|1603173782
|switch|p1a: Flygon|Flygon, F|100/100
|-damage|p1a: Flygon|95/100|[from] Stealth Rock
|turn|21
|c| technosis|i remember ur avi
|c|☆BigFatMantis|gg
|
|t:|1603173789
|move|p2a: Mamoswine|Ice Shard|p1a: Flygon
|-supereffective|p1a: Flygon
|-damage|p1a: Flygon|0 fnt
|-damage|p2a: Mamoswine|71/100|[from] item: Life Orb
|faint|p1a: Flygon
|
|win|Boost Swoosh
