|j|☆Low Ladder Terror
|j|☆pokemonisfun
|t:|1604373768
|player|p1|Low Ladder Terror|iris-gen5bw2|1661
|player|p2|pokemonisfun|pokekid|1734
|teamsize|p1|6
|teamsize|p2|6
|gametype|singles
|gen|8
|tier|[Gen 8] UU
|rated|
|clearpoke
|poke|p1|Arctozolt|
|poke|p1|Slowking, F|
|poke|p1|Scizor, M|
|poke|p1|Aurorus, M|
|poke|p1|Thundurus-Therian, M|
|poke|p1|Zarude|
|poke|p2|Chansey, F|
|poke|p2|Celesteela|
|poke|p2|Pyukumuku, F|
|poke|p2|Crobat, M|
|poke|p2|Amoonguss, M|
|poke|p2|Hippowdon, F|
|rule|Sleep Clause Mod: Limit one foe put to sleep
|rule|Species Clause: Limit one of each Pokémon
|rule|OHKO Clause: OHKO moves are banned
|rule|Evasion Moves Clause: Evasion moves are banned
|rule|Endless Battle Clause: Forcing endless battles is banned
|rule|HP Percentage Mod: HP is shown in percentages
|rule|Dynamax Clause: You cannot dynamax
|teampreview
|inactive|Battle timer is ON: inactive players will automatically lose when time's up. (requested by Low Ladder Terror)
|j| art imitates me
|j| Sacaen
|c| art imitates me|teh stallz
|j| kdsfj
|inactive|Low Ladder Terror has 120 seconds left.
|
|t:|1604373813
|start
|switch|p1a: Aurorus|Aurorus, M, shiny|100/100
|switch|p2a: Celesteela|Celesteela|100/100
|-weather|Hail|[from] ability: Snow Warning|[of] p1a: Aurorus
|turn|1
|
|t:|1604373824
|switch|p1a: Slowking|Slowking, F, shiny|100/100
|move|p2a: Celesteela|Heavy Slam|p1a: Slowking
|-resisted|p1a: Slowking
|-damage|p1a: Slowking|85/100
|
|-weather|Hail|[upkeep]
|-damage|p2a: Celesteela|94/100|[from] Hail
|-damage|p1a: Slowking|79/100|[from] Hail
|-heal|p2a: Celesteela|100/100|[from] item: Leftovers
|upkeep
|turn|2
|
|t:|1604373832
|move|p2a: Celesteela|Leech Seed|p1a: Slowking
|-start|p1a: Slowking|move: Leech Seed
|move|p1a: Slowking|Future Sight|p2a: Celesteela
|-start|p1a: Slowking|move: Future Sight
|
|-weather|Hail|[upkeep]
|-damage|p2a: Celesteela|94/100|[from] Hail
|-damage|p1a: Slowking|73/100|[from] Hail
|-heal|p2a: Celesteela|100/100|[from] item: Leftovers
|-damage|p1a: Slowking|61/100|[from] Leech Seed|[of] p2a: Celesteela
|upkeep
|turn|3
|
|t:|1604373845
|move|p2a: Celesteela|Heavy Slam|p1a: Slowking
|-resisted|p1a: Slowking
|-damage|p1a: Slowking|45/100
|move|p1a: Slowking|Teleport|p1a: Slowking
|
|t:|1604373852
|switch|p1a: Arctozolt|Arctozolt|100/100|[from]move: Teleport
|
|-weather|Hail|[upkeep]
|-damage|p2a: Celesteela|94/100|[from] Hail
|-heal|p2a: Celesteela|100/100|[from] item: Leftovers
|upkeep
|turn|4
|
|t:|1604373858
|move|p2a: Celesteela|Protect|p2a: Celesteela
|-singleturn|p2a: Celesteela|Protect
|move|p1a: Arctozolt|Substitute|p1a: Arctozolt
|-start|p1a: Arctozolt|Substitute
|-damage|p1a: Arctozolt|76/100
|
|-weather|Hail|[upkeep]
|-damage|p2a: Celesteela|94/100|[from] Hail
|-end|p2a: Celesteela|move: Future Sight
|-resisted|p2a: Celesteela
|-damage|p2a: Celesteela|82/100
|-heal|p2a: Celesteela|88/100|[from] item: Leftovers
|upkeep
|turn|5
|j| Haliandra
|
|t:|1604373864
|switch|p2a: Hippowdon|Hippowdon, F|100/100
|move|p1a: Arctozolt|Bolt Beak|p2a: Hippowdon
|-immune|p2a: Hippowdon
|
|-weather|Hail|[upkeep]
|-damage|p2a: Hippowdon|94/100|[from] Hail
|upkeep
|turn|6
|
|t:|1604373875
|move|p1a: Arctozolt|Freeze-Dry|p2a: Hippowdon
|-supereffective|p2a: Hippowdon
|-damage|p2a: Hippowdon|47/100
|move|p2a: Hippowdon|Earthquake|p1a: Arctozolt
|-supereffective|p1a: Arctozolt
|-end|p1a: Arctozolt|Substitute
|
|-weather|Hail|[upkeep]
|-damage|p2a: Hippowdon|40/100|[from] Hail
|upkeep
|turn|7
|
|t:|1604373885
|switch|p2a: Chansey|Chansey, F|100/100
|move|p1a: Arctozolt|Freeze-Dry|p2a: Chansey
|-damage|p2a: Chansey|94/100
|
|-weather|Hail|[upkeep]
|-damage|p2a: Chansey|88/100|[from] Hail
|upkeep
|turn|8
|j| Eltobogandepiojos
|
|t:|1604373901
|switch|p1a: Scizor|Scizor, M|100/100
|move|p2a: Chansey|Toxic|p1a: Scizor
|-immune|p1a: Scizor
|
|-weather|none
|upkeep
|turn|9
|
|t:|1604373910
|move|p1a: Scizor|U-turn|p2a: Chansey
|-damage|p2a: Chansey|60/100
|
|t:|1604373929
|switch|p1a: Aurorus|Aurorus, M, shiny|100/100|[from]move: U-turn
|-weather|Hail|[from] ability: Snow Warning|[of] p1a: Aurorus
|move|p2a: Chansey|Soft-Boiled|p2a: Chansey
|-heal|p2a: Chansey|100/100
|
|-weather|Hail|[upkeep]
|-damage|p2a: Chansey|94/100|[from] Hail
|upkeep
|turn|10
|
|t:|1604373937
|move|p1a: Aurorus|Stealth Rock|p2a: Chansey
|-sidestart|p2: pokemonisfun|move: Stealth Rock
|move|p2a: Chansey|Toxic|p1a: Aurorus
|-status|p1a: Aurorus|tox
|
|-weather|Hail|[upkeep]
|-damage|p2a: Chansey|88/100|[from] Hail
|-damage|p1a: Aurorus|94/100 tox|[from] psn
|upkeep
|turn|11
|
|t:|1604373951
|switch|p1a: Slowking|Slowking, F, shiny|79/100
|move|p2a: Chansey|Seismic Toss|p1a: Slowking
|-damage|p1a: Slowking|53/100
|
|-weather|Hail|[upkeep]
|-damage|p2a: Chansey|82/100|[from] Hail
|-damage|p1a: Slowking|47/100|[from] Hail
|upkeep
|turn|12
|
|t:|1604373958
|move|p2a: Chansey|Toxic|p1a: Slowking
|-status|p1a: Slowking|tox
|move|p1a: Slowking|Teleport|p1a: Slowking
|
|t:|1604373979
|switch|p1a: Scizor|Scizor, M|100/100|[from]move: Teleport
|
|-weather|Hail|[upkeep]
|-damage|p1a: Scizor|94/100|[from] Hail
|-damage|p2a: Chansey|76/100|[from] Hail
|-heal|p1a: Scizor|100/100|[from] item: Leftovers
|upkeep
|turn|13
|
|t:|1604373988
|move|p1a: Scizor|U-turn|p2a: Chansey
|-damage|p2a: Chansey|51/100
|
|t:|1604373992
|switch|p1a: Slowking|Slowking, F, shiny|80/100 tox|[from]move: U-turn
|move|p2a: Chansey|Soft-Boiled|p2a: Chansey
|-heal|p2a: Chansey|100/100
|
|-weather|Hail|[upkeep]
|-damage|p2a: Chansey|94/100|[from] Hail
|-damage|p1a: Slowking|74/100 tox|[from] Hail
|-damage|p1a: Slowking|68/100 tox|[from] psn
|upkeep
|turn|14
|
|t:|1604373996
|move|p2a: Chansey|Seismic Toss|p1a: Slowking
|-damage|p1a: Slowking|43/100 tox
|move|p1a: Slowking|Teleport|p1a: Slowking
|
|t:|1604373999
|switch|p1a: Scizor|Scizor, M|100/100|[from]move: Teleport
|
|-weather|Hail|[upkeep]
|-damage|p1a: Scizor|94/100|[from] Hail
|-damage|p2a: Chansey|88/100|[from] Hail
|-heal|p1a: Scizor|100/100|[from] item: Leftovers
|upkeep
|turn|15
|
|t:|1604374005
|move|p1a: Scizor|Swords Dance|p1a: Scizor
|-boost|p1a: Scizor|atk|2
|move|p2a: Chansey|Seismic Toss|p1a: Scizor
|-damage|p1a: Scizor|70/100
|
|-weather|Hail|[upkeep]
|-damage|p1a: Scizor|64/100|[from] Hail
|-damage|p2a: Chansey|82/100|[from] Hail
|-heal|p1a: Scizor|70/100|[from] item: Leftovers
|upkeep
|turn|16
|
|t:|1604374015
|move|p1a: Scizor|Bullet Punch|p2a: Chansey
|-damage|p2a: Chansey|39/100
|move|p2a: Chansey|Soft-Boiled|p2a: Chansey
|-heal|p2a: Chansey|89/100
|
|-weather|none
|-heal|p1a: Scizor|76/100|[from] item: Leftovers
|upkeep
|turn|17
|
|t:|1604374023
|switch|p2a: Pyukumuku|Pyukumuku, F|100/100
|move|p1a: Scizor|U-turn|p2a: Pyukumuku
|-damage|p2a: Pyukumuku|74/100
|c| art imitates me|pyukeyay
|
|t:|1604374029
|switch|p1a: Arctozolt|Arctozolt|76/100|[from]move: U-turn
|
|upkeep
|turn|18
|
|t:|1604374036
|switch|p2a: Amoonguss|Amoonguss, M|100/100
|-damage|p2a: Amoonguss|88/100|[from] Stealth Rock
|move|p1a: Arctozolt|Bolt Beak|p2a: Amoonguss
|-resisted|p2a: Amoonguss
|-damage|p2a: Amoonguss|51/100
|
|upkeep
|turn|19
|
|t:|1604374042
|switch|p2a: Crobat|Crobat, M|100/100
|move|p1a: Arctozolt|Icicle Crash|p2a: Crobat
|-supereffective|p2a: Crobat
|-damage|p2a: Crobat|18/100
|
|upkeep
|turn|20
|j| vdec
|c| art imitates me|how did that icicle atk not ko
|c| art imitates me|i'm shocked
|c|☆Low Ladder Terror|this probably has hp, and im not life orb
|inactive|Low Ladder Terror has 120 seconds left.
|c|☆pokemonisfun|u n v i a b l e
|c| Haliandra|it has a lot of hp
|
|t:|1604374093
|switch|p1a: Aurorus|Aurorus, M, shiny|94/100 tox
|-weather|Hail|[from] ability: Snow Warning|[of] p1a: Aurorus
|move|p2a: Crobat|Roost|p2a: Crobat
|-heal|p2a: Crobat|69/100
|-singleturn|p2a: Crobat|move: Roost
|
|-weather|Hail|[upkeep]
|-damage|p2a: Crobat|62/100|[from] Hail
|-damage|p1a: Aurorus|88/100 tox|[from] psn
|upkeep
|turn|21
|
|t:|1604374101
|move|p2a: Crobat|Roost|p2a: Crobat
|-heal|p2a: Crobat|100/100
|-singleturn|p2a: Crobat|move: Roost
|move|p1a: Aurorus|Freeze-Dry|p2a: Crobat
|-damage|p2a: Crobat|64/100
|
|-weather|Hail|[upkeep]
|-damage|p2a: Crobat|58/100|[from] Hail
|-damage|p1a: Aurorus|76/100 tox|[from] psn
|upkeep
|turn|22
|
|t:|1604374107
|switch|p1a: Arctozolt|Arctozolt|76/100
|move|p2a: Crobat|Roost|p2a: Crobat
|-heal|p2a: Crobat|100/100
|-singleturn|p2a: Crobat|move: Roost
|
|-weather|Hail|[upkeep]
|-damage|p2a: Crobat|94/100|[from] Hail
|upkeep
|turn|23
|inactive|Low Ladder Terror has 120 seconds left.
|
|t:|1604374116
|switch|p2a: Hippowdon|Hippowdon, F|40/100
|move|p1a: Arctozolt|Bolt Beak|p2a: Hippowdon
|-immune|p2a: Hippowdon
|
|-weather|Hail|[upkeep]
|-damage|p2a: Hippowdon|34/100|[from] Hail
|upkeep
|turn|24
|
|t:|1604374129
|switch|p2a: Chansey|Chansey, F|89/100
|-damage|p2a: Chansey|76/100|[from] Stealth Rock
|move|p1a: Arctozolt|Freeze-Dry|p2a: Chansey
|-damage|p2a: Chansey|69/100
|-status|p2a: Chansey|frz
|
|-weather|Hail|[upkeep]
|-damage|p2a: Chansey|63/100 frz|[from] Hail
|upkeep
|turn|25
|
|t:|1604374138
|switch|p2a: Hippowdon|Hippowdon, F|34/100
|move|p1a: Arctozolt|Icicle Crash|p2a: Hippowdon
|-supereffective|p2a: Hippowdon
|-damage|p2a: Hippowdon|0 fnt
|faint|p2a: Hippowdon
|
|-weather|Hail|[upkeep]
|upkeep
|j| kim k bad alt
|j| nel nome del padre
|
|t:|1604374148
|switch|p2a: Chansey|Chansey, F|63/100
|-damage|p2a: Chansey|51/100|[from] Stealth Rock
|turn|26
|
|t:|1604374151
|move|p1a: Arctozolt|Bolt Beak|p2a: Chansey
|-damage|p2a: Chansey|0 fnt
|faint|p2a: Chansey
|
|-weather|Hail|[upkeep]
|upkeep
|l| nel nome del padre
|-message|pokemonisfun forfeited.
|
|win|Low Ladder Terror
|c|☆pokemonisfun|gg
|l|☆pokemonisfun
|c|☆Low Ladder Terror|gg
|l|☆Low Ladder Terror
|l| kim k bad alt
|l| Haliandra
|raw|Low Ladder Terror's rating: 1662 &rarr; <strong>1686</strong><br />(+24 for winning)
|raw|pokemonisfun's rating: 1734 &rarr; <strong>1709</strong><br />(-25 for losing)
|l| art imitates me
|l| Eltobogandepiojos
