|j|☆Fathiryxi
|j|☆Marshmellow.OwO
|t:|1667224959
|gametype|singles
|player|p1|Fathiryxi|preschoolers|1595
|player|p2|Marshmellow.OwO|koga-lgpe|1351
|teamsize|p1|6
|teamsize|p2|6
|gen|8
|tier|[Gen 8] UU
|rated|
|rule|Sleep Clause Mod: Limit one foe put to sleep
|rule|Species Clause: Limit one of each Pokémon
|rule|OHKO Clause: OHKO moves are banned
|rule|Evasion Items Clause: Evasion items are banned
|rule|Evasion Moves Clause: Evasion moves are banned
|rule|Endless Battle Clause: Forcing endless battles is banned
|rule|HP Percentage Mod: HP is shown in percentages
|rule|Dynamax Clause: You cannot dynamax
|clearpoke
|poke|p1|Pincurchin, F|
|poke|p1|Reuniclus, F|
|poke|p1|Regieleki|
|poke|p1|Amoonguss, F|
|poke|p1|Cobalion|
|poke|p1|Blastoise, F|
|poke|p2|Chansey, F|
|poke|p2|Umbreon, M|
|poke|p2|Salamence, F|
|poke|p2|Tangrowth, F|
|poke|p2|Quagsire, F|
|poke|p2|Slowbro-Galar, F|
|teampreview
|inactive|Battle timer is ON: inactive players will automatically lose when time's up. (requested by Marshmellow.OwO)
|inactive|Fathiryxi has 120 seconds left.
|
|t:|1667224997
|start
|switch|p1a: Pincurchin|Pincurchin, F|100/100
|switch|p2a: Slowbro|Slowbro-Galar, F|100/100
|-fieldstart|move: Electric Terrain|[from] ability: Electric Surge|[of] p1a: Pincurchin
|turn|1
|
|t:|1667225007
|move|p2a: Slowbro|Calm Mind|p2a: Slowbro
|-boost|p2a: Slowbro|spa|1
|-boost|p2a: Slowbro|spd|1
|move|p1a: Pincurchin|Spikes|p2a: Slowbro
|-sidestart|p2: Marshmellow.OwO|Spikes
|
|upkeep
|turn|2
|
|t:|1667225017
|switch|p1a: Reuniclus|Reuniclus, F|100/100
|-enditem|p1a: Reuniclus|Electric Seed
|-boost|p1a: Reuniclus|def|1|[from] item: Electric Seed
|move|p2a: Slowbro|Calm Mind|p2a: Slowbro
|-boost|p2a: Slowbro|spa|1
|-boost|p2a: Slowbro|spd|1
|
|upkeep
|turn|3
|
|t:|1667225024
|move|p1a: Reuniclus|Calm Mind|p1a: Reuniclus
|-boost|p1a: Reuniclus|spa|1
|-boost|p1a: Reuniclus|spd|1
|move|p2a: Slowbro|Scald|p1a: Reuniclus
|-damage|p1a: Reuniclus|76/100
|
|upkeep
|turn|4
|
|t:|1667225030
|move|p1a: Reuniclus|Calm Mind|p1a: Reuniclus
|-boost|p1a: Reuniclus|spa|1
|-boost|p1a: Reuniclus|spd|1
|move|p2a: Slowbro|Scald|p1a: Reuniclus
|-damage|p1a: Reuniclus|59/100
|
|upkeep
|turn|5
|
|t:|1667225034
|switch|p2a: Quagsire|Quagsire, F|100/100
|move|p1a: Reuniclus|Recover|p1a: Reuniclus
|-heal|p1a: Reuniclus|100/100
|
|upkeep
|turn|6
|
|t:|1667225039
|move|p2a: Quagsire|Haze|p2a: Quagsire
|-clearallboost
|move|p1a: Reuniclus|Calm Mind|p1a: Reuniclus
|-boost|p1a: Reuniclus|spa|1
|-boost|p1a: Reuniclus|spd|1
|
|upkeep
|turn|7
|
|t:|1667225054
|switch|p1a: Amoonguss|Amoonguss, F|100/100
|move|p2a: Quagsire|Haze|p2a: Quagsire
|-clearallboost
|
|upkeep
|turn|8
|
|t:|1667225065
|switch|p2a: Tangrowth|Tangrowth, F|100/100
|-damage|p2a: Tangrowth|88/100|[from] Spikes
|move|p1a: Amoonguss|Worry Seed|p2a: Tangrowth
|-endability|p2a: Tangrowth|Regenerator|[from] move: Worry Seed
|-ability|p2a: Tangrowth|Insomnia|[from] move: Worry Seed
|
|-fieldend|move: Electric Terrain
|upkeep
|turn|9
|
|t:|1667225069
|move|p2a: Tangrowth|Knock Off|p1a: Amoonguss
|-crit|p1a: Amoonguss
|-damage|p1a: Amoonguss|77/100
|-enditem|p1a: Amoonguss|Eject Button|[from] move: Knock Off|[of] p2a: Tangrowth
|move|p1a: Amoonguss|Sludge Bomb|p2a: Tangrowth
|-supereffective|p2a: Tangrowth
|-damage|p2a: Tangrowth|55/100
|
|upkeep
|turn|10
|
|t:|1667225081
|switch|p2a: Chansey|Chansey, F|100/100
|-damage|p2a: Chansey|88/100|[from] Spikes
|move|p1a: Amoonguss|Sludge Bomb|p2a: Chansey
|-damage|p2a: Chansey|80/100
|
|upkeep
|turn|11
|
|t:|1667225092
|switch|p1a: Cobalion|Cobalion|100/100
|move|p2a: Chansey|Stealth Rock|p1a: Cobalion
|-sidestart|p1: Fathiryxi|move: Stealth Rock
|
|upkeep
|turn|12
|
|t:|1667225100
|switch|p2a: Slowbro|Slowbro-Galar, F|100/100
|-damage|p2a: Slowbro|88/100|[from] Spikes
|move|p1a: Cobalion|Stealth Rock|p2a: Slowbro
|-sidestart|p2: Marshmellow.OwO|move: Stealth Rock
|
|upkeep
|turn|13
|
|t:|1667225105
|switch|p1a: Reuniclus|Reuniclus, F|100/100
|move|p2a: Slowbro|Scald|p1a: Reuniclus
|-damage|p1a: Reuniclus|82/100
|-status|p1a: Reuniclus|brn
|
|upkeep
|turn|14
|
|t:|1667225110
|switch|p2a: Salamence|Salamence, F|100/100
|-ability|p2a: Salamence|Intimidate|boost
|-unboost|p1a: Reuniclus|atk|1
|move|p1a: Reuniclus|Calm Mind|p1a: Reuniclus
|-boost|p1a: Reuniclus|spa|1
|-boost|p1a: Reuniclus|spd|1
|
|upkeep
|turn|15
|
|t:|1667225115
|move|p2a: Salamence|Defog|p1a: Reuniclus
|-unboost|p1a: Reuniclus|evasion|1
|-sideend|p1: Fathiryxi|Stealth Rock|[from] move: Defog|[of] p2a: Salamence
|-sideend|p2: Marshmellow.OwO|Spikes|[from] move: Defog|[of] p2a: Salamence
|-sideend|p2: Marshmellow.OwO|Stealth Rock|[from] move: Defog|[of] p2a: Salamence
|move|p1a: Reuniclus|Calm Mind|p1a: Reuniclus
|-boost|p1a: Reuniclus|spa|1
|-boost|p1a: Reuniclus|spd|1
|
|upkeep
|turn|16
|
|t:|1667225127
|switch|p2a: Quagsire|Quagsire, F|100/100
|move|p1a: Reuniclus|Stored Power|p2a: Quagsire
|-damage|p2a: Quagsire|48/100
|
|upkeep
|turn|17
|
|t:|1667225136
|move|p2a: Quagsire|Recover|p2a: Quagsire
|-heal|p2a: Quagsire|98/100
|move|p1a: Reuniclus|Stored Power|p2a: Quagsire
|-damage|p2a: Quagsire|47/100
|
|upkeep
|turn|18
|
|t:|1667225157
|switch|p1a: Amoonguss|Amoonguss, F|100/100
|move|p2a: Quagsire|Haze|p2a: Quagsire
|-clearallboost
|
|upkeep
|turn|19
|
|t:|1667225165
|switch|p2a: Chansey|Chansey, F|80/100
|move|p1a: Amoonguss|Seed Bomb|p2a: Chansey
|-damage|p2a: Chansey|67/100
|
|upkeep
|turn|20
|
|t:|1667225170
|switch|p1a: Cobalion|Cobalion|100/100
|move|p2a: Chansey|Stealth Rock|p1a: Cobalion
|-sidestart|p1: Fathiryxi|move: Stealth Rock
|
|upkeep
|turn|21
|
|t:|1667225174
|switch|p2a: Slowbro|Slowbro-Galar, F|100/100
|move|p1a: Cobalion|Stealth Rock|p2a: Slowbro
|-sidestart|p2: Marshmellow.OwO|move: Stealth Rock
|
|upkeep
|turn|22
|
|t:|1667225177
|switch|p1a: Reuniclus|Reuniclus, F|82/100 brn
|move|p2a: Slowbro|Scald|p1a: Reuniclus
|-damage|p1a: Reuniclus|66/100 brn
|
|upkeep
|turn|23
|
|t:|1667225186
|move|p1a: Reuniclus|Recover|p1a: Reuniclus
|-heal|p1a: Reuniclus|100/100 brn
|move|p2a: Slowbro|Calm Mind|p2a: Slowbro
|-boost|p2a: Slowbro|spa|1
|-boost|p2a: Slowbro|spd|1
|
|upkeep
|turn|24
|
|t:|1667225189
|move|p1a: Reuniclus|Calm Mind|p1a: Reuniclus
|-boost|p1a: Reuniclus|spa|1
|-boost|p1a: Reuniclus|spd|1
|move|p2a: Slowbro|Calm Mind|p2a: Slowbro
|-boost|p2a: Slowbro|spa|1
|-boost|p2a: Slowbro|spd|1
|
|upkeep
|turn|25
|
|t:|1667225192
|move|p1a: Reuniclus|Calm Mind|p1a: Reuniclus
|-boost|p1a: Reuniclus|spa|1
|-boost|p1a: Reuniclus|spd|1
|move|p2a: Slowbro|Calm Mind|p2a: Slowbro
|-boost|p2a: Slowbro|spa|1
|-boost|p2a: Slowbro|spd|1
|
|upkeep
|turn|26
|
|t:|1667225195
|move|p1a: Reuniclus|Calm Mind|p1a: Reuniclus
|-boost|p1a: Reuniclus|spa|1
|-boost|p1a: Reuniclus|spd|1
|move|p2a: Slowbro|Calm Mind|p2a: Slowbro
|-boost|p2a: Slowbro|spa|1
|-boost|p2a: Slowbro|spd|1
|
|upkeep
|turn|27
|
|t:|1667225198
|move|p1a: Reuniclus|Calm Mind|p1a: Reuniclus
|-boost|p1a: Reuniclus|spa|1
|-boost|p1a: Reuniclus|spd|1
|move|p2a: Slowbro|Calm Mind|p2a: Slowbro
|-boost|p2a: Slowbro|spa|1
|-boost|p2a: Slowbro|spd|1
|
|upkeep
|turn|28
|
|t:|1667225202
|move|p1a: Reuniclus|Calm Mind|p1a: Reuniclus
|-boost|p1a: Reuniclus|spa|1
|-boost|p1a: Reuniclus|spd|1
|move|p2a: Slowbro|Calm Mind|p2a: Slowbro
|-boost|p2a: Slowbro|spa|1
|-boost|p2a: Slowbro|spd|1
|
|upkeep
|turn|29
|
|t:|1667225207
|move|p1a: Reuniclus|Calm Mind|p1a: Reuniclus
|-boost|p1a: Reuniclus|spa|1
|-boost|p1a: Reuniclus|spd|1
|move|p2a: Slowbro|Shell Side Arm|p1a: Reuniclus|[anim] Shell Side Arm Special
|-damage|p1a: Reuniclus|73/100 brn
|-hint|Special Shell Side Arm
|
|upkeep
|turn|30
|
|t:|1667225214
|move|p1a: Reuniclus|Stored Power|p2a: Slowbro
|-damage|p2a: Slowbro|0 fnt
|faint|p2a: Slowbro
|
|upkeep
|
|t:|1667225218
|switch|p2a: Quagsire|Quagsire, F|47/100
|turn|31
|
|t:|1667225222
|move|p2a: Quagsire|Haze|p2a: Quagsire
|-clearallboost
|move|p1a: Reuniclus|Stored Power|p2a: Quagsire
|-damage|p2a: Quagsire|37/100
|
|upkeep
|turn|32
|
|t:|1667225227
|switch|p1a: Amoonguss|Amoonguss, F|100/100
|-damage|p1a: Amoonguss|88/100|[from] Stealth Rock
|move|p2a: Quagsire|Recover|p2a: Quagsire
|-heal|p2a: Quagsire|87/100
|
|upkeep
|turn|33
|
|t:|1667225237
|switch|p2a: Salamence|Salamence, F|100/100
|-ability|p2a: Salamence|Intimidate|boost
|-unboost|p1a: Amoonguss|atk|1
|move|p1a: Amoonguss|Sludge Bomb|p2a: Salamence
|-damage|p2a: Salamence|72/100
|-status|p2a: Salamence|psn
|
|-damage|p2a: Salamence|60/100 psn|[from] psn
|upkeep
|turn|34
|
|t:|1667225250
|switch|p1a: Reuniclus|Reuniclus, F|73/100 brn
|move|p2a: Salamence|Roost|p2a: Salamence
|-heal|p2a: Salamence|100/100 psn
|-singleturn|p2a: Salamence|move: Roost
|
|-damage|p2a: Salamence|88/100 psn|[from] psn
|upkeep
|turn|35
|
|t:|1667225263
|switch|p2a: Umbreon|Umbreon, M|100/100
|-damage|p2a: Umbreon|88/100|[from] Stealth Rock
|move|p1a: Reuniclus|Recover|p1a: Reuniclus
|-heal|p1a: Reuniclus|100/100 brn
|
|-heal|p2a: Umbreon|94/100|[from] item: Leftovers
|upkeep
|turn|36
|
|t:|1667225270
|switch|p1a: Cobalion|Cobalion|100/100
|-damage|p1a: Cobalion|97/100|[from] Stealth Rock
|move|p2a: Umbreon|Heal Bell|p2a: Umbreon
|-activate|p2a: Umbreon|move: Heal Bell
|-curestatus|p2: Salamence|psn|[msg]
|
|-heal|p2a: Umbreon|99/100|[from] item: Leftovers
|upkeep
|turn|37
|
|t:|1667225279
|switch|p1a: Reuniclus|Reuniclus, F|100/100 brn
|switch|p2a: Tangrowth|Tangrowth, F|55/100
|-damage|p2a: Tangrowth|43/100|[from] Stealth Rock
|
|upkeep
|turn|38
|
|t:|1667225287
|switch|p2a: Umbreon|Umbreon, M|99/100
|-damage|p2a: Umbreon|88/100|[from] Stealth Rock
|switch|p1a: Amoonguss|Amoonguss, F|100/100
|-damage|p1a: Amoonguss|88/100|[from] Stealth Rock
|
|-heal|p2a: Umbreon|94/100|[from] item: Leftovers
|upkeep
|turn|39
|
|t:|1667225293
|switch|p2a: Chansey|Chansey, F|67/100
|-damage|p2a: Chansey|54/100|[from] Stealth Rock
|move|p1a: Amoonguss|Sludge Bomb|p2a: Chansey
|-damage|p2a: Chansey|46/100
|
|upkeep
|turn|40
|
|t:|1667225299
|switch|p1a: Cobalion|Cobalion|97/100
|-damage|p1a: Cobalion|94/100|[from] Stealth Rock
|move|p2a: Chansey|Soft-Boiled|p2a: Chansey
|-heal|p2a: Chansey|96/100
|
|upkeep
|turn|41
|
|t:|1667225305
|switch|p1a: Reuniclus|Reuniclus, F|100/100 brn
|switch|p2a: Tangrowth|Tangrowth, F|76/100
|-damage|p2a: Tangrowth|63/100|[from] Stealth Rock
|
|upkeep
|turn|42
|
|t:|1667225320
|switch|p2a: Umbreon|Umbreon, M|94/100
|-damage|p2a: Umbreon|81/100|[from] Stealth Rock
|move|p1a: Reuniclus|Calm Mind|p1a: Reuniclus
|-boost|p1a: Reuniclus|spa|1
|-boost|p1a: Reuniclus|spd|1
|
|-heal|p2a: Umbreon|88/100|[from] item: Leftovers
|upkeep
|turn|43
|
|t:|1667225329
|move|p2a: Umbreon|Foul Play|p1a: Reuniclus
|-supereffective|p1a: Reuniclus
|-damage|p1a: Reuniclus|75/100 brn
|move|p1a: Reuniclus|Calm Mind|p1a: Reuniclus
|-boost|p1a: Reuniclus|spa|1
|-boost|p1a: Reuniclus|spd|1
|
|-heal|p2a: Umbreon|94/100|[from] item: Leftovers
|upkeep
|turn|44
|
|t:|1667225335
|switch|p2a: Quagsire|Quagsire, F|87/100
|move|p1a: Reuniclus|Calm Mind|p1a: Reuniclus
|-boost|p1a: Reuniclus|spa|1
|-boost|p1a: Reuniclus|spd|1
|
|upkeep
|turn|45
|
|t:|1667225341
|move|p2a: Quagsire|Haze|p2a: Quagsire
|-clearallboost
|move|p1a: Reuniclus|Recover|p1a: Reuniclus
|-heal|p1a: Reuniclus|100/100 brn
|
|upkeep
|turn|46
|
|t:|1667225348
|switch|p2a: Salamence|Salamence, F|88/100
|-ability|p2a: Salamence|Intimidate|boost
|-unboost|p1a: Reuniclus|atk|1
|switch|p1a: Amoonguss|Amoonguss, F|100/100
|-damage|p1a: Amoonguss|88/100|[from] Stealth Rock
|
|upkeep
|turn|47
|
|t:|1667225363
|switch|p1a: Reuniclus|Reuniclus, F|100/100 brn
|move|p2a: Salamence|Air Slash|p1a: Reuniclus
|-damage|p1a: Reuniclus|76/100 brn
|
|upkeep
|turn|48
|
|t:|1667225372
|move|p2a: Salamence|Defog|p1a: Reuniclus
|-unboost|p1a: Reuniclus|evasion|1
|-sideend|p1: Fathiryxi|Stealth Rock|[from] move: Defog|[of] p2a: Salamence
|-sideend|p2: Marshmellow.OwO|Stealth Rock|[from] move: Defog|[of] p2a: Salamence
|move|p1a: Reuniclus|Thunder|p2a: Salamence|[miss]
|-miss|p1a: Reuniclus|p2a: Salamence
|
|upkeep
|turn|49
|
|t:|1667225383
|move|p2a: Salamence|Air Slash|p1a: Reuniclus
|-damage|p1a: Reuniclus|50/100 brn
|move|p1a: Reuniclus|Calm Mind|p1a: Reuniclus
|-boost|p1a: Reuniclus|spa|1
|-boost|p1a: Reuniclus|spd|1
|
|upkeep
|turn|50
|j| amogusroxyrrrr
|
|t:|1667225395
|switch|p2a: Quagsire|Quagsire, F|87/100
|move|p1a: Reuniclus|Recover|p1a: Reuniclus
|-heal|p1a: Reuniclus|99/100 brn
|
|upkeep
|turn|51
|
|t:|1667225400
|switch|p1a: Amoonguss|Amoonguss, F|100/100
|move|p2a: Quagsire|Haze|p2a: Quagsire
|-clearallboost
|
|upkeep
|turn|52
|
|t:|1667225410
|switch|p2a: Chansey|Chansey, F|96/100
|move|p1a: Amoonguss|Sludge Bomb|p2a: Chansey
|-damage|p2a: Chansey|88/100
|
|upkeep
|turn|53
|
|t:|1667225415
|switch|p1a: Cobalion|Cobalion|94/100
|move|p2a: Chansey|Seismic Toss|p1a: Cobalion
|-damage|p1a: Cobalion|63/100
|
|upkeep
|turn|54
|
|t:|1667225423
|switch|p2a: Tangrowth|Tangrowth, F|97/100
|move|p1a: Cobalion|Stealth Rock|p2a: Tangrowth
|-sidestart|p2: Marshmellow.OwO|move: Stealth Rock
|
|upkeep
|turn|55
|
|t:|1667225427
|switch|p1a: Amoonguss|Amoonguss, F|100/100
|move|p2a: Tangrowth|Earthquake|p1a: Amoonguss
|-damage|p1a: Amoonguss|84/100
|
|upkeep
|turn|56
|
|t:|1667225440
|switch|p2a: Salamence|Salamence, F|88/100
|-ability|p2a: Salamence|Intimidate|boost
|-unboost|p1a: Amoonguss|atk|1
|switch|p1a: Cobalion|Cobalion|63/100
|
|upkeep
|turn|57
|
|t:|1667225451
|move|p1a: Cobalion|Stone Edge|p2a: Salamence
|-supereffective|p2a: Salamence
|-damage|p2a: Salamence|44/100
|move|p2a: Salamence|Flamethrower|p1a: Cobalion
|-supereffective|p1a: Cobalion
|-damage|p1a: Cobalion|0 fnt
|faint|p1a: Cobalion
|
|upkeep
|
|t:|1667225465
|switch|p1a: Regieleki|Regieleki|100/100
|turn|58
|
|t:|1667225479
|switch|p1a: Pincurchin|Pincurchin, F|100/100
|-fieldstart|move: Electric Terrain|[from] ability: Electric Surge|[of] p1a: Pincurchin
|switch|p2a: Chansey|Chansey, F|88/100
|-damage|p2a: Chansey|75/100|[from] Stealth Rock
|
|upkeep
|turn|59
|inactive|Fathiryxi has 120 seconds left.
|
|t:|1667225526
|move|p2a: Chansey|Toxic|p1a: Pincurchin
|-status|p1a: Pincurchin|tox
|move|p1a: Pincurchin|Spikes|p2a: Chansey
|-sidestart|p2: Marshmellow.OwO|Spikes
|
|-damage|p1a: Pincurchin|94/100 tox|[from] psn
|upkeep
|turn|60
|
|t:|1667225543
|switch|p1a: Regieleki|Regieleki|100/100
|move|p2a: Chansey|Soft-Boiled|p2a: Chansey
|-heal|p2a: Chansey|100/100
|
|upkeep
|turn|61
|
|t:|1667225552
|switch|p1a: Amoonguss|Amoonguss, F|100/100
|move|p2a: Chansey|Toxic|p1a: Amoonguss|[miss]
|-miss|p2a: Chansey|p1a: Amoonguss
|
|upkeep
|turn|62
|
|t:|1667225562
|switch|p1a: Regieleki|Regieleki|100/100
|move|p2a: Chansey|Seismic Toss|p1a: Regieleki
|-damage|p1a: Regieleki|69/100
|
|upkeep
|turn|63
|
|t:|1667225572
|switch|p1a: Amoonguss|Amoonguss, F|100/100
|move|p2a: Chansey|Seismic Toss|p1a: Amoonguss
|-damage|p1a: Amoonguss|77/100
|
|upkeep
|turn|64
|
|t:|1667225578
|move|p2a: Chansey|Stealth Rock|p1a: Amoonguss
|-sidestart|p1: Fathiryxi|move: Stealth Rock
|move|p1a: Amoonguss|Sludge Bomb|p2a: Chansey
|-damage|p2a: Chansey|92/100
|
|upkeep
|turn|65
|inactive|Fathiryxi has 120 seconds left.
|
|t:|1667225588
|switch|p1a: Reuniclus|Reuniclus, F|99/100 brn
|move|p2a: Chansey|Seismic Toss|p1a: Reuniclus
|-damage|p1a: Reuniclus|77/100 brn
|
|-fieldend|move: Electric Terrain
|upkeep
|turn|66
|inactive|Fathiryxi has 120 seconds left.
|
|t:|1667225599
|switch|p2a: Quagsire|Quagsire, F|87/100
|move|p1a: Reuniclus|Calm Mind|p1a: Reuniclus
|-boost|p1a: Reuniclus|spa|1
|-boost|p1a: Reuniclus|spd|1
|
|upkeep
|turn|67
|inactive|Fathiryxi has 120 seconds left.
|
|t:|1667225615
|switch|p1a: Amoonguss|Amoonguss, F|100/100
|-damage|p1a: Amoonguss|88/100|[from] Stealth Rock
|move|p2a: Quagsire|Scald|p1a: Amoonguss
|-resisted|p1a: Amoonguss
|-crit|p1a: Amoonguss
|-damage|p1a: Amoonguss|77/100
|
|upkeep
|turn|68
|inactive|Fathiryxi has 120 seconds left.
|
|t:|1667225628
|switch|p2a: Umbreon|Umbreon, M|94/100
|-damage|p2a: Umbreon|81/100|[from] Stealth Rock
|-damage|p2a: Umbreon|69/100|[from] Spikes
|switch|p1a: Regieleki|Regieleki|69/100
|-damage|p1a: Regieleki|57/100|[from] Stealth Rock
|
|-heal|p2a: Umbreon|75/100|[from] item: Leftovers
|upkeep
|turn|69
|inactive|Fathiryxi has 120 seconds left.
|
|t:|1667225639
|switch|p1a: Amoonguss|Amoonguss, F|100/100
|-damage|p1a: Amoonguss|88/100|[from] Stealth Rock
|move|p2a: Umbreon|Protect||[still]
|-fail|p2a: Umbreon
|
|-heal|p2a: Umbreon|81/100|[from] item: Leftovers
|upkeep
|turn|70
|inactive|Fathiryxi has 120 seconds left.
|
|t:|1667225646
|move|p2a: Umbreon|Wish|p2a: Umbreon
|move|p1a: Amoonguss|Sludge Bomb|p2a: Umbreon
|-crit|p2a: Umbreon
|-damage|p2a: Umbreon|54/100
|
|-heal|p2a: Umbreon|60/100|[from] item: Leftovers
|upkeep
|turn|71
|inactive|Fathiryxi has 120 seconds left.
|
|t:|1667225658
|switch|p2a: Salamence|Salamence, F|44/100
|-ability|p2a: Salamence|Intimidate|boost
|-unboost|p1a: Amoonguss|atk|1
|switch|p1a: Blastoise|Blastoise, F|100/100
|-damage|p1a: Blastoise|88/100|[from] Stealth Rock
|
|-heal|p2a: Salamence|94/100|[from] move: Wish|[wisher] Umbreon
|upkeep
|turn|72
|inactive|Fathiryxi has 120 seconds left.
|
|t:|1667225670
|switch|p2a: Tangrowth|Tangrowth, F|100/100
|-damage|p2a: Tangrowth|88/100|[from] Stealth Rock
|-damage|p2a: Tangrowth|76/100|[from] Spikes
|move|p1a: Blastoise|Ice Beam|p2a: Tangrowth
|-supereffective|p2a: Tangrowth
|-damage|p2a: Tangrowth|45/100
|
|upkeep
|turn|73
|
|t:|1667225679
|switch|p1a: Amoonguss|Amoonguss, F|100/100
|-damage|p1a: Amoonguss|88/100|[from] Stealth Rock
|move|p2a: Tangrowth|Giga Drain|p1a: Amoonguss
|-resisted|p1a: Amoonguss
|-damage|p1a: Amoonguss|82/100
|-heal|p2a: Tangrowth|48/100|[from] drain|[of] p1a: Amoonguss
|
|upkeep
|turn|74
|
|t:|1667225689
|switch|p2a: Chansey|Chansey, F|92/100
|-damage|p2a: Chansey|79/100|[from] Stealth Rock
|-damage|p2a: Chansey|67/100|[from] Spikes
|move|p1a: Amoonguss|Sludge Bomb|p2a: Chansey
|-damage|p2a: Chansey|58/100
|
|upkeep
|turn|75
|
|t:|1667225699
|switch|p1a: Reuniclus|Reuniclus, F|77/100 brn
|move|p2a: Chansey|Soft-Boiled|p2a: Chansey
|-heal|p2a: Chansey|100/100
|
|upkeep
|turn|76
|
|t:|1667225704
|switch|p2a: Salamence|Salamence, F|94/100
|-ability|p2a: Salamence|Intimidate|boost
|-unboost|p1a: Reuniclus|atk|1
|move|p1a: Reuniclus|Stored Power|p2a: Salamence
|-damage|p2a: Salamence|85/100
|
|upkeep
|turn|77
|
|t:|1667225710
|move|p2a: Salamence|Defog|p1a: Reuniclus
|-unboost|p1a: Reuniclus|evasion|1
|-sideend|p1: Fathiryxi|Stealth Rock|[from] move: Defog|[of] p2a: Salamence
|-sideend|p2: Marshmellow.OwO|Spikes|[from] move: Defog|[of] p2a: Salamence
|-sideend|p2: Marshmellow.OwO|Stealth Rock|[from] move: Defog|[of] p2a: Salamence
|move|p1a: Reuniclus|Calm Mind|p1a: Reuniclus
|-boost|p1a: Reuniclus|spa|1
|-boost|p1a: Reuniclus|spd|1
|
|upkeep
|turn|78
|
|t:|1667225719
|switch|p2a: Quagsire|Quagsire, F|87/100
|move|p1a: Reuniclus|Stored Power|p2a: Quagsire
|-damage|p2a: Quagsire|56/100
|
|upkeep
|turn|79
|
|t:|1667225724
|switch|p1a: Amoonguss|Amoonguss, F|100/100
|move|p2a: Quagsire|Haze|p2a: Quagsire
|-clearallboost
|
|upkeep
|turn|80
|
|t:|1667225730
|switch|p2a: Umbreon|Umbreon, M|60/100
|move|p1a: Amoonguss|Sludge Bomb|p2a: Umbreon
|-damage|p2a: Umbreon|43/100
|
|-heal|p2a: Umbreon|49/100|[from] item: Leftovers
|upkeep
|turn|81
|
|t:|1667225733
|switch|p1a: Pincurchin|Pincurchin, F|94/100 tox
|-fieldstart|move: Electric Terrain|[from] ability: Electric Surge|[of] p1a: Pincurchin
|move|p2a: Umbreon|Wish|p2a: Umbreon
|
|-heal|p2a: Umbreon|56/100|[from] item: Leftovers
|-damage|p1a: Pincurchin|88/100 tox|[from] psn
|upkeep
|turn|82
|
|t:|1667225744
|move|p2a: Umbreon|Foul Play|p1a: Pincurchin
|-damage|p1a: Pincurchin|67/100 tox
|move|p1a: Pincurchin|Spikes|p2a: Umbreon
|-sidestart|p2: Marshmellow.OwO|Spikes
|
|-heal|p2a: Umbreon|100/100|[from] move: Wish|[wisher] Umbreon
|-damage|p1a: Pincurchin|56/100 tox|[from] psn
|upkeep
|turn|83
|
|t:|1667225768
|switch|p1a: Amoonguss|Amoonguss, F|100/100
|move|p2a: Umbreon|Wish|p2a: Umbreon
|
|upkeep
|turn|84
|
|t:|1667225775
|switch|p2a: Salamence|Salamence, F|85/100
|-ability|p2a: Salamence|Intimidate|boost
|-unboost|p1a: Amoonguss|atk|1
|move|p1a: Amoonguss|Seed Bomb|p2a: Salamence
|-resisted|p2a: Salamence
|-crit|p2a: Salamence
|-damage|p2a: Salamence|78/100
|
|-heal|p2a: Salamence|100/100|[from] move: Wish|[wisher] Umbreon
|upkeep
|turn|85
|
|t:|1667225782
|switch|p1a: Reuniclus|Reuniclus, F|77/100 brn
|move|p2a: Salamence|Air Slash|p1a: Reuniclus
|-damage|p1a: Reuniclus|52/100 brn
|
|upkeep
|turn|86
|
|t:|1667225804
|switch|p2a: Quagsire|Quagsire, F|56/100
|move|p1a: Reuniclus|Recover|p1a: Reuniclus
|-heal|p1a: Reuniclus|100/100 brn
|
|upkeep
|turn|87
|
|t:|1667225808
|switch|p1a: Amoonguss|Amoonguss, F|100/100
|move|p2a: Quagsire|Recover|p2a: Quagsire
|-heal|p2a: Quagsire|100/100
|
|upkeep
|turn|88
|
|t:|1667225818
|switch|p2a: Chansey|Chansey, F|100/100
|-damage|p2a: Chansey|88/100|[from] Spikes
|move|p1a: Amoonguss|Sludge Bomb|p2a: Chansey
|-damage|p2a: Chansey|79/100
|-status|p2a: Chansey|psn
|
|-damage|p2a: Chansey|67/100 psn|[from] psn
|-fieldend|move: Electric Terrain
|upkeep
|turn|89
|
|t:|1667225827
|-curestatus|p2a: Chansey|psn|[from] ability: Natural Cure
|switch|p2a: Tangrowth|Tangrowth, F|81/100
|-damage|p2a: Tangrowth|69/100|[from] Spikes
|switch|p1a: Reuniclus|Reuniclus, F|100/100 brn
|
|upkeep
|turn|90
|
|t:|1667225850
|switch|p2a: Salamence|Salamence, F|100/100
|-ability|p2a: Salamence|Intimidate|boost
|-unboost|p1a: Reuniclus|atk|1
|switch|p1a: Amoonguss|Amoonguss, F|100/100
|
|upkeep
|turn|91
|
|t:|1667225854
|move|p2a: Salamence|Air Slash|p1a: Amoonguss
|-supereffective|p1a: Amoonguss
|-crit|p1a: Amoonguss
|-damage|p1a: Amoonguss|27/100
|move|p1a: Amoonguss|Sludge Bomb|p2a: Salamence
|-damage|p2a: Salamence|73/100
|
|upkeep
|turn|92
|
|t:|1667225862
|switch|p1a: Pincurchin|Pincurchin, F|56/100 tox
|-fieldstart|move: Electric Terrain|[from] ability: Electric Surge|[of] p1a: Pincurchin
|move|p2a: Salamence|Defog|p1a: Pincurchin
|-unboost|p1a: Pincurchin|evasion|1
|-sideend|p2: Marshmellow.OwO|Spikes|[from] move: Defog|[of] p2a: Salamence
|-fieldend|move: Electric Terrain
|
|-damage|p1a: Pincurchin|49/100 tox|[from] psn
|upkeep
|turn|93
|
|t:|1667225867
|move|p2a: Salamence|Air Slash|p1a: Pincurchin
|-resisted|p1a: Pincurchin
|-damage|p1a: Pincurchin|32/100 tox
|cant|p1a: Pincurchin|flinch
|
|-damage|p1a: Pincurchin|20/100 tox|[from] psn
|upkeep
|turn|94
|
|t:|1667225875
|switch|p1a: Reuniclus|Reuniclus, F|100/100 brn
|move|p2a: Salamence|Flamethrower|p1a: Reuniclus
|-damage|p1a: Reuniclus|78/100 brn
|
|upkeep
|turn|95
|
|t:|1667225881
|move|p2a: Salamence|Air Slash|p1a: Reuniclus
|-crit|p1a: Reuniclus
|-damage|p1a: Reuniclus|39/100 brn
|move|p1a: Reuniclus|Calm Mind|p1a: Reuniclus
|-boost|p1a: Reuniclus|spa|1
|-boost|p1a: Reuniclus|spd|1
|
|upkeep
|turn|96
|
|t:|1667225886
|move|p2a: Salamence|Air Slash|p1a: Reuniclus
|-damage|p1a: Reuniclus|22/100 brn
|move|p1a: Reuniclus|Recover|p1a: Reuniclus
|-heal|p1a: Reuniclus|72/100 brn
|
|upkeep
|turn|97
|
|t:|1667225893
|switch|p2a: Quagsire|Quagsire, F|100/100
|move|p1a: Reuniclus|Recover|p1a: Reuniclus
|-heal|p1a: Reuniclus|100/100 brn
|
|upkeep
|turn|98
|
|t:|1667225897
|switch|p1a: Amoonguss|Amoonguss, F|60/100
|move|p2a: Quagsire|Scald|p1a: Amoonguss
|-resisted|p1a: Amoonguss
|-damage|p1a: Amoonguss|53/100
|
|upkeep
|turn|99
|
|t:|1667225909
|switch|p2a: Chansey|Chansey, F|67/100
|switch|p1a: Pincurchin|Pincurchin, F|20/100 tox
|-fieldstart|move: Electric Terrain|[from] ability: Electric Surge|[of] p1a: Pincurchin
|
|-damage|p1a: Pincurchin|14/100 tox|[from] psn
|upkeep
|turn|100
|
|t:|1667225921
|switch|p1a: Reuniclus|Reuniclus, F|100/100 brn
|move|p2a: Chansey|Seismic Toss|p1a: Reuniclus
|-damage|p1a: Reuniclus|77/100 brn
|
|upkeep
|turn|101
|
|t:|1667225926
|move|p2a: Chansey|Stealth Rock|p1a: Reuniclus
|-sidestart|p1: Fathiryxi|move: Stealth Rock
|move|p1a: Reuniclus|Calm Mind|p1a: Reuniclus
|-boost|p1a: Reuniclus|spa|1
|-boost|p1a: Reuniclus|spd|1
|
|upkeep
|turn|102
|
|t:|1667225950
|switch|p2a: Quagsire|Quagsire, F|100/100
|move|p1a: Reuniclus|Stored Power|p2a: Quagsire
|-damage|p2a: Quagsire|70/100
|
|upkeep
|turn|103
|
|t:|1667225955
|move|p2a: Quagsire|Haze|p2a: Quagsire
|-clearallboost
|move|p1a: Reuniclus|Calm Mind|p1a: Reuniclus
|-boost|p1a: Reuniclus|spa|1
|-boost|p1a: Reuniclus|spd|1
|
|upkeep
|turn|104
|
|t:|1667225959
|move|p2a: Quagsire|Haze|p2a: Quagsire
|-clearallboost
|move|p1a: Reuniclus|Stored Power|p2a: Quagsire
|-damage|p2a: Quagsire|59/100
|
|upkeep
|turn|105
|
|t:|1667225965
|switch|p1a: Amoonguss|Amoonguss, F|86/100
|-damage|p1a: Amoonguss|73/100|[from] Stealth Rock
|move|p2a: Quagsire|Recover|p2a: Quagsire
|-heal|p2a: Quagsire|100/100
|
|upkeep
|turn|106
|
|t:|1667225982
|switch|p2a: Chansey|Chansey, F|67/100
|move|p1a: Amoonguss|Sludge Bomb|p2a: Chansey
|-damage|p2a: Chansey|59/100
|
|-fieldend|move: Electric Terrain
|upkeep
|turn|107
|c|☆Fathiryxi|kek
|inactive|Fathiryxi has 120 seconds left.
|c|☆Fathiryxi|it's time to play spe on reuni for destroys quag
|-message|Fathiryxi forfeited.
|
|win|Marshmellow.OwO
|raw|Fathiryxi's rating: 1595 &rarr; <strong>1563</strong><br />(-32 for losing)
|raw|Marshmellow.OwO's rating: 1351 &rarr; <strong>1383</strong><br />(+32 for winning)
|l|☆Fathiryxi
||Ladder isn't responding, score probably updated but might not have (Request timeout).
|l| amogusroxyrrrr
