|j|☆Permission Slip
|j|☆rulky
|t:|1667862280
|gametype|singles
|player|p1|Permission Slip|morty-masters2|1465
|player|p2|rulky|maid|1618
|teamsize|p1|6
|teamsize|p2|6
|gen|8
|tier|[Gen 8] UU
|rated|
|rule|Sleep Clause Mod: Limit one foe put to sleep
|rule|Species Clause: Limit one of each Pokémon
|rule|OHKO Clause: OHKO moves are banned
|rule|Evasion Items Clause: Evasion items are banned
|rule|Evasion Moves Clause: Evasion moves are banned
|rule|Endless Battle Clause: Forcing endless battles is banned
|rule|HP Percentage Mod: HP is shown in percentages
|rule|Dynamax Clause: You cannot dynamax
|clearpoke
|poke|p1|Crawdaunt, F|
|poke|p1|Keldeo-Resolute|
|poke|p1|Rhyperior, F|
|poke|p1|Raikou|
|poke|p1|Scizor, F|
|poke|p1|Salamence, F|
|poke|p2|Mamoswine, M|
|poke|p2|Zarude-Dada|
|poke|p2|Slowking, M|
|poke|p2|Nihilego|
|poke|p2|Salamence, F|
|poke|p2|Cobalion|
|teampreview
|c|☆Permission Slip|hf
|
|t:|1667862297
|start
|switch|p1a: Raikou|Raikou|100/100
|switch|p2a: Zarude|Zarude-Dada|100/100
|turn|1
|
|t:|1667862310
|switch|p1a: Salamence|Salamence, F|100/100
|-ability|p1a: Salamence|Intimidate|boost
|-unboost|p2a: Zarude|atk|1
|move|p2a: Zarude|U-turn|p1a: Salamence
|-resisted|p1a: Salamence
|-damage|p1a: Salamence|92/100
|
|t:|1667862313
|switch|p2a: Mamoswine|Mamoswine, M|100/100|[from]move: U-turn
|
|upkeep
|turn|2
|
|t:|1667862320
|move|p1a: Salamence|Hurricane|p2a: Mamoswine
|-damage|p2a: Mamoswine|22/100
|-start|p2a: Mamoswine|confusion
|-activate|p2a: Mamoswine|confusion
|-damage|p2a: Mamoswine|4/100|[from] confusion
|
|upkeep
|turn|3
|
|t:|1667862326
|switch|p1a: Scizor|Scizor, F|100/100
|switch|p2a: Slowking|Slowking, M|100/100
|
|upkeep
|turn|4
|
|t:|1667862330
|switch|p2a: Cobalion|Cobalion|100/100
|move|p1a: Scizor|U-turn|p2a: Cobalion
|-resisted|p2a: Cobalion
|-damage|p2a: Cobalion|87/100
|-damage|p1a: Scizor|84/100|[from] item: Rocky Helmet|[of] p2a: Cobalion
|c|☆rulky|Had to happen
|
|t:|1667862335
|switch|p1a: Keldeo|Keldeo-Resolute|100/100|[from]move: U-turn
|
|upkeep
|turn|5
|
|t:|1667862346
|switch|p2a: Slowking|Slowking, M|100/100
|move|p1a: Keldeo|Secret Sword|p2a: Slowking
|-resisted|p2a: Slowking
|-damage|p2a: Slowking|76/100
|
|upkeep
|turn|6
|
|t:|1667862349
|switch|p1a: Raikou|Raikou|100/100
|switch|p2a: Cobalion|Cobalion|87/100
|
|upkeep
|turn|7
|
|t:|1667862352
|move|p1a: Raikou|Aura Sphere|p2a: Cobalion
|-supereffective|p2a: Cobalion
|-damage|p2a: Cobalion|18/100
|move|p2a: Cobalion|Stealth Rock|p1a: Raikou
|-sidestart|p1: Permission Slip|move: Stealth Rock
|
|upkeep
|turn|8
|
|t:|1667862358
|switch|p2a: Slowking|Slowking, M|100/100
|move|p1a: Raikou|Volt Switch|p2a: Slowking
|-supereffective|p2a: Slowking
|-damage|p2a: Slowking|43/100
|
|t:|1667862362
|switch|p1a: Crawdaunt|Crawdaunt, F|100/100|[from]move: Volt Switch
|-damage|p1a: Crawdaunt|88/100|[from] Stealth Rock
|
|upkeep
|turn|9
|
|t:|1667862364
|switch|p2a: Salamence|Salamence, F|100/100
|-ability|p2a: Salamence|Intimidate|boost
|-unboost|p1a: Crawdaunt|atk|1
|move|p1a: Crawdaunt|Lash Out|p2a: Salamence
|-damage|p2a: Salamence|0 fnt
|faint|p2a: Salamence
|
|upkeep
|
|t:|1667862369
|switch|p2a: Mamoswine|Mamoswine, M|4/100
|turn|10
|
|t:|1667862381
|switch|p1a: Salamence|Salamence, F|92/100
|-ability|p1a: Salamence|Intimidate|boost
|-unboost|p2a: Mamoswine|atk|1
|move|p2a: Mamoswine|Earthquake|p1a: Salamence
|-immune|p1a: Salamence
|
|upkeep
|turn|11
|
|t:|1667862385
|switch|p1a: Scizor|Scizor, F|84/100
|-damage|p1a: Scizor|72/100|[from] Stealth Rock
|switch|p2a: Nihilego|Nihilego|100/100
|
|upkeep
|turn|12
|
|t:|1667862392
|switch|p2a: Cobalion|Cobalion|18/100
|move|p1a: Scizor|Bullet Punch|p2a: Cobalion
|-resisted|p2a: Cobalion
|-damage|p2a: Cobalion|0 fnt
|-damage|p1a: Scizor|55/100|[from] item: Rocky Helmet|[of] p2a: Cobalion
|faint|p2a: Cobalion
|
|upkeep
|
|t:|1667862395
|switch|p2a: Slowking|Slowking, M|76/100
|turn|13
|
|t:|1667862399
|switch|p1a: Raikou|Raikou|100/100
|move|p2a: Slowking|Teleport|p2a: Slowking
|
|t:|1667862403
|switch|p2a: Nihilego|Nihilego|100/100|[from]move: Teleport
|
|upkeep
|turn|14
|
|t:|1667862406
|move|p1a: Raikou|Volt Switch|p2a: Nihilego
|-damage|p2a: Nihilego|74/100
|
|t:|1667862409
|switch|p1a: Rhyperior|Rhyperior, F|100/100|[from]move: Volt Switch
|-damage|p1a: Rhyperior|94/100|[from] Stealth Rock
|move|p2a: Nihilego|Meteor Beam||[still]
|-prepare|p2a: Nihilego|Meteor Beam
|-boost|p2a: Nihilego|spa|1
|-enditem|p2a: Nihilego|Power Herb
|-anim|p2a: Nihilego|Meteor Beam|p1a: Rhyperior|[miss]
|-miss|p2a: Nihilego|p1a: Rhyperior
|
|-heal|p1a: Rhyperior|100/100|[from] item: Leftovers
|upkeep
|turn|15
|
|t:|1667862414
|move|p2a: Nihilego|Grass Knot|p1a: Rhyperior
|-supereffective|p1a: Rhyperior
|-damage|p1a: Rhyperior|0 fnt
|faint|p1a: Rhyperior
|-ability|p2a: Nihilego|Beast Boost|boost
|-boost|p2a: Nihilego|spe|1
|
|upkeep
|
|t:|1667862416
|switch|p1a: Scizor|Scizor, F|55/100
|-damage|p1a: Scizor|43/100|[from] Stealth Rock
|turn|16
|
|t:|1667862419
|switch|p2a: Slowking|Slowking, M|100/100
|move|p1a: Scizor|Bullet Punch|p2a: Slowking
|-resisted|p2a: Slowking
|-damage|p2a: Slowking|81/100
|
|upkeep
|turn|17
|
|t:|1667862430
|switch|p1a: Raikou|Raikou|100/100
|move|p2a: Slowking|Scald|p1a: Raikou
|-damage|p1a: Raikou|73/100
|-status|p1a: Raikou|brn
|
|-damage|p1a: Raikou|67/100 brn|[from] brn
|upkeep
|turn|18
|
|t:|1667862439
|move|p1a: Raikou|Aura Sphere|p2a: Slowking
|-resisted|p2a: Slowking
|-damage|p2a: Slowking|71/100
|move|p2a: Slowking|Teleport|p2a: Slowking
|
|t:|1667862441
|switch|p2a: Zarude|Zarude-Dada|100/100|[from]move: Teleport
|
|-damage|p1a: Raikou|61/100 brn|[from] brn
|upkeep
|turn|19
|
|t:|1667862444
|switch|p1a: Salamence|Salamence, F|92/100
|-ability|p1a: Salamence|Intimidate|boost
|-unboost|p2a: Zarude|atk|1
|move|p2a: Zarude|U-turn|p1a: Salamence
|-resisted|p1a: Salamence
|-damage|p1a: Salamence|82/100
|
|t:|1667862448
|switch|p2a: Nihilego|Nihilego|74/100|[from]move: U-turn
|
|upkeep
|turn|20
|
|t:|1667862452
|move|p2a: Nihilego|Thunderbolt|p1a: Salamence
|-damage|p1a: Salamence|45/100
|move|p1a: Salamence|Defog|p2a: Nihilego
|-unboost|p2a: Nihilego|evasion|1
|-sideend|p1: Permission Slip|Stealth Rock|[from] move: Defog|[of] p1a: Salamence
|
|upkeep
|turn|21
|
|t:|1667862458
|move|p2a: Nihilego|Thunderbolt|p1a: Salamence
|-damage|p1a: Salamence|9/100
|move|p1a: Salamence|Roost|p1a: Salamence
|-heal|p1a: Salamence|59/100
|-singleturn|p1a: Salamence|move: Roost
|
|upkeep
|turn|22
|
|t:|1667862463
|move|p2a: Nihilego|Thunderbolt|p1a: Salamence
|-damage|p1a: Salamence|23/100
|move|p1a: Salamence|Roost|p1a: Salamence
|-heal|p1a: Salamence|73/100
|-singleturn|p1a: Salamence|move: Roost
|
|upkeep
|turn|23
|
|t:|1667862466
|move|p2a: Nihilego|Sludge Wave|p1a: Salamence
|-damage|p1a: Salamence|13/100
|move|p1a: Salamence|Roost|p1a: Salamence
|-heal|p1a: Salamence|63/100
|-singleturn|p1a: Salamence|move: Roost
|
|upkeep
|turn|24
|
|t:|1667862471
|switch|p1a: Scizor|Scizor, F|43/100
|move|p2a: Nihilego|Thunderbolt|p1a: Scizor
|-damage|p1a: Scizor|0 fnt
|faint|p1a: Scizor
|-ability|p2a: Nihilego|Beast Boost|boost
|-boost|p2a: Nihilego|spe|1
|
|upkeep
|
|t:|1667862479
|switch|p1a: Crawdaunt|Crawdaunt, F|88/100
|turn|25
|
|t:|1667862488
|switch|p2a: Zarude|Zarude-Dada|100/100
|move|p1a: Crawdaunt|Aqua Jet|p2a: Zarude
|-resisted|p2a: Zarude
|-damage|p2a: Zarude|80/100
|
|upkeep
|turn|26
|
|t:|1667862497
|switch|p1a: Raikou|Raikou|61/100 brn
|move|p2a: Zarude|U-turn|p1a: Raikou
|-damage|p1a: Raikou|29/100 brn
|
|t:|1667862504
|switch|p2a: Nihilego|Nihilego|74/100|[from]move: U-turn
|
|-damage|p1a: Raikou|23/100 brn|[from] brn
|upkeep
|turn|27
|
|t:|1667862507
|move|p1a: Raikou|Extrasensory|p2a: Nihilego
|-supereffective|p2a: Nihilego
|-damage|p2a: Nihilego|34/100
|move|p2a: Nihilego|Sludge Wave|p1a: Raikou
|-damage|p1a: Raikou|0 fnt
|faint|p1a: Raikou
|-ability|p2a: Nihilego|Beast Boost|boost
|-boost|p2a: Nihilego|spe|1
|
|upkeep
|
|t:|1667862513
|switch|p1a: Keldeo|Keldeo-Resolute|100/100
|turn|28
|
|t:|1667862520
|switch|p2a: Slowking|Slowking, M|100/100
|move|p1a: Keldeo|Secret Sword|p2a: Slowking
|-resisted|p2a: Slowking
|-damage|p2a: Slowking|76/100
|
|upkeep
|turn|29
|
|t:|1667862525
|move|p1a: Keldeo|Secret Sword|p2a: Slowking
|-resisted|p2a: Slowking
|-damage|p2a: Slowking|53/100
|move|p2a: Slowking|Teleport|p2a: Slowking
|
|t:|1667862528
|switch|p2a: Zarude|Zarude-Dada|80/100|[from]move: Teleport
|
|upkeep
|turn|30
|
|t:|1667862531
|switch|p1a: Salamence|Salamence, F|63/100
|-ability|p1a: Salamence|Intimidate|boost
|-unboost|p2a: Zarude|atk|1
|move|p2a: Zarude|U-turn|p1a: Salamence
|-resisted|p1a: Salamence
|-damage|p1a: Salamence|53/100
|
|t:|1667862534
|switch|p2a: Nihilego|Nihilego|34/100|[from]move: U-turn
|
|upkeep
|turn|31
|
|t:|1667862540
|move|p2a: Nihilego|Sludge Wave|p1a: Salamence
|-damage|p1a: Salamence|0 fnt
|faint|p1a: Salamence
|-ability|p2a: Nihilego|Beast Boost|boost
|-boost|p2a: Nihilego|spe|1
|
|upkeep
|
|t:|1667862544
|switch|p1a: Keldeo|Keldeo-Resolute|100/100
|turn|32
|
|t:|1667862552
|move|p2a: Nihilego|Thunderbolt|p1a: Keldeo
|-supereffective|p1a: Keldeo
|-damage|p1a: Keldeo|37/100
|move|p1a: Keldeo|Secret Sword|p2a: Nihilego
|-damage|p2a: Nihilego|0 fnt
|faint|p2a: Nihilego
|
|upkeep
|
|t:|1667862558
|switch|p2a: Slowking|Slowking, M|86/100
|turn|33
|
|t:|1667862560
|switch|p1a: Crawdaunt|Crawdaunt, F|88/100
|move|p2a: Slowking|Scald|p1a: Crawdaunt
|-resisted|p1a: Crawdaunt
|-damage|p1a: Crawdaunt|60/100
|
|upkeep
|turn|34
|
|t:|1667862564
|switch|p2a: Mamoswine|Mamoswine, M|4/100
|move|p1a: Crawdaunt|Knock Off|p2a: Mamoswine
|-damage|p2a: Mamoswine|0 fnt
|-enditem|p2a: Mamoswine|Choice Band|[from] move: Knock Off|[of] p1a: Crawdaunt
|faint|p2a: Mamoswine
|
|upkeep
|
|t:|1667862566
|switch|p2a: Zarude|Zarude-Dada|80/100
|turn|35
|
|t:|1667862568
|move|p2a: Zarude|Close Combat|p1a: Crawdaunt
|-supereffective|p1a: Crawdaunt
|-damage|p1a: Crawdaunt|0 fnt
|-unboost|p2a: Zarude|def|1
|-unboost|p2a: Zarude|spd|1
|faint|p1a: Crawdaunt
|
|upkeep
|
|t:|1667862570
|switch|p1a: Keldeo|Keldeo-Resolute|37/100
|turn|36
|
|t:|1667862578
|move|p2a: Zarude|Close Combat|p1a: Keldeo
|-damage|p1a: Keldeo|0 fnt
|-unboost|p2a: Zarude|def|1
|-unboost|p2a: Zarude|spd|1
|faint|p1a: Keldeo
|
|win|rulky
|raw|Permission Slip's rating: 1465 &rarr; <strong>1453</strong><br />(-12 for losing)
|raw|rulky's rating: 1618 &rarr; <strong>1630</strong><br />(+12 for winning)
|c|☆Permission Slip|gg
